4026 6472
506 390 602 450 1⁸16
1332 408 1337 413 τ
1948 382 2316 445 APPENDIX.

489 504 800 567 Garbiensis
815 546 833 575 ,
859 502 1014 563 Felix
1035 514 1066 558 a
1085 500 1329 569 notario,
1358 508 1417 575 et
1446 499 1627 575 Nabor
1648 513 1681 558 a
1717 499 2071 575 Centurionj.

490 577 557 636 Ili
584 572 831 635 dixerunt
881 577 1040 631 talem
1090 589 1308 630 causam
1357 574 1469 629 Deo
1510 572 1710 630 debere
1754 574 1973 629 servari.
2005 573 2076 629 Et

490 649 626 706 dixit
672 647 968 715 Secundus,
999 646 1184 702 Sedete
1227 662 1399 702 omnes
1429 662 1451 701 :
1479 652 1607 702 tunc
1645 643 1846 700 dictum
1883 653 1979 715 est,
2005 645 2075 701 ab

488 721 758 786 omnibus,
786 718 896 790 Deo
913 718 1124 790 gratias.
1154 716 1224 774 Et
1240 716 1517 790 sederunt.
1547 715 1731 790 Habes
1749 730 1918 790 ergo,
1960 714 2071 790 f_ra-

494 802 577 848 ter
605 786 976 856 Parmeniane,
1006 789 1095 860 qui
1118 786 1623 860 manifestofuerint
1650 786 1953 860 traditores.
1972 786 2075 860 De-

490 862 617 919 inde
641 877 747 916 non
784 869 906 931 post
933 857 1147 931 longum
1176 868 1382 931 tempus
1411 858 1572 931 iidem
1599 858 1721 931 ipsi,
1752 866 1830 931 tot
1852 866 1917 931 et_
1936 857 2070 931 tales

489 933 557 989 ad
578 928 951 1003 Carthaginem
979 928 1200 1003 proiceti
1225 928 1507 1003 traditores
1534 929 1875 1003 thurilicati‘,
1903 928 2075 985 homi-

488 1003 643 1065 cidae,
674 1000 1009 1073 Majorinum,
1035 1001 1186 1073 cujus
1203 1010 1269 1073 tu
1298 1000 1605 1057 cathedram
1636 1000 1821 1073 sedes,
1844 1009 1966 1073 post
1986 1015 2075 1055 or-

488 1070 815 1130 dinationem
834 1070 1109 1129 Caeciliani
1122 1071 1519 1135 ordinaverunt,
1538 1072 1768 1128 schisma
1798 1070 2069 1126 facientes.

488 1144 557 1201 Et
579 1145 830 1213 quoniam
849 1143 1146 1199 traditionis
1188 1158 1309 1197 reos
1350 1143 1616 1213 principes
1663 1151 1872 1213 vestros
1910 1140 2074 1213 fuisse

489 1211 843 1272 monstratum
886 1223 999 1281 est,
1038 1211 1370 1285 consequens
1404 1211 1819 1269 erit‘ostendere
1854 1211 2072 1285 eosdem

488 1286 653 1342 fuisse
678 1296 734 1343 et
771 1293 1019 1343 auctores
1061 1282 1384 1339 schisutatis.
1413 1284 1542 1353 Quae
1595 1300 1683 1340 res
1726 1293 1784 1338 ut
1825 1282 1973 1338 clara
2020 1291 2076 1338 et

489 1356 771 1413 manifesta
812 1372 930 1412 esse
971 1357 1218 1423 omnibus
1259 1355 1446 1425 possit,
1475 1354 1862 1412 ostendendum
1892 1362 1976 1409 est
2001 1369 2070 1409 ex

534 1445 598 1485 ua
620 1428 798 1484 radice
820 1442 939 1484 sese
959 1442 1129 1497 usque
1170 1427 1223 1480 in
1272 1425 1582 1481 hodiernum
1610 1425 1810 1481 erroris
1859 1434 2075 1497 proten-

529 1503 669 1555 erint
694 1500 848 1564 rami,
888 1507 945 1554 et
990 1496 1056 1553 ex
1105 1512 1212 1567 quo
1238 1497 1380 1552 fonte
1410 1498 1610 1552 rivulus
1641 1498 1739 1552 iste
1769 1496 1984 1565 maligni
2010 1496 2076 1551 li-

490 1572 673 1641 quoris
698 1570 902 1641 occulte
922 1582 1143 1639 serpens
1165 1582 1331 1641 usque
1357 1568 1409 1622 in
1436 1576 1674 1641 tempora
1698 1578 1876 1641 nostra
1894 1582 2076 1621 mana-

492 1637 649 1697 verit.
687 1640 974 1696 Dicendum
1004 1637 1106 1706 est,
1135 1637 1294 1704 unde,
1322 1648 1377 1694 et
1402 1640 1513 1705 ubi,
1541 1648 1596 1693 et
1618 1654 1646 1692 a
1675 1638 1867 1709 quibus
1892 1648 2070 1691 ortum

489 1720 702 1769 constet
727 1711 828 1767 hoc
848 1712 1073 1766 alterum
1102 1710 1297 1765 malmu
1318 1726 1333 1773 ;
1358 1725 1477 1780 quae
1505 1710 1851 1765 convenerint
1874 1722 2070 1773 causae,

491 1799 613 1853 quae
668 1782 865 1838 fuerint
900 1788 1132 1852 operata:
1170 1797 1443 1853 pet-suum,
1489 1781 1578 1853 qui
1630 1791 1874 1835 auctores
1900 1780 2075 1853 hujus

490 1849 639 1934 mali,
664 1855 755 1925 qui
780 1849 1071 1934 nutritores
1089 1868 1105 1918 ;
1131 1849 1515 1934 aquibussiut
1530 1851 1667 1934 inter
1686 1861 1862 1934 partes
1881 1849 1949 1905 de
1972 1851 2076 1934 Im:

491 1921 739 1995 peratore
770 1923 1028 1995 postulata
1052 1921 1271 1993 jttdicia,
1304 1922 1393 1995 qui
1424 1922 1663 1995 sederint
1705 1921 1934 1995 judices,
1985 1921 2073 1995 ubi

492 1991 563 2051 in
588 1991 1101 2057 actttm'concilimu,
1148 2009 1265 2062 quzu
1301 1994 1406 2047 sint
1434 1994 1650 2062 prolata:
1676 1993 1971 2048 scuteutim.
1999 1991 2075 2050 De

491 2066 750 2122 divisione
778 2066 951 2137 agitur
976 2082 988 2118 :
1013 2074 1066 2137 et
1096 2065 1147 2137 in
1167 2064 1369 2137 Africa,
1388 2065 1527 2118 sicut
1552 2073 1605 2117 et
1632 2063 1687 2137 in
1715 2063 1923 2137 ett-teris
1950 2080 2077 2137 pro.

493 2138 703 2209 vineiis,
727 2133 835 2209 una
854 2145 970 2209 erat
1005 2134 1290 2209 _Ecclesia,_
1311 2143 1594 2209 antequam
1638 2133 2076 2209 divideretur‘ab

493 2206 1180 2278 ordinatoribusibiajorini,
1207 2204 1361 2278 cujus
1383 2204 1862 2263 tu'lnereditariani
1893 2207 2075 2262 cathe-

495 2278 647 2334 dram
697 2277 873 2334 sedes.
898 2275 1196 2335 Videndum
1224 2275 1307 2334 est
1340 2280 1458 2348 quis
1510 2278 1561 2332 in
1603 2277 1780 2333 radice
1799 2293 1919 2334 cum
1963 2286 2076 2333 toto

495 2349 630 2421 orbe
655 2351 932 2416 manserit,
962 2350 1080 2421 quis
1105 2349 1244 2405 foras
1267 2348 1477 2415 exierit,
1507 2349 1627 2421 quis
1654 2349 1961 2421 cathedram
1991 2365 2076 2404 se-

491 2419 630 2478 derit
654 2422 897 2485 alteram,
926 2419 1044 2491 quae
1067 2431 1193 2477 ante
1217 2436 1335 2491 non
1354 2419 1555 2485 Inerat;
1601 2420 1720 2491 quis
1747 2421 1917 2474 altare
1945 2434 2075 2475 cou-

492 2501 578 2549 tra
601 2494 770 2549 altare
806 2488 1060 2557 erexerit,
1090 2492 1211 2562 quis
1243 2488 1634 2546 ordinationem
1684 2488 1883 2562 fecerit
1928 2491 2076 2545 salvo

491 2563 662 2620 altero
714 2563 988 2629 ordinato;
1034 2561 1152 2633 quis
1196 2561 1368 2632 jaceat
1399 2565 1499 2633 sub
1545 2561 1807 2618 sententia
1855 2561 2076 2616 Joannis

492 2634 743 2704 apostoli,
771 2635 858 2705 qui
886 2634 1019 2689 dixit
1048 2632 1239 2705 multos
1267 2632 1609 2705 antichristos
1640 2633 1782 2688 foras
1803 2633 2072 2705 exituros:

497 2705 633 2774 Quia
652 2722 752 2760 non
776 2704 937 2768 erant,
979 2704 1387 2775 inqttit,rnostri;
1438 2721 1557 2757 nam
1598 2705 1643 2775 si
1683 2714 1845 2758 essent
1892 2704 2071 2769 nostri,

492 2773 793 2832 mansissent
821 2773 1078 2847 nobiseum
1100 2774 1141 2846 (Ι
1163 2774 1319 2847 Joan.
1352 2789 1409 2847 tt,
1442 2773 1664 2847 18,7l9).
1701 2775 1840 2847 Ergo
1884 2775 1975 2845 qui
2022 2775 2076 2830 in

494 2863 601 2903 una
632 2863 851 2904 manere
869 2845 988 2903 cuni
1020 2846 1269 2901 fratribus
1309 2846 1494 2909 uoluit,
1537 2845 1816 2901 hmrcticos
1840 2855 2073 2912 secutus,

492 2918 647 2990 quasi
664 2918 1009 2990 antichristus
1029 2918 1171 2990 foras
1197 2916 1514 2990 exivit._lloc
1542 2916 1680 2987 apud
1697 2917 2075 2986 Carthaginem

492 2988 618 3061 post
643 2988 1033 3061 ordinationem
1064 2988 1572 3061 Cof-cilianiufactum
1613 3003 1755 3061 esse,
1803 3002 1959 3043 nemo
1987 2997 2071 3061 est

493 3058 587 3132 qut
609 3060 811 3117 nesciat
826 3077 853 3132 Δτ
879 3075 973 3129 per
1001 3059 1254 3114 Lucillam
1283 3058 1506 3126 scilicet,
1552 3058 1734 3113 nescio
1764 3074 1942 3132 quam,
1995 3058 2076 3132 fe-

495 3129 1013 3211 minam_factiosani,
1046 3145 1164 3211 qtae
1193 3139 1316 3211 ante
1342 3144 1655 3211 concussam
1688 3129 2070 3211 persecutionis

494 3202 794 3258 turbinibus
824 3216 1032 3271 pacem,
1056 3199 1182 3255 dum
1210 3199 1382 3257 adhuc
1404 3201 1454 3255 in
1495 3199 1777 3270 tranquillo
1805 3209 1946 3255 esset
1977 3200 2077 3254 Ec-

494 3274 680 3330 clesia.
753 3288 874 3329 cunt
931 3272 1321 3330 correptioncm
1376 3270 1743 3328 archidiaconi
1806 3269 2076 3325 Cmciiiani

494 3287 680 3340 etesia,

494 3342 640 3401 ferre
670 3359 775 3399 non
813 3352 1012 3414 posset,
1048 3358 1163 3413 qua:
1186 3351 1308 3398 ante
1343 3341 1670 3413 spiritualem
1699 3341 1877 3397 cibum
1900 3351 1954 3414 et
1982 3356 2077 3414 po-

494 3425 631 3479 tum,
660 3430 722 3469 os
747 3412 928 3469 nescio
948 3412 1099 3483 cujus
1124 3412 1390 3484 martyris,
1424 3414 1468 3467 si
1515 3424 1687 3467 tamen
1717 3413 1987 3484 martyris,
2012 3412 2074 3467 li-

494 3485 624 3541 bare
649 3486 955 3546 dicebatur;
984 3495 1035 3538 et
1060 3499 1179 3539 cum
1220 3493 1554 3555 pracponeret
1582 3484 1734 3539 calici
1766 3484 1984 3555 salutari
2014 3499 2075 3539 os

495 3557 679 3612 nescio
697 3556 848 3625 cujus
872 3555 1100 3609 hominis
1129 3554 1343 3621 mortui,
1373 3556 1471 3609 etsi
1501 3556 1768 3626 martyris,
1814 3554 1907 3626 sed
1943 3569 2073 3608 uec-

494 3628 620 3683 tltuu
651 3626 926 3692 vindicati,
981 3636 1244 3695 correpta,
1298 3641 1418 3679 enm
1476 3625 1784 3680 confnSioue
1829 3625 2077 3680 discessit

496 3698 649 3753 irata.
680 3698 927 3753 Il'asCt‘llli
948 3709 999 3752 et
1016 3697 1233 3760 dolenti,
1266 3712 1332 3751 ne
1358 3696 1651 3766 disciplina:
1679 3697 2069 3761 succumberet,

494 3773 755 3825 succurrit
784 3770 959 3822 subito
983 3768 1368 3837 persecutionis
1408 3767 1585 3822 innata
1629 3777 1935 3837 tempestas.
1978 3766 2076 3821 lis-

496 3841 616 3894 dcm
647 3840 975 3909 temporibus
1000 3837 1373 3908 Felixquidam
1419 3839 1694 3909 diaconus,
1733 3840 1819 3907 qui
1858 3847 2075 3907 propter

495 3908 964 3966 famosamrnescio
992 3925 1148 3980 quam
1198 3909 1266 3981 de
1309 3919 1537 3981 tyranno
1582 3908 1907 3981 Imperatore
1950 3918 2076 3963 tunc

494 3982 686 4038 lactant
714 3979 1021 4051 epistolam,
1056 3979 1351 4050 appellatus
1374 3990 1463 4051 est
1487 4022 1500 4044 ,
1534 3979 1829 4049 periculqu
1881 3981 2076 4035 timens

494 4055 634 4122 apud
660 4050 979 4108 Mensurium
1008 4052 1313 4120 episcopum
1352 4050 1623 4105 delituisse
1643 4051 1855 4105 dicitur.
1903 4052 2075 4122 Quem

492 4121 615 4181 cum
647 4123 1287 4196 juisutlatmuMensurius
1315 4121 2075 4196 publicedenegaretLrelatio

495 4192 660 4250 missa
679 4206 779 4250 est.
813 4194 1144 4264 llcscn'ptum
1169 4194 1328 4257 venit,
1357 4202 1413 4246 ut
1450 4193 1495 4247 si
1523 4193 1820 4248 Mensurius
1842 4192 2072 4248 Felicem

496 4268 775 4320 diaconum
818 4282 923 4320 non
955 4263 1292 4329 reddidisSet,
1338 4263 1402 4318 ad
1437 4265 1683 4330 palatium
1735 4265 2071 4335 dirigerctur.

496 4338 800 4391 (Innvculus
867 4351 972 4390 non
1018 4337 1162 4390 leves
1238 4336 1534 4406 patiebatur
1580 4334 1867 4405 angustias.
1912 4334 2077 4389 Erant

496 4407 638 4463 cuitu
668 4406 918 4477 Ecclesia;
944 4421 1006 4459 ex
1024 4421 1153 4459 auro
1171 4416 1223 4460 et
1252 4418 1470 4475 argento
1487 4406 1709 4477 plurima
1740 4416 2071 4472 ornamenta,

500 4494 621 4548 quia:
678 4492 774 4532 nec
821 4474 1275 4548 delodcrelerrm,
1322 4474 1419 4548 nec
1461 4474 1636 4548 si-cum
1669 4485 1876 4545 portare
1921 4487 2070 4548 pote-

498 4546 601 4603 rat.
655 4551 783 4613 Quu-
833 4548 981 4615 quasi
1024 4546 1267 4600 lidelibus
1309 4546 1609 4600 senioribus
1661 4546 2071 4614 commendavit,

498 4618 1000 4675 comincmoratorio
1042 4617 1201 4682 facto,
1257 4616 1397 4686 quod
1452 4617 1658 4671 cuidam
1710 4617 1933 4672 aniculae
1980 4617 2070 4672 de-

500 4689 644 4745 disse
685 4689 879 4744 dicitur
912 4707 926 4743 :
954 4690 1023 4743 ita
1078 4697 1133 4743 ιιι
1179 4688 1223 4742 si
1288 4688 1400 4758 ipse
1437 4704 1540 4743 non
1594 4688 1820 4753 rediret,
1868 4686 2073 4743 reddita

507 4775 640 4831 pace
683 4759 1019 4831 Christiams,
1074 4759 1283 4831 anicula
1338 4758 1422 4813 illa
1467 4759 1539 4813 illi
1595 4759 1862 4831 redderet,
1914 4774 2073 4831 quem

495 4829 551 4889 in
582 4830 866 4903 episcopali
897 4829 1149 4885 cathedra
1176 4830 1452 4885 sedentem
1490 4830 1773 4903 inveniret.
1798 4829 2075 4903 Profectus

499 4901 714 4959 caus.un
746 4901 915 4967 ‘diut,
956 4916 1136 4971 jtlSsltS
1158 4911 1252 4973 ρει
1311 4901 1523 4966 reverti,
1584 4903 1648 4955 ad
1702 4901 2074 4973 Carthaginem

497 4975 777 5046 pervenire
805 4974 1133 5046 ιιιιγηιιηιιιίι.Δ
1154 4972 1469 5046 Tempestas
1518 4972 1917 5046 persecutionis
1950 4988 2073 5046 per-

497 5043 614 5102 acta
645 5056 695 5102 ct
722 5045 940 5100 definita
965 5054 1048 5100 cst
1077 5061 1090 5098 :
1115 5043 1335 5114 jubcnte
1359 5044 1485 5106 llco,
1516 5044 1909 5113 indulgentiam
1945 5045 2071 5098 tuit-

502 5126 646 5173 tente
683 5115 947 5171 Maxentio
976 5116 1192 5171 libertas
1218 5114 1535 5170 Christianis
1559 5126 1639 5170 est
1667 5117 1930 5170 restituta.
1973 5116 2076 5169 Bo~

497 5196 614 5244 trns
642 5186 1011 5254 etCelcsius',
1044 5195 1102 5242 ut
1123 5185 1338 5251 dicitur,
1355 5186 1494 5256 apud
1527 5186 1900 5257 Carthaginem
1931 5186 2076 5257 ordi-

498 5259 616 5315 nari
670 5258 964 5328 cupientes,
1016 5272 1232 5327 cperam
1296 5257 1595 5322 dederunt,
1661 5256 2075 5314 ut’abseutibus

497 5329 739 5389 Numidis
773 5329 872 5384 soli
911 5328 1066 5400 vicini
1108 5328 1357 5400 episcopi
1410 5338 1736 5400 peterentur,
1784 5333 1873 5400 qui
1926 5328 2073 5400 ordi-

498 5401 771 5457 nationem
813 5399 952 5471 apud
975 5398 1349 5471 Carthaginem
1378 5399 1732 5456 celebrarent.
1784 5398 1934 5455 Tunc
1966 5398 2077 5455 suf-

557 5535 577 5596 ε
600 5535 938 5596 Germaueusis
957 5540 1075 5596 διεδ
1102 5533 1259 5588 Victor
1280 5531 1550 5593 salirensis,
1575 5531 1713 5583 Felix
1732 5546 1765 5585 a
1789 5533 1979 5585 ποίαν-ἕο
1992 5568 2009 5596 ,
2029 5539 2078 5585 et

492 5595 649 5649 Nalm
668 5611 700 5649 α
719 5594 1030 5649 centuriatis.

557 5661 579 5691 ²
611 5667 665 5731 tn_
684 5660 844 5731 editis,
859 5656 1123 5731 Διςοορὶμρίιιί.
1146 5658 1312 5731 Aptius
1332 5672 1383 5710 tn
1402 5658 1712 5731 cernwnensi
1734 5656 2078 5731 us.._thurnti;

494 5732 606 5780 seu,
628 5719 889 5783 thurilicati
934 5720 1055 5772 \ide
1088 5719 1230 5783 paulo
1260 5734 1434 5786 supra,
1457 5723 1539 5771 lib.
1575 5729 1741 5773 contra
1773 5719 2077 5785 fulgentium

494 5783 801 5834 Donatistam.
818 5794 923 5834 can.
940 5782 1003 5834 ΖΒ
1020 5816 1036 5834 .
1060 5780 1153 5834 col.
1171 5783 1281 5833 774.

559 5794 801 5841 oausam,
818 5794 923 5846 cap.
940 5794 1003 5834 zu
1020 5816 1036 5843 ,
1060 5794 1153 5834 cut.
1171 5794 1281 5833 77s.

559 5844 581 5876 ³
610 5846 947 5916 Germanensis
978 5853 1120 5916 vetus
1139 5844 1297 5916 codex
1317 5852 1594 5916 constanter
1609 5884 1624 5909 ,
1648 5846 1911 5916 Calenius.
1933 5853 1989 5901 Et
2005 5849 2079 5904 sic

494 5907 602 5970 ipse
625 5906 976 5970 augustinttsin
998 5906 1182 5961 Pssimo
1203 5908 1496 5961 Abecedario
1515 5906 1682 5963 contra
1695 5913 1979 5965 Donatista.

753 3269 874 3329 cunt
931 3272 1321 3341 correptioncm
1376 3269 1743 3328 archidiaconi
1806 3269 2091 3325 Cmciiiani'

3664 384 3777 448 πο

2182 501 2355 587 fragio
2380 500 2554 587 totius
2566 498 2754 587 populi
2780 498 3096 587 Caecilianus
3116 500 3354 587 eligitur,
3398 508 3456 560 et
3492 517 3692 587 manus
3717 507 3775 563 ei

2180 571 2690 643 imponenteiFelice
2725 572 3105 628 Autumnitano
3138 571 3425 643 episcopus
3457 575 3769 633 ordinatur.

2179 642 2374 700 Botrus
2391 652 2447 700 et
2472 642 2715 699 Celesius
2739 643 2806 699 de
2834 658 2929 712 spe
2952 660 3046 699 sua
3076 642 3268 712 deiecti
3298 642 3444 700 sunt.
3465 646 3616 702 Tunc
3646 648 3774 704 bre-

2178 715 2259 770 vis
2283 716 2481 790 auri‘et
2502 716 2709 790 argenti
2737 715 2754 746 ⁸
2786 713 2990 770 sedenti
3021 713 3332 790 Caeciliano,
3343 717 3517 790 sicuti
3554 718 3773 790 delega-

2180 795 2291 842 tum
2321 802 2351 841 a
2376 784 2642 843 Mensurio
2684 784 2874 851 fuerat,
2927 786 3171 851 traditur,
3211 786 3463 843 adhibitis
3515 784 3766 846 testibus.

2178 856 2551 931 Convocantur
2575 871 2734 931 supra
2761 858 3041 931 memorati
3084 858 3347 931 seniores,
3389 860 3480 931 qui
3525 861 3771 917 faucibus

2178 929 2414 999 avaritiae
2431 928 2859 984 commendatam
2891 927 3166 984 ebiberant
3193 927 3425 999 praedam
3449 946 3465 986 :
3496 945 3623 987 cum
3643 932 3772 988 red-

2178 998 2309 1072 dere
2333 1009 2670 1071 cogerentur,
2702 999 3069 1072 subduxerunt
3101 998 3467 1056 communioni
3495 1002 3692 1072 pedem
3724 1006 3769 1058 ³.

2176 1068 2295 1125 Non
2321 1068 2497 1126 minus
2532 1081 2583 1126 et
2610 1070 2921 1134 ambitores,
2953 1070 3145 1140 quibus
3175 1072 3409 1126 ordinari
3439 1068 3546 1127 non
3589 1076 3769 1130 conti-

2177 1140 2254 1211 git
2283 1157 2525 1197 :necnon
2552 1151 2607 1196 et
2645 1140 2865 1202 Lucilla,
2897 1157 3017 1212 qua:
3052 1141 3160 1209 jam
3210 1141 3410 1198 dudum
3465 1141 3610 1200 ferre
3659 1162 3769 1202 non

2180 1213 2348 1284 potuit
2374 1212 2732 1284 disciplinam,
2764 1227 2884 1284 eum
2930 1213 3178 1284 omnibus
3209 1213 3340 1277 suis,
3369 1224 3561 1284 potens
3602 1225 3659 1270 et
3689 1216 3771 1272 fa-

2178 1283 2344 1337 ctiosa
2371 1282 2587 1348 femina,
2618 1282 2984 1338 communioni
3015 1283 3225 1339 misceri
3251 1282 3440 1340 nolu'it.
3472 1286 3563 1341 Sic
3594 1289 3767 1345 tribus

2178 1355 2618 1410 convenientibus
2642 1355 2816 1408 causis
2845 1362 2899 1408 et
2923 1356 3163 1422 personis
3192 1355 3389 1412 factum
3415 1368 3499 1412 est
3527 1369 3587 1412 ut
3607 1360 3766 1413 mali-

2176 1426 2352 1498 gnitas
2383 1425 2601 1498 haberet
2625 1423 3160 1498 effectum._Seliisma
3186 1426 3357 1498 igitur
3398 1428 3490 1483 illo
3521 1438 3770 1498 tempore

2178 1495 2413 1570 confusae
2438 1496 2676 1570 mulieris
2706 1496 2975 1570 iracundia
3015 1497 3237 1570 peperit,
3269 1498 3489 1570 ambitio
3517 1495 3767 1570 nutrivit,

2177 1567 2398 1621 avaritia
2429 1566 2715 1622 roboravit.
2743 1567 2822 1620 Ab
2853 1567 2935 1621 his
2962 1566 3130 1621 tribus
3158 1569 3399 1635 personis
3424 1580 3612 1625 contra
3644 1566 3767 1627 Cie;

2177 1637 2431 1711 cilianum
2455 1638 2895 1711 causa:_conlict:n
2926 1645 3071 1711 sunt,
3100 1646 3162 1711 ut
3189 1638 3375 1695 vitiosa
3401 1640 3519 1711 ejus
3541 1640 3767 1700 ordina-

2178 1708 2253 1762 tio
2273 1709 2561 1783 diceretur.
2578 1707 2657 1763 Ad
2680 1706 2984 1783 Secundum
2998 1707 3344 1783 Tigisitanum
3369 1706 3593 1771 missum
3616 1726 3704 1772 est
3721 1716 3766 1783 ⁸,

2180 1788 2237 1833 ιιι
2263 1777 2636 1849 Carthaginem
2664 1780 2953 1834 veniretur.
2999 1778 3413 1840 Proﬁciscuntur
3450 1801 3645 1842 omnes
3668 1777 3766 1841 su;

2178 1864 2274 1925 pra
2301 1849 2578 1925 memorati
2610 1850 2889 1925 traditores
2919 1868 2932 1905 :
2964 1850 3454 1925 susceptikbospitio
3468 1859 3537 1913 ab
3557 1859 3761 1925 avaris,

2177 1920 2639 2004 ab‘ill'llbilOEibllg,
2661 1920 2729 1980 ab
2756 1920 2924 2004 iratis,
2956 1940 3061 1979 non
3184 1920 3491 2004 Catholicis.
3533 1920 3766 2004 quorum

2179 1994 2433 2064 petiliOne
2456 1995 2771 2051 Cmciltanus
2815 1995 2983 2050 fuerat
3007 1994 3301 2051 ordinatus.
3333 1994 3634 2054 Interea'ad
3666 2000 3768 2054 ba-

2179 2066 2405 2140 silicam,
2450 2066 2555 2140 ubi
2594 2082 2715 2140 cum
2762 2064 3047 2140 Caeciliano
3091 2075 3199 2122 tota
3244 2068 3411 2140 civica
3455 2068 3767 2140 frequentia

2178 2134 2351 2191 fuerat
2372 2136 2413 2201 ⁸,
2450 2137 2625 2191 nullus
2651 2138 2718 2191 de
2747 2152 2905 2206 supra
2926 2137 3080 2191 dictis
3106 2138 3347 2194 accessit.
3372 2138 3524 2194 Tunc
3550 2134 3770 2197 ἐϐαλό-

2180 2206 2323 2261 liano
2351 2208 2653 2282 mandatum
2677 2209 2874 2282 cst,__Si
2899 2218 2969 2261 est
2999 2208 3132 2277 quod
3155 2210 3207 2262 in
3233 2225 3313 2282 me
3335 2212 3590 2282 probetur,
3615 2223 3772 2267 exeat

2178 2290 2439 2333 accttsator
2466 2288 2511 2332 et
2537 2279 2726 2349 probet.
2758 2278 2852 2333 Illo
2874 2288 3112 2348 tempore
3131 2295 3161 2332 a
3185 2290 3262 2334 tot
3289 2278 3518 2336 inimicis
3544 2282 3678 2336 nihil
3711 2284 3767 2339 in

2179 2349 2324 2422 illum
2353 2351 2770 2422 potnitgconlingi
2794 2367 2807 2402 :
2837 2350 2931 2404 sed
2946 2350 3012 2404 de
3035 2350 3340 2422 ordinatore
3368 2368 3487 2419 suo,
3513 2353 3665 2422 quod
3695 2355 3770 2410 ab

2180 2419 2244 2475 iis
2268 2420 2399 2474 falso
2426 2420 2648 2475 traditor
2671 2419 2959 2484 diceretur,
2990 2421 3185 2475 meruit
3215 2422 3479 2478 infamari.
3510 2419 3709 2479 lterum
3731 2440 3765 2479 a

2179 2491 2463 2545 Cit-ciliano
2497 2491 2800 2546 mandatum
2828 2501 2929 2556 est,
2959 2500 3015 2543 ut
3052 2490 3098 2544 si
3130 2490 3278 2547 Felix
3305 2495 3357 2547 in
3378 2510 3451 2560 se,
3503 2496 3644 2550 sicut
3688 2496 3769 2550 illi

2178 2561 2591 2633 arbitrabantur,
2645 2563 2772 2617 nihil
2810 2562 3118 2633 contulisset,
3165 2563 3264 2630 ipsi
3307 2576 3550 2633 tauquam
3593 2567 3771 2621 adhuc

2180 2631 2444 2705 diaconum
2469 2633 2759 2687 ordinarent
2796 2632 3156 2705 C:e_cilian_nm.
3184 2633 3335 2691 Tunc
3355 2631 3769 2705 Purpurius'so-

2179 2702 2270 2756 lita
2297 2704 2496 2758 malitia
2527 2706 2712 2767 fretus,
2744 2703 2893 2773 quasi
2936 2712 2989 2757 cl
3015 2703 3330 2761 Caecilianus
3375 2702 3512 2762 filius
3559 2710 3770 2765 sororis

2179 2773 2296 2842 ejus
2321 2784 2482 2849 esset,
2524 2775 2601 2849 sic
2625 2775 2698 2830 ait
2730 2772 2939 2828 :Exeat
2972 2774 3071 2828 huc
3095 2777 3257 2849 quasi
3278 2787 3332 2830 ut
3369 2778 3660 2849 imponatur
3687 2781 3768 2834 illi

2179 2861 2357 2918 manus
2382 2846 2436 2918 in
2473 2846 2781 2917 episc0patu,
2821 2856 2868 2898 et
2914 2855 3188 2918 quassetur!
3217 2846 3297 2902 illi
3320 2846 3473 2918 caput
3496 2850 3560 2904 de
3602 2852 3767 2917 pinni-

2180 2917 2353 2970 tentia.
2379 2916 2470 2971 llis
2500 2916 2661 2973 rebus
2684 2917 2972 2986 compertis
3015 2926 3120 2970 tota
3151 2916 3391 2977 Ecclesia
3413 2916 3766 2977 Caecilianum

2180 2988 2370 3061 tenuit,
2399 3003 2479 3061 ne
2512 3003 2571 3042 se
2599 2988 2890 3061 latronibus
2920 2986 3242 3061 tradidisset.
3273 2990 3368 3045 Illo
3401 2998 3643 3061 tempore
3670 3000 3770 3048 aut

2178 3072 2303 3113 reus
2325 3058 2509 3115 debuit
2549 3059 2765 3129 expelli,
2810 3066 2903 3112 aut
2951 3060 3333 3116 communicari
3382 3058 3564 3117 debuit
3603 3063 3767 3119 inno-

2178 3131 2340 3202 conti.
2364 3129 2616 3202 Conferta
2646 3138 2762 3202 erat
2788 3129 3011 3202 ecclesia
3043 3131 3250 3202 populis
3276 3148 3289 3185 :
3323 3132 3478 3202 plena
3504 3142 3621 3189 erat
3667 3150 3765 3190 ca-

2180 3200 2365 3274 thedra
2400 3200 2717 3274 episcopalis
2748 3219 2760 3255 :
2788 3209 2903 3254 erat
2927 3200 3241 3274 altareloeo
3266 3200 3385 3270 suo,
3410 3204 3464 3258 in
3485 3220 3592 3274 quo
3614 3206 3765 3274 paci—

2180 3269 2264 3346 fici
2283 3269 2515 3346 episcOpi
2542 3269 2686 3346 retro
2715 3272 3041 3346 temporibus
3069 3272 3407 3346 obtulerunt,
3438 3269 3762 3346 ijrianus,

2179 3341 2553 3412 Carpophorus
2582 3342 2626 3410 ',
2657 3341 2922 3397 Lucianus
2965 3350 3019 3397 et
3050 3343 3251 3399 caeteri.
3290 3341 3399 3401 Sic
3423 3341 3631 3401 ex'iium
3679 3341 3770 3403 est

2179 3408 2811 3478 foras,'ctaltarecontra
2837 3412 3002 3468 altare
3032 3422 3269 3470 erectum
3297 3427 3379 3471 est
3404 3431 3418 3468 :
3449 3426 3505 3473 et
3546 3418 3770 3473 ordina-

2181 3484 2252 3557 t_i_o
2275 3483 2453 3557 illicita
2478 3485 2743 3557 celebrata
2768 3492 2882 3557 est;
2929 3493 2982 3537 ct
3010 3484 3314 3557 lilajoriuus,
3343 3487 3434 3557 qui
3489 3488 3667 3544 lector
3707 3490 3767 3545 in

2177 3553 2421 3629 diagonio
2465 3553 2732 3629 Cteciliani
2781 3555 2971 3629 fuerat,
3011 3553 3332 3611 domesticus
3364 3553 3611 3624 ‘Lucillze,
3646 3560 3766 3629 ipsa

2177 3625 2496 3701 suffragante
2521 3627 2802 3701 episcopus
2824 3625 3096 3680 ordinatus
3116 3639 3196 3701 est
3222 3642 3251 3680 a
3271 3629 3642 3701 traditoribus,
3668 3625 3768 3701 qui

2178 3696 2230 3751 in
2261 3697 2486 3751 concilio
2538 3696 2817 3763 Numidiae,
2864 3706 2920 3749 ut
2962 3699 3225 3766 superius
3250 3698 3502 3764 diximus,
3535 3696 3764 3756 crimina

2178 3781 2273 3821 sua
2301 3768 2399 3822 sibi
2427 3768 2654 3822 confessi
2687 3775 2832 3833 sunt,
2865 3775 2920 3822 et
2964 3767 3341 3838 indulgentiam
3388 3770 3488 3825 sibi
3530 3772 3787 3828 invicem.

2180 3839 2495 3893 tribuerunt.
2528 3838 2860 3894 Manifestum
2891 3847 2972 3891 est
2999 3853 3126 3909 ergo
3144 3841 3319 3895 exisse
3341 3840 3410 3896 de
3445 3842 3682 3898 Ecclesia
3708 3852 3767 3899 et

2178 3910 2511 3983 ordinatorcs
2537 3912 2625 3979 qui
2654 3908 3002 3983 tradiderunt,
3026 3908 3080 3965 et
3117 3910 3424 3983 Majorinum
3472 3915 3562 3983 qui
3608 3914 3764 3969 ordi-

2178 3989 2333 4055 natus
2359 3991 2460 4035 est.
2495 3980 2698 4055 Interea
2746 3979 2813 4034 de
2862 3994 3075 4055 suorum
3125 3982 3406 4035 criminum
3453 3979 3617 4049 fonte,
3671 3987 3767 4055 qui

2177 4051 2316 4120 apud
2347 4068 2439 4107 eos
2468 4067 2499 4107 e
2540 4052 2826 4106 multorum
2876 4050 3192 4120 ﬂagitiorum
3237 4054 3385 4107 venis
3427 4050 3765 4111 exuberare-

2178 4131 2278 4187 rat,
2304 4138 2464 4177 unum
2487 4122 2783 4179 traditionis
2802 4123 3097 4181 convicium
3119 4122 3171 4176 in
3202 4123 3562 4180 ordinatorem
3594 4126 3766 4181 Caeci-

2180 4191 2305 4267 |_iaui
2333 4194 2678 4267 derivandnnt
2709 4209 2831 4267 esse
2859 4202 3180 4262 putaverunt
3206 4196 3598 4267 {providentes
3617 4197 3763 4267 quod

2179 4262 2315 4318 fama
2342 4265 2475 4319 duas
2505 4280 2593 4321 res
2615 4264 2816 4318 similes
2839 4279 2944 4319 uno
2973 4274 3211 4334 tempore
3235 4266 3377 4336 loqui
3416 4281 3524 4320 non
3557 4262 3761 4336 posset,

2180 4344 2237 4389 ut
2261 4335 2481 4391 crimina
2502 4337 2554 4390 in
2584 4336 2853 4390 silentium
2880 4336 3151 4390 mitterent
3169 4351 3285 4403 sua,
3312 4335 3474 4392 vitam
3498 4335 3764 4394 infamare

2178 4408 2352 4460 conati
2402 4415 2527 4462 sunt
2577 4407 2803 4461 alienam
2836 4425 2850 4461 :
2879 4415 2934 4462 et
2982 4422 3102 4461 eum
3136 4417 3352 4476 possent
3380 4409 3478 4478 ipsi
3499 4410 3569 4464 ab
3600 4410 3764 4465 inno-

2178 4478 2417 4532 centibus
2444 4478 2614 4548 argui,
2645 4479 2955 4532 innocentes
2979 4492 3204 4548 arguere
3246 4480 3589 4542 studuerunt,
3632 4482 3763 4535 mit—

2182 4556 2350 4604 tentes
2405 4547 2599 4619 ubique
2652 4549 2875 4612 litteras,
2917 4548 3083 4620 livore
3120 4547 3356 4620 dictante
3399 4555 3760 4620 conscriptas,

2179 4635 2310 4691 quas
2366 4618 2784 4691 inter’rcteteros
2834 4630 2985 4673 actus
3046 4618 3304 4675 habemus
3345 4622 3400 4676 in
3459 4618 3760 4691 posterum.

2178 4689 2367 4745 Adhuc
2405 4689 2751 4761 Carthagine
2773 4690 2925 4761 positi
2969 4699 3355 4761 praecesserunt
3410 4689 3473 4746 se
3516 4692 3764 4761 epistolis

2179 4761 2310 4824 suis,
2338 4769 2395 4816 ut
2415 4760 2715 4816 rumoribus
2730 4760 2879 4816 falsis
2897 4760 3207 4816 cunctorum
3227 4762 3443 4816 auribus
3465 4760 3765 4819 insererent

2179 4832 2535 4895 mendacium,
2577 4847 2759 4903 sparsa
2802 4832 2942 4903 fama
2997 4847 3090 4901 per
3127 4831 3368 4903 populos.
3415 4833 3485 4888 Et
3514 4833 3645 4890 dum
3696 4834 3764 4890 de

2179 4918 2285 4958 uno
2334 4902 2758 4959 celebrata’sunt
2793 4902 2939 4965 falsa,
2988 4917 3146 4972 supra
3181 4902 3446 4959 dictorum
3478 4907 3763 4960 verissima

2178 4976 2397 5029 crimina
2428 4976 2527 5029 sub
2552 4975 2763 5028 silentio
2791 4974 3073 5029 latuerunt.
3103 4972 3435 5044 Frequenter
3460 4975 3607 5032 solet
3637 4991 3765 5032 eru-

2178 5044 2321 5101 besci
2351 5046 2417 5100 de
2444 5046 2690 5108 Crimine,
2728 5045 2820 5099 sed
2852 5044 2941 5098 illo
2970 5054 3209 5114 tempore
3235 5061 3341 5100 non
3377 5046 3477 5102 fuit
3498 5049 3585 5106 cui
3636 5063 3764 5103 eru-

2177 5115 2488 5190 besceretur
2514 5118 2675 5190 :‘quia
2706 5124 2898 5190 praeter
2923 5130 3133 5190 paucos
3157 5116 3452 5190 catholicos
3497 5133 3762 5190 peccave-

2178 5196 2301 5243 rant
2325 5186 2591 5253 universi;
2624 5197 2677 5242 et
2695 5188 2842 5257 quasi
2872 5187 3082 5258 imago‘
3109 5186 3282 5243 fuerat
3309 5186 3656 5257 innocentia),
3685 5190 3764 5243 in-

2244 5281 2261 5314 ³
2296 5282 2380 5332 Hic
2401 5280 2580 5345 aliquid
2601 5280 2782 5345 deesse
2804 5279 3029 5345 videtur.
3079 5287 3138 5331 Il.

2240 5345 2262 5376 ²
2294 5346 2368 5394 sic
2381 5342 2719 5394 Germanensis
2740 5349 2819 5393 Its.
2841 5350 2895 5391 At
2918 5343 3033 5394 editi
3052 5377 3067 5404 ,
3089 5342 3425 5395 subducant
3445 5345 3766 5397 animum

2177 5405 2365 5473 plebem
2392 5408 2587 5473 {minus
2618 5412 2781 5473 recte,
2805 5404 3044 5473 siquidem
3086 5418 3199 5473 mox
3228 5406 3447 5457 dicturus
3484 5415 3595 5473 est,
3618 5416 3766 5459 totam

2177 5466 2375 5521 civicam
2387 5468 2709 5533 frequentiam
2731 5480 2841 5517 cum
3135 5467 3287 5520 fuisse
3305 5477 3476 5521 contra
3495 5466 3766 5522 schismatt-

2178 5545 2263 5583 cos
2282 5533 2547 5583 Douatistas
2565 5535 2922 5594 congregatim,
3772 5570 3777 5575 .

2243 5595 2266 5655 β
2291 5598 2346 5643 tn
2359 5590 2792 5651 Germaucusi'atsi.
3060 5597 3145 5644 est.

2245 5654 2268 5687 ⁸
2298 5657 2371 5707 sic
2390 5656 2728 5706 Germaneusis
2751 5663 2830 5704 Ms.
2857 5653 3064 5718 At‘editi,
3087 5659 3184 5705 tota
3218 5653 3386 5709 civitas
3420 5654 3472 5708 in
3491 5657 3759 5722 frequenta

2178 5717 2695 5856 “argitiemiancnsi
2737 5787 2819 5832 us.
2855 5780 3059 5841 additur,
3097 5778 3455 5845 Carpopltorus,
3499 5782 3584 5844 qui
3617 5782 3759 5831 omis-

2177 5857 2266 5902 ω
2286 5852 2394 5897 erat
2414 5852 2463 5895 in
2487 5852 2696 5895 excusis.

2134 5967 2161 5976 -
2220 5910 2488 5997 Βιθυειυ
2512 5912 2556 5959 τι
2578 5906 2704 5971 (μιαί
2726 5904 3664 5973 inwgo.castigauturadccrnnnensem
3679 5907 3760 5953 Its.

2334 6013 2371 6035 κ

2216 6051 2357 6076 κιψυ...
2402 6066 2405 6069 .
2475 6062 2649 6086 ..η’-ιιῆὶᾴ
