4026 6476
219 424 311 479 777

222 549 307 593 ter.
342 534 549 589 multas
596 533 742 590 ncl'as
786 534 1098 592 admissum.
1131 535 1321 590 Parum
1353 546 1470 592 erat
1510 537 1807 593 traditionis

224 610 442 669 facinus,
474 604 624 675 quod
658 622 747 673 per
777 607 1031 659 Donatum
1056 606 1453 661 Masculitauum
1498 619 1552 661 et
1581 618 1805 661 caeteros

228 693 378 745 supra
403 678 576 749 dictos
594 678 866 730 constabat
898 677 1187 749 admissum
1219 695 1231 729 :
1261 679 1421 731 etiam
1456 678 1637 749 ingens
1659 678 1805 747 11ηεί-

234 752 359 803 tium
390 747 1299 819 schismatistraditionijunxerunt.
1327 750 1483 803 Vides
1504 747 1651 819 ergo,
1681 750 1805 803 Par-

232 820 489 889 meuiane,
532 818 644 870 haec
673 818 777 889 duo
806 820 1050 882 crimina,
1085 830 1189 889 tam
1239 819 1397 884 mala,
1458 818 1802 889 tam’gravia,

230 888 523 942 traditionis
574 897 629 942 ct
665 888 995 951 schismatis,
1062 888 1127 942 ad
1174 896 1293 943 tuos
1360 888 1624 959 principes
1679 908 1804 960 per-

230 970 409 1012 linere.

225 1050 600 1128 Exemplum
620 1052 892 1129 epistolte
919 1051 999 1111 ud
1026 1051 1447 1120 chilianum,
1481 1072 1599 1132 qua
1626 1053 1799 1115 Con-

361 1132 679 1191 stantinus
703 1133 999 1210 pecunias
1021 1132 1290 1205 ecclesiis
1320 1132 1511 1193 donat
1542 1133 1651 1213 (α).

641 1248 1049 1307 Consnsrmus
1078 1254 1374 1317 Auensrus,

502 1365 803 1421 Cmmuano
820 1366 1070 1436 episcopo
1090 1364 1515 1436 Carthagincnsi.

284 1476 724 1547 Quandoquidem
770 1476 965 1545 placuit
1013 1476 1167 1530 nobis
1188 1516 1201 1536 .
1232 1487 1289 1530 ut
1333 1493 1429 1547 per
1456 1492 1642 1531 omnes
1675 1492 1798 1544 pro-

219 1551 412 1604 vincias
439 1546 632 1601 Africa:
654 1590 667 1611 ,
700 1546 960 1601 Numidia:
984 1588 999 1612 ,
1028 1556 1081 1601 et
1119 1546 1391 1616 utriusque
1432 1547 1753 1601 Mauritania:
1778 1588 1794 1615 ,

218 1621 372 1675 certis
400 1618 719 1687 quibusdam
764 1618 1013 1686 legitima:
1053 1627 1105 1670 ct
1147 1619 1494 1671 sanctissima:
1524 1619 1795 1683 religionis

217 1690 486 1746 catholicae
531 1688 787 1742 ministris
828 1688 893 1741 ad
936 1697 1178 1756 sumptus
1225 1690 1555 1743 necessarios
1594 1688 1792 1758 aliquid

216 1762 573 1830 praeberetur;
607 1760 809 1813 litteras
838 1758 958 1830 dedi
990 1758 1055 1811 ad
1089 1758 1279 1830 Ursum
1310 1759 1481 1811 virum
1516 1758 1790 1826 perfectis-

211 1828 392 1885 simum
438 1830 755 1883 rationalem
800 1828 991 1882 Africa:
1014 1870 1028 1890 ,
1057 1829 1212 1897 eique
1250 1829 1540 1898 signiﬁcavi
1565 1870 1579 1892 ,
1614 1838 1671 1881 ut
1712 1840 1792 1884 ter

210 1902 347 1957 mille
370 1902 527 1955 folles
550 1909 651 1953 tua:
673 1898 924 1955 Gravitati
954 1900 1219 1952 numerari
1251 1909 1480 1954 curaret.
1510 1900 1587 1953 Tn
1611 1899 1789 1967 itaque

209 1973 291 2027 tibi
321 1972 631 2042 praedictam
662 1970 897 2042 pecunia:
926 1971 1274 2039 quantitatem
1320 1975 1589 2042 acceperis
1613 2011 1626 2031 ,
1660 1984 1788 2038 ope-

207 2040 518 2107 ramidabis,
552 2050 611 2094 ut
632 2041 835 2094 cunctis
860 2054 1016 2108 supra
1054 2040 1533 2109 memoratisijuxta
1567 2040 1783 2095 brevem

205 2113 266 2166 ab
295 2113 450 2167 Hosio
489 2112 555 2165 ad
589 2122 638 2166 te
669 2111 925 2164 directum
955 2126 1015 2163 ea
1048 2113 1268 2179 pecunia
1302 2111 1584 2165 diVidatur.
1629 2112 1782 2177 Quod

205 2185 243 2237 si
268 2184 393 2237 forte
417 2183 491 2237 ad
515 2194 686 2236 meum
710 2197 834 2249 erga
858 2196 951 2235 vos
978 2196 1163 2235 utnncs
1191 2182 1358 2234 hacin
1383 2192 1532 2251 parte
1550 2184 1779 2236 studium

205 2254 521 2321 explendum
555 2252 742 2306 deesse
787 2251 983 2319 aliquid
1031 2252 1351 2305 intellexeris
1373 2295 1384 2314 ,
1418 2254 1781 2306 incunctanter

201 2325 437 2393 quidquid
466 2324 827 2377 necessarium
859 2322 949 2375 tibi
968 2322 1248 2385 videbitur,
1270 2322 1336 2375 ab
1366 2322 1637 2393 Heraclida
1661 2338 1781 2390 pro—

199 2392 427 2448 curatore
464 2393 787 2462 [mediorum
817 2402 1116 2445 nostrorum
1148 2402 1326 2460 petere
1351 2392 1534 2446 debes.
1570 2392 1699 2446 Nam
1724 2403 1778 2448 et

202 2465 288 2532 ipsi
316 2481 505 2520 coram
536 2463 778 2516 mandavi
805 2505 818 2526 ,
850 2470 907 2515 ut
932 2464 974 2515 si
1004 2462 1127 2530 quid
1158 2462 1393 2532 pecunia:
1421 2462 1661 2517 Gravitas
1690 2474 1775 2521 tua

199 2536 258 2589 ab
285 2536 395 2603 ipso
422 2534 745 2606 pug-tutaret,
776 2534 976 2606 absque
1022 2533 1123 2587 ulla
1146 2533 1499 2606 dubitatione
1528 2533 1773 2606 dinume‘

199 2604 556 2659 randum'tibi
604 2613 836 2658 curaret.
887 2604 953 2657 Et
998 2604 1244 2672 quoniam
1291 2604 1468 2672 accepi
1516 2604 1773 2673 quosdam

197 2691 289 2730 ttun
314 2679 438 2733 satis
463 2675 776 2741 compositae
804 2674 997 2727 mentis
1024 2675 1265 2728 homines
1292 2674 1344 2728 id
1372 2690 1549 2743 agere,
1578 2686 1633 2728 ut
1652 2692 1774 2730 san-

195 2748 431 2801 ctissimae
469 2758 520 2799 et
548 2745 820 2800 catholica:
849 2744 1101 2798 Ecclesia:
1145 2745 1396 2813 populum
1427 2746 1663 2814 improba
1694 2756 1774 2800 at-

195 2832 288 2884 que
307 2819 604 2871 adulterina
630 2814 855 2869 falsitate
876 2826 1213 2883 corrumpant
1237 2832 1251 2880 ;
1280 2817 1417 2869 scias
1438 2832 1523 2870 me
1544 2817 1773 2870 Anulino

194 2889 488 2954 proconsuli
514 2898 567 2940 et
598 2886 815 2955 Papilio
838 2886 1032 2939 vicario
1054 2885 1424 2954 praefectorum
1451 2902 1630 2939 coram
1659 2888 1772 2942 lucc

191 2958 391 3013 dedisse
429 2958 681 3013 mandata
708 2998 721 3018 ,
758 2965 813 3009 ut
855 2956 993 3010 inter
1018 2967 1210 3027 caetera
1242 2957 1413 3027 hujus
1444 2958 1516 3010 rei
1550 2973 1769 3027 compe-

192 3035 377 3084 tentem
405 3044 592 3083 curam
622 3038 841 3097 gerant;
875 3042 993 3090 nec,
1020 3026 1064 3079 si
1086 3026 1536 3097 quidliujusmodi
1562 3026 1767 3097 agatur,

192 3100 445 3169 negligere
462 3114 525 3153 ac
537 3098 871 3152 dissimulare
884 3097 1195 3169 sustineant.
1214 3096 1390 3167 Itaque
1416 3099 1458 3151 si
1483 3096 1615 3167 quos
1638 3099 1771 3168 ejus-

194 3172 385 3224 cemodi
410 3171 660 3223 homines
683 3171 734 3221 in
753 3169 851 3222 hac
866 3168 1092 3222 amentia
1115 3183 1455 3237 perseverare
1476 3185 1767 3237 conspexe-

191 3240 281 3310 ris,
296 3242 495 3310 absque
515 3240 614 3293 ulla
640 3240 968 3295 ha‘sitatione
989 3238 1319 3307 supradictus
1336 3239 1543 3307 judices
1561 3240 1763 3305 adibis;

194 3308 341 3377 idque
370 3308 501 3381 ipsis
544 3310 743 3365 referes
766 3352 782 3375 ,
813 3311 947 3381 utin
990 3325 1085 3363 eos
1106 3352 1120 3373 ,
1156 3310 1599 3378 quemadmodum
1641 3312 1768 3379 ipsis

194 3393 361 3434 coram
391 3380 655 3445 mandavi,
688 3380 1130 3434 animadvertant.
1164 3381 1421 3434 Divinitas
1447 3382 1639 3434 sunnni
1670 3383 1767 3436 Dei

195 3450 368 3506 multis
392 3452 542 3505 annis
573 3462 625 3506 te
654 3459 850 3505 servet.

194 3541 275 3601 Ut
323 3544 554 3607 Clerici
622 3543 927 3606 Ecclesia:
977 3541 1331 3609 catholicae.
1393 3544 1497 3601 cui
1540 3552 1766 3620 praeest

267 3621 649 3701 Ccecilianus,
681 3622 757 3683 ab
786 3621 1068 3701 omnibus
1116 3621 1389 3701 publicis
1416 3622 1767 3700 [unctioni-

264 3700 371 3763 bus
400 3707 695 3766 immunes
726 3702 850 3763 sint
882 3700 991 3781 (b).

320 3805 721 3860 Consranrtsus
761 3802 1010 3856 MAXIMUS
1038 3803 1324 3857 Aecusrus
1365 3801 1619 3855 Anuuno.

254 3894 383 3956 Ave,
414 3896 642 3949 Anulinc
666 3892 978 3947 charissime
1009 3892 1181 3945 nobis.
1214 3891 1345 3944 Cum
1373 3905 1440 3945 ex
1471 3891 1652 3945 multis
1677 3905 1764 3944 re-

186 3960 280 4017 bus
309 3976 519 4020 constet
548 3964 859 4033 religiouem
902 3963 1058 4033 illam
1078 3963 1130 4015 in
1175 3978 1277 4031 qua
1322 3976 1529 4015 summa
1570 3962 1762 4033 divinare

185 4034 472 4103 maiestatis
527 4031 825 4089 reverentia
877 4031 1208 4103 custoditur,
1265 4040 1497 4103 spretam
1548 4031 1759 4103 quidem

183 4101 409 4160 maxima
456 4104 759 4174 reipublicae
800 4104 1114 4174 importasse
1147 4101 1486 4174 discrimina,
1517 4101 1757 4174 eamdem

180 4187 305 4228 vero
335 4178 437 4231 rite
464 4171 766 4243 susceptam
789 4183 840 4225 et
866 4171 1180 4226 custoditam
1209 4180 1259 4225 et
1291 4171 1489 4243 nomini
1519 4171 1759 4243 Romano

179 4246 464 4299 maximam
491 4242 916 4313 prosperitatem,
940 4252 993 4295 et
1021 4242 1224 4295 cunctis
1247 4242 1551 4313 mortalium
1576 4242 1753 4313 rebus,

176 4313 353 4367 divina
384 4316 433 4367 id
466 4311 727 4367 tribuente
755 4312 1097 4365 beneficentia
1125 4353 1138 4373 .
1171 4312 1487 4380 pratcipuam
1532 4311 1755 4366 felicita-

174 4392 281 4436 tem
309 4384 603 4437 contulissc
638 4400 649 4435 :
687 4383 878 4452 placuit
910 4392 966 4436 ut
1000 4381 1243 4436 homines
1270 4382 1363 4447 illi,
1395 4384 1482 4451 qui
1514 4397 1633 4436 cum
1665 4382 1757 4437 de-

170 4452 279 4506 bita
326 4454 674 4507 sanctimonia
721 4464 774 4507 et
802 4453 1012 4507 assidua
1060 4452 1216 4519 hujus
1261 4453 1391 4522 legis
1420 4453 1754 4509 observantia

173 4525 526 4579 ministerium
554 4539 705 4577 suum
736 4524 927 4578 divina.
971 4523 1241 4591 religionis
1269 4524 1429 4577 cultui
1460 4523 1750 4591 exhibent,

173 4592 413 4649 laborum
444 4610 659 4649 suorum
691 4595 989 4650 mercedem
1022 4603 1331 4663 reportent,
1364 4595 1593 4648 Anuline
1622 4595 1751 4648 cha-

174 4666 385 4719 rissime
430 4666 601 4721 nobis.
650 4668 984 4735 Quapmpter
1022 4680 1117 4718 eos
1168 4666 1447 4731 homines,
1480 4666 1567 4734 qui
1615 4666 1751 4720 intra

176 4738 497 4800 provinciam
548 4737 638 4791 tibi
684 4736 940 4790 creditam
988 4737 1039 4789 in
1086 4736 1323 4791 Ecclesia
1365 4737 1623 4789 catholica
1665 4739 1749 4791 cui

174 4803 484 4862 Cmcitianus
516 4816 707 4875 prmest
732 4848 744 4867 .
774 4807 895 4863 huic
934 4807 1284 4859 sanctissima:
1312 4806 1554 4876 religioni
1596 4808 1752 4860 mini-

175 4883 362 4948 strant,
387 4892 521 4948 quos
547 4876 780 4931 Clericos
804 4892 995 4948 vocare
1024 4886 1417 4948 consueverunt
1438 4917 1455 4942 ,
1486 4877 1553 4929 ab
1578 4877 1749 4948 omni-

174 4943 267 4997 hu.
292 4943 511 5002 omnino
556 4948 775 5016 publicis
821 4946 1176 5000 functionibus
1208 4947 1467 4999 imtnunes
1508 4946 1749 5001 volumus

174 5020 496 5084 conservari,
522 5035 587 5071 ne
608 5032 788 5070 errore
813 5018 990 5085 aliquo
1012 5024 1102 5069 aut
1127 5028 1251 5070 casu
1273 5016 1531 5085 sacrilego
1550 5030 1577 5067 a
1602 5016 1748 5071 cultu

174 5097 391 5143 summa:
420 5088 682 5143 divinitati
713 5088 890 5142 debito
916 5086 1321 5149 abstrahantur;
1367 5086 1460 5140 sed
1491 5097 1548 5139 ut
1576 5086 1748 5154 potius

174 5156 368 5227 absque
418 5162 523 5213 ulla
582 5158 943 5227 inquietudine
995 5157 1221 5225 proprize
1274 5156 1373 5227 legi
1424 5156 1742 5210 deserviant.

174 5223 371 5296 Quippe
426 5232 508 5297 his
557 5223 816 5283 summam
865 5223 1261 5282 venerati—onem
1316 5223 1495 5281 divino
1545 5228 1746 5281 utimini

174 5297 575 5367 exiliibentibns,
610 5301 902 5353 maximum
953 5298 1071 5352 inde
1113 5299 1525 5351 emolumentum
1569 5298 1745 5367 rcipu‘

174 5362 317 5422 hlicze
347 5362 853 5425 videturaccedere.
886 5369 1015 5423 Vale
1038 5409 1053 5434 ,
1088 5369 1316 5423 Anuliue
1345 5362 1661 5423 charissime
1684 5385 1747 5425 ac

174 5433 615 5496 desideratissimc
642 5440 812 5495 nobis.

633 5532 871 5593 Relatio
904 5530 1165 5592 Anulini
1188 5529 1269 5609 (c)

175 5604 428 5666 Aucusrts
457 5627 691 5676 NOSTRIS,
728 5616 995 5667 Anuusus
1028 5610 1090 5663 γ.
1123 5604 1498 5679 Cfproconsul
1530 5609 1741 5666 Africae.

325 5727 497 5828 Fiusleb.
523 5727 696 5774 Histot'.
714 5724 891 5774 Ecclcs.
920 5724 1002 5772 lib.
1032 5725 1106 5774 10.

270 5804 300 5828 ρ.
325 5793 336 5828 t
361 5804 403 5828 ιιι
430 5825 438 5828 -

501 5849 551 5897 in
576 5848 821 5910 Augustini
848 5846 1052 5910 epistola
1074 5846 1152 5908 88,
1181 5861 1230 5897 ιι.
1256 5846 1318 5909 3;
1345 5855 1397 5897 et
1418 5848 1463 5896 in
1485 5847 1744 5897 Collatione

202 5908 342 5977 artu,
364 5918 455 5959 act.
480 5911 528 5970 3,
554 5908 665 5971 cap:
683 5910 787 5957 216.

524 5994 749 6053 Sascr.
799 5994 1073 6053 Aueusr.
1113 5993 1227 6053 IX.

856 418 1219 477 EXCERPTA
1263 422 1351 476 AD
1406 422 1935 479 DONATISTMKUM
1976 425 2340 484 lliSleilAM
2380 428 2862 486 PERTINENTIA.

3394 394 3531 489 778'

1993 539 2470 615 Seripta_cmlestia
2519 543 2805 615 Maiestatis
2850 553 3037 597 vestrm
3085 554 3297 614 accepta
3342 555 3501 615 atque

1921 610 2155 688 adorata,
2175 612 2469 688 _C_:t-cilian0
2502 625 2556 670 ct
2587 614 2667 688 his
2696 616 2783 682 qui
2813 616 2912 667 Sttb
2937 615 3127 688 eodem
3164 610 3356 685 agunt,
3382 610 3499 688 qui-

1917 696 2021 757 qne
2048 682 2236 757 Clerici
2269 696 2522 757 vocantur
2545 729 2558 751 ,
2592 686 2804 737 devotio
2838 700 2955 737 mea
2994 686 3129 755 apud
3161 682 3286 741 Acta
3320 682 3499 757 parvi-

1919 754 2040 805 tatis
2068 770 2198 827 nica:
2228 755 2490 809 insinuare
2519 757 2721 808 curavit
2745 798 2758 820 ,
2792 754 3112 826 eosdemque
3140 754 3343 811 hortata
3375 771 3454 813 est
3480 804 3495 827 ,

1918 832 1971 875 ttt
1998 824 2195 877 unitate
2224 840 2487 879 consensu
2522 828 2755 879 omnium
2789 828 2945 889 facto,
2970 824 3089 880 cum
3109 830 3251 893 muni
3280 824 3497 884 omnino

1915 908 2139 947 munere
2182 894 2503 960 indulgentia
2555 896 2845 965 Majcstatis
2889 909 3076 951 vestra:
3126 899 3329 953 liberati
3375 916 3495 957 esse

1914 966 2211 1037 videantur,
2240 965 2509 1019 Catholica
2540 968 2802 1021 custodita
2829 1010 2843 1029 ,
2873 970 3135 1023 sanctitati
3165 970 3290 1037 legis
3316 970 3494 1027 debita

1913 1036 2206 1111 reverentia
2251 1052 2312 1089 ac
2357 1037 2547 1111 divinis
2593 1038 2749 1111 rebus
2800 1039 3105 1092 inserviant.
3146 1036 3341 1095 Verum
3377 1054 3495 1111 post

1910 1120 2112 1183 paucos
2133 1106 2248 1183 dies
2276 1108 2589 1183 cxstiicruut
2614 1110 2827 1178 quidam
2857 1112 3086 1183 adunata
3108 1126 3287 1165 secum
3314 1106 3492 1183 populi

1911 1177 2264 1251 multitudine,
2291 1179 2379 1251 qui
2404 1177 2689 1251 Caeciliano
2714 1180 3182 1235 contradicendum
3208 1177 3491 1251 putarent;

1909 1248 2102 1319 quique
2132 1247 2436 1319 fasciculum
2465 1249 2517 1301 in
2547 1250 2683 1302 aluta
2715 1252 3001 1319 signatum.
3031 1261 3084 1305 ct
3110 1247 3342 1307 libellum
3371 1247 3491 1312 sine

1908 1318 2060 1394 signo
2091 1318 2397 1394 obtulerunt
2427 1320 2675 1373 dieatioui
2708 1318 2866 1385 meai;
2900 1334 3058 1390 atque
3086 1322 3352 1391 impendio
3394 1340 3489 1394 po-

1906 1388 2167 1442 stularunt
2190 1431 2204 1454 ,
2234 1400 2290 1443 ut
2320 1390 2383 1443 ad
2431 1406 2639 1444 sacrum
2672 1400 2725 1445 et
2770 1388 3124 1446 venerabilem
3160 1388 3485 1451 comitatum

1905 1459 2134 1531 numinis
2173 1461 2329 1514 vestri
2361 1461 2644 1529 dirigerem
2701 1481 2713 1515 :
2764 1479 2881 1531 qua:
2925 1474 3173 1518 manente
3202 1462 3487 1521 Cicclliano

1902 1527 1954 1604 in
1983 1537 2119 1604 statu
2163 1544 2259 1583 suo
2279 1573 2292 1595 ,
2323 1527 2577 1604 subjectis
2616 1527 2921 1586 coruuidem
2968 1536 3099 1588 actis
3119 1577 3133 1599 ,
3162 1551 3267 1604 quo
3296 1547 3484 1595 cuncta

1902 1596 1948 1650 Μ
1954 1599 2146 1677 ajestas
2147 1611 2334 1677 _vcslra
2356 1596 2516 1677 possii
2530 1602 2862 1677 dignoscere,
2878 1606 3107 1677 parvitas
3122 1596 3235 1677 mea
3254 1606 3486 1677 dirigere

1898 1671 2119 1746 curavit.
2146 1671 2437 1746 Transmisi
2464 1672 2669 1746 libellos
2691 1673 2844 1746 duos,
2872 1671 3031 1728 unum
3056 1675 3107 1728 in
3133 1676 3272 1730 aluta
3296 1671 3485 1746 supra-

1897 1742 2153 1808 scriptum
2202 1742 2294 1795 ita.
2352 1742 2572 1796 Libellus
2621 1743 2861 1799 Ecclesia:
2911 1746 3172 1799 catholicae
3215 1742 3483 1802 criminum

1896 1808 2180 1891 chiliaui,
2215 1814 2428 1891 traditus
2475 1830 2505 1866 (ι
2543 1826 2693 1891 parte
2726 1814 2990 1891 Majorim'.
3026 1817 3153 1891 Item
3197 1818 3359 1891 alium
3402 1821 3481 1891 (α)

1893 1881 2007 1933 sine
2033 1882 2203 1951 sigillo
2228 1886 2582 1938 cohaerentem
2613 1885 2785 1939 eidem
2810 1881 2971 1941 aluta:
3003 1904 3015 1938 :
3040 1887 3221 1941 datum
3249 1890 3336 1945 die
3360 1881 3487 1951 xvii,

1892 1951 1989 2002 cal.
2034 1954 2199 2006 maias
2221 1995 2234 2016 ,
2267 1954 2584 2023 Carthagine
2609 1998 2621 2017 ,
2658 1956 2880 2010 Domino
2919 1966 3101 2013 nostro
3126 1958 3476 2015 Constantino

1891 2024 2128 2089 Augusto
2162 2026 2369 2077 tertium
2403 2028 2621 2080 consule
2661 2026 2757 2097 (b).

1886 2134 2356 2215 Episcoporum
2378 2140 2588 2215 partis
2620 2140 2935 2221 Μαίοιήἰηί
2962 2160 3174 2221 preces
3202 2143 3283 2205 ad
3316 2144 3475 2208 Con-

2443 2220 2788 2279 stantinum

1958 2336 2226 2416 Rogamus
2253 2350 2321 2398 te.
2346 2354 2378 2391 o
2407 2339 2753 2416 Constantine
2779 2342 2979 2416 optime
3006 2343 3309 2411 imperator,
3334 2363 3471 2416 quo-

1888 2409 2027 2481 niam
2060 2409 2128 2463 de
2166 2424 2359 2477 genere
2403 2408 2550 2478 justd
2578 2426 2638 2463 cs
2662 2453 2675 2475 ,
2707 2408 2858 2479 cujus
2900 2423 3052 2481 pater
3082 2408 3218 2469 inter
3246 2408 3471 2474 cancros

1882 2478 2228 2549 imperatores
2272 2481 2691 2547 persecutionem
2740 2478 2842 2535 neu
2883 2478 3117 2538 exercuit
3142 2502 3154 2549 ;
3184 2495 3237 2540 et
3273 2488 3341 2541 ab
3368 2489 3471 2544 hoc

1880 2548 2380 2604 facinoreimmunis
2407 2550 2667 2605 cstGallia
2692 2570 2703 2605 :
2726 2568 2843 2606 nam
2874 2554 2925 2607 in
2947 2554 3119 2608 Africa
3145 2548 3394 2613 iutcruos
3414 2570 3471 2615 et

1878 2629 2101 2693 (ueteres
2126 2623 2404 2693 episcopos
2442 2623 2807 2676 contentiones
2851 2634 2973 2677 sunt
3004 2642 3018 2676 :
3055 2628 3280 2693 petimus
3311 2640 3365 2683 ut
3394 2631 3463 2686 dc

1878 2688 2233 2763 Galliarnohis
2256 2692 2461 2759 judices
2501 2693 2615 2746 dari
2658 2695 2928 2763 prmcipiat
2976 2688 3147 2749 Pietas
3177 2707 3285 2753 tua.
3318 2700 3465 2756 Data!

1876 2774 1904 2810 a
1938 2760 2204 2836 Luciano,
2238 2763 2404 2830 Diguo
2430 2803 2442 2821 .
2474 2760 2719 2836 Nassutio
2743 2760 3041 2836 ,(fapitonc
3066 2809 3079 2832 ,
3114 2767 3379 2836 Fidentio,
3411 2784 3465 2827 et

1876 2833 2085 2884 czeteris
2114 2833 2377 2901 episc0pis
2404 2834 2565 2901 partis
2594 2834 2782 2889 Donati
2816 2836 2853 2887 ¹.

1876 2943 1957 3004 Ut
2007 2944 2212 3003 Romcc
2250 2944 2583 3027 concilium
2622 2945 2921 3007 habeatur
2946 2967 3070 3027 pro
3121 2953 3366 3014 unitate
3405 2965 3462 3016 et

2186 3024 2528 3085 concordia
2576 3024 2998 3088 Ecclesiaruin
3031 3030 3144 3109 (d).

1907 3141 2305 3197 CONSTANTINUS
2344 3144 2621 3267 Miletist
2645 3187 2658 3209 ,
2704 3146 2946 3268 iiumam
2997 3150 3248 3222 episeopo
3280 3154 3422 3209 urbis

2459 3232 2590 3268 ottne
2621 3225 2673 3268 et
2706 3258 2717 3268 .
2757 3232 2910 3268 anco.

2459 3232 2590 3268 nunc
2621 3225 2673 3269 et
2706 3225 2910 3272 Maneo.

1945 3324 2205 3402 Quoniam
2234 3324 2531 3402 hujusmodi
2562 3327 2737 3402 plures
2762 3328 2959 3384 charta:
2986 3330 3053 3402 (ε)
3080 3346 3108 3385 a
3137 3332 3197 3386 V.
3225 3333 3282 3389 C.
3312 3337 3458 3391 Anu-

1872 3396 1981 3449 lino
1998 3396 2547 3474 ,Αἴτίςευηιιιιινιςιιιιδιιιρ
2576 3400 2639 3474 ad
2674 3415 2757 3474 me
2785 3410 2906 3474 sunt
2938 3396 3112 3474 missae
3133 3444 3147 3468 ,
3183 3404 3231 3457 in
3261 3406 3455 3474 quibus

1870 3466 2540 3545 Continetitr_(cheilianuui
2586 3468 3016 3545 Qarthagiuensis
3033 3542 3047 3545 _
3064 3466 3215 3545 urbis
3245 3466 3455 3545 episco-

1873 3552 1995 3609 pum
2025 3552 2053 3589 a
2081 3538 2393 3609 quibusdam
2441 3538 2658 3607 collegis
2706 3538 2816 3593 suis
2856 3557 2949 3609 per
2975 3542 3207 3597 Africam
3255 3538 3456 3602 consti-

1872 3607 1995 3685 tutis
2020 3648 2033 3669 ,
2065 3607 2345 3685 intiltisde
2367 3609 2529 3685 rebus
2561 3607 2880 3685 insimulari.
2908 3611 3063 3685 Quod
3084 3614 3296 3681 quidem
3330 3633 3451 3685 per-

1871 3675 2158 3750 molestum
2185 3676 2311 3727 mihi
2334 3677 2563 3750 videtur,
2591 3680 2641 3730 in
2672 3680 2785 3732 istis
2814 3675 3251 3750 provinciis-quas
3274 3675 3451 3743 di'vina

1870 3746 2193 3813 providentia
2226 3761 2358 3797 ntere
2386 3746 2654 3799 devotioni
2700 3746 2991 3815 spontaneo
3035 3746 3304 3806 deditione
3338 3766 3449 3808 tra-

1868 3816 2019 3891 didit,
2039 3823 2092 3891 et
2114 3815 2163 3891 in
2184 3815 2373 3880 quibus
2390 3817 2617 3891 maxima
2635 3827 2716 3870 cst
2734 3821 2908 3891 populi
2929 3821 3448 3891 multitudo,plebem

1865 3887 2027 3959 quasi
2048 3886 2098 3937 in
2129 3884 2267 3959 duas,
2294 3896 2467 3953 partes
2496 3886 2719 3959 divisam
2735 3884 2815 3943 “ad
2845 3890 3109 3944 deteriora
3141 3884 3444 3959 deflectere,

1865 3964 1919 4008 et
1948 3955 2227 4022 episcopos
2257 3956 2397 4010 inter
2418 3971 2476 4010 se
2505 3956 2806 4013 dissentire.
2835 3960 3041 4014 Placuit
3067 3962 3193 4017 mihi
3225 3976 3279 4018 ut
3306 3955 3445 4020 idem

1864 4026 2178 4103 _(2:eeilianu_s
2213 4041 2315 4078 una
2356 4043 2475 4081 cum
2521 4027 2704 4103 decem
2754 4029 3019 4103 episcopis
3062 4034 3148 4103 qui
3198 4050 3450 4093 accusare

1864 4097 2035 4164 ipsum
2076 4096 2357 4160 videntur,
2389 4107 2444 4151 ct
2494 4112 2611 4177 cum
2660 4096 2859 4177 decem
2897 4096 3014 4177 aliis
3057 4096 3189 4177 quos
3224 4108 3335 4177 ipse
3380 4110 3446 4161 ad

1862 4181 2010 4221 suam
2042 4182 2254 4220 causam
2307 4168 2634 4223 necessarios
2680 4185 2799 4224 esse
2841 4168 3187 4236 iudicaverit,
3223 4168 3446 4234 Romam

1863 4239 2098 4304 naviget;
2133 4247 2392 4305 quatenus
2424 4239 2492 4292 ibi
2539 4254 2716 4292 coram
2750 4241 2897 4295 vobis
2920 4283 2936 4307 ,
2964 4253 3017 4297 et
3045 4259 3223 4299 coram
3256 4246 3445 4303 libeti-

1860 4309 1962 4385 cio.
1987 4309 2242 4371 Materno,
2268 4325 2329 4361 ac
2350 4310 2549 4385 Marino
2565 4312 2789 4385 collegis
2807 4315 3017 4385 vestris.
3043 4331 3177 4385 quos
3200 4332 3262 4371 ea
3285 4333 3445 4375 causa

1859 4378 2082 4455 Romam
2126 4394 2410 4455 properare
2446 4380 2577 4455 jussi
2604 4422 2619 4442 ,
2652 4378 2819 4450 possit
2858 4384 3028 4437 audiri
3052 4378 3074 4447 ,”
3097 4389 3447 4455 quemadmo-
3482 4410 3485 4417 λ

1858 4449 1984 4502 dum
2012 4451 2358 4503 sanctissimze
2388 4451 2489 4517 legi
2520 4449 2805 4507 convenire
2829 4456 3027 4520 optime
3057 4449 3243 4513 nostis.
3276 4459 3445 4517 Porro

1859 4529 1915 4571 ut
1934 4521 2091 4598 totius
2115 4521 2305 4598 negotii
2337 4521 2928 4598 plebissimantvaleatis
2948 4525 3159 4598 haurire
3178 4531 3440 4598 notitiam,

1858 4591 2100 4659 exempla
2144 4591 2436 4645 libellorum
2469 4593 2536 4645 ab
2577 4594 2805 4648 Anuliuo
2834 4594 2897 4648 ad
2929 4612 3014 4650 me
3041 4597 3326 4653 missorum
3358 4591 3445 4656 lit;

1859 4662 1984 4714 teris
2028 4666 2159 4739 meis
2184 4662 2435 4739 subjecta
2483 4662 2547 4739 ad
2590 4664 3065 4739 collegasAvestAros
3106 4670 3443 4739 supradictas
3476 4714 3479 4715 ν

1858 4732 2148 4785 transmisi.
2178 4731 2379 4807 Quibus
2418 4732 2567 4787 lectis
2617 4731 2905 4801 perpendet
2948 4731 3190 4793 Gravitas
3219 4750 3396 4796 vestra
3421 4782 3439 4807 ,

1856 4816 2088 4868 quonam
2121 4800 2281 4854 modo
2308 4816 2463 4870 supra
2510 4800 2799 4858 memorata
2830 4809 3187 4864 controversia
3219 4800 3442 4865 accura;

1856 4872 2067 4947 tissime
2086 4871 2417 4947 dijudicauda
2449 4871 2515 4925 sit
2540 4912 2553 4933 ,
2584 4884 2637 4926 et
2662 4890 2726 4928 cx
2758 4878 3064 4947 przescripto
3094 4879 3307 4947 iustitia:
3335 4889 3444 4935 tcr-

1856 4940 2123 4994 minanda.
2155 4941 2425 5013 Siquidem
2458 4957 2555 4995 nec
2584 4952 2725 4996 tuam
2757 4940 3107 5001 sedulitatem'
3124 4950 3250 5004 latet
3273 4991 3287 5013 ,
3316 4960 3438 5004 tan-

1856 5020 1959 5063 tam
1983 5028 2012 5064 a
2037 5027 2120 5064 me
2140 5012 2489 5065 reverentiam
2517 5015 2864 5069 sanctissima:
2892 5017 3143 5071 Ecclesire
3162 5012 3437 5076 catholicae

1852 5082 2115 5145 exhiberi,
2149 5092 2204 5135 ut
2232 5082 2549 5151 generaliter
2568 5085 3011 5141 mtllumschisma
3039 5099 3129 5142 aut
3151 5088 3437 5148 discidium
3514 5088 3519 5095 “

1915 5238 1930 5269 ί
1958 5239 2205 5314 itenrieus.
2223 5237 2436 5314 Valesius
2462 5249 2606 5314 putat
2639 5243 2899 5307 legendum
2942 5259 2976 5314 ιι
3016 5253 3153 5307 parte
3199 5247 3440 5311 Mqiorim',

1850 5299 1977 5374 quod
2018 5301 2225 5374 nonnisi
2244 5309 2411 5374 pestea
2444 5299 2566 5374 dicta
2600 5314 2661 5355 Sit
2687 5299 2794 5374 pars
2817 5306 2997 5355 Donati.
3016 5299 3244 5374 "testatur
3264 5299 3435 5374 'Augu:

1850 5363 2073 5435 stiuus‘in
2100 5364 2248 5433 epist.
2275 5362 2365 5422 88,
2386 5365 2498 5435 Anni
2518 5404 2535 5435 ,_
2565 5385 2587 5435 ιε
2611 5362 2737 5435 quod
2762 5381 2869 5428 pars
2899 5371 3081 5428 lmeti,
3121 5372 3274 5432 primo
3312 5362 3437 5435 apud

1858 5382 2004 5410 sttttus
2026 5382 2073 5409 ιιι
2108 5382 2248 5424 υμιδι.
2275 5382 2365 5422 oo,
2393 5382 2442 5412 ιι.
2479 5382 2498 5413 ι
2518 5404 2530 5423 ,
2565 5385 2587 5413 ι
2611 5383 2626 5415 (
2646 5382 2737 5416 nou
2762 5382 2869 5428 pars
2899 5382 2922 5416 ιζ

1858 5440 1879 5467 ι
1896 5423 2228 5495 cartilaginem
2254 5428 2590 5495 parsAMaj‘orini
2614 5382 2879 5478 dicebatur.
2897 5446 2922 5495 ρ

1913 5484 1987 5557 (e)
2012 5484 2150 5557 Forte
2180 5484 2285 5557 ipse
2309 5484 2617 5557 estlibellus
2654 5502 2851 5557 precum
2897 5490 2976 5557 hic
3006 5490 3435 5556 subsequentium,

1851 5556 1978 5612 quas
1995 5548 2207 5612 episcOpi
2226 5550 2380 5612 partis
2394 5551 2605 5612 gaiajorini
2622 5548 2682 5599 ad
2702 5555 3062 5604 Constantinum
3082 5548 3339 5607 miserunt.

1938 5606 1987 5658 bl
2010 5606 2139 5656 Auno
2160 5606 2329 5657 Christi
2351 5609 2459 5658 313.

1913 5606 1987 5729 ib;
2010 5606 2139 5656 Auno
2160 5606 2332 5681 Christi
2351 5606 2479 5658 51δῖ
3308 5606 3315 5607 ί

1927 5681 1987 5778 se:
2011 5675 2073 5778 Et:
2085 5670 2387 5778 ῼᾱῖιῖὶιοέιιι).
2412 5673 2453 5719 1.
2480 5678 2547 5721 De
2564 5672 2700 5723 hisce
2718 5675 2944 5736 precibus
2965 5685 3164 5739 August.
3192 5680 3335 5742 epist.
3351 5680 3433 5741 53,

1852 5742 1901 5777 ιι.
1927 5742 1987 5788 :5;
2012 5742 2065 5779 et
2086 5742 2162 5787 ru,
2188 5744 2236 5779 ιι.
2256 5742 2301 5779 'z.

1940 5790 1994 5852 ά)
2019 5792 2193 5841 Euseb.
2217 5793 2301 5841 lib.
2321 5792 2377 5841 10
2399 5794 2571 5843 Hister.
2596 5795 2776 5846 Eccles.

1940 5853 1985 5913 e)
2001 5852 2200 5926 .scilieet
2220 5852 2418 5902 libellus
2438 5854 2523 5926 ilie
2543 5857 2797 5926 criminum
2822 5858 3055 5926 Creeiliani
3078 5861 3219 5911 datus
3240 5875 3267 5911 a
3291 5873 3431 5926 parte

1856 5916 2082 5977 Maiorini,
2107 5917 2170 5967 de
2194 5930 2290 5981 quo
2312 5930 2456 5979 supra
2474 5919 2523 5966 in
2538 5917 2777 5968 relatione
2798 5919 3003 5971 Anulini.

2704 6007 2734 6075 (
2752 6001 3193 6084 Vingt—cian
