4026 6520
169 507 255 562 78|
807 497 1169 551 EXCERPTA
1215 499 1302 552 AD
1344 497 1872 557 DONATI‘STARUM
1915 493 2277 556 lliS'fURlAbi
2318 496 2795 553 PEilTlNENTH.

173 614 472 682 compellit.
506 623 555 669 et
582 614 809 669 scribam
849 630 1004 683 quem
1052 613 1277 669 habuisti
1325 624 1449 668 tunc
1491 617 1746 682 letitpnris

171 687 639 744 administrationis
670 696 793 749 ιιι-ιι,
823 695 879 738 et
908 686 1244 739 tabularium.
1270 685 1373 740 Sed
1397 686 1643 754 anniam
1671 695 1747 738 ta-

173 760 404 814 bulaims
452 757 568 825 ejus
613 757 866 823 temporis
910 759 1012 810 vita
1063 756 1273 810 functus
1315 767 1416 818 est,
1463 767 1516 810 et
1561 770 1750 810 omnes

172 841 318 884 actus
347 827 818 880 administrationis
854 837 954 880 tua:
979 869 993 889 ,
1023 827 1312 880 secundum
1349 828 1510 880 ﬁdem
1553 829 1751 880 littera-

174 916 285 954 rum
311 897 551 963 ejusdem
581 899 682 951 mei
710 897 932 961 domini,
964 909 1137 951 tecum
1167 898 1402 966 perferre
1431 898 1671 960 debebis,
1697 905 1750 950 ct

174 971 234 1024 ad
274 969 552 1023 Coloniam
591 968 1062 1037 Carthaginiensem
1091 984 1212 1021 cmn
1253 969 1424 1021 scriba
1464 977 1552 1020 tuo
1587 970 1751 1035 proli-

175 1041 298 1095 cisci
327 1054 551 1094 necesse
577 1050 657 1093 est
681 1056 692 1090 :
720 1054 951 1106 przrscns
972 1049 1054 1093 est
1073 1049 1303 1099 curator.
1329 1041 1427 1093 sub
1447 1040 1597 1107 cujus
1621 1054 1754 1106 prze-

173 1111 399 1166 sentiam
439 1125 535 1164 vos
563 1111 929 1177 compellimus
964 1128 976 1162 :
1006 1109 1133 1178 qttid
1163 1109 1227 1161 ad
1273 1108 1374 1164 hoc
1419 1109 1753 1174 respondes?

174 1183 493 1236 Caecilianus
519 1179 652 1233 dixit
678 1197 688 1231 :
719 1179 833 1234 Mox
871 1181 935 1234 ad
963 1197 1046 1234 me
1072 1181 1352 1247 epistolam
1393 1179 1519 1235 Elii
1550 1179 1754 1234 Paulini

174 1253 270 1305 viri
299 1250 840 1322 spectabilisagcutis
869 1251 1116 1322 vicariam
1156 1250 1525 1321 prmfecturam
1567 1260 1752 1320 pertu-

174 1319 541 1382 listis.'statim
574 1319 640 1375 ad
669 1319 894 1374 Scribam
924 1319 1174 1374 Micciuui
1195 1323 1331 1380 mi~i.
1365 1333 1418 1374 ut
1446 1319 1668 1384 veniret,
1700 1329 1756 1374 ut

174 1405 286 1448 acta
318 1394 484 1462 ipsius
507 1395 758 1460 temporis
777 1391 1015 1447 Confecta
1041 1392 1163 1445 mihi
1191 1393 1487 1445 obtulisset.
1512 1403 1565 1445 et
1590 1407 1756 1461 usque

174 1465 348 1518 adhuc
381 1463 597 1531 inquirit
623 1479 636 1514 :
667 1464 914 1531 quoniam
960 1479 1060 1514 non
1113 1464 1376 1517 modicum
1405 1472 1612 1531 tempus
1642 1472 1752 1528 est,

174 1551 238 1588 ex
269 1549 380 1604 quo
419 1533 812 1587 tlnutnviratttm
857 1533 1218 1588 :ulniiuistravi
1250 1553 1261 1585 :
1289 1535 1412 1587 anui
1443 1543 1566 1587 sunt
1591 1533 1756 1587 unde-

174 1603 299 1659 cim.
351 1603 531 1674 Itaque
557 1620 674 1657 cum
715 1606 1003 1657 imcacrit.
1049 1605 1245 1673 p.irebo
1285 1615 1428 1657 tanto
1466 1615 1751 1673 percepto.

175 1675 450 1730 Gallienus
489 1675 734 1728 duumvir
762 1675 892 1728 dixit
924 1693 934 1728 :
969 1675 1076 1728 'fuzi
1125 1678 1373 1736 interest,
1413 1675 1633 1744 jussinni
1671 1691 1760 1742 pa—

177 1761 299 1801 t'ere
331 1763 344 1798 :
381 1746 525 1798 vides
551 1747 691 1798 enim
720 1745 1014 1813 jussionem
1042 1762 1160 1800 esse
1190 1762 1413 1798 sacram.
1445 1747 1758 1799 (lau-ilianus

178 1817 314 1872 dixit
342 1835 355 1869 :
391 1818 618 1870 Devotus
644 1832 760 1869 sum
790 1825 935 1868 tanto
962 1830 1242 1883 prmeepto.
1276 1823 1420 1869 item.
1450 1831 1570 1869 cum
1605 1818 1758 1884 paulo

179 1897 300 1958 post
326 1887 520 1958 scriba
546 1885 757 1940 Miceius
786 1887 1207 1958 supervenisset.
1256 1887 1474 1940 [inscius
1513 1887 1760 1940 duumvir

179 1957 314 2012 dixit
346 1975 361 2010 :
393 1957 596 2010 Audisti
624 1966 678 2010 ct
706 1968 781 2020 tu,
817 1958 986 2020 Micci,
1019 1957 1156 2023 qtlntl
1191 1966 1244 2010 et
1274 1969 1328 2010 tu
1361 1974 1460 2010 uua
1489 1972 1609 2010 cum
1638 1958 1757 2009 Ge-

179 2030 377 2083 ciliano
404 2029 734 2082 necessarius
757 2042 817 2081 es
846 2028 920 2082 ire
954 2028 1019 2081 ad
1059 2029 1289 2081 omnium
1322 2030 1415 2080 viri
1457 2028 1762 2096 spectabilis

179 2099 390 2166 vicarii,
421 2099 824 2153 nistructionem
848 2098 966 2162 ejus
992 2101 1245 2165 temporis
1265 2110 1322 2152 ut
1345 2100 1612 2152 Vobiscum
1639 2116 1759 2167 per-

179 2170 388 2226 foratis.
435 2168 514 2223 Ad
543 2168 656 2222 lucc
680 2168 805 2237 quid
821 2169 1005 2238 ,dicis‘l
1043 2169 1256 2229 Miecius
1281 2171 1552 2238 respondit
1597 2187 1610 2217 :
1653 2171 1763 2224 Ma-

182 2242 440 2310 gistratus
477 2241 722 2309 suppleto
766 2255 908 2310 anno
950 2254 1139 2294 omnes
1177 2251 1330 2294 actus
1371 2255 1498 2293 suos
1541 2241 1758 2296 domum

183 2327 336 2367 suam
365 2312 483 2364 tulit
511 2329 524 2362 :
552 2311 597 2364 si
642 2311 745 2365 mei
785 2309 836 2364 iu
866 2325 987 2364 cera
1025 2311 1227 2378 possint
1263 2311 1485 2366 inveniri
1531 2312 1759 2378 inquiro.

185 2381 254 2438 Et
278 2397 402 2435 cum
435 2391 698 2449 quiereret
720 2423 736 2444 ,
769 2382 996 2447 Quintus
1035 2379 1258 2436 Sisenna
1294 2383 1542 2436 duumvir
1580 2383 1713 2435 dixit
1745 2399 1758 2435 :

185 2450 342 2521 Quod
368 2452 617 2520 cognovit
639 2450 892 2515 ofﬁcium,
917 2453 1210 2520 respondit.
1237 2453 1570 2520 Apronianus
1591 2453 1721 2506 dixit
1747 2471 1760 2506 :

185 2523 239 2578 Si
267 2537 460 2578 omnes
482 2532 631 2576 actus
659 2537 785 2577 suos
813 2523 1002 2577 tulerat
1031 2525 1367 2593 magistratus
1390 2565 1404 2586 .
1446 2523 1584 2577 unde
1611 2533 1724 2578 acta
1743 2565 1759 2588 ,

225 2609 304 2648 uze
332 2603 461 2648 tunc
487 2593 679 2647 emissa
709 2603 864 2663 erant
885 2635 899 2658 ,
929 2593 1014 2648 vel
1043 2593 1283 2662 confecta
1313 2601 1459 2646 tanto
1487 2597 1765 2663 tempore?

235 2673 400 2720 tcum
427 2664 650 2726 diceret,
677 2662 922 2718 Eliamis
949 2665 1233 2733 proconsul
1259 2665 1392 2718 dixit
1416 2681 1429 2716 :
1458 2665 1520 2718 Et
1545 2662 1658 2718 mea
1686 2665 1764 2720 iu-

187 2735 497 2804 terrogatio,
524 2741 578 2789 et
599 2734 924 2804 singularum
955 2749 1298 2803 personarum
1327 2736 1606 2804 rcSponsio
1633 2738 1767 2791 actis

185 2807 508 2860 continetur.
551 2805 830 2874 Agesilaus
865 2804 996 2859 dixit
1026 2823 1042 2861 :
1070 2806 1208 2860 Sunt
1255 2817 1507 2874 przeterea
1555 2816 1608 2859 et
1647 2807 1766 2859 ali.e

186 2876 431 2943 epistola:
471 2875 594 2930 huic
631 2876 708 2930 rei
752 2877 1068 2930 necessaria:
1097 2895 1110 2931 :
1144 2877 1365 2930 interest
1407 2887 1462 2930 nt
1501 2877 1762 2943 legantur.

261 2947 434 3001 liaotts
469 2945 750 3014 proconsul
786 2945 926 3000 dixit
955 2964 969 3001 :
996 2947 1135 3014 Lege
1161 2947 1448 3014 (largiliano
1478 2947 1725 3001 audiente
1746 2989 1760 3011 ,

187 3026 248 3071 ιιι
301 3009 571 3088 agnoscat
604 3031 671 3088 an
721 3017 834 3086 ipse
887 3009 1186 3072 dictaverit.
1249 3009 1520 3086 Rgesilans
1572 3009 1764 3071 recita;

185 3085 626 3211 vit....'........$g)
668 3085 1010 3142 et’Anniano
1053 3085 1398 3155 consulibus,
1450 3091 1515 3143 M
1556 3089 1761 3142 calend.

186 3158 505 3211 sentembris
537 3159 553 3211 ι
592 3155 640 3211 i.
681 3158 732 3211 in
777 3157 892 3211 iure
933 3159 1069 3211 anud
1103 3159 1370 3211 Aurelium
1397 3203 1409 3211 .
1445 3160 1722 3211 Didvmom
1748 3201 1761 3211 .

186 3158 505 3230 septembris
537 3155 640 3229 (ιι).
681 3158 732 3230 in
771 3157 896 3230 jure
933 3159 1370 3230 apudAurelium
1397 3203 1409 3220 ,
1445 3160 1722 3230 Didymom
1748 3201 1763 3224 ,

185 3227 488 3299 speretium
516 3227 844 3299 sacerdotem
871 3229 1019 3283 lovis
1051 3229 1246 3298 Optimi
1280 3231 1488 3285 Maximi
1519 3227 1765 3285 duumvi—

185 3298 308 3372 rum
351 3299 588 3372 recitavit
631 3298 1067 3372 (c)._Splendid:e
1107 3301 1330 3356 colonia:
1371 3302 1765 3372 Carthaginian-

185 3369 612 3439 siumblaximus
638 3369 770 3425 dixit
800 3389 812 3424 :
843 3371 1054 3439 Loquor
1083 3373 1298 3426 nomine
1322 3369 1593 3427 seniorum
1621 3373 1766 3427 citri-

189 3438 357 3492 stiani
389 3441 558 3508 populi
585 3441 858 3508 catholica:
887 3438 1035 3510 legis.
1068 3443 1218 3511 Apud
1244 3444 1503 3496 maximos
1537 3444 1768 3509 Impera-

191 3519 343 3563 tores
363 3550 379 3575 ,
407 3525 560 3570 causa
598 3511 798 3580 agenda
824 3512 927 3566 erit
954 3518 1140 3564 contra
1175 3513 1516 3566 Cmeilianum
1546 3522 1599 3566 et
1628 3513 1766 3566 Feli.

185 3594 351 3651 cem,
377 3579 468 3650 qui
494 3579 842 3651 principatum
878 3581 1116 3650 ejusdem
1155 3582 1282 3651 legis
1326 3583 1500 3636 omnia
1543 3593 1767 3637 conatur

184 3650 466 3706 invadere.
496 3650 713 3707 enim
757 3653 902 3720 ipsos
953 3650 1269 3706 documenta
1317 3653 1600 3706 criminum
1650 3654 1766 3721 ejus

182 3723 590 3789 conquiruntur.
617 3722 747 3776 Nam
767 3738 887 3778 cum
909 3724 1204 3791 persecutio
1227 3733 1368 3778 esset
1395 3723 1586 3777 indicta
1608 3722 1754 3776 Chri-

182 3791 411 3854 stianis.
466 3794 515 3846 id
566 3803 684 3855 est,
731 3802 788 3846 ιιι
829 3794 1229 3857 sacriﬁcarent,
1271 3803 1361 3845 aut
1406 3808 1765 3863 quasCmuqne

181 3863 491 3931 Scripturas
539 3863 823 3925 baberent,
872 3864 1114 3916 incendio
1156 3865 1458 3925 traderent;
1506 3863 1646 3916 Felix
1676 3866 1762 3932 qui

183 3941 316 3986 tunc
340 3937 618 4003 episeopus
649 3935 744 3987 fuit
781 3935 1058 3986 Autumnis
1079 3974 1091 3993 .
1133 3948 1450 3987 consensum
1482 3934 1759 3996 attulerat,

183 4011 247 4056 ut
282 4003 348 4057 de
394 4020 552 4059 manu
591 4003 778 4058 Galatii
825 4004 1113 4069 Scriptura:
1149 4003 1526 4069 traderentur,
1573 4013 1628 4056 ιιι
1660 4005 1762 4073 igni

179 4077 519 4129 concremari
551 4085 766 4143 possent
786 4115 800 4133 .
835 4087 885 4128 et
913 4083 1026 4126 erat
1053 4083 1179 4127 tunc
1204 4076 1455 4141 temporis
1481 4075 1762 4143 magistra-

179 4153 276 4197 tus
304 4145 472 4200 Alﬁus
500 4145 830 4209 Czrcilianus,
854 4161 1009 4212 quem
1036 4152 1345 4214 prmsenten‘i
1379 4144 1559 4198 videre
1581 4146 1766 4214 digna-

175 4215 283 4268 ris.
314 4214 378 4268 Et
406 4216 652 4283 quoniam
681 4216 795 4283 ejus
835 4216 1088 4281 temporis
1112 4213 1347 4267 ofﬁcium
1389 4215 1760 4280 incumbebat,

176 4295 240 4338 ιιι
275 4285 603 4354 exjussione
644 4284 1006 4353 proconsulari
1050 4299 1236 4354 omnes
1276 4285 1666 4350 sacriﬁcarent,
1711 4299 1765 4340 et

172 4357 221 4410 si
259 4371 395 4422 quas
420 4355 719 4420 Scripturas
757 4354 1042 4414 haberent,
1075 4353 1328 4409 olferrent
1354 4356 1644 4409 secundum
1673 4371 1761 4409 sa-

170 4440 334 4479 cram
365 4425 554 4490 legent,
583 4438 783 4492 qtueso.
811 4423 1100 4477 secundum
1127 4439 1252 4477 sens
1273 4434 1375 4490 est,
1399 4437 1451 4480 et
1473 4439 1655 4480 senem
1685 4429 1766 4479 vi-

171 4498 382 4568 destet
404 4500 708 4568 non_potest
730 4493 792 4548 ad
816 4493 1121 4568 comitatum
1151 4510 1358 4568 sacrum
1390 4511 1608 4566 pergere
1639 4499 1718 4568 (ά)
1745 4514 1757 4550 :

170 4562 324 4635 apud
353 4571 466 4635 acta
497 4562 746 4635 depmiat,
789 4576 1035 4619 utrumne
1061 4565 1167 4634 jam
1197 4567 1264 4620 de
1292 4562 1534 4633 pactione
1572 4562 1760 4623 secun-

170 4633 311 4689 dum
341 4633 408 4687 ab
435 4633 620 4688 eodem
666 4634 840 4688 habita
881 4633 1084 4689 litteras
1129 4637 1330 4691 dederit
1353 4678 1367 4700 ,
1409 4651 1459 4691 et
1496 4649 1669 4692 utrum
1698 4656 1757 4693 ea

171 4721 305 4772 qua:
333 4705 384 4756 in
415 4704 606 4759 litteris
630 4705 943 4770 contulerit,
976 4722 1096 4760 vera
1127 4709 1230 4761 sint
1265 4727 1277 4762 :
1311 4717 1368 4763 ut
1397 4709 1584 4763 horum
1611 4721 1762 4764 actus

171 4784 234 4847 et
268 4775 396 4847 ﬁdes
421 4775 473 4828 in
509 4775 708 4847 judicio
736 4791 889 4830 sacro
926 4777 1098 4845 detegi
1129 4779 1317 4847 possit.
1360 4781 1563 4834 Astanti
1595 4783 1762 4835 (3ωοί-

173 4846 329 4898 liano
355 4845 626 4918 Speretius
651 4845 898 4918 duumvir
924 4847 1057 4899 dixit
1090 4864 1102 4898 :
1131 4845 1296 4901 Audis
1322 4866 1438 4917 qua!
1477 4851 1614 4918 apud
1643 4861 1758 4906 acta

173 4918 294 4969 sint
335 4914 595 4984 deposita.
634 4918 804 4970 Allius
839 4917 1150 4971 C:rcilianus
1193 4914 1368 4972 dixit':
1400 4914 1576 4972 Zauim
1611 4935 1756 4974 eram

175 4995 401 5055 propter
433 4987 598 5040 lineas
625 4986 1007 5054 comparandas
1029 5001 1156 5041 cum
1196 4988 1500 5042 Saturnino.
1537 4991 1600 5043 Et
1635 5005 1756 5044 cum

177 5071 487 5127 veniremus
516 5057 604 5111 illo
625 5096 640 5119 ,
673 5058 884 5110 mittunt
909 5059 974 5110 ad
1003 5073 1087 5110 Inc
1115 5059 1164 5110 in
1198 5061 1445 5127 primorie
1477 5061 1572 5126 ipsi
1602 5061 1762 5114 Chris

177 5125 373 5200 stiaiii,
405 5127 738 5200 indicerent,
785 5125 1366 5200 Sacriiniprmceptnm
1397 5130 1462 5184 ad
1496 5125 1546 5182 te
1573 5146 1761 5200 perve-

179 5197 302 5267 tiit‘i
332 5197 440 5265 ligo
467 5197 579 5250 dixi
614 5214 626 5248 :
656 5196 791 5267 Non,
823 5197 915 5252 sed
944 5197 1046 5251 vidi
1071 5198 1172 5263 iatn
1194 5196 1457 5267 exempla.
1488 5200 1551 5254 Et
1576 5196 1758 5256 Zama:

105 5325 110 5336 ι
180 5277 228 5319 et
260 5265 451 5338 Fontis
477 5267 613 5321 dirui
654 5266 918 5338 basilicas,
950 5277 1005 5322 et
1039 5269 1120 5324 uri
1161 5265 1464 5338 Scripturas
1497 5273 1623 5325 vidi.
1659 5273 1759 5325 lta-

178 5351 285 5404 que
315 5337 544 5404 proferte
566 5378 581 5400 ,
610 5338 652 5390 si
661 5352 812 5411 _quas
837 5336 1136 5411 scripturas
1163 5336 1369 5394 habetis
1390 5382 1405 5406 ,
1440 5351 1497 5394 ιιι
1531 5342 1754 5411 iussioni

175 5419 347 5480 εδει-ευ
375 5416 638 5480 pareatur.
661 5406 810 5480 Tunc
833 5407 1043 5480 mittunt
1069 5409 1118 5462 in
1141 5411 1356 5464 domum
1383 5406 1617 5480 episcopi
1649 5413 1754 5468 Fe-

168 5474 315 5528 licis.
351 5485 407 5553 ιιι
436 5477 682 5532 tollerent
707 5477 832 5532 inde
868 5477 1169 5553 Scripturgs
1191 5489 1310 5553 ,_ut
1341 5474 1489 5535 exuri
1537 5474 1756 5553 possent

175 5545 477 5602 secundum
495 5562 702 5602 sacrum
725 5545 1069 5619 praeceptum.
1097 5549 1188 5606 Sic
1210 5548 1447 5608 Galatius
1475 5545 1750 5610 nobiscum

263 5674 317 5731 a)
349 5678 490 5723 Forte
504 5671 668 5731 deest,
693 5670 960 5722 Vatiniano.

263 5687 295 5724 a
349 5678 490 5723 Forte
504 5677 668 5731 deest,
693 5677 960 5722 Volusiano.

239 5677 320 5809 ibi
355 5737 528 5809 Confer
550 5732 810 5809 librum‘ad
831 5737 1098 5809 Donatistas
1119 5744 1228 5799 post
1248 5737 1582 5807 collationem,
1611 5753 1660 5788 ιι.
1683 5739 1763 5801 56,

185 5795 267 5847 ubi
290 5795 586 5859 Augustinus
604 5795 771 5859 habet,
799 5809 861 5859 xv
884 5797 1110 5847 calendas
1122 5795 1341 5848 iuni-tias.

248 5859 322 5968 (t2
359 5855 584 5965 Verbu‘m,
607 5855 846 5965 recitavit,
871 5867 950 5907 aut
975 5863 1201 5921 abundat,
1241 5873 1321 5910 aut
1367 5862 1491 5911 aliud
1526 5862 1762 5926 quidpiam

248 5934 263 5968 ξ
317 5931 429 5968 esse
449 5931 602 5967 mura
630 5952 643 5964 .

189 5919 269 5968 hic
281 5919 429 5968 desse
449 5919 643 5967 indit-at.

248 5981 330 6049 (tl)
364 5987 512 6030 locus
530 5993 684 6031 curru.
705 5990 796 6028 tus.

3339 497 3442 554 '78?

1856 613 2090 681 perrexit
2118 612 2182 665 ad
2228 613 2402 666 locum
2425 654 2439 672 .
2483 613 2571 666 lilii
2603 617 2873 667 orationes
2897 611 3172 668 celebrare
3199 615 3444 668 consueti

1853 683 2082 737 fuerant.
2118 683 2243 738 Inde
2267 683 2576 737 cathedram
2606 685 2843 748 tulimus,
2883 694 2936 737 ct
2961 684 3214 752 epistolas
3243 685 3408 737 saluta
3428 715 3439 726 ο

1856 756 2037 815 turias,
2066 765 2121 809 et
2161 755 2296 808 ostia
2336 755 2514 807 omnia
2543 756 2816 808 combusta
2844 757 3002 809 suntt
3035 753 3329 810 secundum
3358 771 3440 807 sa-

1853 841 2004 878 crum
2035 835 2376 893 princeptum.
2405 825 2472 878 Et
2497 839 2616 880 cum
2648 825 2712 878 ad
2740 825 2958 878 domum
2983 824 3223 894 ejusdem
3252 825 3292 880 F
3294 826 3442 880 elicis

1857 897 2095 962 cpiscoui
2145 897 2515 957 mitteremus,
2571 899 3009 950 renuntiaverunt
3052 896 3307 950 ofliciales
3352 912 3446 965 pit-

1859 967 2001 1030 lilici,
2035 966 2182 1019 illum
2213 967 2489 1021 absentem
2523 981 2662 1021 esse.
2695 967 2822 1020 Nam
2853 982 2972 1020 cum
3004 967 3282 1035 posteriori
3313 977 3444 1022 tctu-

1858 1053 1985 1109 pore
2020 1038 2296 1109 adveniret
2321 1037 2629 1109 lngentius‘
2651 1039 2824 1091 scriba
2855 1038 3098 1109 Augentii
3121 1079 3137 1103 ,
3175 1051 3296 1092 cum
3336 1053 3444 1109 quo

1857 1108 2163 1162 :edilitatem
2190 1107 2576 1167 administravi.
2601 1107 2793 1162 dictavi
2820 1108 3101 1176 epistolam
3125 1109 3299 1163 eidem
3328 1107 3441 1164 col-

1859 1179 2008 1250 legm,
2062 1195 2244 1250 quam
2272 1178 2369 1250 feci
2419 1177 2484 1232 ad
2530 1180 2776 1234 emmlem
2819 1178 3129 1247 episc0pum
3186 1178 3440 1235 Felicem.

1858 1249 2115 1303 Maxima}-
2141 1249 2273 1303 dixit
2307 1267 2319 1301 :
2351 1249 2596 1303 l‘rarsens
2622 1260 2699 1304 est
2723 1292 2737 1315 ,
2768 1251 2954 1304 eadem
2985 1249 3210 1319 epistola
3235 1249 3282 1304 ei
3311 1252 3444 1306 olle-

1859 1331 2038 1391 ratur,
2071 1330 2130 1374 nt
2153 1321 2394 1374 eamdem
2423 1329 2788 1389 recognoscat.
2833 1321 3124 1391 Respondit
3152 1339 3164 1372 :
3198 1321 3312 1390 Ipsa
3344 1334 3445 1376 est.

1861 1390 2124 1462 Maximus
2145 1391 2280 1445 dixit
2306 1409 2319 1445 :
2342 1391 2602 1460 thniant
2637 1390 3244 1462 recognovitepistolam
3272 1408 3444 1455 suam,

1863 1460 2000 1517 hanc
2032 1463 2151 1532 lego
2176 1503 2191 1526 ,
2238 1471 2293 1516 et
2336 1477 2432 1516 oro
2478 1463 2628 1530 plena
2660 1460 2792 1532 actis
2832 1460 3111 1516 inseratur.
3157 1463 3221 1517 Et
3257 1466 3446 1518 recita-

1861 1533 1935 1605 vit
1986 1551 2000 1587 :
2050 1531 2349 1587 (Itecilianus
2399 1535 2592 1605 parenti
2641 1531 2802 1587 Felici
2830 1533 3060 1586 salutem.
3104 1532 3228 1586 Cum
3259 1532 3448 1605 Ingen-

1859 1604 1958 1656 tius
1982 1605 2227 1674 collegam
2267 1621 2429 1656 nmen
2458 1603 2762 1673 Angcntium
2788 1605 3004 1657 anticum
3033 1621 3178 1656 suum
3206 1603 3445 1658 conveni-

1859 1684 1954 1738 ret,
1987 1685 2030 1728 et
2059 1676 2344 1744 inquisisse:
2372 1689 2507 1727 anno
2531 1676 2824 1728 duovirntus
2850 1677 2967 1737 mei,
2996 1693 3060 1727 an
3090 1676 3273 1744 aliqua:
3301 1677 3448 1730 Scri-

1862 1755 2026 1814 ptura:
2072 1747 2194 1816 legis
2249 1755 2424 1798 vestrm
2471 1746 2748 1798 secundum
2805 1762 3000 1798 sacram
3050 1746 3207 1816 legem
3254 1748 3449 1800 adusta:

1861 1819 2075 1870 sint.....
2100 1833 2249 1885 quam
2279 1816 2512 1870 Gal/nius
2540 1833 2670 1869 unus
2695 1833 2758 1870 ea:
2786 1818 2892 1886 lege
2933 1826 3092 1869 vestra
3121 1817 3315 1885 publice
3342 1821 3447 1886 cpi-

1862 1886 2017 1958 stolas
2048 1888 2368 1958 sqlutatorias
2406 1887 2468 1939 dc
2506 1887 2714 1940 basilica
2743 1889 3024 1957 protulerit.
3081 1886 3212 1958 Opto
3251 1897 3297 1942 te
3323 1889 3444 1942 bene

1861 1957 2045 2028 ualere.
2075 1956 2184 2011 Hoc
2203 1958 2400 2028 signum
2411 1959 2437 2028 γ’
2458 1961 2590 2021 quod
2609 1956 3006 2026 deprecator-ium
3027 1958 3094 2010 ad
3117 1956 3194 2013 me
3213 1960 3449 2013 miserant

1863 2027 2176 2098 Christiani,
2204 2027 2260 2082 et
2278 2030 2383 2097 ipse
2403 2027 2425 2059 ³
2465 2030 2608 2098 cujus
2648 2040 2717 2081 est
2758 2029 3092 2096 precatorium
3116 2045 3135 2083 :
3169 2039 3213 2082 et
3240 2030 3449 2093 dixisti,

1867 2098 2012 2153 Tolle
2039 2097 2228 2152 clavem
2252 2141 2266 2163 ,
2296 2108 2340 2151 ct
2371 2113 2494 2166 quos
2524 2097 2775 2152 inveneris
2804 2101 2855 2152 in
2900 2100 3139 2153 cathedra
3181 2099 3334 2153 libros
3357 2143 3372 2166 ,
3405 2113 3453 2154 ct

1863 2185 2020 2240 super
2048 2170 2220 2240 lapide
2247 2170 2471 2231 codices,
2515 2171 2633 2223 tolle
2656 2169 2773 2241 illos
2804 2185 2820 2222 :
2849 2185 2972 2223 sane
2995 2169 3108 2241 vide
3130 2171 3364 2241 aniciules
3392 2189 3452 2226 nc

1865 2239 2044 2294 tollant
2079 2240 2248 2312 oleum
2283 2251 2328 2294 et
2369 2240 2607 2292 triticum.
2645 2239 2713 2292 Et
2753 2257 2843 2312 ego
2879 2241 2989 2293 dixi
3021 2240 3108 2293 tibi
3136 2239 3264 2295 :V'Tu
3295 2244 3454 2296 nescis

1899 2312 1984 2364 uia
2010 2312 2096 2365 ubi
2135 2311 2418 2380 Scriptura:
2445 2312 2766 2363 inveniuntur
2783 2311 2804 2375 7,
2845 2312 2962 2380 ipsa
2986 2311 3164 2365 domus
3189 2312 3407 2365 diruitur
3428 2315 3454 2366 Ρ

1899 2328 1984 2364 tua
2010 2328 2096 2365 unt
2135 2328 2418 2380 Scriptura.-
2445 2328 2766 2363 inveniuntur
2789 2352 2804 2375 ,
2845 2328 2962 2379 ipsa
2986 2328 3164 2365 nonius
3189 2328 3407 2365 atrmmr
3428 2328 3451 2366 τ

1864 2328 1935 2454 lit
1961 2382 2136 2454 dixiin
2167 2397 2186 2436 :
2219 2382 2355 2454 Quid
2384 2397 2507 2454 ergo
2542 2383 2786 2452 faciemus
2810 2381 2840 2454 ξ
2863 2379 2937 2454 Et
2981 2381 3090 2454 dixi
3132 2399 3223 2454 ego
3263 2385 3399 2437 vobis
3432 2399 3451 2436 :

1869 2452 2037 2506 Tollat
2059 2453 2248 2520 aliquis
2275 2453 2336 2505 de
2360 2450 2549 2506 vestris
2567 2454 2619 2505 in
2643 2467 2764 2504 area
2787 2450 2872 2505 ubi
2897 2450 3366 2522 orationcs'fucitis,
3399 2466 3448 2507 et

1867 2523 1972 2594 illic
2003 2533 2285 2593 ponantur;
2323 2532 2370 2575 et
2397 2540 2488 2594 ego
2531 2524 2675 2576 venio
2715 2539 2827 2574 cuin
2856 2523 3158 2594 roﬂicinlibus
3181 2567 3195 2586 ,
3225 2537 3273 2577 et
3302 2525 3447 2579 tollo.

1867 2591 1936 2648 Et
1983 2591 2074 2647 nos
2101 2595 2194 2647 illo
2219 2591 2459 2654 uenimus,
2500 2604 2548 2647 et
2575 2594 2744 2648 omnia
2787 2591 2994 2646 tulimus
3017 2634 3031 2657 ,
3063 2596 3337 2649 secundant
3365 2612 3452 2648 sn-

1867 2681 2008 2718 crum
2039 2677 2362 2737 praeceptum.
2393 2665 2652 2737 Maximus
2679 2664 2813 2718 dixit
2845 2682 2857 2718 :
2890 2663 3148 2732 Quoniam
3185 2665 3302 2736 ejus
3340 2670 3450 2736 cpi-

1867 2737 2017 2810 stola:
2046 2735 2362 2810 lectioapud
2392 2746 2530 2810 acta__
2550 2736 2763 2810 recitata
2793 2745 2892 2800 est,
2922 2751 3077 2806 quam
3120 2735 3236 2810 ipse
3285 2735 3452 2810 agno—

1869 2807 1942 2860 vit
1971 2821 2031 2860 se
2063 2807 2292 2872 misisse,
2330 2821 2447 2874 qua:
2481 2806 2651 2873 dixit,
2684 2805 2988 2874 qumsumus
3030 2805 3162 2860 actis
3194 2805 3450 2863 hmreaut.

1867 2878 2142 2944 Spcretius
2183 2877 2439 2948 duumvir
2469 2877 2609 2930 dixit
2639 2893 2650 2930 :
2681 2875 2811 2945 Qnre
2852 2877 3032 2931 dixisti
3071 2877 3448 2948 scripta'snut.

1870 2949 2147 3018 Agesilaus
2169 2947 2301 3002 dixit
2328 2966 2339 3000 :
2367 2947 2443 3001 Ad
2471 2957 2784 3018 pra-sontem
2808 2948 3086 3018 epistolam
3110 2947 3451 3018 recognovit:

1871 3016 2134 3072 residuam
2169 3030 2396 3089 partem.
2425 3033 2581 3088 quam
2610 3034 2749 3072 nunc
2772 3016 3134 3089 legit,falsam
3163 3016 3284 3074 esse
3303 3021 3449 3076 dicit.

1870 3088 2178 3162 timcdianus
2199 3089 2333 3162 dixit
2355 3108 2366 3141 :
2395 3091 2635 3152 Domine,
2657 3103 2822 3158 usque
2843 3092 2906 3162 ad
2931 3088 3031 3162 hoc
3048 3089 3239 3162 dictavi
3262 3106 3454 3162 usque-

1870 3175 1974 3224 quo
2013 3161 2188 3221 habet,
2233 3159 2365 3230 Opto
2399 3169 2466 3218 te.
2516 3175 2700 3229 parcns
2737 3159 3054 3230 charissima,
3101 3161 3222 3214 bene
3259 3159 3446 3217 valere.

1870 3232 2208 3299 Apronianus
2233 3231 2364 3283 dixit
2397 3249 2410 3283 :
2442 3230 2670 3299 Semper
2696 3231 2774 3284 sic
2799 3229 3013 3292 falsum,
3048 3246 3143 3300 per
3163 3239 3452 3300 terrorem,

1869 3315 1965 3383 per
1981 3317 2216 3383 sci-uani,
2243 3317 2336 3370 per
2326 3302 2705 3383 irreligiosum
2728 3313 2957 3383 mentem
2979 3311 3156 3383 aetum
3181 3310 3260 3356 est
3283 3303 3455 3383 abhis

1869 3372 1957 3438 qui
1995 3373 2270 3427 catholica:
2325 3372 2576 3427 Ecclesizn
2614 3372 2918 3427 consentire
2962 3375 3262 3427 noluerunt.
3321 3374 3451 3428 Nam

1873 3442 2094 3496 Paulino
2127 3445 2209 3495 hic
2234 3443 2636 3496 administrante
2660 3445 2800 3496 vices
2834 3441 3228 3512 perfectorum,
3258 3443 3452 3500 subor—

1872 3524 2026 3584 natus
2049 3522 2130 3567 est
2155 3514 2365 3582 quidam
2391 3515 2623 3582 privatus
2653 3513 2834 3578 homo,
2863 3515 2951 3584 qui
2978 3514 3191 3568 modum
3220 3520 3454 3570 cursoris

1871 3581 2112 3656 ltabciet,
2153 3586 2242 3653 qui
2281 3585 2343 3638 ad
2391 3581 2696 3656 Catholica;
2729 3581 2984 3640 nnilaiem
3026 3587 3253 3656 veniret,
3297 3598 3456 3656 atoue

1869 3667 1966 3725 eos
2005 3654 2275 3707 induceret
2301 3661 2358 3725 et
2387 3664 2628 3710 terreret.
2681 3654 2895 3710 Detecta
2944 3656 3102 3725 igitur
3145 3655 3304 3710 factio
3350 3654 3452 3712 est.

1869 3721 1999 3777 Nam
2013 3724 2449 3796 componebatur
2475 3725 2630 3777 Felici
2651 3721 3061 3796 religiosissima
3076 3726 3337 3796 episeopo
3359 3741 3456 3796 per

1870 3777 2224 3858 mendacium,
2254 3802 2311 3847 ut
2336 3795 2605 3864 videretur
2628 3777 3251 3864 Scripturas‘prodidiss'e
3269 3777 3329 3850 ἓί
3355 3777 3453 3851 Ei;

1870 3866 2088 3936 nssisse.
2141 3863 2407 3936 lugentius
2437 3863 2673 3936 quidem,
2703 3878 2822 3936 cum
2861 3863 2982 3936 hoc?
3003 3874 3168 3936 ιιιιιιιιι
3195 3867 3447 3936 quidquid

1867 3935 2076 4003 agebat,
2105 3935 2317 3988 obesset
2359 3935 2622 3988 sani-tituli
2669 3945 2718 3987 et
2749 3935 2985 4003 religioni
3007 3933 3296 3994 Czeciliaiii.
3325 3933 3448 3991 sub-

1868 4013 2087 4059 ornatus
2127 4015 2205 4058 est
2276 4015 2330 4058 ut
2386 4007 2586 4059 veniret
2635 4019 2752 4058 cmn
2798 4005 2988 4061 litteris
3044 4007 3206 4061 veluti
3259 4007 3452 4062 Felicis

1868 4076 2101 4150 epi_se_«_ipi
2134 4076 2198 4128 ad
2226 4075 2561 4150 (herilianuin
2589 4074 2942 4150 duumvirum,
2971 4085 3026 4133 et
3051 4077 3099 4132 ei
3127 4079 3453 4150 contingeret

1869 4160 1897 4219 ξι
1934 4146 2106 4200 Felice
2136 4160 2193 4198 se
2220 4160 2338 4199 es~e
2369 4147 2692 4219 mandatum.
2745 4145 2890 4200 Dicat
2927 4149 3225 4219 ipsagvcrba
3261 4145 3453 4219 quibus

1869 4216 1971 4270 hoc
2010 4225 2092 4270 est
2138 4219 2443 4287 coniictuni.
2490 4216 2733 4272 Aitianus
2781 4217 3064 4287 proconsnl
3107 4219 3242 4274 dixit
3278 4216 3296 4272 Ξ
3338 4219 3449 4274 Die.

1867 4288 2204 4356 Apronianus
2228 4286 2396 4340 dixit:
2431 4287 2540 4350 Dic,
2582 4286 2976 4356 inquitpmnico
3012 4304 3120 4343 meo
3159 4289 3450 4357 thcilimio,

1867 4357 2002 4427 quod
2027 4358 2220 4410 codices
2247 4372 2350 4433 (τιτι
2366 4357 2417 4428 pi
2459 4359 2700 4433 pretiosos
2725 4357 2930 4433 deiﬁcos
2959 4359 3207 4433 undecim,
3238 4361 3454 4433 quiaque

1868 4443 1948 4481 me
1971 4443 2102 4502 nunc
2147 4430 2392 4502 convenit,
2442 4439 2495 4482 ut
2534 4429 2659 4502 illos
2695 4432 2972 4496 restituam,
3017 4431 3099 4502 dic
3137 4429 3273 4502 quod
3319 4429 3453 4486 anno

1867 4499 2186 4580 magistratus
2217 4499 2288 4580 tui
2317 4516 2400 4552 cos
2435 4500 2703 4580 emusseris,
2734 4516 2796 4580 ne
2831 4502 3039 4554 reddant
3078 4499 3211 4557 illos.
3244 4502 3358 4580 Qua
3385 4505 3452 4558 de

1867 4583 1928 4623 re
1957 4569 2114 4642 igitur
2149 4569 2216 4624 de
2247 4570 2483 4640 lugentia
2520 4571 2862 4642 qua'rcndum
2912 4579 3013 4637 est,
3046 4569 3306 4641 quatenus
3335 4575 3448 4628 lure

1868 4641 2164 4694 machinata
2193 4641 2300 4694 siut
2329 4657 2390 4696 ac
2417 4641 2688 4706 fabricata,
2723 4651 2775 4695 et
2799 4652 3058 4710 quatenus
3085 4645 3311 4698 Voluerit
3337 4647 3441 4700 cir-

1866 4712 2224 4766 cumscribere
2261 4713 2569 4780 magistrum
2597 4711 2618 4742 ⁸
2641 4711 2708 4765 ad
2738 4713 3089 4778 mendacium,
3115 4724 3173 4768 ut
3217 4714 3445 4770 Felicem

1865 4791 2172 4851 aspergeret
2200 4783 2411 4835 infamia
2439 4803 2451 4836 :
2483 4782 2620 4835 dicat
2649 4795 2676 4834 a
2708 4797 2810 4849 quo
2837 4783 3032 4838 missus
3052 4785 3142 4851 sit,
3174 4797 3441 4839 verumta-

1867 4867 1990 4906 men
2027 4851 2468 4905 machinationem
2511 4852 2664 4904 istam
2712 4852 2764 4906 in
2804 4854 3181 4909 conscientiam
3225 4854 3444 4919 Felicis,

1868 4922 2277 4995 quoCmciliani
2309 4923 2492 4995 pudori
2524 4931 2578 4995 et
2625 4920 2775 4976 initio
2817 4922 3116 4995 denegaret.
3163 4925 3257 4980 Est
3302 4927 3443 4980 enim

1867 4992 2078 5066 quidam
2127 4993 2215 5066 qui
2267 4992 2768 5066 per-Mauritaniam
2815 5004 2886 5066 et,
2911 4992 3208 5049 Numidiam
3240 4996 3449 5066 legatus

1866 5063 2061 5138 missus
2101 5063 2169 5115 sit
2211 5077 2280 5115 ex
2325 5061 2601 5138 adversa“
2646 5073 2812 5138 parte.
2849 5065 2915 5120 Et
2956 5074 3164 5120 astante
3206 5061 3450 5138 lngeiitio

1866 5131 2110 5186 Elianus
2147 5133 2430 5203 proconsul
2461 5133 2591 5187 dixit
2622 5131 2832 5203 {Cujus
2872 5145 3135 5204 praecepto
3174 5153 3238 5192 ea
3266 5131 3452 5193 susce-

1867 5204 2240 5286 pistiﬁagenda,
2290 5219 2409 5274 quze
2440 5204 2530 5258 tibi
2572 5205 2930 5286 objiciuntur}
2974 5206 3244 5286 ingenuus
3271 5206 3404 5286 dixit
3435 5226 3449 5261 :

1869 5273 2022 5349 Ubii
2049 5273 2613 5349 lEliaiitts’proconstil
2645 5277 2776 5330 dixit
2823 5291 2852 5349 :_
2887 5273 3150 5349 Quoniam
3194 5279 3348 5349 ﬁngis
3399 5288 3450 5335 te

1866 5359 1973 5417 non
2014 5345 2304 5417 intelligere
2349 5346 2488 5415 quod
2542 5345 2905 5416 interrogaris,
2941 5346 3114 5417 dicam
3163 5345 3446 5417 apertius:

1864 5414 1994 5490 Quis
2024 5415 2168 5490 te_ad
2191 5414 2556 5490 magistratum
2599 5414 2937 5490 Capi—ianum
2969 5416 3152 5473 misit?
3177 5414 3450 5490 [egentius

1864 5486 2034 5540 dixit:
2075 5484 2242 5538 Nemo
2292 5484 2376 5540 ine
2423 5488 2584 5541 misit.
2641 5487 2885 5543 Elianus
2939 5484 3403 5557 proconsul'dixit
3434 5507 3452 5542 :

1865 5557 2142 5623 Quotiiodo
2165 5573 2294 5626 ergo
2326 5559 2514 5613 venisti
2557 5557 2623 5612 ad
2671 5560 3032 5629 magistratum
3063 5559 3448 5616 Caecilianum?

1927 5669 1944 5700 ί
1982 5666 2102 5700 Infra
2149 5666 2190 5700 ea.

1927 5669 1944 5700 ί
1980 5665 2122 5729 Infra,
2146 5666 2300 5732 signa.

1860 5729 2290 5841 i"gaudendum,
2333 5730 2598 5782 secundum
2639 5731 2906 5796 plaritmn,
2947 5739 2991 5783 ct
3018 5735 3306 5787 adnuimus.
3337 5741 3448 5787 tida

1881 5802 1998 5840 atra.

1925 5855 1946 5915 ἓ
1979 5859 2136 5910 Forte,
2158 5857 2204 5902 et
2226 5857 2287 5915 tu,
2299 5852 2417 5915 ipse.

1922 5913 1944 5944 ⁸
1978 5921 2132 5971 Forte,
2158 5912 2508 5975 magistratum.

1925 5977 1944 6007 ⁸
1982 5989 2007 6021 ιι
2017 5975 2121 6039 llas,
2137 5975 2338 6026 tlit'crsa.
