4026 6464
201 376 309 434 785.

210 508 217 511 ν
479 489 872 546 Consum-mus
896 490 1171 545 AUGUsTUS
1199 490 1433 544 Anuvto
1452 490 1489 543 '.

210 586 213 587 ⁷
264 580 382 635 Jam
413 581 626 650 quidem
654 583 877 636 antehac
897 596 1015 635 cum
1037 582 1290 649 perlatum
1320 581 1503 635 fuisset
1522 580 1586 634 ad
1610 582 1781 635 scien-

198 654 320 706 tiam
360 668 571 716 meam,
605 653 740 721 apud
769 651 998 705 Africam
1042 664 1275 705 nostram
1318 653 1493 721 plures
1534 652 1733 707 nefario
1760 655 1778 685 '

199 723 378 777 furore
405 724 555 776 vanis
579 724 1038 776 criminationibus
1064 732 1246 776 contra
1279 737 1339 775 se
1370 724 1594 777 invicem
1619 739 1783 791 super

195 794 529 847 observantia
559 793 906 848 sanctissinne
932 792 1060 862 legis
1099 792 1119 823 ³
1151 793 1426 847 catholica:
1459 794 1732 849 discedere
1757 794 1778 825 ⁸

193 863 463 932 coepisse;
492 863 803 917 dirimeudze
835 863 1181 917 dissensionis
1203 862 1567 931 hujuscemodi
1599 880 1777 928 causa,

194 936 467 1002 placuerat
495 933 643 997 mihi,
679 944 732 987 ut
759 935 823 987 ad
858 933 1042 987 urbem
1088 934 1307 987 Ruinam
1341 944 1443 986 tam
1469 936 1781 989 t2wcilianus

191 1004 629 1073 Cartliaginensis
658 1006 959 1073 episeopns,
990 1015 1176 1057 contra
1224 1020 1379 1073 quem
1419 1005 1501 1058 vel
1554 1006 1782 1060 maxime

194 1076 428 1129 universi
483 1090 626 1142 saepe
669 1091 753 1128 me
800 1084 1181 1137 convenerant,
1228 1090 1384 1142 quam
1427 1077 1587 1129 etiam
1620 1076 1781 1144 aliqui

192 1161 258 1199 ex
291 1145 374 1199 his
425 1146 513 1213 qui
561 1145 608 1198 ei
655 1145 894 1210 qu:cdam
927 1145 1223 1211 objicienda
1256 1146 1609 1207 crediderant,
1647 1162 1782 1214 pra:-

191 1216 421 1270 sentiam
461 1216 538 1268 sui
570 1215 903 1270 exhiberent.
936 1214 1066 1269 Nam
1112 1217 1269 1269 etiam
1309 1216 1374 1269 ad
1424 1216 1779 1285 supradictam

192 1286 381 1340 urbem
413 1285 631 1338 llomam
658 1295 890 1339 nostram
920 1286 1175 1355 quosdam
1222 1287 1499 1355 episcenos
1547 1303 1611 1340 ex
1658 1287 1783 1341 Gal-

194 1357 281 1410 liis
316 1358 393 1410 ire
438 1370 813 1425 praeceperant,
846 1365 901 1409 ut
954 1366 1059 1408 tam
1111 1356 1162 1409 1ιί
1204 1373 1298 1424 pro
1340 1357 1635 1426 integritate
1662 1359 1782 1412 vita:

190 1443 327 1491 sum,
358 1436 517 1493 atque
546 1427 790 1480 laudabili
822 1426 1081 1491 instituto,
1112 1427 1204 1479 sed
1231 1436 1284 1481 et
1310 1436 1511 1495 septem
1540 1427 1780 1496 ejusdem

190 1498 605 1559 communionis,
652 1513 807 1566 quam
852 1497 1009 1549 etiam
1056 1496 1199 1550 urbis
1251 1497 1451 1561 Roune,
1480 1499 1777 1566 episc0pi‘,

190 1576 357 1637 atque
399 1568 473 1621 illi
522 1568 759 1636 quicum
798 1568 981 1621 iisdem
1013 1578 1413 1635 cognoscerent,
1462 1580 1677 1636 possent
1706 1570 1780 1623 rei

190 1654 316 1707 qua:
342 1637 616 1691 videbatur
634 1653 753 1693 esse
778 1647 1063 1698 commota,
1099 1638 1258 1691 linem
1293 1638 1526 1693 debitum
1559 1639 1782 1693 adhibe-

192 1725 275 1764 re.
309 1708 409 1775 Qui
458 1708 671 1776 quidem
717 1722 778 1763 ea
809 1723 1155 1777 quaecumque
1194 1708 1245 1761 in
1278 1710 1556 1777 przesentia
1596 1724 1781 1763 eorum

192 1778 411 1833 fuerunt
434 1786 601 1847 gesta,
630 1787 817 1833 cuncta
846 1778 909 1830 ad
941 1778 1214 1831 scientiam
1246 1794 1439 1843 meam,
1461 1780 1619 1833 etiam
1648 1781 1782 1835 actis

195 1850 394 1903 habitis
425 1851 737 1913 retulerunt,
764 1848 924 1901 verbo
950 1850 1166 1916 insuper
1193 1850 1515 1903 affirmantes
1542 1850 1679 1917 quod
1697 1850 1783 1918 ju-

192 1920 393 1973 dicium
444 1936 596 1972 suum
648 1935 742 1989 pro
787 1934 963 1972 rerum
1012 1918 1200 1971 fuisset
1250 1922 1497 1987 :equitate
1531 1922 1780 1989 deprom-

197 2001 371 2058 ptum,
401 2004 599 2057 eosque
647 1991 818 2057 potius
862 2003 1032 2043 causae
1071 1990 1331 2043 olmoxios
1357 2005 1473 2044 esse
1518 1990 1779 2055 dicentes,

192 2061 288 2128 qui
331 2069 514 2114 contra
547 2061 880 2113 (lmcilianum
921 2058 1160 2127 qumdam
1196 2070 1514 2127 putaverunt
1539 2076 1781 2114 eomtno-

193 2146 357 2184 vere:
407 2130 541 2183 adeo
584 2141 639 2183 ut
671 2134 826 2183 istum
853 2130 873 2160 ⁸
905 2139 1021 2197 post
1045 2130 1299 2197 judicium
1349 2132 1605 2195 habitum,
1642 2131 1785 2185 Afri-

194 2216 316 2255 cam
354 2203 494 2267 ipsos
524 2216 791 2255 remeasse
819 2200 1160 2268 prohiberent
1195 2202 1237 2251 ".
1266 2200 1390 2253 lnde
1419 2212 1633 2270 propter
1669 2201 1785 2256 haec

194 2271 377 2324 omnia
403 2271 659 2339 probabili
687 2287 863 2325 rerum
886 2272 1232 2324 mstimatione
1258 2285 1617 2339 speraveram,
1641 2274 1781 2339 quod

194 2342 449 2395 omnibus
489 2342 707 2395 omnino
732 2341 1082 2395 seditionibus
1116 2351 1169 2393 et
1207 2342 1635 2396 contentionibus
1664 2358 1783 2410 qua:

195 2412 266 2464 ab
295 2414 359 2464 iis
403 2411 705 2464 hominibus
732 2411 1061 2473 ,videhantur
1103 2411 1279 2464 subito
1320 2423 1618 2475 commota},
1662 2412 1783 2469 linis

196 2482 411 2535 debitus
459 2481 642 2535 fuisset
686 2481 982 2549 impositus.
1027 2481 1130 2534 Sed
1180 2496 1298 2535 cum
1333 2483 1636 2537 dictationis
1679 2492 1782 2537 tua:

202 2554 403 2620 scripta
437 2552 703 2621 legissem,
745 2567 863 2620 qua:
905 2551 969 2604 ad
998 2551 1261 2605 Nicasiqu
1297 2563 1347 2606 et
1374 2564 1596 2606 caeteros
1621 2569 1785 2621 super

198 2622 406 2676 hisdem
437 2622 859 2675 simulationibus
880 2622 1125 2676 Gravitas
1149 2632 1231 2674 tua
1260 2624 1513 2676 mittenda
1543 2625 1785 2677 credide-

197 2702 303 2755 rat,
336 2692 613 2747 evidentcr
640 2694 829 2760 agnovi
873 2692 1012 2761 quiod
1046 2708 1215 2759 neque
1262 2694 1557 2761 respectum
1598 2696 1785 2749 salutis

196 2777 333 2825 sum,
373 2777 567 2832 neque,
597 2762 736 2831 quod
767 2772 848 2817 est
877 2763 1062 2831 majus,
1099 2763 1191 2815 Dei
1221 2766 1596 2831 omnipotentis
1626 2781 1784 2819 vene-

197 2834 461 2886 rationem
483 2842 605 2885 ante
629 2833 812 2887 oculos
835 2848 959 2886 suos
984 2834 1147 2887 velint
1171 2848 1368 2900 ponere
1397 2852 1409 2886 :
1436 2835 1693 2903 siquidem
1720 2851 1784 2891 ea

197 2918 360 2970 agere
392 2905 671 2971 persistant
692 2944 707 2967 ,
738 2918 855 2971 qua:
886 2919 989 2956 non
1018 2904 1176 2956 modo
1200 2904 1263 2956 ad
1298 2905 1527 2972 ipsorum
1555 2905 1785 2960 dedecus

197 2972 579 3042 infamiamque
609 2974 924 3041 pertineant,
953 2975 1043 3026 sed
1072 2976 1232 3027 etiam
1258 2974 1338 3027 his
1370 2976 1667 3031 hominibus
1694 2977 1795 3030 dc-

200 3043 444 3097 trahendi
471 3043 591 3097 dent
626 3044 925 3097 facilitatem
947 3044 989 3105 ⁸.
1021 3045 1109 3113 qui
1139 3046 1292 3113 longe
1320 3045 1386 3098 ab
1418 3046 1783 3111 hujuscemodi

201 3114 535 3167 sanctissima
565 3114 895 3167 observantia
931 3128 1118 3168 sensus
1151 3130 1276 3168 suos
1314 3126 1601 3169 uosCuntttr
1629 3132 1784 3171 aver-

201 3193 335 3238 tere.
359 3183 489 3237 Nam
513 3184 561 3238 id
584 3198 792 3253 quoque
813 3193 864 3237 te
888 3186 1024 3255 scire
1044 3186 1309 3245 convenit,
1334 3186 1472 3255 quod
1494 3202 1559 3240 ex
1582 3186 1782 3241 hisdem

201 3265 494 3325 venerunt,
526 3263 824 3308 asserentes
850 3254 990 3323 quod
1021 3256 1195 3308 minus
1223 3256 1411 3325 dignus
1446 3257 1583 3310 idem
1615 3258 1785 3311 Caeci-

203 3324 379 3394 lianus
397 3326 533 3378 cultu
547 3325 916 3383 sincerissimte
937 3326 1204 3394 religionis
1226 3325 1498 3381 habeatur.
1522 3328 1584 3379 Et
1601 3336 1787 3382 contra

208 3392 278 3446 id
294 3396 435 3462 quod
466 3396 663 3450 hisdem
693 3392 1099 3463 responderant,
1134 3396 1321 3448 frustra
1353 3411 1449 3449 eos
1476 3396 1527 3449 id
1552 3398 1782 3464 jactare,

207 3464 405 3531 quippe
424 3480 539 3518 cum
563 3480 649 3519 res
675 3464 858 3518 fuisset
879 3465 1015 3534 apud
1042 3465 1222 3518 urbem
1250 3467 1468 3519 Romam
1491 3466 1559 3518 ab
1581 3466 1785 3521 idoneis

205 3548 273 3587 ac
306 3536 683 3602 proliatissimis
712 3537 839 3588 viris
868 3536 1129 3603 episcotiis
1160 3538 1435 3589 terminata
1454 3577 1467 3597 ,
1500 3536 1693 3590 obnixe
1722 3553 1785 3590 ac

204 3604 545 3673 pertinaciter
569 3606 994 3674 respondendum
1021 3606 1413 3658 wstituaverunt
1434 3606 1574 3673 quod
1600 3621 1786 3661 eorum

203 3676 382 3729 multis
410 3692 566 3729 causa
596 3691 697 3728 nou
727 3674 911 3730 fuisset
938 3675 1134 3737 audita.
1162 3675 1256 3739 sed
1290 3676 1461 3744 potius
1492 3676 1788 3744 iidemepi-

199 3745 352 3815 scopi
373 3747 597 3814 quodam
628 3748 742 3799 loco
766 3760 823 3799 se
844 3746 1178 3810 clausissent,
1202 3756 1256 3815 et
1281 3756 1431 3813 prout
1458 3746 1584 3813 ipsis
1605 3755 1785 3815 aptum
1806 3792 1809 3795 γ

200 3814 375 3870 fuerat
396 3857 410 3877 ,
448 3816 792 3884 judicassent.
835 3816 1009 3881 Quare
1037 3830 1156 3868 cum
1199 3814 1311 3868 haec
1343 3824 1417 3868 tot
1446 3825 1500 3869 et
1531 3814 1671 3869 tanta
1703 3818 1786 3870 ni-

198 3887 370 3939 mium
409 3887 634 3939 obnian
671 3885 1030 3939 dissensiones
1068 3886 1377 3954 protrahere
1417 3886 1782 3954 perviderem,

196 3955 275 4008 ita
306 3968 361 4008 ιιι
393 3958 534 4009 ιιιιΙΙο
565 3956 722 4009 modo
754 3957 874 4009 linis
904 3955 1105 4009 hisdem
1137 3955 1249 4007 dari
1294 3970 1449 4023 posse
1489 3954 1783 4022 videretur,

194 4026 303 4079 nisi
346 4035 400 4078 et
435 4026 757 4079 Caecilianus
790 4026 966 4091 idem,
1007 4034 1061 4078 et
1099 4040 1163 4077 ex
1205 4026 1286 4077 his
1326 4026 1413 4094 qui
1448 4035 1628 4079 c0utra
1664 4042 1785 4080 eum

194 4095 490 4158 dissident,
528 4105 634 4149 tres
671 4097 828 4163 aliqui
869 4096 920 4147 in
957 4095 1209 4164 judicium
1240 4111 1454 4159 eorum,
1486 4097 1573 4160 qui
1602 4105 1785 4149 contra

191 4166 542 4218 Umcilianum
565 4169 585 4198 θ
608 4166 859 4228 sentiunt,
884 4179 1313 4233 consensumque
1326 4165 1549 4229 debent,
1566 4166 1630 4219 ad
1654 4169 1789 4220 Are-

190 4236 407 4288 latense
434 4236 682 4303 oppidum
714 4235 989 4298 venerint;
1020 4234 1396 4301 injungeudum
1425 4234 1655 4288 solenne
1683 4246 1787 4290 tute

191 4305 361 4366 duxi,
391 4312 446 4355 ut
475 4318 595 4355 mox
620 4302 720 4373 bas
748 4303 946 4357 litteras
976 4318 1121 4357 meas
1147 4308 1416 4373 acceperis
1435 4344 1451 4367 ,
1486 4315 1590 4358 tam
1606 4304 1786 4363 ,(1ωεί-

188 4376 403 4444 [ianum
425 4370 973 4444 Asupradictumhcum
1008 4370 1356 4443 aliquibusex
1400 4375 1483 4428 his
1512 4391 1645 4443 quos
1674 4377 1786 4444 ipse

186 4442 461 4513 delegerit
491 4442 619 4513 (sed
660 4452 713 4497 et
746 4444 813 4497 de
842 4442 1124 4513 Byzacena:
1145 4484 1159 4507 ,
1190 4442 1564 4513 Tripolitanae,
1597 4442 1783 4499 Nttmi-
1810 4486 1813 4493 .

189 4512 433 4585 diarum,
445 4522 517 4585 _et
547 4511 996 4575 Mauritaniarum,
1024 4524 1081 4585 et
1110 4511 1392 4583 provinciis
1423 4516 1643 4585 singulis
1669 4517 1785 4585 qui-

189 4597 307 4650 que
326 4581 367 4611 ¹⁰
388 4582 685 4657 aliquantos
705 4599 769 4657 ex
786 4585 895 4638 suis
914 4581 1199 4657 perducere
1219 4581 1661 4655 debebuntfqnos
1686 4581 1784 4657 ipsi

190 4654 502 4723 putaverint
538 4654 876 4727 eligendos),
909 4655 1011 4708 sed
1042 4657 1199 4727 etiam
1238 4660 1443 4727 aliquos
1482 4654 1553 4710 ex
1586 4656 1666 4711 his
1695 4654 1785 4727 qui

193 4722 385 4775 contra
413 4722 653 4777 eumdem
679 4722 1021 4779 Caecilianum
1047 4722 1383 4787 dissentiunt,
1408 4726 1527 4781 data
1553 4722 1786 4782 evectio-

194 4807 270 4846 ne
296 4792 529 4861 publica,
558 4808 652 4862 per
686 4795 915 4847 Africam
942 4805 996 4848 et
1027 4796 1411 4858 Mauritaniam,
1442 4796 1564 4850 inde
1593 4798 1656 4849 ad
1691 4799 1783 4851 lli-

196 4862 413 4933 spanias
435 4863 578 4917 brevi
598 4872 769 4933 tractu
800 4864 959 4919 facias
984 4866 1248 4933 navigare.
1281 4865 1346 4918 Et
1371 4866 1492 4919 inde.
1518 4866 1785 4921 nihilomi-

196 4947 301 5001 nus
330 4932 629 5001 hujusmodi
661 4932 742 4987 his
773 4934 823 4987 in
855 4935 1075 5001 singulis
1112 4932 1375 5002 episcopis
1410 4936 1642 5003 singulas
1674 4947 1780 4990 tra-

198 5004 395 5055 ctorias
433 5004 660 5067 tribuas,
699 5012 754 5057 ut
794 5004 891 5071 ipsi
932 5005 997 5056 ad
1033 5004 1392 5072 supradictum
1436 5005 1606 5058 locum
1649 5006 1785 5061 intra

198 5072 341 5144 diem
370 5073 706 5144 colendarum
738 5082 1085 5141 augustarum
1114 5075 1317 5143 possint
1354 5076 1662 5144 pervenire;
1690 5090 1781 5130 ce-
1812 5108 1816 5113 -

200 5141 383 5213 leriter
421 5143 756 5213 intimaturus
788 5144 971 5198 iisdem
992 5184 1007 5207 ,
1039 5154 1095 5197 ut
1115 5141 1403 5213 antequam
1442 5145 1782 5213 proﬁciscan-

186 5219 318 5297 tur,
346 5212 574 5266 debeant
608 5214 897 5283 disponere
935 5223 1196 5283 quatenus
1231 5212 1538 5271 absentibus
1574 5216 1702 5287 ipsis
1729 5226 1784 5272 et

246 5301 281 5363 .f
317 5299 470 5363 tilias,
484 5299 667 5363 Λειαβο.
1452 5334 1455 5339 ν
1660 5320 1663 5323 λ

174 5364 182 5390 ⁵
262 5361 283 5391 ⁸
317 5360 455 5419 Alias,
479 5360 665 5413 vesano.

168 5449 175 5455 -
262 5421 295 5491 ξι
316 5422 455 5491 Alias.
477 5419 610 5491 ea,

259 5483 278 5515 ⁸
315 5483 456 5541 Alias,
477 5483 734 5534 dissidere.

258 5544 280 5611 ξ
313 5543 454 5611 alias,
480 5544 611 5611 ttrbis
634 5553 791 5597 Roma!
811 5545 1073 5611 episwpus.

258 5605 280 5636 ⁵
311 5605 454 5665 Alias,
476 5605 621 5655 istud.

256 5666 277 5729 ’ξ
310 5666 450 5729 Alias,
472 5666 786 5729 perhiberent.

256 5726 277 5790 ἒ
312 5727 448 5790 Alias,
472 5726 760 5790 facultatem.

256 5788 277 5818 ο
312 5787 450 5847 Alias,
473 5787 583 5837 cum
605 5790 875 5840 chiliano.

234 5846 275 5880 ιο
308 5848 447 5911 Alias,
469 5857 514 5900 et
537 5852 929 5903 Matu'tttmiarum
943 5851 1200 5912 provinciis
1221 5850 1396 5915 singuli
1418 5852 1607 5913 quique.

870 375 1230 433 EXCERPTA
1273 376 1362 431 AD
1406 374 1936 467 DONATISTARUM
1978 377 2346 436 HISTORIAM
2387 368 2877 440 PEltTlNENTlA.

3365 385 3467 441 786

1892 493 2166 564 disciplina
2196 505 2501 565 competens
2532 497 2819 563 habeatur,
2853 507 2907 553 et
2942 497 3080 553 nulla
3118 498 3250 553 forte
3280 500 3472 553 Seditio

1893 566 1973 619 vel
2004 568 2297 639 aliquorum
2334 569 2641 639 altercatio,
2675 586 2791 638 qua!
2820 570 2883 622 ad
2924 571 3210 625 maximum
3238 570 3472 625 dedecus

1890 647 2111 709 spectet.
2145 638 2344 690 urimur
2374 656 2384 689 :
2415 639 2479 690 de
2506 649 2698 693 czrtero
2726 642 2874 706 plena
2904 641 3200 709 cognitione
3228 652 3471 707 suscepta

1891 707 2010 760 linis
2047 708 2377 762 adhibeatur.
2415 710 2543 775 Quia
2582 726 2702 763 cum
2746 708 3188 778 pr.cseuti:unsui
3218 712 3471 765 exhibue-

1891 778 1994 830 rint
2017 779 2266 835 universi.
2290 779 2376 846 qui
2408 796 2544 831 nunc
2572 780 2620 832 in
2650 783 2987 835 contentione
3012 796 3131 835 csse
3159 792 3467 845 noscuntur,

1890 864 2112 916 quaeque
2150 866 2252 901 non
2293 850 2560 903 immerito
2596 852 2753 904 linem
2792 852 2986 905 debent
3023 852 3261 919 accipere
3298 864 3476 906 tuatu-

1890 934 2042 991 runt,
2077 929 2129 972 ut
2172 923 2408 987 protinus
2452 922 2653 988 possint
2695 923 2967 976 terminari
3008 932 3163 991 atque
3202 927 3470 991 componi.

1889 988 2017 1042 Nam
2047 1004 2165 1044 eum
2195 992 2330 1058 apud
2363 1007 2447 1046 me
2473 1003 2677 1045 certum
2708 993 2808 1052 sit,
2841 1002 2891 1046 te
2918 988 3126 1061 quoque
3158 992 3247 1047 Dei
3280 988 3475 1047 suntini

1887 1074 2007 1114 esse
2032 1061 2289 1133 cultorem
2312 1062 2619 1133 ,_conliteor
2644 1062 2895 1116 Gravitati
2928 1074 3029 1115 tum
3050 1106 3063 1126 ,
3098 1064 3237 1132 quod
3273 1082 3471 1133 nequa-

1887 1146 2043 1197 quam
2076 1130 2155 1184 fas
2180 1146 2297 1184 esse
2322 1130 2531 1193 ducam,
2560 1143 2614 1186 ut
2641 1133 2898 1201 ejusmodi
2929 1130 3295 1188 COulcntioncs
3324 1130 3369 1188 ct
3402 1138 3475 1187 al-

1890 1202 2209 1274 tercationes
2234 1202 2633 1256 dissimulenlur
2659 1220 2687 1255 a
2718 1204 2870 1259 nobis
2891 1246 2907 1271 ,
2938 1221 3003 1259 ex
3032 1206 3223 1274 quibus
3254 1204 3473 1259 forsitan

1890 1272 2211 1341 gimmoveri
2244 1274 2407 1340 poSsit
2430 1289 2635 1326 summa
2661 1274 2926 1341 divinitas,
2958 1272 3063 1329 non
3090 1276 3261 1329 solum
3290 1288 3475 1330 contra

1889 1339 2177 1396 humanum
2204 1339 2394 1412 genus.
2424 1344 2516 1397 sed
2544 1345 2702 1397 etiam
2733 1345 2782 1397 in
2809 1362 2893 1400 inc
2915 1339 3112 1413 ipsum.
3135 1349 3283 1412 cujus
3311 1364 3473 1412 curae,

1888 1421 2016 1466 nutu
2047 1428 2143 1466 suo
2172 1415 2399 1479 co~lesti,
2436 1424 2643 1468 terrena
2674 1417 2867 1471 onlnia.
2893 1416 3215 1471 moderanda
3247 1419 3471 1470 commi-

1887 1483 1974 1546 sit,
1998 1484 2085 1538 et‘
2112 1500 2265 1537 secus
2288 1484 2483 1550 aliquid
2516 1486 2772 1539 hactenus
2797 1488 3006 1540 incitata
3030 1487 3302 1542 decernet.
3329 1489 3477 1541 'l'unc

1887 1554 2026 1607 enim
2042 1570 2232 1625 revera
2255 1568 2307 1609 et
2332 1555 2982 1625 IllCIIlSSlltlevpOlt'l‘OCSSC
3005 1574 3244 1623 securus.
3269 1568 3322 1612 ct
3344 1574 3477 1611 sern-

1889 1639 1984 1692 pcr
2020 1624 2525 1697 depromptissinia
2571 1626 2939 1681 benevolentia
2983 1630 3333 1697 potentissimi
3384 1631 3475 1683 In-i

1888 1696 2244 1762 prosperrima
2275 1706 2327 1748 et
2354 1698 2550 1763 Optima
2580 1713 2805 1766 quasque
2836 1696 3082 1766 sperare,
3114 1715 3232 1753 cum
3262 1700 3474 1752 uniter-

1886 1778 1975 1837 sos
2004 1780 2225 1819 sensero
2250 1766 2431 1819 debito
2458 1768 2601 1821 cultu
2644 1770 2917 1837 catholicae
2949 1770 3218 1837 religionis
3248 1772 3476 1823 sanctis-

1885 1836 2078 1914 simum
2108 1837 2271 1891 Deum
2302 1838 2549 1892 concordi
2581 1836 2930 1893 observantia:
2972 1839 3300 1894 fraternitate
3323 1844 3341 1871 '
3390 1858 3477 1894 ve-

1886 1920 2082 1960 uerart.

1886 2016 2193 2095 Praecipit
2232 2019 3028 2103 Imperator__Syracusano
3068 2024 3357 2103 episcopo
3406 2035 3476 2084 ut

2064 2107 2287 2178 pergat
2322 2099 2403 2160 ad
2433 2099 2767 2162 concilium
2793 2099 3146 2187 Arelatense
3179 2099 3290 2182 (a).

1922 2218 2319 2276 CONS‘I'ANTINUS
2349 2224 2629 2304 Aucusrus
2651 2266 2663 2283 .
2696 2224 2946 2280 Cuass'ro
2984 2226 3440 2295 Syracusztnurum

2548 2309 2817 2364 episcopo.

1956 2400 2073 2478 ἶΙιιιιι
2099 2404 2311 2473 quidem
2338 2414 2513 2471 antea,
2539 2422 2660 2461 cunt
2689 2408 2923 2461 nonnulli
2952 2424 3116 2478 pravo
3136 2424 3197 2463 ac
3224 2424 3477 2477 perverso

1886 2473 2066 2548 animo
2090 2489 2119 2527 a
2146 2485 2326 2548 sancta
2355 2477 2608 2546 religione
2633 2473 3183 2548 ctelcstique'virtute,
3208 2473 3258 2535 et
3283 2481 3350 2533 ab
3380 2482 3477 2535 Ee-

1886 2543 2381 2619 clesia:_catliolic:n
2426 2543 2685 2602 sententia
2726 2543 2981 2605 dissidere
3018 2543 3332 2619 cmpiSseut.
3374 2553 3475 2605 hu-

1880 2613 2112 2689 jusmotli
2153 2632 2335 2671 eorum
2372 2619 2763 2689 contentionem
2811 2613 3118 2689 przccidere'
3144 2623 3361 2689 cupiens
3406 2625 3475 2675 ita

1886 2687 2286 2761 constitueram,
2314 2697 2371 2741 ut
2399 2688 2576 2761 missis
2600 2704 2631 2744 e
2657 2687 2824 2745 Gallia
2849 2691 3159 2760 quibusdam
3188 2687 3471 2761 cipiscOpis,

1887 2756 2071 2830 accitis
2107 2758 2264 2830 etiam
2302 2774 2363 2811 ex
2404 2760 2579 2813 Africa
2621 2762 2683 2815 iis
2710 2762 2795 2827 qui
2826 2756 2955 2815 duas
2986 2763 3038 2815 in
3086 2756 3257 2830 partes
3287 2756 3473 2827 divisi,

1886 2826 2227 2895 pertinaciter
2252 2828 2390 2901 inter
2415 2846 2473 2884 se
2498 2840 2655 2899 atque
2679 2826 2939 2885 obstinate
2963 2826 3310 2895 contendunt,
3342 2850 3477 2901 pra:-

1888 2906 2039 2950 sente
2065 2913 2274 2972 quoque
2312 2899 2566 2972 Romana:
2593 2901 2739 2955 urbis
2762 2903 3042 2971 episcopo,
3076 2904 3125 2957 id
3158 2906 3295 2972 quod
3324 2899 3476 2959 eom-

1888 2976 2087 3043 motum
2113 2967 2283 3043 fuisse
2312 2970 2609 3043 videbatur,
2642 2972 2739 3024 sub
2770 2967 2964 3026 horum
2984 2967 3263 3041 praesentia
3296 2985 3475 3043 posset

1888 3035 2288 3113 diligentissima
2334 3041 2723 3095 examinatione
2767 3035 3033 3109 componi.
3079 3046 3182 3097 Sed
3224 3035 3471 3113 quoniam

1888 3109 2148 3175 nonnulli,
2178 3121 2232 3181 ut
2254 3110 2364 3165 fere
2387 3114 2463 3176 tit,
2489 3122 2541 3165 et
2568 3113 2793 3181 propriae
2818 3113 3023 3179 salutis,
3047 3123 3100 3168 et
3120 3109 3476 3170 venerationis

1888 3191 2007 3252 qua;
2032 3180 2383 3252 sanctissima:
2414 3182 2533 3236 fidei
2562 3180 2785 3237 debetur
2822 3184 3007 3250 obliti,
3045 3185 3275 3252 privatas
3303 3185 3477 3240 adhuc

1889 3248 2186 3324 simultates
2223 3266 2505 3324 prorogare
2534 3269 2637 3306 non
2669 3264 2877 3308 ceSsant
2898 3294 2912 3317 ,
2946 3248 3165 3322 prolata!
3200 3256 3305 3324 jam
3345 3271 3471 3309 scn-

1891 3320 2067 3394 lentiae
2087 3320 2425 3394 acquiescere
2452 3324 2710 3389 nolentes,
2737 3320 3141 3394 asserentesque
3168 3320 3362 3393 paucos
3381 3328 3475 3379 ad-

1888 3390 2103 3464 modum
2130 3393 2406 3464 episcopos
2427 3395 2739 3448 sententiam
2767 3396 2966 3460 tulisse,
2989 3390 3076 3464 qui
3104 3390 3205 3451 nec
3228 3396 3474 3453 omnibus

1888 3473 2006 3527 qua:
2030 3462 2173 3536 prius
2198 3463 2387 3536 inquiri
2413 3466 2689 3536 oportebat
2712 3465 2990 3536 diligenter
3008 3462 3266 3531 excussis,
3295 3467 3358 3519 ad
3381 3467 3473 3521 de-

1889 3533 2239 3604 promendum
2267 3534 2522 3602 judicium
2554 3533 2900 3604 properanter
2923 3538 3289 3591 accessissent.
3322 3537 3471 3595 Unde

1890 3598 1949 3665 lit
1979 3609 2115 3671 utet
2144 3602 2241 3670 ipsi
2267 3598 2401 3671 quos
2426 3598 2673 3659 concordi
2702 3622 2765 3660 ac
2789 3608 3021 3660 fraterno
3047 3608 3183 3659 inter
3206 3624 3263 3660 se
3292 3610 3473 3662 animo

1888 3681 2013 3741 esse
2033 3669 2303 3741 decuerat,
2338 3676 2473 3740 turpi
2505 3689 2597 3727 seu
2631 3677 2804 3741 potius
2830 3678 3138 3729 detestanda
3169 3678 3473 3731 secessione

1890 3736 2207 3813 dissideant;
2234 3753 2287 3793 et.
2313 3743 2377 3796 iis
2404 3736 2706 3797 hominibus
2727 3746 2814 3809 qui
2840 3762 2868 3799 a
2899 3747 3229 3798 sanctissima
3256 3747 3470 3813 religio-

1890 3810 2159 3882 nealieno
2184 3821 2305 3882 sunt
2331 3814 2509 3866 animo
2535 3814 2890 3867 subsanuautli
2919 3816 3127 3869 occasio
3154 3810 3469 3882 przebea‘tur.

1889 3876 2088 3967 ldcilrcjo
2132 3881 2258 3934 mihi
2296 3883 2479 3964 sedulo
2506 3886 2901 3967 providendum
2943 3884 3073 3964 fuit,
3109 3876 3176 3964 ut.
3202 3886 3315 3966 h:rc
3352 3903 3472 3967 qua:

1888 3958 2009 4024 post
2033 3949 2401 4024 depromptum
2427 3949 2680 4021 judicium
2712 3955 3002 4008 voluntaria
3029 3950 3339 4011 assensione
3360 3949 3470 4024 jam

1890 4020 2034 4072 tinita
2065 4037 2183 4075 esse
2218 4020 2541 4089 debuerant,
2574 4040 2711 4079 nunc
2741 4025 2950 4078 tandem
2983 4027 3267 4079 multorum
3303 4020 3469 4080 inier-

1888 4100 2047 4144 ventu
2093 4093 2248 4165 linem
2295 4095 2500 4165 possint
2538 4096 2798 4163 accipere.
2830 4095 3089 4161 Quoniam
3123 4096 3277 4165 igitur
3310 4098 3471 4165 pluri-

1889 4175 2006 4235 mos
2036 4178 2101 4216 ex
2131 4164 2353 4219 diversis
2391 4180 2452 4219 ac
2489 4181 2653 4234 prope
2693 4165 2911 4219 infinitis
2946 4166 3077 4219 locis
3106 4164 3383 4235 episcopos
3418 4169 3468 4221 in

1890 4231 2074 4299 urbem
2108 4231 2647 4289 Arelatensem'intra
2689 4236 2934 4289 calendas
2972 4231 3174 4305 augusti
3214 4231 3472 4304 jussimus

1889 4306 2217 4365 convenire;
2244 4306 2333 4358 tibi
2363 4320 2573 4375 quoque
2611 4306 2945 4360 scribendum
2986 4322 3103 4360 esse
3131 4308 3468 4375 censuimus,

1890 4380 1946 4443 ut
1985 4384 2203 4443 accepto
2240 4376 2449 4443 publico
2468 4377 2720 4432 vehiculo
2748 4392 2776 4431 a
2808 4378 2921 4430 viro
2950 4377 3246 4431 clarissimo
3282 4379 3471 4432 Latro-

1889 4442 2368 4517 nianoc0rrectore
2389 4447 2602 4514 Sicili.e,
2630 4447 2889 4517 adjunrtis
2912 4448 3000 4501 tibi
3023 4448 3228 4503 duobus
3253 4450 3469 4503 secundi

1889 4514 2110 4588 ordinis,
2144 4532 2276 4585 quos
2307 4525 2359 4570 tu
2390 4518 2659 4587 eligendos
2691 4514 2973 4588 putaveris,
3011 4520 3177 4573 tribus
3208 4522 3330 4574 item
3359 4536 3472 4573 ser-

1887 4585 2024 4658 vulis
2044 4588 2130 4658 qui
2153 4588 2202 4640 in
2226 4588 2411 4642 itinere
2433 4585 2582 4642 vobis
2603 4585 2901 4643 ministrare
2923 4593 3142 4658 possint.
3168 4590 3301 4644 intra
3323 4606 3472 4645 eum-

1888 4654 2008 4709 dem
2044 4654 2183 4712 diem
2207 4659 2284 4728 ad
2327 4660 2632 4727 prazdictum
2678 4660 2848 4713 locum
2892 4654 3172 4723 occurras,
3211 4677 3315 4728 quo
3360 4672 3469 4716 tum

1891 4740 1984 4793 per
2012 4736 2155 4781 tuam
2186 4727 2549 4793 Gravitatem,
2580 4741 2687 4783 tum
2714 4744 2827 4797 .per
2860 4739 3173 4785 caeterorum
3218 4727 3268 4783 in
3309 4747 3469 4784 unum

1887 4799 2191 4868 coeuntium
2220 4801 2522 4853 unanimem
2552 4800 2975 4868 concordemque
3004 4801 3271 4854 solertiam
3292 4841 3304 4860 .
3335 4816 3469 4853 con-

1889 4867 2150 4937 troversia
2190 4869 2304 4921 htc
2339 4885 2455 4935 quae
2486 4884 2579 4937 per
2609 4867 2946 4925 foedissimam
2977 4870 3372 4924 altercationem
3407 4872 3472 4923 ad

1891 4935 1993 4991 hoc
2020 4951 2187 5005 usque
2228 4935 2846 5007 temporis‘perduravit,
2876 4940 3069 4993 auditis
3095 4940 3341 4993 omnibus
3378 4957 3471 4994 co-

1887 5019 2013 5077 rum,
2040 5008 2127 5075 qui
2170 5023 2310 5061 nunc
2352 5009 2492 5065 inter
2519 5022 2577 5062 se
2605 5009 2898 5073 dissident,
2930 5024 3063 5077 quos
3091 5010 3248 5062 etiam
3279 5008 3473 5064 adesse

1883 5074 2140 5148 jussinius
2161 5118 2182 5140 ,,
2206 5078 2609 5147 allegationibus
2630 5120 2642 5140 ,
2685 5080 2750 5134 ad
2790 5074 3075 5148 congruam
3114 5080 3393 5147 religienis,
3419 5091 3470 5132 ct

1887 5145 2008 5219 fidei
2035 5145 2425 5203 observantiam
2458 5149 2849 5219 fraternamque
2883 5145 3232 5203 concordiam
3253 5150 3468 5204 tandem

1885 5217 2168 5286 aliquando
2208 5218 2372 5286 possit
2401 5222 2657 5273 revocari.
2690 5217 3012 5275 Incolumem
3042 5228 3093 5273 te
3122 5219 3261 5273 Deus
3288 5226 3469 5273 omni-

1887 5295 2074 5354 potens
2100 5289 2394 5344 diutissime
2419 5298 2617 5344 servet.

2016 5403 2110 5463 De
2136 5401 2314 5464 rebus
2343 5402 2414 5464 in
2440 5402 2790 5465 Arelatensi
2819 5399 3089 5464 concilio
3114 5403 3323 5482 gestis.

1884 5524 2238 5581 DileCIissimo
2284 5540 2433 5595 pap:e
2483 5523 2769 5589 Silvestro,
2821 5524 3088 5591 Marinus,
3142 5522 3462 5589 Acratius',

1946 5644 1977 5674 ί·
2000 5638 2138 5697 Alias,
2162 5646 2231 5697 ut,
2256 5646 2308 5689 et
2330 5636 2453 5687 infra
2466 5636 2652 5692 statim,
2678 5635 2918 5697 decernat.

1945 5706 1966 5769 ξ
1992 5695 2133 5769 Alias,
2152 5695 2445 5769 observantia
2487 5695 2817 5758 fraternitatis.

1945 5767 1965 5798 ³
1998 5764 2138 5823 Alias,
2161 5764 2430 5825 Agroecius.

1945 5853 2018 5911 (to
2075 5851 2245 5901 Euseb.
2266 5850 2434 5899 Histor.
2454 5846 2630 5899 Eccles.
2656 5846 2741 5899 lib.
2768 5848 2843 5899 ω.
