4026 6460
514 324 614 380 787

578 441 816 509 Natalis,
868 440 1211 507 Theodorus,
1264 440 1567 504 Proterins,
1616 439 1846 501 Vocius,
1897 437 2095 503 Verus,

544 560 547 565 .
581 513 927 569 Probatianus
948 515 965 545 ’
985 554 999 575 ,
1025 511 1367 575 Caecilianus,
1402 510 1714 573 FauStinus,
1744 509 2056 579 Surgcutius
2079 551 2092 574 ,

580 584 899 654 Gregorius,
948 581 1216 645 Reticius,
1256 582 1629 647 Ambitausus,
1664 582 2019 654 Teriuinatius
2046 581 2094 647 ²,

580 651 854 718 Merocles,
886 654 1112 720 Pardus,
1139 653 1388 716 Adelfius,
1420 653 1722 715 Iliberuius,
1757 651 2095 718 Fortunatus,

581 726 886 791 Aristasius,
914 724 1254 794 Lampadius,
1284 723 1490 787 Vitalis,
1519 722 1819 794 Maternus,
1838 723 2096 794 Liberius,

581 795 888 865 Gregorius,
915 792 1192 859 Crescens,
1224 796 1520 865 Avitianus,
1548 793 1764 865 Dafults,
1788 792 2092 856 Orientalis,

579 865 913 989 Qtiintasius,
944 865 1142 931 Victor,
1175 865 1469 938 Epictetus,
1502 864 1554 920 iu
1593 864 1815 919 Domino
1845 872 2096 919 aeternam

579 952 635 989 sa
660 946 822 989 utem.

576 946 822 992 salutem.

575 1070 856 1127 Communi
881 1070 1067 1141 copula
1095 1070 1369 1125 cbaritatis
1394 1081 1449 1126 et
1476 1070 1678 1125 unitate
1704 1068 2097 1141 matrisEccle-

505 1140 602 1221 size
626 1140 1131 1221 catholirmviuculo
1156 1140 1496 1221 inhzerentes,
1522 1141 1585 1195 ad
1613 1140 1998 1221 Arelatensium
2021 1140 2096 1221 ci-

504 1214 752 1279 vitatem,
781 1212 1004 1282 piissimi
1034 1212 1372 1281 Imperatoris
1398 1214 1668 1267 voluntate
1696 1210 1938 1282 adducti,
1969 1211 2094 1266 inde

506 1294 595 1350 te,
626 1280 1024 1353 religiosissime
1043 1282 1065 1314 ³
1094 1280 1256 1352 Papa,
1286 1298 1406 1337 cum
1449 1284 1636 1337 merita
1676 1280 1973 1353 reverentia
2005 1282 2094 1336 sa.

506 1352 782 1425 lutamus;
810 1352 895 1425 ubi
925 1369 1113 1423 graves
1141 1369 1203 1408 ac
1230 1354 1558 1425 perniciosos
1587 1352 1685 1422 legi
1717 1364 1911 1425 nostra:
1936 1362 2094 1421 atque

505 1424 796 1486 traditioni,
824 1422 1094 1479 effrenata:
1120 1422 1311 1478 mentis
1338 1424 1577 1494 homines
1604 1422 1936 1494 pertulimus,
1959 1438 2093 1494 quos

506 1506 562 1549 et
589 1496 683 1550 Dei
713 1494 877 1549 nostri
907 1509 1144 1566 praesens
1173 1493 1565 1566 auctoritas,et
1589 1492 1800 1566 traditio
1827 1492 2092 1566 acireguia

505 1566 744 1637 veritatis
773 1565 844 1620 ita
872 1563 1096 1637 respuit.
1129 1573 1187 1620 ut
1216 1566 1355 1637 nulla
1388 1566 1439 1637 in
1470 1564 1579 1637 illis
1593 1573 1691 1637 aut
1718 1563 1926 1618 dicendi
1952 1563 2093 1637 ratio

503 1636 853 1703 subsisteret,
884 1633 978 1690 aut
1001 1634 1282 1690 accusandi
1314 1635 1504 1690 modus
1534 1636 1701 1701 ullus,
1733 1644 1824 1687 aut
1851 1633 2093 1704 probatio

504 1708 833 1762 conveniret.
865 1706 1022 1772 Ideo,
1048 1706 1227 1775 judice
1258 1705 1368 1761 Deo
1400 1713 1455 1760 et
1493 1717 1664 1760 matre
1709 1704 1944 1759 Ecclesia
1975 1720 2092 1774 qua:

504 1791 631 1834 suos
660 1781 808 1832 novit
841 1787 896 1832 et
931 1777 1271 1845 comprobat,
1302 1785 1393 1830 aut
1425 1776 1659 1830 damnati
1697 1785 1976 1842 sunt,aut
2004 1790 2091 1828 re-

505 1848 665 1911 pulsi.
696 1848 763 1903 Et
792 1849 1028 1914 utinam,
1059 1847 1222 1901 frater
1246 1846 1623 1914 dilectissime,
1655 1846 1721 1901 ad
1755 1845 1855 1901 hoc
1885 1855 2088 1899 tantum

503 1918 863 1988 spectaculum
899 1920 1156 1974 interesse
1184 1918 1311 1988 tanti
1340 1916 1580 1988 fecisses.
1612 1917 1897 1988 Profecto,
1915 1915 2090 1971 credi-

506 1986 647 2055 mus,
674 1990 795 2058 quia
820 1989 873 2044 in
899 2004 994 2044 eos
1021 1988 1257 2043 severior
1289 1986 1471 2042 fuisset
1499 1988 1759 2042 sententia
1789 1986 2011 2058 prolata,
2037 1996 2093 2058 et

506 2071 559 2115 te
589 2056 784 2127 pariter
814 2058 1088 2115 uobiscum
1125 2058 1397 2126 judicante
1419 2099 1434 2123 ,
1475 2066 1647 2113 eteius
1684 2056 1866 2112 noster
1902 2056 2088 2127 majori

503 2131 684 2200 laetitia
712 2129 1051 2200 exsultasset.
1088 2127 1195 2185 Sed
1230 2128 1480 2200 quoniam
1516 2127 1765 2183 recedere
1782 2144 1821 2200 _a
1855 2127 2090 2200 partibus

508 2199 613 2254 illis
651 2200 870 2256 minime
912 2199 1165 2270 potuisti,
1192 2196 1467 2268 inquibus
1495 2208 1550 2254 et
1578 2197 1819 2270 Apostoli
1851 2196 2089 2270 «protidie

504 2270 723 2336 sedent,
752 2280 807 2326 et
832 2267 991 2326 crtior
1021 2270 1256 2339 ipsorum
1290 2267 1405 2324 Siue
1434 2269 1827 2339 intermissione
1857 2267 2092 2337 Dei'glo-

502 2341 635 2394 riam
656 2350 905 2405 testatur;
935 2338 1239 2395 nontamen
1264 2339 1375 2394 haec
1398 2340 1509 2393 sola
1535 2339 1687 2394 nobis
1711 2338 1821 2396 visa
1846 2348 1969 2392 sunt
1991 2348 2091 2393 traa

501 2411 690 2465 clauda
707 2451 725 2477 ,
751 2410 913 2466 frater
935 2410 1246 2465 charissimc
1263 2450 1279 2476 ,
1307 2410 1372 2464 ad
1398 2425 1517 2478 qua:
1545 2408 1813 2465 fueramus
1844 2409 2046 2465 invitati
2070 2450 2085 2475 ,

499 2481 595 2536 sed
622 2489 677 2535 et
700 2480 1082 2537 consulendum
1108 2480 1503 2549 nobismetipsis
1528 2481 1829 2535 censuimus
1854 2497 1866 2532 :
1891 2487 2083 2534 etcum

499 2550 726 2623 diversa:
762 2553 871 2623 sint
913 2552 1199 2623 provincia:
1230 2566 1299 2606 ex
1333 2551 1525 2621 quibus
1560 2550 1903 2623 advenimus,
1934 2550 2005 2623 ita
2032 2559 2087 2605 et

500 2621 645 2693 varia
667 2619 976 2693 contingunt
995 2637 1113 2690 quae
1140 2636 1239 2693 nos
1257 2619 1845 2693 censemus-observare
1865 2619 2081 2693 debere.

505 2690 734 2764 [Placuit
758 2690 887 2763 ergo
913 2700 1175 2763 praesente
1196 2691 1392 2761 Spiritu
1423 2700 1608 2764 sancto
1635 2704 1688 2764 et
1717 2690 1932 2764 Angelis
1947 2691 2083 2758 ejus,

498 2762 562 2834 ut
583 2771 638 2818 et
663 2762 746 2817 his
769 2762 859 2834 qui
889 2762 1123 2834 singulos
1150 2777 1286 2832 quos
1315 2762 1564 2834 menebat
1584 2762 1625 2824 ⁸,
1650 2762 1889 2834 judicare
1909 2802 1922 2825 ,
1958 2777 2082 2831 pro-

498 2831 762 2916 ferremus
781 2831 850 2889 de
862 2831 1338 2916 quieteprrcsentb
1367 2833 1570 2887 Placuit
1592 2833 1769 2916 etiam,
1794 2839 2082 2916 antequam

500 2917 532 2957 a
558 2912 613 2960 te
642 2904 736 2974 qui
771 2903 1003 2973 majores
1030 2903 1290 2974 direceses
1318 2911 1497 2968 tenes,
1532 2916 1629 2971 per
1656 2912 1713 2974 te
1748 2903 2080 2974 potissimum

500 2972 751 3049 omnibus
766 2972 1016 3029 insinuari
1028 2972 1293 3049 (9)].Quid
1307 2984 1484 3049 autem
1500 2972 1716 3049 sitquod
1733 2973 2080 3049 senserimus,

499 3046 701 3114 scripto
721 3054 916 3099 nostra)
935 3044 1311 3100 mediocritatis
1335 3044 1721 3113 subjunximus.
1743 3046 1812 3097 At
1831 3044 1881 3097 id
1910 3044 2081 3113 primo

501 3114 622 3171 loco
646 3116 713 3171 de
737 3116 841 3171 vita
869 3123 1050 3170 nostra
1077 3123 1236 3185 atque
1261 3115 1488 3168 utilitate
1515 3114 1842 3169 tractandum
1870 3115 1994 3179 fuit,
2024 3124 2080 3185 ut

497 3186 623 3256 quia
652 3201 789 3242 unus
825 3200 924 3256 pro
951 3185 1133 3241 multis
1156 3184 1400 3256 mortuus
1419 3192 1541 3256 est,
1570 3192 1625 3239 et
1659 3185 1984 3256 resurrexit,
2012 3184 2083 3240 ab

497 3255 746 3313 Omnibus
770 3255 977 3326 tempus
997 3257 1168 3324 ipsum
1190 3256 1261 3309 ita
1284 3255 1524 3324 religiosa
1545 3263 1724 3326 mente
1743 3255 2077 3326 observetur,

498 3342 568 3382 ue
586 3325 981 3383 divisiones’vel
1007 3327 1367 3382 dissensiones
1392 3329 1444 3380 in
1468 3334 1616 3380 tanto
1635 3325 1892 3395 obsequio
1918 3326 2079 3379 devo-

419 3420 429 3430 κ
498 3397 658 3453 tionis
688 3399 892 3467 possint
918 3412 1222 3467 exsurgere.
1252 3395 1545 3467 Censemus
1574 3409 1701 3465 ergo
1739 3395 1938 3467 Pascha
1971 3396 2078 3467 Do-

499 3468 630 3522 mini
659 3464 753 3539 per
777 3470 962 3539 orbem
991 3464 1156 3522 totum
1182 3481 1285 3520 una
1303 3466 1400 3539 die
1425 3464 1760 3539 observatum
1788 3466 1869 3539 iri.
1897 3464 2077 3539 Deliis

495 3534 825 3622 quoqueoqtii
856 3538 1276 3622 quibuscumque
1302 3537 1433 3622 locis
1453 3534 2075 3622 ordinatiiuerintmini-

495 3606 698 3691 strigut
717 3606 768 3663 in
792 3606 918 3691 ipsis
937 3608 1069 3663 locis
1084 3606 1442 3691 perseverent.
1465 3608 1542 3690 De
1555 3606 1637 3660 bis
1654 3607 1810 3661 etiam
1827 3608 1913 3676 qui
1931 3622 2076 3688 arma

495 3678 782 3749 projiciunt
811 3678 862 3732 in
891 3694 1041 3748 pace,
1070 3679 1265 3748 placuit
1291 3679 1543 3749 abstineri
1568 3691 1661 3749 eos
1690 3691 1718 3729 a
1743 3678 2077 3749 communio-

496 3747 686 3805 ite.'De
706 3747 1382 3820 circissariissgitatoribus
1400 3748 1488 3818 qui
1513 3747 1697 3820 fideles
1717 3758 1857 3809 sunt,
1879 3748 2077 3820 placuit

494 3834 637 3903 eos,
663 3820 916 3903 quamdiu
952 3819 1187 3903 agitant,
1228 3834 1258 3873 a
1297 3819 1670 3903 communione
1706 3820 1958 3888 separari.

495 3888 789 3955 tlteatricis,
816 3890 963 3960 ipsos
991 3888 1188 3959 placuit
1211 3888 1463 3958 quamdiu
1487 3899 1668 3958 agunt,
1698 3903 1725 3939 a
1754 3889 2081 3960 communio-

494 3976 564 4016 ne
600 3961 964 4031 sepsit-ariam
992 3960 1086 4031 bis
1121 3961 1210 4031 qui
1247 3961 1297 4013 in
1326 3960 1631 4031 inttrmitate
1656 3967 1779 4031 sunt
1805 3959 2077 4031 constituti

494 4039 550 4085 et
585 4029 883 4087 recedere'
919 4029 1151 4094 volunt,
1178 4030 1372 4099 placuit
1399 4030 1479 4084 eis
1506 4043 1719 4099 manum
1751 4029 1969 4099 imponi.
2004 4030 2078 4084 De

495 4101 811 4171 praesidibus
833 4108 1009 4157 autem
1034 4102 1124 4170 qui
1155 4098 1339 4155 fideles
1364 4110 1522 4164 sunt,
1552 4109 1606 4171 et
1635 4098 1706 4171 ad
1738 4098 2077 4171 pratsidatum

494 4167 799 4238 consilium,
828 4172 897 4226 ita
919 4167 1134 4241 placuit,
1158 4180 1217 4225 ut
1236 4185 1357 4227 cum
1380 4170 1604 4240 promoti
1627 4167 1843 4241 fuerint,
1870 4168 2078 4241 litteras

493 4242 708 4311 quidem
737 4239 999 4313 accipiant
1026 4240 1415 4313 ecclesiasdcas
1442 4239 1973 4313 communicaterias,
2005 4240 2077 4295 ita

495 4310 673 4394 tamen
699 4321 758 4394 u_t
782 4313 835 4366 in
854 4310 1281 4394 'quibuscuuique
1305 4311 1438 4394 locis
1460 4311 1749 4394 gesserint.
1778 4310 2078 4394 ab_episco-

494 4383 578 4452 pis
599 4382 837 4451 ejusdem
864 4381 966 4437 foci
991 4391 1116 4436 cura
1140 4381 1245 4436 illis
1269 4390 1454 4452 agatur
1479 4399 1494 4435 :
1522 4391 1577 4437 et
1600 4382 1644 4436 si
1668 4381 1929 4452 coeperint
1949 4395 2079 4435 con-

495 4451 573 4506 tra
594 4451 929 4522 disciplinam
950 4466 1130 4521 agere,
1152 4459 1276 4506 tunc
1300 4451 1514 4506 demum
1538 4466 1569 4505 a
1594 4451 1966 4522 communione
1984 4465 2078 4506 ex-

492 4521 794 4577 cludantur.
824 4522 894 4577 Et
921 4523 988 4577 de
1024 4523 1105 4576 bis
1138 4522 1352 4591 quidem
1394 4522 1483 4590 qui
1523 4522 1575 4575 in
1613 4521 1879 4590 republica
1920 4536 2076 4591 agere

494 4596 711 4658 volunt,
743 4592 1007 4647 similiter.
1038 4593 1113 4654 De
1150 4592 1290 4646 Afris
1317 4592 1693 4662 autem,un
1720 4591 1931 4662 propria
1961 4591 2076 4662 lege

490 4679 587 4720 sua
613 4672 845 4727 utantur,
875 4669 939 4717 ut
973 4663 1335 4732 rebaptizent,
1373 4661 1654 4732 plaeuit’ut
1679 4661 1747 4715 ad
1783 4661 2073 4732 Ecclesiam

490 4734 536 4787 si
564 4735 755 4804 aliquis
780 4732 1061 4804 haereticus
1087 4731 1316 4797 venerit,
1348 4731 1679 4804 interrogem
1688 4745 1820 4804 eum
1849 4731 2077 4804 Symbo-

491 4804 633 4869 lum;
654 4802 714 4860 et
736 4805 781 4858 si
809 4803 1133 4874 perviderint
1156 4817 1279 4860 eum
1304 4806 1356 4857 in
1384 4804 1543 4858 Patre
1560 4814 1614 4857 et
1639 4802 1774 4874 Filip
1796 4810 1849 4856 et
1872 4802 2073 4870 Spiritu

490 4864 677 4930 sancto
703 4864 826 4930 esse
848 4874 1190 4944 baptizatum,
1217 4888 1406 4928 manus
1432 4883 1632 4928 tantum
1656 4873 1706 4928 ei
1734 4864 2071 4944 ﬂnponatur:

488 4944 631 5014 quod
656 4945 703 5002 si
730 4943 1083 5013 interrogatus
1109 4944 1440 5014 Symbolum,
1467 4958 1571 4998 non
1602 4943 2075 5014 respounderitj‘ri-

491 5011 707 5086 nitatem
729 5054 751 5086 ,ί
783 5024 910 5086 tunc
938 5011 1504 5086 'merito'baptizetur;
1545 5022 1602 5069 ct
1632 5011 2072 5086 Acmtera._['l‘unc

486 5085 710 5141 t:edians
733 5085 893 5158 jussit
915 5099 1103 5142 omnes
1124 5084 1192 5139 ad
1218 5080 1375 5140 sedes
1401 5097 1527 5140 suas
1551 5083 1726 5139 redire
1754 5080 1876 5157 (b).]

544 5224 571 5256 ηί
606 5221 750 5282 alios,
775 5218 1040 5282 Probata».

548 5284 571 5316 ¹
604 5282 743 5343 Alias,
771 5281 1045 5343 renuntias.

550 5345 572 5408 ξ
603 5342 745 5406 Alias,
766 5342 1120 5408 quem.

549 5406 573 5437 ⁸
605 5403 746 5464 Altae,
762 5403 989 5456 ῐηουεὸαι.

550 5469 574 5501 ⁸
607 5468 748 5529 Alias,
769 5465 987 5518 credere.

553 5567 628 5632 (α)
651 5567 843 5632 tigridis
861 5576 1054 5618 scatere
1078 5565 1302 5632 videntur
1324 5577 1434 5632 qua
1454 5564 1535 5616 hic
1555 5564 1693 5614 uncis
1713 5563 1895 5614 inclusa
1917 5570 2029 5617 sunt
2047 5601 2062 5623 ,

490 5628 619 5680 adeo
633 5628 828 5681 difﬁcile
850 5636 928 5680 est
947 5641 1148 5680 sensum
1167 5628 1742 5677 rationi’eonsentaneum
1766 5638 1961 5675 eruere.
2010 5633 2063 5674 tt.

489 5691 624 5802 “tibi
657 5699 751 5741 ttoc
795 5690 855 5740 ad
889 5690 1147 5754 sequentis
1182 5688 1401 5752 epistolae
1440 5686 1631 5738 titulum
1668 5695 1892 5750 spectare
1928 5687 2063 5738 vide-

1986 320 2203 378 ΑΡΡΕΝ
2214 322 2345 379 vix.

2124 3110 2129 3115 “
2190 3105 2387 3175 profuit
2430 3105 2567 3176 apud
2609 3119 2703 3159 eos
2743 3114 2883 3160 recta
2931 3105 3265 3174 dijudicatio,
3301 3127 3331 3162 n

2660 266 2679 275 h
2710 252 2758 267 ,οσ-

3690 335 3797 395 788

2209 440 2656 505 Constantinus
2668 444 3139 507 Donatistarum
3159 448 3609 511 contumaciam
3629 448 3796 511 dcte-

2284 533 2478 608 stans,
2498 604 2508 608 _
2524 522 3070 608 jubetuepiscopos
3101 526 3463 608 catholicos.
3488 530 3601 608 qui
3623 531 3794 591 Are-

2284 602 2509 688 latensi
2530 602 2800 688 concilio
2831 602 3276 686 interfuerunt.
3324 607 3405 669 ad
3437 602 3587 669 suas
3623 628 3795 688 pro-

2284 682 2524 751 vinctos
2551 683 2757 745 redire

2202 800 2596 860 CONSTANTINUS
2631 805 2933 866 AucusrUs,
2964 805 3239 871 Episctipis
3272 805 3551 862 (uitliolicis
3580 810 3791 864 charis-

2642 877 2788 929 sitnis
2816 877 3065 931 fratribus
3092 876 3342 931 salutem.

2272 986 2489 1061 [Herm
2514 998 2569 1042 et
2598 988 2871 1055 n-iigiosa,
2905 988 3455 1058 incomprehensibilis
3493 992 3662 1061 pietas
3697 993 3793 1049 Dei

2200 1059 2398 1124 nostri,
2438 1074 2766 1127 nequaquam
2809 1060 3062 1127 permittit
3103 1064 3382 1114 humanam
3424 1059 3791 1119 conditionem

2199 1129 2394 1206 diutius
2418 1130 2468 1182 in
2491 1130 2725 1206 tenebris
2745 1131 3016 1206 aberrare,
3041 1147 3211 1199 neque
3234 1133 3429 1200 patitur
3445 1146 3644 1206 exesas
3664 1150 3793 1206 quo-

2199 1199 2440 1254 rumdam
2461 1201 2756 1254 voluntates
2778 1216 2942 1270 usque
2964 1202 3025 1253 in’
3039 1199 3247 1256 tantum
3265 1203 3575 1269 pervadere,
3600 1214 3659 1259 ut
3680 1199 3791 1261 non

2197 1271 2311 1344 suis
2336 1270 2754 1344 prmelarissiiuis
2782 1271 3071 1344 luminibus
3097 1272 3273 1327 denuo
3301 1272 3537 1344 pandens
3568 1276 3669 1330 iter
3694 1292 3786 1331 sa-

2201 1341 2404 1412 lutare,
2442 1356 2535 1397 eas
2561 1341 2649 1395 det
2682 1342 2748 1393 ad
2788 1343 3033 1410 regulam
3056 1343 3273 1412 iustitiae
3301 1341 3563 1400 converti.
3604 1347 3790 1403 Habeo

2197 1411 2392 1481 quippe
2414 1412 2682 1482 cognitum
2714 1412 2891 1466 multis
2918 1411 3175 1482 exemplis
3202 1432 3215 1468 :
3246 1414 3361 1470 haec
3385 1415 3572 1470 eadem
3600 1433 3667 1472 ex
3698 1434 3790 1474 me

2200 1482 2316 1551 ipso
2334 1483 2544 1559 metior:
2568 1482 2801 1537 Fuerant
2819 1485 2959 1559 enim
2983 1484 3032 1537 in
3055 1486 3425 1559 me_priiuitu_s,
3445 1503 3564 1559 quae
3579 1487 3789 1557 iustitia

2197 1554 2740 1628 carercvidebantur,
2764 1567 2863 1608 nec
2888 1553 2989 1607 ulla
3023 1555 3267 1623 putabam
3293 1553 3477 1628 videre
3497 1553 3791 1628 supernam

2200 1624 2521 1699 potentiam,
2550 1639 2671 1692 quae
2705 1625 2862 1699 intra
2881 1637 3085 1678 secreta
3128 1627 3354 1699 pectoris
3384 1624 3783 1699 meiigererem.

2198 1693 2472 1762 Equidem'
2493 1694 2642 1759 hare,
2672 1703 2731 1748 ut
2755 1694 2900 1761 dixi,
2930 1693 3139 1762 utquam
3179 1696 3441 1752 fortunam
3480 1693 3788 1755 débucruns

2196 1766 2395 1829 sortiri,
2418 1765 2624 1819 scilicet
2641 1765 2885 1819 omnibus
2909 1765 3064 1821 malis
3084 1766 3469 1824 redundantem
3492 1770 3620 1824 :sed
3643 1770 3790 1826 Deus

2196 1836 2533 1910 omnipotens
2558 1836 2609 1890 in
2627 1836 2785 1910 falis
2801 1849 2906 1910 per
2929 1837 3120 1892 smcula
3143 1837 3405 1910 residens.
3435 1839 3615 1894 tribuit
3637 1841 3787 1910 quod

2198 1920 2305 1960 non
2329 1907 2588 1961 merebar.
2616 1905 2777 1961 Certo
2792 1906 2902 1980 jam
2921 1907 3249 1980 nequedici,
3281 1905 3785 1980 nequeieuumérari

2195 1985 2416 2046 possunt
2443 1992 2503 2031 ea
2526 2017 2542 2040 ,
2574 1991 2693 2046 quas
2730 1976 2935 2032 caelesti
2960 1992 3055 2033 sua
3101 1978 3151 2032 in
3183 1995 3268 2032 me
3309 1976 3566 2034 famulum
3613 1997 3775 2036 suum

2195 2047 2567 2103 benevolentia
2602 2046 2897 2113 concessit,
2930 2048 3249 2103 sanctissimi
3293 2051 3560 2105 antistites
3581 2049 3785 2108 Christi

2194 2118 2752 2193 Salvatoris,__fratres
2801 2118 3119 2193 charissimi.
3166 2118 3385 2193 Gaudeo
3416 2121 3590 2193 igitur
3624 2123 3782 2193 equi-

2194 2189 2673 2261 demspecialiter,
2702 2189 2911 2259 gaudeo
2934 2188 3073 2261 quod
3102 2190 3313 2245 tandem
3343 2188 3517 2261 habita
3543 2188 3785 2261 justissi-

2195 2273 2280 2312 ma
2307 2258 2721 2327 dijudicatione,
2750 2273 2845 2314 eos
2883 2258 2948 2312 ad
2987 2261 3259 2330 meliorem
3290 2276 3439 2330 spem
3482 2258 3786 2318 fortunam-

2192 2344 2298 2397 que
2344 2330 2662 2393 remeastis,
2703 2344 2841 2398 quos
2879 2329 3178 2399 malignitas
3210 2329 3409 2387 diaboli
3439 2333 3723 2388 videbatur
3750 2351 3783 2390 a

2195 2400 2600 2469 praeclarissima
2659 2401 2776 2456 luce
2823 2400 2953 2470 legis
3005 2401 3282 2456 catboiica:
3339 2402 3628 2458 miserabili
3681 2420 3781 2459 sua

2194 2470 2541 2542 persuasione
2596 2472 2870 2524 avertisse.
2914 2471 2959 2523 0
2997 2487 3127 2542 vere
3186 2472 3373 2527 victrix
3444 2475 3782 2542 providentia

2191 2540 2390 2616 Christi
2419 2540 2706 2596 Salvatoris
2730 2542 2835 2616 tut
2861 2542 3020 2595 etiam
3054 2541 3136 2616 bis
3163 2540 3502 2616 consuleret,
3546 2546 3637 2615 qui
3662 2545 3780 2616 jam

2193 2613 2555 2686 desciscentes
2586 2627 2627 2686 a_
2650 2613 2909 2686 veritate.
2939 2613 3165 2686 quodam
3210 2614 3369 2669 modo
3396 2613 3777 2686 adverstts'ip-

2191 2698 2304 2736 sam
2352 2697 2498 2754 arma
2543 2681 2852 2736 inducentes
2882 2685 2933 2754 ξ,
2982 2684 3229 2754 geritibus
3268 2699 3328 2740 se
3365 2681 3771 2754 eopulaverunt.

2189 2754 2288 2826 Qui
2318 2753 2363 2806 si
2378 2753 2476 2826 _vel_
2510 2767 2650 2826 nunc
2678 2768 2801 2826 veni
2835 2752 2936 2826 fide
2962 2753 3226 2809 voluerint
3261 2752 3512 2826 obsequia
3541 2760 3774 2813 sanctis—-

2190 2822 2478 2897 sitnmjegi
2504 2823 2745 2897 deferre,
2778 2823 3068 2897 intelligere
3098 2834 3347 2897 poterunt
3383 2822 3638 2897 quantum
3670 2828 3775 2883 sibi

2191 2904 2321 2950 nutu
2351 2895 2443 2949 Dei
2483 2894 2552 2947 sit
2589 2894 2889 2965 provisum.
2919 2896 2984 2965 Et
3023 2893 3127 2949 hoc
3162 2893 3415 2965 quidem,
3448 2899 3776 2955 sanctissimi

2189 2965 2413 3030 fratres,
2440 2963 2720 3037 sperabam
2757 2963 2916 3037 etiam
2948 2963 3000 3019 in
3045 2966 3152 3030 eis,
3178 2963 3371 3036 quibus
3409 2969 3644 3037 ingenita
3690 2982 3778 3026 est

2191 3037 2418 3106 maxima
2448 3034 2671 3106 durities
2707 3034 2904 3100 animi,
2937 3049 3094 3104 posse
3116 3034 3434 3106 reprehendi
3462 3034 3505 3093 ’ζ
3530 3039 3637 3094 Sed
3665 3055 3779 3096 non

3407 3126 3473 3164 ue
3502 3112 3554 3165 in
3583 3125 3775 3167 eorum

2187 3190 2377 3230 sensus
2418 3176 2655 3243 ingressa
2686 3186 2767 3247 est
2808 3176 3057 3232 divinitas
3087 3179 3335 3247 prdpitia.
3379 3176 3584 3237 Revera
3624 3182 3806 3236 enim'

2187 3263 2290 3300 non
2324 3247 2588 3300 immerito
2625 3247 2694 3299 ab
2733 3245 2816 3301 his
2855 3248 3037 3315 procul
3078 3245 3397 3304 abscesserit
3419 3250 3617 3305 Christi
3656 3254 3770 3306 cle~

2188 3317 2383 3372 ruentia
2406 3357 2421 3381 ,
2467 3316 2519 3370 in
2551 3317 2742 3388 quibus
2783 3316 3057 3371 manifesta
3103 3319 3220 3375 luce
3260 3320 3429 3375 claret
3462 3321 3773 3388 huiusmodi

2188 3402 2342 3452 esse,
2371 3397 2429 3441 ut
2463 3402 2556 3442 eos
2595 3386 2754 3441 etiam
2783 3402 2813 3441 a
2837 3388 3041 3443 cwiesti
3074 3391 3375 3457 provisione
3411 3386 3606 3445 exosus
3645 3398 3770 3448 ceﬂ-

2188 3473 2423 3511 namus:
2454 3470 2594 3582 equae
2635 3458 2686 3510 in
2732 3458 2876 3525 ipsos
2910 3458 2933 3489 ⁸
2976 3466 3120 3514 tanta
3161 3463 3374 3515 vesania
3417 3474 3727 3528 perseverat
3753 3505 3770 3528 ,

2188 3543 2306 3582 cum
2339 3529 2451 3582 incr
2525 3528 2630 3581 ibili
2661 3528 2957 3582 arrogantia
2981 3530 3331 3582 persuadeant
3358 3533 3492 3582 sibi.
3519 3549 3641 3582 num
3670 3550 3770 3582 nec

2186 3543 2306 3603 eum
2339 3528 2645 3603 incredibili
2661 3528 2957 3603 arrogantia
2981 3530 3331 3603 persuadeant
3358 3533 3492 3597 sibi,
3519 3549 3641 3603 quas
3670 3550 3775 3590 nec

2187 3599 2291 3671 dici
2312 3639 2326 3663 ,
2355 3614 2455 3653 nec
2479 3597 2646 3671 audiri
2673 3596 2753 3671 fas
2780 3596 2861 3652 est
2880 3639 2896 3664 ,
2927 3596 3284 3671 desciscentes
3323 3618 3351 3655 a
3391 3596 3774 3671 recto'judieio

2187 3669 2342 3733 dato,
2383 3684 2489 3734 quo
2548 3668 2751 3722 cretein
2805 3669 3107 3737 provisione
3154 3685 3330 3726 meum
3376 3668 3634 3736 judicium
3673 3690 3775 3731 eos

2182 3741 2417 3810 comperi
2440 3740 2742 3809 postulare:
2772 3754 2889 3808 qua:
2916 3740 2998 3793 vis
3018 3740 3354 3810 malignitatis
3375 3742 3425 3797 in
3449 3743 3770 3801 commdem

2181 3810 2845 3890 pectpribusperseverat.
2874 3810 3093 3890 Quoties
3112 3826 3140 3864 a
3172 3812 3388 3890 mejam
3419 3814 3536 3882 ipso
3561 3815 3768 3890 impro—

2181 3880 2422 3954 bissimis
2452 3879 2774 3954 aditiouibus
2811 3882 2923 3954 suis
2965 3888 3089 3934 sunt
3115 3879 3375 3951 condigna
3408 3879 3768 3954 responsione

2182 3951 2464 4020 oppressi?
2489 3950 2590 4018 Qui
2620 3950 2797 4019 utique
2825 3951 2867 4004 si
2901 3951 3001 4004 hoc
3041 3960 3163 4005 ante
3202 3950 3384 4007 oculos
3427 3950 3627 4011 habere
3665 3972 3767 4009 vo-

2183 4021 2435 4087 luiSseut,
2486 4020 2707 4092 minime
2749 4020 2853 4092 hoc
2892 4021 3066 4092 ipsum
3094 4021 3556 4092 interposuissent.
3587 4026 3766 4081 Meum

2177 4092 2431 4166 judicium
2460 4090 2748 4166 postulant,
2771 4091 2858 4161 qui
2889 4091 3002 4166 ipse
3024 4090 3277 4166 judicium
3328 4093 3523 4166 Christi
3569 4112 3768 4166 exspe-

2181 4171 2289 4235 cto.
2323 4163 2449 4217 Dico
2471 4162 2614 4235 enim
2633 4201 2651 4235 ,_.
2680 4170 2738 4235 u_t
2763 4176 2824 4235 se
2850 4162 3045 4235 veritas
3074 4162 3599 4235 habet,sacerdotnm
3621 4162 3768 4235 judi-

2182 4234 2322 4286 cium
2354 4235 2421 4286 ita
2453 4233 2611 4287 debet
2639 4232 2851 4297 haberi,
2894 4246 2958 4286 ac
2991 4232 3035 4286 si
3076 4234 3190 4302 ipse
3222 4234 3476 4290 Dominus
3519 4232 3766 4293 residens

2176 4302 2399 4386 iudicet.
2423 4302 2584 4385 Nihil.
2614 4303 2763 4386 enim‘
2785 4302 3027 4386 licetbis
3054 4302 3198 4386 aliud
3221 4305 3460 4386 sentire,
3493 4307 3579 4363 vel
3612 4309 3764 4386 aliud

2177 4373 2452 4445 judicare,
2485 4374 2585 4427 nisi
2625 4373 2764 4445 quod
2807 4373 3002 4445 Christi
3038 4375 3352 4445 magisterio
3393 4386 3515 4431 sunt
3559 4379 3762 4433 edocti.

2179 4442 2317 4511 Quid
2361 4445 2519 4513 igitur
2546 4444 2796 4513 sentiunt
2837 4443 3048 4513 maligni
3098 4442 3376 4510 homines,
3421 4446 3600 4503 ofﬁcia
3634 4491 3651 4510 ,
3702 4461 3763 4504 ut

2179 4529 2308 4569 vere
2335 4512 2517 4569 dixisti
2540 4512 2596 4576 ‘,
2625 4513 2865 4583 diaboli?
2893 4512 3209 4583 Perquirunt
3246 4516 3551 4583 sacularia,
3584 4519 3755 4574 retin.

2120 4594 2121 4597 ‘
2179 4593 2403 4654 quentes
2432 4583 2691 4654 cmlestia.
2716 4582 2762 4638 Ο
2790 4583 2971 4638 rabida
3002 4582 3195 4639 furoris
3229 4586 3485 4642 audacia!
3526 4582 3670 4644 sicut
3706 4591 3761 4645 in

2179 4653 2613 4729 causis_gen_tium
2646 4653 2759 4708 fieri
2787 4654 2954 4729 solet,
2982 4655 3763 4729 appellationemiuterposue-

2180 4734 2323 4797 runt.
2353 4724 2610 4797 Equidem
2641 4724 3065 4797 gentesminora
3103 4727 3362 4781 interdum
3388 4724 3587 4797 judicia
3620 4731 3764 4786 refu-

2178 4796 2383 4869 gientes
2402 4837 2431 4869 ,_
2450 4795 2537 4869 ubi
2562 4795 2776 4869 ijustitia
2815 4795 3138 4869 deprehendi
3163 4796 3187 4830 ⁵
3226 4795 3436 4869 potest,
3483 4802 3655 4868 magis
3693 4802 3761 4857 ad

2179 4867 2381 4936 majora
2412 4866 2608 4938 judicia
2648 4867 2968 4938 auctoritate
2980 4866 3311 4938 interposita
3341 4870 3407 4922 ad
3433 4866 3758 4938 appellatio—

2179 4934 2301 4991 nem
2349 4934 2676 4992 se'conferre
2727 4945 2851 4990 sunt
2894 4936 3082 4991 solitae.
3130 4934 3266 5005 Quid
3321 4939 3372 4992 lii
3423 4934 3762 4996 det'ractores

2178 5006 2336 5077 legis,
2367 5008 2455 5077 qui
2481 5015 2766 5080 renuentes
2792 5007 3013 5062 cmicste
3034 5007 3330 5080 judicium,
3373 5023 3551 5064 meum
3598 5023 3756 5080 puta-

2176 5088 2370 5132 verunt
2398 5077 2884 5147 postulandum,sic
2911 5078 3111 5134 sentire
3132 5079 3201 5135 de
3215 5080 3425 5133 Christo
3453 5077 3761 5138 salvatore?

2177 5148 2318 5223 Ecce
2351 5146 2468 5223 iani
2498 5146 2830 5223 proditores,
2876 5162 3004 5202 ecce
3031 5149 3149 5223 sine
3182 5150 3285 5203 ulla
3317 5150 3509 5223 acriori
3548 5150 3757 5223 disqui-

2176 5220 2402 5284 sitione,
2455 5217 2555 5285 ipsi
2605 5232 2710 5288 per,
2740 5227 2909 5271 semet
2966 5219 3311 5287 prodiderunt
3350 5218 3590 5275 facinora
3633 5217 3753 5277 sua.

2175 5288 2307 5354 Quae
2333 5289 2399 5342 ab
2426 5288 2555 5357 ipsis
2580 5287 2808 5360 sentitur
2825 5288 3169 5360 humanitas,
3207 5291 3300 5360 qui
3349 5291 3402 5344 in
3442 5291 3561 5360 ipso
3597 5292 3709 5348 Deo
3739 5299 3759 5329 ⁶

2177 5359 2436 5414 immanes
2463 5357 2846 5427 prosilierunt?
2870 5357 3128 5429 Equidem
3154 5357 3171 5427 ,
3197 5357 3390 5418 fratres
3408 5357 3713 5420 cliarissimi
3733 5401 3753 5433 ,

2239 5505 2257 5537 ι
2290 5502 2432 5562 Alias,
2452 5500 2719 5553 induentes.

2236 5568 2257 5597 ι
2288 5571 2444 5625 Forte,
2468 5562 2777 5627 deprehendi.

2237 5628 2259 5660 ⁸
2291 5623 2449 5686 Forte,
2467 5623 2585 5736 griis
2604 5624 2656 5676 in

2237 5688 2257 5720 δ
2288 5694 2443 5736 Forte.
2501 5700 2591 5736 m.

2234 5688 2257 5720 δ
2288 5694 2443 5747 Forte,
2467 5688 2591 5738 dixi.

2237 5751 2260 5818 ξ
2290 5755 2448 5818 Forte,
2472 5746 2760 5818 reprehendi
2778 5784 2792 5797 .

2240 5812 2262 5843 ⁸
2294 5817 2450 5872 Forte,
2724 5818 2894 5862 neten.
