4026 6484
454 298 483 319 δ

470 352 565 411 ται

467 473 627 526 uirum
666 468 805 523 omni
828 467 1115 522 innocentia
1143 465 1411 536 prteditum
1431 506 1446 528 ,
1476 480 1537 518 oc
1575 465 1740 518 debita
1782 466 2045 536 religionis

467 557 577 597 οτιω
603 540 766 610 οσὶεὶα
793 548 1089 603 seruitium,
1122 537 1264 605 rique
1287 538 1442 610 itaut
1470 538 1694 610 oportuit
1721 537 2048 610 servientem;

472 628 564 666 nec
590 608 748 665 ullum
778 614 829 663 in
857 626 913 664 eo
936 610 1125 663 crimen
1161 609 1372 679 reperiri
1404 608 1621 678 potuisse
1657 608 1908 661 evidenter
1950 624 2047 679 op-

471 683 667 751 porut't,
707 682 832 735 sicut
868 680 1058 734 absenti
1094 678 1261 751 fuerat
1302 678 1709 751 adversariorum
1726 693 1945 751 Atriorum
1975 678 2050 751 si-

470 746 742 807 mulatione
759 746 1105 820 compositum;
1127 750 1322 803 Confer
1347 750 1504 820 epist.
1522 749 1610 808 ιδ,
1644 765 1698 803 n.
1721 747 1811 810 20,
1838 756 1966 801 tom.
1991 746 2047 800 2.

541 823 836 904 Aliqua-ulti
876 829 998 893 post
1021 820 1161 904 illud
1187 820 1440 904 judicium
1469 820 1626 904 tegent
1651 828 2050 904 contra‘partem

466 888 656 948 Donati
698 892 837 945 dedit
877 888 1259 956 icocriuimaiu,
1297 900 1356 945 ut
1393 888 1619 944 testatur
1645 889 1968 959 Augustinus
1998 888 2049 942 in

464 963 690 1031 cpistola
734 962 839 1018 105
860 1004 875 1028 ,
921 978 975 1016 n.
1020 962 1073 1018 9.
1120 959 1327 1031 Primus
1353 961 1593 1031 adversus
1618 975 1803 1013 eorum
1833 974 2053 1031 errorem

464 1029 624 1087 multa
666 1033 924 1087 constituit
948 1074 966 1099 ,
1006 1042 1052 1085 et
1090 1032 1159 1086 eis
1187 1030 1418 1085 basilicus
1435 1030 1589 1102 jussit
1612 1031 1837 1102 auferri,
1864 1046 1926 1083 ex
1955 1029 2048 1082 lib.

460 1107 498 1158 2
533 1111 716 1158 contra
759 1102 984 1158 Litteras
1023 1102 1299 1165 Petiliam,
1342 1118 1396 1156 η.
1436 1101 1581 1157 205:
1614 1101 1969 1169 praecepitque
1996 1109 2053 1152 ut

464 1175 578 1229 loca
606 1174 1071 1245 rcongregationum
1120 1174 1354 1245 ipsorum
1404 1171 1939 1245 ﬁsco_vin_dicarentur
1976 1185 2051 1245 es

462 1239 1010 1316 cjusdcnt'Au'gustini
1052 1239 1207 1316 epist.
1235 1244 1333 1316 88,
1368 1239 1506 1316 σιμ-5.
1540 1242 1692 1316 l_.egis
1716 1239 2049 1316 potisgantini

463 1310 651 1371 contra
696 1310 995 1369 Donatistas
1033 1310 1231 1368 mentio
1270 1314 1325 1366 tit
1362 1328 1389 1366 a
1420 1312 1671 1367 Gratiano
1716 1312 1769 1366 in
1801 1312 1834 1365 Ι.
1864 1311 1902 1365 2
1927 1310 2047 1365 cod.

464 1385 698 1451 Thoml.,
727 1386 808 1439 tit.
839 1384 919 1439 Ne
945 1396 1174 1439 sanctum
1203 1384 1464 1459 Buptismp
1493 1384 1713 1436 iteretur.

465 1472 845 1556 Exemplum
887 1473 1161 1555 epistola:
1210 1471 1618 1535 Constantini
1646 1469 1728 1532 ad
1775 1469 2055 1532 catholi-

1169 1572 1320 1614 cam.

464 1655 866 1712 Cossus-risus
892 1656 1188 1715 Accusa-us,
1218 1653 1478 1707 universis
1503 1651 1781 1720 Eniscopis
1803 1666 1897 1721 per
1916 1649 2055 1705 Afri-

756 1742 873 1780 cam
899 1767 916 1791 ,
945 1734 1001 1780 et
1032 1724 1168 1793 plebi
1197 1724 1447 1778 Ecclesia:
1472 1722 1766 1777 catholicas.

538 1817 689 1885 Quod
713 1817 845 1873 ﬁdes
869 1817 1053 1872 dehttit
1071 1858 1084 1879 ,
1112 1827 1365 1884 quantum
1395 1816 1669 1884 prudentia
1694 1814 1874 1879 valuit,
1899 1824 2056 1885 prout

466 1889 670 1957 puritas
699 1890 869 1956 [nituit
888 1930 902 1951 ,
938 1892 1281 1942 tentassemc
1311 1902 1405 1955 per
1432 1886 1607 1940 omnia
1640 1886 1978 1939 humanitatis
2002 1894 2056 1940 et

467 1958 847 2013 moderationis
872 1958 1043 2012 ofticia
1075 1958 1272 2025 optimc
1298 1958 1445 2010 scitis
1464 1999 1478 2021 ,
1507 1966 1561 2009 ut
1586 1998 1599 2018 ,
1626 1957 1772 2024 juxta
1804 1957 2055 2024 magiste-

468 2030 546 2083 ria
587 2028 717 2099 legis
758 2040 991 2093 nosme,
1041 2043 1139 2096 pax
1183 2028 1269 2081 illa
1297 2028 1646 2099 sanctissima:
1679 2027 2053 2091 fraternitatis,

468 2100 621 2165 cujus
644 2096 874 2168 gratiam
916 2099 1055 2151 Deus
1095 2112 1335 2151 summus
1375 2096 1686 2150 famulorum
1715 2112 1940 2168 suorum
1961 2112 2046 2164 pe-

470 2166 707 2221 etut-ibus
732 2169 1051 2233 immiscuit,
1100 2169 1330 2222 stabilita
1360 2182 1452 2237 per
1478 2182 1688 2222 onmem
1715 2166 2053 2221 concordiam

471 2249 764 2293 tem-retur.
810 2237 914 2295 Sed
957 2239 1079 2309 quia
1101 2239 1206 2292 iim
1234 2239 1377 2292 illam
1405 2239 1621 2291 sceleris
1648 2237 1837 2309 infusi,
1866 2253 2060 2306 pauco-

382 2320 385 2325 '
470 2324 589 2364 rum
621 2310 740 2371 licet
765 2306 1010 2365 sensibus
1032 2309 1377 2378 pervicaciter
1401 2309 1746 2362 inlnerentem
1767 2347 1780 2369 ,
1812 2306 2061 2360 intentio-

471 2380 557 2433 nis
600 2390 793 2434 uostrm
835 2378 971 2434 ratio
1007 2377 1111 2433 non
1144 2379 1313 2447 potuit
1337 2378 1586 2433 edomare
1606 2420 1621 2444 ,
1651 2380 1857 2432 favente
1887 2377 2060 2433 adhuc

470 2449 571 2504 sibi
596 2451 714 2505 huic
734 2450 983 2519 nequitia:
1005 2450 1315 2519 patrociu‘o.
1341 2459 1395 2501 ut
1412 2449 1711 2519 extorqueri
1730 2448 1826 2501 sibi
1843 2449 2060 2503 omnino

471 2536 579 2574 non
610 2518 869 2584 sinerent,
900 2522 950 2573 in
978 2518 1083 2589 quo
1112 2534 1171 2573 se
1193 2520 1479 2587 deliquisse
1504 2518 1798 2587 gauderent
1829 2533 2056 2587 :exspe-

473 2590 724 2645 claudum
761 2593 911 2645 nobis
951 2600 1033 2645 est
1055 2631 1070 2656 ,
1100 2590 1225 2644 dum
1254 2599 1417 2643 totum
1449 2591 1546 2643 hoc
1575 2604 1669 2657 per
1701 2603 1893 2656 paucos
1920 2589 2061 2644 cedit

396 2678 399 2681 '
473 2660 528 2731 in
568 2663 816 2731 pupulum
852 2660 1232 2730 omnipotentis
1264 2661 1352 2715 Dei
1380 2660 1740 2731 misericordia
1768 2660 2055 2731 mitigetur.

472 2729 599 2787 Inde
634 2729 775 2787 etiim
812 2731 1099 2786 remedium
1140 2746 1357 2798 sperare
1379 2730 1667 2794 debemus,
1698 2744 1818 2784 cum
1838 2730 1853 2760 ¹
1882 2731 2060 2784 omnia

473 2801 609 2857 bona
652 2813 769 2858 vota
817 2814 863 2855 et
910 2802 1042 2857 facta
1082 2801 1405 2855 referuntur.
1439 2801 1632 2855 Verum
1677 2800 1801 2853 dum
1828 2801 2062 2855 caelestis

472 2873 735 2943 medicina
758 2872 1006 2943 procedat
1029 2914 1044 2939 ,
1076 2871 1330 2926 hactenus
1352 2881 1476 2943 sunt
1498 2870 1717 2925 consilia
1744 2880 2061 2943 nosttajmo-

474 2941 707 2997 deranda
728 2940 771 3009 ,⁷
791 2953 845 2996 ιιι
876 2943 1178 3012 patientiam
1213 2942 1545 3010 percolamus
1567 2982 1581 3006 ,
1615 2951 1667 2996 et
1695 2940 1948 3009 quidquid
1977 2941 2059 2996 in-

474 3013 700 3068 solentia
725 3015 933 3068 illorum
956 3027 1053 3083 pro
1079 3012 1461 3067 consuetudine
1491 3012 1914 3083 intemperantia:
1946 3021 2060 3066 ten-

477 3092 552 3137 tat
593 3093 686 3138 aut
729 3083 956 3150 facit,id
1005 3092 1171 3137 totum
1211 3083 1603 3152 tranquillitatis
1645 3082 1838 3135 virtute
1862 3083 2075 3136 toleret

476 3169 614 3207 mus.
647 3154 786 3209 Nihil
817 3170 881 3210 ex
906 3154 1179 3223 reciproco
1198 3163 1486 3222 reponatur
1505 3152 1710 3221 injuriae
1735 3170 1749 3206 :
1775 3152 2071 3223 vindictam'

474 3224 655 3290 enim,
699 3241 856 3295 quam
902 3222 1260 3279 Dco’servare
1305 3224 1602 3295 debemus,
1645 3222 1942 3295 insipientis
1980 3232 2064 3276 est

475 3292 729 3349 manibus
758 3310 1014 3364 usurpare
1038 3311 1052 3358 ;
1098 3295 1327 3364 maxime
1355 3309 1473 3348 cum
1496 3292 1857 3364 debeattides
1884 3302 2062 3364 nostra

473 3364 779 3431 confidere,
824 3361 1075 3435 quidquid
1119 3364 1186 3419 ab
1229 3362 1527 3435 huiusmodi
1572 3361 1855 3435 hominum
1886 3361 2064 3418 furore

478 3438 741 3507 patietur,
788 3433 1024 3507 martyrii
1044 3436 1218 3507 gratia
1248 3434 1385 3504 apud
1417 3434 1577 3507 Deum
1609 3448 1729 3507 esse
1757 3433 2059 3507 valiturum.

476 3503 615 3571 Quid
642 3516 723 3561 est
743 3506 882 3560 enim
914 3503 1130 3560 :iliudin
1159 3506 1259 3559 hoc
1287 3504 1481 3559 seculo
1507 3504 1559 3557 in
1587 3504 1800 3557 nomine
1832 3503 1920 3557 Dei
1943 3505 2061 3557 vin-

476 3590 602 3632 cere
621 3618 636 3640 ,
665 3593 822 3645 quam
854 3576 1149 3631 inconditos
1173 3576 1445 3630 hominum
1468 3574 1694 3643 impetus
1718 3573 1911 3642 quieta:
1932 3573 2064 3645 legis

478 3644 731 3715 populum
784 3648 1144 3712 lacesceutcs,
1187 3645 1446 3700 constanti
1494 3654 1708 3715 pectore
1753 3644 2063 3715 sustinere?

476 3714 627 3785 quod
668 3719 712 3772 si
751 3717 1112 3773 υΙιδοιον.εν.ει·ἱι
1146 3727 1319 3772 vestra
1349 3714 1657 3781 sinceritas,
1687 3716 1794 3770 cito
1821 3714 2065 3770 videbitis

477 3803 576 3859 per
616 3788 838 3859 gratiam
882 3803 1105 3842 smnmae
1147 3787 1434 3859 divinitatis
1453 3828 1479 3859 ,Α
1510 3794 1565 3840 ut
1607 3785 2064 3859 languescentihus

476 3856 661 3913 eorum
698 3857 780 3915 ius
804 3858 949 3913 itntis
979 3859 1063 3912 vel
1094 3858 1362 3921 morilms,
1393 3856 1482 3926 qui
1512 3872 1572 3911 se
1597 3856 1910 3910 miserrimae
1933 3870 2062 3926 eou-

478 3930 728 3985 tentionis
768 3929 1069 3983 vexillarios
1109 3929 1380 3997 praebent,
1412 3925 1589 3981 ’sciant
1624 3940 1810 3980 omnes
1843 3941 1947 3980 non
1972 3925 2065 3980 de—

477 3999 607 4070 bere
642 4015 700 4070 se
739 4015 1025 4070 paucorum
1056 3999 1404 4070 persuasione
1432 4005 1712 4070 pereuntes
1735 3998 2065 4070 sempiterno

477 4069 624 4127 letho
667 4067 826 4133 dare,
873 4085 978 4140 quo
1019 4068 1220 4139 possint
1263 4067 1588 4140 paenitentia:
1613 4067 1779 4140 gratia
1808 4107 1824 4132 ,
1853 4082 2065 4140 semper

478 4141 601 4196 vita:
625 4150 839 4196 :cternze
860 4183 874 4205 ,
892 4136 1157 4195 correctis
1183 4136 1454 4194 crﬁirihus
1478 4138 1589 4191 suis
1607 4136 1633 4201 ,’
1652 4138 1922 4207 integrari.
1952 4136 2061 4192 Va-

479 4212 584 4337 ltile
604 4222 734 4295 goto
758 4211 1038 4294 centumuiri
1070 4226 1166 4279 per
1202 4210 1394 4265 saecula
1423 4207 1642 4277 iubente
1662 4209 1684 4239 ’
1711 4208 1842 4275 Deo,
1873 4208 2063 4264 fratres

479 4297 508 4336 c
529 4296 793 4337 laﬂSSltlll.

474 4296 575 4337 cna
582 4297 772 4338 ﬂSSlllll
782 4322 793 4334 .

478 4373 859 4452 Exemplum
905 4374 1213 4453 Epistolre
1249 4371 1863 4453 Constantini,_cu_m
1898 4372 2065 4453 εστὶ-τ

548 4461 666 4533 pto
682 4449 1131 4533 episcoporum
1161 4453 1603 4533 Numidarum,
1641 4449 1765 4533 ubi
1790 4449 2066 4533 heretici

558 4528 839 4593 tulerunt
885 4528 1216 4603 basilicas,
1266 4538 1339 4590 ut
1385 4530 1466 4590 ad
1502 4529 1690 4590 aliam
1744 4528 2064 4590 basilicam

555 4611 906 4692 faciendam
930 4610 1051 4674 sibi
1074 4611 1278 4672 locum
1304 4609 1399 4671 vel
1426 4608 1675 4670 domum
1708 4608 1792 4669 eis
1818 4607 1918 4668 det
1946 4609 2059 4690 (α).

476 4711 875 4767 (Σοαετλκτικυε
920 4710 1099 4765 Victor
1136 4710 1396 4765 Maximus
1434 4723 1498 4764 ac
1522 4708 1895 4777 Trinmphator
1923 4725 2063 4764 sem-

548 4797 645 4853 per
670 4783 934 4853 Augustus
957 4823 973 4849 ,
995 4780 1187 4853 Zenzio
1209 4822 1226 4848 ,
1252 4781 1458 4853 Gallico
1477 4822 1505 4853 ,_
1522 4780 1810 4853 Victorino,
1835 4782 2062 4853 Speran-

551 4850 625 4907 iio
643 4894 659 4918 ,
685 4850 939 4908 Januario
962 4893 978 4918 ,
1010 4852 1172 4908 Felici
1193 4893 1206 4912 .
1234 4851 1545 4907 Crescentio
1564 4894 1580 4919 ,
1602 4850 1807 4917 Pantio,
1840 4851 2059 4915 Victori,

545 4923 804 4978 Babbutio
826 4964 844 4992 ,
876 4921 1100 4989 Donato,
1129 4922 1410 4993 episcopis.

548 5012 678 5069 Cum
720 5014 914 5070 summi
952 5014 1045 5068 Dei
1070 5055 1085 5078 ,
1113 5014 1201 5082 qui
1235 5012 1391 5083 hujus
1418 5012 1595 5067 mundi
1622 5021 1808 5068 auctor
1830 5021 1885 5067 et
1914 5021 2062 5080 pater

474 5092 592 5149 est,
622 5088 774 5153 cujus
802 5084 1060 5139 beneficio
1088 5084 1247 5138 vitam
1275 5084 1543 5153 carpimus
1561 5124 1575 5148 ,
1608 5084 1801 5137 cretum
1832 5084 2060 5151 suspici-

475 5170 595 5210 mus
618 5197 633 5220 ,
664 5155 890 5209 humana
914 5156 1073 5210 etiam
1100 5155 1352 5210 societate
1375 5154 1691 5223 gaudemus,
1715 5153 1851 5208 hanc
1875 5153 2062 5206 volun-

473 5233 637 5281 tatem
663 5239 783 5281 esse
809 5234 1046 5290 constet,
1075 5236 1136 5279 ut
1158 5240 1318 5295 omne
1339 5227 1626 5278 humanum
1649 5239 1816 5295 genus
1837 5226 1888 5277 in
1908 5238 2059 5295 com:

476 5311 637 5351 mune
667 5297 995 5363 consentiat,
1027 5304 1081 5351 et
1105 5294 1332 5364 quodam
1360 5295 1626 5364 societatis
1653 5294 1844 5348 affectu
1863 5335 1879 5360 ,
1905 5294 2058 5363 quasi

474 5366 673 5421 mutuis
696 5366 1029 5437 amplexibus
1053 5363 1377 5437 glutinetur:
1406 5381 1510 5437 non
1539 5363 1755 5419 dubium
1785 5375 1867 5418 est
1887 5363 2059 5437 hafre-

474 5450 563 5492 scs
605 5445 660 5491 et
704 5434 992 5492 schismata
1030 5434 1078 5490 a'
1103 5436 1347 5501 diabolo,
1391 5436 1480 5505 qui
1513 5444 1671 5503 caput
1694 5443 1778 5488 est
1803 5434 2016 5488 malitia:
2040 5474 2056 5500 ,

478 5507 820 5573 processisse.
867 5507 935 5562 Et
978 5507 1097 5562 ideo
1137 5505 1389 5575 quidquid
1428 5506 1495 5559 ab
1525 5506 1787 5559 ba‘reticis
1811 5506 2053 5575 geritur,

474 5576 589 5644 ejus
609 5576 861 5632 instinctu
890 5578 1000 5633 ﬁeri
1020 5617 1037 5644 ,
1062 5574 1359 5647 quieorutn
1388 5590 1609 5642 sensus,
1639 5584 1842 5630 mentes
1865 5615 1880 5641 ,
1906 5574 2055 5644 cogi-

539 5669 555 5699 ι
592 5674 748 5726 Forte,
774 5681 885 5731 quo.

538 5731 558 5761 ⁸
591 5735 749 5789 Forte,
776 5730 971 5780 cicerae.

537 5789 612 5862 (α)
646 5799 778 5862 Apoc
793 5791 919 5862 forte
943 5792 1052 5862 5f],
1092 5801 1174 5862 aut
1209 5792 1320 5862 358,
1345 5799 1458 5843 ante
1483 5792 1645 5857 legem
1668 5804 1763 5857 qua
1784 5793 2052 5842 Constanti—

476 5865 567 5901 nus
589 5851 804 5902 basilicas
827 5854 1080 5903 Donatistis
1101 5853 1295 5903 ademit.

1931 353 1971 407 Α
1981 340 2291 408 PPENDIX.

3638 340 3741 420 79s

2158 468 2491 549 tationesque
2530 470 2799 549 possidet,
2841 472 2980 528 nulla
3025 472 3291 549 dubitatio
3327 484 3433 549 est.
3455 474 3588 549 Nam
3615 492 3737 534 cum

2155 540 2413 604 ejusmodi
2441 540 2763 619 hominesin
2793 559 2886 598 sua
2915 555 3173 619 potestate
3202 547 3495 619 redegerit,
3531 548 3737 606 hisdem

2156 611 2880 684 usquequaquedominatur.
2907 611 3043 684 Quid
3068 627 3241 673 autem
3270 611 3390 674 boni
3418 618 3632 674 efficere
3660 622 3744 675 in-

2155 693 2316 760 sanus
2340 682 2648 760 Lperﬁdus,
2679 682 3040 760 irreligiosus,
3072 687 3321 756 profanus
3343 730 3359 757 ,
3386 690 3496 745 Deo
3522 700 3743 745 contra-

2155 750 2296 814 rius,
2343 750 2618 830 Ecclesiae_
2644 750 2851 810 sancta?
2884 750 3128 813 inimicus
3176 750 3379 828 potest,
3428 761 3591 830 quia
3635 761 3744 815 Deo

2153 830 2336 899 sancto
2360 860 2375 886 ,
2406 836 2567 899 vero,
2597 823 2745 894 justo
2763 868 2778 891 ,
2801 840 3009 899 summo
3029 869 3044 892 ,
3072 823 3229 899 atque
3253 823 3489 884 omnium
3513 829 3745 886 Domino

2153 892 2412 974 Moericus
2431 934 2444 953 ,
2477 894 2564 963 qui
2589 892 2693 974 pos
2717 898 2990 952 constituit
3016 907 3071 953 et
3098 892 3282 974 in'_bac
3306 901 3426 974 luce
3452 900 3705 974 produxit
3723 942 3739 974 ,_

2152 963 2240 1029 qui
2265 963 2510 1044 spiritum
2539 963 2606 1019 ad
2632 966 2791 1020 vitam
2818 983 3018 1044 .-quam
3043 971 3310 1044 carpimus
3333 1013 3347 1035 ,
3377 963 3551 1044 dedit,
3573 981 3627 1026 et
3651 963 3745 1040 qui

2153 1045 2252 1084 nos
2278 1032 2326 1085 id
2353 1034 2493 1102 quod
2519 1049 2671 1089 suum
2700 1051 2821 1092 esse
2847 1032 3030 1102 voluit,
3065 1051 3120 1095 et
3139 1032 3442 1096 omniasua
3468 1032 3747 1095 voluntate

2157 1102 2394 1184 perfecit,
2423 1103 2487 1184 ad
2509 1103 2702 1161 diaboli
2724 1118 2925 1184 partem
2950 1124 3114 1178 prono
3132 1126 3314 1167 errore
3336 1111 3569 1167 decurrit
3589 1112 3613 1165 2
3634 1110 3747 1184 Sed

2153 1174 2284 1255 quia
2304 1174 2471 1255 semel
2498 1174 2775 1255 possessus
2800 1174 3007 1234 animus
3030 1197 3058 1233 a
3081 1192 3221 1255 mato
3239 1224 3255 1247 ,
3288 1197 3504 1238 necesse
3530 1190 3615 1236 est
3630 1182 3744 1255 do:

2152 1245 2315 1327 cteris
2340 1245 2432 1327 sui
2475 1247 2726 1327 operibus
2750 1248 2947 1327 instare
2969 1292 2984 1314 ,
3010 1265 3071 1305 ea
3097 1245 3334 1327 perficiat
3357 1269 3476 1327 qua:
3505 1252 3744 1327 requitati

2151 1322 2207 1393 et
2226 1316 2462 1393 justitizc
2498 1319 2761 1393 contraria
2797 1316 3115 1393 videantur,
3147 1322 3344 1377 idcirco
3369 1316 3420 1377 lii
3452 1323 3540 1393 qui
3571 1316 3605 1375 ξι
3629 1323 3747 1377 dia-

2154 1384 2279 1438 bolo
2319 1386 2551 1464 possessi
2580 1398 2704 1442 sunt
2725 1430 2739 1452 .
2770 1391 2886 1464 ejus
2914 1384 3129 1464 falsitati
3156 1403 3209 1448 et
3235 1384 3486 1464 πριιιιὶιὶαέ
3509 1394 3745 1464 obsequ-

2155 1463 2333 1536 untur:
2380 1456 2707 1536 Nonnautem
2737 1461 2985 1516 miratum
3009 1462 3028 1494 ⁸
3067 1471 3178 1536 est,
3226 1479 3259 1536 a_
3283 1456 3435 1518 bouis
3467 1456 3745 1536 improbos

2153 1525 2449 1582 discedere.
2483 1525 2614 1610 Nam
2643 1529 2721 1583 sic
2748 1542 2893 1586 reete
2920 1525 3198 1610 proverbio
3219 1534 3479 1610 signatum
3504 1525 3606 1596 est,
3635 1533 3744 1610 Pa-

2154 1609 2243 1679 res
2271 1611 2392 1679 cum
2428 1598 2641 1667 paribus
2668 1598 2974 1671 congregari
3010 1620 3025 1658 :
3053 1604 3143 1674 qui
3174 1598 3315 1679 malo
3341 1605 3515 1679 impiae
3540 1604 3746 1679 mentis

2157 1665 2334 1720 infecti
2352 1665 2476 1722 sunt
2499 1710 2513 1730 ,
2544 1683 2761 1725 necesse
2772 1665 2921 1726 'est'a
2947 1665 3125 1729 nostra
3150 1675 3401 1729 societate
3419 1665 3740 1729 dissideant.

2162 1734 2326 1815 Domo
2355 1738 2614 1815 siquidem
2642 1743 2835 1815 malus,
2864 1752 2922 1797 ιιι
2943 1744 3211 1813 Scriptura
3234 1745 3467 1815 loquitur
3484 1787 3498 1807 ,
3522 1745 3745 1799 denuda

2157 1807 2391 1885 thesauro
2424 1807 2620 1885 profert
2654 1812 2790 1885 nuda
2821 1815 3025 1885 :_bomu
3055 1807 3172 1869 itero
3199 1832 3264 1870 ea:
3285 1807 3412 1869 lieno
3438 1818 3632 1885 profert
3655 1815 3747 1869 bo-

2156 1894 2277 1961 num
2302 1876 2621 1961 (Matt-luxti
2646 1921 2670 1961 ,_
2692 1882 2940 1961 55)._Sed
2966 1886 3108 1955 quia,
3134 1898 3194 1961 _t_tt
3218 1886 3413 1941 dictmn
3438 1876 3544 1952 est,
3574 1886 3748 1961 barre-

2160 1951 2246 2002 tici
2274 1959 2328 2003 ct
2352 1951 2706 2025 schismatici,
2738 1951 2826 2025 qui
2852 1951 3045 2009 bonum
3075 1957 3429 2025 relinquentes
3459 1966 3515 2011 et
3542 1957 3742 2011 malmn

2157 2027 2457 2100 sectantes,
2487 2037 2548 2076 ea
2574 2022 2853 2091 perficiunt
2873 2026 3128 2100 qureDt-o
3147 2022 3478 2100 displiceant,
3502 2028 3741 2100 diabolo,

2157 2097 2246 2170 qui
2285 2106 2469 2145 eorum
2515 2102 2662 2170 pater
2688 2105 2801 2170 est,
2832 2097 3484 2170 approbauturzadbacrere
3506 2140 3523 2162 ,
3554 2099 3747 2170 rectis-

2159 2163 2293 2214 sime
2329 2171 2383 2216 et
2420 2163 2687 2229 sapienter
2714 2163 2957 2220 Gravitas
2985 2178 3155 2222 vestra
3184 2166 3342 2230 facit;
3370 2178 3427 2222 et
3449 2166 3749 2222 secundum

2159 2238 2402 2309 sanctum
2434 2231 2551 2288 fidei
2581 2246 2918 2309 pneceptum,
2945 2238 3220 2309 abeorum
3248 2240 3511 2308 perversis
3529 2248 3752 2292 conti-u-

2161 2301 2408 2380 tionibus
2434 2301 2828 2380 temperando;
2880 2301 2935 2363 et
2983 2308 3191 2380 hisdem
3236 2301 3556 2364 remittendo
3601 2309 3747 2378 Quod

2161 2320 2391 2381 neutrius
2442 2320 2828 2428 tenaperanuo;
2880 2320 2935 2363 et
2983 2320 3191 2363 tusaem
3236 2320 3556 2364 rettttttentto
3601 2320 3747 2378 Qttud

2161 2370 2319 2455 tidem
2347 2373 2447 2427 sibi
2475 2374 2527 2427 in
2567 2374 2765 2455 ehitttm
2794 2388 2953 2446 atque
2981 2379 3210 2435 alienum
3231 2394 3490 2455 usurpare
3513 2389 3751 2455 contru-

2160 2439 2291 2519 dunt
2317 2460 2352 2519 _:
2397 2460 2460 2498 ne
2484 2484 2502 2519 ,_
2540 2445 2699 2519 sicuti
2736 2459 2814 2501 cst
2858 2439 3040 2503 eorum
3085 2439 3401 2519 perversitas
3431 2450 3663 2514 maligna
3693 2461 3749 2503 et

2162 2512 2361 2591 perfida
2382 2554 2396 2579 ,
2440 2515 2503 2566 ad
2547 2515 2837 2572 seditiones
2864 2534 3027 2588 usque
3054 2512 3491 2591 prorumperent,
3522 2512 3587 2574 et
3608 2522 3746 2574 inter

2164 2583 2343 2660 turbas
2382 2593 2538 2660 atque
2558 2598 2869 2660 concentus
2897 2583 2978 2643 sui
3013 2583 3214 2645 similes
3239 2583 3561 2653 incitarent,
3588 2602 3751 2660 atque

2162 2652 2233 2730 ita
2265 2652 2467 2724 aliquid
2487 2656 2770 2730 existeret,
2799 2661 2937 2729 quod
2967 2661 3141 2715 sedari
3165 2677 3269 2714 non
3299 2652 3594 2730 oporteret.
3624 2652 3747 2717 Sce-

2163 2723 2384 2807 lerattnp
2428 2726 2623 2795 quippe
2666 2723 2849 2807 eorum:
2902 2733 3225 2807 propositum
3271 2723 3485 2801 semper
3524 2731 3745 2807 requirit

2161 2793 2361 2875 diaboli
2399 2793 2571 2875 opera
2606 2799 2879 2875 perlicere.
2903 2793 3140 2875 jEt'ideo
3177 2818 3298 2857 cum
3326 2818 3354 2855 a
3381 2793 3746 2875 sacerdotibus

2294 2881 2387 2948 per
2424 2864 2724 2948 patientiam
2754 2886 2875 2948 qun
2903 2873 3016 2939 ipso
3042 2884 3315 2948 suo‘patre
3340 2882 3596 2948 superant
3622 2872 3696 2948 (ej
3728 2890 3744 2927 :

2161 2936 2264 2989 sibi
2307 2936 2359 3012 hi
2386 2937 2473 3006 qui
2510 2938 2743 2994 cultores
2776 2941 2865 2995 Dei
2894 2936 3086 2996 summi
3113 2936 3334 3012 gloriam
3359 2982 3377 3009 ,
3406 2936 3482 2996 illi
3510 2936 3640 2998 vero
3661 2943 3747 2995 da-

2161 3006 2483 3087 mnationem
2510 3022 2821 3095 comparant
2837 3052 2871 3092 ν.
2886 3022 2938 3066 et
2958 3006 3214 3095 condigna
3230 3006 3515 3095 supplicia.
3543 3013 3628 3095 iis
3648 3012 3746 3068 hoc

2162 3080 2354 3153 quippe
2381 3080 2550 3147 majus
2574 3080 2660 3132 Dei
2684 3083 2874 3135 summi
2903 3086 3093 3137 existat
3114 3080 3241 3153 justi
3273 3080 3438 3152 usque
3461 3083 3745 3149 judicium,

2161 3153 2301 3215 quod
2347 3163 2444 3223 eos
2483 3153 2850 3223 arquo‘animo
2896 3154 3122 3213 tolerat.
3170 3164 3223 3209 et
3272 3156 3520 3223 patientia
3557 3154 3745 3209 uinde-

2162 3226 2347 3293 mnat,
2394 3218 2477 3293 his
2514 3220 2848 3293 omniaquae
2889 3223 2956 3279 ab
2996 3224 3122 3293 ipsis
3158 3218 3571 3293 processerunt,
3599 3226 3744 3281 susti-

2165 3287 2360 3370 πρέπεις).
2394 3288 2532 3344 Deus
2562 3287 2821 3370 siquidem
2836 3309 2909 3370 _se
2929 3287 3171 3370 omnium
3186 3296 3459 3370 vindicent
3476 3287 3739 3370 prtitttisit.

2165 3356 2233 3440 Et
2269 3358 2388 3439 ideo
2424 3356 2802 3440 cum‘vi'ndieta
2826 3365 2944 3440 Deo
2970 3366 3287 3440 permittitur
3308 3406 3323 3428 ,
3354 3356 3534 3440 acrius
3560 3364 3630 3440 de
3654 3365 3747 3418 ini-

2162 3431 2315 3483 micis
2338 3431 2665 3500 supplicium
2704 3435 2948 3487 sumitur.
2971 3431 3123 3500 Uuod
3151 3451 3247 3490 vos
3271 3450 3411 3489 nunc
3439 3434 3668 3490 famulos
3692 3444 3744 3490 et

2163 3499 2467 3575 sacerdotes
2510 3502 2601 3555 Dei
2641 3503 2867 3575 libenter
2892 3499 3079 3559 fecisse
3102 3506 3323 3575 cognovi
3348 3548 3366 3567 ,
3394 3514 3448 3559 et
3475 3506 3607 3558 Satis
3634 3520 3745 3574 gra-

2164 3570 2380 3643 tulatus
2403 3588 2519 3643 sum
2540 3613 2556 3637 ,
2597 3574 2737 3642 qnod
2765 3574 2833 3630 de
2865 3576 3038 3642 impiis
3064 3586 3115 3629 et
3140 3570 3440 3639 sceleratis,
3472 3570 3744 3643 sacrilegis

2163 3648 2217 3694 et
2259 3639 2491 3715 profanis
2515 3684 2553 3715 ,Α
2573 3639 2787 3711 perﬁdis
2820 3656 2875 3698 ct
2912 3639 3246 3715 irt'eligiosis,
3274 3655 3328 3701 et
3356 3645 3467 3701 Deo
3497 3639 3741 3715 ingratis,

2162 3719 2232 3786 et
2260 3711 2512 3786 Ecclesiae
2541 3712 2770 3786 inimicis
2799 3716 2993 3769 nullam
3021 3711 3302 3772 vindictam
3335 3711 3582 3786 poscitis:
3611 3724 3667 3770 et
3690 3725 3743 3769 ut

2164 3780 2320 3836 iidem
2347 3783 2606 3857 petiusad
2630 3786 2833 3857 veniam
2861 3787 3185 3855 pertineant,
3210 3780 3504 3857 postulatis.
3535 3786 3647 3840 lloc
3665 3794 3743 3839 est

2163 3867 2289 3906 vere
2324 3868 2390 3927 ac
2421 3855 2632 3922 penitus
2668 3855 2832 3911 Deum
2863 3872 3020 3927 nosse
3043 3898 3059 3922 ,
3092 3856 3192 3912 hoc
3214 3855 3297 3913 est
3320 3858 3602 3927 prasccptis
3629 3856 3743 3910 insi-

2163 3931 2305 3992 stere
2322 3963 2338 3988 ,
2369 3923 2470 3978 hoc
2495 3934 2579 3979 est
2601 3926 2823 3981 feliciter
2842 3926 3063 3984 credere
3084 3969 3100 3992 ,
3133 3928 3234 3983 hoc
3262 3923 3343 3983 est
3369 3923 3738 3988 vere’sentire,

2164 3991 2266 4066 hoc
2303 4004 2385 4049 cst
2424 3995 2588 4059 scire,
2628 3996 2768 4065 quod
2809 4001 2981 4066 major
3002 3999 3225 4052 vindicta
3253 3999 3304 4052 in
3333 3997 3631 4053 contrarios
3657 3997 3743 4051 Ec-

2162 4064 2337 4139 clesia:
2377 4075 2728 4139 provocetur,
2768 4064 2906 4122 cum'
2931 4068 3132 4123 hisdem
3174 4068 3449 4139 inrsmcnlo
3489 4070 3738 4139 parcitur.

2163 4135 2392 4209 Accepta
2419 4136 2577 4209 igitur
2603 4138 2824 4205 cpistola
2846 4139 3127 4209 Sapientia:
3148 4151 3201 4193 et
3225 4135 3509 4194 Gravitatis
3531 4148 3739 4201 vesti-az,

2161 4207 2396 4275 comperi
2443 4207 2719 4264 haereticos
2759 4210 2871 4266 sive
2910 4207 3272 4265 schismaticos
3313 4224 3429 4263 eam
3475 4209 3742 4263 basilicam

2163 4277 2414 4333 Ecclesiae
2438 4278 2711 4334 catholica:
2736 4320 2751 4343 ,
2779 4296 2935 4349 quam
2966 4282 3015 4334 in
3044 4281 3387 4335 Constantina
3412 4280 3745 4347 civitatejus-

2163 4364 2337 4405 seram
2378 4349 2659 4414 fabricari,
2707 4351 2859 4404 solita
2906 4351 3239 4419 improbitate
3278 4350 3626 4405 invadendam
3656 4366 3743 4419 pu-

2166 4431 2341 4485 tasse,
2383 4432 2435 4476 et
2476 4423 2806 4492 frequenter
2845 4429 2949 4474 tam
2990 4437 3018 4474 a
3064 4421 3216 4476 nobis
3241 4437 3397 4492 quam
3425 4436 3453 4474 a
3480 4421 3744 4492 judicibus

2163 4508 2229 4548 ex
2272 4500 2422 4546 notra
2466 4490 2707 4561 iussione
2744 4492 3131 4554 commonitos,
3179 4504 3236 4544 ut
3262 4490 3563 4546 redderent
3600 4490 3735 4559 quod

2163 4579 2318 4619 suum
2364 4577 2466 4616 non
2516 4570 2629 4615 erat
2651 4601 2669 4627 ,
2715 4561 2946 4617 noluisse
2974 4579 2988 4614 :
3019 4575 3111 4615 vos
3138 4572 3310 4615 autem
3344 4563 3637 4617 imitatores
3666 4577 3747 4631 pa-

2165 4634 2363 4689 tientia:
2404 4631 2497 4685 Dei
2533 4632 2765 4695 summi,
2792 4647 2977 4687 eorum
3008 4632 3217 4687 malitia:
3250 4632 3451 4701 placida
3484 4640 3661 4687 mente
3684 4647 3742 4686 ea

2163 4721 2280 4774 qua:
2324 4712 2498 4774 vestra
2541 4710 2664 4774 sunt
2700 4703 3085 4774 relinquentes,
3113 4713 3166 4756 et
3196 4704 3373 4774 potius
3397 4705 3570 4756 locum
3600 4702 3748 4774 vobis

2164 4769 2385 4829 invicem
2410 4771 2568 4825 alium
2593 4769 2821 4827 fiscalem
2853 4769 3063 4828 scilicet
3082 4769 3321 4842 poscere.
3346 4772 3516 4840 Quam
3539 4772 3748 4841 petitio-

2162 4860 2283 4902 nem
2302 4885 2320 4911 ,
2353 4856 2500 4897 more
2529 4844 2749 4898 instituti
2778 4843 2912 4908 mei,
2946 4843 3172 4897 libenter
3195 4843 3469 4909 amplexus
3498 4859 3617 4896 sum
3650 4861 3662 4894 :
3692 4852 3745 4898 et

2161 4915 2338 4971 statim
2377 4913 2444 4969 ad
2485 4911 2811 4968 Rationalem
2854 4923 3219 4982 competentes
3260 4911 3420 4976 dedi,
3451 4921 3510 4966 ut
3531 4913 3746 4967 donmm

2162 4986 2423 5041 bonorum
2451 4994 2752 5039 nostrorum
2783 4984 3081 5053 transgredi
3113 4984 3308 5050 faciat,
3330 5000 3451 5038 cum
3467 4984 3750 5051 omuijnrc

2160 5072 2259 5112 suo
2278 5098 2293 5121 ,
2320 5056 2385 5111 ad
2412 5054 2699 5110 dominium
2726 5055 2974 5109 Ecclesia:
3001 5054 3292 5115 catholicae,
3318 5069 3475 5123 quam
3507 5065 3747 5123 prompta

2160 5128 2476 5184 liberalitate
2519 5126 2744 5188 donavi,
2790 5141 2853 5181 ac
2888 5125 3036 5179 vobis
3076 5124 3205 5179 tradi
3248 5123 3488 5189 protinus
3507 5124 3664 5190 jussi.
3695 5123 3749 5178 ltt

2160 5215 2265 5269 quo
2302 5206 2475 5269 tamen
2520 5199 2634 5269 loco
2673 5206 2884 5265 sumptu
2928 5194 3579 5269 ﬁscali__hasilicant_erigi
3609 5210 3747 5269 pra--

2159 5263 2296 5341 cepi.
2322 5268 2399 5323 Ad
2415 5267 2766 5341 Consularem
2788 5263 2995 5341 quoque
3015 5265 3180 5341 scribi
3197 5264 3440 5341 mandavi
3465 5263 3743 5341 Numidia,

2160 5334 2370 5409 ut'ipse
2413 5339 2462 5392 in
2495 5338 2732 5406 ejusdem
2771 5334 3011 5409 ecclesia:
3051 5335 3393 5409 fabricatione
3424 5335 3475 5409 in
3501 5334 3748 5409 omnibus

2158 5406 2560 5466 sanctimoniam
2592 5418 2820 5463 vestram
2841 5408 3067 5478 juvaret.
3098 5406 3346 5462 Lectores
3372 5407 3539 5461 etiam
3562 5406 3740 5478 Eccle-

2158 5483 2252 5536 size
2288 5481 2562 5536 catholica:
2585 5521 2601 5544 .
2637 5490 2691 5534 et
2721 5477 3109 5548 hypOdiacones
3130 5519 3143 5539 .
3174 5479 3406 5547 reliquos
3431 5492 3644 5548 quoque
3666 5477 3745 5548 inf

2158 5555 2354 5609 stiuctu
2399 5545 2845 5612 memoratorum,
2892 5548 3203 5618 quibusdam
3247 5545 3346 5615 pro
3395 5545 3637 5602 moribus
3677 5545 3743 5600 ad

2158 5639 2375 5679 munera
2401 5663 2416 5687 ,
2448 5622 2527 5675 vel
2556 5621 2621 5674 ad
2647 5620 3046 5675 decurionatum
3069 5619 3237 5673 vocati
3262 5626 3387 5672 sunt
3406 5660 3420 5681 ,
3449 5618 3598 5687 juxta
3628 5625 3740 5687 sta-

2160 5704 2328 5751 tutum
2365 5685 2495 5761 legis
2530 5705 2662 5745 mea
2689 5690 2754 5744 ad
2781 5690 2981 5747 nullum
3008 5704 3198 5744 munus
3222 5690 3379 5743 statui
3414 5685 3738 5744 evocandos.

2222 5788 2237 5818 ¹
2273 5790 2432 5839 Forte,
2455 5783 2647 5833 mirum.

2222 5847 2296 5925 ιφ
2329 5852 2475 5895 Lacus
2498 5846 2787 5907 deputatus
