4026 6460
238 338 342 395 ⁸195

237 450 338 507 Sed
380 456 437 506 et
477 462 602 514 eos,
646 448 735 519 qui
782 444 926 503 ducti
958 455 1085 519 sunt
1125 446 1497 519 hxreticorum
1526 446 1775 519 instinctu
1800 486 1815 512 ,

236 516 743 601 jussimtisprotiiius
764 518 999 572 molestis
1028 516 1732 601 perfunctio-nibusabsolvi...
1745 517 1819 570 De

237 584 429 646 caetero
455 584 613 645 etiam
646 590 810 659 legem
840 603 1009 644 meam
1032 584 1613 659 ‘supergecclesiasticos
1633 584 1817 639 catho-

238 662 365 717 licos
402 661 576 714 datam
617 657 870 714 custodiri
902 658 1161 712 mandavi.
1190 658 1318 725 Qua:
1345 657 1521 709 omnia
1549 666 1605 708 ut
1631 665 1817 709 vestrae

235 732 505 803 patientia:
548 730 721 803 palam
759 729 952 803 tierent
971 771 985 793 ,
1024 728 1210 803 harum
1240 729 1529 803 litterarum
1559 728 1809 803 testit_ica-_

236 795 380 858 tione
407 795 693 870 perscripta
740 810 880 855 sunt.
917 800 981 852 Et
1005 801 1203 870 utinam
1231 797 1444 870 quidem
1473 796 1706 850 haeretici
1734 795 1815 870 vel

232 866 556 927 schismatici
603 866 885 939 aliquando
914 885 1021 923 suae
1050 868 1202 922 saluti
1234 866 1608 939 providerent,
1641 875 1694 919 et
1718 866 1816 939 de-

231 942 389 997 tersis
429 956 611 995 eorum
662 936 895 995 tenebris
934 939 999 992 ad
1030 940 1285 992 visionem
1312 953 1451 991 vera:
1480 937 1609 989 lucis
1636 936 1818 989 oculos

234 1013 506 1083 aperirent
530 1053 545 1073 ,
590 1019 644 1064 et
684 1026 713 1063 a
751 1010 961 1083 diabolo
987 1009 1329 1083 secederent,
1361 1016 1415 1061 et
1439 1006 1503 1083 ad
1534 1007 1693 1059 Deum
1725 1006 1817 1083 qui

231 1078 371 1139 unus
398 1090 454 1137 et
474 1096 631 1134 verus
654 1122 667 1142 ,
697 1082 784 1150 qui
813 1080 1048 1134 omnium
1070 1078 1231 1150 judex
1254 1088 1335 1132 est
1358 1120 1370 1141 ,
1393 1078 1617 1150 velsero
1637 1078 1792 1130 contu

229 1161 436 1221 gerent.
482 1151 587 1221 Sed
630 1148 750 1219 quia
779 1158 984 1204 constat
1010 1149 1181 1221 cosio
1213 1148 1775 1221 sua_m_al_it_ia_tnanere
1799 1187 1817 1212 ,

228 1216 283 1276 Et
307 1223 362 1277 in
387 1221 497 1277 suis
525 1216 846 1276 facinoribus
875 1221 1009 1274 mori
1035 1219 1171 1273 velle
1189 1260 1204 1283 ,
1227 1218 1421 1272 sufficit
1443 1216 1645 1270 hisdem
1668 1232 1815 1271 coni-

233 1293 461 1347 monitio
501 1301 681 1344 nostra
707 1332 721 1353 ,
759 1300 812 1345 et
851 1289 1156 1357 prxcedens
1180 1288 1389 1342 assidua
1415 1287 1730 1341 cohortatio.
1760 1286 1817 1341 Si

229 1364 375 1417 enim
411 1362 739 1431 jussionihus
777 1362 970 1414 nostris
995 1358 1685 1431 oilitemperare‘voluissent
1707 1399 1723 1423 ,
1750 1357 1821 1410 ab

228 1437 377 1487 omni
412 1427 560 1485 inalo
597 1432 961 1485 liberarentur.
994 1429 1101 1483 Nos
1130 1427 1303 1483 tamen
1326 1471 1339 1493 ,
1372 1427 1596 1493 fratres,
1629 1442 1818 1496 sequa-

227 1519 355 1558 mur
386 1518 503 1569 quze
540 1513 714 1555 nostra
751 1512 909 1567 sunt,
948 1500 1205 1553 mandatis
1231 1500 1522 1563 instemus,
1554 1498 1819 1551 custodia-

228 1589 353 1628 mus
376 1574 549 1626 divina
580 1582 837 1640 prmeepta
864 1614 878 1636 ,
906 1586 971 1624 ex
998 1571 1149 1640 bonis
1177 1570 1385 1640 actibus
1405 1570 1565 1640 vitam
1582 1576 1817 1640 nostram

226 1645 297 1697 ab
345 1637 616 1698 erroribus
658 1637 1016 1705 vindicantes,
1058 1639 1264 1695 favente
1295 1639 1386 1694 Dei
1415 1637 1774 1693 misericordia
1798 1678 1816 1706 ,

225 1728 329 1785 per
357 1723 559 1767 rectum
586 1714 807 1765 limitem
834 1712 1143 1781 dirigamus.

426 1824 606 1879 Gesn
633 1839 768 1877 sevo
792 1824 1131 1877 Iumentum
1157 1837 1498 1877 CONSULAREII
1522 1819 1595 1891 (a)
1613 1863 1625 1881 .

226 1894 427 1965 quibus
444 1894 987 1965 constatgtraditorem
1011 1894 1276 1965 Silvanum
1306 1934 1321 1955 ,
1354 1894 1440 1961 qui
1467 1889 1587 1945 cuin
1609 1889 1820 1965 exteris

358 1965 621 2020 ordinavit.
664 1964 972 2033 Majorinum
1017 1964 1101 2017 cui
1151 1964 1380 2017 Donatus
1421 1962 1695 2016 successit.

299 2076 647 2131 Constantino
669 2075 894 2128 Maximo
922 2074 1155 2139 Augusto
1181 2084 1233 2127 et
1253 2072 1819 2137 Constantinojnniore

224 2146 562 2203 nobilissimo
581 2145 789 2199 Caesare
811 2146 959 2198 (loss.
986 2145 1153 2196 idibus
1174 2143 1541 2197 decenihrihus
1558 2142 1818 2207 (b).Sexto

224 2217 675 2286 Thziiiingadiensi
725 2216 934 2268 inducto
959 2257 972 2278 ,
1005 2224 1072 2286 got
1114 2212 1610 2286 applicilo__Victore
1640 2228 1789 2286 grani

226 2281 465 2346 uiatico:
503 2286 785 2340 assistcnte
814 2286 970 2337 etiam
1000 2284 1325 2337 Nundinaria
1354 2283 1607 2343 diacmio,
1639 2281 1813 2334 Zeno-

227 2360 409 2429 philus
438 2358 517 2409 vir
559 2356 883 2429 clarissimus
936 2355 1248 2429 consularis
1275 2355 1406 2429 dixit
1427 2370 1459 2429 ξ-
1479 2352 1605 2429 Quis
1658 2369 1816 2403 voea-

225 2423 343 2483 ris?
388 2428 677 2496 Respondit
723 2444 735 2478 :
786 2428 981 2479 Victor.
1050 2423 1371 2496 Zenophilus
1534 2424 1592 2473 (Σ.
1625 2437 1815 2496 ρςιιιξιιο

224 2500 357 2554 lari;
411 2494 543 2553 divit
585 2516 596 2550 :
635 2495 797 2564 Cujus
862 2495 1176 2549 (OlldllitillIS
1237 2510 1295 2547 es
1323 2497 1346 2545 ‘t
1398 2494 1577 2546 Victor
1638 2494 1811 2545 dixit:

224 2571 507 2624 Professor
549 2583 663 2620 smn
724 2569 1012 2619 litterarum
1059 2566 1449 2623 Romanarum,
1507 2564 1819 2633 grammati-

222 2656 323 2695 cus
372 2638 580 2693 latinus.
630 2637 947 2705 Zenophilus
993 2637 1053 2688 V.
1096 2636 1155 2689 C.
1186 2635 1479 2689 consularis
1508 2634 1638 2705 dixit
1671 2634 1816 2705 :ACu-

221 2714 313 2780 jus
369 2710 637 2778 dignitatis
669 2703 815 2780 Aes"!
861 2706 1212 2780 Victorudixit
1262 2722 1275 2757 :
1321 2706 1475 2780 Patre
1534 2703 1817 2780 decurione

225 2774 772 2837 Conslaiitinicnsium
799 2820 812 2841 ,
841 2793 938 2829 avo
970 2778 1132 2830 milite
1157 2794 1168 2839 ;
1202 2778 1251 2828 in
1279 2776 1526 2827 comitatu
1559 2774 1817 2827 militave-

225 2862 333 2906 rat.
380 2850 509 2904 Nam
552 2850 699 2917 origo
739 2856 913 2901 nostra
942 2848 1006 2899 de
1036 2845 1494 2917 SanguineMauro
1514 2844 1813 2917 descendit.

226 2921 550 2989 Zenophilus
578 2914 726 2972 VIC.
752 2918 1043 2989 consularis
1064 2914 1195 2970 dixit
1225 2934 1235 2966 :
1264 2916 1470 2969 Memor
1497 2915 1615 2966 lidei
1639 2926 1689 2989 et
1721 2914 1815 2989 ho-

226 2984 453 3048 nesta-tis
502 3000 604 3043 tua:
647 2988 958 3056 simpliciter
995 2988 1209 3057 designa
1242 3028 1255 3051 ,
1299 3002 1417 3057 qua:
1460 2999 1616 3057 causa
1660 2984 1815 3057 fuerit

227 3062 578 3118 dissensionis
617 3054 1131 3113 interChristianosI
1155 3054 1334 3111 Victor
1358 3056 1496 3109 dixit
1525 3074 1537 3109 :
1572 3056 1682 3123 Ego
1709 3054 1818 3108 dis-

229 3134 494 3187 sensionis
520 3132 778 3194 originem
810 3131 991 3183 nescio
1022 3146 1033 3179 :
1068 3143 1202 3181 unus
1224 3142 1338 3180 sum
1362 3126 1427 3179 dc
1456 3127 1648 3194 popqu
1673 3123 1818 3178 Chri-

229 3147 494 3187 sensuims
520 3147 597 3184 0r!
640 3147 778 3184 mem
810 3147 991 3183 neseio
1022 3147 1033 3179 :
1068 3147 1202 3181 unus
1224 3147 1338 3180 sum
1362 3147 1427 3179 ue
1456 3147 1648 3194 pupum
1673 3147 1814 3178 ωιΠ-

229 3205 543 3259 stianorum.
594 3147 862 3270 Siquidem
893 3214 1011 3253 cum
1040 3214 1210 3253 esseni
1242 3197 1376 3266 apud
1404 3196 1814 3270 Carthaginem,

232 3273 508 3329 Secundus
553 3266 831 3341 episcopus
871 3286 990 3325 cum
1046 3269 1416 3341 Carthagian
1461 3268 1677 3341 tandem
1721 3266 1819 3341 ali-

236 3344 449 3413 qunndo
475 3337 705 3397 venisset
730 3337 748 3404 ζ
774 3342 1020 3394 dicuntur
1050 3340 1312 3393 invenisse
1334 3338 1672 3413 Caecilianum
1704 3337 1817 3413 cpi:

240 3406 457 3483 scopum
500 3414 677 3468 nescio
722 3413 914 3482 quibus
955 3426 1058 3483 non
1100 3420 1249 3483 recte
1293 3408 1633 3483 constitutum
1676 3423 1694 3483 _:
1744 3406 1817 3459 illi

240 3476 425 3539 contra
456 3484 609 3537 alium
633 3476 990 3535 instituerunt.
1020 3480 1143 3533 Inde
1166 3479 1266 3531 illic
1287 3478 1424 3547 apud
1446 3476 1815 3547 Carthaginem

236 3564 408 3623 empta
450 3553 709 3608 dissensio
752 3562 831 3605 est
874 3569 887 3603 :
935 3560 988 3603 ct
1027 3550 1145 3602 inde
1172 3545 1426 3623 originem
1455 3548 1590 3599 scire
1613 3545 1817 3623 dissen-

235 3616 401 3679 sionis
444 3626 596 3694 plene
644 3638 746 3675 non
789 3637 1061 3694 possuni_:
1100 3620 1343 3694 quoniam
1389 3632 1599 3694 semper
1632 3616 1817 3694 Civitas

233 3705 417 3750 nostra
444 3686 601 3749 unam
632 3686 921 3747 Ecclesiam
951 3686 1145 3751 habet;
1178 3699 1230 3741 et
1256 3690 1298 3741 si
1328 3686 1814 3740 habuitdisscnsio-

232 3781 357 3821 nem
379 3809 393 3828 ,
425 3769 689 3820 nes-cimus
720 3764 955 3815 omnino.
991 3759 1310 3829 Zenophilus
1340 3758 1400 3809 V.
1434 3758 1495 3810 (Σ.
1523 3756 1817 3829 consularis

233 3825 423 3892 dixit:
466 3837 680 3890 Silvano
708 3834 1070 3888 communicas
1096 3832 1117 3883 ?
1140 3825 1320 3882 Victor
1346 3828 1617 3897 respondit
1648 3843 1658 3877 :
1689 3825 1813 3893 Ipsi.

232 3907 559 3977 Zenophilus
604 3904 666 3959 V.
708 3904 768 3977 β.
811 3903 1106 3977 consularis
1149 3900 1280 3951 dixit
1326 3916 1338 3947 :
1376 3897 1481 3977 (Fur
1510 3897 1819 3977 erg-agiliter-

232 3966 399 4033 missd
420 3979 574 4045 eo(c)
604 4018 615 4038 ,
645 3974 795 4042 cujus
825 3972 1123 4026 innocentia
1152 3978 1366 4045 purgata
1394 3969 1409 3998 ¹
1434 3968 1559 4045 est?
1592 3966 1657 4019 Et
1680 3966 1820 4045 adje-

232 4050 311 4104 cit
354 4066 368 4103 :
405 4037 755 4102 Asseveratur
795 4052 1046 4111 prmterea
1075 4050 1123 4093 te
1152 4037 1290 4111 aliud
1318 4038 1610 4111 certissime
1639 4037 1777 4111 scire
1800 4077 1813 4099 ,

231 4119 375 4190 quod
424 4118 667 4190 Silvanus
708 4105 931 4190 traditur
969 4115 1037 4190 sit
1077 4128 1088 4163 :
1131 4110 1306 4190 deﬂeo
1330 4108 1601 4190 cpnﬁtere.
1640 4105 1819 4190 Vi‘ctor

231 4176 511 4258 r'espondit
558 4205 569 4240 :
608 4187 722 4258 lloc
760 4184 957 4258 nescio.
987 4178 1400 4258 Zenophilus
1527 4176 1818 4258 consularis

231 4245 563 4314 Nundinario
589 4256 813 4330 diacono
837 4253 973 4330 dixit
1002 4268 1031 4330 _:_
1052 4245 1214 4330 Negat
1242 4265 1299 4330 se
1327 4247 1506 4301 Victor
1525 4251 1659 4330 scire
1678 4245 1818 4330 quod

233 4329 484 4383 Silvanus
507 4324 725 4377 traditor
744 4324 831 4375 sit.
861 4316 1220 4374 Nundinarius
1241 4320 1494 4371 diaconus
1515 4317 1644 4369 dixit
1670 4334 1681 4367 :
1707 4316 1820 4370 Scit

233 4400 352 4466 ipse
390 4410 514 4466 nuin
545 4396 566 4426 ¹
603 4393 813 4447 tradidit
839 4392 1068 4445 codices.
1104 4390 1281 4466 Victor
1310 4387 1575 4466 respondit
1613 4403 1625 4438 :
1654 4386 1823 4455 Fuge-

233 4460 351 4523 ram
398 4465 535 4519 hanc
583 4473 949 4532 tempestatem
999 4480 1010 4515 :
1058 4470 1141 4524 et,
1190 4460 1540 4539 si-mentior,
1583 4472 1818 4539 peream.

233 4539 369 4592 Cum
421 4538 686 4591 incursum
724 4544 1032 4604 pateremur
1069 4532 1356 4604 repentina:
1398 4532 1776 4604 persecutionis
1801 4567 1816 4591 ,

234 4608 520 4677 fugivimus
572 4606 622 4659 in
670 4599 901 4677 montem
950 4599 1199 4677 Bellonae.
1253 4600 1365 4670 Ego
1405 4599 1651 4677 sedebam
1701 4613 1819 4677 cum

235 4668 401 4733 Marte
441 4678 695 4739 diacono,
738 4686 790 4729 et
818 4674 994 4728 Victor
1032 4668 1345 4742 presbyter;
1385 4685 1503 4742 cum
1545 4669 1612 4742 ab
1633 4668 1821 4742 eodem

234 4749 402 4803 Marte
429 4755 792 4811 qua-rcrentur
818 4740 1260 4806 codiccsiomnes,
1292 4741 1499 4811 negavit
1526 4740 1818 4811 schabere.

234 4819 386 4876 Tunc
412 4809 592 4871 Victor
618 4816 762 4869 dedit
789 4816 999 4868 nomina
1022 4815 1256 4866 omnium
1283 4809 1560 4864 lectorum.
1591 4809 1817 4862 Ventum

234 4901 320 4945 est
348 4888 413 4943 ad
443 4889 657 4942 domum
683 4901 853 4939 meam
887 4903 899 4939 :
928 4900 1047 4937 cum
1076 4884 1269 4935 absens
1298 4896 1469 4933 essem
1498 4921 1511 4942 ,
1544 4893 1821 4932 ascensum

234 4969 319 5015 est
353 4975 382 5013 a
423 4958 818 5027 magistratibus
843 4996 858 5027 ,
904 4964 958 5008 et
1000 4954 1207 5027 sublati.
1237 4961 1363 5027 sunt
1386 4949 1613 5027 codices
1678 4948 1779 5027 mei
1808 4965 1821 5000 :

236 5046 358 5084 cum
386 5044 485 5100 ego
508 5018 769 5083 venissem
796 5067 811 5093 ,
846 5018 1019 5080 inveni
1044 5022 1254 5077 codices
1284 5020 1537 5074 sublatos.
1565 5018 1825 5072 Nundina-

304 5143 318 5171 ι
356 5147 515 5197 Forte,
540 5140 760 5203 probata.
1022 5195 1034 5203 _
1186 5194 1199 5203 _
1360 5192 1399 5203 Α,
1438 5190 1448 5201 ,
1598 5202 1605 5203 ί
1671 5197 1683 5203 _
1765 5188 1797 5203 ..

299 5204 320 5234 ’
356 5188 702 5257 vetus'éodex,
726 5212 835 5248 non.
857 5205 995 5247 Forte
1021 5194 1283 5259 legendum
1311 5207 1325 5243 :
1351 5192 1399 5243 Si
1430 5190 1531 5255 ipse
1552 5202 1645 5239 non
1666 5188 1823 5240 tradi-

237 5263 309 5313 dit
326 5276 344 5325 ,'
369 5261 447 5312 vel
462 5278 472 5310 :
486 5262 578 5312 scit
601 5261 853 5325 ipse,gnam
871 5257 1088 5325 tradidit;

303 5312 387 5396 (ξι)-
414 5312 831 5396 Αιιςυδιὶέιειείκθε
862 5322 977 5394 citat
1002 5328 1053 5392 et
1067 5316 1287 5396 appellat
1314 5312 1649 5396 LaestaAapnud
1669 5319 1823 5396 ἐξηρ-

248 5404 272 5430 ι
292 5376 857 5448 philum'eonsularem,»
888 5376 1207 5448 _in_epist_.'l'5,
1240 5380 1472 5448 n.__l_7,_ct
1497 5376 1745 5448 episttﬁ'a,
1772 5388 1819 5423 n.

242 5439 305 5505 4ξ
336 5465 357 5492 ι
381 5445 627 5505 Zenophili
661 5439 928 5493 mnsularis
946 5439 1191 5505 judicium,
1228 5458 1255 5505 ι.
1282 5440 1364 5505 lib.
1391 5439 1422 5486 ὅ
1443 5444 1823 5505 contremesco-

244 5497 396 5565 nium,
422 5523 469 5557 u.
495 5497 581 5566 3‘3;
614 5526 636 5553 ι
661 5515 771 5556 Acta
806 5497 1049 5566 Ζειποιέὴὶιί
1090 5500 1373 5560 consularis,
1410 5516 1431 5545 ι
1478 5498 1562 5547 lib.
1594 5497 1625 5545 4
1656 5506 1822 5547 contra

244 5570 491 5629 eumdem,
511 5584 561 5618 n.
577 5569 655 5617 66.

332 5633 380 5695 ὁ)
417 5629 869 5695 Αηηρνιξιπὶειῆ-ὄὲο.
962 5692 969 5695 _
1346 5683 1364 5695 _
1396 5685 1423 5695 ,Δ

332 5634 359 5680 b
417 5642 546 5680 Anno
569 5634 735 5680 Christi
761 5634 869 5679 5‘20.

308 5634 380 5754 ie;
412 5693 659 5742 (mediano
676 5691 875 5749 scilicet,
896 5692 1033 5750 cujus
1048 5699 1319 5754 causamox
1343 5683 1471 5754 fuita
1494 5685 1679 5754 victore
1699 5693 1825 5729 com-

247 5744 527 5863 tli’iénitfirata,
554 5760 605 5803 et
626 5756 765 5816 cujus
782 5744 1052 5802 innocentia
1076 5747 1239 5799 multis
1251 5749 1347 5810 jam
1371 5753 1485 5795 ante
1503 5744 1694 5808 judieiis
1714 5756 1824 5804 pro-

285 5824 361 5863 ata
402 5828 555 5863 uerat.

285 5824 361 5865 ata
384 5824 555 5866 tucrat.

844 331 1209 389 EXCERPTA
1245 330 1338 387 AD
1386 328 1915 388 DONATISTARUM
1957 327 2321 385 HISTORIAM
2360 330 2839 390 PERTINENTIA.

3395 336 3500 393 796

1928 443 2038 497 rius
2065 444 2319 520 diaconus
2330 444 2467 520 dixit
2506 446 2637 520 :_Tu
2664 449 2825 520 ergo‘
2854 448 3171 520 respondisti
3196 451 3337 517 apud
3361 466 3502 518 acui,

1924 515 2175 589 quoniam
2222 515 2412 589 dedisti
2428 517 2683 589 _codices.
2730 515 2905 587 Quare
2930 515 3192 589 negantur
3214 515 3354 582 haec.
3382 515 3503 589 qua;

1923 584 2073 653 prodi
2116 586 2378 653 possunt?
2426 584 2771 653 Zenophilus
2792 590 2854 643 V.
2894 590 2956 644 C.
2984 584 3278 645 consularis
3303 584 3501 646 Victori

1921 654 2089 731 dixit}
2114 654 2436 731 Simpliciter
2461 654 2716 731 confitere
2740 699 2755 724 ,
2778 676 2845 714 ne
2870 660 3105 714 strictius
3133 662 3499 731 interrogeris.

1922 723 2281 800 qundinarius
2309 723 2761 800 diaconusdixit}
2791 731 3055 800 Legatitur
3085 740 3220 783 aeta.
3245 723 3503 800 Zeuiophi-
3570 781 3583 795 ,

1924 795 2006 847 lus
2025 793 2094 874 ον.
2122 794 2183 849 C.
2208 797 2501 850 consularis
2530 797 2695 874 dixit:
2727 793 3012 874 Legantur.
3046 800 3111 854 Et
3136 800 3279 856 dedit
3304 793 3502 856 Nundi-

1922 868 2104 936 nar_ius
2127 906 2142 936 ,
2174 875 2228 919 et
2256 876 2512 936 exceptor
2538 868 2795 923 recitavit.

1995 932 2304 989 [Hoeletiano
2332 932 2425 990 vn}
2455 946 2501 989 et
2536 936 2849 993 Maximiano
2876 956 2944 994 vn
2987 940 3245 995 Consulib.
3279 957 3370 995 xiv
3398 958 3492 995 ca-

1922 1003 2097 1057 lendas
2132 1006 2310 1084 Iunias
2341 1006 2414 1077 (a)
2431 1047 2453 1084 ,_
2477 1024 2537 1061 ex
2579 1010 2701 1084 actis
2746 1010 2976 1084 ,ὒζςιηαιὶἱ⁸
3011 1010 3198 1084 Felicis
3247 1010 3498 1065 Flaminis

1922 1078 2178 1144 perpetui,
2233 1078 2478 1131 curatoris
2516 1078 2724 1133 colonix
2765 1079 3080 1134 Cirtensium.
3127 1079 3253 1135 Cum
3299 1092 3497 1134 ventum

1921 1154 2045 1216 eam
2070 1145 2137 1197 ad
2166 1145 2369 1199 domum
2399 1148 2451 1199 in
2490 1164 2588 1216 qua
2617 1148 2890 1204 Christiani
2930 1151 3313 1213 conveniebant,
3348 1150 3498 1205 Felix

1922 1212 1990 1295 ξπ.
2009 1232 2097 1295 pp.
2117 1225 2320 1295 curator
2336 1212 2747 1295 PaulaepiscOpo
2771 1221 2931 1295 dixit:
2954 1220 3185 1288 Proferte
3202 1212 3495 1295 pturas

1921 1284 2065 1353 legis,
2093 1296 2138 1339 et
2162 1287 2349 1361 siquid
2369 1284 2609 1361 aliudhic
2625 1284 2832 1350 habetis,
2863 1300 2916 1343 ut
2946 1284 3193 1361 pracepto
3218 1302 3263 1343 et
3276 1284 3494 1358 jussioni

1923 1370 2097 1423 parere
2120 1357 2341 1429 possitis.
2386 1356 2581 1429 Paulus
2612 1360 2875 1429 episcopus
2899 1356 3029 1413 dixit
3049 1376 3069 1413 :
3098 1356 3391 1428 Scripturas
3422 1362 3496 1413 le-

1921 1434 2081 1493 ctores
2108 1425 2321 1489 habent;
2345 1427 2434 1479 sed
2460 1445 2548 1481 nos
2576 1425 2709 1492 quod
2733 1425 2814 1482 hic
2837 1430 3091 1493 habemus,
3119 1425 3317 1483 damus.
3344 1430 3494 1484 Felix

1922 1492 1989 1547 F.
2019 1512 2106 1564 pp.
2130 1506 2331 1549 curator
2362 1494 2522 1549 Paulo
2550 1501 2783 1567 episcopo
2809 1500 2977 1554 dixit:
3009 1492 3225 1553 Ostende
3251 1501 3457 1553 lectores
3475 1540 3491 1564 ,

1921 1575 2008 1617 aut
2037 1569 2174 1639 mitte
2195 1567 2269 1639 ad
2290 1567 2661 1639 illos._Paulus
2689 1570 2950 1639 episcopus
2984 1572 3153 1623 dixit:
3183 1570 3368 1624 Omnes
3402 1587 3492 1623 co-

1920 1637 2179 1705 gnoscitis.
2220 1635 2372 1690 Felix
2418 1636 2483 1690 F.
2515 1654 2601 1705 pp.
2634 1635 2837 1692 curator
2857 1635 3151 1705 reipublicae
3177 1641 3343 1693 dixit:
3372 1640 3494 1693 Non

1921 1720 2007 1778 eos
2024 1707 2270 1778 novimus.
2298 1706 2487 1778 Paulus
2507 1710 2767 1778 episcopus
2788 1710 2911 1762 dixit
2934 1726 2952 1763 :
2985 1709 3140 1763 Novit
3157 1726 3241 1763 eos
3262 1709 3494 1778 Ofﬁcium

1921 1775 2194 1845 publicum,
2217 1777 2273 1829 id
2297 1787 2367 1849 est
2396 1777 2621 1849 qusius
2635 1775 2684 1830 et
2705 1778 2889 1849 Junius
2914 1791 3216 1849 execptores.
3250 1775 3398 1833 Felix
3420 1779 3489 1833 F.

1922 1862 2011 1913 pp.
2041 1856 2242 1898 curator
2270 1847 2557 1915 reipublica:
2584 1849 2711 1901 dixit
2734 1866 2751 1901 :
2779 1848 3016 1903 Manente
3035 1847 3233 1903 ratione
3255 1850 3317 1902 de
3340 1850 3494 1904 lecto«

1920 1915 2057 1987 ribus
2082 1932 2206 1987 quos
2231 1915 2585 1970 demonstrabit
2610 1918 2855 1987 Olﬁcium,
2880 1936 2967 1974 vos
2989 1920 3123 1983 quod
3146 1920 3333 1973 habetis
3352 1920 3488 1973 date.

1924 1984 2141 2056 Sedente
2175 1985 2336 2039 Paulo
2361 1989 2610 2056 episcopo,
2647 1984 2888 2042 Montano
2908 2000 2954 2043 et
2993 1990 3210 2053 Victore,
3243 1990 3491 2043 Deusate—

1922 2054 1989 2126 lio
2014 2065 2059 2108 et
2085 2054 2330 2109 Memorio
2361 2054 2677 2126 presbyteris,
2706 2070 2901 2113 astante
2936 2059 3101 2112 Marte
3133 2076 3244 2112 cum
3276 2058 3425 2112 Helio
3446 2069 3493 2112 et

1923 2124 2089 2177 Marte
2114 2124 2372 2190 diaconis,
2406 2124 2711 2193 Marcuclio,
2740 2127 2992 2183 Catullino
3013 2171 3026 2189 ,
3056 2129 3287 2193 Silvano,
3317 2140 3364 2181 et
3389 2130 3491 2182 Ca-

1920 2211 2035 2247 roso
2060 2196 2379 2267 subdiaconis
2398 2197 2712 2267 ,januario,
2747 2199 2968 2252 Meraclo
2986 2241 2998 2261 ,
3032 2198 3331 2257 Fructuose,
3359 2198 3494 2267 Mig-

1920 2266 2054 2338 gine,
2080 2266 2381 2338 Saturnino,
2422 2265 2617 2338 Victore
2642 2269 2915 2322 Samsuriri
2939 2310 2951 2327 .
2984 2279 3029 2321 et
3055 2270 3244 2321 cwteris
3277 2265 3489 2338 fossori-

1922 2336 2030 2393 bus,
2061 2336 2477 2388 contrascribente
2513 2336 2705 2390 Victore
2745 2340 2933 2405 Auﬁdii
2963 2341 3013 2391 in
3043 2340 3175 2391 brevi
3208 2336 3285 2392 sic
3307 2356 3325 2390 :
3351 2339 3491 2391 Cali-

1919 2420 1999 2457 ces
2037 2404 2135 2457 duo
2176 2407 2315 2458 aurei
2339 2422 2357 2458 :
2381 2407 2497 2458 item
2522 2408 2699 2459 calices
2744 2425 2832 2461 sex
2868 2409 3121 2477 argentei,
3167 2409 3368 2461 urceola
3402 2425 3493 2462 sex

1920 2483 2185 2543 argentea,
2241 2478 2573 2530 cucumellunt
2618 2489 2939 2545 argenteum;
2989 2480 3203 2531 lucerna:
3244 2489 3492 2546 argentee

1920 2556 2127 2613 septem,
2143 2550 2392 2615 cerea/ala
2413 2548 2533 2611 duo,
2566 2548 2789 2600 candela:
2810 2550 2977 2602 breves
3002 2564 3155 2601 wnea:
3180 2565 3291 2600 cum
3319 2549 3486 2601 lucer-

1919 2616 1997 2668 nis
2018 2617 2123 2669 suis
2149 2624 2330 2685 septem
2354 2632 2372 2668 :
2405 2618 2520 2669 item
2553 2620 2768 2671 lucerna:
2792 2634 2943 2671 tenete
2970 2619 3230 2681 undecim,
3259 2634 3373 2670 cum
3396 2635 3489 2671 ca-

1921 2687 2048 2739 tenis
2084 2686 2188 2738 suis
2220 2702 2238 2739 :
2264 2687 2445 2739 tunica:
2471 2688 2730 2740 muliebres
2776 2689 3027 2756 octoginta
3070 2689 3215 2745 dum.
3246 2692 3492 2756 mafortea

1921 2757 2127 2823 triginta
2166 2765 2210 2827 et
2259 2766 2385 2817 octo,
2420 2759 2600 2809 tunica:
2623 2759 2786 2811 viriles
2806 2759 3053 2811 sexdecim
3074 2799 3086 2818 ,
3115 2759 3289 2827 caligis
3324 2759 3490 2811 viriles

1922 2827 2066 2894 paria
2095 2826 2346 2889 tredecim,
2378 2828 2553 2896 caliga:
2575 2827 2834 2881 nmliebres
2876 2830 3017 2895 paria
3044 2826 3378 2896 quadraginta
3411 2845 3491 2879 se-

1922 2905 2081 2963 pteni,
2119 2898 2279 2962 capla:
2312 2895 2579 2949 rusticana:
2611 2897 2777 2950 decem
2819 2908 2865 2951 et
2896 2915 3085 2951 novem.
3116 2895 3265 2950 Felix
3295 2895 3361 2949 F.
3399 2916 3488 2963 pp.

1920 2976 2121 3017 curator
2147 2966 2434 3033 reipublica:
2464 2966 2773 3028 Marcuclio,
2809 2968 3037 3029 Silvano,
3069 2978 3115 3020 et
3138 2968 3346 3031 Gai-osa,
3385 2966 3492 3033 [0s-

1920 3036 2115 3107 soribus
2140 3037 2305 3089 dixit:
2340 3036 2568 3101 Proferte
2606 3038 2699 3089 hoc
2742 3039 2875 3107 quod
2902 3039 3110 3091 habetis.
3144 3038 3416 3101 Silvanus,
3445 3046 3494 3091 et

1921 3106 2146 3177 garosus
2162 3107 2432 3159 dixerunt:
2464 3108 2611 3172 Quod
2638 3108 2719 3159 hic
2758 3106 2851 3177 fuit
2873 3150 2886 3170 ,
2929 3117 3083 3161 tottnn
3114 3109 3207 3161 hoc
3234 3109 3491 3172 eiecimus.

1922 3173 2074 3247 Felix
2098 3174 2165 3228 F.
2204 3194 2291 3243 pp.
2330 3188 2532 3247 curator
2572 3173 2861 3247 reipublica:
2889 3176 3417 3247 Marculio,Silvano,
3447 3187 3494 3229 et

1922 3246 2108 3299 Caroso
2134 3247 2261 3299 dixit
2285 3262 2302 3299 :
2332 3245 2611 3317 Responsio
2633 3245 2790 3300 vestra
2812 3250 2934 3301 actis
2954 3250 3125 3301 han-et.
3157 3246 3493 3317 Posteaquam

1921 3317 1973 3368 in
1999 3317 2323 3382 bibliothecis,
2344 3316 2545 3369 inventa
2571 3328 2685 3369 sunt
2712 3319 2779 3371 ibi
2801 3320 3020 3371 armaria
3040 3318 3235 3370 inania.
3268 3316 3291 3369 Ι
3301 3319 3344 3369 bi
3370 3334 3490 3385 pro-

1922 3388 2032 3438 tulit
2049 3386 2290 3468 Silvanus
2309 3387 2946 3468 capitulatamargenteam,
2967 3399 3010 3441 et
3029 3389 3293 3468 lucernam
3315 3404 3494 3468 argen-

1922 3465 2072 3518 team,
2113 3458 2247 3526 quod
2286 3458 2467 3511 diceret
2498 3474 2548 3511 se
2571 3468 2679 3526 post
2706 3456 2871 3511 orcant
2911 3476 2994 3511 eas
3024 3459 3285 3511 invenisse.
3329 3456 3497 3510 Victor

1921 3528 2113 3599 Au/idti
2137 3526 2346 3599 Silvano
2365 3529 2492 3599 dixit
2519 3544 2535 3580 :
2568 3528 2799 3582 Mortuus
2822 3534 2989 3599 [ueras
3008 3571 3023 3592 ,
3055 3530 3097 3582 si
3127 3545 3222 3581 non
3266 3530 3379 3599 illas
3412 3528 3494 3599 in-

1923 3597 2154 3665 venisses.
2184 3596 2330 3649 Felix
2356 3597 2420 3648 F.
2453 3615 2538 3665 pp.
2564 3609 2765 3651 curator
2790 3596 3075 3665 reipublica:
3098 3599 3305 3651 Silvano
3326 3598 3451 3649 dixit
3477 3613 3495 3650 :

1926 3664 2107 3735 Qttwre
2150 3666 2454 3735 diligentius.
2498 3684 2558 3718 ne
2599 3668 2720 3733 quid
2766 3664 3205 3721 hic'remanserit.
3255 3666 3496 3735 Silvanus

1920 3734 2089 3787 dixit:
2141 3734 2289 3786 Nihil
2326 3737 2593 3799 remansit,
2646 3746 2802 3788 totum
2846 3739 2937 3788 hoc
2984 3738 3235 3805 ejeeimus.
3272 3734 3338 3787 Et
3384 3752 3497 3787 cum

1920 3814 2151 3873 apertum
2173 3806 2621 3873 essettricliuiunt,
2653 3807 2849 3859 inventa
2878 3804 3086 3858 ωηιίὸὺὲ
3126 3804 3261 3858 dolia
3284 3816 3499 3873 quatuor

1921 3872 1967 3925 et
1991 3890 2120 3926 orca:
2144 3890 2251 3928 sex.
2277 3872 2426 3927 Felix
2450 3873 2513 3926 F.
2541 3893 2626 3942 pp.
2651 3887 2849 3928 curator
2878 3877 3166 3942 reipublicw
3184 3876 3307 3927 dixit
3333 3891 3350 3927 :
3380 3874 3499 3927 l’ro-

1923 3947 2047 4014 ferte
2070 3944 2363 4012 Scripturas
2382 3961 2506 4014 quas
2532 3944 2741 4008 habetis,
2772 3956 2822 3997 ut
2847 3949 3105 4015 praiceptis
3128 3944 3498 4011 lmperutorunt

1923 4026 1969 4067 et
1986 4016 2205 4082 jussioni
2244 4031 2420 4083 parcre
2464 4017 2680 4082 possitis.
2729 4015 2991 4085 Catulinus
3036 4015 3239 4085 protulit
3277 4015 3499 4067 codicem

1924 4100 2082 4156 unum
2111 4086 2409 4156 pernimium
2428 4086 2690 4153 majorem.
2724 4085 2869 4139 Felix
2898 4084 2959 4137 F.
2986 4104 3071 4156 pp.
3099 4096 3301 4138 curator
3328 4086 3501 4150 reipu-

1924 4154 2063 4207 blica:
2107 4153 2391 4207 Marcuclio
2432 4166 2477 4207 et
2519 4156 2727 4209 Silvano
2761 4157 2885 4208 dixit
2928 4171 2945 4208 :
2987 4153 3156 4221 Quare
3194 4171 3346 4207 unum
3391 4164 3503 4207 tan-

1924 4225 2178 4295 tummodo
2202 4294 2215 4295 7
2239 4225 2456 4277 codicem
2503 4226 2741 4295 dedistis?
2780 4224 3009 4295 l’roferte
3049 4225 3339 4295 Scripturas
3375 4239 3502 4293 quas

1923 4294 2131 4348 habetis.
2182 4294 2439 4348 Catulinus
2480 4306 2526 4348 et
2567 4294 3145 4349 Marcucliusldixeruut
3183 4310 3201 4347 :
3240 4294 3365 4348 l’lus
3402 4311 3504 4349 non

1924 4363 2196 4427 habemus,
2236 4366 2354 4433 quia
2399 4366 2724 4418 subdiaconcs
2760 4383 2969 4429 sumus;
3014 4368 3101 4419 sed
3148 4367 3355 4418 lectores
3406 4368 3502 4418 ha-

1924 4434 2036 4486 bent
2083 4436 2297 4505 codices.
2346 4433 2494 4489 Felix
2550 4436 2744 4505 ἔαρι).
2785 4449 2987 4489 curator
3027 4435 3314 4501 reipublica:
3354 4434 3500 4488 Mar-

1925 4506 2084 4558 cuclio
2113 4515 2159 4557 et
2203 4503 2437 4559 Catulino
2484 4506 2610 4560 dixit
2636 4503 2667 4559 :‘
2696 4503 3042 4560 Demonstrate
3089 4506 3227 4558 nobis
3275 4507 3501 4559 lectores.

1927 4574 2240 4633 Marcuclius
2264 4587 2308 4629 et
2333 4574 2596 4630 Catulinus
2621 4577 2888 4629 dixerunt:
2922 4576 3039 4630 Non
3067 4577 3251 4629 scimus
3276 4575 3359 4628 ubi
3389 4592 3501 4628 ma-

1926 4654 2094 4698 neant.
2119 4644 2273 4699 Felix
2294 4645 2357 4698 F.
2384 4664 2470 4715 pp.
2500 4658 2702 4699 curator
2727 4647 3012 4714 reipublij
3030 4645 3263 4701 Catulino
3290 4656 3335 4698 et
3364 4645 3506 4698 Mar-

1926 4717 2088 4769 cuclio
2117 4717 2286 4769 dixit:
2319 4715 2377 4769 Si
2403 4716 2486 4769 ubi
2514 4726 2713 4768 manent
2744 4734 2841 4769 non
2870 4717 3025 4769 nostis
3047 4758 3061 4777 ,
3105 4717 3308 4768 nomina
3334 4732 3505 4769 eorum

1928 4786 2095 4839 dicite.
2126 4785 2389 4839 Catulinus
2420 4796 2464 4838 et
2492 4785 2800 4838 Marcuclius
2825 4786 3061 4839 dixerunt
3091 4803 3109 4839 :
3141 4785 3249 4838 Nos
3288 4803 3387 4837 non
3413 4803 3503 4837 su-

1928 4873 2039 4908 mus
2066 4856 2347 4925 proditores
2369 4874 2386 4908 :
2417 4872 2524 4907 ecce
2547 4871 2757 4917 sumus;
2773 4856 2896 4925 jnbe
2925 4874 3013 4909 nos
3039 4857 3222 4925 occidi.
3257 4854 3407 4908 Felix
3433 4853 3496 4906 F.

1931 4943 2015 4993 pp.
2050 4924 2253 4977 curator
2271 4926 2563 5009 reipublij
2583 4926 2710 5009 dixit
2736 4924 3131 5009 {incipit-intui".
3158 4924 3221 4977 Et
3248 4942 3363 4978 cum
3390 4941 3504 4977 ven-

1930 5005 2035 5047 tum
2064 5005 2187 5049 esset
2215 4995 2281 5047 ad
2323 4995 2528 5065 domum
2574 4995 2819 5065 Eugenii,
2873 4995 3020 5049 Felix
3062 4995 3128 5047 F.
3172 5012 3261 5063 pp.
3304 5008 3507 5047 curator

1929 5065 2215 5134 reipublica:
2234 5066 2361 5117 dixit
2384 5064 2607 5135 Eugenio
2628 5081 2645 5119 :
2670 5065 2855 5137 Profer
2877 5067 3167 5137 Scripturas
3186 5082 3309 5132 quas
3332 5067 3503 5128 habes,

1930 5145 1985 5206 u_t
2016 5146 2262 5206 pratgepto
2290 5152 2464 5203 parere
2492 5137 2669 5205 possis.
2709 5136 2769 5189 Et
2799 5137 3004 5206 protulit
3038 5136 3231 5206 codices
3270 5148 3503 5202 quatuor.

1936 5204 2083 5258 Felix
2106 5203 2172 5257 F.
2198 5223 2285 5274 pp.
2308 5203 2509 5259 curator
2530 5203 2816 5273 reipublicae
2838 5207 3044 5259 Silvano
3066 5216 3109 5257 et
3127 5203 3313 5258 Caroso
3334 5206 3461 5257 dixit
3486 5219 3505 5257 :

1936 5275 2279 5328 Demonstrate
2303 5287 2507 5330 ca'teros
2535 5277 2759 5330 lectores.
2787 5276 3025 5330 Silvanus
3046 5286 3091 5328 et
3115 5274 3331 5329 Carosus
3359 5276 3504 5328 dixe-

1930 5356 2088 5398 runt:
2112 5344 2232 5399 Jam
2259 5346 2386 5400 dixit
2416 5348 2679 5416 episc0pus
2706 5348 2825 5413 quia
2856 5344 3075 5398 Edusius
3110 5356 3155 5397 et
3193 5343 3381 5399 Junius
3411 5362 3505 5399 ex-

1930 5427 2153 5484 ceptores
2180 5433 2351 5470 omnes
2391 5427 2670 5470 noverunt:
2696 5417 2791 5484 ipsi
2832 5416 2916 5468 tibi
2951 5417 3285 5468 demonstrent
3318 5424 3382 5467 ad
3412 5417 3506 5467 do-

1934 5503 2040 5539 mos
2082 5503 2276 5540 eorum.
2326 5487 2548 5540 Edusius
2593 5498 2637 5539 et
2681 5485 2867 5539 Junius
2907 5497 3189 5554 exceptores
3232 5487 3506 5539 dixerunt:

1933 5555 2044 5609 Nos
2070 5573 2151 5610 eos
2181 5558 2598 5620 demonstremus,
2628 5557 2845 5609 domine.
2874 5556 2936 5609 Et
2963 5558 3084 5609 dum
3110 5571 3307 5609 ventum
3333 5557 3507 5625 fuisset

1930 5627 1997 5678 ad
2026 5628 2229 5680 domum
2266 5627 2450 5680 Felicis
2496 5627 2755 5697 Sarson’s,
2798 5628 3000 5698 protulit
3039 5628 3232 5681 codices
3269 5628 3504 5699 quinque.

1997 5741 2017 5809 ξ
2052 5746 2209 5809 forte,
2236 5751 2322 5809 cu_r
2345 5749 2476 5809 ergo.

1998 5802 2071 5863 (a)
2106 5809 2239 5849 Auno
2258 5799 2425 5848 (ῥιπίδιῖ
2444 5799 2548 5848 505.
