4026 6470
1280 312 1313 328 κ

218 397 315 453 809

218 513 429 581 antiquo
471 525 562 579 per
607 523 799 581 manus
839 510 1226 581 impositioncm
1270 508 1464 581 recepti
1507 518 1661 573 sunt,
1697 508 1795 581 de-

220 579 570 637 bere—talibus
612 580 1003 649 suscipiendum
1036 595 1224 633 munus
1249 579 1526 633 clericatus
1564 596 1667 632 non
1700 580 1798 632 im-

220 654 399 723 pedire
426 666 616 705 nomen
646 651 843 723 erroris
863 689 879 715 ,
911 660 1016 723 etc.
1045 650 1354 723 Quanquam
1375 650 1621 723 nonnulli
1650 649 1795 723 ejus-

219 720 339 777 dem
372 733 531 776 secta:
559 722 737 776 clerici
765 736 884 775 cum
916 721 1159 789 plebibus
1183 730 1341 789 atque
1374 720 1661 774 honoribus
1689 720 1798 773 suis

219 793 284 848 ad
313 808 410 847 nos
456 792 678 846 transire
725 790 1175 859 desiderent,qui
1208 804 1388 859 amore
1444 789 1663 843 honoris
1710 798 1801 859 aut

288 861 539 916 rsuadent
583 862 649 915 ad
678 862 870 925 vitam,
903 869 993 915 aut
1036 858 1267 915 retinent
1310 858 1377 913 ad
1417 860 1662 914 salutem.
1694 858 1801 914 Sed

258 948 321 987 oc
373 932 558 1000 majori
612 931 832 985 fratrum
905 930 1326 998 supradictorum
1389 928 1803 1000 considerationi

223 999 594 1057 dimittendum
625 1016 838 1065 censeo,
870 1010 927 1055 ut
964 1001 1289 1070 prudentiori
1329 1014 1428 1053 suo
1453 999 1674 1053 consilio
1704 1015 1803 1070 n07

221 1084 346 1127 strae
372 1072 726 1141 suggestionis
752 1068 1054 1127 sermonem
1082 1086 1200 1124 cum
1234 1070 1611 1141 perpenderint
1630 1111 1643 1135 ,
1672 1068 1805 1141 quid

221 1144 289 1197 de
315 1143 414 1195 hac
446 1140 503 1195 re
532 1142 610 1195 eis
639 1143 858 1210 placeat,
892 1157 987 1195 nos
1014 1141 1300 1194 informare
1329 1140 1632 1209 dignentur.
1665 1140 1707 1193 Τ
1710 1155 1805 1193 an-

223 1223 333 1267 tum
366 1212 433 1266 de
460 1212 539 1266 his
570 1212 657 1279 qui
690 1211 917 1265 infantes
944 1211 1188 1278 baptizati
1227 1220 1378 1272 sunt,
1407 1210 1719 1278 satagimus,
1750 1217 1809 1263 ut

224 1292 419 1337 nostra:
441 1322 454 1344 ,
486 1282 530 1335 si
563 1282 764 1349 placet,
796 1282 847 1335 in
895 1281 1081 1335 iisdem
1123 1280 1430 1335 ordinandis
1470 1280 1807 1335 consentiant

226 1352 503 1417 voluntati,
530 1363 633 1406 etc.

225 1466 319 1525 De
373 1462 857 1524 reconciliandis
914 1462 1266 1524 Donatistis
1332 1461 1811 1541 Carthaginensc

521 1541 868 1604 Concilium
892 1541 1118 1620 Africa:
1149 1540 1520 1601 universale.

300 1659 584 1714 Vincentio
636 1668 691 1713 et
732 1658 936 1712 Flavito
980 1658 1105 1711 viris
1151 1658 1458 1713 clarissimis
1486 1658 1809 1723 consulibus,

228 1732 406 1785 idibus
438 1730 753 1795 septembris
785 1728 880 1799 (a),
911 1728 1226 1797 Carthagine
1266 1730 1318 1782 in
1347 1730 1633 1783 secretario
1672 1730 1813 1782 basi-

228 1803 348 1855 lica:
373 1800 668 1865 Βθδιὶιυιω,
696 1815 813 1853 cum
847 1801 897 1853 in
924 1799 1150 1853 concilio
1176 1799 1478 1868 congregati
1507 1800 1561 1852 in
1587 1799 1811 1853 ecclesia

227 1870 634 1938 Carthaginiensi
672 1869 1100 1923 consedissemus
1146 1883 1210 1922 ex
1258 1868 1521 1922 Africanis
1567 1868 1813 1923 omnibus

230 1940 520 2011 provinciis
562 1940 815 2011 episcopi,
868 1938 918 2011 id
965 1948 1047 2011 est
1088 1938 1337 1992 Aurelius
1384 1938 1622 2011 ejusdem
1672 1938 1813 2011 sedis

229 2008 518 2082 episcopus
546 2024 664 2063 cum
695 2010 914 2082 collegis
944 2010 1053 2082 suis
1075 2049 1106 2082 ,Α
1117 2023 1251 2082 quos
1279 2008 1815 2082 eorumcsubscriptio

231 2078 545 2135 manifestat
585 2098 597 2132 :
644 2080 875 2133 recitatis
921 2078 1159 2147 epistolis
1203 2078 1491 2132 beatissimi
1540 2078 1717 2133 fratris
1761 2088 1813 2132 et

231 2149 638 2205 consaeerdotis
662 2151 831 2202 nostri
853 2150 1114 2203 Anastasii
1148 2149 1397 2202 Ecclesiae
1425 2148 1676 2202 Romana:
1704 2149 1817 2216 epi-

232 2221 405 2287 sc0pi,
437 2219 629 2288 quibus
656 2234 751 2273 nos
783 2229 1015 2287 paterna:
1039 2226 1095 2272 et
1127 2218 1375 2272 fraterna:
1400 2218 1670 2288 charitatis
1702 2218 1814 2272 sol-

232 2287 512 2345 licitudine
540 2305 602 2343 ac
629 2290 935 2343 sinceritate
962 2288 1271 2341 adhortatus
1295 2299 1396 2351 ρει,
1426 2297 1483 2341 ut
1506 2288 1573 2342 de
1600 2287 1813 2342 hcereti-

231 2375 420 2415 corum
470 2370 525 2414 et
566 2359 1024 2414 schismaticorum
1075 2359 1462 2411 Donatistarum
1514 2358 1719 2412 insidiis
1764 2366 1819 2411 et

233 2430 663 2499 improbitatibus
686 2470 700 2495 ,
743 2429 932 2498 quibus
959 2428 1259 2499 Africanam
1283 2428 1609 2499 Ecclesiam
1630 2430 1815 2482 catho-

233 2498 394 2555 licam
444 2500 672 2569 graviter
710 2508 938 2564 vexant,
986 2498 1131 2553 nullo
1176 2498 1352 2569 modo
1377 2498 1813 2553 dissimulemus:

229 2567 670 2641 gratias'agimus
699 2570 923 2624 Domino
964 2578 1145 2641 nostro
1168 2609 1181 2631 ,
1215 2567 1357 2638 quod
1401 2568 1474 2622 illi
1516 2569 1715 2636 optimo
1753 2584 1816 2623 ac

231 2639 425 2695 sancto
470 2641 687 2694 antistiti
739 2653 874 2703 suo,
928 2648 1031 2693 tam
1085 2639 1223 2707 piam
1277 2653 1458 2692 curam
1510 2652 1603 2705 pro
1647 2655 1815 2693 inem-

234 2711 352 2765 bris
391 2710 620 2775 Christi,
662 2711 903 2779 quamvis
948 2710 998 2762 iu
1040 2709 1348 2763 diversitate
1391 2720 1679 2779 terrarum,
1724 2709 1818 2763 sed

235 2782 296 2835 in
326 2795 427 2833 una
466 2778 719 2850 compage
747 2780 985 2850 corporis
1010 2779 1310 2835 constitutis
1339 2780 1597 2849 inSpirare
1630 2778 1817 2849 digna-

235 2861 327 2905 ιιιε
362 2860 461 2905 εει.

312 2920 513 2975 Deinde
551 2921 886 2988 pertractatis
925 2929 979 2975 et
1017 2918 1366 2975 consideratis
1389 2920 1633 2975 omnibus
1654 2958 1667 2981 ,
1698 2934 1819 2989 qure

239 2990 452 3047 utilitati
508 2990 759 3045 Ecclesiae
817 2991 1101 3046 convenire
1150 2988 1504 3052 videbantur,
1552 2988 1820 3043 annuente

237 3071 399 3131 atque
423 3060 740 3115 admonente
765 3058 965 3130 Spiritu
994 3059 1108 3131 Dei,
1139 3061 1381 3129 eligimus
1409 3074 1529 3114 cum
1558 3074 1821 3115 memora-

243 3130 325 3186 tis
353 3130 683 3195 hominibus,
714 3131 954 3199 quamvis
979 3130 1044 3186 de
1072 3131 1321 3185 dominici
1352 3131 1589 3199 corporis
1620 3131 1819 3185 unitate

241 3202 477 3271 inquieta
538 3200 867 3256 dissensione
932 3201 1204 3271 praecisis,
1257 3201 1448 3255 leniter
1493 3210 1548 3255 et
1604 3201 1820 3269 pacifica

243 3287 404 3340 agere
429 3289 442 3323 :
479 3280 533 3325 ut
560 3282 811 3339 quantum
841 3272 892 3326 in
923 3273 1075 3327 nobis
1100 3282 1179 3326 est
1200 3312 1213 3333 .
1244 3271 1491 3325 omnibus
1514 3272 1604 3340 qui
1633 3286 1819 3326 eorum

246 3343 615 3395 communione
654 3350 706 3396 et
741 3342 994 3396 societate
1022 3342 1209 3395 irretiti
1237 3350 1380 3404 sunt,
1426 3356 1519 3409 per
1549 3342 1821 3395 universas

250 3411 546 3478 provincias
572 3410 847 3466 Africanas
879 3414 1083 3481 penitus
1114 3412 1440 3481 innotescat,
1471 3427 1626 3481 quam
1658 3413 1817 3465 mise-

252 3480 402 3534 rabili
429 3495 604 3536 errore
628 3480 856 3537 devincti
884 3480 1015 3535 sunt
1047 3498 1058 3533 :
1087 3497 1148 3533 ne
1172 3484 1301 3550 forte
1319 3521 1334 3545 ,
1366 3480 1499 3550 sicut
1527 3480 1655 3534 dicit
1680 3483 1818 3549 Apo-

249 3551 447 3616 stolus,
482 3552 631 3607 nobis
661 3554 712 3605 in
744 3550 1147 3605 mansuetudine
1172 3548 1576 3617 eorripientibus
1612 3548 1819 3604 diversa

248 3622 570 3687 sentientes,
603 3622 684 3676 det
722 3622 824 3675 illis
854 3622 988 3675 Deus
1028 3621 1369 3690 paenitentiam
1409 3619 1475 3690 ad
1517 3635 1819 3687 cognoscen-

247 3690 365 3761 dam
391 3694 664 3751 veritatem,
691 3702 735 3745 et
764 3687 1056 3761 resipiscaiit
1088 3692 1153 3761 de,
1178 3689 1364 3761 (ᾖαὺοιί
1403 3687 1821 3761 laqueis,caplivi

245 3758 449 3841 ab_ipso
472 3764 539 3815 ad
558 3763 725 3841 ipsius
750 3758 1053 3815 voluntatem
1080 3760 1156 3841 (ll
1183 3759 1317 3841 Tim.
1345 3776 1399 3819 ιι,
1545 3760 1661 3841 215);

319 3828 497 3899 Itaque
525 3828 745 3899 placuit,
776 3841 831 3885 ut
856 3848 919 3886 ex
951 3828 1179 3887 concilio
1206 3839 1386 3883 nostro
1417 3829 1605 3882 littera:
1631 3828 1822 3883 daren-

247 3910 334 3955 tur
358 3899 426 3954 ad
448 3902 653 3970 judices
671 3902 967 3964 Africanos,
995 3918 1023 3954 a
1052 3902 1243 3970 quibus
1268 3899 1369 3953 hoc
1397 3900 1499 3967 peti
1528 3914 1820 3967 congruum

245 3970 549 4041 videretur,
595 3982 651 4025 ut
692 3973 741 4024 in
788 3973 886 4025 hoc
929 3972 1179 4041 adjuvent
1220 3983 1556 4041 communem
1600 3976 1819 4041 matrem

246 4040 543 4096 Ecclesiam
570 4042 879 4095 catholicam
902 4082 914 4102 ,
958 4038 1009 4095 in
1053 4056 1158 4110 quo
1184 4039 1498 4108 episcopalis
1536 4038 1823 4110 auctoritas

244 4112 562 4165 communiri
588 4112 601 4141 ¹
628 4112 678 4164 in
705 4110 1002 4164 civitatibus
1029 4107 1204 4179 potest
1223 4107 1239 4162 7:
1272 4110 1321 4163 id
1345 4107 1445 4172 est,
1472 4117 1528 4179 ut
1547 4107 1821 4177 judiciaria

245 4189 511 4250 potestate
552 4189 709 4248 atque
753 4178 1127 4249 diligentiaex
1182 4178 1649 4250 tiderchvistiana,
1697 4179 1823 4247 quid

244 4248 457 4318 gestum
484 4251 552 4302 sit
591 4251 640 4318 in
673 4248 916 4303 omnibus
948 4251 1095 4315 locis,
1128 4250 1177 4302 in
1206 4249 1394 4318 quibus
1425 4248 1824 4318 Maximianista:

248 4317 494 4372 basilicas
535 4317 910 4382 obtinuerunt,
942 4320 1028 4387 qui
1070 4319 1137 4372 ab
1177 4317 1257 4373 eis
1301 4318 1530 4373 schisma
1562 4317 1820 4382 fecerunt,

247 4390 519 4458 inquirant
542 4404 555 4448 ;
586 4396 638 4442 et
655 4388 817 4455 gestis
846 4389 1084 4457 publicis,
1110 4397 1324 4458 propter
1351 4389 1556 4443 ﬁrmam
1584 4389 1824 4442 notitiam

174 4458 177 4461 ’
247 4457 497 4511 omnibus
526 4458 900 4524 necessariam,
930 4457 1122 4515 faciant
1152 4460 1433 4515 inluercre.

324 4527 524 4582 Deinde
556 4528 779 4597 placuit,
811 4540 866 4584 ut
909 4531 1095 4585 litterae
1136 4531 1411 4584 mittantur
1448 4528 1514 4583 ad
1557 4528 1745 4583 fratres
1774 4538 1827 4583 et

246 4599 595 4668 coepiscopos
621 4607 864 4664 nostros,
900 4610 952 4655 et
979 4603 1207 4655 maxime
1245 4600 1310 4654 ad
1340 4600 1530 4656 Sedem
1561 4601 1826 4659 Apostoli-

247 4685 391 4731 cam,
422 4668 473 4722 in
501 4685 601 4738 qua
630 4669 873 4737 praesidet
901 4680 1221 4726 memoratus
1248 4670 1565 4725 venerabilis
1593 4670 1754 4723 frater
1775 4682 1827 4724 et

247 4739 451 4807 collega
490 4750 669 4793 uoster
696 4740 1036 4806 Anastasius,
1068 4758 1173 4811 quo
1214 4743 1419 4795 noverit
1460 4740 1653 4795 habere
1685 4740 1825 4793 Afri-

247 4824 369 4863 cam
412 4826 653 4878 magnam
696 4812 1066 4865 necessitatem
1109 4826 1322 4879 preptcr
1350 4812 1601 4864 Ecclesia:
1646 4826 1826 4879 pacem

248 4888 307 4933 et
334 4880 632 4943 utilitatem,
664 4889 719 4933 ut
745 4895 809 4933 ex
842 4881 969 4948 ipsis
997 4881 1283 4934 Donatistis
1308 4881 1626 4948 quicumque
1649 4880 1829 4934 clerici

250 4959 496 5004 correcto
543 4951 763 5003 consilio
809 4950 876 5004 ad
931 4951 1249 5005 catholicam
1297 4950 1552 5003 unitatem
1605 4950 1831 5004 transire

250 5019 546 5100 voluerint,
570 5021 861 5075 secundum
888 5020 1299 5100 uniuscujusque
1323 5019 1555 5100 episcOpi
1582 5018 1827 5100 catholici
1856 5020 1863 5029 '

250 5091 583 5143 voluntatem
625 5101 783 5158 atque
813 5091 1113 5157 consilium,
1146 5092 1231 5158 qui
1272 5089 1324 5142 in
1350 5089 1536 5143 eodem
1580 5089 1698 5143 loco
1730 5105 1798 5158 gn

250 5162 443 5214 bernat
486 5160 797 5225 Ecclesium,
843 5162 885 5215 si
932 5162 1032 5214 hoc
1079 5162 1190 5229 paci
1235 5159 1538 5213 christiaiue
1582 5159 1833 5227 prodesse

250 5231 424 5283 visum
472 5232 658 5295 fuerit,
694 5231 747 5284 in
784 5233 895 5287 suis
935 5231 1224 5285 honoribus
1265 5230 1656 5298 suscipiantur;
1698 5230 1833 5283 sicut

253 5300 523 5369 prioribus
561 5301 797 5369 ejusdem
827 5302 1101 5355 divisionis
1128 5300 1454 5368 temporibus
1494 5298 1687 5353 factum
1715 5315 1835 5355 esse

253 5370 589 5452 manifestum
638 5382 720 5452 est
757 5388 770 5452 ξ
815 5370 958 5452 quod
1002 5372 1282 5452 multarum
1327 5378 1382 5425 et
1417 5385 1560 5452 pene
1598 5371 1833 5423 omnium

252 5440 621 5495 Africanarum
647 5440 1026 5504 Ecclesiarum,
1057 5442 1108 5495 in
1134 5440 1326 5510 quibus
1361 5440 1478 5494 talis
1503 5454 1653 5493 error
1682 5455 1835 5494 exor-

254 5518 341 5580 tus
367 5520 469 5573 est,
501 5512 742 5580 exempla
789 5522 1067 5567 testantur.
1114 5512 1228 5565 Non
1271 5520 1327 5564 ut
1369 5510 1649 5565 concilium
1695 5511 1833 5579 quod

254 5579 308 5632 in
336 5579 699 5635 transmarinis
729 5584 964 5651 partibus
992 5583 1057 5635 de
1086 5582 1183 5635 hac
1206 5597 1263 5635 re
1304 5582 1498 5635 factum
1525 5589 1607 5633 est
1645 5579 1837 5634 dissol-

254 5659 407 5704 vatur
433 5668 448 5704 z
480 5651 574 5705 sed
603 5661 659 5705 ut
692 5652 819 5706 illud
854 5661 1065 5707 maneat
1099 5653 1237 5707 circa
1263 5667 1372 5716 eos,
1402 5652 1490 5721 qui
1514 5651 1590 5704 sic
1613 5652 1837 5706 transire

320 5784 332 5811 ¹
373 5781 512 5844 Alias,
536 5792 790 5838 conterruit.

316 5844 389 5906 (a)
423 5856 554 5895 Anno
574 5846 688 5909 401,
710 5851 951 5913 septemb.
978 5849 1061 5900 die
1089 5849 1161 5899 12.

496 5929 720 5993 SANCT.
772 5937 1046 5995 AUGUST.
1098 5934 1204 5994 IX.

850 392 1212 449 EXCERPTA
1252 392 1340 447 AD
1381 382 1907 443 DONATISTARUM
1950 385 2313 447 lllSTUlltAM
2355 395 2835 452 PERTINENTIA.

3339 380 3485 452 ‘sio

1911 508 1974 562 ad
2000 508 2325 565 Catholicam
2356 512 2555 575 volunt,
2583 521 2637 565 ut
2665 512 2802 565 nulla
2842 526 2932 580 per
2960 524 3051 565 cos
3090 511 3302 565 uanitatis
3340 526 3485 567 coni-

1911 581 2150 651 pensatio
2177 582 2190 611 ί
2222 592 2552 648 procuretur.
2580 583 2681 635 l’er
2705 597 2835 651 quos
2857 590 3032 635 autem
3059 582 3136 635 vel
3163 582 3305 636 omni
3329 583 3486 636 modo

1911 650 2113 717 perfici,
2157 652 2240 705 vel
2280 653 2521 721 adjuvari
2563 650 2855 705 manifestis
2896 652 3243 706 fraternarum
3285 651 3487 706 anima-

1911 734 2026 791 rum
2053 721 2214 774 lucris
2242 722 2499 776 catholica
2528 724 2699 776 unitas
2730 724 2780 775 in
2812 722 2941 775 locis
2976 723 3027 775 in
3052 721 3244 791 quibus
3265 722 3485 791 degunt.

1910 790 2019 861 visa
2045 792 2198 844 fuerit
2222 808 2236 857 ;
2278 807 2383 846 non
2406 793 2483 846 eis
2507 794 2646 847 obsit
2671 792 2811 861 quod
2835 803 3019 845 contra
3048 790 3278 847 honores
3299 790 3486 847 eorum

1911 860 2185 932 (quamvis
2228 862 2371 916 salus
2412 863 2539 916 nulli
2580 860 2861 916 interclusa
2906 862 2997 932 sit)
3039 862 3091 915 in
3132 864 3490 917 transmarino

1910 931 2136 1003 concilio
2182 940 2435 1003 statutum
2480 942 2591 1003 est,
2636 932 2686 986 id
2726 943 2828 995 est,
2876 941 2932 1003 ut
2973 931 3199 987 Ordinati
3246 934 3298 987 in
3339 944 3490 1003 parte

1913 1000 2124 1063 Donati,
2148 1003 2192 1055 si
2231 1002 2296 1055 ad
2322 1002 2648 1057 Catholicam
2685 1002 2907 1057 correcti
2944 1004 3168 1057 transire
3201 1000 3485 1068 voluerint,

1913 1084 2019 1123 non
2047 1072 2402 1140 suscipiantur
2429 1073 2479 1125 in
2523 1071 2813 1126 honoribus
2842 1073 2953 1126 suis
2995 1074 3283 1128 secundum
3310 1082 3491 1128 trans-

1912 1142 2174 1214 marinum
2196 1143 2498 1214 concilium,
2526 1142 2619 1196 sed
2644 1144 2879 1213 exceptis
2901 1142 2983 1196 his
3011 1158 3104 1214 per
3128 1157 3262 1213 quos
3298 1145 3483 1199 catho-

1913 1210 2027 1293 lica;
2059 1212 2257 1293 multati
2282 1212 2591 1293 coqsulitur.

1986 1281 2183 1353 Deinde
2209 1281 2423 1350 placuit,
2464 1292 2519 1335 ut
2561 1282 2642 1335 his
2677 1281 2922 1353 peractis,
2966 1282 3121 1353 legati
3158 1284 3317 1337 etiam
3356 1298 3492 1352 pra}.

1913 1348 2151 1405 dicanda:
2176 1348 2318 1421 pacis
2340 1362 2495 1421 atque
2524 1348 2756 1416 unitatis,
2780 1352 2895 1406 sine
2914 1348 3179 1422 qua'salus
3199 1348 3487 1408 christiana

1916 1436 2020 1491 non
2063 1432 2235 1490 potest
2278 1423 2539 1487 obtineri,
2579 1436 2610 1476 e
2656 1437 2877 1475 numero
2918 1433 3099 1477 nostro
3142 1424 3207 1477 ad
3253 1425 3489 1491 ipsorum

1919 1490 2334 1554 Donatistarum,
2379 1493 2491 1547 sive
2530 1506 2662 1561 quos
2704 1491 2900 1545 habent
2939 1494 3236 1561 episcopos,
3275 1490 3393 1548 isive
3423 1493 3491 1547 ad

1916 1560 2097 1632 plebes
2129 1562 2422 1627 mittantur,
2452 1560 2707 1631 pcr’qnos
2734 1562 2979 1617 omnibus
3016 1564 3066 1616 in
3093 1560 3331 1617 notitiam
3372 1579 3493 1632 per-

1917 1630 2134 1696 feratur,
2160 1647 2313 1699 quam
2342 1633 2469 1686 nihil
2493 1630 2739 1692 habeant,
2763 1633 2901 1700 quod
2924 1632 3179 1687 adversus
3199 1630 3493 1687 Ecclesiam

1917 1700 2228 1771 catholicam
2265 1703 2406 1771 juste
2452 1702 2655 1770 possint
2697 1702 2915 1756 dicere:
2950 1704 3178 1757 maxime
3223 1714 3276 1757 ut
3320 1704 3493 1757 mani-

1918 1769 2107 1852 festum
2157 1769 2536 1852 fiat‘omnibus
2580 1787 2674 1852 per
2725 1783 2871 1852 gesta
2920 1773 3088 1852 etiam
3118 1774 3491 1852 _inunicip_alia,

1918 1851 2133 1912 propter
2158 1842 2592 1896 documentorum
2619 1842 2939 1905 firmitatem,
2964 1842 3089 1912 quid
3118 1843 3213 1912 ipsi
3242 1842 3309 1897 de
3331 1843 3497 1896 Maxio

1919 1910 2179 1981 mianistis
2204 1912 2552 1967 schismaticis
2580 1912 2690 1966 suis
2719 1914 2924 1981 egerint
2949 1910 3086 1966 :iubi
3128 1910 3204 1967 eis
3243 1913 3497 1968 divinitus

1919 1979 2332 2052 demonstratur,
2375 1985 2417 2036 si
2459 1982 2733 2036 attendere
2759 1979 2956 2048 'velint,
3006 1991 3110 2036 tam
3155 1985 3329 2052 inique
3372 1992 3498 2037 tunc

1920 2049 2037 2122 illos
2058 2052 2125 2103 ab
2149 2052 2398 2106 Ecclesia:
2436 2053 2634 2106 unitate
2659 2053 2929 2122 prazcisos,
2960 2068 3117 2122 quam
3153 2049 3328 2122 inique
3355 2068 3497 2107 nunc

1924 2121 2155 2174 clamant
2177 2136 2205 2175 a
2234 2137 2291 2176 se
2314 2122 2727 2192 Maximianistas
2748 2121 2992 2175 schisma”
3008 2122 3197 2177 fecisse
3226 2121 3254 2175 εί
3279 2138 3342 2177 ex
3365 2137 3501 2192 quo-

1922 2206 2037 2243 rum
2067 2201 2240 2245 tamen
2274 2207 2495 2245 numero
2520 2207 2651 2260 quos
2679 2191 2788 2262 jam
2817 2192 3035 2261 plenarii
3074 2192 3282 2247 concilii
3312 2191 3392 2245 sui
3415 2196 3498 2260 (a)

1920 2262 2235 2316 auctoritate
2276 2262 2694 2327 damnaverant,
2745 2263 2796 2315 in
2839 2264 2950 2317 suis
2996 2263 3285 2317 honoribus
3323 2263 3499 2316 denuo

1921 2343 2258 2399 receperunt,
2288 2332 2611 2400 Baptismum
2649 2347 2805 2400 quem
2848 2332 3082 2386 damnati
3110 2342 3162 2386 et
3187 2333 3386 2386 exclusi
3409 2332 3503 2386 de-

1922 2400 2130 2472 derant,
2160 2410 2571 2471 acceptaverunt
2598 2419 2611 2455 :
2642 2412 2699 2455 ut
2722 2402 2951 2465 videant,
2976 2418 3134 2472 quam
3156 2403 3320 2456 stulto
3342 2401 3501 2456 corde

1923 2471 2173 2541 resistant
2215 2474 2329 2541 paci
2370 2472 2623 2526 Ecclesia:
2652 2480 2767 2525 toto
2805 2472 2935 2526 orbe
2976 2473 3201 2537 ditiusar,
3243 2486 3362 2525 cum
3403 2472 3501 2526 ista

1924 2539 2119 2612 faciant
2157 2539 2253 2611 pro
2298 2553 2446 2612 parte
2485 2542 2714 2605 Donati;
2761 2558 2933 2611 neque
2973 2558 3031 2597 se
3071 2544 3325 2604 istorum,
3368 2557 3503 2611 quos

1923 2610 1995 2663 ita
2038 2610 2385 2681 receperunt,
2416 2614 2794 2666 communione
2836 2610 3051 2681 propter
3090 2614 3330 2667 intuitum
3362 2610 3504 2679 pacis

1922 2683 2273 2737 contaminari
2297 2684 2494 2746 dicant,
2522 2692 2577 2737 et
2599 2699 2697 2737 nos
2719 2682 3043 2736 contendant
3065 2684 3106 2747 ',
3132 2682 3180 2736 id
3202 2692 3303 2745 est,
3329 2682 3506 2735 Eccle-

1923 2750 2056 2804 siam
2084 2753 2397 2807 catholicam
2424 2754 2587 2806 etiam
2620 2753 2670 2806 in
2699 2753 2953 2807 extremis
2977 2763 3236 2808 terrarum
3268 2752 3505 2821 partibus

1926 2823 2265 2876 constitutam
2291 2866 2305 2889 ,
2353 2840 2445 2892 per
2484 2838 2665 2877 eorum
2688 2824 3115 2877 communionem
3155 2824 3503 2891 inquinatam,

1924 2906 2059 2959 quos
2087 2902 2209 2947 tunc
2236 2903 2547 2947 accusantes
2576 2894 2895 2947 convincere
2934 2894 3303 2962 nequiverunt.

1924 2983 2013 3043 De
2043 2984 2474 3046 conveniendis
2504 2983 2857 3044 Donatistis
2892 2984 3213 3043 Decretum
3243 2982 3507 3044 Cartha-

2003 3062 2279 3141 ginensis
2346 3082 2423 3123 ex
2500 3070 2633 3123 tota
2687 3062 2907 3141 Africa
2960 3060 3503 3141 conciliiahabiti

2004 3140 2347 3220 Theodosio
2374 3142 2654 3220 Augusto
2692 3149 2747 3200 et
2771 3140 3115 3220 Rumorido
3150 3141 3222 3199 V.
3252 3140 3323 3201 C.
3361 3158 3507 3201 con-

2003 3219 2268 3288 sulibus,
2304 3239 2420 3284 V111
2447 3217 2562 3281 cal.
2583 3218 2869 3299 septemb.
2899 3217 3009 3299 (ὁ).

1996 3322 2245 3379 Aurelius
2269 3320 2548 3390 episcopus
2573 3319 2708 3390 dixit
2741 3337 2755 3373 :
2785 3319 2937 3387 Quod
2970 3320 3021 3390 in
3051 3328 3333 3390 tractatum
3363 3320 3509 3372 venit

1924 3388 2210 3445 Charitatis
2236 3388 2428 3445 veStrte
2446 3431 2463 3455 ,
2496 3400 2621 3459 puto
2652 3389 2753 3443 hoc
2795 3389 3172 3444 ecclesiasticis
3199 3388 3364 3458 gestis
3390 3403 3512 3459 esse

1927 3461 2267 3515 firmandum.
2318 3457 2586 3515 Professio
2638 3460 2780 3513 enim
2837 3468 3076 3515 vestrum
3125 3457 3361 3512 omnium
3411 3457 3513 3512 hoc
3560 3491 3575 3509 κ

1924 3530 2289 3600 deprompsit,
2338 3531 2534 3586 debere
2565 3544 2995 3599 unumquemque
3026 3537 3265 3583 nostrum
3296 3531 3347 3582 in
3366 3528 3512 3600 civi-

1926 3608 2035 3654 tate
2060 3599 2162 3670 sua
2182 3616 2277 3670 per
2307 3615 2366 3655 se
2395 3600 2683 3654 convenire
2713 3600 3104 3653 Donatistarum
3148 3599 3463 3670 praepositos
3491 3638 3506 3661 ,

1926 3678 2017 3722 aut
2044 3669 2331 3739 adjungere
2374 3671 2472 3723 sibi
2522 3670 2755 3739 vicinum
2792 3670 3087 3739 collegam,
3110 3678 3173 3739 ut
3195 3669 3393 3735 pariter
3418 3681 3511 3720 eos

1927 3739 1978 3792 in
2008 3736 2232 3808 singulis
2265 3739 2559 3807 quibusque
2603 3738 2903 3792 civitatibus
2945 3736 3027 3790 vel
3078 3736 3227 3808 locis,
3270 3751 3365 3808 per
3397 3750 3513 3808 maf

1926 3805 2177 3877 gistratus
2224 3805 2305 3862 vel
2358 3805 2596 3862 seniores
2637 3808 2874 3861 locorum
2927 3807 3265 3877 conveniant.
3314 3805 3510 3877 Hgocgsi

1926 3874 2173 3932 omnibus
2200 3879 2392 3949 placet,
2424 3878 2681 3949 edicatur.
2712 3877 2793 3931 Ab
2821 3876 3086 3931 universis
3125 3875 3388 3949 episcopis
3429 3874 3513 3949 di-

1928 3959 2070 4002 ctum
2104 3944 2235 4003 est':
2266 3948 2522 4002 Omnibus
2561 3948 2750 4016 placet,
2802 3959 2855 4000 et
2899 3960 3085 4000 omnes
3130 3947 3230 3999 hoc
3277 3944 3514 4016 subscri-

1931 4021 2109 4089 ptione
2140 4028 2319 4072 nostra
2346 4014 2690 4072 ﬁrmavimus.
2721 4017 2955 4089 Petimus
2976 4017 3246 4089 etiam,’ut
3271 4014 3514 4089 epistolis

1929 4084 1993 4143 ad
2019 4090 2227 4157 judices
2253 4089 2320 4143 de
2344 4088 2570 4143 concilio
2598 4086 2870 4141 mittendis
2899 4100 2992 4155 pro
3013 4086 3263 4157 omnibus
3278 4084 3514 4157 subsc_ri~

1932 4152 2303 4215 hat—Sanctitas
2344 4170 2450 4212 tua.
2483 4158 2731 4211 Aurelius
2758 4152 3039 4227 episcopus
3063 4155 3197 4227 dixit
3229 4174 3241 4207 :
3272 4154 3329 4209 Si
3363 4152 3517 4227 vide-

1932 4240 2013 4283 tur
2038 4229 2290 4284 Charitati
2320 4237 2529 4293 vestraz,
2562 4229 2726 4281 forma
2758 4223 3128 4280 conventionis
3157 4239 3341 4279 eorum
3371 4223 3512 4277 reci-

1933 4310 2088 4361 tetur,
2122 4310 2177 4353 ut
2203 4302 2343 4353 hunc
2370 4309 2609 4353 tenorem
2656 4297 3039 4365 prosecutionis
3067 4310 3254 4350 omnes
3275 4337 3289 4360 ,
3332 4294 3374 4348 si
3406 4294 3517 4362 pla-

1930 4372 2118 4435 cuerit,
2148 4381 2445 4423 teneamus.
2477 4370 2558 4423 Ab
2585 4368 2843 4421 universis
2869 4367 3133 4436 episcopis
3159 4366 3360 4420 dictum
3391 4374 3473 4420 est
3500 4383 3511 4415 :

1933 4441 2219 4495 Recitetur.
2253 4440 2425 4494 Lactus
2453 4440 2689 4493 notarius
2720 4439 2983 4492 recitavit.

2214 4548 2406 4603 Forma
2435 4546 2773 4601 conventionis
2812 4543 3211 4599 Donatistarum.

2004 4661 2097 4717 Ille
2141 4662 2421 4730 episcopus
2470 4658 2709 4730 ecclesia;
2748 4655 3195 4730 catholicaidixit
3227 4674 3241 4710 ε
3268 4654 3404 4722 Quid
3451 4654 3517 4730 de

1934 4725 2249 4789 auctoritate
2286 4725 2427 4785 illius
2463 4728 2803 4797 amplissima:
2840 4728 2984 4781 sedis
3026 4725 3100 4798 (c)
3151 4726 3516 4794 impetraveri-

2001 4869 2017 4898 ί
2052 4866 2193 4923 Alias,
2220 4862 2443 4914 concisio.

1999 4930 2020 4959 ¹
2056 4921 2216 4983 Alias,
2238 4924 2578 4984 condenment,‘
2600 4921 2696 4981 vel,
2722 4927 3037 4971 contenmant.

2022 4988 2074 5049 α)
2108 4987 2399 5049 ωςείεηξίδο

2026 5044 2075 5109 b)
2110 5044 2241 5096 Anno
2257 5047 2367 5106 403,
2387 5046 2469 5109 die
2493 5044 2554 5109 25
2577 5057 2690 5108 aug.

2023 5102 2252 5219 czogujus
2281 5127 2303 5153 α
2326 5102 2629 5169 amplissimae
2641 5102 2785 5156 sedis
2806 5122 2828 5150 ι
2839 5102 3184 5214 eappellatione
3217 5105 3442 5151 Baronius
3476 5106 3532 5149 ad

2155 5169 2385 5219 intelligit
2413 5185 2436 5213 ι
2459 5168 2775 5219 Apostolicam
2808 5174 2835 5214 S
2902 5178 2982 5215 em
3020 5165 3155 5212 urbis
3194 5171 3369 5219 Homze,
3401 5180 3423 5207 ι
3483 5172 3532 5211 et

1939 5165 2019 5221 an:
2040 5165 2135 5219 405
2155 5165 2385 5231 intelligit
2399 5165 2436 5232 γ’(
2456 5168 2775 5232 apostolicam
2808 5165 2982 5232 Sedem
3020 5165 3155 5232 urbis
3194 5171 3369 5232 Homze,
3401 5180 3423 5207 ι
3483 5172 3535 5232 et

1940 5239 2113 5283 censet
2144 5250 2165 5277 ι
2182 5225 2350 5279 ιιιὶδδδὲ
2368 5231 2429 5279 ab
2447 5225 2554 5292 ip'sa
2578 5228 2765 5279 litteras
2787 5244 2807 5271 ι
2838 5226 2917 5276 hic
2938 5225 3209 5292 recitandas
3232 5226 3352 5285 peti,
3380 5242 3403 5271 ι
3419 5226 3521 5292 qui-

1948 5314 1970 5341 s
1993 5296 2084 5356 bus
2106 5306 2217 5355 quae
2246 5292 2311 5356 ab
2349 5305 2407 5356 ea
2439 5286 2637 5339 fuerunt
2678 5292 2962 5356 impetrata,
2996 5294 3112 5356 nota
3139 5286 3269 5356 haut.
3306 5287 3524 5356 {Agitur

1942 5347 2157 5419 profecto
2182 5355 2322 5419 isthic
2343 5354 2407 5403 de
2425 5356 2544 5419 ipsa,
2557 5364 2672 5419 qua;
2696 5347 2914 5419 ejusdem
2929 5347 3523 5419 concilii‘tmrthaginensis

1943 5409 2171 5479 precibus
2195 5416 2345 5479 petita
2367 5409 2479 5479 mo'x
2500 5409 2686 5479 feit'Let
2700 5409 2951 5479 impetrata
2972 5422 3001 5458 a
3020 5409 3281 5479 septimiuo
3320 5419 3523 5468 procon-

1942 5469 2070 5533 sule,
2106 5469 2211 5541 sive
2242 5489 2272 5541 a
2295 5477 2485 5541 vicariae
2509 5469 2812 5541 praét‘ccmrie
2835 5472 2974 5541 sede,
3013 5469 3417 5541 eodtlciendorum
3439 5480 3524 5529 ge-

1941 5548 2123 5590 storum
2147 5538 2363 5588 famitas.
2384 5534 2524 5585 Unde'
2539 5536 2732 5593 dicitur,
2765 5551 2788 5580 ι
2811 5534 3019 5581 Recitata
3055 5539 3219 5580 autem
3237 5534 3474 5593 jussrone,
3496 5547 3518 5573 1

1945 5601 2073 5650 illius
2099 5600 2325 5649 videlicet
2355 5619 2375 5643 α
2391 5597 2694 5659 amplissima;
2716 5590 2866 5659 sedis,
2889 5610 2911 5637 ι
2933 5606 3027 5659 qua
3039 5590 3258 5659 jpssipne
3278 5590 3527 5659 magistra-

1946 5664 2075 5711 tibus
2112 5652 2498 5723 prazcipiebatur,
2522 5665 2577 5706 ut
2598 5656 2844 5723 catholicis
2868 5652 3107 5723 episcopis
3148 5652 3291 5723 ticeret
3313 5657 3527 5723 potestas

1944 5709 2270 5773 eonveniendi'
2284 5709 2551 5769 Donatistas
2574 5718 2875 5781 percodices
2894 5709 3125 5781 publicos.
3150 5722 3260 5763 meo
3283 5709 3334 5762 et
3363 5728 3385 5757 ι
3416 5709 3524 5758 illo-

1954 5802 1975 5831 ι
1998 5786 2230 5834 strissima
2252 5782 2399 5831 sedes
2422 5797 2443 5824 ι
2476 5788 2528 5829 et
2552 5777 2746 5828 (sedes
2786 5777 3045 5827 illustrium
3085 5782 3377 5837 potestatum
3394 5788 3417 5819 ι
3446 5785 3525 5824 vo-

1950 5852 2084 5897 catur
2110 5846 2159 5894 in
2180 5842 2439 5896 collatione
2463 5842 2683 5905 Carthag.
2708 5842 2756 5903 5,
2782 5852 2921 5901 capp.
2951 5837 3038 5886 167
3059 5845 3111 5887 et
3129 5838 3235 5887 170.

2802 5921 3243 6001 (i’ingt—six.)
