4026 6468
451 368 553 429 ὂῖὄ

521 489 708 545 Omnia
737 503 853 558 quae
885 489 934 543 in
970 488 1290 553 Donatistas,
1316 489 1402 557 qni
1435 497 1487 542 et
1513 487 1816 558 Montenses
1844 501 2036 558 vocan-

454 572 559 621 tnr.
587 557 924 623 Maniclimos,
960 560 1071 613 sive
1108 559 1554 623 Priscilliauistas,
1583 559 1663 612 vel
1695 559 1744 610 in
1776 557 2036 622 Gentiles,

452 648 482 686 a
524 631 678 686 nobis
718 631 1044 700 generalium
1091 631 1264 700 legum
1304 630 1616 684 auctoritate
1646 629 1856 700 decreta
1892 637 2035 700 sunt,

455 718 561 757 non
598 698 769 756 solum
809 715 1026 756 manere
1051 699 1410 762 decernimus,
1440 715 1623 753 verum
1658 699 1709 752 in
1741 698 2039 752 exsecutio-

455 788 577 828 nem
607 770 967 842 plenissimam
994 771 1346 842 elfectumque
1379 770 1613 842 deduci;
1635 770 1706 822 ita
1734 779 1790 822 ut
1815 767 2037 842 :cdilicia

453 838 664 913 quoque
684 841 764 896 vel
787 841 998 908 horum,
1021 841 1104 897 vel
1124 838 1497 913 Caelicolarnm
1519 839 1682 913 etiam
1685 879 1698 900 ,
1720 854 1843 913 ιιιιω⁸
1855 838 2040 913 nescio

455 909 608 981 cujus
635 913 898 983 dogmatis
924 912 1046 966 novi
1074 919 1373 966 conventus
1399 910 1615 983 habent,
1640 909 2042 983 _Ecclesiis_vin-

455 979 731 1038 dicentur:
746 983 908 1037 Poma
947 997 1077 1038 vero
1121 983 1237 1051 lege
1277 982 1545 1051 proposita
1571 980 1735 1051 veluti
1771 979 2042 1051 convictos

458 1062 641 1108 tenere
665 1053 877 1107 debebit
903 1067 1018 1119 eos,
1042 1053 1130 1122 qui
1158 1048 1457 1122 DonatistaS
1482 1066 1542 1106 se
1570 1049 1797 1122 confessi
1825 1048 2039 1111 fuerint,

458 1123 541 1177 vel
585 1123 977 1177 Catholicorutn
1032 1119 1460 1191 communionem
1516 1119 1805 1191 refugerint
1856 1133 2045 1191 SCuevtB

458 1193 729 1262 religionis
753 1193 998 1255 obtentu,
1025 1191 1273 1260 quamvis
1298 1190 1618 1262 christianos
1641 1188 1764 1262 esse
1787 1203 1846 1243 se
1877 1188 2045 1262 simu-

459 1258 589 1329 lent',
608 1273 713 1317 etc.
756 1263 872 1316 Dat.
902 1279 972 1317 vu
1001 1258 1101 1318 cal.
1128 1261 1370 1317 decemb.
1402 1261 1606 1328 Romaa,
1641 1261 1804 1314 Basso
1833 1267 1887 1314 et
1923 1258 2047 1312 Phi-

459 1334 601 1404 lippo
624 1331 777 1404 Cossi
800 1330 898 1402 (a).

708 1399 868 1458 Iidem
896 1420 982 1458 AA.
1006 1403 1138 1468 Ave,
1168 1403 1371 1457 Donate
1401 1399 1500 1473 (ὁ),
1532 1417 1584 1456 ιι.
1609 1417 1674 1456 ne
1701 1400 1797 1470 (c).

530 1491 922 1546 Donatistarum
956 1490 1324 1546 haereticorum
1355 1490 1769 1559 Judzeornmqne
1796 1503 1931 1543 nova
1961 1497 2040 1540 at-

462 1578 566 1632 que
610 1561 856 1616 inusitata
901 1561 1102 1615 detexit
1134 1562 1382 1632 audacia,
1424 1561 1564 1630 quod
1602 1559 1882 1632 catholica:
1926 1559 2049 1612 fidei

461 1631 627 1688 velint
668 1640 1005 1686 sacramenta
1045 1631 1293 1686 turbare:
1322 1647 1440 1700 qua:
1479 1631 1641 1700 pestis
1678 1639 1836 1700 atque
1865 1639 2051 1700 contae

461 1704 635 1772 gionis
679 1702 832 1755 latius
877 1713 1089 1756 emanet
1135 1719 1196 1756 ac
1240 1699 1490 1771 profluat.
1523 1700 1578 1754 In
1622 1715 1718 1772 eos
1754 1699 1934 1772 igitur,
1961 1699 2050 1768 qui

463 1770 662 1843 aliquid
693 1772 832 1842 quod
876 1770 1256 1843 sitcatholicai
1295 1780 1454 1827 sectae
1492 1770 2050 1843 contrarimn_adver-

466 1840 691 1912 sumque
713 1840 1069 1906 tentaverint,
1101 1843 1415 1912 supplicium
1445 1843 1603 1909 justae
1631 1840 2050 1912 animadversio-

467 1915 548 1999 nis
590 1910 829 1999 expromi
861 1910 1350 1999 pr‘m'cipimus’lfd).
1383 1913 1500 1999 Dlat‘.
1543 1927 1630 1965 vni
1671 1911 1773 1965 cal.
1804 1911 2049 1965 decemb.

468 1927 1202 2052 ἱῗὲγὲιίρὲῗιὲἓορὲἱὲ
1226 1921 1516 2052 διίξευῶ.

494 2074 673 2143 1ιιιρρ.
703 2072 971 2127 Ηοιιοιιιυε
999 2080 1054 2127 et
1075 2071 1406 2126 Tnaonosws
1430 2087 1515 2125 ιιι.
1540 2070 1822 2126 Theodoro
1851 2086 1931 2124 pr.
1963 2085 2012 2124 ι».

540 2163 618 2219 Ne
651 2163 959 2228 Donatistze,
990 2162 1076 2216 vel
1105 2171 1419 2216 ca‘terorum
1449 2161 2052 2214 vanitas'ha-reticorum

468 2235 800 2303 aliorumque
825 2247 995 2296 error,
1021 2232 1213 2303 quibus
1234 2232 1510 2303 catholicae
1535 2231 1925 2303 communionis
1947 2231 2048 2284 cul-

466 2316 554 2359 tus
581 2319 684 2358 non
715 2299 887 2372 potest
913 2299 1241 2371 persuaderi,
1265 2302 1433 2356 Judzei
1461 2309 1620 2372 atque
1641 2299 1896 2366 Gentiles,
1921 2316 2054 2372 quos

476 2375 631 2444 vulgo
643 2371 883 2444 Paganos
903 2372 1165 2440 appellant
1177 2413 1191 2437 ,
1207 2371 1718 2441 arbitrenturlegum
1733 2371 2054 2444 antetadver-

475 2441 594 2498 sum
625 2459 683 2498 se
707 2441 949 2498 datarum
981 2445 1264 2495 constituta
1298 2444 1550 2510 tepuisse,
1583 2443 1826 2495 noverint
1848 2441 2054 2510 judices

475 2514 712 2568 universi
741 2513 1017 2582 prmceptis
1043 2527 1227 2566 eorum
1255 2512 1397 2582 fideli
1419 2513 1700 2566 devotione
1722 2511 2010 2580 parendum
2037 2531 2050 2566 :

473 2594 529 2639 et
557 2585 697 2639 inter
722 2581 988 2652 praecipua
1017 2582 1270 2651 quidquid
1299 2581 1554 2635 adversus
1583 2597 1677 2636 eos
1696 2581 2051 2652 decrevimus,

476 2670 582 2709 non
616 2651 888 2723 ambigant
920 2651 1336 2721 exsequendum.
1362 2652 1514 2718 Quod
1544 2653 1586 2706 si
1615 2655 1892 2722 quisquam
1915 2651 2053 2722 judig

472 2740 618 2790 cum,
659 2725 776 2777 loco
804 2723 1175 2788 conniventize,
1201 2723 1595 2777 exsecutionem
1621 2724 1900 2791 pnesentis
1926 2723 2056 2791 legis

472 2794 732 2858 omiserit,
771 2793 976 2847 noverit
1018 2793 1211 2845 amissa
1249 2791 1502 2860 dignitate
1530 2793 1826 2859 graviorem
1853 2801 2054 2847 motum

475 2880 536 2920 se
589 2873 787 2919 nostra:
832 2863 1141 2917 Clementia:
1187 2862 1505 2926 subiturum.
1547 2861 1794 2916 Officium
1846 2877 2057 2932 quoque

477 2950 656 3000 suum,
682 2933 824 3004 quod
858 2933 1014 3004 saluti
1052 2932 1282 3004 propria:
1316 2938 1564 3004 contenta
1593 2931 1929 3004 suggestione
1956 2931 2056 2987 de-

481 3005 660 3067 fuerit,
701 3001 900 3073 punitis
937 3004 1102 3073 tribus
1139 3001 1472 3073 primatibus,
1493 3001 1952 3073 _co_ndemnatione
1983 3003 2060 3056 vi-

474 3075 606 3145 ginti
620 3071 867 3145 librarum
886 3073 1000 3145 auri
1020 3072 1352 3145 plectendum
1371 3071 1460 3143 (f).
1481 3071 1693 3145 Ordinis
1709 3089 1918 3145 quoque
1931 3073 2054 3139 viri,

477 3141 522 3199 si
573 3145 624 3198 in
651 3142 892 3212 .propriis
931 3141 1233 3212 civitatibus
1273 3141 1356 3212 vel
1382 3141 1678 3212 ‘territoriis
1715 3141 2057 3197 commissum

479 3215 584 3269 tale
608 3212 805 3282 aliquid
831 3212 1075 3266 siluerint
1102 3211 1154 3265 in
1178 3211 1400 3280 gratiam
1430 3211 1709 3266 noxiorum
1735 3212 2059 3280 deportatio-

479 3286 561 3338 nis
595 3281 805 3353 pmnam
834 3291 888 3353 et
917 3282 1246 3353 propuiarum
1281 3281 1650 3353 amissionem_
1668 3283 1970 3353 facultatum
2000 3297 2059 3338 se

478 3350 722 3410 noverint
746 3350 1034 3406 subituros.
1060 3350 1176 3404 Dat.
1203 3367 1309 3404 xvn
1331 3352 1436 3406 cal.
1465 3351 1600 3406 febr.
1623 3351 1827 3408 Raven.
1855 3352 2054 3408 Honor.

481 3439 554 3479 vn
579 3432 635 3480 et
653 3423 858 3478 Theod.
885 3437 940 3476 ιιι
969 3438 1056 3476 ΔΑ.
1085 3420 1238 3476 Coss.
1263 3422 1364 3492 (g).

551 3549 619 3623 In
657 3551 868 3623 concilio
894 3548 1031 3623 apud
1061 3546 1432 3619 Carthaginem
1473 3550 1655 3606 habito
1696 3551 1794 3623 die,
1826 3553 1892 3607 14
1921 3553 2058 3623 junii

478 3622 604 3676 anni
654 3621 795 3685 410,
846 3619 1143 3690 legationem
1186 3631 1506 3690 susceperunt
1558 3632 1733 3676 contra
1772 3619 2062 3678 Donatistas

481 3691 791 3756 Florentius,
845 3688 1122 3753 Possidius,
1154 3688 1476 3763 ΔΡταξδὶάὶιιε,
1523 3702 1568 3745 et
1614 3691 1900 3746 Benenatus
1949 3695 2057 3763 epi-

477 3763 640 3830 scopi,
684 3778 741 3815 eo
771 3773 992 3831 tempore
1020 3776 1116 3830 quo
1145 3760 1226 3814 lea:
1255 3761 1375 3813 data
1411 3771 1503 3825 est,
1538 3772 1589 3814 ut
1628 3763 1781 3816 libera
1810 3760 2063 3819 voluntate

477 3833 589 3898 quis
641 3832 831 3885 cultum
875 3830 1273 3883 Christianitatis
1333 3832 1598 3898 exciperet.
1657 3833 1725 3886 Ea
1783 3835 2060 3889 occasione

479 3903 660 3956 datum
681 3910 763 3956 est
787 3901 854 3956 ab
876 3900 1110 3953 Honorio
1138 3915 1367 3969 sequens
1389 3902 1526 3954 istud
1551 3903 1801 3956 edictum.

480 3991 770 4073 Honorii
807 3990 1072 4073 edictum
1123 3988 1435 4073 abrogans
1485 4009 1633 4073 earn
1667 3992 1890 4070 legem,
1937 4013 2062 4073 qua

558 4069 860 4208 ζιαςτῖῗὶείε
929 4085 1216 4131 concessa
1277 4069 1486 4148 fuerat
1559 4069 1814 4132 libertas
1876 4069 2061 4136 arbi—

587 4165 672 4208 m
791 4191 805 4208 .

520 4149 995 4296 Irigjﬂ’l‘ionomus
1027 4235 1082 4281 et
1109 4225 1439 4349 ΤἏιείρροειυε
1460 4266 1475 4292 ,
1505 4226 1816 4283 lleracliano
1844 4230 2024 4286 comiti

1233 4312 1366 4349 riae.

1161 4312 1224 4349 Al
1259 4312 1366 4350 tem.

551 4365 782 4420 Oraeulo
801 4367 1006 4436 penitus
1037 4313 1257 4430 remoto:
1284 4381 1389 4436 quo
1409 4367 1473 4420 ad
1497 4368 1627 4421 ritus
1643 4381 1769 4423 suos
1799 4368 2058 4425 hmrcticzn

483 4438 890 4505 superstitiones
947 4435 1328 4505 obrepserant,
1377 4437 1544 4490 sciant
1609 4454 1796 4492 omnes
1862 4451 2059 4494 sancta:

484 4503 616 4576 legis
637 4505 866 4577 inimici,
889 4503 1194 4577 plectendos
1222 4517 1280 4557 se
1301 4519 1463 4577 pinna
1494 4515 1544 4558 et
1576 4506 1978 4577 proscriptionis
2005 4520 2059 4564 et

484 4574 776 4644 sanguinis,
826 4575 868 4628 si
914 4575 1046 4644 ultra
1091 4574 1377 4644 convenire
1419 4589 1512 4644 per
1552 4574 1840 4644 publicum,
1897 4593 2056 4633 exse-

486 4643 682 4700 cranda
712 4644 933 4699 sceleris
970 4643 1049 4696 sui
1097 4643 1395 4698 temeritate
1424 4643 1774 4701 'tentaverint.
1820 4649 1934 4702 Dat.
1970 4665 2055 4702 vin

486 4715 588 4769 cal.
613 4727 748 4783 sept.
781 4714 985 4767 Varane
1016 4712 1076 4766 V.
1103 4712 1165 4768 C.
1197 4713 1358 4770 Cons.
1387 4714 1470 4786 (i).

725 4803 1172 4862 COLLATIONIS
1207 4804 1796 4862 CARTllAGlNENSIS

1048 4876 1475 4998 “Ei-‘53.?"

557 5036 682 5091 Post
701 5036 1031 5090 consulatum
1055 5034 1278 5089 Varanis
1312 5035 1372 5090 γ.
1397 5036 1459 5091 C.
1483 5037 1717 5092 calendis
1738 5038 1901 5109 juniis
1929 5042 2053 5094 (Ian

568 5146 618 5222 ει)
651 5147 821 5222 yield
846 5148 1089 5222 nquianni
1111 5145 1219 5196 408.
1456 5207 1471 5222 ‘
1639 5210 1660 5222 _
1681 5211 1692 5222 .

549 5207 616 5278 ibi)
645 5214 812 5278 _F.xstat
849 5207 907 5256 ad
947 5215 1181 5257 Donatum
1222 5207 1556 5270 proconsulem
1602 5210 1766 5261 Africa;
1808 5213 2056 5275 Augustini

483 5269 700 5401 ῗρξέξθῖῗ.
712 5267 890 5401 1193;1(1
906 5336 1000 5389 est,
1021 5329 1303 5401 cltarissime
1326 5331 1475 5380 nobis.
1513 5330 1628 5380 \‘ide
1653 5333 1797 5382 Morel
1822 5333 2054 5385 Elemeit.

486 5391 640 5439 Critic.
670 5403 779 5452 pag.
804 5391 909 5439 159.
1160 5398 1218 5438 Μ.

545 5451 624 5510 (d)
656 5451 766 5500 cod.
786 5451 966 5500 'rheod.
990 5451 1022 5500 l.
1050 5452 1126 5510 44,
1150 5453 1213 5501 de
1229 5460 1406 5502 lueret.

572 5511 620 5571 e)
655 5521 786 5560 Anno
803 5511 915 5571 408,
941 5513 1021 5562 die
1044 5513 1105 5560 24
1127 5527 1236 5562 nov.

570 5572 622 5634 Ῑ)
653 5572 762 5634 Cod.
786 5573 966 5623 'l‘beod.
995 5573 1027 5622 l.
1049 5574 1128 5632 46,
1152 5574 1216 5623 de
1238 5582 1411 5624 Haeret.

569 5456 601 5500 α
656 5456 766 5500 C00.
786 5456 966 5500 'flleod.
991 5456 1022 5500 I.
1050 5456 1102 5499 Η

565 5511 598 5575 ᾖε
655 5521 786 5560 Anno
803 5511 915 5571 408,
941 5513 1021 5562 die
1044 5513 1102 5560 24

570 5575 597 5634 Ῑ
653 5572 762 5622 Cod.
786 5573 966 5623 'l‘heod.
995 5573 1027 5622 l.
1049 5574 1102 5621 46

565 5646 599 5743 ﬁ
653 5633 825 5743 133811.
858 5636 969 5683 anni
993 5635 1102 5684 409.

655 5700 686 5740 t‘
753 5731 764 5742 .
789 5695 969 5744 Theod.
997 5695 1030 5743 1.
1052 5696 1102 5742 51

573 5755 592 5817 i
645 5755 709 5804 25
729 5768 839 5817 aug.
865 5759 974 5805 anui
998 5757 1102 5806 410.

546 5695 621 5769 Qa)
789 5695 971 5767 τιιεξοιιζ
997 5695 1131 5769 usi,
1153 5695 1218 5744 de
1241 5703 1416 5746 meret.

543 5755 614 5817 (ί)
645 5755 709 5804 23
729 5768 839 5818 aug.
865 5759 974 5805 anui
998 5755 1123 5806 410.
1862 5795 1881 5805 ﬂ

548 5816 616 5878 0')
650 5824 780 5866 Anno
801 5817 968 5866 Christi
991 5817 1096 5879 Mt,
1115 5818 1196 5868 die
1224 5819 1243 5867 ι
1267 5820 1371 5881 jun,
1726 5831 1749 5840 ..
1809 5823 1829 5839 .-
1856 5812 1882 5840 ι.

1898 369 2258 426 APPENDIX.

3624 375 3725 434 816

2148 485 2356 561 thagine
2379 485 2741 561 inisecretario
2769 486 3092 561 thermarum
3113 488 3556 561 Gargilianarum,
3579 504 3718 561 prae-

2144 555 2381 610 sentibus
2418 556 2750 621 Sebastiano,
2793 557 3108 613 Maximiano
3138 569 3191 614 et
3216 555 3376 616 Petro
3401 555 3720 618 virisdevo-

2146 627 2361 700 tissimis
2402 628 3165 700 protectoribusdomesticis;
3212 632 3510 700 astantibus
3558 632 3717 700 Urso,

2145 697 2414 762 Petronio,
2447 708 2500 753 et
2539 699 2734 753 Liboso
2775 699 3094 765 ducenariis,
3134 699 3406 757 Bonifacio
3431 711 3486 757 et
3533 697 3722 758 Evasit)

2144 769 2531 842 apparitoribus
2576 769 3050 842 illustrimnwatque
3097 771 3444 842 eminentium
3493 782 3727 842 potesta-

2147 848 2278 910 tum,
2321 839 2493 910 Fileto
2525 840 2824 910 apparitore
2865 839 3082 895 illustris
3110 841 3374 896 comitivze
3400 839 3562 907 sedis,
3596 844 3721 898 Exi-

2149 909 2283 963 tioso
2311 909 2569 980 adjutore'
2596 909 2932 976 corniculari,
2965 911 3227 974 Possidio,
3256 911 3645 978 Quodvultdeo,
3671 923 3727 968 et

2147 979 2398 1035 (Iolonico
2439 980 2767 1049 adiutoribus
2808 981 3309 1036 commentariorum
3361 983 3522 1037 officii
3564 984 3626 1036 l).
3656 981 3722 1038 Ν.

2150 1049 2213 1103 γ.
2236 1050 2296 1104 C.
2327 1060 2382 1105 et
2410 1051 2710 1122 spectabilis
2732 1051 3086 1122 proconsulis,
3119 1051 3336 1121 Navigio
3361 1052 3603 1122 adjutore
3623 1068 3725 1107 nu-

2149 1119 2616 1176 mererum’ofﬁcii
2664 1119 2832 1174 DIN.
2887 1121 2948 1174 V.
2997 1121 3058 1176 C.
3101 1131 3156 1176 et
3193 1119 3497 1190 spectabilis
3523 1123 3727 1190 vicarii,

2149 1189 2373 1263 Nampio
2407 1190 2866 1263 scriba_ofl_i_cii_V.
2892 1190 2954 1245 C.
2993 1191 3150 1261 legati
3186 1189 3342 1263 almae
3369 1189 3723 1263 Carthaginis,

2151 1260 2436 1334 Ruliniano
2447 1261 2644 1334 scriba
2669 1260 2732 1316 γ.
2754 1259 2829 1334 β.
2853 1259 3113 1334 curatoris
3155 1262 3313 1318 celsae
3357 1259 3724 1334 Carthaginis;

2151 1332 2545 1403 excipientibus
2563 1331 2722 1386 etiam
2753 1331 2930 1403 ililaro
2946 1341 2998 1385 et
3025 1332 3340 1403 Praetextato
3356 1331 3730 1403 exceptoribus

2157 1348 2271 1384 exet
2315 1348 2545 1387 lcnllDUS
2563 1348 2722 1386 euam
2753 1348 2930 1386 mtaro
2946 1348 2998 1385 et
3025 1348 3340 1388 rrartextato
3356 1348 3730 1403 exceptorious

2157 1402 2215 1473 ζ).
2333 1401 2390 1473 γ.
2411 1402 2472 1473 (ι.
2503 1409 2558 1456 et
2577 1401 2879 1473 spectabilis
2897 1403 3244 1472 proconsulis,
3264 1402 3426 1458 Fabio
3445 1413 3730 1473 exceptare

2157 1471 2214 1544 ρ.
2246 1471 2309 1544 N.
2339 1472 2405 1544 _V.
2423 1470 2490 1544 Ο.
2505 1480 2566 1544 et_
2577 1471 2880 1544 spectabilis
2897 1470 3106 1544 vicarii,
3127 1481 3181 1527 et
3199 1473 3426 1544 Romulo
3445 1470 3731 1544 exceptare

2161 1540 2220 1612 Υ.
2249 1541 2309 1595 C.
2339 1541 2492 1611 legati
2508 1540 2675 1612 alma:
2702 1541 3070 1612 Carthaginis;
3099 1543 3486 1612 excipientibus
3519 1540 3732 1612 quoque

2154 1611 2403 1666 Januario
2431 1622 2485 1666 et
2503 1611 2674 1666 Vitale
2688 1611 3178 1666 notariis’Ecclesiae
3204 1614 3498 1676 catholicze,
3517 1611 3732 1670 Ἥρωι-θ

2154 1692 2205 1736 et
2217 1681 2506 1737 Cresconio
2526 1682 2746 1737 notariis
2758 1682 3008 1737 Ecclesia:
3025 1683 3438 1750 Donatistarum,
3459 1683 3627 1739 Ursus
3643 1685 3733 1738 du-

2155 1753 2397 1833 cet-larius
2413 1753 2695 1833 illustrium
2713 1753 3226 1833 atqueeminentiutn
3248 1762 3563 1833 potestatum
3575 1754 3730 1809 dixit:

2229 1823 2434 1877 Dudum
2457 1832 2630 1878 vestra
2656 1822 2965 1878 Sublimitas
2989 1822 3279 1878 secundum
3302 1824 3573 1894 imperiale
3598 1840 3734 1893 pra:-

2156 1901 2365 1974 ceptum
2411 1901 2464 1948 et
2508 1908 2606 1948 nos
2650 1900 2713 1974 et.
2745 1893 3095 1974 exteros-qui
3126 1901 3231 1974 tam
3255 1893 3734 1974 “deusseratissimo

2156 1963 2430 2030 comitatu,
2461 1979 2618 2032 quam
2646 1964 2804 2017 etiam
2833 1963 2900 2018 de
2930 1963 3190 2018 Africanis
3215 1963 3405 2019 ofliciis
3432 1963 3734 2019 Sublimita-

2159 2034 2226 2104 tis
2257 2043 2358 2088 tuae
2399 2043 2522 2088 sunt
2557 2033 2760 2104 actibus
2791 2032 3046 2102 deputati,
3077 2033 3142 2087 ad
3172 2035 3407 2104 singulas
3434 2035 3734 2104 provincias

2156 2103 2457 2170 destinavit,
2489 2113 2544 2158 et
2595 2103 2764 2158 edicta
2815 2105 2975 2158 etiam
3021 2119 3116 2172 per
3153 2103 3451 2160 universam
3499 2106 3735 2161 Africam

2158 2173 2386 2245 direxit,
2413 2183 2471 2228 ut
2512 2182 2616 2227 tam
2647 2173 2902 2245 Catholici
2942 2189 3098 2245 quam
3146 2175 3431 2230 Donatista:
3472 2175 3730 2245 episcopi,

2159 2244 2296 2298 intra
2321 2253 2563 2314 quartum
2585 2258 2821 2299 mensem
2846 2243 3125 2299 Collationi
3155 2245 3333 2300 cuncti
3360 2243 3547 2300 adesse
3572 2243 3736 2300 debe-

2159 2324 2277 2368 rent
2307 2332 2318 2366 :
2342 2313 2466 2384 qum
2491 2325 2725 2383 tempora
2757 2314 3023 2384 hodierna
3037 2313 3124 2370 die
3151 2315 3392 2370 videntur
3416 2317 3646 2384 impleri.
3667 2317 3735 2371 Et

2157 2385 2276 2453 quia
2307 2383 2500 2455 praesto
2541 2394 2665 2438 sunt
2703 2385 2957 2455 universi,
2995 2383 3061 2439 de
3106 2386 3353 2440 omnibus
3385 2383 3587 2441 scilicet
3613 2401 3736 2455 pro-

2159 2454 2346 2509 vinciis
2371 2455 2652 2520 Africanis,
2679 2454 2731 2510 id
2753 2465 2836 2510 est
2859 2455 2925 2510 de
2954 2455 3222 2525 provincia
3250 2454 3641 2518 Proconsulari.
3667 2456 3736 2512 de

2197 2525 2426 2580 rovincia
2450 2525 2744 2596 Byzaccna,
2767 2525 2836 2581 de
2855 2525 3118 2590 Numidia,
3152 2526 3220 2581 de
3252 2526 3578 2581 Mauritaniis
3608 2526 3735 2581 Siti-

2180 2596 2292 2650 ensi
2319 2605 2371 2650 et
2398 2595 2753 2666 CaeSareensi,
2773 2597 2865 2650 sed
2893 2595 3050 2650 etiam
3076 2596 3220 2650 etde
3246 2596 3572 2665 Tripolitana
3606 2613 3733 2666 pro-

2159 2666 2352 2729 vincia,
2379 2667 2423 2720 si
2454 2667 2692 2736 prtecipit
2713 2665 2970 2722 Nobilitas
2997 2676 3103 2731 tua,
3131 2667 3305 2721 adsint
3327 2666 3486 2722 iidem
3511 2665 3731 2723 vellera.

2161 2736 2294 2807 biles
2317 2736 2433 2807 viri,
2466 2745 2535 2807 ut
2549 2737 2724 2790 omnia
2750 2751 2845 2791 suo
2869 2736 3055 2807 ordine
3084 2749 3421 2807 peragantur.

2233 2805 2444 2860 Flavius
2487 2806 2821 2861 Marcellinus
2872 2806 2937 2860 γ.
2981 2806 3044 2861 C.
3086 2805 3346 2863 'tribunus
3391 2814 3446 2862 et
3496 2807 3734 2862 notarius

2159 2875 2294 2930 dixit
2326 2894 2338 2929 :
2371 2876 2561 2947 Αάεἰιῃ
2601 2877 2930 2932 venerabiles
2971 2877 3092 2940 viri,
3121 2891 3256 2947 quos
3295 2887 3586 2946 praesentes
3615 2893 3737 2932 esse

2161 2947 2459 3018 suggeritis.
2515 2946 2585 3000 Et
2626 2948 2898 3018 ingressis
2945 2946 3223 3018 univerSisr
3250 2950 3513 3018 episcopis
3560 2949 3728 3016 partis

2165 3017 2666 3088 itonati;inguessis
2699 3018 2856 3072 etiam
2879 3017 3129 3088 iAurelio,
3167 3017 3375 3088 Alypio,
3421 3017 3735 3088 Augustino,

2163 3085 2460 3168 Vincentio,
2475 3085 2812 3168 “fortunato,
2832 3085 3248 3168 “Fortunatiano
3271 3085 3337 3168 et
3353 3085 3596 3168 Possidio
3624 3088 3736 3168 epi-

2163 3158 2340 3225 scopis
2381 3157 2630 3212 Ecclesia:
2672 3157 2965 3220 catholicze,
3016 3173 3135 3212 cum
3179 3157 3400 3223 Novato,
3433 3157 3733 3220 Florentio.

2164 3226 2478 3299 Maurentio,
2505 3226 2793 3299 Bonifacio,
2818 3228 3019 3299 Prisco,
3048 3227 3360 3295 Sereniano,
3391 3237 3445 3284 et
3470 3228 3734 3299 Scyllacio

2161 3297 2491 3366 coepiscopis
2516 3297 2646 3364 suis,
2679 3297 2947 3364 Deuterio,
2979 3298 3176 3360 Leone,
3203 3299 3432 3364 Asterio,
3478 3307 3532 3353 et
3545 3297 3734 3352 Resti-

2165 3375 2299 3439 tuto,
2344 3383 2495 3439 mque
2535 3367 2795 3439 episcOpis
2831 3376 2885 3423 et
2924 3368 3230 3423 custodibus
3263 3378 3552 3439 gestorum,
3581 3367 3728 3439 ullar-

2163 3438 2383 3492 cellinus
2421 3438 2502 3491 vir
2535 3437 2859 3492 clarissimus
2903 3439 3144 3493 tribunus
3183 3447 3234 3492 et
3271 3437 3514 3493 notarius
3562 3437 3730 3492 dixit:

2164 3507 2412 3576 Optarem
2455 3507 2670 3577 quidem
2713 3516 2868 3562 tantae
2902 3507 3057 3578 hujus
3095 3508 3446 3563 multitudinis
3479 3508 3735 3562 sanctita~

2167 3586 2293 3642 tem,
2324 3593 2440 3647 quae
2483 3579 2580 3632 sub
2613 3577 2765 3631 unius
2801 3577 2995 3633 Christi
3033 3579 3123 3648 Dei
3167 3579 3422 3648 religione
3452 3587 3730 3648 censetur,

2166 3648 2308 3719 nulla
2346 3662 2375 3701 a
2405 3662 2462 3702 se
2491 3648 2819 3719 dissensione
2845 3648 3070 3718 seiungi.
3099 3647 3202 3703 Sed
3229 3647 3348 3718 quia
3376 3648 3425 3703 id
3450 3649 3594 3719 quod
3633 3647 3730 3702 du-

2165 3717 2288 3787 dum
2317 3732 2467 3772 error
2502 3718 2701 3787 antiqui
2732 3717 2899 3773 hostis
2939 3717 3174 3780 immisit,
3213 3717 3377 3774 Deum
3411 3717 3614 3772 certum
3653 3726 3733 3773 est

2167 3786 2300 3842 velle
2329 3802 2468 3841 nunc
2494 3786 2703 3857 corrigi,
2733 3803 2799 3843 ne
2823 3787 3017 3858 diutius
3041 3802 3286 3858 germana
3314 3789 3499 3858 religio
3518 3803 3734 3844 concer-

2168 3858 2363 3912 tatione
2389 3873 2480 3912 sua
2511 3859 2867 3927 spectaculum
2897 3857 3156 3914 Gentibus
3198 3858 3390 3924 faciat,
3420 3857 3543 3913 licet
3575 3873 3733 3928 supra

2166 3928 2412 3982 meritum
2466 3943 2640 3982 meum
2691 3929 2789 3982 hoc
2827 3943 3142 3997 cognoscam
3187 3943 3303 3983 esse
3340 3927 3736 3997 judicium,’ut

2167 3997 2300 4068 inter
2329 4011 2422 4068 eos
2448 3997 2626 4052 videar
2646 3998 2903 4066 judicare,
2927 3997 3164 4068 aquibus
3187 4013 3273 4053 me
3297 3999 3469 4068 potius
3482 3997 3732 4053 decuerat

2161 4067 2420 4138 judicari;
2465 4076 2638 4122 tamen
2677 4069 2796 4137 quia
2837 4067 3040 4122 eertum
3086 4077 3169 4124 est
3197 4067 3332 4123 hanc
3367 4083 3581 4123 causam
3611 4083 3731 4138 spe-

2165 4146 2341 4209 ctante
2367 4137 2474 4209 Deo
2511 4147 2560 4209 et
2594 4139 2809 4207 Angelis
2849 4139 3082 4209 testibus,
3115 4137 3442 4209 agitandam,
3489 4137 3731 4209 qugSub

2167 4208 2288 4262 fidei
2326 4207 2556 4263 cmlestis
2581 4209 2824 4263 examine
2852 4209 2934 4261 vel
2974 4207 3190 4277 probata
3237 4207 3520 4277 praemium
3547 4207 3732 4262 afferat

2167 4279 2249 4332 vel
2280 4278 2402 4348 laesa
2432 4278 2708 4348 judicium,
2743 4286 2801 4332 ut
2840 4278 3052 4332 tandem
3095 4279 3435 4346 przcsentium
3473 4278 3734 4346 discepta-

2167 4347 2400 4428 tionibus
2409 4347 2805 4428 .episcoporum
2855 4349 3188 4428 manifestius
3215 4350 3411 4428 veritas
3444 4350 3731 4412 elucescat,

2167 4417 2452 4487 imperialis
2481 4417 2723 4486 primitus
2747 4419 2948 4472 sanctio
2977 4419 3248 4484 recitetur,
3281 4427 3338 4472 ut
3361 4419 3412 4472 in
3435 4434 3594 4487 quem
3617 4433 3731 4472 mo-

2164 4486 2286 4558 dum
2313 4496 2468 4558 atque
2503 4488 2722 4558 formam
2753 4489 2821 4541 sit
2848 4487 3178 4555 suscipienda
3209 4489 3438 4558 cognitio
3454 4486 3531 4542 ab
3559 4489 3734 4542 omni-

2167 4557 2262 4679 blns
2309 4557 2474 4638 possit
2503 4557 2736 4624 adverti,
2775 4558 2894 4612 licet
2927 4573 3046 4613 eam
3084 4557 3295 4613 cunctis
3321 4559 3617 4614 innotuisse
3655 4567 3736 4612 sat

2167 4640 2191 4679 c
2214 4642 2364 4679 arum
2392 4637 2479 4679 sit.
2849 4648 2854 4652 ·
3547 4653 3552 4658 ε

2162 4637 2364 4680 ctarum
2392 4637 2479 4679 Sil.
2849 4648 2854 4652 '
3547 4653 3552 4658 ‘

2169 4736 2546 4814 Praeceptum
2597 4738 2881 4799 Honorii
2919 4737 2992 4798 de
3033 4737 3306 4798 habenda
3350 4737 3731 4801 Collatiam.

2402 4817 2730 4877 recitatum
2757 4817 2854 4879 die
2881 4817 3252 4880 Collationis
3266 4817 3499 4895 primo.

2165 4935 2532 5005 Imperatores,
2551 4937 2807 5002 Cmsares,
2831 4938 3014 5003 Flavii,
3032 4939 3295 4993 llononms
3314 4948 3367 4992 et
3383 4937 3732 5000 Tusonosws,

2235 5006 2325 5079 pii,
2379 5005 2596 5079 felices,
2640 5009 2882 5079 victores
2927 5023 2990 5062 ac
3031 5008 3471 5078 triumphatorcs,
3526 5023 3738 5079 semper

2234 5077 2473 5146 Augusti,
2506 5078 2686 5132 Flavio
2708 5077 3048 5133 MARCELLINO
3073 5077 3458 5145 suo,’salutetn.

2234 5185 2374 5241 lntcr
2404 5187 2608 5260 imperii
2639 5189 2805 5260 nostri
2836 5190 3090 5243 maximas
3115 5203 3290 5252 curas,
3310 5189 3588 5244 catholica:
3612 5191 3739 5260 legis

2162 5257 2469 5330 reverentia
2505 5266 2593 5310 aut
2617 5259 2831 5330 prima
2861 5275 3073 5326 semper
3115 5269 3206 5312 aut
3251 5260 3365 5314 sola
3404 5269 3507 5314 est.
3557 5257 3738 5330 Neque

2161 5326 2303 5398 enim
2331 5327 2471 5398 aliud
2498 5335 2588 5380 aut
2617 5327 2738 5381 belli
2771 5328 3036 5383 laboribus
3061 5331 3285 5398 agimus,
3313 5339 3402 5382 ant
3430 5332 3577 5398 pacis
3601 5326 3733 5386 cou-

2162 5397 2294 5450 siliis
2314 5397 2639 5461 ordinamus,
2675 5399 2772 5451 nisi
2804 5407 2860 5451 ut
2889 5413 3072 5453 verum
3101 5397 3203 5453 ’Dei
3237 5397 3442 5453 cultum
3474 5400 3624 5456 orbis
3649 5416 3740 5454 no-

2162 5467 2261 5519 stri
2292 5466 2442 5534 plebs
2479 5468 2664 5521 devota
2717 5468 2994 5535 custodiat,
3028 5477 3086 5522 ut
3127 5470 3286 5523 etiam
3331 5471 3632 5526 Donatistas
3657 5472 3738 5526 vel

2163 5543 2368 5612 tetrore
2408 5537 2493 5612 vel
2540 5539 2741 5592 monitu
2795 5538 2921 5612 olim
2970 5539 3194 5612 implere
3250 5549 3594 5612 convenerat,
3651 5541 3737 5612 qui

2163 5605 2399 5679 Africam
2413 5649 2432 5679 _,
2466 5607 2567 5660 hoc
2589 5616 2704 5679 test,
2737 5609 2900 5679 regni
2923 5605 3088 5663 nostri
3134 5611 3414 5664 maximam
3448 5620 3648 5679 partem
3669 5605 3735 5665 ἐι

2163 5675 2507 5746 sarcularibus
2543 5676 2732 5732 ofﬁciis
2769 5675 2991 5732 fideliter
3020 5680 3359 5746 servientem,
3385 5675 3523 5735 vano
3555 5695 3737 5734 errore

2162 5753 2216 5818 et
2233 5745 2562 5802 dissensione
2584 5747 2844 5818 superflua
2870 5748 3196 5804 decolorant.
3218 5749 3324 5805 Nos
3347 5762 3521 5804 tamen
3548 5751 3731 5806 eadem

2163 5814 2487 5886 frequentius
2515 5833 2619 5874 non
2650 5814 2790 5890 piget
2831 5820 3083 5890 replicare
3104 5863 3118 5889 ,
3150 5837 3268 5892 qua:
3311 5823 3546 5880 omnium
3591 5832 3730 5877 retro
