4026 6472
270 420 373 477 817

265 536 560 607 principum
610 532 796 607 devota
838 530 888 607 iu
940 531 1103 607 Deum
1144 530 1389 607 deﬁ_ni\_it_
1419 530 1739 607 auctoritas:
1772 546 1837 585 ne

267 600 463 680 nostris
490 603 816 680 temporibus
845 603 889 656 si
928 601 1051 680 quid
1076 600 1209 680 forte
1240 601 1297 680 in.
1321 600 1561 680 injuriam
1590 600 1718 680 legis
1745 616 1834 654 ea-

264 676 477 730 tholica:
498 670 655 729 fuerit
676 682 1021 743 generatum,
1030 672 1171 738 justo
1190 671 1387 743 judicio
1410 670 1509 723 hoc
1540 670 1690 743 nobis
1717 685 1839 743 pos-

263 748 335 800 sit
361 748 621 815 imputare
651 740 948 815 posteritas.
980 741 1088 795 Nec
1115 756 1242 815 sane
1274 742 1411 815 latet
1448 740 1829 815 conscientiam

264 808 499 869 nostrain
531 808 706 868 seruio
731 813 964 869 caelestis
992 812 1189 865 oraculi
1218 808 1317 882 (τι),
1344 825 1501 878 quem
1532 811 1700 864 errori
1740 825 1838 865 suo

263 901 421 955 posse
476 886 736 954 prolicere
801 898 971 955 scaeva
1012 882 1419 955 Donatistarum
1472 882 1838 955 interpretatio

262 951 545 1035 profitetur
573 956 706 1035 :oqui
728 954 967 1035 quamvis
994 952 1310 1035 depravatos
1337 951 1543 1004 animos
1568 951 1633 1005 ad
1656 966 1837 1033 corrc-

261 1022 491 1081 ctionem
543 1022 719 1079 mitius
750 1022 1019 1088 invitaret,
1066 1022 1265 1075 aboleri
1303 1036 1422 1075 eum
1476 1029 1649 1075 tamen
1680 1022 1836 1075 etiam

261 1103 388 1151 ante
426 1096 698 1164 iussimus,
749 1110 813 1148 ne
869 1109 971 1163 qua
1008 1091 1471 1164 superstitionibus
1498 1100 1838 1164 praestaretur

260 1162 493 1221 occasio.
539 1165 688 1219 Nunc
735 1162 943 1233 quoque
992 1162 1379 1233 excludendam
1442 1162 1835 1233 subreptiouem

261 1237 421 1290 simili
451 1230 765 1289 auctoritate
790 1230 1101 1297 censemus,
1131 1232 1366 1301 illudque
1394 1232 1582 1285 merito
1624 1230 1838 1301 proﬁte-

262 1322 402 1371 mur,
436 1308 657 1361 libenter
678 1319 775 1359 nos
800 1320 859 1359 ea
890 1319 1008 1372 quae
1037 1312 1229 1356 statuta
1261 1302 1465 1355 fuerant
1496 1301 1832 1368 submovere,

264 1393 333 1431 ne
378 1378 429 1431 in
458 1377 692 1430 divinum
724 1375 920 1428 cultum
960 1373 1113 1427 nobis
1142 1387 1200 1427 se
1228 1373 1503 1440 quisquam
1532 1372 1836 1426 auctoribus

261 1448 493 1501 aestimet
535 1460 692 1515 posse
728 1459 969 1515 peccare.
1001 1443 1066 1515 Et
1090 1443 1332 1515 quamvis
1357 1456 1459 1515 una
1503 1442 1571 1494 sit
1596 1441 1835 1515 omnium

204 1522 207 1525 ’
262 1528 318 1572 et
346 1512 619 1570 manifesta
649 1512 905 1569 sententia
933 1513 1205 1567 catholicaa
1235 1512 1366 1581 legis
1394 1512 1600 1580 plenam
1634 1512 1831 1566 verita-

262 1596 370 1642 tem
398 1595 545 1641 recto
587 1586 856 1640 hominum
900 1584 1043 1637 cultu
1071 1591 1123 1637 et
1155 1582 1359 1637 caelesti
1399 1582 1657 1636 sententia
1689 1596 1835 1637 com-

260 1658 560 1727 probatam,
602 1655 776 1727 studio
806 1654 951 1727 pacis
987 1663 1038 1727 et
1076 1651 1837 1727 gratire_veuerabil_ium_viro-

261 1721 380 1781 rum
434 1721 823 1796 epiScoporum'
862 1721 1175 1796 legationem
1228 1722 1453 1796 libenter
1500 1721 1828 1796 admisimus,

262 1813 400 1878 quae.
422 1792 727 1878 congregari
761 1795 1058 1876 Donatistas
1082 1793 1358 1878 episcopos
1386 1792 1457 1872 ad.
1479 1801 1673 1845 caelum
1703 1794 1835 1878 cele-

261 1862 507 1921 berrima:
528 1862 798 1921 desiderat
826 1864 1073 1929 civitatis,
1100 1870 1160 1917 ut
1182 1862 1365 1916 electis
1390 1862 1547 1915 etiam
1587 1862 1835 1915 sacerdo-

263 1938 406 1991 tibus
426 1953 558 2008 quos
584 1951 705 2008 pars
725 1944 959 2008 utraque
995 1933 1275 2008 delegerit,
1309 1930 1835 2008 habitis_disputatio-

264 2000 895 2077 nibus,'superstitioneni
922 2004 1057 2057 ratio
1085 2000 1361 2077 manifesta
1389 2000 1641 2077 confutet.
1663 2003 1830 2077 Quam

263 2093 375 2133 rem
422 2072 557 2132 intra
604 2084 830 2147 quatuor
858 2088 1068 2147 menses
1111 2072 1444 2147 praecipimus
1474 2072 1835 2147 explicari,_ut

262 2162 551 2204 conversos
573 2142 779 2205 animos
809 2145 1123 2214 populorum
1140 2143 1297 2214 etiam
1328 2151 1503 2195 nostra
1527 2142 1829 2214 clementia,

261 2220 398 2273 sicut
426 2218 723 2281 desiderat,
753 2212 976 2270 celerius
1013 2212 1181 2282 possit
1220 2226 1557 2282 cognoscere.
1600 2212 1748 2278 Quod
1789 2213 1831 2265 si

262 2290 400 2343 intra
428 2289 776 2357 przcstitutum
804 2295 1012 2354 tempus
1038 2283 1272 2357 studiose
1302 2283 1689 2357 Donatistarum
1710 2282 1829 2357 epi-

262 2360 406 2429 sc0pi
430 2352 813 2413 declinaverint
857 2352 1178 2429 conveniret
1202 2353 1322 2406 trini
1361 2353 1518 2429 edicti
1551 2352 1829 2429 vocatione

260 2422 651 2483 contumacium
696 2435 933 2495 tempora
956 2423 1366 2495 concludantur;
1395 2422 1584 2491 quibus
1604 2423 1834 2495 emensis

260 2509 421 2568 atque
452 2498 749 2562 transactis,
796 2493 837 2551 si
887 2494 1370 2568 provocati‘adesse
1398 2493 1830 2568 contempserint,

261 2562 418 2625 cedat
442 2584 561 2624 cum
584 2568 821 2624 ecclesiis
840 2562 1069 2637 populus
1090 2564 1181 2633 qui
1202 2564 1448 2637 doctores
1473 2578 1600 2637 suos
1626 2562 1834 2617 silentio

260 2640 569 2709 cognoverit
607 2633 883 2709 superatos
898 2633 928 2700 ,F
942 2645 998 2691 et
1028 2636 1221 2709 vietum
1259 2648 1317 2687 se
1344 2633 1628 2709 aliquando
1656 2643 1835 2709 gratu-

262 2704 422 2774 letur,
453 2704 718 2779 sciatque,
762 2708 804 2761 si
837 2722 940 2760 non
965 2705 1252 2779 prceceptis
1296 2705 1517 2779 nostris,
1543 2704 1623 2779 vel
1653 2704 1835 2779 catho-

264 2780 381 2861 licae
411 2773 751 2861 legisﬁ'eris
778 2773 1026 2861 imperiis
1072 2773 1426 2861 ser'viendum'.
1479 2774 1575 2828 Cui
1622 2773 1833 2861 quidem

260 2843 598 2920 disputationi
625 2843 1063 2920 principe'locote
1079 2844 1308 2920 judicem
1336 2845 1578 2920 volumus
1598 2843 1832 2920 residere

262 2913 539 2991 (quidquid
556 2913 718 2991 etiam
747 2913 867 2972 ante
885 2918 935 2970 in
960 2913 1219 2991 mandatis
1235 2915 1503 2984 acceperis
1523 2913 1836 2991 plenissime

260 2984 602 3061 meministi),
645 3001 963 3061 omnemque
990 2987 1074 3061 vel
1122 2987 1174 3039 in
1205 2984 1587 3061 congregandis
1624 2984 1835 3053 episco-

259 3064 362 3131 pis,
406 3062 489 3116 vel
527 3056 841 3131 evocandis,
879 3058 922 3111 si
963 3057 1149 3110 adesse
1182 3056 1626 3125 contempserint,
1655 3070 1833 3131 curam

260 3125 315 3187 ie
349 3125 603 3186 volumus
646 3130 909 3186 sustinere
953 3138 1054 3181 :ut
1078 3134 1133 3181 et
1174 3141 1237 3181 ea
1279 3141 1397 3208 qua:
1440 3125 1835 3208 aute‘mandata

261 3211 406 3279 sunt,
438 3213 492 3259 et
516 3218 633 3279 qua:
663 3208 1022 3279 nuncstatuta
1063 3196 1357 3279 cognoscis,
1398 3196 1615 3265 probata
1660 3196 1835 3265 possis

261 3274 481 3343 implere
505 3272 751 3343 solertia;
780 3271 831 3325 id
859 3280 981 3324 ante
1001 3271 1176 3343 omina
1194 3276 1529 3343 servaturus;
1548 3276 1601 3319 ut
1619 3282 1688 3343 ea
1712 3282 1831 3343 quae

262 3337 403 3397 circa
423 3342 733 3398 catholicam
761 3342 927 3409 legem
955 3340 1035 3394 vel
1066 3339 1194 3392 olim
1210 3338 1496 3409 ordinavit
1524 3337 1832 3409 antiquitas,

265 3414 349 3467 vel
392 3423 663 3482 parentum
692 3406 992 3466 nostrorum
1024 3408 1306 3482 auctoritas
1351 3407 1594 3482 religiosa
1634 3406 1835 3482 consti-

265 3475 505 3547 tuit,'vel
551 3494 727 3537 nostra
772 3482 1030 3536 serenitas
1068 3479 1367 3541 roboravit,
1412 3475 1835 3547 novellasubre-

260 3544 444 3623 ptione
463 3552 542 3626 (ὁ)
568 3555 833 3626 submota,
863 3553 1150 3626 integra_et
1174 3547 1418 3626 inviolata
1443 3546 1732 3626 custodias.
1770 3544 1839 3600 Ut

257 3615 389 3677 iane
408 3615 725 3679 adminicula
770 3615 1123 3691 competentia
1153 3618 1355 3691 actibus
1383 3616 1486 3670 tuis
1512 3615 1835 3691 deessenon

259 3695 487 3763 possint,
516 3696 658 3749 viros
697 3685 1010 3762 spectabiles
1052 3688 1433 3763 Proconsulem
1462 3694 1633 3763 atque
1671 3685 1835 3763 _Vica-

256 3756 395 3818 i'ium
425 3756 682 3819 screnitas
722 3756 901 3817 nostra
935 3760 1296 3817 commonuit,
1334 3766 1391 3810 ιιι
1432 3757 1474 3808 si
1510 3756 1837 3824 propriarqu

256 3834 572 3905 dignitatum
604 3844 798 3905 statum
819 3834 1038 3905 cupiunt
1081 3829 1333 3905 retinere,
1380 3828 1422 3880 si
1454 3827 1836 3905 apparitionem

256 3895 411 3959 suam
438 3915 673 3960 extrema
723 3895 989 3957 declinare
1034 3897 1309 3966 supplicia,
1358 3907 1459 3949 tam
1502 3912 1565 3949 ex
1613 3895 1840 3966 pr0priis

256 3975 451 4030 ofﬁciis
475 3992 631 4045 quam
650 3974 980 4045 exromuium
1001 3965 1602 4045 judicuyppparitinue
1627 3965 1840 4045 abunde

257 4035 596 4100 necessarios
639 4044 834 4098 faciant
881 4035 1138 4109 deputari.
1176 4035 1429 4109 Erit’jam
1465 4035 1841 4109 sollicitudinis

256 4124 386 4182 tute,
410 4117 452 4170 si
485 4115 609 4185 quid
641 4114 743 4185 ulla
770 4106 1087 4185 cognoveris
1097 4117 1240 4185 narte
1280 4107 1475 4185 differri
1499 4148 1513 4172 ,
1550 4106 1733 4185 niissis
1759 4121 1841 4159 re-

257 4176 546 4240 lationibus
576 4176 928 4247 indicarefut
973 4180 1296 4248 negligentes
1321 4178 1504 4245 puniat
1532 4176 1687 4248 digna
1716 4190 1842 4229 cor-

254 4256 447 4310 rectio.
479 4255 664 4309 Omnia
694 4267 842 4314 sane,
866 4267 983 4320 qua:
1023 4246 1196 4320 vellin
1238 4263 1400 4320 unum
1430 4246 1694 4320 episcopis
1720 4260 1843 4299 con-

256 4324 491 4393 gregatis
520 4322 805 4393 disputatio
824 4316 1085 4393 coinpleta
1120 4318 1430 4393 ﬁrmaverit,
1457 4318 1540 4370 vel
1580 4316 1844 4393 desisten-

258 4386 404 4447 iibu's
432 4391 567 4447 forte
593 4386 840 4446 statuerit
867 4386 1005 4443 circa
1048 4399 1388 4441 contumaces
1418 4388 1521 4441 lata
1552 4386 1840 4449 sententia,

259 4471 316 4517 te
345 4462 544 4518 referre
575 4462 887 4524 conveniet;
920 4469 975 4514 ut
1015 4458 1139 4529 quid
1175 4458 1240 4512 ad
1285 4457 1701 4529 conﬁrmandam
1749 4470 1843 4529 ca-

256 4532 511 4587 tholicam
559 4532 716 4587 ﬁdem
750 4526 1046 4600 praeceptio
1073 4539 1251 4584 nostra
1278 4528 1584 4600 profecerit,
1614 4526 1846 4600 celerius

297 4606 524 4659 ossimus
565 4597 876 4673 agnoscere.
921 4597 989 4654 Et
1018 4601 1193 4673 divina;
1222 4597 1380 4673 manu
1408 4614 1425 4652 :
1449 4597 1846 4673 γαιθηΜ-πςβι-

297 4619 524 4659 οδειιηυε
565 4619 876 4673 agnoscere.
921 4619 989 4654 ΓΛ
1018 4619 1185 4655 atoma
1228 4619 1380 4651 manu
1408 4619 1425 4652 .'
1456 4619 1595 4662 γωδ,
1626 4619 1846 4651 marcet-

254 4619 369 4729 iine
395 4673 707 4729 eharissune
734 4673 907 4729 nobis.
958 4673 1088 4727 Data
1118 4671 1286 4741 pridie
1313 4669 1432 4724 idus
1476 4668 1712 4724 octobris
1744 4668 1847 4721 lia-

256 4760 471 4806 vennm,
504 4745 709 4798 Varane
733 4743 794 4796 γ.
824 4744 881 4796 C.
912 4743 1130 4796 consule
1164 4742 1257 4809 (c).

254 4815 565 4877 Edictum
595 4814 961 4875 Marcellini
992 4808 1282 4889 primum,
1310 4828 1430 4889 quo
1452 4808 1849 4889 perprovin—

340 4896 468 4957 eius
496 4895 680 4954 misso
715 4887 1044 4969 utriusque
1070 4889 1274 4968 partis
1305 4887 1581 4965 episcopi
1610 4905 1849 4947 convo-

342 4982 593 5033 cantur.

333 5052 468 5120 Quid
491 5050 954 5120 clementissimus
969 5045 1486 5120 princepsdominus
1526 5052 1711 5120 noster
1744 5044 1850 5120 llo-

256 5114 444 5178 norius
471 5138 566 5191 pro
607 5121 882 5176 catholica:
929 5114 1051 5172 ﬁdei
1095 5114 1516 5191 conﬁrmatione.
1544 5114 1853 5191 decreverit

257 5202 389 5248 ante
418 5184 641 5247 laiorum
672 5192 880 5263 apicum
905 5200 1085 5263 tenore
1117 5184 1846 5263 nionstratur._Legationem

259 5263 523 5332 siquidem
572 5254 955 5332 veneiabilium
1005 5259 1378 5332 episcoporum
1426 5255 1655 5332 libenter
1687 5254 1845 5332 _acci-

261 5324 435 5406 piens,
459 5333 689 5388 Africam
713 5346 809 5385 suo
833 5324 1081 5385 devotam
1104 5324 1315 5394 semper
1336 5326 1560 5395 imperio
1590 5324 1737 5377 vario
1760 5338 1849 5376 re-

322 5424 480 5536 ‘(a)811g
512 5430 605 5486 est,
631 5422 759 5485 legis
781 5434 891 5485 quae
913 5420 1174 5483 abrogatur
1209 5416 1328 5480 lege
1362 5418 1473 5465 anni
1519 5415 1635 5475 410,
1668 5428 1744 5477 sui
1760 5427 1812 5463 ra
1834 5448 1850 5475 ,

259 5499 357 5537 COI.
382 5499 490 5536 615.

327 5547 398 5609 (b)
432 5556 483 5596 tn
511 5547 622 5596 00d.
662 5543 844 5595 Theod.
886 5543 922 5591 l.
956 5543 1006 5602 3,
1044 5542 1107 5609 de
1143 5540 1305 5609 nelig.‘
1338 5540 1518 5609 legitur
1560 5555 1581 5583 α
1618 5537 1853 5609 supersti-

270 5627 293 5654 ιι
318 5598 468 5659 tio'ne.
495 5625 518 5653 ι
547 5616 645 5658 Non
671 5609 837 5669 inepte
860 5598 1026 5654 tamen
1062 5604 1139 5652 hic
1174 5621 1203 5669 Διι
1235 5598 1570 5669 s'uhreplionc.
1608 5616 1630 5645 ³
1651 5598 1722 5669 ,
1756 5606 1851 5669 tibi,

260 5670 381 5731 lege
407 5669 485 5719 illa
511 5683 598 5732 per
621 5660 991 5732 subréptio‘uem
1012 5665 1264 5732 quamdam
1291 5660 1485 5732 enii's5a,
1511 5674 1607 5732 qua
1650 5660 1853 5709 libertas

261 5723 449 5783 arbitrii
477 5723 834 5780 concedebatur
870 5723 1115 5778 hzereticis
1151 5740 1163 5774 :
1203 5726 1331 5787 quq]
1358 5741 1405 5787 γι
1434 5723 1647 5787 (ξωιὶιδιφ
1681 5734 1851 5787 oracu-

269 5810 293 5837 ι
318 5792 437 5853 lum,
460 5808 482 5838 ι
507 5790 753 5901 appellant
778 5790 919 5851 laulo
943 5796 1057 5838 ante
1082 5796 1133 5837 et
1158 5806 1179 5832 ι
1196 5783 1547 5835 excludendum
1569 5783 1844 5846 subreptio-

269 5871 292 5900 ι
318 5868 477 5901 ιιρπι.»
503 5862 531 5901 v
590 5866 636 5901 e.
662 5866 821 5901 supra.
849 5852 1011 5901 legem
1028 5852 1136 5899 anni
1156 5847 1261 5898 410.

267 5871 292 5900 α
318 5847 477 5904 ιιεηί.»
503 5847 636 5911 vide,
662 5847 821 5913 supra,
849 5852 1011 5913 legem
1028 5852 1136 5899 anni
1156 5847 1261 5898 410.

329 5868 477 5904 αειη.»
503 5867 636 5911 Viue,
662 5867 716 5901 su
741 5867 821 5911 ira,
849 5867 1011 5913 regem
1028 5867 1048 5898 a

329 5918 399 5980 ιε)
431 5918 516 5966 Die
544 5914 601 5964 tt
622 5867 779 5966 (ictui).
806 5916 918 5963 anni
942 5912 1048 5963 Mt).

946 412 1305 471 EXCERPTA
1350 414 1442 469 AD
1482 412 2011 471 DONATISTARUM
2050 411 2414 470 HISTORIA!)
2457 411 2932 469 PERTINENTIA.

3434 416 3541 473 818

1956 531 2204 599 ligionum
2276 545 2470 601 genere
2544 530 2737 586 diutius
2802 529 3081 601 inquietari
3132 528 3531 601 decolorarique

1952 617 2054 654 non
2109 616 2296 671 passus
2338 612 2437 655 est.
2483 602 2665 656 Studio
2718 601 2945 671 namque
2977 602 3119 670 pacis
3161 611 3214 657 et
3260 601 3378 657 ﬁdei
3419 611 3533 657 tan-

1952 670 2121 724 torum
2176 670 2393 725 discidia
2444 673 2756 741 populorum
2806 670 2873 725 ei
2924 673 3136 742 antiqua
3186 673 3530 741 persuasione

1949 742 2211 795 venientia
2262 742 2498 795 veritatis
2547 742 2709 796 voluit
2753 743 3173 797 manifestatione
3219 742 3432 807 sedari,
3477 755 3535 799 ut

1948 811 2326 883 quassedare
2382 812 2757 880 principalibus
2800 830 2829 867 a
2882 828 2940 867 se
2991 812 3351 883 sanctionibus
3405 829 3528 883 pro-

1948 882 2145 951 rogatis
2206 897 2269 936 ac
2327 883 2461 936 trahi
2532 882 2596 936 ad
2662 898 2818 937 unam
2879 883 2997 936 fidei
3051 882 3365 937 sententiam
3408 882 3531 939 non

1951 968 2105 1021 posse
2170 951 2429 1021 pervidit,
2482 951 2657 1007 habita
2725 964 3067 1022 utrarumque
3130 954 3354 1021 partium
3420 955 3531 1008 dis-

1947 1023 2244 1091 ceptatione
2271 1032 2563 1077 revocaret.
2590 1024 2822 1078 Cunctos
2846 1024 3061 1086 etenim,
3089 1032 3195 1077 tam
3225 1023 3516 1078 Catholica:

1947 1107 2103 1161 quam
2148 1092 2451 1147 Donatiante
2493 1094 2656 1161 partis
2696 1094 3005 1163 episcopos,
3058 1094 3112 1147 in
3149 1108 3314 1147 unum
3358 1094 3528 1148 voluit

1947 1163 2292 1233 congregari,
2326 1172 2382 1216 ut
2408 1163 2591 1218 electis
2627 1165 2694 1218 ab
2733 1174 2953 1233 utraque
2995 1173 3142 1233 parte
3181 1164 3533 1231 peritioribus

1947 1233 2109 1298 viris,
2158 1241 2320 1287 certa:
2360 1233 2481 1288 ﬁdei
2522 1235 2742 1289 veritate
2770 1234 3044 1301 discussa,
3092 1234 3524 1302 superstitionem

1947 1304 2082 1357 ratio
2114 1302 2392 1357 manifesta
2438 1304 2754 1359 convincat:
2789 1314 3048 1373 quatenus
3098 1304 3349 1373 quidquid
3397 1305 3537 1358 illud

1945 1383 2028 1427 est
2051 1374 2189 1443 quod
2215 1389 2312 1443 pro
2337 1373 2447 1444 suis
2471 1374 2705 1443 partibus
2732 1376 2961 1428 restituat
2981 1374 3342 1444 unusquisque
3367 1390 3526 1443 posse

1946 1453 2285 1514 competere,
2318 1443 2614 1513 proferatur
2658 1445 2710 1498 in
2755 1445 2987 1499 medium
3010 1487 3023 1511 ,
3056 1454 3109 1498 et
3142 1443 3227 1499 isic
3254 1460 3526 1514 germana:

1947 1514 2026 1567 vel
2053 1530 2174 1567 sero
2205 1512 2329 1569 ﬁdei
2351 1516 2436 1568 lux
2462 1515 2737 1569 clarescat.
2767 1516 3011 1569 Consona
3032 1512 3292 1583 siquidem
3320 1515 3521 1568 utrius-

1946 1600 2048 1651 que
2078 1585 2238 1655 partis
2263 1584 2453 1654 petitio
2481 1584 2546 1639 ad
2573 1583 2711 1655 hanc
2740 1585 3030 1653 principem
3058 1586 3372 1655 sententiam
3400 1599 3525 1655 pro-

1947 1655 2171 1725 vocavit.
2199 1653 2331 1708 Nam
2359 1656 2495 1709 sicut
2520 1671 2547 1707 a
2576 1653 2869 1710 Catholicis
2893 1671 3062 1725 nuper
3085 1654 3310 1709 Collatio
3332 1653 3521 1724 postu-

1946 1724 2049 1778 lata
2078 1732 2192 1790 est;
2225 1726 2302 1779 sic
2328 1734 2450 1779 ante
2480 1725 2848 1779 brevissimum
2880 1724 3087 1795 tempus
3126 1726 3519 1779 Donatistarum

1943 1795 2219 1863 episc0pos
2241 1795 2292 1848 in
2309 1795 2508 1865 judicio
2529 1795 2810 1850 illustrium
2835 1805 3149 1865 potestatum
3173 1795 3524 1850 Collationem

1945 1866 2241 1934 postulasse
2277 1882 2381 1919 non
2420 1865 2634 1919 dubium
2665 1875 2783 1921 est:
2818 1875 2873 1920 et
2906 1867 3155 1936 quoniam
3184 1865 3410 1920 libenter
3438 1881 3524 1920 as—

1944 1950 2157 2007 sensum
2205 1936 2385 2007 tribuit
2434 1936 2713 2007 clementia
2758 1937 3101 2007 principalis,
3149 1945 3203 1990 et
3237 1936 3524 1990 concilium

1948 2004 2057 2059 ﬁeri
2090 2006 2220 2059 intra
2254 2004 2480 2075 Africam
2506 2004 2800 2060 universale
2820 2004 3076 2068 decrevit,
3107 2006 3382 2075 utriusque
3403 2021 3527 2075 par-

1947 2075 2014 2146 tis
2047 2075 2185 2146 justa
2227 2074 2594 2146 poscentibus,
2638 2075 2760 2130 huic
2788 2092 2875 2131 me
2903 2077 3242 2146 disputationi
3282 2074 3523 2146 principe

1946 2144 2062 2199 loco
2086 2145 2317 2214 judicent
2347 2145 2512 2199 voluit
2538 2146 2791 2201 residere.
2822 2147 2974 2201 Unde
2990 2144 3219 2201 cunctos
3245 2160 3340 2215 per
3374 2144 3520 2199 Afri-

1943 2229 2059 2269 cam
2088 2224 2192 2269 tam
2220 2215 2507 2269 Catholica:
2532 2230 2689 2285 quam
2721 2218 2882 2284 partis
2912 2217 3218 2272 Douatiana:
3244 2215 3525 2285 episcopos

1946 2286 2101 2354 hujus
2129 2286 2285 2356 edicti
2319 2295 2501 2356 tenore
2526 2301 2863 2354 commoneo,
2896 2296 2956 2341 ut
2990 2288 3125 2342 intra
3166 2296 3372 2356 tempus
3404 2286 3522 2356 lege

1945 2355 2351 2436 praescriptum,
2378 2355 2428 2410 id
2444 2364 2560 2436 .est,
2592 2356 2727 2436 intra
2753 2367 3224 2436 quatuormeuses
3238 2397 3253 2421 ,
3276 2355 3373 2424 qui
3403 2355 3520 2436 dies

1946 2425 2079 2478 intra
2108 2425 2245 2496 diem
2272 2425 2611 2481 calendarum
2650 2426 2917 2496 juniarum
2949 2429 3064 2483 sine
3101 2426 3264 2481 dubio
3303 2428 3521 2481 conclu-

1943 2496 2117 2568 detur,
2149 2495 2214 2550 ad
2248 2496 2513 2568 civitatem
2540 2495 2866 2566 splendidam
2893 2497 3360 2568 Carthaginensetn
3386 2511 3523 2551 cond

1943 2566 2047 2621 cilii
2081 2566 2304 2620 faciendi
2339 2568 2504 2636 gratia
2539 2569 2824 2623 convenire
2854 2585 2959 2623 non
2990 2566 3274 2624 differant:
3308 2580 3375 2620 ne
3399 2581 3533 2621 eam

1946 2646 2144 2706 partem
2162 2636 2239 2716 de
2270 2639 2458 2716 merito
2497 2639 2724 2716 propriae
2755 2638 2875 2716 fidei
2910 2647 3165 2716 appareat
3184 2637 3449 2707 iudicasse
3477 2640 3517 2700 ³,

1944 2723 2100 2776 quam
2143 2707 2374 2762 defuisse
2415 2707 2731 2763 constiterit.
2774 2707 3060 2765 Universos
3098 2709 3256 2763 ctiam
3300 2716 3517 2762 cuneta-

1944 2794 2061 2850 rum
2094 2776 2479 2849 provinciarum
2510 2788 2802 2844 curatores,
2830 2780 3193 2850 magistratus,
3228 2787 3280 2850 et
3316 2778 3518 2834 ordinis

1947 2838 2111 2920 viros',
2143 2863 2347 2920 necnon
2385 2858 2438 2902 et
2462 2859 2703 2915 actores,
2732 2838 3136 2920 procuratores,
3167 2838 3255 2903 vel
3280 2850 3520 2920 seniores

1945 2918 2268 3000 singulorum
2293 2919 2552 3001 locorum,
2586 2918 3089 3003 parindmonjtione
3113 2920 3392 3003 eonvenio,
3420 2918 3521 2973 sub

1946 2990 2172 3071 propria}
2221 2990 2970 3071 existimationis_dignitatis
3025 2998 3177 3071 reatu
3229 2990 3522 3071 salutisque

1945 3059 2201 3139 periculo,
2242 3070 2500 3139 quatenus
2528 3061 2579 3114 in
2618 3059 2919 3139 civitatibus
2956 3062 3193 3130 locisque
3232 3061 3284 3113 in
3308 3059 3520 3139 quibus

1946 3130 2262 3195 consistunt,
2297 3130 2571 3200 utriusque
2600 3133 2763 3200 partis
2793 3133 3071 3201 episcopos
3098 3129 3405 3193 eonvenire,
3436 3129 3519 3201 vel

1945 3200 2045 3254 sub
2079 3211 2349 3270 gestorum
2391 3201 2757 3266 cmifectione,
2803 3204 2884 3257 vel
2925 3203 3023 3257 sub
3059 3201 3340 3270 cujuslibet
3387 3200 3521 3253 serio

1948 3279 2115 3339 plum:
2143 3271 2463 3325 documento
2486 3280 2757 3335 exstante,
2807 3273 3076 3327 festinent.
3128 3273 3195 3326 Et
3232 3271 3275 3325 si
3317 3271 3433 3339 ipso
3468 3270 3522 3322 in

1950 3352 2187 3409 tempore
2234 3342 2284 3396 in
2329 3342 2626 3397 civitatibus
2668 3358 2774 3396 non
2816 3344 3081 3412 potuerint
3122 3341 3381 3412 inveniri,
3426 3355 3525 3410 per

1948 3428 2071 3466 rura
2095 3413 2253 3467 etiam
2279 3411 2583 3483 perquisitis
2615 3423 2718 3466 tam
2744 3410 3030 3483 imperialis
3052 3411 3299 3481 praicepti
3330 3410 3524 3483 forma,

1947 3497 2103 3553 quam
2146 3482 2296 3537 tenor
2325 3486 2480 3553 hujus
2518 3482 3038 3547 innotescat’cdicti,
3081 3490 3341 3552 quatenus
3388 3482 3524 3533 intra

1950 3552 2048 3607 hos
2086 3562 2314 3622 quatuor
2359 3552 2571 3607 nienses
2613 3554 2856 3609 ordinum
2907 3555 3161 3609 relatione
3208 3565 3524 3622 cognoscam

1948 3620 2273 3691 singularum
2328 3624 2551 3690 partium
2602 3625 2946 3679 voluntatem.
2998 3623 3129 3676 Illud
3177 3620 3338 3676 etiain
3387 3620 3525 3691 scire

1952 3688 2257 3746 Donatiante
2284 3688 2449 3761 partis
2486 3692 2764 3762 episcopos
2793 3694 2928 3755 volo,
2957 3694 2999 3747 si
3031 3693 3150 3761 quis
3178 3705 3362 3762 eorum
3389 3688 3525 3762 aliu-

1951 3772 2124 3817 turum
2166 3778 2225 3817 se
2268 3759 2387 3816 esse
2429 3759 2761 3831 responderit
2786 3806 2799 3827 ,
2833 3759 3109 3816 ecclesiam
3140 3762 3237 3815 sibi
3280 3759 3525 3828 primitus

1949 3848 2067 3885 cum
2099 3833 2242 3886 omni
2264 3832 2386 3900 jure
2414 3846 2532 3897 suo,
2562 3848 2680 3901 qua:
2710 3833 2847 3887 forte
2867 3850 2893 3885 a
2920 3832 3207 3886 Catholieis
3232 3831 3378 3898 juxta
3401 3844 3529 3898 prte-

1950 3912 2161 3972 ceptum
2190 3902 2462 3971 imperiale
2503 3904 2782 3968 retinetur,
2814 3905 2927 3959 sine
2953 3904 3127 3971 aliqua
3154 3901 3405 3972 dilatione
3431 3914 3531 3972 per.

1950 3970 2092 4027 viros
2119 3970 2320 4027 ordinis
2351 3988 2470 4027 mox
2498 3973 2839 4039 tradendam;
2864 3975 2906 4027 si
2936 3970 3060 4027 vero
3086 3986 3273 4026 omnes
3299 3970 3381 4023 vel
3410 3971 3547 4023 sin--

1951 4045 2087 4114 gulis
2107 4045 2127 4075 ’
2158 4045 2209 4098 in
2240 4044 2367 4098 locis
2398 4044 2507 4097 suis
2535 4044 2690 4111 positi
2717 4059 2774 4098 se
2798 4044 3075 4097 adfuturos
3096 4056 3215 4114 esse
3237 4041 3529 4114 reSpondes

1953 4112 2077 4181 rint,
2105 4124 2159 4170 et
2184 4114 2438 4169 ecclesias
2466 4124 2520 4168 et
2548 4130 2609 4168 ea
2640 4115 2751 4169 loca
2782 4129 2897 4183 qua:
2927 4129 3111 4168 eorum
3141 4112 3302 4183 fuisse
3331 4112 3412 4164 vel
3435 4124 3531 4183 eos

1954 4187 2188 4241 tenuisse
2226 4185 2543 4246 constiterit,
2589 4201 2682 4253 per
2726 4180 3531 4253 supradictorumordinum‘iu-

1953 4257 2199 4310 stantiam
2224 4270 2408 4310 eorum
2434 4256 2539 4323 juri
2571 4249 2910 4324 dominioque
2942 4252 3207 4324 reddenda
3228 4259 3333 4324 ;rut
3362 4249 3531 4306 refor-

1954 4335 2096 4380 mato
2136 4326 2321 4379 iisdem
2354 4325 2600 4395 primitus
2629 4334 2800 4391 statu,
2827 4323 3208 4395 disputationis
3251 4323 3531 4376 inchoetur

1956 4397 2182 4451 initium.
2207 4396 2273 4450 Et
2291 4394 2540 4465 quoniam
2564 4397 2694 4449 tanti
2725 4396 2851 4450 mihi
2880 4394 3085 4465 negotii.
3104 4408 3366 4465 summam
3391 4407 3561 4446 com-7

1954 4467 2163 4521 mittere
2188 4463 2351 4520 voluit
2381 4467 2785 4537 augustissimus
2810 4463 3092 4537 Princeps;
3127 4463 3253 4519 illud
3277 4478 3361 4517 me
3396 4479 3531 4531 quo-

1954 4553 2057 4607 que
2087 4537 2258 4592 fateor
2300 4536 2528 4593 libenter
2552 4539 2826 4607 accipere,
2873 4547 2929 4590 ut
2964 4536 3009 4591 si
3048 4536 3115 4589 de
3154 4546 3534 4607 meapersOua

1955 4603 2151 4679 aliquid
2178 4609 2531 4663 cunctationis
2562 4603 2989 4679 alTertur,alium
3031 4619 3240 4679 mecum
3263 4603 3528 4679 judicent,

1955 4672 2111 4748 quem
2152 4680 2250 4748 ipsi
2280 4679 2574 4748 delegerint
2600 4676 2943 4732 Donatianis'
2977 4677 3138 4748 partis
3168 4685 3221 4729 et
3256 4674 3374 4748 fidei
3396 4712 3423 4739 ,
3452 4672 3557 4726 vel.

1956 4745 2245 4819 superioris
2268 4750 2349 4803 vel
2372 4745 2559 4802 similis
2578 4748 2869 4815 dignitatis,
2895 4747 3129 4819 residere
3152 4759 3256 4799 non
3284 4745 3537 4819 abnuam.

1957 4812 2086 4874 Sive
2112 4829 2289 4872 autem
2318 4834 2437 4873 cum
2463 4818 2598 4883 alio,
2636 4812 2747 4871 sive
2773 4818 2919 4871 solus
2947 4819 2996 4870 in
3029 4818 3129 4869 hoc
3156 4814 3368 4884 negotio
3389 4812 3535 4884 judiv

1956 4900 2173 4944 caturus
2200 4890 2451 4951 interero,
2484 4882 2615 4941 nihil
2642 4887 2783 4941 aliud
2813 4902 2919 4950 me,
2963 4887 3063 4941 nisi
3091 4882 3534 4954 quod'allcgatio-

1959 4975 2053 5013 nes
2100 4960 2323 5027 partium
2368 4959 2682 5012 examinata}
2726 4958 2993 5027 potuerint
3037 4952 3438 5027 dentousirare,
3486 4960 3545 5007 et

1998 5023 2112 5083 uod'
2130 5030 2240 5083 veri
2280 5029 2543 5083 invenerit
2569 5023 2740 5093 ﬁdes,
2755 5044 2851 5097 per
2879 5025 3188 5082 admirabile
3223 5023 3536 5095 mysterium

1958 5096 2254 5162 Trinitatis,
2282 5114 2379 5167 per
2405 5096 2783 5153 incarnationis
2812 5096 3538 5167 Dominicaasacratnentum,

1958 5181 2013 5224 et
2039 5186 2131 5239 per
2158 5162 2379 5224 salutem
2409 5184 2565 5239 supra
2593 5166 3366 5239 memoratormnPrint-ipttm,
3392 5162 3538 5232 judi-

1959 5237 2197 5295 cat'urum
2242 5255 2326 5294 me
2354 5237 2489 5295 esse
2517 5240 2789 5309 promitto.
2832 5238 2939 5292 Nec
2982 5237 3125 5309 illam
3172 5250 3301 5309 sane
3329 5243 3539 5309 partem

1962 5310 2106 5380 potui
2128 5310 2373 5376 reticere,
2397 5305 2657 5379 quatenus
2680 5310 2942 5380 noverint,
2970 5308 3083 5362 sive
3106 5321 3199 5380 pro
3223 5305 3536 5380 Donatistis,

1960 5376 2073 5436 sive
2117 5397 2211 5449 pro
2237 5376 2524 5437 Catholicis
2557 5381 2714 5435 fuerit
2752 5379 2853 5432 lata
2894 5379 3177 5449 sententia,
3224 5377 3274 5430 in
3304 5376 3446 5430 nttllo
3475 5390 3536 5428 se

1962 5446 2353 5506 Donatistarum
2378 5451 2658 5519 episcopos
2684 5450 2914 5519 aliquam
2942 5446 3240 5519 molestiam
3267 5458 3540 5519 essepas-

1961 5538 2135 5585 suros,
2164 5522 2255 5576 sed
2290 5514 2486 5575 liberos
2524 5514 2577 5575 ei
2603 5521 2671 5574 ab
2698 5514 2840 5574 omni
2870 5518 3075 5588 injuria:
3118 5530 3313 5586 genere
3340 5514 3541 5588 alienos

1961 5595 2024 5648 ad
2057 5584 2269 5663 propria
2319 5591 2583 5645 redituros
2624 5593 2808 5661 :quod
2859 5584 2944 5643 me
2986 5598 3039 5642 ct
3070 5584 3164 5663 per
3209 5584 3541 5641 tremendum

1957 5662 2137 5733 judicii
2182 5664 2323 5717 diem
2349 5703 2363 5727 ,
2396 5670 2449 5714 et
2476 5676 2569 5730 per
2597 5670 2929 5715 sacramenta
2960 5662 3202 5728 superius
3248 5663 3541 5711 memorata
3568 5706 3573 5709 .

2026 5779 2040 5808 ί
2078 5783 2233 5833 Forte,
2260 5770 2516 5822 dubitasse.

2024 5842 2044 5871 ⁸
2078 5832 2235 5895 Forte,
2261 5832 2452 5902 singuli.

2025 5905 2044 5935 δ
2080 5906 2217 5949 vorte
2264 5900 2561 5945 L'onatilmtt'.
2628 5902 2682 5944 at.
