4026 6466
265 420 363 476 8‘Zl

271 533 491 603 hujusce
518 531 676 587 edicti
717 546 773 585 se
801 530 1132 606 consensisse
1160 522 1839 606 proﬁtebuuturepistolas,

269 597 571 673 primatium
601 600 1347 673 tautummodoepiscOpor-um
1370 597 1755 673 subscriptione
1776 597 1843 673 si-

265 663 515 751 gnentur.
542 672 745 751 Sufﬁcit
765 673 904 751 enim
928 663 1030 725 illis
1049 663 1286 751 epistolis
1302 666 1754 751 universalent,ui

266 734 978 815 dixerim,subscriptionem
1008 734 1375 815 episcoporum
1400 738 1635 815 omnium
1664 734 1843 815 colue-

267 829 408 879 rere,
428 806 620 881 quibus
638 806 803 867 totum
820 806 1443 880 disputationis—ordinem
1461 806 1845 881 conferentium

264 877 613 955 septenorum
636 893 807 938 ratum
838 877 1193 937 sc’habituros
1217 895 1337 936 esse
1376 877 1734 949 promiserint.

345 996 411 1059 Ν
415 996 625 1057 otoria
656 994 1148 1063 Donatistarum,
1178 990 1541 1055 Marcellini
1566 987 1766 1052 edicto

790 1072 1316 1155 respondentium.

256 1176 397 1233 Post
439 1176 772 1232 consulatum
816 1175 914 1230 viri
970 1173 1250 1229 clarissimi
1296 1171 1556 1237 Varanis,
1609 1185 1698 1226 vui
1741 1170 1845 1225 cal.

336 1246 452 1318 jun.
488 1246 671 1302 Flavio
698 1246 998 1318 Marcellino
1026 1243 1469 1318 viroAclarissimo
1490 1249 1544 1296 et
1572 1240 1846 1311 Spectabili

333 1313 550 1373 tribuno
579 1326 635 1373 et
666 1316 875 1371 notario
902 1357 917 1380 ,
955 1314 1259 1378 Januarius,
1291 1313 1611 1376 Primianus,
1648 1318 1703 1365 et
1739 1325 1847 1365 ca:-

338 1388 441 1444 teri
495 1389 715 1443 sincera:
755 1385 1170 1443 Christianitatis
1198 1384 1435 1457 episcopi
1477 1392 1534 1439 et
1572 1380 1848 1437 catholica:

338 1459 597 1515 veritatis.

336 1550 530 1605 Notum
558 1548 782 1603 iacimus
806 1548 1108 1604 Sinceritati
1132 1556 1255 1614 tua},
1287 1560 1386 1603 nos
1404 1544 1579 1602 edicto
1604 1552 1694 1600 tuo
1718 1557 1847 1602 con-

262 1629 488 1687 ventas,
516 1634 578 1674 es
608 1620 833 1690 diversis
871 1619 1113 1690 partibus
1144 1618 1334 1690 Arriae
1365 1614 1730 1690 convolantes,
1763 1616 1845 1690 in-

258 1685 481 1761 gressos
511 1690 671 1744 fuisse
697 1685 1069 1761 Carthaginem
1099 1705 1171 1744 xv
1194 1688 1281 1743 die
1308 1685 1650 1761 calendaruin
1672 1685 1849 1761 junia-

263 1755 386 1815 rum
416 1778 431 1813 :
464 1761 615 1830 cujus
641 1760 814 1814 nostri
849 1755 1107 1815 adventus
1129 1768 1185 1830 et
1207 1771 1397 1830 omnes
1424 1772 1558 1828 quos
1582 1755 1849 1830 Carthago

260 1832 503 1885 continet
530 1827 707 1885 testes
752 1838 907 1897 sunt,
950 1840 1005 1885 et
1034 1838 1121 1884 tua
1162 1827 1455 1883 Sinceritas
1483 1843 1587 1881 non
1619 1827 1844 1897 ignorat.

263 1901 435 1955 Tanta
483 1902 624 1956 enim
666 1900 764 1970 vis
784 1899 1131 1970 jurisjurandi
1162 1900 1235 1955 tui
1261 1897 1435 1970 edicto
1476 1905 1567 1970 tuo
1596 1912 1846 1967 expressa

261 1981 370 2035 est,
393 1980 451 2025 ut
472 1972 707 2040 exceptis
754 1968 835 2025 his
858 1968 993 2042 quos
1029 1970 1266 2024 adversa:
1296 1968 1626 2042 valetudines
1652 1982 1847 2037 corpo-

265 2058 384 2096 rum
414 2043 467 2095 in
494 2042 707 2095 sedibus
737 2040 987 2105 retinent,
1011 2049 1102 2095 aut
1129 2040 1386 2109 aegritudo
1415 2041 1468 2094 in
1500 2040 1580 2093 via
1603 2054 1850 2109 compree

265 2112 470 2173 bendit,
501 2127 600 2166 nec
628 2111 969 2181 gravissimos
1008 2108 1499 2181 senes’anuositas,
1531 2125 1629 2164 nec
1656 2108 1849 2181 prolixi

261 2182 473 2238 itineris
511 2179 660 2237 labor
700 2182 931 2251 potuerit
980 2181 1281 2251 prohibere.
1312 2180 1463 2249 Quod
1509 2195 1629 2234 cum
1676 2179 1847 2251 solum

257 2253 500 2309 edictum
533 2260 654 2307 ante
692 2249 908 2307 causam
938 2249 1237 2316 sufficeret;
1266 2252 1490 2307 alterum
1524 2264 1735 2320 quoque
1763 2249 1847 2303 di-

261 2332 459 2394 gnatus
487 2338 547 2378 es
576 2322 760 2388 edere,
788 2323 840 2376 in
871 2336 1113 2394 quocum
1142 2322 1305 2394 multa
1328 2335 1425 2376 nos
1446 2327 1720 2394 moveant,
1737 2328 1847 2374 tum

261 2390 533 2464 praecipue
554 2408 795 2463 magnam
812 2390 1222 2464 sollicitudinem
1251 2392 1397 2464 facit,
1416 2391 1555 2461 quod
1582 2406 1678 2444 nos
1708 2390 1850 2457 ipsos

263 2463 446 2521 edicto
490 2474 581 2518 tuo
632 2463 873 2533 epistolis
911 2463 1107 2518 nostris
1132 2463 1403 2533 astipulari
1442 2470 1849 2533 oporterecen-

258 2535 442 2600 suisti;
465 2549 585 2589 cum
614 2530 717 2589 hoc
743 2549 842 2589 nec
861 2548 976 2588 mos
1002 2530 1249 2600 publicus
1269 2530 1849 2599 habeat,necjudicum

258 2550 442 2600 suisu;
465 2550 585 2589 cum
616 2550 717 2589 noc
743 2550 842 2589 nec
861 2550 976 2588 mos
998 2550 1241 2658 Eunucus
1269 2550 1477 2599 naneat,
1499 2550 1600 2587 nec
1614 2550 1849 2599 juulcum

258 2604 617 2661 consuetudo.
645 2604 758 2671 Qua
789 2605 856 2658 de
899 2620 959 2659 re
998 2638 1017 2658 ι
1040 2604 1367 2658 inceritatcm
1401 2612 1541 2657 tuam
1566 2603 1849 2671 plurimum

258 2675 633 2737 exhortamur,
667 2684 724 2729 ut
748 2674 935 2743 prioris
957 2674 1113 2729 edicti
1137 2674 1240 2729 ﬁde
1261 2684 1489 2740 servata,
1511 2680 1731 2743 cunctos
1754 2686 1851 2725 nos

262 2745 333 2801 ad
362 2754 415 2800 te
439 2746 623 2800 venire
653 2742 959 2813 pra-cipias;
994 2754 1051 2800 ut
1078 2760 1235 2815 quam
1268 2745 1495 2814 primum
1534 2742 1601 2799 de
1629 2757 1852 2797 numero

264 2824 453 2871 nostro
472 2824 724 2878 constet,
768 2831 902 2885 quos
948 2814 1241 2870 adversarii
1292 2828 1487 2885 paucos
1539 2828 1659 2868 esse
1709 2827 1853 2885 saepe

261 2887 479 2941 mentiti
501 2896 660 2942 sunt:
692 2894 751 2939 ut
786 2884 891 2942 rite
915 2887 1162 2941 omnibus
1210 2884 1466 2939 ordinatis
1494 2899 1613 2953 quae
1654 2884 1853 2938 nostris

267 2958 506 3027 partibus
532 2964 877 3027 competunt,
920 2956 1233 3024 disceptatio
1256 2956 1638 3027 subsequatur;
1670 2969 1735 3008 ne
1763 2962 1854 3027 aut

264 3024 441 3082 edicta
469 3042 528 3082 se
555 3024 675 3081 tuai
694 3026 1028 3082 Sinceritatis
1055 3028 1381 3095 impugnent,
1413 3036 1505 3079 aut
1528 3026 1681 3079 nobis
1701 3024 1852 3094 quid-

267 3112 426 3167 quam
456 3097 793 3166 praejudicet,
836 3107 890 3150 ut
921 3111 1041 3151 cum
1082 3110 1268 3167 omnes
1302 3096 1484 3167 venire
1514 3095 1850 3167 praeceperis,

267 3164 473 3238 paucos
486 3164 624 3223 nunc
649 3167 836 3222 adesse
862 3167 999 3222 velle
1030 3166 1277 3238 videaris.
1305 3166 1417 3221 Hoc
1443 3167 1582 3221 enim
1622 3164 1776 3238 decet
1802 3174 1857 3220 et

270 3236 504 3308 expedit,
531 3247 587 3292 ut
610 3238 817 3293 cunctis
864 3236 1216 3308 prmsentibus
1256 3252 1537 3291 commune
1585 3236 1854 3308 negotium

271 3307 427 3377 pauci
454 3310 758 3379 loquantur.
799 3308 965 3377 Hujus
990 3307 1238 3379 Notoriae
1263 3322 1445 3376 parem
1474 3307 1613 3377 apud
1644 3322 1741 3361 nos
1769 3322 1855 3379 re-

272 3377 548 3434 tinuimus.
582 3380 646 3433 Et
665 3379 771 3433 alia
799 3395 951 3431 manu
979 3395 997 3431 :
1027 3377 1379 3431 lanuarianus
1412 3380 1699 3445 episcopus
1727 3377 1850 3431 sub-

275 3450 484 3518 scripsi.
512 3449 575 3504 Et
596 3451 698 3504 alia
720 3466 870 3502 manu
889 3448 1215 3505 :Primianus
1240 3448 1517 3517 episcopus
1544 3447 1853 3517 subscripsi.

274 3541 522 3604 Littera
558 3542 1054 3608 Catholicorum,
1109 3538 1311 3600 edicto
1341 3537 1707 3601 Marcellini
1754 3555 1859 3599 rc—

192 3628 193 3631 “
833 3619 1171 3700 spondenti
1176 3636 1299 3679 um.

269 3719 575 3776 Honorabili
599 3736 661 3775 ac
681 3720 1028 3775 dilectissimo
1049 3720 1161 3773 tilio
1180 3718 1297 3773 viro
1315 3716 1613 3772 clarissimo
1652 3724 1705 3771 et
1738 3731 1857 3782 spe.

346 3792 528 3847 ctabili
547 3791 757 3845 tribuno
784 3799 840 3845 et
867 3790 1073 3845 notario
1098 3790 1405 3843 Marcellino
1425 3830 1438 3853 ,
1469 3786 1729 3853 Aurelius,
1750 3786 1857 3843 Sil-

343 3877 513 3917 vanus
536 3871 594 3917 et
621 3862 849 3916 universi
882 3861 1116 3929 episc0pi
1152 3859 1424 3914 catholici.

343 3953 533 4008 Edicto
561 3951 977 4021 Spectabilitatis
1022 3960 1151 4016 tuac,
1183 3966 1289 4020 quo
1323 3959 1519 4021 nostra!
1551 3947 1861 4021 Collationis

270 4019 635 4094 tranquillitati
663 4022 934 4094 quietique
960 4019 1255 4094 servandm,
1289 4029 1341 4074 et
1386 4020 1591 4094 veritati
1615 4019 1860 4094 “manife-

275 4089 483 4149 standte
530 4089 935 4159 ntuniendazque
965 4091 1262 4145 consultum
1281 4091 1451 4153 cst,in
1484 4089 1730 4143 omnibus
1766 4105 1861 4145 nos

271 4163 598 4227 consentire,
623 4162 762 4215 sicut
789 4162 1079 4216 admonere
1102 4160 1347 4230 dignatus
1373 4174 1450 4224 es,
1477 4174 1569 4229 per
1598 4159 1859 4229 baslitte-

277 4250 364 4287 ras
395 4234 720 4297 intimamus,
753 4239 855 4285 etc.

340 4328 535 4371 Exstant
553 4322 679 4370 inter
698 4320 925 4383 Epistolas
944 4320 1321 4381 Augustiuiauas,
1341 4327 1457 4369 tom.
1470 4319 1518 4379 Ξ,
1541 4318 1861 4382 epistoltt128.

278 4423 534 4483 Litterae
578 4419 1047 4482 Catholicorum
1075 4419 1156 4480 ad
1182 4420 1628 4483 Marcellinum
1670 4420 1857 4487 dotte,

332 4499 559 4580 quibus
584 4500 647 4562 Ν
652 4500 868 4561 otoria:
896 4499 1375 4560 Donatistarum
1399 4500 1797 4579 respondent.

279 4599 584 4656 Honorabili
652 4614 714 4653 ac
751 4598 1095 4653 dilectissimo
1156 4596 1264 4653 lilio
1321 4599 1434 4652 viro
1476 4599 1772 4653 clarissimo
1814 4608 1867 4653 et

353 4670 629 4740 spectabili
672 4670 882 4724 tribuno
903 4679 956 4724 ct
992 4669 1199 4723 notario
1225 4669 1555 4740 Marcellino,
1594 4671 1862 4733 Aurelius,

345 4738 609 4807 Silvanus,
631 4750 685 4795 et
704 4740 930 4794 universi
960 4740 1194 4809 episc0pi
1223 4738 1504 4794 Catholici.

351 4832 569 4886 Multum
610 4845 709 4886 nos
751 4830 1007 4884 sollicitos
1033 4829 1264 4885 reddidit
1287 4830 1503 4884 Notoria
1553 4832 1633 4885 vel
1675 4832 1867 4886 littera:

282 4904 504 4958 fratrum
534 4910 836 4955 nostrorum
856 4941 870 4963 ,
904 4915 1038 4968 quos
1062 4900 1307 4968 cupimus
1333 4900 1398 4953 ad
1426 4900 1740 4955 catholicam
1771 4918 1866 4968 pa-

279 4989 398 5028 cem
425 4989 453 5025 a
485 4971 783 5041 perniciosa
828 4970 1167 5041 dissensione
1210 4971 1473 5041 converti,
1524 4970 1664 5039 quod
1692 4973 1867 5025 edicto

278 5036 581 5099 Nobilitaiis
612 5051 746 5104 tua),
772 5055 881 5109 quo
901 5041 1064 5107 ipsius
1093 5039 1465 5108 disputationis
1495 5036 1691 5093 nostra:
1723 5052 1867 5095 tran-

282 5113 525 5183 quillitati
577 5112 844 5182 quietique
893 5110 1509 5179 providisti,conscntire
1562 5112 1865 5178 noluerunt,

282 5193 388 5240 (⁵1.0.

343 5282 538 5325 Exstant
557 5273 634 5322 hae
657 5274 844 5322 litterae
879 5278 994 5321 tom.
1014 5270 1062 5331 2,
1088 5270 1290 5333 epistola
1313 5269 1420 5319 9.29.

284 5378 656 5440 Mandatum
681 5373 1173 5440 Catholicorum,
1201 5391 1321 5453 quo
1344 5381 1481 5453 tota
1502 5392 1687 5434 causa
1708 5392 1870 5435 com-

354 5457 662 5537 prehensa
702 5462 840 5537 est,
881 5462 975 5537 ΔεἰΔ
1011 5452 1220 5537 electis
1278 5452 1359 5514 ad
1406 5453 1870 5537 disputandum

364 5532 590 5627 septem
617 5532 923 5614 episcopis
951 5532 1243 5613 injuncta
1272 5540 1359 5593 est
1388 5532 1723 5596 Catholica
1769 5534 1870 5595 de-

395 5633 590 5675 εηειο.

365 5618 590 5696 (casio.

291 5717 415 5771 l‘ost
440 5715 773 5769 consulatum
798 5712 1020 5768 Varauis
1061 5712 1159 5768 viri
1206 5712 1504 5775 clarissimi.
1537 5728 1593 5768 Ill
1622 5714 1871 5770 calendas

356 5783 555 5857 iunias,
578 5784 877 5839 Mandatum
904 5782 1109 5857 factum,
1131 5784 1180 5838 in
1206 5783 1440 5838 Ecclesia
1456 5782 1869 5857 Carthaginiensi

359 5854 427 5914 ab
471 5856 721 5913 universo
764 5854 989 5911 concilio
1029 5854 1399 5926 episcoporum
1444 5854 1863 5926 Catholiciorum,

908 413 1270 471 EXCERPTA
1314 413 1401 468 AD
1442 406 1967 468 DONATISTARUSI
2012 411 2375 468 HISTORIA.“
2416 410 2890 467 PERTINENTIA.

2028 523 2343 590 prmsidcntc
2388 524 2601 579 Aurelio
2658 525 2909 594 episcopo
2961 522 3217 595 Ecclesia:
3261 522 3535 595 Carthagi-

2026 597 2224 660 nensis,
2258 606 2312 650 et
2333 594 2544 649 Silvano
2566 596 2792 665 primate
2819 594 3098 649 Numidiae.

2026 685 2074 738 i.
2103 684 2356 752 Quamvis
2382 701 2538 739 causa
2565 687 2812 741 Ecclesia:
2836 685 3109 741 catholica:
3137 685 3391 741 adversus
3420 701 3535 743 om-

1954 769 2051 828 nes
2091 755 2250 810 falsas
2287 757 2710 828 criminationes,
2761 758 2952 825 quibus
2997 772 3112 811 eam
3154 772 3532 828 usquequaque

1952 824 2195 898 dill‘usam
2223 825 2547 898 schismatici
2573 838 2628 883 et
2655 824 2891 882 ltzcretici
2915 844 3007 897 per
3035 842 3158 882 suas
3186 824 3423 898 quasque
3447 824 3534 884 rc-

1953 896 2138 964 giones
2165 897 2245 951 vel
2272 897 2566 968 provincias
2586 899 2668 953 vel
2698 898 2857 953 divisi
2887 896 3045 966 atque
3073 896 3302 968 separati
3331 896 3535 953 vanilo-

1954 967 2074 1036 quis
2092 976 2150 1039 _et
2167 967 2442 1039 sacrilegis
2469 969 2796 1039 insectatum
2820 968 3113 1034 erroribus,
3143 967 3295 1039 satis
3341 984 3532 1039 super-

1952 1051 2055 1107 que
2074 1036 2266 1094 divinis
2295 1036 2612 1094 testimoniis
2631 1037 2978 1103 defendatur;
3003 1039 3055 1093 in
3087 1038 3261 1093 Africa
3285 1036 3422 1095 vero
3439 1040 3534 1094 ad-

1953 1123 2140 1180 versus
2170 1109 2470 1180 Donatistas
2491 1111 2648 1180 etiam
2682 1109 3059 1165 ecclesiasticis
3081 1118 3241 1180 atque
3273 1111 3535 1179 imperiali

1950 1176 2171 1247 judicio,
2203 1179 2342 1235 sicut
2367 1179 2647 1248 oportebat
2679 1180 2761 1236 vel
2787 1195 3005 1239 necesse
3031 1176 3221 1247 fuerat,
3250 1176 3531 1235 territinata

1952 1248 2058 1302 sit:
2089 1257 2274 1320 tamen,
2294 1248 2415 1318 quia
2441 1248 2669 1319 idipsum
2698 1250 3003 1307 hominibus
3034 1250 3124 1320 qui
3157 1251 3258 1305 ista
3287 1252 3532 1307 nesciunt

1952 1332 2059 1388 quo
2080 1332 2177 1374 eos
2214 1319 2279 1374 ad
2306 1326 2559 1374 aeternam
2602 1320 2825 1377 salutent
2865 1319 3167 1376 christiana:
3209 1321 3490 1377 charitatis
3513 1324 3531 1353 ί

1953 1389 2321 1458 acquiramus,
2356 1391 2641 1445 instantius
2666 1391 3107 1446 manilcstandum
3145 1401 3303 1459 atque
3348 1392 3533 1447 decla-

1952 1460 2176 1531 randum
2202 1470 2285 1531 est
2302 1477 2327 1531 ;7
2350 1460 2547 1531 placuit
2592 1462 2744 1517 nobis
2782 1477 2847 1518 ex
2887 1462 2978 1517 Dei
3018 1463 3224 1517 Domini
3264 1462 3535 1517 voluntate

1952 1530 2005 1584 in
2033 1530 2169 1602 hanc
2187 1530 2624 1602 carthaginensis
2650 1531 2878 1588 civitatis
2902 1534 3191 1588 convenire
3228 1532 3528 1596 ecclesiam,

1951 1608 2005 1654 et
2024 1601 2222 1674 eligere
2250 1600 2472 1674 idoneos
2506 1600 2701 1674 fratres
2723 1603 3057 1674 collegasque
3082 1613 3316 1667 nostros,
3346 1603 3415 1674 ad
3442 1618 3533 1673 ge-

1951 1670 2171 1744 rendam
2203 1670 2361 1744 hujus
2384 1670 3082 1744 causardelensionequui
3111 1674 3335 1729 crimina
3363 1670 3535 1744 falsis-

1951 1742 2085 1795 sima
2120 1742 2370 1797 Ecclesiae
2405 1743 2705 1814 catholicae,
2736 1759 2856 1814 quae
2878 1742 3167 1810 toto,‘sicut
3194 1744 3264 1798 de
3286 1744 3370 1798 illa
3396 1742 3533 1799 divi-

1952 1825 2019 1865 na
2068 1820 2328 1867 testantur
2367 1812 2604 1883 eloquia,
2647 1812 2909 1870 terrarum
2957 1815 3087 1871 orbe
3129 1813 3463 1880 diffunditur,
3501 1829 3531 1867 a

1952 1883 2307 1955 parteponati
2331 1883 2535 1951 objecta
2556 1884 2894 1955 redarguam.

2022 1953 2076 2007 2.
2098 1953 2336 2024 Ecclesia
2366 1955 2561 2024 quippe
2597 1953 2815 2021 Christi,
2838 1956 3035 2011 sanctis
3063 1953 3300 2024 patribus
3337 1955 3535 2009 nostris

1954 2022 2201 2088 Abrahae,
2230 2022 2655 2095 lsaac’et‘Jacob,
2684 2034 2740 2081 et
2762 2028 2967 2095 populis
2996 2022 3241 2081 omnibus
3281 2040 3374 2094 per
3406 2026 3527 2079 imi-

1954 2094 2207 2164 tationem
2256 2093 2375 2149 lidci
2426 2095 2652 2164 posteris
2707 2093 2775 2149 ct‘
2806 2096 2927 2150 liliis
2966 2111 3152 2151 eorum
3186 2136 3202 2162 ,
3248 2093 3317 2149 ita
3353 2095 3531 2149 divina

1952 2172 2004 2219 et
2026 2163 2252 2218 veridica
2280 2179 2408 2219 voce
2429 2163 2688 2234 promissa
2716 2175 2818 2233 cst,
2843 2175 2897 2220 ut
2924 2166 3064 2220 nulla
3088 2165 3312 2220 humana
3340 2175 3392 2218 et
3419 2180 3533 2218 ma-

1954 2234 2119 2304 ledica
2152 2237 2320 2304 possit
2356 2251 2485 2294 voce
2511 2236 2772 2291 convinci.
2802 2237 2883 2291 Ad
2912 2236 3177 2291 Abraham
3204 2250 3430 2303 namque
3462 2235 3532 2287 ita

1953 2303 2160 2358 locutus
2183 2315 2263 2359 cst
2293 2306 2460 2359 Deus:
2496 2305 2599 2360 Per
2622 2323 2697 2359 me
2709 2308 2902 2374 juravi,
2933 2307 3053 2361 dicit
3103 2306 3353 2361 Dominus
3374 2348 3387 2369 ,
3418 2323 3535 2374 pro-

1954 2326 2160 2358 IUCIIIUS
2183 2326 2263 2359 (εει
2293 2326 2460 2359 treus:
2496 2326 2599 2360 ιἐΓ
2622 2326 2697 2359 me
2740 2326 2902 2373 uram,
2933 2326 3053 2361 arcu
3103 2326 3353 2361 uomtnus
3374 2348 3387 2369 ,
3418 2326 3533 2374 11ιό-

1954 2383 2062 2442 pter
2088 2375 2221 2447 quod
2248 2376 2411 2447 fecisti
2450 2376 2653 2429 verbum
2693 2326 2807 2444 b’oc,
2837 2388 2883 2430 et
2904 2394 3003 2431 non
3030 2377 3294 2447 pepercisti
3315 2378 3422 2444 ﬁlio
3448 2384 3533 2429 tuo

1953 2446 2297 2499 amantissimo
2318 2457 2522 2514 prapter
2564 2463 2660 2511 me,
2693 2447 2790 2501 nisi
2812 2447 3104 2502 benedicens
3134 2446 3421 2501 benedicam
3461 2457 3526 2509 te,

1953 2522 2001 2571 et
2021 2516 2274 2586 implendo
2313 2516 2526 2585 implebo
2554 2534 2719 2571 semen
2759 2527 2918 2585 tuum,
2943 2527 3183 2588 tanquam
3202 2518 3372 2571 stellas
3401 2517 3531 2581 coeli,

1953 2596 1999 2640 et
2021 2594 2258 2655 tanquam
2285 2601 2492 2639 arenam
2527 2603 2640 2657 qua:
2661 2604 2802 2641 secus
2826 2605 2967 2642 oram
2996 2589 3152 2642 maris
3182 2598 3290 2653 est;
3313 2598 3356 2640 et
3379 2588 3537 2641 Ita’re-

1954 2657 2159 2710 ditotem
2188 2657 2454 2717 possidebit
2479 2674 2645 2711 semen
2670 2668 2809 2711 tuum
2847 2660 3069 2713 civitates
3109 2658 3531 2717 adversariorum,

1953 2736 2004 2800 et
2041 2728 2393 2800 benedicentur
2418 2728 2469 2781 in
2495 2729 2680 2800 semine
2708 2737 2794 2800 tuo
2823 2746 2992 2784 omnes
3029 2738 3197 2800 gentes
3231 2730 3537 2800 tcrrq:,_quia

1955 2797 2204 2871 obaudiin
2250 2814 2417 2871 vocem
2461 2815 2621 2851 meam
2661 2799 2825 2871 (Gen.
2859 2816 2988 2863 xxu,
3031 2797 3252 2871 lli—l8).
3281 2798 3358 2852 Ad
3392 2797 3537 2871 Isaac

1954 2884 2163 2940 quoque
2191 2869 2286 2922 ista
2310 2869 2375 2923 de
2404 2868 2501 2923 hac
2520 2885 2575 2940 re
2598 2868 2754 2924 verba
2777 2879 2899 2924 sunt
2922 2869 3125 2925 Dontini
3150 2868 3408 2927 :S'tatuam
3426 2870 3534 2940 jus-

1946 2939 2229 3009 jurandum
2254 2955 2417 2993 meum
2434 2939 2572 3009 quod
2587 2941 2763 3010 jurovi
2789 2941 3041 2995 Abraham
3073 2941 3202 3010 patri
3230 2949 3335 3005 tuo,
3358 2950 3403 2994 et
3429 2957 3537 2991 am-

1958 3010 2125 3078 pliabo
2155 3026 2319 3064 sane):
2349 3019 2487 3063 tuum
2526 3020 2763 3076 tanquam
2786 3011 2957 3065 stellas
2995 3012 3127 3075 cadi,
3165 3021 3209 3064 et
3232 3012 3361 3065 dabo
3382 3010 3466 3064 tibi
3491 3020 3537 3062 ct

1957 3081 2133 3133 semini
2159 3091 2243 3133 tuo
2265 3096 2457 3133 onmem
2480 3091 2662 3133 terram
2686 3081 2835 3146 Itane,
2860 3091 2905 3135 et
2926 3082 3273 3135 benedicentur
3299 3082 3352 3134 in
3373 3082 3537 3133 nomi-

1959 3166 2022 3222 ne
2046 3158 2130 3203 tuo
2156 3166 2327 3203 omnes
2351 3161 2523 3222 gentes
2548 3160 2713 3217 terra‘,
2739 3168 2830 3219 pro
2859 3151 2938 3205 liis
2964 3168 3080 3221 qua:
3098 3151 3351 3205 oboudivit
3371 3150 3532 3204 Abru-

1960 3220 2076 3273 Itam
2110 3229 2252 3290 pater
2275 3220 2387 3274 tuus
2414 3237 2574 3274 meant
2611 3236 2798 3283 vocem,
2828 3231 2874 3276 et
2902 3224 3112 3276 servavit
3151 3232 3400 3291 prwcepta
3425 3238 3538 3275 inea

1960 3300 2005 3364 et
2033 3292 2261 3364 justitias
2302 3307 2435 3364 meas
2479 3301 2525 3344 et
2572 3291 2793 3364 legitima
2819 3310 2929 3346 mea
2955 3292 3073 3364 (Id.
3101 3308 3258 3364 ixxvt,
3284 3292 3419 3364 3-5).
3456 3292 3535 3364 Ad

1959 3360 2122 3416 Jacob
2146 3363 2305 3416 etiam
2337 3360 2578 3430 loquens.
2598 3364 2699 3415 hoc
2721 3361 2857 3418 idem
2882 3360 3218 3418 atteSIatioue
3242 3363 3536 3430 prmclaris-

1960 3432 2092 3486 sima
2122 3428 2436 3493 pollicetur}
2465 3428 2533 3485 Et
2558 3432 2648 3486 erit
2674 3448 2838 3486 semen
2866 3443 3004 3486 tuum
3029 3434 3155 3485 sicut
3177 3428 3331 3486 arena
3370 3442 3534 3493 terra,

1959 3511 2009 3557 et
2030 3501 2445 3569 multiplicobitur
2471 3518 2626 3571 supra
2648 3520 2785 3557 mare
2802 3513 2847 3557 et
2869 3504 2922 3557 in
2951 3504 3166 3571 africum
3192 3514 3240 3556 et
3270 3504 3318 3555 in
3341 3505 3513 3572 aquilo
3538 3534 3539 3537 η

1962 3588 2076 3625 nem
2102 3583 2148 3626 et
2176 3572 2244 3624 ad
2264 3572 2527 3637 orientem,
2548 3582 2595 3626 et
2638 3572 2988 3627 benedicentur
3026 3575 3075 3627 in
3106 3584 3152 3625 te
3175 3590 3343 3627 omnes
3384 3573 3539 3626 tribus

1964 3649 2110 3712 terra:
2137 3650 2181 3694 et
2207 3643 2582 3712 inseminetuo
2608 3644 2628 3712 (
2660 3640 2741 3695 Id.
2773 3659 2955 3709 xxvnt,
2986 3644 3091 3711 14).
3127 3642 3278 3698 Unde
3308 3642 3508 3711 praphe

1963 3717 2016 3764 ta
2064 3710 2225 3766 ISaias
2269 3710 2351 3765 his
2382 3711 2597 3764 vocibus
2618 3710 2940 3777 consonans,
2972 3710 3124 3767 istam
3155 3710 3443 3766 Ecclesium
3486 3713 3536 3766 in

1964 3780 2162 3850 Spiritu
2190 3790 2372 3834 sancto
2392 3781 2618 3833 futuram
2642 3782 2958 3851 praevidens,
2983 3784 3059 3836 sic
3083 3783 3397 3850 alloquitur:
3426 3780 3539 3836 ιω-

1964 3862 2090 3918 tore,
2134 3851 2335 3917 sterilis,
2363 3866 2474 3920 qua:
2499 3867 2598 3904 non
2635 3854 2808 3920 paris;
2831 3869 3036 3920 erumpe
3078 3862 3124 3906 et
3160 3852 3406 3916 exclama,
3429 3869 3542 3921 qua:

1965 3939 2065 3977 non
2087 3920 2326 3992 parturis,
2352 3922 2589 3992 quoniam
2627 3922 2770 3976 mulli
2807 3923 2901 3991 ﬁlii
2939 3922 3164 3989 deserta',
3190 3923 3351 3992 magis
3389 3939 3539 3991 quam

1965 3994 2073 4063 ejus
2089 3991 2206 4063 guto
2235 3991 2377 4044 habet
2402 3993 2584 4063 virum.
2620 3992 2907 4063 Dititenim
2944 3992 3191 4046 Dominus
3216 4008 3234 4045 :
3264 3991 3433 4046 Dilata
3460 3996 3508 4047 Io
3528 4027 3539 4034 -

1965 4062 2080 4116 cum
2108 4062 2522 4134 tabernaculiltui
2542 4104 2554 4124 ,
2599 4072 2647 4115 et
2683 4062 2919 4115 anlarum
2965 4072 3162 4117 tuarum
3188 4081 3207 4117 :
3234 4065 3333 4134 ﬁge
3376 4065 3537 4133 palos.

1966 4134 2071 4187 noli
2116 4148 2319 4200 parcere
2350 4174 2364 4197 ,
2418 4132 2594 4202 longos
2654 4135 2735 4203 [ac
2791 4134 3041 4201 {articulos
3106 4143 3215 4187 tuos
3245 4132 3350 4195 [ει
3378 4132 3542 4202 palos

1969 4214 2078 4257 tuos
2102 4203 2349 4269 conﬁrma
2384 4219 2401 4268 ;
2431 4206 2598 4255 adhuc
2620 4204 2670 4255 in
2700 4204 2955 4257 dexteram
3004 4214 3049 4257 et
3088 4205 3343 4258 sinistram
3372 4214 3541 4257 esten.

1967 4274 2100 4329 deris
2129 4314 2143 4338 ,
2189 4283 2235 4344 et
2282 4288 2446 4344 semen
2496 4283 2635 4344 tuum
2678 4283 2843 4344 gentes
2892 4274 3181 4343 possidebit,
3230 4284 3275 4327 et
3320 4276 3545 4329 civitates

1968 4344 2187 4398 desertas
2214 4343 2529 4397 in/tabitabis.
2585 4343 2686 4395 Ner
2711 4345 2903 4408 timeas,
2932 4346 3169 4413 quoniam
3214 4344 3545 4413 prtcvalcbis.‘

1968 4430 2145 4494 neque.
2171 4414 2385 4466 verearis
2428 4415 2577 4494 quod
2613 4414 2912 4494 detestabilis
2956 4415 3148 4494 fueris;
3192 4417 3546 4494 confusionem

1968 4485 2101 4538 enim
2126 4485 2178 4537 in
2204 4492 2445 4537 wtcrnum
2479 4486 2809 4551 oblivisceris,
2840 4486 3129 4550 ignominiae
3156 4486 3413 4540 viduitatis
3446 4497 3546 4539 tua:

1971 4556 2185 4636 noueris
2212 4557 2699 4636 memor-ignauiam
2720 4572 2810 4636 ego
2840 4555 3084 4636 Dominus
3100 4558 3184 4626 qui
3205 4558 3334 4636 facio
3356 4567 3419 4636 te.
3451 4554 3546 4636 Do-

1971 4626 2135 4678 minus
2175 4642 2352 4678 nomen
2380 4626 2487 4689 illi;
2519 4636 2564 4678 et
2607 4627 2692 4694 qui
2726 4626 2948 4680 liberavit
2970 4636 3016 4679 te
3042 4626 3176 4680 Deus
3206 4626 3407 4690 Israel,
3434 4626 3545 4679 uni-

1972 4712 2124 4749 versa:
2145 4705 2290 4748 terrm
2316 4695 2564 4766 vocabitur
2588 4694 2753 4765 (Isai.
2780 4712 2888 4761 LIV,
2923 4698 3064 4766 1-5).
3096 4697 3223 4750 Item
3250 4698 3353 4750 alio
3384 4700 3500 4751 loco
3529 4715 3541 4749 :

1976 4767 2037 4819 Iit
2065 4767 2326 4835 patefaciet
2357 4764 2603 4818 Dominus
2626 4766 2880 4818 brae/tium
2908 4764 3053 4819 suum
3082 4781 3310 4821 sanctum
3331 4768 3383 4820 in
3426 4783 3545 4820 con-

1973 4846 2141 4905 spectu
2180 4837 2523 4888 universarum
2564 4838 2802 4907 gentium,
2845 4848 2890 4890 et
2929 4839 3159 4891 videbunt
3184 4855 3359 4907 omnes,
3378 4846 3549 4907 gentes

1973 4922 2126 4978 usque
2153 4906 2221 4957 ad
2246 4907 2422 4978 intima
2464 4914 2624 4978 terrm
2653 4906 2863 4978 salutem
2889 4925 3000 4975 qum
3022 4928 3052 4960 ιι
3078 4908 3181 4961 Deo
3207 4919 3276 4961 est
3300 4906 3422 4978 (Id.
3453 4923 3544 4971 LII,

1978 4973 2083 5045 10).
2112 4976 2239 5029 IIem
2271 4975 2433 5029 dicit:
2470 4973 2625 5029 Ροεηὶ
2657 4986 2702 5029 te
2746 4977 2799 5031 in
2843 4973 3190 5032 testamentum
3237 4973 3451 5046 generis,
3494 4979 3546 5031 in

1974 5048 2135 5099 lucem
2177 5046 2424 5117 gentibus,
2470 5052 2524 5097 ut
2560 5049 2623 5099 sit
2663 5046 2801 5102 salus
2838 5066 2989 5117 usque
3024 5050 3075 5102 in
3107 5049 3231 5117 lines
3251 5057 3395 5103 terra:
3418 5050 3435 5117 (
3459 5048 3545 5100 Id.

1977 5133 2115 5178 uix,
2148 5116 2225 5185 (5).
2267 5116 2548 5187 Malacltias
2577 5117 2732 5171 etiam
2782 5116 3035 5187 propheta
3066 5118 3360 5187 pra-videns
3387 5116 3551 5173 sarri-

1976 5188 2151 5241 lieium
2180 5186 2329 5254 primi
2347 5186 2524 5256 populi
2548 5186 2893 5251 cessaturum,
2910 5199 2962 5241 et
2984 5186 3093 5242 toto
3117 5189 3245 5243 orbe
3269 5198 3545 5249 terrarum,

1975 5258 2024 5312 id
2047 5267 2144 5323 est,
2167 5273 2194 5310 a
2225 5258 2353 5311 solis
2377 5269 2493 5311 ortu
2519 5272 2683 5326 usque
2699 5258 2761 5311 ad
2781 5273 3045 5321 occasum,
3078 5269 3331 5313 aeternum
3352 5260 3554 5313 sacriﬁ—

1975 5332 2114 5410 cium
2140 5328 2433 5410 gloriiicatto
2457 5328 2507 5382 in
2534 5329 2778 5410 gentibus
2800 5329 3011 5410 nomine
3042 5329 3549 5410 Dominicclebrau—

1974 5400 2122 5464 dum,
2147 5397 2227 5452 ita
2272 5398 2504 5468 loquitur
2529 5397 2592 5451 ad
2622 5398 2832 5453 Judacos
2858 5416 2870 5453 :
2905 5397 3024 5452 Non
3073 5410 3143 5453 cst
3171 5402 3292 5453 mihi
3323 5401 3551 5454 voluntas

1976 5472 2028 5523 in
2055 5470 2213 5533 vobis,
2241 5469 2362 5522 dicit
2405 5468 2653 5523 Dominus
2675 5469 3007 5538 omnipotens,
3040 5480 3084 5524 et
3121 5472 3426 5539 sacriﬁcium
3456 5489 3555 5526 non

1976 5540 2220 5609 accipiam
2240 5540 2305 5593 de
2331 5540 2558 5593 manibus
2585 5540 2771 5610 vestris
2794 5555 2812 5593 :
2842 5542 3075 5610 quoniam
3107 5541 3167 5595 ab
3188 5553 3303 5596 ortu
3324 5542 3446 5597 solis
3466 5560 3554 5596 us-

1978 5626 2069 5684 que
2111 5611 2177 5663 ad
2215 5609 2800 5684 occasumclariﬁcatum
2832 5621 2906 5666 est
2935 5629 3113 5684 nomen
3158 5629 3322 5666 meum
3350 5614 3403 5668 in
3430 5630 3555 5684 gen-

1980 5681 2128 5744 tibus,
2173 5694 2218 5734 et
2256 5681 2308 5733 in
2329 5680 2464 5733 omni
2481 5680 2599 5750 loco
2633 5681 2888 5736 incensum
2920 5682 3129 5749 o/fertur
3148 5684 3335 5739 nomini
3357 5680 3485 5750 meo,
3512 5693 3559 5738 et

1977 5752 2279 5821 sacriﬁcium
2332 5749 2607 5816 mundum;
2648 5753 2884 5823 quoniam
2940 5772 3175 5827 magnum
3233 5766 3303 5809 cst
3381 5771 3560 5811 nomen

2047 5866 2060 5897 ι
2100 5863 2235 5925 Alias,
2267 5861 2528 5913 christiana
2552 5861 2797 5915 cltaritatc.

3436 416 3539 467 8‘23
3616 457 3627 470 .
