4026 6532
503 367 607 424 823

503 496 669 552 meum
689 480 1016 552 ingentibus,
1046 480 1166 535 dicit
1205 478 1450 535 Dominus
1476 480 1787 552 omnipotens
1809 479 1829 549 (
1849 479 2073 535 Malach.

503 565 544 612 ι.
566 550 655 616 l0,
679 549 790 623 ιηῖ
817 551 1073 623 Jeremias
1115 566 1326 623 quoque
1350 559 1535 623 gentes
1564 551 1632 623 ab
1659 558 1901 623 extremo
1926 560 2083 605 terra:

505 620 757 676 venturas
783 620 850 674 ad
889 620 1167 675 Dominum
1187 660 1202 684 ,
1242 620 1512 674 damnatis
1541 621 1944 685 simulacrorum
1988 634 2080 674 su-

503 690 923 759 perstitionibus,
939 690 1016 744 sic
1045 691 1312 758 praedicit:
1332 689 1566 756 Domine,
1594 692 1748 744 uirtus
1775 707 1884 744 mea
1919 698 1966 743 et
1990 690 2084 742 ad-

502 761 743 833 iutorium
768 776 931 833 ineunt
951 770 995 814 et
1024 761 1274 833 refugium
1308 777 1471 813 meum
1501 762 1553 813 in
1588 760 1669 813 die
1708 760 1957 833 malorum
1976 776 1995 824 ;
2015 759 2083 812 ad

506 830 553 885 te
580 840 748 900 gentes
794 831 985 900 venient
1029 831 1090 884 ab
1136 830 1354 884 extremo
1392 838 1554 900 terrm,
1597 840 1644 885 et
1685 830 1891 884 dicent:
1919 830 2083 894 Quam

507 899 640 971 falsa
684 899 1008 971 possederunt
1051 910 1216 971 patres
1258 899 1417 971 nostri
1455 900 1611 967 idola,
1635 910 1681 955 et
1721 917 1821 954 non
1849 901 1991 954 estin
2014 901 2084 954 eis

505 968 697 1041 utilitas
739 968 976 1041 (Jerem,
1005 968 1114 1033 xvi,
1151 970 1258 1040 19).
1305 970 1436 1036 Quia
1490 985 1617 1024 vero
1642 986 1766 1041 non
1819 970 1871 1024 in
1920 985 2082 1025 unum

506 1038 930 1109 aliquem'tcrrae
966 1040 1140 1095 locum
1172 1038 1236 1095 ex
1267 1041 1383 1094 aliis
1423 1041 1556 1095 locis
1593 1038 1658 1094 ad
1688 1040 1855 1094 Deum
1898 1048 2085 1110 gentes

450 1114 455 1118 ‘
507 1120 754 1165 venturas
775 1125 894 1165 esse
910 1110 1217 1178 praedictum
1231 1110 1431 1176 est,sed
1454 1110 1505 1164 iu
1530 1111 1661 1164 locis
1680 1110 1793 1165 suis
1809 1109 1929 1164 eum
1951 1109 2082 1164 ado-

511 1190 740 1246 raturas,
782 1181 833 1235 in
865 1195 1021 1249 quem
1062 1180 1325 1235 damnatis
1350 1179 1650 1234 simulacris
1678 1179 1884 1249 fuerant
1906 1179 2084 1235 credi-

509 1260 664 1320 tum,
714 1251 791 1306 sic
834 1248 1131 1320 SOplionias
1174 1250 1430 1319 propheta
1474 1259 1734 1304 testatur:
1788 1248 2084 1305 Pi'a'ualebit

507 1318 759 1375 Dominus
795 1318 1035 1374 adversus
1063 1318 1242 1387 eos,’et
1262 1318 1512 1389 disperdet
1534 1336 1705 1391 omnes
1725 1320 1844 1373 deos
1864 1320 2084 1391 gentium

510 1401 675 1455 terrm,
704 1400 749 1445 et
771 1391 1055 1462 adorabunt
1090 1407 1202 1462 eum
1224 1391 1562 1462 unusquisque
1581 1390 1643 1444 de
1673 1391 1781 1445 loco
1800 1390 1895 1462 suo
1914 1406 2085 1462 omnes

508 1463 692 1532 insula:
714 1462 933 1532 gentium
964 1459 1219 1532 (Sophon.
1248 1477 1305 1527 n,
1332 1459 1442 1532 lt).
1473 1459 1565 1515 llis
1586 1470 1743 1529 atque
1771 1460 1890 1514 aliis
1917 1460 2086 1514 multo

509 1530 748 1602 pluribus
789 1530 1103 1586 testimbniis
1129 1531 1283 1602 Legis
1300 1540 1353 1586 et
1378 1530 1763 1602 PrOplietarum
1799 1536 2086 1602 asserentig

510 1599 609 1656 bus
654 1600 947 1657 Ecclesiam
1006 1608 1118 1655 toto
1164 1599 1420 1656 terrarum
1450 1599 1578 1655 orbe
1620 1599 1864 1663 diffundi,
1890 1599 2083 1655 Psalmi

511 1672 671 1726 etiam
693 1671 854 1725 divini
880 1672 947 1725 ita
973 1672 1259 1727 concinnnt
1284 1689 1297 1725 :
1332 1670 1576 1742 Dominus
1609 1670 1737 1742 dixit
1762 1671 1829 1723 ad
1858 1686 1936 1724 me
1951 1669 2086 1742 .{lt'i-

510 1742 611 1796 lius
636 1758 775 1796 meus
803 1758 854 1796 es
883 1752 956 1808 tu,
978 1758 1070 1812 ego
1100 1742 1248 1796 hodie
1266 1743 1414 1811 genui
1426 1752 1490 1795 te.
1514 1740 1724 1795 Postqu
1740 1757 1770 1793 a
1787 1756 1882 1803 me,
1897 1751 1941 1794 et
1951 1739 2086 1794 dabo

511 1812 598 1866 tibi
651 1823 819 1883 gentes
861 1812 1200 1883 Itwreditatem
1245 1822 1418 1883 tuam,
1455 1822 1499 1883 et
1541 1812 1900 1883 possessionem
1951 1820 2088 1883 tuam

511 1880 751 1936 terminos
802 1880 1138 1951 terra:(Psal.
1188 1899 1244 1946 ιι,
1274 1883 1325 1944 7,
1373 1880 1448 1952 8).
1475 1880 1694 1952 ltcmin
1733 1881 1839 1952 alio
1886 1881 2089 1952 psalmo

509 1951 577 2007 de
601 1952 822 2008 Domino
849 1950 1062 2007 ChriSto
1093 1953 1144 2006 in
1173 1952 1337 2023 figura
1364 1950 1662 2008 salomonis
1690 1968 1703 2004 ε
1737 1950 2091 2023 Dominabitur

509 2038 555 2101 et
568 2025 696 2101 mari
725 2023 982 2101 usque‘od
1024 2039 1181 2101 mare,
1212 2022 1315 2101 et_a
1334 2023 1733 2101 [inutinenusque
1752 2023 1820 2074 ad
1854 2022 2089 2101 terminps

470 2110 475 2115 ·
515 2093 635 2161 ﬁnis
681 2091 844 2147 teme.
891 2091 1074 2147 Coram
1123 2094 1211 2146 illo
1240 2093 1465 2146 derident
1510 2091 1801 2161 Az'tltiopes,
1832 2102 1879 2145 et
1904 2092 2089 2145 inimici

510 2162 620 2232 ejus
647 2172 833 2217 terram
851 2163 1059 2233 litigent.
1086 2162 1245 2233 Reges
1274 2162 1480 2233 Tharsis
1505 2171 1550 2216 et
1575 2161 1754 2233 insula:
1779 2178 1984 2233 munera
2010 2166 2086 2232 of-

511 2231 692 2303 ferent,
723 2249 862 2303 rcges
891 2231 1111 2286 Arabum
1136 2231 1179 2287 et
1202 2232 1340 2288 Saba
1362 2232 1496 2286 dona
1516 2231 1800 2297 adducent;
1825 2241 1873 2285 et
1900 2231 2089 2303 adora-

512 2302 633 2373 bunt
658 2302 967 2357 enmomnes
1010 2319 1149 2373 reges
1187 2312 1349 2368 terrm,
1374 2318 1559 2373 omnes
1578 2310 1756 2373 gentes
1779 2302 1989 2373 servient
2016 2302 2091 2356 illi

512 2372 698 2443 (APsal.
724 2389 867 2439 Lxxt,
888 2374 975 2429 8-1
992 2375 1010 2428 l
1028 2370 1221 2443 )Iltcm
1246 2374 1297 2427 in
1319 2372 1422 2426 alio
1447 2370 1649 2441 psalmo
1674 2389 1691 2443 :7
1715 2370 1857 2425 Deus
1885 2372 2092 2425 deorum

510 2441 761 2497 Dominus
777 2444 970 2498 locutus
988 2441 1130 2509 est,et
1146 2444 1335 2497 vocavit
1357 2453 1539 2496 terram
1556 2458 1587 2494 a
1599 2442 1718 2511 solis
1734 2451 1844 2495 ortu
1859 2458 2010 2511 usque
2025 2443 2092 2495 ad

511 2528 743 2567 occasum
764 2530 783 2567 :
799 2529 861 2567 ea:
878 2513 1003 2568 Sion
1025 2514 1214 2582 species
1230 2513 1422 2566 decoris
1441 2514 1549 2582 ejus
1568 2510 1736 2583 (Psal.
1762 2527 1914 2579 ηις,
1930 2510 2089 2583 ιε).

584 2584 638 2639 3.
666 2584 952 2653 Propterea
999 2580 1112 2653 ipsi:
1159 2597 1366 2652 quoque
1395 2580 1651 2653 Dominus
1687 2580 1863 2649 Jcsus,
1891 2583 1979 2652 qui
2008 2580 2090 2638 lo-

511 2662 667 2709 cutus
694 2652 864 2709 fuerat
896 2652 1029 2707 ante
1062 2668 1159 2722 per
1184 2668 1275 2707 ora
1304 2652 2090 2723 Prophetarum,posteaquam

512 2723 804 2779 resurrexit
854 2739 883 2777 a
931 2725 1172 2788 mortuis,
1206 2723 1313 2792 jam
1359 2738 1452 2793 per
1476 2737 1537 2777 os
1560 2722 1834 2793 proprium
1862 2722 1939 2778 sic
1963 2736 2092 2793 pro-

515 2794 662 2848 misit
689 2793 1027 2848 Ecclesiam:
1078 2793 1373 2863 Uporlcbql,
1424 2793 1615 2862 inquit,
1670 2793 1872 2863 impleri
1923 2794 2093 2847 omnia

550 2880 628 2934 ua?
640 2866 827 2931 scripta
848 2874 964 2934 sunt
983 2865 1034 2917 in
1061 2861 1207 2934 Lege,
1228 2874 1272 2918 et
1301 2861 1586 2934 Prophetis,
1603 2872 1652 2917 et
1674 2861 1896 2934 Psalmis
1916 2865 2089 2918 deme.

564 2936 662 2988 'unc
689 2935 886 3003 aperuit
915 2933 1017 2987 illis
1045 2933 1268 3001 sensum,
1309 2943 1362 2986 nt
1399 2933 1730 3004 intelligerent
1778 2933 2092 3004 Scripturas,

516 3013 579 3076 c_t_
613 3005 742 3076 dixit
785 3006 893 3059 eis:
925 3005 1056 3072 Quia
1103 3004 1175 3056 sic
1224 3004 1464 3074 scriptum
1512 3015 1605 3076 est,
1652 3012 1699 3076 et
1744 3005 1814 3076 sic
1838 3008 2093 3076 Oportebat

515 3074 770 3130 Christum
798 3076 922 3144 pati,
954 3083 999 3127 et
1019 3090 1274 3143 resurgere
1296 3091 1327 3126 a
1354 3075 1564 3127 mortuis
1592 3075 1735 3127 tertia
1763 3074 1931 3140 die,'et
1955 3091 2089 3143 pra:-

516 3145 676 3198 dicari
700 3146 751 3198 in
781 3144 980 3197 nomine
1007 3145 1115 3213 ejus
1158 3145 1498 3215 pmnitentiam
1525 3153 1569 3197 et
1600 3145 1944 3215 remissionem
1973 3162 2092 3215 pec-

515 3225 743 3285 catorum
790 3229 878 3285 per
913 3230 1082 3285 omnes
1108 3223 1305 3284 gentes,
1349 3213 1700 3285 incipientibus
1725 3213 1785 3265 ab
1811 3213 2095 3285 Jerusalem

547 3284 670 3338 Luc.
727 3283 891 3351 xxiv,
941 3284 1128 3354 44-47)
1158 3301 1197 3354 _:
1249 3291 1499 3354 tanquam
1556 3283 1685 3354 illud
1734 3284 2091 3354 testimonium

561 3353 749 3420 salmi,
789 3355 927 3425 quod
972 3352 1392 3425 recentissimum
1423 3353 1717 3423 posuimus,
1762 3352 1937 3407 verbis
1978 3355 2096 3409 aliis

516 3423 826 3494 exponeret.
853 3423 982 3479 Nam
1006 3423 1145 3494 quod
1174 3424 1244 3477 ibi
1273 3424 1499 3494 positum
1542 3430 1643 3494 est,
1683 3425 1872 3477 uocauit
1913 3434 2094 3478 terram

517 3492 691 3548 asolis
719 3505 832 3548 ortu
868 3492 1119 3562 usquead
1144 3509 1406 3564 occasum;
1448 3492 1550 3548 hoc
1584 3493 1837 3548 Dominus
1872 3494 1964 3559 ait,
2010 3512 2096 3564 per

518 3580 687 3619 omnes
712 3574 879 3635 gentes
906 3578 924 3635 ς
949 3574 998 3619 et
1025 3563 1255 3635 quodpibi
1282 3564 1509 3635 positum
1537 3571 1639 3635 est,
1662 3564 1874 3635 e:c_Sion
1892 3567 2094 3635 species

518 3632 883 3705 decoris'ejus;
907 3633 1010 3689 hoc
1030 3632 1284 3705 Dominus
1302 3634 1413 3705 ait,
1462 3632 1811 3705 incipientibus
1848 3634 1911 3687 ab
1939 3633 2094 3689 Jeru-

517 3702 694 3758 salem.
724 3702 853 3772 Quis
874 3706 1013 3759 enim
1041 3704 1241 3758 neseiat
1258 3703 1383 3758 Sion
1404 3711 1458 3758 et
1481 3702 1774 3758 Jerusalem
1793 3719 1948 3757 unam
1977 3719 2096 3760 esse

518 3774 806 3832 civitatem.
836 3775 976 3829 unde
1012 3774 1173 3843 cmpit
1211 3775 1386 3843 passio
1433 3781 1488 3828 et
1525 3774 1845 3828 resurrectio
1891 3774 2095 3828 Domini

519 3844 643 3898 Jcsu
673 3845 865 3899 Christi
896 3861 991 3913 per
1013 3845 1195 3898 orbem
1226 3853 1485 3898 terrarum
1531 3844 1737 3913 populis
1780 3844 2096 3899 mandandis

520 3925 680 3984 atque
732 3915 995 3968 salvandis
1051 3914 1409 3984 illustrissimo
1465 3915 1732 3982 praeconio
1783 3915 2097 3984 praedicari?

520 3983 748 4066 Droiiide
785 3993 840 4039 et
879 3997 1199 4066 ascensurus
1241 3983 1294 4037 in
1345 3983 1904 4066 cmlum,__pi‘ovidens
1956 3986 2099 4040 unde

520 4054 746 4109 fuissent
770 4057 1011 4109 carnales
1036 4054 1279 4108 homines
1308 4068 1405 4122 pro
1432 4056 1542 4109 suis
1566 4053 1913 4109 divisionibus
1938 4063 1991 4109 et
2013 4070 2098 4110 se-
2146 4068 2155 4077 '

519 4125 885 4194 parationilms
913 4125 1181 4194 litigatori,
1208 4138 1331 4178 cum
1356 4125 1690 4194 qumsiisscnt
1717 4124 1955 4193 discipuli
2000 4141 2097 4179 an-

521 4195 639 4250 dire
677 4197 744 4249 ab
786 4211 851 4249 cn
883 4194 1079 4264 aliquid
1124 4194 1190 4249 de
1233 4194 1339 4265 line
1381 4196 1557 4249 smculi
1591 4212 1604 4247 :
1636 4194 1758 4248 Non
1784 4205 1876 4260 est,
1907 4195 2095 4265 inquit,

518 4275 733 4319 uestrum
755 4267 882 4319 scire
902 4263 1127 4335 tempora
1149 4280 1261 4334 qua:
1286 4263 1438 4318 Pater
1457 4265 1619 4335 posuit
1641 4265 1691 4318 in
1711 4281 1803 4319 sua
1823 4263 2098 4334 potestate;

520 4335 609 4388 sed
646 4336 907 4406 accipietis
944 4336 1170 4406 virtutem
1212 4335 1663 4406 Spiritusisancti,
1710 4345 1755 4389 et
1797 4336 1934 4406 eritis
1977 4337 2101 4389 mihi

522 4415 667 4458 testes
704 4406 757 4457 in
780 4403 1063 4458 Jerusalem
1090 4415 1135 4458 et
1163 4406 1214 4457 in
1254 4403 1408 4458 totam
1438 4405 1670 4459 Juda’am
1705 4416 1751 4459 et
1788 4405 2096 4473 Samariam,

522 4484 567 4527 et
595 4489 751 4545 usque
773 4475 825 4527 in
858 4485 1012 4545 totam
1040 4484 1221 4528 terram
1254 4475 1388 4543 (Aet.
1418 4491 1456 4540 ι,
1481 4476 1534 4541 7,
1562 4475 1641 4545 8).
1685 4474 1832 4530 Hanc
1866 4478 2095 4530 auctori-

522 4544 686 4599 tatem
726 4544 1010 4614 magisterii
1051 4545 1285 4598 cmlcstis
1321 4545 1504 4614 secuti
1530 4544 1771 4613 Apostoli
1812 4546 2099 4602 Ecclesiam

520 4612 1009 4686 commendantAin
1075 4613 1432 4686 toto__mundo
1484 4612 1887 4686 fructificantem
1942 4627 2101 4686 atque

521 4693 850 4755 crescentem
872 4682 1084 4755 (Coloss.
1116 4699 1154 4749 ι,
1185 4683 1240 4755 6)
1271 4692 1362 4738 :et
1395 4699 1461 4755 ne
1489 4685 1626 4755 sein
1657 4695 1834 4753 partes
1865 4682 2100 4741 membra

521 4752 720 4825 Christi
751 4770 845 4825 per
882 4754 1154 4825 hominum
1183 4752 1393 4808 nomina
1424 4752 1693 4820 dividant,
1734 4757 1802 4809 ita
1839 4757 2098 4825 carnales,

520 4825 608 4891 qui
638 4823 763 4893 jam
791 4824 892 4878 hoc
929 4823 1100 4879 facere
1128 4834 1419 4896 coeperant,
1453 4826 1736 4896 Apostolus
1772 4828 2052 4895 alloquitur
2085 4823 2099 4881 ὲ

525 4895 743 4950 Obsecro
781 4912 901 4960 vos,
950 4896 1159 4963 fratres,
1203 4895 1292 4963 per
1329 4911 1507 4949 nomen
1553 4895 1757 4950 Domini
1787 4898 1942 4951 nostri
1978 4896 2102 4952 Jesu

520 4966 745 5033 Christi,
790 4974 845 5018 ut
896 4966 1115 5030 idipsum
1171 4965 1349 5019 dicatis
1404 4982 1611 5032 omnes,
1662 4977 1708 5020 et
1758 4984 1857 5021 non
1903 4968 2003 5022 sint
2050 4970 2101 5022 in

520 5036 657 5088 vobis
709 5037 979 5090 schismata
1004 5078 1017 5101 ,
1063 5036 1171 5090 sitis
1222 5046 1388 5106 autem
1431 5038 1638 5106 perfecti
1674 5038 1726 5090 in
1767 5038 1938 5091 eodem
1986 5055 2100 5091 sen-

520 5122 579 5159 su
633 5115 678 5158 et
723 5107 775 5159 in
820 5107 993 5159 eadem
1029 5107 1288 5159 sententia.
1340 5105 1644 5159 Nuntiatum
1678 5108 1809 5160 enim
1851 5117 1923 5161 est
1957 5110 2100 5173 mihi,

524 5182 735 5245 fratres,
789 5177 852 5228 ab
901 5177 978 5230 his
1037 5177 1122 5245 qui
1179 5186 1296 5230 sunt
1349 5175 1545 5241 Cltloes,
1602 5179 1719 5245 quia
1767 5179 2103 5232 contentiones

520 5255 635 5299 sunt
669 5247 720 5317 in
745 5245 899 5318 vobis,
944 5256 988 5318 et
1028 5247 1364 5315 unusquisque
1386 5255 1600 5318 vestrum
1639 5247 1799 5310 dicit,
1848 5247 1957 5318 Ego
1990 5250 2103 5311 qui-

524 5331 634 5369 dem
672 5316 784 5369 sum
833 5314 1022 5387 Pauli;
1066 5332 1164 5387 {go
1203 5314 1370 5369 autem
1396 5315 1587 5387 Apollo
1607 5332 1626 5379 ;
1655 5333 1743 5387 ego
1765 5333 1877 5371 vero
1894 5314 2102 5387 Cephea;

523 5404 614 5457 ego
635 5386 1027 5489 autethhristi.
1049 5383 1257 5489 Biuisus
1279 5396 1350 5489 egi
1379 5383 1648 5441 Christus?
1678 5383 1942 5489 Nnmlquidl
1969 5383 2104 5441 Pau-

525 5473 604 5489 ..ιο
629 5472 720 5489 αις-ιι
740 5471 800 5489 ους
840 5458 877 5489 ’ρ
905 5458 1040 5489 Ala-uno.
1083 5472 1174 5489 meo
1215 5464 1286 5489 οεο
1371 5465 1457 5489 nul
1492 5456 1543 5489 δη
1583 5458 1782 5489 «nn-inn
1859 5475 1918 5489 ι...
1942 5460 1960 5489 ἒ
1990 5460 2103 5489 Mn.

524 5456 604 5510 .us
628 5472 720 5525 pro
740 5457 883 5525 vobis
903 5456 1174 5525 cruciﬁxus
1213 5456 1329 5509 est?
1369 5465 1457 5508 aut
1492 5456 1543 5509 in
1583 5458 1782 5511 nomine
1805 5456 1960 5512 Pauli
1987 5460 2104 5512 estis

524 5524 766 5597 θηρήιαιὶ
790 5526 831 5595 (l
857 5524 974 5581 Cor.
1004 5524 1047 5592 i,
1078 5526 1145 5581 10
1174 5526 1301 5593 15)?
1331 5525 1481 5582 Unde
1507 5536 1561 5580 et
1586 5527 1737 5597 istos.
1764 5537 1945 5581 contra
1968 5544 2100 5597 quo-

519 5594 638 5650 rum
681 5594 918 5652 errorem
962 5605 1016 5650 et.
1064 5611 1160 5665 pro
1198 5610 1425 5665 quorum
1462 5594 1876 5652 salute'nomine
1906 5594 2101 5653 Christi

524 5668 777 5739 elegimus
820 5667 910 5736 qui
940 5681 1136 5739 eorum
1186 5666 1644 5739 criminationibus
1668 5667 1824 5739 falsis
1853 5670 2103 5739 vanisque

527 5738 897 5804 reSpondeant,
936 5738 986 5791 in
1028 5738 1383 5792 Sacrameutis
1416 5738 1612 5793 Christi
1658 5737 1848 5793 fratres
1891 5737 2102 5795 nostros

525 5808 877 5878 agnoscimus,
899 5824 997 5864 nec
1013 5823 1194 5864 eorum
1215 5808 1542 5863 detestamur
1565 5812 1983 5879 perversitatem,
2008 5812 2098 5868 sed

1945 368 2305 426 APPENDIX.

2148 1591 2153 1595 ,
2189 1543 2372 1584 eorum
2402 1530 2797 1585 criminationes
2836 1528 3226 1599 redarguendas
3249 1528 3299 1586 el

3620 366 3724 435 3:24

2178 477 2287 553 ipsa
2309 474 2505 531 Christi
2535 479 2874 553 bjacramenta
2902 480 2953 553 in
2979 481 3057 537 eis
3078 481 3454 553 approbamus,
3479 492 3534 540 et
3553 489 3744 542 rescin-

2212 561 2301 601 ere
2325 560 2431 600 non
2466 547 2742 624 audemus.
2772 547 3272 624 Meniinitnus'énim
3303 568 3398 623 per
3437 547 3752 624 prophetam

2176 631 2297 704 esse
2320 627 2641 704 prmpeptum
2666 635 2678 671 :
2706 619 3020 704 Audite,_qui_
3041 624 3251 704 pavetis,
3281 619 3481 704 verbum
3508 619 3750 692 Domini,

2176 685 2345 766 dicite,
2394 685 2607 742 Fratres
2648 691 2806 743 nostri
2834 685 2976 766 estis1
3000 685 3086 766 his
3101 694 3189 766 qui
3213 685 3299 747 uos
3328 695 3562 766 oderunt,
3592 707 3640 750 et
3667 685 3754 766 qui

2177 771 2262 810 vos
2289 757 2634 837 detestantur;
2656 768 2711 813 ut
2732 777 2909 837 nomen
2935 757 3141 837 Domini
3170 757 3560 837 honor-ilicetur
3576 776 3645 837 et
3662 757 3755 837 rip-

2178 836 2351 907 ραι-θαι
2376 828 2479 907 illis
2502 829 2555 882 in
2575 830 2899 907 jucunditate
2946 833 3095 907 (lsai.
3116 849 3270 907 _vat,
3304 828 3370 902 Β)
3390 853 3516 907 Αεεε.
3540 828 3755 907 ἰΧΧ).

2176 897 2293 971 Jam
2321 898 2463 971 quod
2492 897 2754 969 sequitur,
2788 902 2888 971 ipsi
2921 897 3022 956 sibi
3052 897 3338 960 salubriter
3358 897 3570 969 'dicant,
3599 908 3684 962 vel
3709 897 3759 961 'a

2176 966 2440 1041 Propheta
2470 966 2645 1039 potius
2686 966 2843 1041 quam
2886 987 2919 1027 a
2963 973 3118 1029 nobis
3145 974 3248 1030 hoc
3270 975 3507 1031 audiant.
3534 966 3643 1033 Nos
3675 978 3760 1033 le-

2177 1037 2323 1122 xiora
2351 1037 2597 1106 dicimus,
2630 1037 2896 1122 tit—pacem
2926 1043 3101 1113 potius
3136 1060 3258 1122 cum
3288 1049 3565 1113 correctis,
3596 1063 3762 1117 quam

2178 1105 2323 1180 litem
2347 1122 2467 1164 cum
2495 1105 2760 1180 perversis
2801 1105 3112 1170 liabe'amus.
3152 1114 3369 1171 Fratres
3392 1105 3761 1173 nostros-esse

2179 1177 2427 1258 dicimus,
2460 1177 2517 1234 ui
2545 1196 2742 1258 nomen
2776 1182 2987 1238 Domini
3031 1183 3441 1258 bonorificetur;
3490 1187 3579 1258 qui
3636 1186 3761 1242 ideo

2179 1263 2278 1302 nos
2304 1248 2534 1304 oderunt
2553 1260 2607 1306 et
2626 1252 2977 1319 detestantur,
3001 1264 3056 1309 et
3077 1270 3197 1311 esse
3221 1257 3410 1311 fratres
3428 1248 3647 1312 nostros
3669 1272 3761 1312 nec

2178 1326 2325 1396 gant,
2346 1321 2480 1396 quia
2520 1336 2719 1396 nomen
2769 1322 3042 1378 hominum
3074 1326 3141 1379 ab
3166 1327 3244 1383 eis
3274 1327 3441 1394 magis
3465 1342 3625 1396 quam
3655 1328 3735 1383 Do
3756 1356 3774 1364 -

2190 1390 2316 1444 mini
2346 1389 2744 1444 honorificatur.

2260 1461 2314 1514 4.
2356 1459 2433 1513 Ae
2460 1474 2551 1528 per
2578 1458 2678 1513 hoc
2700 1458 2901 1513 fratres
2916 1468 2970 1530 et
2997 1458 3297 1530 eoepiscopi
3326 1460 3513 1523 nostri,
3535 1474 3673 1530 quos
3696 1461 3766 1514 ad

3373 1530 3508 1585 imus
3525 1571 3542 1593 ,
3588 1531 3641 1585 in
3670 1532 3774 1585 hac

2190 1598 2483 1654 Collatione
2506 1614 2622 1669 qua:
2661 1614 2781 1654 cum
2812 1598 2889 1669 eis
2920 1599 3155 1654 habenda
3179 1609 3278 1664 est,
3315 1598 3604 1656 Ecclesiam
3644 1615 3772 1655 san-

2190 1678 2327 1723 ctam
2351 1668 2605 1724 adversus
2632 1683 2816 1724 eorum
2840 1668 3045 1737 objecta
3075 1669 3379 1724 defendant.
3409 1670 3597 1724 Dicunt
3622 1671 3770 1724 enim

2190 1740 2328 1811 quod
2371 1739 2487 1811 haec
2528 1739 2796 1811 Ecclesia,
2841 1754 2999 1808 quam
3027 1740 3094 1811 in
3133 1739 3270 1811 Lege
3307 1750 3361 1795 et
3395 1739 3678 1811 Proplietis
3715 1751 3774 1795 ct

2193 1809 2416 1864 Psalmis
2453 1810 2755 1878 accepimus
2779 1809 3225 1891 prmuuptiatatn,
3250 1826 3410 1891 opera
3433 1812 3447 1841 ¹
3477 1809 3775 1891 _Salvato_ris

2192 1894 2495 1950 expressam
2531 1890 2584 1935 et
2608 1878 2862 1949 sanguine
2890 1878 3238 1948 redemptam,
3276 1878 3651 1950 Apostolorum
3695 1880 3773 1934 la-

2193 1949 2409 2020 boribus
2436 1950 2833 2020 disseminatam
2856 1958 3015 2019 atque
3043 1949 3351 2020 plautatani,
3394 1950 3771 2020 incipientibus

2192 2019 2261 2075 ab
2287 2020 2578 2075 Jerusalem
2605 2061 2620 2085 ,
2658 2020 2746 2074 ubi
2792 2019 2857 2090 in_
2885 2019 3096 2075 centum
3137 2021 3320 2090 viginti
3359 2019 3563 2075 animas
3611 2021 3771 2076 simul

2192 2098 2540 2161 congregatas
2579 2097 2797 2161 sanctus
2835 2088 3064 2161 Spiritus
3110 2088 3273 2158 venit,
3308 2104 3521 2161 eosque
3552 2091 3604 2145 in
3635 2104 3775 2161 quos

2193 2162 2339 2232 venit
2363 2160 2553 2232 linguis
2577 2160 2858 2232 omnibus"
2880 2160 3114 2232 gentium
3136 2161 3276 2230 loqui
3299 2160 3524 2226 faciens,
3546 2160 3774 2232 eviden-

2195 2230 2399 2287 tissimo
2426 2229 2577 2301 signo
2603 2230 2784 2285 docuit
2812 2229 3103 2301 Ecclesiam
3120 2229 3229 2301 per
3255 2245 3441 2286 omnes
3471 2229 3776 2301 gentcsfu-

2195 2308 2387 2367 turam,
2413 2300 2687 2371 et’lingnis
2713 2300 2948 2355 omnium
2987 2300 3222 2371 gentium
3260 2300 3554 2357 locuturam
3583 2318 3599 2355 :
3634 2300 3775 2355 hanc

2194 2385 2322 2441 ergo
2351 2371 2665 2438 Ecclesiam,
2693 2386 2810 2496 quin
2838 2371 2939 2425 isto
2964 2371 3142 2437 modo,
3173 2380 3233 2426 ut
3262 2371 3570 2442 prmdictum
3593 2379 3650 2426 et
3674 2371 3777 2425 im-

2195 2442 2392 2496 nlelum
2436 2450 2547 2496 est.
2593 2442 2660 2496 ab
2729 2442 2987 2496 erusalcm
3028 2442 3252 2496 sumpsit
3288 2441 3582 2496 exordium.
3612 2450 3777 2496 atoue

2195 2442 2392 2522 pictum
2435 2450 2547 2522 est,
2593 2442 2660 2522 ab
2695 2441 2987 2522 Jerusalem
3028 2441 3582 2522 sumpsitexordiutn,
3612 2450 3777 2522 atque

2195 2510 2319 2566 inde
2345 2526 2404 2566 se
2434 2512 2485 2566 in
2512 2511 2748 2567 Judmam
2786 2520 2840 2566 et
2866 2510 3161 2567 Samariam
3185 2512 3420 2581 aliasque
3444 2511 3588 2575 orbis
3616 2510 3776 2567 terra:

2217 2591 2376 2664 iarles
2400 2582 2776 2664 Apostolorum
2800 2580 3183 2664 praedicatione
3199 2580 3429 2663 diffudit,
3449 2582 3513 2663 'in
3540 2596 3772 2664 quomm

2241 2652 2407 2708 ittcris
2429 2660 2588 2722 atque
2614 2652 2833 2722 Actibus
2862 2652 3102 2707 civitates
3138 2661 3191 2706 et
3230 2652 3523 2721 provincias
3566 2652 3773 2722 inveni-

2196 2737 2317 2793 mus
2342 2721 2731 2793 longeilathne
2758 2721 3053 2788 distentas,
3083 2725 3155 2793 Ain
3185 2737 3318 2793 quas
3344 2737 3461 2793 eam
3499 2721 3614 2777 suis
3653 2735 3772 2791 spc-

2195 2792 2354 2848 ciosis
2384 2791 2615 2864 pedibus
2628 2791 2966 2864 invexerunt,
2990 2791 3130 2864 unde
3155 2791 3279 2864 etin
3310 2792 3542 2864 Africam
3568 2806 3774 2864 cresce-

2197 2873 2312 2929 ret;
2346 2861 2500 2931 lianc,
2526 2872 2583 2918 ut
2610 2862 2861 2926 diximus,
2889 2862 3179 2918 Ecclesiam
3219 2862 3401 2931 dicunt
3441 2863 3549 2929 isti,
3589 2861 3774 2917 contra

2196 2949 2421 3004 quorum
2449 2930 2930 3004 erroremeollcgis
2949 2933 3166 3004 _uostris
3189 2930 3552 3004 Collationcm
3587 2931 3773 3004 defen-

2197 3001 2506 3073 sionemque
2546 3001 2894 3069 mandamus,
2936 3001 3202 3058 Cmeiliani
3236 3004 3469 3072 episcopi
3506 3001 3775 3072 quondam

2198 3075 2627 3144 Carthaginiensis
2653 3073 2907 3128 Ecclesia:
2933 3082 2988 3128 et
3011 3074 3275 3128 sociorum
3302 3073 3415 3142 ejus
3445 3073 3626 3144 uescip
3652 3073 3771 3144 qui:

2198 3146 2295 3200 bus
2323 3142 2555 3215 peccatis
2579 3144 2799 3214 periisse
2825 3144 3104 3215 pollutam,
3134 3151 3292 3213 atque
3323 3145 3374 3196 in
3407 3151 3555 3213 parte
3584 3142 3775 3215 Donati

2198 3216 2312 3284 ejus
2326 3213 2589 3285 reliquias
2616 3216 2956 3285 remansisse.
2987 3213 3134 3285 Hane
3165 3228 3353 3285 vanam
3378 3224 3432 3269 et
3458 3213 3772 3285 sacrilegam

2198 3282 2619 3340 criminationem
2653 3283 2729 3351 hi,
2759 3283 2950 3352 quibus
2977 3282 3310 3350 mandamus,
3340 3282 3412 3337 ita
3453 3282 3777 3353 redarguam

2198 3365 2251 3410 et
2291 3354 2554 3422 refellant,
2599 3364 2658 3409 ut
2695 3353 2939 3423 primitus
2980 3353 3234 3409 Ecclesia:
3276 3368 3489 3408 causam
3532 3368 3561 3405 a
3613 3368 3772 3416 causa

2235 3426 2548 3480 uorumdam
2595 3424 2868 3478 hominum
2899 3423 3237 3494 distinguant
3264 3432 3420 3493 atque
3448 3423 3772 3494 discernunt.

2235 3442 2548 3480 uorumuam
2595 3442 2868 3478 nominum
2914 3442 3237 3494 (llSllllgllalll.
3264 3442 3420 3493 atque
3448 3442 3772 3478 OISCCl'ﬂalll.

2197 3442 2454 3563 Eueniam
2482 3495 2715 3551 Ecclesia
2742 3493 3033 3564 permixtos
3059 3495 3226 3549 malos
3255 3494 3493 3548 habitura
3524 3492 3775 3563 prtedicta

2199 3575 2299 3633 est,
2329 3579 2605 3636 quousque
2623 3565 2821 3636 messis
2845 3573 3083 3636 tempore
3110 3579 3139 3618 a
3167 3564 3339 3636 tritico
3366 3564 3565 3636 zizania
3594 3578 3774 3636 scgre:

2199 3632 2408 3705 geritur,
2439 3632 2533 3690 vel
2553 3651 2582 3689 a
2613 3634 2891 3705 frumentis
2921 3632 3069 3705 palea
3095 3634 3342 3689 ventilata
3372 3632 3617 3705 discedat
3636 3632 3773 3705 ,7ch

2200 3703 2327 3762 aves
2350 3707 2417 3761 ad
2446 3706 2739 3766 dexteram,
2768 3704 2904 3759 laedi
2931 3704 2996 3759 ad
3034 3704 3325 3770 sinistram,
3365 3703 3453 3773 qui
3498 3719 3642 3758 nunc
3666 3704 3771 3758 eis-

2200 3777 2319 3831 dem
2357 3778 2567 3846 pascuis
2609 3775 2853 3846 permixti
2896 3783 3041 3840 sunt,
3086 3783 3463 3846 segregentur;
3510 3774 3775 3846 velimali

2238 3843 2374 3901 isces
2393 3862 2420 3900 a
2448 3843 2622 3911 bonis,
2650 3845 2738 3916 qui
2766 3860 2905 3900 nunc
2932 3846 3070 3899 intra
3106 3844 3290 3900 eadem
3318 3846 3448 3900 retia
3477 3843 3637 3899 simul
3668 3853 3772 3898 tra-

2202 3862 2395 3970 iiuntur
2415 3916 2478 3970 ad
2511 3916 2673 3970 littus.
2700 3915 2753 3969 in
2780 3915 2968 3970 eodem
2998 3916 3193 3970 littore.
3226 3916 3327 3969 hoc
3355 3923 3437 3970 est
3463 3914 3518 3968 in
3545 3914 3653 3969 fine
3679 3928 3772 3968 sa:-

2222 3926 2395 3971 iuntur
2415 3916 2478 3970 ad
2511 3914 2679 3979 littus,
2700 3915 2753 3969 in
2780 3915 2968 3985 eodem
2998 3916 3193 3979 littore,
3226 3916 3327 3969 hoc
3355 3923 3437 3970 est
3463 3914 3653 3985 initiae
3679 3928 3775 3985 sa:-

2200 3988 2326 4053 culi,
2354 3987 2687 4041 dirimantur.
2721 3984 2973 4040 Homines
2992 3993 3168 4039 autem
3195 3986 3414 4054 quilibet
3430 3984 3483 4038 in
3512 3984 3774 4047 Ecclesia,

2201 4060 2243 4110 si
2276 4057 2396 4111 boni
2426 4066 2568 4120 sunt,
2601 4057 2830 4110 triticum
2874 4056 2956 4109 vel
2998 4056 3258 4111 frumenta
3298 4055 3412 4125 ejus
3451 4064 3613 4120 sunt,
3651 4070 3778 4109 oves

2201 4127 2316 4195 ejus
2345 4137 2487 4193 sunt,
2520 4127 2693 4196 pisces
2708 4126 2822 4196 ejus
2844 4126 2970 4181 boni
2997 4134 3152 4180 sunt:
3173 4127 3253 4180 sin
3281 4136 3456 4180 autem
3486 4125 3611 4196 mali
3635 4133 3775 4185 sunt,

2203 4194 2423 4262 zizania,
2451 4194 2622 4267 palea,
2654 4194 2811 4260 laedi,
2836 4196 3008 4264 pisces
3042 4195 3164 4250 mali
3194 4196 3310 4266 ejus
3335 4203 3478 4250 sunt.
3509 4194 3626 4250 Non
3644 4210 3779 4267 ergo

2206 4279 2418 4338 propter
2446 4281 2539 4338 eos
2567 4275 2673 4321 tota
2704 4268 2912 4333 messis,
2946 4274 3051 4321 tota
3078 4281 3221 4329 area,
3252 4282 3379 4335 grex
3411 4276 3576 4332 totus,
3602 4266 3777 4338 pisca-

2204 4336 2276 4393 tio
2303 4336 2408 4393 tota
2438 4336 2683 4392 damnata
2709 4345 2791 4392 est
2822 4354 2835 4389 :
2869 4351 2936 4391 ne
2974 4351 3094 4390 cum
3123 4346 3245 4391 ante
3274 4346 3480 4406 tempus
3521 4337 3781 4391 audemus

2204 4407 2467 4478 quasi‘de
2486 4408 2640 4462 malis
2666 4416 2868 4478 temere
2901 4405 3160 4476 judicare,
3191 4415 3247 4478 et
3279 4406 3397 4460 aliis
3424 4407 3652 4477 aliorum
3682 4407 3778 4461 ob-

2200 4471 2402 4547 jectare
2430 4487 2644 4547 peccata
2665 4519 2680 4543 ,
2711 4477 2879 4531 bonos
2902 4471 3123 4546 propter
3149 4471 3317 4531 malos
3344 4477 3601 4547 sacrilega
3627 4471 3779 4546 sepa—

2205 4546 2408 4604 ratione
2432 4546 2770 4611 deseramus;
2802 4561 2920 4617 cum
2950 4548 3126 4616 potius
3162 4548 3329 4601 malos
3355 4546 3573 4617 propter
3614 4546 3783 4601 bonos

2206 4620 2287 4688 pia
2314 4619 2514 4673 unitate
2539 4618 2766 4672 tolerare
2784 4616 3099 4688 debeamus.
3124 4616 3371 4687 Urgcndi’
3384 4631 3512 4687 ergo
3539 4628 3670 4671 sunt
3698 4618 3780 4670 isti

2206 4687 2391 4744 harum
2408 4687 2830 4759 evangelicarum
2854 4687 3343 4759 similitudinum,et
3361 4696 3465 4759 tam
3487 4687 3783 4759 perspicua:

2207 4759 2442 4814 veritatis
2466 4756 2687 4822 inimici,
2718 4767 2775 4810 ut
2800 4756 3024 4812 doceant
3047 4757 3186 4827 quod
3217 4757 3512 4823 intendunt,
3543 4772 3609 4811 ac
3637 4758 3782 4827 prius

2207 4830 2504 4892 ostendant,
2532 4829 2576 4884 si
2613 4828 2896 4890 valuerint,
2924 4828 3192 4898 quomodo
3221 4828 3478 4893 Ecclesia,
3507 4842 3673 4897 quam
3702 4829 3780 4881 in-

2206 4900 2491 4969 cipientem
2514 4899 2582 4953 ab
2606 4898 2898 4954 Jerusalem
2927 4899 2978 4953 in
3007 4898 3292 4967 Scripturis
3318 4899 3515 4953 sanctis
3537 4913 3636 4967 per
3665 4912 3783 4967 pro-

2210 4972 2400 5040 piuqua
2435 4979 2488 5024 et
2522 4970 2804 5040 longinqua
2835 4969 3231 5024 fructificantem
3269 4978 3428 5038 atque
3451 4976 3782 5023 crescentem

2208 5041 2508 5112 accepimus
2548 5050 2603 5095 et
2646 5050 2921 5112 tenemus,
2965 5040 3320 5112 quorumlibet
3363 5053 3498 5109 quos
3533 5049 3786 5112 accusant

2207 5109 2519 5180 contagione
2543 5110 2781 5180 perierit,
2812 5118 2867 5165 et
2891 5112 2942 5164 in
2974 5111 3156 5164 Donati
3188 5117 3337 5179 parte
3357 5109 3697 5164 remanserit.
3727 5109 3779 5180 Si

2208 5185 2348 5237 enim
2374 5179 2491 5263 hoc
2504 5179 2615 5263 fieri
2639 5182 2873 5263 potuisse
2898 5181 3327 5263 monstraverint,
3353 5189 3484 5263 tunc
3512 5181 3701 5262 utique
3721 5179 3784 5231 ad

2208 5267 2420 5306 causam
2450 5251 2704 5306 Ecclesim
2733 5251 3035 5320 pertinebit,
3069 5251 3224 5305 aliam
3267 5252 3489 5305 fortasse
3515 5251 3787 5320 suscipere

2209 5331 2366 5392 atque
2392 5321 2658 5392 discutere
2683 5322 3029 5390 quaestionem
3058 5338 3071 5373 :
3101 5331 3275 5375 utrum
3304 5320 3787 5392 Caecilianusejus-

2208 5407 2312 5517 Ἅμα
2338 5391 2814 5473 collegasvcltales
2844 5392 2921 5462 (a)
2952 5392 3146 5448 fuerint
3172 5392 3359 5474 quales
3383 5392 3450 5472 ab
3475 5391 3595 5473 istis
3632 5391 3787 5445 fuisse

2248 5472 2477 5517 icuntur.
2522 5462 2641 5517 Sic'
2667 5470 3000 5517 innotescere
3032 5462 3629 5517 notuermtchristiana:
3672 5475 3786 5517 uua:

2248 5463 2477 5527 icuntur,
2522 5462 2641 5517 sic'
2667 5463 3000 5519 innotescere
3032 5462 3301 5533 potuerint
3322 5462 3629 5517 christiana:
3672 5475 3786 5531 qua:

2274 5574 2288 5605 ι
2328 5578 2484 5630 Forte,
2519 5583 2618 5621 ore.

2273 5637 2293 5665 ³
2327 5640 2483 5689 Forte,
2506 5632 2736 5683 onmimn.

2274 5697 2292 5726 ³
2326 5702 2481 5753 t-‘orte,
2506 5693 2576 5744 vel
2599 5694 2686 5745 sic.

2271 5756 2703 5873 (a)“.luxtagtorel,
2727 5754 2873 5807 idem.
2898 5756 3230 5821 Critic.,1:agg.
3254 5755 3358 5819 227,
3388 5756 3494 5816 223,
3510 5754 3780 5819 legendum,

2288 5830 2337 5873 tu
2373 5837 2422 5873 .s.
2561 5851 2576 5867 .

2215 5831 2263 5874 ut
2288 5825 2422 5874 tales.
2520 5825 2576 5867 ﬂ-
