4026 6512
525 396 623 452 851

517 529 853 592 persecutores
890 527 1104 573 nostros.
1144 516 1420 584 Quondam
1465 522 1639 569 autem
1663 511 2008 592 _Primiaiius,
2046 512 2092 566 si

518 582 789 665 dignatur,
819 589 979 665 fuater
1000 582 1202 653 noster,
1226 594 1520 665 conventus
1539 599 1636 652 pro
1663 585 1772 665 ipsa
1799 582 2094 665 Coliatione

514 654 790 729 respondit
808 677 820 711 :
837 657 1113 729 Indignum
1129 668 1197 710 est
1218 667 1272 710 ut
1300 657 1351 709 iu
1370 672 1522 729 riuum
1535 656 1826 729 conueniant
1953 667 2093 729 mm:-

519 723 688 800 tyrum
713 741 758 800 et
787 723 1045 799 progenies
1071 729 1391 800 traditarum.
1585 725 1805 800 crimina
1845 723 2092 800 diluenda

517 791 850 868 s'uscepim'us
870 791 973 864 ,vut
1015 800 1128 852 lure
1155 797 1377 851 crimina
1407 797 1696 860 diluantur,
1729 795 1885 868 istam
1911 791 2091 847 Colla-

518 864 716 924 tionem
748 869 1086 938 poposcimus
1113 886 1124 922 :
1149 882 1400 922 concessa
1427 875 1529 934 est,
1553 874 1645 919 aut
1667 864 1973 934 probentur,
2002 871 2094 918 aut

516 948 888 1017 purgentur._
1028 1009 1086 1017 ’ν
1314 1007 1344 1017 η
1484 1015 1491 1017 _
1607 1015 1614 1017 _
1780 1015 1788 1017 Δ
1865 1005 1892 1017 Δ.
2028 1005 2058 1017 η

589 1010 682 1077 (Et
705 1024 825 1063 cum
854 1009 1142 1064 Donatista:
1165 1007 1532 1079 quaesiissent,
1563 1015 1740 1079 utrum
1775 1007 2090 1079 testimoniis

515 1079 804 1156 Scriptum
824 1081 1027 1156 _tlivina:
1047 1121 1060 1143 ,
1091 1095 1156 1132 an
1183 1077 1406 1156 publicis
1444 1077 1607 1156 gestis
1633 1077 1904 1156 Catholici
1931 1090 2090 1156 agei'e

515 1147 774 1214 mallent;
806 1147 1209 1219 dixissentque,
1259 1157 1317 1202 ut
1355 1148 1403 1219 lsi
1449 1147 1736 1219 Scriptura:
1788 1147 2089 1201 testimonia

515 1219 795 1296 eligerent,
825 1220 1056 1274 facerent
1080 1217 1318 1296 omnium
1348 1218 1524 1296 legum
1549 1217 1882 1296 publicarum
1909 1225 2088 1296 gesto-

514 1304 740 1358 rumque
764 1291 1055 1359 jacturam;
1083 1290 1127 1344 si
1159 1298 1335 1343 autem
1367 1288 1592 1358 publicis
1621 1288 1822 1359 legibus
1847 1297 1900 1341 et
1923 1288 2088 1359 gestis

513 1357 697 1440 ageue‘
717 1357 890 1440 petius
926 1361 1154 1440 veneni,
1186 1357 1492 1440 omitterent
1516 1358 1803 1440 Scriptura:
1844 1357 2087 1440 testimo-

516 1427 601 1500 nia
624 1427 644 1500 )
672 1427 996 1500 Augustinus
1022 1431 1154 1485 dixit
1182 1448 1194 1482 :
1221 1430 1300 1484 Ad
1327 1445 1388 1484 ea
1409 1444 1541 1500 quae
1554 1436 1831 1500 prosecuta
1859 1437 1942 1482 est
1968 1442 2085 1500 nio-

513 1497 584 1570 do
613 1497 734 1567 pars
755 1497 996 1567 adversa,
1025 1500 1204 1570 paucis
1243 1497 1483 1554 advertat
1518 1497 1822 1553 Sublimitas
1849 1505 1956 1552 tua.
1980 1497 2086 1552 Nos

514 1568 806 1624 Ecclesium
838 1568 1153 1626 catholicam
1192 1571 1423 1624 retinere
1463 1570 1575 1637 ipsa
1619 1578 1815 1622 nostra:
1841 1583 2084 1623 commu-

514 1640 690 1694 nionis
737 1642 1108 1696 testiﬁcatione
1138 1650 1508 1695 monstramus
1539 1657 1550 1692 :
1584 1654 1740 1709 quam
1789 1638 2081 1693 Ecclesiam

513 1709 740 1780 probare
765 1712 1158 1773 descendimus,
1191 1711 1232 1763 si
1264 1713 1619 1780 permittant,
1641 1724 1744 1763 non
1775 1709 2081 1764 rumoribus

512 1777 793 1852 humanis,
835 1797 1005 1852 neque
1043 1777 1343 1852 errantibus
1371 1779 1737 1852 Opinionibus,
1771 1780 1864 1835 sed
1892 1780 2084 1852 divinis

511 1849 736 1920 eloquiis
764 1849 1105 1905 declaratam.
1143 1851 1210 1906 Ut
1235 1849 1422 1904 autem
1451 1853 1592 1920 leges
1617 1891 1630 1914 ,
1658 1851 1742 1904 vel
1778 1859 1923 1920 gesta
1950 1891 1965 1916 ,
1998 1850 2082 1904 vel

511 1933 859 1990 qua-cumque
885 1921 953 1977 de
977 1921 1205 1977 arehivis
1231 1921 1430 1990 prolata
1453 1920 1736 1974 oll‘eramus
1762 1921 1813 1974 in
1843 1921 1939 1974 hac
1963 1920 2086 1974 Col-

511 1989 707 2061 latione
738 1989 1024 2056 recitando,
1052 1993 1148 2060 ipsi
1171 1989 1384 2061 cogunt,
1412 1993 1499 2061 qui
1531 1991 1722 2044 talibus
1746 1999 1924 2059 agunt.
1948 1990 2079 2044 Nam

510 2059 555 2131 si
588 2062 804 2131 remotis
835 2059 1195 2131 hujuscemodi
1225 2059 1471 2116 omnibus
1491 2061 1717 2124 chartis,
1749 2062 1947 2115 nollent
1973 2061 2080 2115 Ec-

509 2127 724 2200 clesiam
777 2132 876 2185 nisi
902 2127 972 2185 'in
1023 2132 1308 2200 Scripturis
1351 2132 1586 2196 adverti,
1629 2131 1757 2184 nihil
1803 2133 2077 2196 vellemus,

511 2197 813 2271 nihilialiud
840 2197 1163 2271 optaremus‘.
1195 2202 1424 2256 Crimina
1453 2202 1631 2256 dicunt
1660 2201 1954 2254 traditionis
1978 2219 1990 2253 :
2017 2216 2078 2256 ea

508 2268 732 2339 crimina
765 2268 1060 2326 traditionis
1088 2280 1179 2326 aut
1204 2287 1307 2325 non
1338 2271 1564 2339 probant
1589 2271 1834 2332 archivis,
1868 2280 1921 2326 et
1950 2273 2081 2326 nihil

509 2337 722 2412 dicunt;
745 2352 831 2394 aut
860 2342 1123 2412 probant,
1152 2351 1208 2396 et
1235 2337 1462 2412 arcliivis
1501 2356 1600 2396 nos
1643 2341 1878 2412 vicissim
1920 2357 2079 2412 agere

506 2410 848 2481 compellunt.
893 2411 1068 2481 Itaque
1110 2411 1347 2481 pervidet
1393 2411 1704 2465 Prtestantia
1755 2420 1838 2464 tua
1886 2410 2078 2466 distin-

505 2478 744 2552 guemlas
773 2496 892 2535 esse
918 2478 1138 2552 causas}
1167 2481 1379 2550 quando
1405 2497 1656 2546 cogamur
1684 2482 1906 2549 publicis
1946 2482 2078 2552 legi-

508 2549 606 2623 bus
632 2564 792 2623 agere
811 2592 825 2616 ,
851 2551 1063 2623 quando
1091 2549 1277 2623 autem
1298 2552 1521 2623 velimus
1550 2561 1603 2623 et
1630 2559 1872 2623 optemus
1911 2549 2076 2623 nego-

507 2619 637 2690 tium
665 2619 915 2676 Ecclesiae
941 2622 1150 2676 nonnisi
1176 2621 1369 2675 divinis
1394 2621 1618 2690 eloquiis
1641 2619 1931 2675 terminari.

579 2687 599 2759 (
621 2690 682 2742 Et
705 2705 822 2744 cum
851 2691 1135 2746 Donatista:
1165 2693 1458 2754 instarent,
1487 2687 1546 2745 ut
1573 2691 1820 2745 ederetur
1849 2691 1947 2746 sibi
1979 2692 2078 2747 Ca-

507 2756 825 2831 iholieorum
853 2761 1149 2816 Mandatum
1172 2802 1186 2826 ,
1215 2761 1355 2831 quod
1387 2762 1571 2830 legatis
1595 2760 1664 2815 ad
1706 2762 1980 2829 petendam
2011 2765 2078 2817 ab

507 2827 832 2902 imperatore
875 2827 1481 2902 Collationem'directi's
1510 2827 1818 2902 iinjunctum
1868 2832 2077 2902 fuerat)

505 2898 830 2968 Augustinus
855 2901 988 2956 dixit
1015 2920 1028 2955 :
1056 2902 1170 2956 Jam
1200 2901 1354 2955 toties
1374 2898 1839 2956 conclamavimus.
1862 2898 2078 2956 Manda-

508 2977 616 3021 tum
642 2971 784 3041 quod
817 2972 1108 3040 injunctum
1138 2982 1220 3027 est
1247 2972 1434 3040 legatis
1469 2972 1839 3040 episcoporum
1873 2972 1941 3025 ab
1967 2973 2078 3041 epi~

504 3039 703 3110 scopis,
730 3039 963 3109 flagitant
982 3042 1080 3096 sibi
1110 3039 1353 3097 recitari:
1385 3042 1485 3096 hoc
1504 3039 1588 3096 est
1609 3042 1778 3095 aliena
1806 3039 2078 3110 requirere

505 3108 572 3161 ad
619 3108 831 3163 causam
877 3127 980 3164 non
1028 3113 1364 3180 pertinentia.
1402 3111 1701 3166 Mandatum
1742 3108 1899 3180 quod
1926 3112 2078 3167 nobis

506 3187 726 3249 propter
765 3180 1114 3235 Collationem
1159 3197 1276 3236 eum
1324 3181 1406 3235 his
1450 3181 1740 3234 faciendam
1788 3181 2076 3249 iniunctum

505 3257 610 3312 est,
642 3248 740 3303 hoc
769 3253 1043 3305 recitatum
1071 3261 1173 3316 est,
1207 3253 1307 3306 hoc
1327 3252 1406 3306 eis
1433 3251 1681 3305 sufﬁciat.
1709 3248 1848 3317 Quid
1872 3251 1914 3305 si
1935 3251 2076 3307 enim

504 3319 680 3387 aliqua
705 3321 889 3390 legatis
911 3322 1156 3377 mandata
1185 3333 1323 3386 sunt,
1349 3322 1414 3374 ad
1445 3336 1656 3375 causam
1682 3321 1893 3390 quidem
1919 3322 2073 3376 istam

505 3404 611 3462 non
642 3391 979 3462 pertinentia,
1009 3393 1100 3447 sed
1128 3409 1247 3462 qua:
1275 3393 1417 3460 ipsos
1443 3393 1580 3446 seire
1607 3392 1896 3445 nolumus?
1920 3391 2078 3446 Sufﬁ-

504 3459 578 3512 cit
601 3460 740 3531 quod
774 3461 1069 3531 Imperator
1095 3459 1440 3520 (JollatiOnem
1468 3476 1564 3516 nos
1592 3462 1788 3530 petisse
1813 3477 1911 3515 suo
1936 3464 2080 3516 testi-

506 3530 687 3600 inonio
706 3530 1010 3585 declaravit.
1033 3533 1154 3586 llaec
1175 3547 1425 3588 concessa
1447 3540 1546 3593 est,
1571 3531 1636 3585 ad
1659 3531 1794 3584 hanc
1817 3533 2075 3600 venimus,

506 3597 622 3652 luce
650 3599 932 3670 aliquando
973 3612 1196 3673 agatur:
1227 3602 1433 3658 veritati
1471 3615 1630 3657 aures
1669 3601 1941 3656 hominum
1982 3597 2079 3672 pa;

506 3678 637 3723 tent.

575 3738 880 3813 Adeodatus
921 3742 1202 3812 episcopus
1236 3741 1309 3812 (a)
1343 3742 1473 3797 dixit
1504 3761 1518 3797 :
1549 3742 1836 3799 Confessus
1875 3756 1933 3797 es
1961 3757 2079 3813 quae

506 3807 636 3862 olim
664 3811 891 3866 tacuisti.
925 3807 1213 3867 Ostendisti
1245 3807 1304 3867 te
1331 3815 1493 3867 multa
1523 3814 1777 3868 adversus
1806 3829 1904 3868 nos
1926 3807 2079 3870 man-

506 3878 666 3934 dasse
693 3896 810 3949 qum
835 3882 972 3936 scire
1003 3900 1108 3937 non
1140 3883 1294 3937 facile
1321 3883 1628 3948 debeamus,
1656 3894 1762 3939 etc.

577 3949 904 4020 Augustinus
929 3952 1100 4007 dixit:
1137 3953 1252 4007 Non
1294 3952 1394 4007 hoc
1433 3953 1560 4007 dixi.
1605 3954 1717 4007 Non
1763 3953 2077 4020 advertisti,

500 4027 600 4093 aut
623 4019 926 4093 dissimulas
954 4031 1007 4078 te
1044 4023 1256 4078 audisse
1299 4023 1438 4093 quod
1478 4024 1606 4078 dixi.
1653 4024 1832 4077 Audi:
1877 4019 2081 4093 planius

508 4088 608 4161 hoc
633 4089 856 4161 dicimus
880 4135 894 4158 ,
925 4109 992 4148 ne
1030 4094 1165 4149 forte
1206 4088 1360 4161 culpa
1405 4109 1521 4148 mea
1566 4108 1672 4148 non
1712 4088 2035 4148 intellexeris
2061 4137 2076 4161 ,

507 4158 711 4236 dum_id
737 4162 1014 4236 obscurius
1040 4158 1374 4236 aliquantum
1392 4164 1498 4218 dixi
1524 4206 1538 4230 ,
1569 4165 1746 4218 studio
1772 4158 2076 4236 brevitatis,

509 4230 651 4296 quod
685 4233 954 4303 percipere
985 4230 1303 4303 nequiveris.
1331 4233 1524 4287 Notum
1553 4244 1636 4289 est
1662 4235 1909 4288 omnibus
1939 4235 2078 4288 mul-

510 4308 590 4352 tas
610 4315 796 4355 causas
816 4302 1011 4357 habere
1034 4302 1324 4358 E’cclesiam
1350 4345 1365 4370 ,
1389 4314 1440 4358 ct
1460 4319 1610 4359 suam
1637 4345 1651 4368 ,
1680 4313 1733 4358 et
1757 4304 2077 4373 privatarum

512 4383 861 4444 personarum
889 4373 1100 4428 sibimet
1127 4375 1529 4438 commissarum
1556 4393 1569 4428 :
1598 4384 1652 4429 et
1679 4383 1850 4444 potest
1879 4374 1992 4428 ﬁeri
2025 4382 2081 4428 ut

509 4438 577 4513 :id
633 4441 999 4513 episcoporum
1057 4445 1490 4497 intercessionem
1548 4438 1710 4499 multa
1763 4445 2076 4513 pertineant.

510 4508 725 4581 Secreta
759 4512 909 4566 nobis
936 4515 1334 4566 committuntur
1359 4515 1687 4581 negotiorum
1718 4508 1777 4568 et
1801 4529 2080 4568 causarum

510 4579 802 4653 alienarum
829 4623 844 4648 ,
875 4582 928 4635 in
958 4583 1147 4652 quibus
1172 4591 1350 4637 nostra
1381 4579 1698 4653 interventio
1723 4599 1865 4653 smpe
1896 4595 2080 4652 postu-

511 4649 688 4722 latur,
731 4662 946 4720 propter
976 4649 1099 4722 qua:
1137 4653 1388 4707 auxilium
1427 4652 1496 4707 ab
1544 4649 2078 4722 Ecclesia'po'scitur.

513 4719 638 4792 ilagc
670 4719 936 4789 prodenda
965 4719 1068 4777 non
1095 4732 1218 4778 sunt
1245 4765 1259 4786 ,
1299 4739 1365 4778 ne
1395 4723 1690 4792 proditores
1727 4719 2078 4778 inveniamur.

511 4788 717 4864 Sufﬁcit
747 4793 834 4847 tibi
879 4794 1018 4862 quod
1057 4788 1407 4848 Collationem
1451 4809 1538 4849 me
1579 4793 1793 4864 petiisse
1829 4795 1879 4848 in
1922 4809 2080 4849 causa

512 4869 598 4934 tua
623 4902 638 4926 ,
686 4863 797 4930 ipse
824 4863 972 4918 testis
998 4873 1079 4918 est
1107 4865 1549 4918 clementissimus
1579 4863 1888 4934 Imperator.
1937 4864 2082 4920 Nihil

511 4931 646 4985 ultra
675 4948 882 5005 quaeras
907 4973 922 4998 ,
950 4935 993 5005 si
1027 4935 1231 5005 negotia
1259 4935 1427 4989 aliena
1464 4949 1568 4988 non
1607 4931 1821 5005 quzeris.
1860 4933 2083 5005 Negotio

510 5010 603 5054 tuo
628 5004 823 5057 sufficit
851 5003 989 5072 quod
1016 5003 1232 5073 de'ipsa
1278 5003 1766 5074 Imperatoris'lege
1804 5003 2080 5060 recitatum

509 5080 593 5124 est
616 5113 630 5134 ,
659 5074 798 5142 quod
826 5085 1008 5129 nostro
1031 5075 1277 5129 Mandato
1298 5075 1879 5144 subscriptionibusque
1903 5075 2084 5130 ﬁrma-

509 5149 618 5196 tum
648 5152 747 5196 est.

579 5212 697 5284 (AEt
722 5228 842 5267 cum
869 5213 1076 5270 rursu'm
1107 5214 1369 5270 instarent
1395 5215 1684 5270 Donatista:
1704 5257 1719 5280 ,
1745 5223 1802 5268 ut
1826 5215 2083 5284 eligerent

506 5281 762 5355 Catholici
807 5295 980 5339 utrum
1028 5285 1254 5355 publicis
1302 5285 1504 5354 legibus
1547 5301 1704 5354 agere
1730 5281 1968 5352 vellent,
2011 5301 2080 5339 an

508 5351 706 5426 divinis
733 5351 1048 5426 testimoniis
1076 5398 1090 5418 ,
1113 5367 1274 5426 utque
1297 5351 1503 5426 illarum
1522 5351 1780 5426 jactur-am
1806 5355 2081 5421 facerent,

507 5423 553 5476 si
584 5421 669 5476 his
695 5424 768 5477 uti
788 5435 1042 5493 cuperent
1065 5426 1082 5496 )
1107 5421 1427 5495 Augustinus
1450 5421 1582 5478 dixit
1609 5443 1620 5478 :
1649 5425 1902 5479 Ecclesia:
1923 5441 2081 5492 quam

508 5500 753 5548 tenemus
776 5535 792 5561 ,
821 5495 957 5548 sicut
977 5512 1164 5551 omnes
1190 5504 1449 5550 noverunt
1473 5536 1486 5560 ,
1511 5509 1736 5561 quorum
1767 5496 1940 5550 solent
1965 5496 2082 5549 ani-

509 5577 626 5631 mos
674 5565 784 5619 suis
829 5565 1119 5620 sollicitare
1165 5565 1658 5631 criminationibus,
1708 5574 1762 5620 et
1799 5567 1957 5619 etiam
2001 5566 2083 5620 sui

509 5630 734 5687 Mandati
783 5641 973 5690 tenore
1020 5635 1396 5700 declararunt;
1460 5635 1752 5700 Ecclesite,
1829 5636 2081 5706 inquam,

509 5717 664 5770 quam
697 5713 935 5761 tenemus
962 5707 1180 5762 crimina
1211 5708 1382 5763 solent
1411 5706 1708 5762 traditionis
1736 5706 1988 5777 objiccre.
2028 5706 2081 5760 Si

571 5833 644 5895 (a)
675 5838 927 5886 Donatista.
1303 5845 1306 5850 '
1355 5839 1359 5848 '
1398 5845 1407 5852 '

1967 388 2328 448 APPENDIX.

3680 403 3786 460 852

2203 507 2696 583 liorum‘criminum
2721 507 2978 583 jactiiram
3008 509 3241 583 faciunt,
3284 511 3352 583 de
3373 511 3571 566 chartis
3601 514 3782 583 publi-

2199 579 2277 634 cis
2307 580 2435 633 nihil
2468 578 2803 647 proferimus.
2833 580 2886 633 Si
2911 589 3089 634 autem
3121 581 3170 634 in
3199 582 3383 636 eadem
3405 578 3785 641 criminatione

2199 650 2488 718 persistunt
2513 687 2530 711 ,
2574 649 2774 703 chartis
2821 650 3043 718 publicis
3085 651 3338 706 docemus
3381 654 3519 708 hanc
3559 669 3780 712 causam

2196 720 2698 796 olim_esse_ﬁnit_am
2724 759 2742 781 ,
2771 735 2869 774 nec
2900 727 3073 796 tamen
3094 723 3286 796 _e_os_ab
3314 723 3614 796 hujusmodi
3641 727 3782 796 obji-

2195 789 2398 844 ciendis
2417 790 2726 845 criminibus
2747 792 3062 846 cessavisse.
3094 791 3242 847 Unde
3265 789 3404 849 nunc
3423 789 3777 853 Collatione'm

2196 859 2348 914 istam
2382 860 2719 935 poposcimus
2741 902 2757 925 ,
2786 876 2902 935 _non
2930 871 2990 935 ut
3015 862 3396 935 illamcausam
3440 865 3738 922 traditionis
3759 911 3776 935 ,

2194 945 2367 1007 quam_
2378 930 2660 1007 Caeciliano
2679 940 2737 1007 et_
2752 931 2865 1000 ejus
2890 931 3108 1007 collegis
3133 933 3452 1000 ohjiciebant
3476 977 3490 997 ,
3518 930 3779 1007 suscipial

2193 1015 2312 1054 mus
2336 1001 2512 1056 denuo
2543 1000 2824 1055 ﬁniendam
2849 1042 2864 1065 ,
2895 1001 2989 1056 sed
3027 1000 3450 1059 demonstremus
3488 1007 3613 1059 olim
3654 1000 3782 1063 esse

2194 1069 2395 1144 _ﬁnitam
2419 1088 2434 1134 ;
2464 1079 2523 1144 ut
2552 1071 2651 1126 hoc
2678 1080 3058 1144 cognoscentes
3087 1075 3262 1143 pepuli
3292 1075 3654 1144 quinesciunt
3677 1119 3693 1140 ,
3720 1089 3780 1132 et

2191 1140 2412 1195 istorum
2436 1141 2607 1209 adhuc
2625 1140 3504 1200 criminationibus'coinmoventur
3519 1188 3532 1209 ,
3557 1148 3776 1202 tandem

2191 1210 2476 1282 aliquando
2494 1220 2818 1281 cognoscant
2838 1213 2891 1266 in
2919 1228 3022 1282 qua
3050 1213 3282 1268 Ecclesia
3306 1215 3608 1270 christiana:
3626 1219 3776 1271 salu-

2191 1280 2262 1335 tis
2288 1281 2425 1356 viam
2465 1280 2755 1356 requirant.
2805 1282 2862 1337 Si
2903 1280 3039 1356 ergo
3075 1283 3143 1339 de
3193 1285 3424 1356 Ecclesia
3473 1289 3770 1356 quaeritur,

2189 1364 2307 1420 qua:
2327 1351 2434 1418 sit,
2458 1361 2652 1421 quanta
2681 1353 2748 1406 sit
2772 1391 2786 1417 ,
2809 1351 2985 1420 qualis
2999 1354 3068 1407 sit
3087 1394 3101 1416 ,
3129 1355 3238 1408 sola
3263 1355 3437 1410 divina
3462 1351 3768 1412 testimonia

2188 1421 2254 1497 ad
2281 1437 2398 1476 eam
2416 1421 2905 1497 idemonstijandam
2920 1422 3202 1497 sufﬁcient.
3231 1425 3288 1497 Si
3315 1426 3557 1482 homines
3581 1428 3772 1497 appel-

2189 1490 2334 1567 lant,
2380 1492 2428 1567 _si
2483 1491 2786 1567 hominibus
2833 1493 3052 1567 crimina
3105 1495 3424 1567 intendunt,
3465 1490 3772 1567 quanquam

2189 1561 2443 1636 Ecclesia:
2470 1577 2629 1636 causa
2659 1563 2726 1617 ab
2756 1563 3029 1618 hominum
3058 1579 3214 1636 causa
3244 1561 3727 1636 distinguenda'est
3749 1610 3767 1632 ,

2188 1647 2288 1686 nec
2314 1634 2364 1686 in
2399 1631 2699 1688 hominibus
2718 1648 2841 1703 spes
2868 1635 3109 1702 ponenda
3138 1645 3220 1690 est
3247 1631 3499 1691 Ecclesia:
3524 1678 3539 1702 ,
3569 1638 3611 1691 si
3641 1631 3773 1692 boni

2185 1711 2345 1768 sunt;
2381 1719 2583 1773 neque,
2610 1704 2652 1758 si
2678 1705 2803 1758 mali
2826 1713 2949 1758 sunt
2968 1745 2982 1767 ,
3005 1705 3286 1773 jndicanda
3309 1718 3392 1761 est
3416 1707 3649 1762 Ecclesia
3675 1709 3771 1763 Dei

2223 1773 2408 1828 eriisse
2441 1791 2453 1827 :
2501 1775 2593 1829 sed
2621 1784 2797 1829 tamen
2827 1778 2987 1848 etiam
3017 1776 3249 1844 ipsorum
3275 1791 3489 1848 causam
3514 1787 3771 1848 tanquam

2208 1846 2404 1898 'ratrum
2433 1853 2732 1899 nostrorum
2776 1846 3130 1914 suscipimus,
3173 1854 3226 1900 et
3272 1847 3316 1900 si
3359 1849 3511 1902 nobis
3552 1846 3768 1902 ostendi

2186 1914 2453 1981 potuerint
2476 1914 2746 1969 criminosi
2773 1955 2787 1980 ,
2824 1915 2983 1969 hodie
3025 1916 3144 1971 illos
3182 1917 3624 1981 anathcmamus;
3661 1934 3770 1973 non

2187 1993 2362 2058 tamen
2394 1993 2612 2058 propter
2648 1985 2765 2058 illos
2805 1986 3094 2058 Ecclesiam
3138 2002 3168 2041 a
3216 1988 3323 2042 Deo
3367 1989 3682 2058 promissam
3714 2001 3774 2044 et

2185 2053 2475 2129 exhibitam
2498 2053 2804 2129 deserimus
2849 2065 2940 2129 aui.
2962 2056 3348 2129 relinquimus.
3368 2053 3482 2127 'lpsi
3510 2074 3640 2129 ergo
3669 2059 3770 2114 eli-

2183 2132 2308 2195 gant
2331 2125 2472 2194 quod
2502 2125 2720 2180 volunt:
2753 2140 2856 2179 non
2887 2126 3139 2194 objiciant
3164 2128 3386 2181 crimina
3406 2125 3724 2183 hominibus
3751 2171 3766 2195 ,

2184 2194 2800 2268 et_cliartmcessabunt;
2830 2196 2940 2268 sola
2966 2197 3141 2268 divina
3167 2198 3408 2268 loquetur
3431 2201 3724 2254 auctoritas
3750 2194 3767 2263 ,

2184 2263 2307 2337 sola
2326 2265 2414 2318 Dei
2440 2266 2708 2336 Scriptura
2730 2307 2745 2335 ,
2767 2266 2852 2321 cui
2875 2267 3082 2337 utrique
3109 2263 3384 2324 subd—imur
3407 2311 3422 2336 ,
3447 2271 3500 2323 in
3523 2271 3768 2325 medium

2183 2333 2504 2404 proferetur.

2256 2405 2274 2474 (
2302 2407 2366 2477 Et
2395 2415 2513 2474 post
2542 2405 2717 2474 plures
2754 2407 3154 2475 prosecutiones
3195 2418 3250 2465 et
3284 2411 3721 2465 interlocutiones
3747 2453 3766 2477 ,

2182 2489 2306 2551 cum
2332 2476 2615 2551 Betilienus
2643 2477 3053 2551 dixisseti,_Quis
3072 2488 3155 2534 est
3180 2480 3280 2535 iste
3308 2481 3396 2551 qui
3427 2483 3570 2551 agit?
3593 2476 3766 2536 (heri;

2184 2496 2301 2528 eum
2332 2496 2615 2530 reultanus
2643 2496 2863 2532 uIXIsset
2885 2519 2897 2540 ,
2923 2496 3053 2544 ums
3072 2496 3155 2534 εει
3180 2496 3280 2535 me
3347 2498 3396 2534 Ill
3427 2496 3570 2551 agit!
3593 2496 3764 2536 Caeci-

2184 2542 2306 2624 liani
2341 2545 2480 2599 filius
2506 2555 2586 2600 est
2608 2587 2623 2612 ,
2651 2562 2716 2599 an
2748 2563 2851 2602 non
2868 2548 2932 2671 ﬁt;
2963 2550 3284 2618 Augustinus
3308 2496 3442 2605 dixit
3471 2569 3484 2604 :
3513 2551 3596 2605 Ne
3621 2552 3764 2606 vobis

2184 2613 2363 2668 dicatis
2388 2614 2595 2669 Patrem
2613 2617 2667 2669 in
2693 2626 2828 2671 terra
2853 2616 2872 2671 (
2919 2617 3079 2671 Iauh.
3104 2636 3235 2671 xxm
3260 2663 3272 2671 .
3299 2621 3333 2671 9
3356 2621 3395 2671 l-
3426 2622 3587 2671 simul
3611 2622 3764 2671 audi-

2182 2613 2363 2692 dicatis
2388 2614 2595 2692 Putrem
2613 2617 2667 2692 in
2693 2626 2828 2692 terra
2853 2616 2872 2692 (
2895 2613 3079 2692 Matth:
3104 2636 3235 2674 χχιιι
3260 2663 3272 2681 .
3299 2621 3396 2690 9),
3426 2622 3587 2692 simul
3611 2622 3766 2677 audi-

2182 2685 2391 2762 vimus,
2421 2686 2578 2740 simul
2617 2685 2877 2762 legimus,
2923 2689 3080 2762 simul
3113 2685 3361 2762 _populis'
3384 2685 3758 2762 prmdicamus.

2182 2754 2316 2826 Quid
2349 2755 2416 2809 de
2442 2771 2527 2810 me
2552 2754 2745 2826 quaeris
2770 2765 2944 2812 utrum
2975 2759 3073 2812 sim
3101 2754 3240 2814 filius
3261 2754 3530 2816 Cteciliani
3550 2763 3574 2815 ?
3594 2763 3765 2817 Czeci-

2181 2825 2354 2879 lianus
2384 2826 2427 2879 si
2463 2825 2721 2900 innocens
2751 2827 2846 2881 fuit
2868 2829 3139 2900 ,gaudeat
3177 2829 3244 2884 de
3282 2845 3375 2883 sua
3415 2833 3717 2887 innocentia
3745 2877 3761 2900 ,

2183 2909 2267 2947 me
2304 2896 2714 2973 congaudente‘,‘
2752 2911 2856 2951 non
2896 2896 2948 2952 in
2991 2898 3106 2967 ejus
3142 2899 3440 2973 innocentia
3487 2918 3574 2973 me
3611 2896 3762 2973 spem

2182 2979 2352 3041 meam
2383 2975 2632 3035 ponente.
2661 2965 2717 3041 Si
2741 2975 2926 3041 autem!
2947 2965 3279 3041 nocensfuit
3300 3013 3315 3036 ,
3358 2972 3499 3041 quod
3533 2965 3762 3028 fortasse

2183 3033 2420 3092 discussa
2452 3051 2611 3092 causa
2639 3037 2719 3091 vel
2748 3037 2823 3092 sic
2849 3039 2929 3092 vel
2958 3039 3112 3094 aliter
3137 3033 3460 3105 declarabit,
3507 3044 3766 3098 sustinuit

2183 3119 2303 3178 eum
2334 3105 2568 3161 Ecclesia
2591 3121 2752 3178 quam
2779 3115 2933 3162 teneo
2958 3109 2976 3178 (
3003 3119 3057 3163 ut
3081 3124 3110 3163 a
3131 3111 3564 3167 similitudinibus
3587 3113 3761 3168 domi-

2183 3174 2316 3228 nicis
2345 3191 2448 3229 non
2479 3174 2785 3302 recedamg,
2837 3174 2975 3232 sicut
3010 3181 3212 3248 paleam
3255 3182 3306 3235 in
3348 3197 3471 3236 area
3495 3225 3510 3250 ,
3540 3185 3678 3238 sicut
3707 3187 3760 3238 in

2183 3244 2382 3298 eisdem
2413 3250 2620 3302 pascuis
2649 3247 2731 3301 hac
2771 3263 2830 3302 os
2849 3290 2863 3302 .
2892 3249 3026 3302 sicut
3051 3251 3101 3302 in
3127 3251 3326 3302 eisdem
3354 3253 3556 3302 retibus
3587 3255 3760 3302 Πίερες

2183 3244 2382 3322 eisdem
2411 3250 2620 3314 pascuis
2649 3244 2830 3302 haedos
2849 3290 2863 3312 ,
2892 3244 3028 3302 sicut
3051 3251 3326 3322 ineisdem
3354 3244 3556 3307 retibus
3587 3255 3764 3322 pisces

2183 3314 2391 3388 malos;
2417 3331 2522 3388 non
2556 3325 2729 3372 tamen
2773 3327 2988 3388 propter
3016 3321 3184 3374 malos
3213 3337 3310 3376 nos
3339 3333 3427 3376 aut
3455 3314 3636 3378 aream
3664 3325 3762 3377 do-

2183 3385 2428 3439 minicam
2452 3388 2467 3417 ¹
2489 3387 2740 3442 deserere
2761 3385 3032 3454 debemus,
3056 3399 3145 3444 aut
3167 3393 3295 3446 retia
3320 3393 3586 3448 dominica
3610 3394 3760 3448 nefa-

2183 3454 2262 3508 ria
2288 3455 2622 3532 animositate
2655 3457 3001 3532 dissensionis
3037 3461 3386 3532 abrumpere,
3421 3475 3478 3519 et
3511 3465 3569 3519 in
3611 3481 3763 3521 mare

2181 3534 2542 3599 ant_e_tempus
2570 3529 2758 3599 littoris
2790 3530 3049 3599 prosilire.

2259 3594 2279 3668 (
2303 3595 2365 3649 Et
2389 3607 2508 3666 post
2532 3598 2734 3668 aliquot
2760 3594 3160 3668 prosecutiones
3188 3603 3577 3658 Donatistarum
3601 3615 3654 3660 et
3678 3606 3759 3660 in-

2186 3667 2980 3744 terlocutiones)’Augustinus
3019 3671 3193 3744 dixit:
3233 3673 3495 3728 Czeciliani
3541 3690 3754 3744 causam

2182 3736 2611 3810 veicollegarum
2657 3736 2775 3808 ejus
2820 3741 2995 3794 solent
3040 3741 3136 3810 ipsi
3186 3743 3435 3798 Ecclesia:
3479 3737 3757 3799 catholica:

2182 3806 2452 3884 objiccre,
2481 3808 2561 3862 vel
2589 3849 2603 3871 ,
2634 3806 2696 3862 ut
2715 3809 2831 3864 sine
2856 3806 3215 3884 controversia
3245 3813 3429 3882 loquar
3453 3856 3467 3879 ,
3511 3815 3609 3884 ipsi
3653 3815 3757 3872 Ec-

2181 3877 2360 3954 clesim
2385 3893 2539 3954 quam
2573 3888 2830 3934 tenemus.
2860 3880 3087 3954 Proinde
3113 3923 3128 3948 ,
3154 3891 3229 3954 fut
3269 3877 3459 3947 video,
3506 3877 3753 3954 magnum

2183 3948 2367 4019 volunt
2417 3949 2607 4019 allerre
2658 3950 3070 4019 compendium:
3120 3953 3163 4005 si
3214 3953 3351 4007 hanc
3395 3948 3621 4008 causam'
3647 3971 3754 4010 non

2183 4016 2717 4092 objiciuniEcclesiie
2736 4016 2896 4092 quam
2922 4031 3182 4086 tenemus,
3214 4022 3391 4076 dicant
3418 4025 3542 4092 quid
3580 4027 3626 4078 ei
3659 4028 3754 4081 ob-

2177 4086 2382 4156 jiciant.
2401 4087 2456 4142 Si
2475 4089 2616 4164 enim
2639 4086 2787 4164 nihil,
2803 4107 2965 4164 quure
2981 4094 3324 4164 separamur?
3341 4093 3394 4148 Si
3411 4086 3607 4164 aliquid
3632 4112 3758 4164 pra:-

2184 4168 2500 4230 ter_causam
2521 4159 2782 4214 Czcciliani
2805 4159 2827 4224 ,⁷
2846 4161 3070 4230 idipsum
3093 4162 3317 4216 ollerant
3337 4205 3349 4227 ,
3375 4162 3427 4216 id
3448 4159 3750 4220 ostendant.

2253 4227 2540 4303 P_ctilia_nus
2566 4231 2846 4303 episcopus
2873 4227 2945 4303 (ά)
2973 4232 3144 4286 dixit:
3179 4233 3255 4286 Tu
3295 4234 3414 4303 quis
3455 4235 3556 4288 es?
3594 4235 3755 4291 Filius

2183 4313 2241 4352 cs
2269 4297 2573 4374 Caeciliani,
2603 4297 2670 4374 an
2702 4297 2851 4374 itera?
2882 4297 3058 4356 Tenet
3100 4311 3150 4358 te
3194 4297 3398 4358 criuien
3440 4303 3708 4360 Ca-ciliani
3737 4348 3752 4374 ,

2183 4383 2249 4422 an
2281 4384 2385 4422 non
2415 4409 2427 4433 ,
2458 4370 2501 4422 si
2534 4368 2729 4424 fuerit?

2255 4439 2589 4516 Augustinus
2611 4439 2783 4494 dixit:
2820 4441 2930 4513 Ego
2976 4442 3029 4497 in
3071 4443 3308 4499 Ecclesia
3352 4459 3468 4499 sum
3496 4486 3510 4510 ,
3557 4447 3609 4500 in
3653 4462 3755 4516 qua

2183 4507 2493 4564 Cmcilianus
2522 4509 2634 4563 fuit.

2256 4579 2545 4655 Petilianus
2570 4580 3010 4655 episcopusdixit
3042 4602 3054 4636 :
3101 4582 3254 4639 Unde
3289 4585 3542 4655 cmpisti?
3585 4586 3752 4652 Quem

2187 4648 2365 4722 habes
2378 4650 2625 4717 patrem?
2654 4648 2902 4720 Alioquin
2935 4654 2977 4706 si
3003 4662 3204 4722 patrem
3234 4648 3754 4721 tuum'dmnnaveris,

2187 4718 2492 4795 lueretieuni
2525 4728 2574 4774 te
2603 4735 2722 4775 esse
2763 4718 3064 4790 proﬁteris,
3101 4723 3189 4793 qui
3231 4739 3330 4778 nee
3372 4726 3634 4795 originem
3681 4718 3754 4781 vis

2187 4788 2381 4842 habere
2403 4829 2419 4853 ,
2450 4804 2548 4844 nec
2572 4788 2798 4860 patrem.

2257 4860 2578 4934 Augustinus
2598 4862 2729 4917 dixit
2757 4879 2769 4915 :
2800 4863 2852 4918 ln
2877 4862 3110 4934 Ecclesia
3143 4878 3326 4920 sumus
3351 4907 3366 4931 ,
3395 4866 3446 4919 in
3469 4881 3572 4934 qua
3597 4865 3755 4920 Crei-

2188 4929 2357 5004 lianus
2383 4931 2742 5004 episcopatum
2773 4935 2934 5003 gessit
2960 4942 3013 4986 et
3041 4932 3180 4987 diem
3210 4929 3364 4988 obiit.
3403 4929 3531 5004 Ejus
3563 4953 3754 4991 nomen

2187 4999 2250 5053 ad
2280 4999 2445 5054 altare
2471 4999 2754 5075 recitamus
2778 4999 2797 5075 ξ
2821 5008 2936 5075 ejus
2964 5004 3231 5058 memoria:
3260 4999 3719 5062 communicaturus
3740 5049 3756 5075 ,

2187 5074 2735 5147 tanquamAmemorite
2773 5072 2947 5126 fratris
2971 5112 2987 5138 ,
3030 5089 3134 5147 non
3177 5085 3422 5144 tanquam
3459 5079 3630 5147 patris
3671 5072 3756 5130 aut

2188 5140 2389 5194 matris.
2418 5140 2624 5208 Quaeris
2648 5151 2823 5196 autem
2852 5158 2882 5196 a
2909 5158 2994 5197 me
3023 5143 3164 5198 unde
3191 5140 3495 5200 communio
3522 5163 3641 5202 mea
3671 5163 3758 5202 su-

2188 5219 2297 5282 mat
2325 5211 2622 5266 exordium.
2657 5213 2910 5266 Dominus
2936 5213 3048 5282 ipse
3085 5214 3328 5282 Christus
3369 5218 3562 5271 asserit
3605 5233 3754 5272 exor-

2188 5279 2333 5355 dium
2358 5283 2744 5335 communionis
2768 5298 2900 5336 mea:
2925 5279 3154 5355 ,r’dicené'
3172 5303 3184 5338 :
3212 5284 3481 5355 Oportebat
3503 5286 3752 5340 Christum

2189 5352 2294 5421 pati
2316 5391 2332 5426 _,
2363 5361 2410 5404 ct
2432 5368 2687 5426 resurgere
2711 5369 2742 5404 a
2766 5354 2977 5426 mortuis
3001 5356 3144 5409 tertio
3168 5356 3249 5408 die
3262 5352 3286 5422 ⁷,
3329 5365 3374 5409 et
3417 5359 3684 5426 pradicari
3706 5359 3751 5408 in

2188 5422 2392 5475 nomine
2416 5422 2527 5492 ejus
2552 5423 2897 5496 penitentiam
2911 5431 2958 5476 et
2979 5426 3313 5496 remissionem
3338 5422 3651 5496 peccatorum
3670 5441 3752 5496 per

2190 5501 2555 5567 omnigenus:
2578 5533 2592 5555 ,
2623 5492 2979 5567 insipientibus
2999 5492 3362 5567 abAJerusaleu’t
3405 5498 3422 5567 (
3448 5495 3574 5549 Luc.
3607 5492 3743 5567 xxiv,

2191 5560 2259 5615 46
2282 5603 2296 5622 ,
2323 5560 2396 5614 47
2418 5561 2459 5630 ).
2489 5560 2661 5630 (ἷαιρίι
2690 5560 2786 5615 ista
2821 5562 3124 5630 prmdicalio
3159 5566 3226 5618 ab
3264 5560 3556 5621 Jerusalem
3586 5583 3598 5618 :
3633 5565 3742 5617 inde

2191 5631 2343 5685 se.ab
2375 5631 2727 5686 illustrissimo
2753 5632 2974 5687 exordio
2993 5633 3198 5689 diffudit
3222 5677 3236 5702 ,
3259 5635 3558 5692 diffundens
3580 5634 3742 5691 Ecclc:

2255 5756 2270 5786 ³
2310 5762 2492 5804 ncesse
2516 5755 2722 5817 videtur,
2747 5762 2830 5807 aut
2854 5770 3030 5820 pascua
3055 5757 3304 5809 dominica.

2257 5839 2329 5899 (a)
2363 5840 2620 5887 Donatista.
