4026 6490
236 402 340 459 833

233 515 366 567 siam
395 527 552 582 quam
587 521 827 568 tenemus
852 553 864 575 ,
897 512 1068 582 primo
1099 525 1191 580 per
1231 511 1398 582 vicina
1423 553 1436 572 ,
1459 510 1670 582 deinde
1713 521 1806 582 per

237 581 519 652 longinqua
546 625 560 648 ,
603 585 760 637 etiam
807 583 856 635 in
904 581 1134 635 Africam
1178 581 1339 635 venit.
1373 582 1426 634 In
1455 581 1589 633 hanc
1625 581 1807 652 oculos

235 651 542 722 aperimus,
593 655 728 708 hanc
771 653 820 706 in
861 653 1054 706 divinis
1089 651 1311 722 eloquiis
1355 660 1410 722 et
1451 651 1804 716 testimoniis,

235 721 374 777 sicut
405 723 574 793 ipsum
599 724 878 777 Dominum
904 722 1174 793 Christum
1196 729 1250 776 et
1276 721 1684 793 Redemptorem
1705 736 1806 793 rio-

232 803 402 847 strum
426 791 445 860 ,
473 795 847 864 comperimus.
875 794 956 846 Ab
984 793 1071 864 illo
1099 791 1208 864 Deo
1232 799 1415 864 patre,
1451 791 1526 864 ab
1561 791 1661 844 hac
1690 791 1808 864 Ec-

233 864 395 916 clesia
444 861 646 926 matre,
694 865 887 918 nullius
931 877 1016 916 me
1059 861 1288 916 hominis
1312 861 1532 916 crimina
1557 901 1572 928 ,
1614 861 1810 915 nnllius

233 933 509 987 calumnia:
539 935 879 1002 separabont.

306 1003 327 1076 (
349 1004 561 1076 Etpost
587 1000 714 1076 alias
737 1003 992 1076 quasdam
1021 1001 1418 1076 prosecutiones
1446 1011 1498 1056 et
1521 1000 1808 1076 interlocu-

236 1071 408 1129 tiones
430 1071 456 1143 )V
475 1071 795 1143 Augustinus
823 1073 954 1128 dixit
979 1091 991 1126 :
1025 1073 1162 1128 Ecce
1189 1073 1308 1126 dico
1333 1113 1348 1137 ,
1392 1071 1599 1140 quoties
1625 1073 1805 1143 volue-

234 1145 344 1199 rint
369 1142 487 1200 dico
515 1163 528 1198 :
556 1142 869 1198 Caicilianus
897 1160 1001 1198 non
1021 1153 1102 1197 est
1124 1152 1272 1211 pater
1299 1158 1447 1196 meus
1470 1161 1484 1206 ;
1508 1143 1627 1211 quia
1649 1142 1806 1194 audio

237 1215 518 1268 Dominum
545 1230 720 1268 meum
749 1213 1052 1275 dicentem,
1101 1213 1180 1266 Ne
1219 1213 1356 1266 vobis
1399 1226 1588 1282 patrem
1630 1213 1806 1266 dicatis

233 1287 287 1338 in
316 1295 449 1339 terra
471 1303 489 1350 ;
515 1301 644 1338 unus
667 1294 739 1338 est
769 1293 910 1354 pater
937 1282 1278 1354 vesteereus.
1312 1283 1437 1337 Dico
1465 1282 1802 1354 Ca-eilianum

237 1356 452 1410 fratrem
477 1397 492 1419 ,
519 1355 711 1408 bonum
738 1351 952 1408 fratrem
981 1394 996 1420 ,
1025 1354 1069 1407 si
1102 1353 1308 1418 bonus;
1332 1355 1524 1406 malum
1550 1351 1761 1406 fratrem
1787 1394 1802 1418 ,

234 1427 279 1478 si
303 1427 470 1479 malus
489 1433 570 1478 est
596 1441 609 1478 :
631 1425 879 1494 quoniam
905 1433 1118 1494 propter
1138 1424 1438 1494 communia
1460 1424 1804 1478 Sacramenta

236 1496 400 1548 frater
426 1510 574 1549 meus
603 1493 704 1548 est.
736 1495 789 1549 Si
820 1503 995 1548 autem
1019 1493 1274 1562 judicium
1305 1493 1370 1547 de
1401 1493 1492 1547 illo
1521 1508 1695 1547 meum
1727 1494 1805 1546 vis

234 1567 456 1630 audire,
509 1567 665 1618 etiam
708 1566 1040 1618 innocentem
1082 1563 1281 1628 credo,
1332 1564 1620 1632 appetitum
1661 1562 1805 1617 falsis

235 1635 691 1689 criminationibus
743 1635 989 1688 existimo
1037 1652 1049 1688 :
1099 1633 1193 1687 sed
1246 1641 1494 1702 tanquam
1539 1634 1697 1686 homo
1739 1633 1806 1688 de

236 1705 451 1760 homine
476 1706 780 1758 existimans
804 1745 817 1766 ,
845 1719 948 1757 non
973 1713 1219 1774 tanquam
1241 1713 1445 1774 certum
1473 1703 1668 1773 aliquid
1689 1718 1796 1757 cre-

235 1775 386 1830 dens.
402 1776 478 1828 'l‘u
500 1776 543 1829 si
566 1775 750 1844 objicis
770 1775 1017 1828 Ecclesim
1034 1775 1252 1828 crimina
1274 1773 1542 1828 Cmciliani
1559 1815 1573 1838 ,
1588 1774 1794 1839 assiste,

234 1845 462 1900 defendo
490 1857 734 1914 tanquam
763 1845 939 1898 fratris
963 1885 976 1906 ,
1000 1844 1286 1898 ostendens
1311 1860 1414 1898 non
1445 1845 1709 1914 pertinere
1734 1844 1800 1896 ad

237 1917 532 1972 Ecclesiam
558 1959 573 1979 ,
601 1913 701 1970 nec
724 1916 788 1969 ad
817 1914 932 1981 ejus
957 1929 1170 1967 causam
1196 1955 1210 1978 ,
1235 1929 1333 1967 nec
1352 1915 1400 1967 ei
1424 1913 1763 1982 pnnjudicare
1788 1931 1801 1967 :

235 1997 290 2042 ct
314 1988 392 2041 sic
410 1986 716 2041 demonstro
741 1985 870 2039 nihil
899 1995 949 2038 te
969 1984 1200 2053 objicere
1227 1985 1477 2038 Ecclesia:
1500 1983 1801 2049 catholica},

237 2057 447 2112 etiamsi
479 2072 600 2110 vera
633 2054 854 2109 fortasse
881 2095 894 2119 ,
922 2057 1062 2122 quod
1093 2055 1238 2107 nullo
1274 2053 1430 2107 modo
1471 2053 1670 2124 poteris
1707 2053 1804 2108 de-

237 2136 535 2181 monstrare
558 2167 572 2192 ,
605 2126 712 2180 sint
732 2125 956 2180 crimina
979 2124 1261 2179 Caeciliani.
1286 2124 1340 2178 Si
1366 2134 1540 2178 autem
1569 2139 1668 2178 nec
1692 2126 1802 2191 ipsa

237 2213 364 2252 vera
397 2198 626 2266 potueris
653 2197 1020 2266 demonstrare
1042 2237 1057 2260 ,
1089 2194 1246 2266 etiam
1273 2205 1322 2248 te
1342 2194 1523 2266 judice
1548 2195 1696 2248 vides
1718 2193 1806 2247 ubi

237 2264 557 2322 remanseris
580 2309 594 2328 .
623 2275 676 2321 et
699 2265 823 2335 quid
849 2265 1041 2334 rejecta
1067 2264 1276 2318 tandem
1299 2265 1633 2318 animositate
1654 2279 1805 2318 erro-

238 2339 312 2392 ris
342 2338 536 2406 eligere
560 2336 756 2391 debeas
779 2377 795 2400 ,
841 2345 896 2388 ut
927 2335 1211 2406 nobiscum
1265 2343 1446 2406 teneas
1490 2335 1762 2406 veritatem
1788 2374 1803 2398 ,

241 2404 518 2462 nobiseum
548 2407 882 2475 amplectaris
908 2404 1159 2460 damnato
1187 2419 1370 2458 errore
1398 2404 1732 2475 clnaritatem.

309 2479 560 2547 (Etcum
627 2473 1010 2547 contenderent
1050 2475 1400 2547 Donatista,
1467 2473 1807 2547 Cascilianum

237 2544 524 2604 Catholicis
545 2547 773 2602 radicem
801 2545 962 2599 fuisse
981 2545 1064 2599 vel
1084 2546 1276 2614 caput)
1299 2545 1620 2669 Augustinus
1641 2544 1804 2598 dixit:

240 2620 422 2669 llabeo
451 2627 607 2669 canut
630 2659 645 2669 .
675 2617 768 2669 sed
798 2616 1036 2669 Christus
1061 2624 1143 2669 est
1165 2656 1180 2669 .
1208 2616 1360 2669 cuius
1429 2615 1692 2669 nostolunt
1715 2630 1804 2668 au-

239 2620 422 2674 llabeo
451 2627 607 2687 caput
630 2659 645 2683 ,
675 2617 768 2670 sed
798 2616 1036 2669 Christus
1061 2624 1143 2669 est
1165 2656 1180 2680 ,
1208 2616 1360 2682 cujus
1380 2615 1809 2687 Apostolunrau-

237 2691 327 2745 dio
354 2685 615 2744 dicentem
641 2729 655 2752 ,
689 2687 872 2740 Omnia
902 2696 1062 2738 vestra
1086 2727 1099 2748 ,
1129 2702 1214 2738 vos
1234 2696 1398 2738 autem
1418 2685 1603 2738 Christi
1627 2725 1640 2747 ,
1665 2685 1810 2737 Chri-

237 2770 342 2815 stus
370 2775 485 2812 vero
514 2758 608 2812 Dei
639 2757 657 2828 (
681 2758 698 2810 l
726 2756 844 2812 Cor.
875 2772 928 2809 ιιι
953 2797 968 2822 ,
995 2756 1066 2808 ‘22
1086 2795 1104 2828 ,
1123 2757 1195 2828 ‘25
1214 2756 1252 2824 ).
1280 2755 1410 2809 Nam
1435 2765 1496 2828 et
1517 2755 1602 2828 ubi
1628 2769 1686 2809 se
1719 2771 1809 2828 pa-

238 2843 375 2885 trem
423 2829 555 2884 dixit
604 2825 925 2897 Apostolus,
955 2841 1041 2897 ne
1089 2827 1254 2895 ipsius
1283 2825 1812 2897 _paternitatis_vre_l_ut

235 2902 419 2955 basem
451 2893 732 2952 humanam
770 2893 1132 2951 infirmitatem
1173 2893 1515 2950 crederemus
1537 2935 1552 2958 ,
1585 2893 1804 2958 addidit,

241 2971 343 3024 Per
368 2969 696 3039 Evangelium
743 2983 832 3039 ego
859 2983 944 3020 vos
983 2964 1192 3039 genui_(
1215 2965 1298 3019 Id.
1328 2981 1398 3039 tv,
1430 2965 1494 3039 l_5
1521 2965 1561 3039 ).
1612 2963 1808 3039 Semen

238 3057 368 3109 ergo
395 3050 450 3094 et
477 3034 612 3096 vena
644 3034 862 3093 seminis
888 3034 999 3090 mei
1026 3037 1092 3090 de
1131 3034 1412 3109 Evangelio
1441 3034 1666 3109 ducitur.
1702 3035 1808 3109 lio-_

237 3103 588 3165 norilicentim
614 3123 772 3164 causa
803 3116 980 3188 patres
1008 3103 1334 3175 appellamus
1358 3120 1452 3186 eos
1479 3103 1568 3228 ﬂui
1601 3121 1696 3159 nos
1727 3105 1810 3159 vel

239 3190 478 3228 tempore
521 3181 603 3228 vel
649 3179 856 3228 meritis
907 3186 1310 3228 nrmcesserunt.
1358 3177 1475 3228 Altu
1561 3184 1644 3228 est
1688 3189 1809 3228 cum

239 3190 478 3250 tempore
521 3181 603 3235 vel
649 3175 856 3250 meritis
907 3186 1310 3250 prarcesserunt.
1358 3175 1512 3230 Aliud
1561 3184 1644 3250 est
1688 3189 1809 3250 cum

240 3245 529 3322 quat-rimus
550 3250 617 3305 ad
641 3249 796 3304 ﬁdem
822 3245 978 3322 quem
1002 3247 1288 3301 habeamus
1315 3254 1528 3322 patrem
1544 3286 1558 3309 ,
1580 3245 1645 3298 ad
1666 3245 1812 3322 salu-

241 3316 352 3376 tem
379 3329 628 3376 aeternam
656 3334 812 3388 quem
843 3316 1141 3388 habeamus
1185 3327 1386 3386 patrem
1409 3358 1424 3382 ,
1465 3316 1530 3370 ad
1581 3317 1814 3370 retinen-

243 3391 369 3445 dam
400 3387 686 3447 Ecclesiam
729 3397 783 3444 et
827 3387 1160 3458 percipienda
1211 3388 1302 3458 Dei
1351 3389 1607 3455 promissa
1651 3401 1808 3458 quem

249 3461 536 3516 habeamus
558 3470 780 3531 patrem.
797 3457 934 3531 Nam
962 3457 1089 3531 illud
1118 3457 1332 3531 honoris
1353 3465 1431 3531 est
1455 3496 1469 3521 ,
1500 3465 1556 3509 ut
1571 3457 1812 3531 quotidie

244 3532 464 3587 senibus
490 3525 725 3586 dicamus
747 3571 763 3595 ,
796 3530 970 3584 Pater.
1016 3527 1262 3595 Quotidie
1302 3527 1460 3580 etiam
1495 3525 1812 3595 quibusdam

244 3617 351 3656 non
382 3602 652 3657 nobiscum
699 3594 756 3655 ini
791 3615 890 3653 una
923 3594 1156 3653 Ecclesia
1189 3613 1287 3652 nec
1324 3597 1375 3650 in
1410 3594 1595 3650 iisdem
1621 3594 1813 3650 Sacra-

243 3673 441 3727 mentis
468 3673 767 3727 constitutis
792 3670 1016 3724 dicimus
1042 3709 1057 3734 ,
1103 3667 1307 3723 Frater.
1339 3665 1628 3721 Sodomitis
1653 3666 1812 3720 etiam

242 3743 378 3797 dixit
403 3743 500 3798 Lot
523 3784 538 3808 ,
571 3743 782 3796 Fratres
810 3757 822 3792 :
857 3741 1036 3809 utique
1059 3739 1126 3793 ad
1155 3737 1455 3809 leniendum
1481 3750 1665 3791 eorum
1694 3737 1808 3809 ani-_

243 3807 545 3868 rnositatcm
571 3855 584 3877 ,
615 3828 721 3867 non
749 3810 812 3865 ad
842 3807 1105 3880 cognitam
1145 3808 1526 3880 fraternitatem
1572 3815 1626 3860 et
1663 3807 1812 3880 quasi

243 3883 402 3938 unius
441 3884 749 3939 ltzcreditate
771 3883 786 3912 ¹
818 3877 1161 3945 consortium.
1209 3879 1482 3934 Tollantur
1516 3891 1644 3946 ergo
1674 3877 1770 3930 ista
1795 3919 1810 3943 ,

241 3953 633 4022 distinguamus
658 3952 907 4008 vocabula
932 3966 1050 4022 quae
1077 3949 1375 4022 hominibus
1405 3958 1619 4018 propter
1648 3947 1815 4022 hono-

241 4040 361 4079 rem
391 4017 651 4079 debentur
673 4066 688 4089 ,
722 4033 775 4077 et
801 4017 1111 4074 vocabulum
1153 4020 1292 4090 quod
1334 4017 1548 4087 propter
1585 4017 1812 4090 salutem

242 4095 588 4162 requirimus.
624 4086 725 4148 Pro
751 4093 919 4145 salute
943 4100 1137 4162 uerna
1164 4086 1184 4151 ,⁷
1207 4086 1345 4162 pace
1382 4086 1616 4159 Apostoli
1658 4086 1813 4141 dixe-

241 4159 349 4219 rim
375 4205 390 4229 ,
426 4166 531 4218 imo
552 4164 771 4232 jubcntc
798 4159 1052 4232 Apostolo
1080 4159 1302 4213 dixerim
1323 4200 1336 4221 ,
1358 4175 1461 4232 non
1491 4165 1640 4232 pater
1663 4171 1815 4232 rneus

244 4226 534 4301 Apostolus
552 4226 645 4286 'est
673 4232 737 4301 ad
767 4226 988 4301 salutem
1017 4237 1266 4301 (eternam
1291 4269 1330 4301 ,_
1347 4229 1435 4297 qui
1467 4227 1604 4301 mihi
1646 4226 1773 4280 dicit
1797 4266 1812 4290 ,

243 4297 363 4373 Ego
403 4303 620 4373 plantavi
643 4345 659 4367 ,
690 4299 872 4369 Apollo
908 4298 1128 4373 rigavit:
1165 4298 1253 4352 sed
1294 4297 1427 4373 Deus
1453 4298 1817 4373 incrementum

242 4367 411 4426 dedit.
441 4371 620 4438 Itaque
659 4367 816 4438 neque
843 4368 926 4437 qui
957 4367 1147 4434 plantat
1175 4377 1245 4438 est
1272 4367 1462 4438 aliquid
1487 4407 1499 4430 ,
1540 4382 1694 4438 neque
1718 4367 1818 4438 equi

242 4445 421 4510 rigat;
445 4435 546 4494 sed
559 4441 642 4507 qui
671 4435 1031 4510 incrementum
1057 4438 1147 4510 dat
1173 4437 1310 4510 Deus
1374 4435 1464 4510 Id.
1497 4451 1550 4489 Ill
1577 4476 1590 4500 ,
1619 4436 1653 4489 6
1676 4477 1689 4499 ,
1717 4436 1746 4488 7

243 4507 328 4566 De
356 4511 453 4565 hoc
483 4510 736 4565 Dominus
758 4508 925 4570 dixit,
959 4507 1131 4562 Nolite
1157 4509 1291 4562 vobis
1329 4508 1491 4560 dicere
1531 4518 1721 4570 patrem
1765 4507 1818 4560 in

243 4595 401 4636 terra.
434 4581 624 4650 Utique
647 4580 800 4635 scivit
827 4579 1090 4650 dicturum
1118 4579 1448 4650 Apostolum,
1481 4575 1604 4650 “Per
1644 4575 1815 4650 Evagr-

245 4654 436 4724 getium
473 4645 564 4724 ego
591 4667 675 4705 vos
699 4650 867 4724 genui.
897 4649 1010 4703 Non
1036 4645 1178 4704 enim
1209 4649 1432 4724 Domino
1462 4648 1655 4724 dicenti
1681 4686 1696 4711 ,
1737 4645 1820 4701 Ne

246 4719 390 4777 iobis
413 4719 592 4775 dicatis
621 4719 811 4790 patrem
836 4721 888 4790 in
913 4729 1044 4773 terra
1067 4761 1080 4781 ,
1123 4720 1418 4774 contrarius
1464 4719 1667 4772 futurus
1705 4728 1819 4772 erat

249 4794 537 4862 Apostolus
577 4789 757 4846 dicens
780 4831 795 4854 ,
827 4789 935 4842 Etsi
973 4791 1165 4862 rmrtltes
1203 4790 1425 4862 habeatis
1468 4799 1634 4862 putrer
1659 4830 1672 4852 ,
1731 4806 1820 4857 per

254 4857 583 4934 Evangelium
605 4877 806 4934 egeras
836 4860 1001 4934 genui.
1029 4859 1131 4934 Sed
1161 4859 1282 4934 quia
1302 4859 1545 4934 distinxit
1567 4857 1633 4910 ad
1659 4873 1815 4925 quam

251 4949 365 4988 rem
398 4928 598 5002 patrem
629 4928 781 5002 nobis
807 4928 1139 5002 constituerit
1166 4929 1417 4981 Dominus
1441 4967 1456 4990 ,
1489 4935 1542 4980 et
1586 4941 1680 4994 pro
1715 4942 1817 4994 qua

252 4998 653 5058 honorificentia
716 5001 874 5054 etiam
922 4998 1232 5067 Apostolum
1279 5011 1556 5066 possemus
1617 5003 1817 5063 patrem

252 5074 536 5142 accipere,
561 5072 679 5126 ideo
701 5070 776 5125 sic
797 5070 1002 5142 locutus
1021 5073 1204 5142 e_st,_ut
1223 5068 1336 5134 ejus
1351 5067 1531 5142 oratio
1553 5081 1655 5119 non
1677 5075 1819 5119 esset

251 5137 826 5199 cont'raria’dominiczc
857 5139 1080 5193 veritati.
1127 5139 1310 5192 Patres
1348 5137 1507 5206 igitur
1531 5150 1815 5204 quoscum—

251 5230 354 5283 que
383 5228 612 5281 agnosco
637 5213 688 5266 in
716 5221 852 5266 terra
877 5250 892 5274 ,
923 5209 1337 5283 honorificentia;
1374 5221 1528 5283 c_ausa
1567 5221 1816 5283 agnosco.

255 5276 462 5338 Patren:
495 5284 678 5337 salutis
711 5297 843 5335 mea:
887 5295 991 5333 non
1039 5291 1190 5333 teneo
1239 5277 1340 5332 nisi
1390 5277 1551 5329 Deum
1576 5313 1591 5338 ,
1621 5276 1688 5329 de
1713 5291 1820 5344 quo

253 5355 381 5408 mihi
415 5355 665 5408 Dominus
687 5352 858 5416 dixit,
891 5349 971 5402 Ne
995 5349 1130 5403 vobis
1157 5357 1350 5418 patrem
1369 5348 1546 5418 dicatis
1571 5347 1621 5418 in
1650 5356 1820 5418 terra:

255 5435 308 5478 et
333 5425 416 5478 cui
446 5422 930 5494 quotidiedicimus
955 5461 970 5485 ,
1005 5416 1166 5474 I’ater'
1187 5428 1353 5473 noster
1377 5459 1392 5484 ,
1422 5417 1505 5485 qui
1531 5433 1582 5470 es
1608 5417 1660 5469 in
1685 5416 1819 5469 caelis

296 5492 483 5547 Matth}
513 5510 559 5547 vi
584 5534 600 5547 .
628 5492 660 5546 9
689 5492 727 5547 l.

255 5491 483 5564 (Matt/t1
513 5510 559 5547 vi
584 5534 600 5558 ,
628 5492 660 5546 9
688 5491 727 5562 ).

325 5564 434 5637 (Et
457 5580 577 5637 cum
605 5562 888 5637 Donatistae
906 5568 1206 5637 qurerercty
1230 5559 1356 5637 quis
1369 5557 1690 5637 ordinaverit
1705 5558 1820 5637 _A_u-

253 5625 561 5703 gustinum)
595 5625 1112 5703 Augustinusidixit:
1151 5625 1425 5703 superflua
1462 5628 1622 5697 quaeri
1667 5625 1823 5703 video

254 5697 559 5758 afratribus
609 5697 805 5758 nostris
842 5719 874 5758 e
915 5702 1126 5756 diverso
1161 5697 1508 5760 sistentibus;
1537 5708 1588 5751 et
1617 5697 1682 5751 ad
1711 5699 1821 5764 ipsa

254 5773 518 5842 superﬂua
543 5788 647 5828 non
671 5772 876 5843 denego
898 5772 1297 5843 responsionem
1325 5788 1337 5836 ;
1367 5770 1489 5824 dum
1525 5778 1697 5822 tamen
1729 5768 1823 5821 nc—

313 5870 332 5901 ί
366 5873 527 5922 Forte.
551 5861 862 5916 hereditatis.

863 397 1226 453 EXCERPTA
1267 398 1358 454 AD
1399 395 1922 454 DONATISTARUM
1963 394 2326 455 HISTORIAM
2365 400 2836 460 PERTINENTIA.

3389 409 3493 467 833

1920 511 2101 565 clcsia:
2125 527 2321 587 causa,
2354 515 2436 568 cui
2468 518 2775 587 responderi
2807 517 2940 572 nihil
2970 525 3180 587 potest,
3216 518 3269 574 in
3301 519 3492 578 funda-

1919 591 2110 656 mento
2129 584 2390 656 tutissimo
2419 585 2725 640 collocetur.
2760 588 2870 656 Ego
2896 627 2911 653 ,
2955 584 3107 656 cujus
3133 584 3493 647 ordinatorem

1919 653 2175 728 requiris,
2206 653 2364 707 homo
2390 669 2507 728 sum
2541 653 2866 728 christianos
2890 699 2905 723 ,
2948 653 3118 728 fidelis
3143 699 3156 725 ,
3202 661 3341 728 quod
3383 661 3492 716 Deo

1919 722 2323 793 testewloquor.
2378 725 2708 793 catholicus,
2761 722 2902 783 unde
2948 722 3492 793 adhue—ambigimus

1914 792 2032 868 quis
2056 792 2246 868 dignus
2271 793 2379 868 _hoc
2409 797 2622 868 nomine
2647 798 2926 852 vocitetur.
2973 798 3084 868 Ego
3119 799 3262 853 illam
3306 792 3494 856 Eccle-

1913 863 2046 915 siam
2091 861 2545 943 deiettdt_i,_lianc
2591 881 2775 943 assere
2819 861 3395 943 qualictﬁiique__v_oce;
3441 872 3492 926 in

1912 946 2034 1009 qua_
2063 932 2316 1009 quidquid
2362 933 2550 1009 fuero,
2600 937 2684 1009 illa
2733 932 2969 992 Ecclesia
3017 932 3117 992 est;
3173 939 3336 995 Video
3382 932 3489 1009 quo

1915 1001 2133 1083 lendas;
2167 1001 2741 1083 humanasncalumnias
2767 1009 3088 1083 consectaria
3117 1027 3128 1061 :
3155 1017 3210 1083 et
3243 1001 3493 1083 quaiso-

1914 1071 2066 1125 leatis
2089 1072 2292 1140 jactare
2320 1084 2375 1130 et
2399 1075 2576 1132 dicere
2601 1116 2616 1140 ,
2649 1093 2752 1130 non
2781 1078 3008 1132 alienum
3044 1087 3126 1132 est
3163 1079 3230 1133 ab
3262 1071 3490 1135 'auribus

1913 1143 1996 1195 vel
2025 1144 2588 1220 a_cor_dil_)us__nost_r_i_s.
2636 1146 2883 1220 Megalius
2930 1163 3015 1203 me
3049 1149 3347 1215 ordinavit,
3376 1151 3488 1220 pri-

1913 1228 2028 1290 mas
2060 1214 2311 1290 Ecclesia:
2342 1215 2598 1290 Numidia:
2632 1214 2914 1290 _c_atholic:e
2937 1260 2952 1284 ,
3000 1232 3066 1290 eo
3106 1214 3343 1288 tempore
3378 1214 3491 1290 quo

1914 1282 2112 1360 ille‘me
2141 1285 2309 1352 potuit
2332 1285 2601 1340 ordinare.
2620 1287 2770 1360 Ecce
2792 1282 3046 1360 AreSpOndi
3077 1305 3089 1340 :
3128 1282 3447 1360 prosequere
3470 1332 3486 1356 ,

1913 1353 2090 1420 profer
2084 1371 2234 1429 _qu:e
2265 1371 2572 1429 przeparas:
2618 1357 2689 1410 ibi
2734 1353 2900 1412 etiam
2932 1353 3487 1429 calumriiosus'appaé

1911 1424 2221 1549 reas..Ecec
2251 1426 2361 1478 dixi
2390 1427 2748 1482 ordinatorem
2775 1443 2950 1483 meum
2981 1445 2992 1480 :
3040 1428 3219 1498 profer
3257 1424 3370 1499 jani
3394 1424 3488 1485 ca-

1932 1510 2138 1549 ummas
2188 1510 2303 1549 uas.

1932 1510 2138 1549 ιιιιιηιιιε
2168 1510 2303 1549 tuas.

1915 1607 2386 1692 Donatistarum
2409 1611 2666 1692 littera,
2696 1611 2809 1692 hac
2836 1613 3024 1692 tertia
3065 1612 3164 1674 die
3196 1613 3486 1692 prolatae,

1989 1687 2212 1770 quibus
2263 1689 2572 1770 Mandata
2625 1691 3095 1752 Catholicorum
3137 1687 3346 1770 prima
3391 1694 3492 1755 die

1988 1766 2357 1828 Collutionis
2387 1768 2650 1847 allegato
2679 1770 3047 1849 respondere
3077 1766 3407 1832 conantur.

1911 1891 2093 1946 Flavio
2118 1893 2417 1967 Marcellino
2442 1895 2556 1967 viro
2580 1895 2878 1951 clarissimo
2898 1907 2945 1950 et
2971 1897 3245 1967 spectabili
3275 1899 3490 1954 tribuno

1979 1972 2034 2016 et
2062 1965 2269 2036 notario
2293 2005 2303 2025 ,
2339 1965 2689 2019 Januarianus
2709 1976 2762 2020 et
2783 1969 2961 2021 cmtcri
2989 1965 3221 2036 episcopi
3250 1970 3490 2024 veritatis

1979 2032 2272 2106 catholicae,
2289 2050 2404 2106 qua.-
2418 2036 2836 2106 perseentionem
2857 2032 3068 2104 patitur.
3085 2032 3190 2091 non
3208 2055 3324 2106 qum
3341 2039 3484 2094 facit.

1985 2104 2034 2157 1.
2074 2102 2205 2171 Quia
2249 2102 2388 2172 apud
2425 2102 2543 2159 acta
2585 2102 2885 2160 Nobilitatis
2923 2116 3026 2161 tute
3053 2102 3303 2162 fratribus
3332 2110 3468 2164 colle

1908 2201 2095 2272 gisque
2140 2201 2338 2272 nostris
2383 2201 2753 2256 defensionem
2801 2201 3208 2265 mandavimus,
3247 2218 3494 2272 magnum

1904 2269 2034 2340 justi
2063 2271 2353 2339 cognitoris
2385 2273 2635 2324 indicium
2664 2283 2745 2326 est
2769 2314 2783 2337 ,
2817 2273 2957 2341 quod
2989 2273 3076 2326 uni
3109 2274 3240 2340 parti
3269 2269 3494 2328 conces-

1909 2342 2076 2404 serit,
2109 2343 2262 2394 alteri
2295 2357 2396 2394 non
2432 2357 2625 2408 negare
2648 2383 2663 2402 ,
2697 2358 2764 2395 ne
2807 2342 2897 2396 uni
2941 2344 3074 2410 parti
3115 2342 3325 2409 favere,
3355 2344 3490 2399 alte-

1910 2424 2022 2482 ram
2055 2426 2296 2482 premere
2323 2411 2591 2482 videatur.
2625 2411 2776 2478 Quod
2806 2421 2856 2466 te
2887 2428 2985 2480 pro
3019 2423 3104 2466 tua
3136 2413 3410 2482 prudentia
3437 2424 3494 2468 et

1910 2481 2066 2562 longe
2097 2481 2398 2550 prospicere
2422 2490 2539 2562 ,‘ct
2584 2481 2794 2562 linigius
2837 2483 3096 2562 condecet
3143 2481 3444 2562 praecavere
3475 2501 3488 2536 :

1912 2552 2140 2604 maxime
2164 2566 2281 2604 cum
2311 2551 2534 2620 populos
2561 2551 2746 2604 edictis
2769 2553 2964 2605 invites
2987 2551 3054 2606 de
3075 2553 3359 2606 audientize
3387 2563 3488 2606 tua:
3559 2560 3576 2576 '

1911 2621 2190 2675 libramine
2240 2620 2500 2689 judicare.
2553 2621 2854 2675 Adversarii
2909 2623 3102 2691 igitur,
3163 2623 3488 2687 traditores,

1917 2699 2390 2760 persecutoresque
2441 2692 2607 2745 nostri
2663 2707 2782 2746 cum
2834 2691 3197 2746 elucubratum
3243 2693 3489 2747 volutncn

1911 2761 1991 2814 sui
2019 2760 2248 2814 mandati
2280 2759 2475 2830 diuque
2499 2772 2812 2830 conceptum
2841 2769 2895 2815 et
2920 2764 3217 2830 expositum
3248 2759 3379 2815 actis
3408 2763 3486 2816 in-

1911 2840 2196 2900 gererent,
2237 2831 2353 2885 sine
2393 2831 2698 2900 praejudicio
2745 2831 2988 2900 equidem
3035 2842 3219 2886 nostro
3265 2833 3492 2886 libenter

1911 2900 2101 2955 audisti
2148 2919 2160 2954 :
2211 2901 2353 2969 quod
2398 2909 2456 2955 ut
2504 2902 2624 2955 huic
2662 2901 2900 2969 epistolae
2943 2913 3137 2956 nostra:
3181 2903 3444 2956 concedas
3471 2944 3487 2967 ,

1914 2971 2180 3042 impendio
2209 2971 2554 3039 postulamus.
2586 2971 2700 3025 Non
2721 2972 3062 3042 qnoillorum
3090 2987 3246 3039 prava
3270 2987 3490 3042 perver-

1912 3055 2076 3108 saqne
2101 3041 2342 3095 doctrina
2371 3057 2467 3094 nos
2490 3050 2720 3107 terreat,
2753 3041 2844 3096 sed
2871 3056 2938 3095 ne
2965 3042 3118 3095 labor
3141 3042 3211 3094 sit
3239 3041 3486 3096 defenso-

1915 3111 2060 3164 ribus
2089 3111 2320 3172 nostris.
2367 3121 2551 3165 contra
2595 3112 2783 3164 librum
2841 3111 3051 3164 illorum
3093 3111 3395 3178 prolixum,
3437 3122 3493 3167 et

1913 3190 2096 3234 contra
2126 3184 2524 3250 prosecutioncs
2545 3195 2729 3235 eorum
2751 3181 3034 3250 confligere
3057 3223 3070 3244 ,
3099 3195 3218 3234 eum
3253 3198 3351 3236 nec
3375 3183 3491 3237 dies

1917 3259 2058 3304 totus
2082 3266 2257 3305 causa:
2286 3250 2516 3305 sufficiat
2537 3293 2552 3315 ,
2586 3266 2684 3305 nec
2714 3267 2812 3304 vox
2843 3249 2933 3304 aut
2959 3251 3119 3304 latera
3150 3249 3444 3306 defensioni
3472 3294 3487 3316 ,

1916 3330 1972 3374 ut
1997 3322 2132 3376 liber
2158 3336 2276 3376 cum
2305 3321 2438 3374 libro
2460 3330 2513 3374 et
2534 3321 2773 3375 defensio
2793 3336 2911 3374 cum
2934 3321 3244 3376 defensione
3263 3337 3486 3376 concer-

1917 3399 2011 3444 tet.
2057 3393 2231 3457 Quare
2279 3391 2436 3458 igitur
2471 3391 2610 3445 hanc
2657 3392 2940 3461 epistolam
2981 3401 3212 3444 nostram
3260 3393 3491 3461 petimus

1917 3461 2085 3532 accipi
2112 3472 2270 3531 atque
2303 3462 2462 3516 inseri
2485 3462 2671 3532 jubeas
2696 3502 2711 3529 ,
2759 3469 2885 3516 tunc
2914 3460 3106 3516 deinde
3144 3460 3359 3517 causam
3390 3477 3488 3517 au-

1915 3530 2030 3586 dire
2059 3530 2312 3599 digneris.

1985 3602 2038 3655 2.
2070 3601 2367 3655 Adversarii
2397 3601 2535 3655 enim
2557 3601 2722 3655 nostri
2750 3601 2987 3656 decursis
3015 3602 3346 3662 testimoniis,
3371 3603 3490 3671 qui-

1916 3672 2014 3726 bus
2039 3671 2272 3725 Ecclesia
2294 3686 2411 3740 cuin
2435 3672 2588 3724 laude
2617 3673 2694 3724 sui
2719 3671 3257 3739 nbiquedilfunditur,
3283 3672 3330 3724 id
3349 3673 3492 3740 prius

1916 3741 2168 3795 mandant
2193 3741 2303 3795 suis
2323 3739 2688 3794 defensoribus
2710 3741 3084 3808 peragendum,
3113 3749 3168 3794 ut
3189 3739 3371 3794 contra
3399 3757 3494 3796 nos

1915 3814 2004 3882 qui
2037 3811 2287 3882 Ecclesia:
2313 3810 2644 3882 defendimus
2667 3812 2968 3882 puritatem,
2997 3811 3097 3862 isto
3122 3812 3276 3882 tnodo
3296 3823 3451 3879 agant
3474 3855 3489 3876 ,

1916 3880 1976 3935 tit
2001 3881 2241 3935 eamdem
2275 3882 2562 3934 Ecclesiam
2596 3880 2890 3934 habituram
2920 3880 2968 3932 in
3000 3895 3058 3933 se
3097 3880 3385 3947 permixtos
3419 3883 3490 3935 si-

1917 3951 2025 4006 mul
2067 3952 2233 4005 bonos
2255 3960 2307 4003 et
2330 3954 2494 4003 malos
2516 3964 2678 4018 usque
2704 3951 2752 4002 in
2783 3951 2941 4003 finem
2971 3950 3150 4004 saeculi
3175 3950 3350 4004 dicant
3373 3965 3494 4006 esse

1955 4022 2242 4076 rardictam.
2274 4019 2434 4088 Cujus
2465 4021 2538 4074 rei
2577 4034 2731 4073 causa
2777 4035 2874 4073 nos
2915 4021 3081 4087 magis
3121 4019 3450 4074 ostendimus
3473 4064 3488 4086 ,

1967 4092 2208 4146 cclesiam
2257 4091 2460 4160 Domini
2512 4091 2562 4143 in
2586 4089 2877 4160 Scripturis
2921 4089 3110 4142 divinis
3156 4099 3390 4160 sanetam
3437 4101 3492 4145 et

1921 4163 2307 4215 immaculatam
2353 4159 2466 4215 fore
2508 4159 2720 4229 ubique
2750 4160 3059 4213 nuntiatam.
3113 4160 3214 4213 Per
3255 4159 3439 4213 Isaiam
3474 4178 3488 4212 :

1921 4231 2185 4302 Exsurge,
2232 4231 2396 4292 Sion;
2435 4229 2588 4302 indue
2625 4230 2967 4302 fortitudinem
3007 4238 3177 4302 tuam,
3207 4229 3490 4302 Jerusalem

1921 4300 2326 4364 civitas‘sancta;
2354 4317 2452 4353 non
2478 4300 2678 4369 adjiciet
2701 4301 2911 4352 transire
2933 4315 3019 4368 per
3045 4309 3090 4369 te
3118 4300 3493 4355 insircumcistts

1921 4383 1966 4426 et
1995 4372 2280 4424 immundus
2311 4369 2456 4440 (lsai.
2489 4368 2575 4430 ιιι,
2604 4371 2680 4436 1).
2711 4371 2774 4424 Et
2802 4371 2989 4423 iterum
3023 4387 3034 4422 :
3067 4368 3177 4427 Dic.
3204 4369 3311 4435 ﬁlia
3342 4370 3490 4435 Sion,

1923 4441 2053 4494 Ecce
2091 4442 2176 4494 tibi
2205 4442 2425 4494 salvator
2469 4442 2727 4504 adveniet,
2775 4441 2957 4494 habens
2985 4440 3255 4493 mercedem
3283 4450 3330 4493 et
3368 4457 3493 4511 opus

1923 4525 2036 4565 ante
2063 4513 2240 4582 [aciem
2268 4529 2408 4582 suam
2430 4553 2444 4576 ,
2478 4521 2522 4564 ct
2552 4513 2740 4582 vocabit
2775 4511 2922 4564 illum
2957 4511 3198 4582 populum
3223 4521 3449 4582 sanctum
3473 4551 3489 4576 ,

1922 4581 2230 4652 redemptum
2266 4600 2296 4634 a
2341 4581 2574 4635 Domino.
2625 4581 2699 4652 Tn
2736 4581 3492 4652 autemt'ocabcristlesiderata

1923 4650 2115 4719 civitas,
2145 4665 2188 4706 et
2220 4669 2318 4706 non
2344 4653 2577 4705 derelicta
2599 4651 2705 4721 (Id.
2733 4667 2864 4712 1.x",
2901 4651 2985 4712 ll,
3018 4650 3126 4719 12).
3161 4650 3221 4702 Et
3255 4650 3441 4704 iterum
3479 4670 3488 4704 :

1923 4724 2288 4795 Confortatnini
2309 4765 2339 4795 ,_
2357 4739 2533 4795 manus
2553 4723 2808 4795 disse/utre
2829 4736 2846 4780 ;
2871 4729 2914 4771 et
2945 4737 3103 4795 genua
3121 4721 3311 4795 debilia
3329 4738 3488 4795 2con-

1926 4789 2182 4863 fortamini
2209 4809 2226 4846 :
2257 4793 2342 4863 qui
2367 4792 2483 4863 estis
2512 4790 2852 4863 pusillanimes
2873 4833 2886 4852 ,
2904 4791 3069 4863 nolite
3095 4791 3285 4863 timere.
3320 4789 3493 4863 Domi-

1924 4860 2023 4945 nus
2046 4873 2213 4916 noster:
2239 4860 2492 4945 iudicium
2524 4861 2758 4945 retribuet
2779 4870 2869 4945 ,“et
2898 4860 3006 4926 ipse
3042 4861 3197 4912 veniet
3217 4901 3229 4918 ,
3259 4870 3304 4912 et
3333 4861 3494 4912 salvos

1924 4936 2072 5003 faciet
2099 4929 2377 5003 nos._A'I'unc
2396 4929 2832 5003 aperienturoculi
2851 4945 3117 4994 ctecorum,
3141 4940 3184 4982 et
3213 4946 3358 5003 aures
3384 4946 3494 5003 sur-

1923 5000 2100 5055 dorum
2121 5001 2345 5062 audient,
2376 5001 2528 5068 plana
2551 5001 2645 5053 erit
2685 5000 2860 5069 lingua
2883 5010 3163 5062 mutorum,
3207 5011 3250 5051 et
3281 5000 3492 5053 claudus

1922 5073 2068 5126 saliet
2099 5073 2226 5126 sicut
2250 5086 2441 5123 cervus.
2473 5069 2728 5139 Quoniam
2747 5080 2897 5139 rupta
2923 5079 2994 5139 est
3029 5072 3081 5122 in
3112 5070 3302 5121 deserto
3329 5085 3458 5136 aqua
3481 5111 3494 5135 ,

1924 5153 1967 5195 et
1988 5144 2100 5210 fons
2126 5143 2176 5195 in
2211 5151 2344 5194 terra
2370 5130 2570 5192 sitienti.
2600 5141 2660 5194 El
2685 5130 2880 5208 adjecit
2907 5157 2920 5192 :
2952 5138 3074 5210 lltc
3098 5141 3176 5191 via
3205 5130 3419 5201 munda,
3449 5130 3493 5191 et

1925 5209 2003 5264 via
2045 5221 2216 5265 sancta
2244 5210 2534 5270 vocabitur;
2573 5221 2616 5263 et
2654 5227 2754 5264 non
2785 5209 3009 5262 transibit
3040 5209 3142 5262 illic
3167 5209 3452 5263 immundus
3479 5251 3492 5271 ,

1926 5299 2081 5350 neque
2117 5282 2208 5335 erit
2237 5281 2341 5333 illic
2365 5281 2444 5332 via
2472 5281 2752 5332 immunda.
2785 5279 2952 5350 Etiam
2975 5278 3082 5331 illic
3120 5295 3219 5333 non
3246 5281 3336 5332 erit
3378 5280 3452 5331 leo
3475 5319 3490 5343 ,

1926 5348 2079 5422 neque
2103 5368 2164 5405 ea:
2189 5351 2354 5422 bestiis
2380 5351 2524 5403 malis
2545 5348 2844 5422 ascendetin
2866 5349 2974 5422 illa,
3004 5366 3162 5422 neque
3183 5350 3495 5422 invenientur

1926 5425 1976 5476 in
1999 5419 2110 5483 illa,
2136 5421 2221 5476 sed
2241 5421 2560 5474 ambulabunt
2581 5421 2684 5473 illic
2701 5419 2941 5485 redempti
2960 5430 3004 5472 ct
3025 5421 3164 5473 electi
3187 5419 3296 5488 (Id.
3327 5434 3490 5482 xxxv,

1927 5493 2102 5562 3-10).
2137 5493 2209 5546 De
2239 5507 2338 5560 qua
2371 5491 2420 5543 in
2447 5491 2676 5562 Can_ticis
2703 5490 3023 5562 canticorum
3053 5506 3115 5544 ex
3143 5506 3366 5558 persona
3398 5491 3498 5544 Do-

1929 5559 2067 5617 mini
2094 5559 2346 5630 scriptum
2385 5572 2468 5614 est
2498 5578 2509 5612 :
2540 5559 2668 5613 Tota
2691 5561 2913 5626 speciosa
2953 5577 3004 5614 es
3027 5603 3041 5622 ,
3084 5578 3224 5615 soror
3263 5578 3372 5613 mea
3396 5601 3408 5621 ,
3455 5570 3499 5611 et

1929 5634 2244 5702 reprehensio
2271 5648 2371 5684 non
2410 5640 2478 5684 est
2515 5632 2566 5683 in
2603 5640 2654 5702 te
2693 5630 2857 5696 (Cant.
2901 5647 2971 5696 ιν,
3016 5633 3088 5700 7).
3121 5631 3271 5696 Quod
3303 5631 3499 5702 Paulus

1930 5700 2201 5772 apostolus
2229 5702 2557 5770 apertissime
2583 5700 2962 5754 demonstravit
3000 5702 3178 5754 dicens
3217 5717 3230 5753 :
3273 5701 3500 5753 Christus

1933 5775 2106 5828 dilexit
2135 5774 2437 5833 Ecclesium,
2479 5782 2524 5824 et
2554 5772 2868 5840 semetipsum
2892 5772 3096 5825 tradidit
3128 5782 3330 5838 propter
3354 5788 3462 5823 eam
3485 5811 3497 5824 .

1935 5857 1988 5899 ut
2008 5861 2114 5900 eam
2135 5843 2489 5912 sanctiﬁcaret,
2514 5858 2732 5912 purgans
2752 5859 2859 5896 eam
2883 5857 3027 5912 aqua?
3041 5843 3239 5896 lavacro
3261 5843 3312 5895 in
3338 5843 3498 5904 verba,
