1940 3043
79 151 112 179 t3
782 149 1004 180 ANCORATUS.
1676 145 1688 172 ί
1694 149 1711 176 4

530 254 720 281 ΕΠΙΣΤΟΛΗ
745 253 922 281 ΓΡΑΦΕΙΣΑ
945 254 1019 279 ΑΠο
1039 252 1252 279 ΠΛΜΦΥΛῘΑΣ

286 299 338 327 ΕΚ
351 300 496 327 ΠΟΛΕΩΣ
513 299 713 330 ΣΟΥΕΔΡΩΝ,
740 299 791 326 ΕΚ
817 298 888 325 ΤΩΝ
912 299 1003 326 ΠΕΡΙ
1022 297 1216 332 ΤΑΡΣΙΝΟΝ,
1233 298 1296 325 ΚΑΙ
1316 299 1500 332 ΜΛΤΙΔΙΟΝ,

349 347 413 373 KAI
424 347 576 374 ΑΛΔΟΥΣ
586 347 872 373 ΠΡΕΣΒΥΤΕΡΟΥΣ
885 347 986 373 ΠΡΟΣ
1003 346 1072 372 ΤΟΝ
1084 346 1203 373 APION
1216 346 1433 378 ΕΠΙΦΑΝΙΟΝ,

227 391 317 419 ΠΕΡΙ
335 391 494 419 ΠΙΣΤΕΩΣ
517 392 751 419 ΛῘΊἨΣΑΝΤΩΝ
770 392 918 418 ΠΑΤΡΟΣ
934 392 997 418 ΚΑΙ
1016 392 1097 418 ΥΙΟΥ
1109 393 1173 420 ΚΑΙ
1191 391 1312 420 ΑΙἾΟΥ
1324 392 1563 428 ΠΝΕΥΜΑΤΟΣ,

510 435 577 465 ΚΑΙ
591 437 719 465 ΛΛΔΩΝ
732 437 862 464 ΜΕΡΩΝ
879 438 950 464 ΤΗΣ
963 438 1088 465 ΑΥΤΗΣ
1103 439 1268 466 ΠΙΣΤΕΩΣ.

550 531 577 566 2
593 529 775 558 EPISTOLA
798 530 953 559 SCRIPTA
973 531 998 558 E
1017 530 1237 559 PAMPHYLIA

480 576 532 604 EX
550 575 692 605 OPPIDO
713 576 875 605 SUEDRIS
892 578 914 605 Α
934 577 1107 613 TARSINO,
1124 578 1306 613 MATIDIO,

407 622 454 652 ET
466 623 570 652 ALHS
585 623 844 653 PRESBYTERIS
857 624 906 652 AD
920 625 1100 654 SANCTUH
1117 626 1390 661 EPIPHANIUM;

207 671 311 707 QUEM
330 670 378 699 DE
393 670 482 698 FIDE
497 671 706 700 SCISCITATI
724 671 826 700 SUNT
841 670 975 710 PATRIS
992 671 1039 700 ET
1057 672 1156 701 FILII
1171 674 1218 702 ET
1235 673 1415 703 SPIRITUS
1428 675 1580 710 SANCTI,

624 717 805 752 ALIISQUE
820 709 933 745 FIDE]
948 718 1160 748 CAPITIBUS.

110 811 156 848 Τῷ
179 811 269 847 κυρίῳ
287 795 441 848 θεοτιμήτῳ
456 810 598 846 ὲπισκόπῳ
619 810 783 846 Ἑπιφανίῳ,
804 810 865 838 Μα-
879 814 899 842 Α

952 809 1067 838 Domino
1075 809 1147 846 apud
1160 809 1244 839 Deum
1254 810 1468 841 honoratissimo
1476 817 1503 842 et
1514 815 1643 850 episcopo
1653 815 1717 851 Epi-

75 859 155 891 τίδιος
170 858 218 885 καὶ
241 858 375 892 Ταρσίνος
390 858 416 884 οἱ
431 857 486 884 νέοι
500 857 682 892 πρεσὸύτεροι
692 857 742 892 τῆς
757 857 787 884 ἐν
800 857 867 884 Σου-

79 906 162 942 ίδροις
174 904 322 940 καθολικῆς
341 904 515 939 Ἑκκλησίας,
530 904 559 930 ὲν
570 904 665 940 Κυρίῳ
680 903 797 940 χαίρειν.

111 951 247 983 Ποικίλως
265 952 279 978 6
298 950 395 987 ἐχθρὸς
414 951 468 977 τῶν
482 949 634 986 ἀνθρώπων
650 949 774 982 διάϐολος
787 949 866 977 εῐωθε

77 999 231 1035 ¹νιριίιπτειν,
249 998 297 1025 καὶ
316 997 351 1024 τὰ
368 997 423 1025 ῐδια
444 995 615 1032 ἑπισπείρειν
635 995 782 1032 σπέρματα
797 996 869 1024 κατὰ

76 1045 130 1072 τῶν
153 1044 356 1079 ἁπλουστέρων,
381 1043 429 1070 καὶ
451 1042 565 1079 μηδέπω
588 1043 629 1074 εἰς
649 1042 699 1078 τὴν
716 1042 808 1069 πίστιν
821 1042 872 1078 τῆς

83 1090 158 1125 ἁγίας
174 1090 291 1127 Τριάδος
309 1089 519 1125 βεϐαιωοέντων.
544 1088 574 1116 Ὀ
591 1088 682 1125 μέντοι
698 1088 809 1124 στερεὸς
822 1088 869 1116 θε-

80 1138 180 1174 μέλιος,
206 1137 278 1164 κατὰ
304 1137 334 1163 τὸ
356 1135 562 1172 γεγραμμένον,
586 1135 702 1171 ἕστηκεν
725 1134 796 1170 ἔχων
820 1135 870 1171 τὴν

79 1183 214 1220 σφραγῖδα
227 1183 339 1220 ταύτην.
354 1183 446 1217 Ἔγνω
462 1182 517 1218 γὰρ
529 1181 634 1218 Κύριος
646 1181 710 1214 τοὺς
726 1181 806 1213 ὂντας
819 1182 872 1208 αὐο

79 1229 136 1257 τοῦ.
151 1230 183 1257 Οἱ
204 1229 233 1256 δὲ
250 1229 338 1257 πάντα
357 1228 480 1264 εὐχερεῖς
503 1228 649 1264 αίρετικοὶ,
671 1227 804 1264 παρέντες
822 1227 872 1263 τὴν

79 1276 150 1303 κατὰ
167 1275 216 1302 τυῦ
244 1274 331 1311 ’ἰησοῦ
356 1274 543 1310 βλασφημίαν,
566 1273 668 1310 ἑτέρως
687 1274 728 1306 εἷς
747 1273 793 1301 τὸν
806 1273 874 1301 Θεὸν

81 1322 220 1354 ἀσεϐοῦσι,
235 1321 304 1348 κατὰ
314 1320 362 1348 τοῦ
376 1320 455 1355 ἁγίου
468 1319 628 1356 Πνεύματος
641 1319 693 1355 τὴν
705 1319 773 1346 ίδίαν
786 1319 873 1354 γλῶσ-

83 1376 132 1394 σαν
142 1366 349 1402 μεγαλύνοντες,
364 1366 411 1393 καὶ
421 1365 531 1393 ἀδικίαν
544 1365 584 1397 εἰς
597 1366 627 1392 τὸ
640 1364 708 1399 ὕψος
720 1364 874 1397 λαλοῦντες.

87 1411 160 1438 Ἀλλ’
175 1412 250 1447 ὅμως
264 1411 366 1447 καίπερ
382 1411 486 1447 μυρίων
502 1410 678 1446 κινηθέντων,
694 1410 771 1438 αὐτοὶ
784 1410 876 1446 χάριτι

922 856 1033 893 phanio,
1044 856 1173 885 Matidius
1183 857 1351 887 etTarsinus
1367 859 1431 886 novi
1445 861 1598 897 presbyteri
1606 862 1717 890 catholi-

923 911 961 932 ea:
972 903 1180 940 Ecclesiaqua:
1188 908 1230 932 est
1239 904 1266 932 in
1280 905 1447 933 Suedrornm
1461 907 1573 942 oppido,
1588 908 1716 936 salutem.

959 949 1078 977 Humani
1095 950 1204 984 generis
1220 950 1307 979 hostis
1319 951 1445 980 diabolus
1456 953 1542 981 variis
1555 954 1643 982 modis
1655 962 1717 989 per-

924 995 1041 1023 miscere
1053 995 1124 1023 solct
1147 996 1255 1029 omnia,
1275 1001 1303 1024 et
1322 997 1349 1024 in
1366 998 1508 1026 rudiorum
1533 999 1633 1028 animis
1650 1008 1715 1028 nec-

925 1041 991 1069 dum
1023 1041 1049 1068 in
1076 1047 1265 1070 sacrosancta:
1287 1041 1434 1071 "Trinitatis
1457 1044 1510 1071 fide
1531 1045 1718 1073 corroboratis

924 1090 1022 1122 suapte
1036 1087 1140 1114 semina
1159 1087 1326 1123 dispergere.
1342 1087 1561 1117 Fundamentum
1574 1097 1650 1122 vero,
1677 1089 1719 1118 uti

927 1133 1064 1168 scriptum
1075 1136 1128 1165 est,
1145 1133 1285 1161 immobile
1300 1138 1404 1169 perstat
1416 1139 1443 1162 et
1451 1135 1568 1163 solidum
1583 1140 1667 1172 atque
1677 1138 1719 1164 si-

932 1178 989 1214 gilli
1009 1182 1073 1206 nota
1090 1178 1245 1214 signatum;
1270 1180 1346 1207 novit
1364 1180 1438 1208 enim
1460 1180 1593 1210 Dominus
1607 1189 1656 1210 eos
1671 1183 1719 1218 qui

929 1229 994 1253 sunt
1014 1225 1101 1261 ipsius
1116 1225 1136 1252 ¹.
1157 1225 1192 1253 At
1208 1226 1330 1254 haeretici
1348 1227 1382 1255 ad
1405 1228 1499 1255 omnia
1518 1227 1613 1257 faciles
1625 1249 1632 1261 ,
1653 1237 1720 1264 prae-

928 1270 1055 1298 termissa
1070 1270 1098 1298 in
1110 1269 1204 1298 Iesum
1224 1271 1403 1306 blasphemia,
1419 1273 1500 1301 aliter
1516 1273 1544 1300 in
1563 1273 1649 1302 Deum
1665 1275 1719 1302 im-

928 1315 966 1350 pii
980 1319 1062 1349 sunt,
1076 1315 1141 1343 dum
1166 1319 1194 1343 et
1216 1315 1350 1345 adversus
1367 1316 1500 1354 Spiritum
1522 1323 1649 1346 sanctum
1669 1320 1721 1347 lin-

929 1368 997 1396 guas
1009 1367 1074 1388 suas
1103 1360 1253 1389 insolenter
1270 1366 1386 1396 acuunt,
1402 1366 1429 1391 ct
1445 1363 1609 1399 iniustitiam
1623 1369 1721 1393 contra

930 1406 1130 1435 sublimitatem
1148 1407 1302 1442 loquuntur
1316 1409 1337 1436 ².
1355 1407 1408 1437 Sed
1425 1409 1478 1437 etsi
1488 1409 1587 1437 inﬁniti
1596 1410 1721 1439 homines

84 1457 188 1495 Κυρίου
210 1459 250 1490 είς
271 1457 320 1493 τὴν
344 1457 406 1493 ὑγιῆ
428 1457 587 1493 ἑστήκαμεν
609 1457 711 1488 πίστιν,
734 1456 763 1483 ὲν
784 1453 899 1491 μηδενὶ]

935 1458 1166 1487 commoveantur,
1191 1461 1243 1482 nos
1267 1457 1358 1482 tamen
1373 1453 1481 1482 Domini
1502 1456 1589 1491 gratia
1606 1456 1633 1484 in
1654 1464 1722 1484 sane

83 1505 154 1536 ὅλως
171 1502 406 1540 παρακινηθέντες
415 1503 466 1538 τῆς
479 1502 564 1538 ὀρθῆς
577 1502 626 1529 καὶ
639 1500 737 1536 ὑγιοῦς
750 1500 879 1528 διδασκα-

85 1549 155 1581 λίας.
172 1549 226 1575 Καὶ
241 1548 335 1575 πολλοὶ
348 1548 402 1575 τῶν
415 1547 565 1575 δοκούντων
581 1546 749 1579 ἀπατᾶσθαι,
764 1547 881 1582 ἐπανερ-

88 1595 233 1631 ρώσθησαν
255 1595 349 1631 χάριτι
373 1594 489 1630 Κυρίου,
511 1594 556 1621 διά
578 1601 609 1620 τε
634 1592 807 1629 γραμμάτων
832 1591 881 1619 τοῦ

90 1640 203 1676 μνήμης
217 1639 292 1672 ἀξίου
309 1639 356 1666 καὶ
376 1638 529 1675 μακαρίτου
542 1637 692 1665 ἐπισκόπου
710 1637 880 1669 Ἀθανασίου,

89 1685 138 1712 καὶ
159 1685 206 1712 τοῦ
227 1684 437 1712 θεοσεδεστάτου
456 1682 664 1720 συλλειτουργοῠ
682 1691 729 1710 σου
745 1683 881 1718 Προκλια-

89 1730 149 1758 νοῦ.
169 1730 277 1765 Ἐπειδὴ
287 1730 316 1757 δὲ
329 1730 440 1765 λείψανα
455 1730 503 1765 τῆς
519 1730 607 1765 κακῆς
621 1727 796 1759 διδασκαλίας
807 1727 884 1763 παρά

89 1785 163 1803 τισιν
184 1776 224 1803 ἔτι
247 1776 446 1812 περιλείπεται,
462 1775 510 1801 καὶ
525 1774 578 1810 χρὴ
593 1774 679 1801 ταῦτα
694 1774 727 1801 δι’
742 1775 814 1810 ὑμᾶς
827 1772 882 1800 τῶν

89 1822 233 1858 ἔμπείρων
249 1822 290 1854 είς
309 1821 478 1850 καλλιέλαιον
502 1820 739 1857 ἑγκεντρισθῆναι,
758 1820 775 1856 ἢ
792 1819 882 1846 τέλεον

89 1869 291 1905 ὲκκοπηοῆναι·
315 1868 410 1895 τούτου
433 1868 513 1904 χάριν
529 1868 679 1904 γράφοντες
693 1867 725 1902 τῇ
743 1866 883 1900 θεοσεὸείᾳ

92 1924 151 1947 σου,
173 1914 389 1951 παρακαλοῦμεν
410 1913 578 1946 καταξιῶσαι
598 1912 645 1948 τὴν
667 1911 810 1939 εὐλάϐειαν
835 1919 882 1938 σου

91 1960 244 1997 γράμματα
261 1960 329 1996 πρὸς
346 1960 395 1996 τὴν
415 1959 554 1995 ἡμετέραν
572 1957 736 1993 Ἐκκλησίαν
750 1955 882 1992 διαχαρά-

91 2005 148 2039 Eat,
166 2006 213 2033 ml.
227 2005 272 2033 διὰ
288 2004 457 2040 πλατυτέρου
475 2004 644 2039 διηγήματος
667 2002 717 2038 τὴν
738 2002 821 2038 ὀρθὴν
836 2001 882 2028 καὶ

89 2052 157 2088 ὑγιῆ
180 2052 271 2079 πίστιν
296 2051 435 2083 ἐκθέσθαι,
458 2050 528 2086 πρὸς
548 2049 579 2076 τὸ
593 2048 741 2084 δυνηθῆναι
756 2048 804 2074 καὶ
820 2047 883 2078 τοὺς

86 2097 304 2133 ἁπλουστέρους,
318 2097 366 2124 καὶ
382 2096 422 2123 ἔτι
437 2096 501 2132 περὶ⁸
514 2095 564 2131 τὴν
579 2094 669 2122 πίστιν
687 2093 882 2126 ἐνδοιάζοντας,

87 2143 273 2180 βεὸαιωθῆναι
290 2142 335 2169 διὰ
350 2141 404 2168 τῶν
420 2140 500 2176 ίερῶν
516 2149 563 2166 σου
578 2139 763 2176 γραμμάτων,
778 2138 824 2165 καὶ
837 2137 882 2164 τὸν

86 2188 188 2225 ἐχθρὸν
198 2188 249 2224 τῆς
268 2187 431 2222 Ἑκκλησίας
442 2186 564 2214 διάὸολον
580 2185 626 2212 διὰ
638 2184 691 2211 τῶν
701 2183 788 2218 ἁγίων
799 2191 883 2219 προσ-

85 2235 178 2271 ευχῶν
194 2244 243 2262 σου
255 2233 497 2269 καταισχυνθῆναι.
513 2233 649 2269 Ἔριἳωσο,
669 2230 828 2266 τιμιώτατε.

934 1495 987 1525 ﬁde
1003 1505 1225 1532 perseveramus,
1244 1506 1295 1527 nec
1309 1499 1364 1527 ulla
1383 1507 1412 1528 re
1431 1501 1541 1535 penitus
1556 1501 1590 1529 ab
1605 1506 1680 1530 recta
1695 1507 1722 1530 et

936 1549 1003 1570 sana
1016 1542 1140 1570 doctrina
1157 1542 1334 1571 descivimus.
1347 1543 1420 1577 Quin
1431 1549 1458 1572 et
1472 1545 1562 1579 multi,
1574 1546 1620 1582 qui
1634 1546 1662 1574 in
1679 1555 1723 1575 er-

934 1594 1022 1615 rorem
1038 1587 1144 1624 abrepti
1159 1588 1333 1621 videbantur,
1349 1588 1397 1617 Dei
1407 1590 1494 1625 gratia
1506 1591 1722 1626 convaluerunt,

935 1636 1058 1670 acceptis
1074 1642 1089 1662 a
1104 1635 1184 1663 beato
1197 1642 1229 1663 ac
1249 1635 1336 1664 felicis
1347 1637 1486 1664 memoria:
1497 1637 1626 1673 episcopo
1638 1638 1724 1666 Atha-

936 1680 1026 1713 nasio,
1055 1684 1083 1708 et
1103 1680 1138 1708 ab
1162 1681 1370 1717 religiosissima
1391 1682 1496 1718 collega
1517 1687 1564 1711 tuo
1580 1684 1724 1712 Procliano

935 1724 1044 1754 litteris.
1057 1725 1111 1753 Sed
1123 1727 1252 1761 quoniam
1265 1727 1445 1756 conscelerati
1457 1728 1593 1764 dogmatis
1603 1730 1725 1766 reliquiae

936 1772 1008 1807 apud
1030 1772 1178 1801 nonnullos
1197 1773 1287 1801 adhuc
1304 1778 1472 1809 supersunt,
1489 1782 1591 1810 eaSque
1606 1784 1654 1812 per
1674 1785 1723 1805 vos

935 1818 1039 1854 peritos
1053 1819 1188 1855 agricolas
1202 1820 1231 1847 in
1245 1819 1352 1848 felicem
1369 1821 1456 1848 oleam
1471 1821 1567 1853 inseri.
1585 1827 1632 1850 aut
1649 1825 1726 1858 peni-

935 1869 980 1891 tus
996 1864 1085 1891 excidi
1111 1872 1225 1892 necesse
1252 1868 1307 1898 est,
1329 1865 1365 1893 ob
1381 1865 1408 1893 id
1436 1866 1565 1901 pietatem
1585 1871 1661 1895 tuam
1677 1876 1726 1904 per

935 1910 1007 1937 hanc
1023 1909 1168 1944 epistolam
1189 1910 1365 1938 vehementer
1379 1911 1460 1938 etiam
1480 1916 1562 1947 atque
1582 1913 1665 1940 etiam
1680 1921 1726 1940 ro-

934 1963 1042 1991 gamus.
1057 1959 1088 1983 ut
1104 1955 1139 1983 ad
1160 1954 1312 1983 Ecclesiam
1329 1961 1452 1984 nostram
1470 1957 1574 1986 litteras
1588 1957 1655 1986 dare
1669 1966 1724 1987 non

935 2005 1073 2037 gravetur,
1102 2008 1134 2029 ac
1159 2005 1262 2029 rectam
1283 2009 1433 2037 sanamque
1448 2002 1528 2030 fidem
1548 2003 1660 2032 uberius
1676 2013 1725 2033 ex-

936 2048 1059 2084 plicare:
1081 2054 1137 2083 quo
1156 2052 1183 2075 et
1206 2047 1332 2076 rudiores
1355 2052 1436 2084 atque
1452 2049 1479 2076 in
1498 2049 1550 2077 ﬁde
1565 2049 1654 2078 adhuc
1670 2038 1741 2078 bat-1

937 2093 1054 2120 sitantes
1083 2092 1171 2120 sacris
1196 2092 1251 2120 tuis
1274 2092 1375 2122 litteris
1401 2093 1613 2127 conﬁrmentur,
1635 2099 1662 2123 et
1674 2096 1726 2124 ini-

937 2140 1009 2166 mico
1029 2138 1159 2167 Ecclesia:
1180 2139 1291 2167 diabolo
1313 2141 1499 2169 sanctissimis
1519 2142 1574 2169 tuis
1597 2143 1726 2177 precibus

937 2184 1026 2219 pudor
1042 2185 1204 2213 incutiatur.
1215 2184 1294 2219 Vale,
1308 2186 1350 2214 vir
1364 2187 1490 2222 inprimis
1506 2187 1670 2215 venerande.

542 2321 731 2348 ΕΠΙΣΤΟΛΗ
745 2319 929 2346 PPMPEle
949 2318 1044 2346 ΠΑΡΑ
1061 2319 1286 2352 ΠΑΛΛΑΔΙΟΥ,

89 2369 148 2404 Τῆς
164 2371 263 2404 αὐτῆς
279 2370 394 2403 πόλεως
407 2369 562 2404 Συνέδρων
573 2366 808 2407 πολιτευομένου
821 2365 871 2407 (2).
886 2366 936 2407 καὶ
944 2366 1167 2407 ρποστανζεῖσα-
1176 2367 1251 2407 πρὸς
1267 2366 1320 2394 τὸν
1334 2366 1429 2394 αὑτὸν
1439 2367 1525 2401 ἅγιον
1541 2367 1728 2402 Ἐπιφάνιον,

604 2401 787 2438 αἰτήσαντος
800 2401 850 2429 καὶ
865 2401 958 2429 αὑτοῦ
976 2402 1043 2436 περὶ
1057 2401 1117 2428 τῶν
1133 2401 1242 2429 αὐτῶν.

374 2494 589 2532 3PALLADII
606 2494 780 2522 EIUSDEM
796 2492 1025 2522 SUEDRORUM
1043 2491 1152 2519 URBIS
1173 2491 1432 2520 MAGISTRATUS

414 2541 455 2569 .ld
477 2547 599 2570 sanctum
622 2541 800 2576 Epiphaniam
827 2540 958 2575 epistola,
986 2547 1038 2575 qua
1059 2539 1127 2566 idem
1150 2539 1183 2565 ab
1210 2547 1239 2565 eo
1269 2539 1400 2573 postulat.

126 2636 174 2672 Τῷ
187 2633 308 2670 δεσπότῃ
325 2642 376 2669 μου
391 2632 440 2668 τῆς
461 2633 548 2668 ψυχῆς
569 2632 723 2668 θεοτιμήτῳ
745 2631 888 2666 ὲπισχόπῳ

94 2681 264 2718 Ἐπιφανίῳ,
274 2679 433 2712 Παλλάδιος,
447 2680 475 2706 ὲν
483 2678 578 2714 Κυρίῳ
592 2677 707 2713 χαίρειν.

129 2729 161 2755 οι
176 2728 226 2764 τὴν
243 2726 365 2763 μεγάλην
379 2727 425 2753 καὶ
440 2725 595 2761 εὐρύχωρον
604 2722 776 2754 διαπλέοντες
789 2722 887 2750 θάλασ-

131 2789 138 2803 ¹
152 2787 173 2815 II
191 2786 264 2814 Tim.
281 2793 312 2817 Il,
328 2785 373 2812 l9.
412 2786 422 2801 ¹
434 2782 508 2812 Psal.
526 2791 613 2814 um,
627 2782 654 2809 8.

130 2833 171 2868 (2-)
195 2832 256 2869 1:174-
267 2831 363 2869 αὐτῆς
381 2832 497 2864 πόλεως
518 2829 672 2864 Συνέδρων
689 2828 883 2869 πολιτευρμέτ

191 2863 446 2901 ’θ’πολιτευῦμενος
464 2863 659 2901 nonnunquam
674 2868 716 2893 est
732 2863 842 2891 mrialis
858 2867 882 2891 ει

979 2629 1094 2656 Domino
1120 2635 1135 2655 a
1162 2627 1217 2656 Deo
1242 2627 1389 2663 plurimum
1417 2628 1553 2655 honorato
1577 2627 1714 2664 Epiphani

941 2675 1081 2710 episcopo,
1093 2673 1244 2704 Palladius.
1256 2674 1284 2701 in
1294 2673 1409 2702 Domino
1424 2674 1551 2702 salutem.

977 2721 1027 2754 Qui
1043 2721 1070 2748 in
1086 2720 1257 2756 amplissimo
1268 2721 1482 2756 vastissimque,
1496 2721 1565 2748 mari
1584 2721 1730 2757 navigant,

938 2831 1055 2859 senator,
1071 2829 1100 2853 ut
1115 2823 1142 2852 in
1158 2825 1240 2860 epist.
1255 2824 1309 2852 290
1320 2824 1407 2859 (nunc
1421 2825 1558 2860 temporis
1572 2824 1598 2851 in
1611 2823 1729 2860 editione

937 2861 1107 2890 Garneriana
1130 2859 1195 2891 228.
1225 2867 1287 2896 pag.
1311 2860 1374 2892 55l,
1393 2863 1460 2887 tom.
1476 2860 1522 2895 Ill)
1544 2859 1651 2894 Basilii,
1668 2868 1727 2896 quur:
