1940 3043
238 160 272 186 υ
944 153 974 180 s.
991 152 1160 180 EPlPllANll
1835 159 1869 185 is

239 217 362 253 quandiu
384 216 504 244 secundo
527 220 608 243 vento
636 215 771 246 feruntur,
799 214 904 241 vicinos
921 213 1021 240 littoris

1078 223 1138 246 σαν,
1151 214 1207 246 ἕως
1223 214 1271 249 μὲν
1282 214 1398 250 γαληνὸν
1410 216 1519 252 πνεῦμα
1529 217 1578 252 τὴν
1588 216 1652 244 ναῦν
1668 217 1761 248 ἰθύνει,
1777 224 1870 252 μικρά

239 268 334 298 portus
351 269 446 296 parum
468 260 612 288 admodum
632 267 731 286 curare
747 258 857 290 solent,
870 258 942 293 quod
964 257 1023 285 sine

239 316 338 343 magno
351 308 443 334 labore
457 307 594 341 navigium
605 313 687 333 suum
699 304 910 332 transmissuros
921 311 950 331 se
963 310 1024 331 esse

241 354 387 382 confidant.
408 352 468 379 Mox
491 355 581 378 autem
603 355 633 378 ut
648 350 804 378 contrarius
834 357 866 377 ac
879 349 1025 377 vehemens

241 399 321 426 flatus
345 399 472 432 ingruere
492 396 622 432 cmperit,
644 403 699 431 quo
714 396 857 423 decumani
881 395 981 422 fluctus
996 395 1024 422 in

242 445 360 474 sublime
381 443 523 475 tolluntur,
546 446 573 470 et
592 442 670 470 navis
684 443 742 477 ipsa
763 442 949 477 demergitur;
968 445 1024 467 tum

240 491 350 519 demum
365 489 504 523 tranquilli
519 489 671 523 cujuspiam
692 492 787 523 portus
807 487 942 515 desiderio
959 487 1060 531 subrV

238 537 339 571 jectam
368 535 455 563 oculis
481 540 582 562 terram
605 534 820 568 circumquaque
839 532 1024 568 prospiciunt;

240 581 274 608 ad
292 588 373 616 quam
388 580 411 608 si
423 580 558 614 appellere
577 579 768 614 nequiverint,
788 579 859 614 quod
878 586 961 606 unum
976 585 1024 604 su-

240 630 342 662 perest,
359 625 391 652 ad
405 625 523 652 vicinam
536 625 654 660 aliquam
667 623 822 656 insulam,si
841 623 1026 658 possint,sese

240 672 407 704 subducunt,
431 675 457 699 et
475 671 590 699 salutem
609 677 773 705 quacunque
788 669 894 696 ratione
909 672 1024 703 possunt

239 718 396 752 expediunt.
411 716 452 743 Ad
464 715 537 743 illam
556 716 639 751 igitur
653 715 822 747 accedentes,
837 719 863 741 ct
875 714 909 740 ad
925 714 1025 748 promi-

239 763 336 787 nentes
355 760 383 786 in
399 767 474 787 mare
497 759 625 794 scopulos
640 759 788 786 subeuntes
801 779 809 790 ,
825 765 896 793 mgre
915 757 1024 785 tandem

239 814 254 833 a
278 805 453 833 circumfusis
481 805 610 833 fluctibus
630 809 711 840 atque
740 804 920 832 incommodis
938 812 1023 831 emer-

239 856 317 886 gunt.
335 851 405 878 Idem
425 855 452 878 et
467 851 547 878 nobis
559 871 566 883 ,
592 851 717 883 domine,
734 850 814 877 modo
829 850 960 885 contigit,
977 851 1024 886 qui

1074 261 1129 288 τῶν
1141 262 1350 296 παρακειμένων
1363 263 1423 294 ταῖς
1434 261 1527 297 ὄχθαις
1535 262 1651 298 λιμένων
1663 264 1865 299 φροντίζωσιν,

1075 307 1192 342 οἰόμενοι
1217 308 1321 343 ἀκμητὶ
1348 308 1500 344 περαιῶσαι
1516 308 1547 334 τὸ
1563 308 1675 343 σκάφος.
1694 309 1819 336 Ἐπειδὰν
1836 309 1868 334 δὲ

1077 352 1196 379 ἐναντίον
1217 353 1264 379 καὶ
1281 352 1394 388 σφοδρὸν
1408 353 1548 389 ὲμπνεύσῃ
1566 352 1685 388 πνεῦμα,
1702 353 1752 385 τὰς
1766 362 1865 389 τρικυ-

1077 398 1142 433 μίας
1159 397 1198 433 (5)
1216 399 1255 429 εις
1270 397 1337 433 ὕψος
1350 398 1462 433 ἐπαῖρον
1478 397 1618 430 πάντοθεν,
1637 398 1686 424 καὶ
1699 398 1865 434 περικλύζον

1075 444 1126 479 τὴν
1138 443 1214 475 ναῦν,
1227 444 1287 470 τότε
1300 444 1331 479 δὴ
1341 444 1386 470 τὸν
1397 443 1483 470 εὖδιον
1494 444 1687 476 ἐπιποθοῦντες
1695 445 1803 480 λιμένα,
1814 445 1865 471 καὶ

1076 490 1166 516 πᾶσαν
1177 489 1225 524 τὴν
1240 490 1422 525 ὑποκειμένην
1432 491 1545 525 ἤπειρον
1556 490 1795 525 περισκοποῦντες,
1810 500 1866 526 μη-

1075 532 1163 568 δαμοῦ
1184 534 1212 560 δὲ
1228 534 1422 570 ἐνορμίσασθαι
1438 534 1612 569 δυνηθέντες,
1630 535 1722 562 λοιπὸν
1744 536 1790 562 ἐπὶ
1814 536 1865 571 τὴν

1077 579 1189 614 πλησίον
1209 580 1348 615 κειμένην,
1367 579 1400 606 ἂν
1421 580 1490 606 οὕτω
1506 580 1584 615 τύχῃ,
1602 581 1682 615 νῆσον
1701 581 1862 616 ἀπαίρουσι,

1077 625 1158 651 παντὶ
1170 625 1263 660 τρόπῳ
1273 625 1322 661 τὴν
1338 626 1473 661 σωτηρίαν
1489 625 1580 656 αὐτοῖς
1593 625 1775 661 ποριζόμενοι.
1790 626 1864 652 Ταύ-

1076 679 1108 705 τῃ
1131 679 1161 696 τε
1183 670 1392 705 πλησιάσαντες,
1410 671 1457 697 καὶ
1474 670 1527 697 ὑπὸ
1540 671 1590 706 τὴν
1604 671 1707 706 σκέπην
1720 671 1775 697 τῶν
1792 681 1863 706 προ-

1076 715 1249 751 ϐεϐλημένων
1264 716 1468 747 ὑπεισελθόντες
1483 716 1661 752 ἀκρωτηρίων
1671 735 1678 748 ,
1703 716 1778 751 μόλις
1796 718 1864 743 ποτὲ

1075 762 1129 789 τῶν
1143 762 1373 798 περιαντλούντων
1386 762 1478 789 κακῶν
1490 761 1680 797 ἀπαλλαγῆναι
1692 762 1861 797 δεδύνηνται.

1075 809 1130 835 Καὶ
1155 809 1235 844 ἡμεῖς
1255 801 1332 835 αὐτοὶ
1351 808 1386 834 τὰ
1407 807 1465 839 νῦν,
1483 805 1505 834 ὧ
1520 807 1647 839 δέσποτα,
1665 808 1710 834 τὸν
1726 809 1864 844 σωτήριον

1075 853 1122 880 τοῦ
1136 854 1204 880 Θεοῦ
1217 854 1294 888 λόγον
1308 855 1516 890 κατηχούμενοι,
1527 855 1574 882 τοῦ
1590 863 1618 882 τε
1633 855 1765 889 κοσμικοῦ
1777 855 1863 882 σάλου

239 897 353 924 salutari
368 895 415 923 Dei
431 896 515 924 verbo
531 896 661 928 instituti,
675 900 702 923 et
723 903 738 922 a
754 896 846 923 mundi
864 900 1021 931 tempestate

1076 900 1188 932 ἑαυτοὺς
1199 900 1350 933 ἀπαλλάξαι
1361 900 1528 935 βουλόμενοι,
1543 900 1589 926 καὶ
1600 902 1639 932 εἰς
1650 900 1696 926 τὸν
1712 901 1862 928 ἀσάλευτον

239 949 272 969 ac
282 942 430 977 jactatione
446 941 570 974 liberari,
587 945 668 976 atque
687 941 721 968 ad
743 941 920 977 tranquillum
942 942 1020 977 quie-

239 991 353 1022 tumque
368 987 469 1015 Christi
484 991 591 1022 portum
608 987 736 1022 scapham
754 993 875 1014 nostram
889 987 1025 1022 applicare

237 1033 388 1068 cupientes,
421 1033 515 1060 nescio
531 1040 599 1068 quas
625 1033 720 1060 inanes
748 1037 774 1060 et
798 1033 942 1067 absurdas,
965 1041 1025 1061 meo

239 1078 347 1113 quidem
359 1077 464 1111 judicio
475 1099 482 1111 ,
496 1079 661 1113 qumstiones
679 1086 693 1105 a
714 1079 853 1106 nonnullis
872 1079 906 1107 de
921 1079 1024 1114 Spiritu

238 1127 334 1151 sancto
342 1123 507 1150 commoveri
524 1124 728 1158 perspeximus:
746 1131 826 1159 quem
838 1124 875 1151 illi
895 1128 1026 1158 negarent

237 1177 298 1196 cum
316 1169 458 1196 divinitate
479 1168 676 1204 dominatuque
703 1169 788 1203 gloria
813 1168 894 1196 simul
909 1167 977 1195 afﬁci
993 1175 1025 1195 ac

238 1214 380 1249 praedicari
393 1217 529 1248 oportere,
541 1214 588 1242 sed
607 1214 635 1241 in
648 1214 766 1241 ministri
789 1214 913 1241 nuntiive
930 1213 1024 1240 haberi

237 1260 309 1291 loco,
333 1260 387 1286 imo
403 1267 469 1286 vero
486 1260 616 1287 humilius
632 1260 734 1294 aliquid
751 1259 785 1287 de
801 1260 860 1294 ipso
873 1259 1024 1294 abiectius-

238 1313 291 1340 que
315 1305 459 1332 sentirent.
476 1305 583 1338 Quibus
599 1305 633 1333 de
649 1306 742 1333 causis
768 1305 808 1333 sic
831 1309 959 1340 tanquam
983 1305 1026 1332 in-

233 1349 373 1375 constanti
388 1348 537 1383 iactatione
550 1356 582 1376 ac
594 1349 696 1376 dillicili
715 1353 876 1385 tempestate
892 1349 1026 1377 ﬂuctuan-

231 1399 290 1427 tes,
300 1401 362 1421 cum
379 1394 515 1422 neminem
531 1394 575 1422 hic
589 1395 623 1422 ad
637 1403 683 1422 cas
697 1395 885 1423 dissolvendas
896 1397 1023 1431 quaestio-

237 1447 287 1468 nes
308 1447 340 1466 ac
353 1447 446 1468 sanam
463 1440 547 1468 fidem
560 1441 749 1475 exponendam
764 1441 890 1468 idoneum
907 1443 1026 1477 reperire

230 1486 386 1521 possimus,
403 1486 436 1513 ad
462 1485 590 1521 pietatem
605 1489 679 1513 tuam
694 1486 727 1514 de
749 1486 801 1513 hoc
818 1488 926 1522 negotio
942 1487 970 1523 4
985 1495 1026 1515 re-

230 1532 308 1559 ferre
322 1532 410 1559 coacti
430 1531 543 1564 fuimus,
558 1532 655 1559 merito
668 1535 696 1559 ut
712 1536 738 1560 ct
753 1533 825 1559 illam
839 1541 932 1560 vocem
946 1541 1024 1560 usur-

227 1585 300 1612 pare
309 1578 446 1612 possimus
460 1586 468 1604 :
485 1576 646 1612 Prwceptor,
663 1586 737 1604 serva
748 1586 794 1604 nos
806 1578 827 1605 ¹.
837 1577 1020 1610 Quamobrem
1036 1573 1056 1602 C

229 1622 263 1649 vid
281 1630 329 1657 pro
342 1623 448 1650 sincera
463 1626 511 1649 tua
524 1630 556 1649 ac
570 1627 644 1649 recta
659 1622 710 1650 fide
726 1630 740 1649 a
756 1626 783 1650 te
798 1624 926 1657 petimus,
940 1629 1021 1657 quam

227 1667 356 1694 secunda
379 1666 435 1701 jam
457 1667 559 1694 dudum
578 1666 649 1694 fama
672 1671 698 1694 et
722 1667 883 1694 idoneorum
900 1667 1021 1694 virorum

227 1712 391 1740 -testimonia
416 1712 520 1746 passim
549 1712 705 1745 celebrant,
727 1717 756 1740 ut
780 1713 812 1740 ad
831 1713 905 1748 quod
922 1720 1022 1740 munus

236 1758 391 1785 obeundum
407 1766 422 1784 a
433 1757 576 1785 Salvatore
585 1759 750 1786 constitutus
762 1766 802 1791 es,
813 1758 883 1785 hanc
900 1762 1021 1786 nostram

229 1803 417 1831 hortationem
439 1803 596 1831 humaniter
614 1804 774 1836 admittere,
795 1808 821 1831 et
837 1804 902 1838 quid
916 1805 949 1832 de
960 1804 1023 1830 Tri-

236 1849 320 1876 nitate
341 1849 376 1876 sit
390 1849 556 1877 credendum
567 1869 575 1882 ,
601 1851 689 1877 sacris
702 1850 758 1877 tuis
786 1850 1023 1878 lucubrationibus

229 1894 347 1922 'uberius
370 1895 436 1922 velis
455 1895 631 1931 apertiusque
654 1896 806 1928 disserere,
822 1903 937 1931 eamque
960 1896 1022 1924 ﬁdei

238 1940 381 1968 formulam
399 1942 432 1969 ad
446 1949 495 1969 nos
510 1942 632 1974 mittere,
647 1946 677 1968 ut
691 1941 750 1976 ejus
766 1941 897 1968 beneﬁcio
921 1941 1022 1968 confir-

235 1987 310 2018 mati,
332 1987 387 2014 voti
413 1987 464 2022 ipsi
481 1991 622 2022 compotes
638 1986 792 2014 efficiamur
804 2007 811 2020 ,
834 1994 864 2014 ac
880 1994 942 2013 cum
960 1987 997 2014 illi
1012 2007 1019 2020 ,

233 2032 280 2066 qui
290 2032 346 2066 jam
367 2033 469 2060 dudum
490 2033 517 2060 in
533 2041 564 2060 ea
580 2034 678 2068 pietate
692 2037 878 2067 perseverant,
893 2032 1019 2068 volupta-

1075 946 1122 973 τοῦ
1140 946 1257 982 Χριστοῦ
1277 946 1374 982 λιμένα
1392 946 1422 973 τὸ
1437 946 1540 981 σκάφος
1553 946 1633 981 ἡμῶν
1645 946 1783 974 εἰσελάσαι
1798 947 1862 982 βου-

1075 991 1193 1028 λόμενοι,
1213 992 1306 1028 ἐπειδὴ
1321 992 1402 1023 κενάς
1418 1000 1494 1023 τινας
1511 991 1558 1018 καὶ¹
1573 991 1695 1031 ἀλόγους,
1708 991 1745 1024 ὥς
1760 993 1792 1026 γέ
1814 1001 1861 1027 μοι

1075 1037 1157 1068 δοκεῖ,
1175 1037 1238 1073 περὶ
1256 1036 1302 1064 τοῦ
1326 1038 1402 1073 ἁγίου
1422 1036 1581 1072 Πνεῦματος
1596 1037 1758 1072 κινουμένας
1778 1037 1862 1074 ζητή-

1076 1092 1133 1116 σεις
1146 1084 1221 1119 παρά
1235 1092 1316 1110 τινων
1329 1084 1452 1119 ἔγνωμεν
1462 1104 1470 1116 ,
1487 1083 1644 1118 φασκόντων
1659 1083 1697 1119 μὴ
1711 1083 1766 1110 δεῖν
1781 1084 1862 1110 τοῦτο

1075 1130 1107 1164 τῇ
1124 1129 1230 1163 θεότητι
1258 1129 1306 1156 καὶ
1319 1130 1352 1164 τῇ
1371 1129 1512 1166 κυριότητι
1529 1123 1747 1161 συνδοξάζεσθαι,
1763 1129 1820 1156 ἀλλ’
1831 1130 1862 1156 ἐν

1075 1174 1212 1209 ὑπηρέτου
1232 1174 1278 1201 καὶ¹
1288 1174 1434 1201 ἀποστόλου
1447 1174 1574 1210 τετάχθαι
1588 1175 1717 1210 σχήματι,
1732 1175 1779 1201 καὶ
1791 1183 1860 1209 φαυ-

1074 1218 1186 1255 λοτέρας
1195 1219 1242 1246 καὶ
1250 1220 1440 1255 ταπεινοτέρας
1450 1220 1498 1252 τὰς
1507 1220 1570 1255 περὶ
1578 1220 1660 1246 αὑτοῦ
1668 1219 1746 1252 δόξας
1752 1220 1861 1255 διαλαμ-

1075 1265 1195 1291 ϐάνουσι·
1203 1265 1245 1292 διὰ
1254 1265 1332 1292 τοῦτο
1338 1265 1431 1302 ὥσπερ
1440 1266 1468 1292 ἐν
1478 1266 1585 1301 άστάτῳ
1607 1266 1680 1301 σάλῳ
1694 1266 1741 1293 καὶ
1750 1266 1862 1302 χαλεπῷ

1075 1308 1188 1335 κλύδωνι
1198 1309 1381 1345 συσχεθέντες,
1393 1310 1495 1346 μηδένα
1506 1311 1559 1337 τῶν
1570 1311 1633 1346 παρ’
1645 1311 1710 1346 ἡμῖν
1721 1311 1812 1338 ἱκανὸν
1820 1312 1862 1339 εὑ-

1076 1355 1132 1389 ρεῖν
1139 1354 1297 1390 δυνηθέντες
1304 1355 1461 1382 διαλύσοντα
1472 1356 1506 1382 τὰ
1514 1355 1676 1391 ζητούμενα,
1685 1356 1732 1383 καὶ
1740 1355 1788 1391 τὴν
1797 1357 1862 1393 ὑγιῆ

1076 1398 1168 1425 πίστιν
1180 1399 1246 1434 ἡμῖν
1265 1399 1392 1426 ἐκθέσθαι
1409 1400 1566 1435 δυνάμενον,
1589 1400 1635 1426 ἐπὶ
1647 1399 1696 1436 τὴν
1710 1399 1758 1435 σὴν
1770 1399 1862 1426 θεοσέ-

1076 1444 1149 1471 ϐειαν
1165 1445 1309 1479 ἀνενέγκαι
1322 1445 1353 1471 τὸ
1367 1446 1482 1481 πρᾶγμα
1497 1444 1614 1480 ἠπείχθη
1620 1454 1678 1480 μεν,
1699 1445 1747 1481 τὴν
1769 1445 1862 1481 φωνὴν

1074 1489 1174 1525 ταύτην
1188 1489 1302 1522 εἰκότως
1316 1490 1363 1516 καὶ
1378 1490 1454 1516 αὐτοὶ
1469 1490 1592 1525 ἀφέντες·
1614 1491 1786 1522 Ἐπιστάτα,
1803 1492 1863 1519 σῶ-

1075 1540 1142 1561 σον.
1159 1534 1281 1569 Δεόμεοα
1304 1528 1352 1561 οὖν
1374 1535 1422 1570 τῆς
1445 1535 1626 1571 ἀνυποκρίτου
1649 1544 1696 1562 σου
1717 1537 1763 1562 καὶ
1778 1536 1862 1572 ὀρθῆς

1074 1584 1199 1616 πίστεως,
1213 1584 1246 1619 ἢν
1263 1583 1437 1619 προλαϐοῦσα
1453 1584 1541 1620 ἀγαθὴ
1557 1584 1633 1620 φήμη
1647 1584 1694 1611 καὶ
1723 1584 1862 1620 μάρτυρες

1075 1629 1225 1661 ἀξιόπιστοι
1259 1628 1426 1664 μαρτυροῦσι
1459 1629 1505 1656 καὶ
1527 1629 1762 1665 ἁναχηρύττουσι,
1792 1638 1860 1657 κατ-

1073 1675 1187 1706 αξιῶσαι
1203 1675 1242 1706 εἰς
1256 1674 1335 1701 τοῦτο
1351 1675 1425 1710 παρὰ
1434 1671 1480 1701 τοῦ
1492 1675 1615 1710 Σωτῆρος
1625 1675 1799 1710 τεταγμένος,
1813 1674 1863 1702 ἀν-

1074 1719 1208 1752 εξικάκως
1221 1720 1270 1755 τὴν
1287 1720 1458 1755 παράκλησιν
1472 1720 1550 1756 ἡμῶν
1563 1720 1700 1753 δέξασθαι,
1720 1721 1766 1747 καὶ
1782 1721 1864 1756 θελῆ-

1075 1774 1118 1791 σαι
1134 1765 1215 1801 ἱεροῖς
1232 1766 1428 1801 συγγράμμασι
1440 1766 1484 1793 eis
1496 1766 1662 1802 πλατυτέρου
1673 1767 1719 1793 καὶ
1730 1767 1862 1800 σαφεστέ-

1076 1818 1122 1844 ρου
1140 1809 1306 1845 διηγήματος
1319 1810 1368 1846 τὴν
1383 1810 1433 1845 τῆς
1450 1811 1530 1845 ἁγίας
1547 1811 1662 1847 Τριάδος
1673 1810 1798 1837 ἐκθέσθαι
1813 1811 1863 1837 πί-

1075 1862 1142 1886 στιν,
1156 1855 1202 1881 καὶ
1212 1854 1314 1890 ταύτην
1329 1856 1394 1890 ἡμῖν
1409 1855 1577 1886 ἀποστεῖλαι,
1596 1855 1665 1891 πρὸς
1677 1855 1707 1882 τὺ
1727 1855 1773 1881 καὶ
1783 1855 1863 1889 ἡμᾶς

1073 1899 1102 1925 ἐν
1120 1897 1206 1934 ταύτῃ
1231 1898 1428 1933 βεὸαιωθέντας
1445 1900 1536 1934 τυχεῖν
1554 1899 1608 1926 τῶν
1624 1898 1862 1933 σπουδαζομένων,

1074 1945 1120 1972 καὶ¹
1135 1946 1196 1976 τοὺς
1209 1945 1259 1980 ἤδη
1273 1946 1301 1971 ὲν
1314 1946 1381 1981 αὐτῇ
1396 1945 1579 1980 εὑσεὸηκότας
1592 1945 1799 1979 ἀγαλλιαθῆναι,
1813 1945 1862 1971 καὶ

1073 1992 1136 2023 τοὺς
1151 1991 1361 2026 σφαλλομένους,
1371 1992 1396 2018 εἱ
1409 1991 1531 2023 δυνατὸν,
1543 1991 1660 2026 ἰαθῆναι,
1673 1989 1721 2016 καὶ
1735 1989 1781 2016 τὸν
1793 1988 1862 2016 Θεὸν

1074 2036 1102 2063 ὲν
1119 2037 1185 2063 πᾶσι
1196 2036 1366 2072 δοξασθῆναι.

235 2083 289 2106 tem
307 2085 413 2113 capere,
435 2083 491 2105 tum
508 2079 720 2113 qui-aberrant,
735 2079 874 2107 meliorem
892 2079 925 2107 ad
940 2084 1056 2109 mentem
1076 2082 1207 2116 revocari,
1227 2090 1258 2111 ac
1285 2082 1356 2111 Deus
1385 2083 1503 2118 denique
1535 2081 1678 2118 praedicari
1707 2080 1734 2108 in
1769 2080 1863 2108 omni-

234 2125 286 2153 bus
303 2128 330 2152 et
349 2125 481 2152 celebrari
500 2125 596 2160 possit.

271 2215 279 2230 ¹
291 2214 356 2241 Luc.
374 2221 434 2241 vui.
445 2213 500 2247 ‘24;
519 2213 615 2241 Matth.
635 2222 692 2246 vin,
708 2214 752 2242 25.

235 2291 365 2327 inscripta
379 2295 421 2318 est
432 2291 678 2327 Πολιτευομένοις
695 2293 872 2326 Κολωνείας,
886 2296 1017 2322 senatori~

1075 2302 1141 2322 nasse
1154 2294 1269 2320 videtur.
1285 2292 1432 2318 Par/mus.

236 2327 286 2364 {ius
297 2325 499 2364 ac‘dttumvi‘rl's.‘
517 2326 555 2352 Ita
572 2326 741 2364 ii_i__(,‘.halced.
759 2325 892 2364 syn.,a’ct.
906 2330 966 2364 5,in
980 2330 1016 2356 li-

236 2361 306 2398 bello
320 2359 465 2398 Sophronii
480 2365 575 2398 contra
586 2360 755 2389 Dioscorum.
769 2359 955 2398 Ubi'queritur
969 2365 1016 2391 So-

236 2394 367 2434 phronias
385 2402 496 2434 uxorem
513 2395 564 2423 sibi
580 2401 699 2434 ereptam
710 2394 950 2434 ΑπαρὰνΜᾶκαρῐρυ
967 2398 1014 2425 τοῦ

236 2429 441 2468 πολιτευομένου
461 2430 511 2465 τῆς
534 2429 663 2468 μεγάλης
680 2429 898 2468 Ἀλεξανδρείαςξ
917 2433 1014 2459 Verum

237 2464 288 2502 hoc
307 2465 369 2502 loco
388 2464 552 2502 senatorem,
574 2464 774 2501 aut'ejusmodi
793 2464 894 2502 aliquid
909 2471 1014 2494 vertere

237 2499 338 2536 religio
350 2499 448 2531 fuerat,
464 2500 535 2535 quod
556 2508 588 2528 ex
611 2499 744 2536 rescripto
760 2499 900 2536 Epiplianii
925 2509 1016 2528 mona-

237 2534 316 2570 chum
332 2534 404 2561 hunc
420 2534 480 2562 esse
494 2543 650 2570 cognoram.
671 2534 749 2563 Nunc
765 2534 896 2567 occurrit,
915 2543 948 2563 ex
968 2543 1016 2563 cu-

237 2568 295 2605 riali
311 2573 337 2605 et
353 2574 477 2596 senatore
494 2568 554 2597 vita:
568 2579 654 2604 genus
668 2571 732 2599 illud
750 2571 875 2605 amplecti
894 2571 1017 2604 potuisse

237 2601 396 2632 Palladium.
421 2604 510 2638 Quare
529 2601 682 2634 seu—atorem
704 2610 750 2632 aut
774 2601 905 2634 curialem
923 2607 1015 2641 appel-

1108 2328 1184 2368 Hane
1199 2327 1356 2368 doctissimi
1365 2325 1470 2353 Petavii
1485 2325 1859 2368 opinionenLapprobavis‘se

1070 2366 1178 2390 constat
1202 2361 1417 2394 Tillemontium,
1444 2358 1523 2396 quem
1550 2361 1612 2388 vide
1627 2358 1713 2387 ΙΙ.Ἐ.
1735 2364 1800 2387 tom.
1819 2358 1857 2392 Χ,

1089 2406 1132 2424 az.
1148 2397 1208 2424 804.

1069 2405 1220 2464 pafépég‘zc
1237 2431 1402 2466 τρικυμίας.
1416 2430 1554 2466 Τρικυμία
1570 2430 1678 2465 proprie
1696 2429 1795 2464 triplex
1806 2437 1859 2466 tin-

1068 2467 1101 2494 Ja
1120 2468 1158 2494 vel
1175 2466 1291 2497 fluctus,
1308 2465 1354 2493 aut
1370 2467 1452 2493 trium
1470 2466 1605 2493 undarum
1626 2465 1652 2492 in
1671 2473 1752 2492 unam
1770 2465 1859 2492 colle-

1068 2503 1131 2529 ctio.
1155 2504 1175 2528 A
1195 2501 1299 2528 Latinis
1317 2501 1487 2529 decumanus
1504 2501 1560 2529 sive
1576 2501 1737 2528 decimanus
1754 2498 1858 2527 fluctus

1068 2537 1228 2572 appellatus,
1246 2536 1318 2572 quod
1335 2538 1459 2564 omnium
1475 2536 1621 2564 maximum
1646 2535 1721 2562 illum
1743 2539 1859 2569 reputa-

1066 2573 1166 2600 verint.
