1940 3043
786 178 1007 208 ΛΝΟΟΒΑΤΗΞ.

1675 177 1705 204 iS

1479 295 1705 302 _..__.._-_.

372 360 618 388 ΑΝΤΕΠΙΣΤΟΛΗ
639 361 836 390 ΠΕΜΦΘΕΙΣΑ
858 362 946 390 ΠΡΟΣ
962 362 1100 390 ΑΥΤΟΥΣ
1119 364 1210 390 ΠΔΡΛ
1228 364 1297 392 ΤΟΥ
1314 364 1419 392 ΑΓΙΟΥ

738 445 1051 488 ΕΠΙΦΑΝΙΟΥ

100 533 186 568 Ἤτις
201 535 251 562 καὶ
267 534 372 564 πᾶσαν
387 536 444 571 τὴν
459 536 526 570 περι
546 535 599 570 τῆς
613 537 695 569 θείας
714 536 844 579 πίστεως
867 535 1078 570 διδασκαλίαν,
1096 537 1136 571 ἣν
1151 538 1315 572 ᾐτήσαντο,
1333 539 1367 565 ἐν
1381 539 1474 574 ἑαυτῇ
1488 538 1691 575 διαλαμϐάνει.

511 660 559 705 S.
598 661 920 706 ΕΡΙΡΗΑΝΙΙ
959 659 1257 706 EPISTOLA

625 763 677 788 0οΔ
695 758 886 786 ΒΙΙΡΕΜΟῘῙΙΒΠΒ
906 763 976 784 ιιιιε
997 763 1164 789 RESPONDE'I',

327 835 405 864 Tum
424 834 604 865 universam
622 834 696 873 ﬁdei
710 834 900 872 doctrinam,
917 833 1000 875 quod
1016 834 1066 866 illi
1080 834 1294 874 postularant,
1314 834 1453 874 exponit.

103 969 168 1002 Τοῖς
191 970 298 1005 κυρίοις
319 971 367 997 καὶ
386 972 559 1007 τιμιωτάτοις
589 981 640 1008 μου
669 973 794 1009 ἀδελφοῖς
814 973 860 1001 καὶ

948 972 974 1008 5
986 972 1108 1000 Dominis
1121 978 1153 999 ac
1165 969 1324 999 Merendis
1344 969 1478 999 fratribus
1497 972 1524 998 et
1542 970 1709 1006 presbyteris

67 1016 280 1053 πρεσϐυτέροις,
294 1017 417 1058 Ματιδίῳ
440 1018 488 1044 καὶ
510 1018 635 1054 Ταρσίνῳ
646 1019 693 1045 καὶ
703 1019 859 1055 Νουμερίῳ,

69 1062 118 1088 διιὶ
132 1061 238 1094 λοιποῖς
253 1062 321 1089 πᾶσι
338 1063 396 1094 τοῖς
413 1063 461 1090 σὺν
475 1063 550 1099 ὑμῖν,
570 1063 617 1091 καὶ
631 1065 688 1096 τοῖς
707 1064 862 1092 ποθεινοτά-

70 1115 127 1138 τοις
141 1107 246 1140 τέκνοις
271 1107 360 1143 ἡμῶν,
372 1107 513 1144 Παλλαδίῳ
528 1109 576 1135 καὶ
589 1109 658 1145 Σεση
664 1109 738 1145 ρίνῳ,
751 1111 807 1142 τοῖς
817 1110 863 1137 τὸν

66 1152 170 1187 ἀγαθὸν
193 1153 274 1188 ζῆλον
289 1153 450 1188 ἐζηλωκόσι,
470 1155 517 1182 καὶ
534 1155 580 1182 τδν
599 1156 735 1191 μακάριον
755 1156 802 1183 καὶ
814 1164 863 1183 πε-

69 1197 219 1233 ριπόθητον
235 1197 292 1233 βίον
319 1199 426 1230 ἑαυτοῖς
446 1199 583 1235 ἑλομένοις
604 1199 744 1236 ὀρθοδόξου
763 1209 794 1228 τε
818 1201 862 1228 πί-

67 1250 155 1275 στεως
168 1244 216 1271 καὶ
239 1244 344 1276 τελείας
359 1245 598 1279 συγκαταθέσεως,
614 1247 670 1277 τοῖς
683 1246 714 1272 τὸ
727 1245 802 1282 παρὰ
813 1245 861 1273 τοῦ

67 1289 198 1324 Σωτῆρος
213 1290 358 1325 είρημένον
372 1290 517 1326 πληροῦσι,
534 1291 576 1324 τὸ,
592 1292 626 1318 El
638 1291 736 1324 θέλεις
748 1292 862 1325 τέλειος

65 1332 156 1367 εἷναι,
174 1334 319 1370 πώλησόν
332 1343 390 1363 σου
406 1336 442 1364 τὰ
454 1335 640 1372 ὑπάρχοντα,
658 1337 708 1364 καὶ
720 1336 773 1370 δὸς
784 1345 861 1364 πτω-

66 1379 145 1414 χοῖς·
161 1380 208 1407 καὶ
223 1380 263 1413 τὸ,
285 1381 441 1409 Ἐπώλουν
451 1383 487 1410 τὰ
498 1382 674 1417 ὑπάρχοντα
687 1383 796 1416 αὐτῶν,
811 1384 860 1411 καὶ

64 1427 211 1454 ἐτίθεσαν
226 1427 307 1462 παρὰ
325 1428 395 1461 τοὺς
413 1428 509 1462 πόδας
530 1428 590 1456 τῶν
607 1430 796 1457 ἀποστόλων·
815 1431 861 1457 καὶ

65 1471 119 1497 ὅσα
136 1471 190 1498 εἰσὶ
205 1472 300 1508 καίρια
318 1473 364 1500 καὶ
383 1473 548 1508 ἀγαθώτατα
565 1476 624 1507 ταῖς
645 1474 749 1503 ἑαυτῶν
762 1476 861 1512 ψυχαῖς

65 1517 303 1552 προστιθεμένοις”
325 1519 484 1554 Ἐπιφάνιος
495 1521 509 1546 ὁ
525 1520 667 1556 ἐλάχιστος
681 1521 736 1548 τῶν
750 1521 861 1548 ἐπισκό-

65 1571 138 1596 πων,
155 1563 202 1590 καὶ
216 1565 241 1590 0!
257 1565 305 1591 σὺν
320 1565 383 1600 ἐμοὶ
400 1564 518 1600 ἀδελφοὶ,
532 1566 561 1592 ὲν
570 1567 664 1602 Κυρίῳ
672 1567 731 1602 Θεῷ
742 1567 858 1603 χαίρειν.

102 1609 143 1637 A'.
158 1609 228 1645 Ἤδη
244 1609 294 1645 μὲν
303 1609 351 1637 οὖν
369 1611 554 1648 μακαρίσαιμι
565 1612 598 1640 ἂν
612 1613 718 1645 ἑαυτὸν,
738 1613 860 1640 ιποθεινό⁴

915 1017 1037 1052 Matidio,
1054 1017 1173 1046 Tarsino
1188 1021 1216 1044 et
1235 1015 1378 1050 Numerio,
1403 1023 1435 1044 ac
1452 1016 1558 1044 caeteris
1575 1016 1622 1052 qui
1637 1016 1709 1051 apud

914 1071 963 1092 vos
977 1068 1043 1092 sunt
1060 1063 1201 1095 omnibus,
1226 1070 1334 1091 necnon
1351 1066 1377 1091 et
1391 1061 1564 1090 charissimis
1581 1061 1645 1089 ﬁliis
1664 1069 1710 1089 no-

914 1112 980 1140 stris
996 1110 1119 1139 Palladio
1133 1115 1160 1139 et
1175 1110 1316 1143 Severino,
1331 1110 1377 1145 qui
1392 1113 1420 1138 et
1446 1108 1575 1136 laudabili
1589 1108 1707 1144 quodam

914 1157 1024 1192 pietatis
1038 1156 1136 1184 ardore
1151 1155 1278 1191 ﬂagrant,
1295 1158 1322 1183 et
1335 1154 1444 1182 beatum
1463 1158 1544 1189 atque
1557 1153 1707 1189 optandum

913 1203 976 1230 vitae
991 1210 1077 1238 genus
1092 1201 1210 1236 amplexi
1228 1205 1294 1228 sunt
1307 1207 1370 1228 cum
1381 1203 1456 1228 recta
1472 1199 1524 1228 ﬁde
1540 1206 1572 1226 ac
1588 1199 1708 1234 perfecta

913 1255 977 1275 cum
993 1247 1115 1275 Ecclesia
1130 1246 1313 1274 consensione
1335 1244 1646 1280 conjunctum;quique
1663 1245 1707 1272 in-

914 1301 998 1328 super
1024 1293 1088 1320 huic
1113 1290 1265 1318 Salvatoris
1293 1289 1436 1317 sententiae
1460 1296 1564 1316 morem
1583 1293 1705 1324 gerunt:

913 1339 944 1368 Si
956 1340 994 1367 vis
1006 1339 1136 1374 perfectus
1153 1346 1220 1370 esse,
1237 1336 1316 1364 vende
1330 1344 1388 1372 qua:
1401 1335 1491 1369 habes,
1501 1339 1525 1362 et
1539 1335 1574 1362 da
1584 1336 1706 1370 pauperi-

914 1386 961 1413 bus
979 1386 989 1401 '
1008 1394 1016 1420 ;
1034 1383 1239 1419 cujusmodiest
1255 1386 1281 1411 et
1295 1382 1362 1410 illud
1381 1390 1388 1409 :
1408 1380 1559 1409 Vende-bant
1569 1381 1636 1408 bona
1645 1389 1707 1415 sua,

914 1435 938 1457 et
958 1428 1122 1463 deponebant
1133 1429 1167 1455 ad
1183 1427 1259 1463 pedes
1283 1427 1465 1462 apostolorum
1478 1426 1488 1442 ³
1501 1435 1509 1460 ;
1532 1430 1588 1453 tum
1597 1426 1643 1460 qui
1657 1433 1709 1460 op-

913 1479 1030 1510 portuna
1042 1478 1069 1502 et
1087 1474 1190 1509 Optima
1197 1479 1312 1508 quaeque
1323 1471 1424 1499 animis
1437 1470 1465 1506 6
1480 1469 1537 1498 suis
1547 1469 1705 1503 conciliant,

913 1519 1085 1555 Epiphanius
1112 1519 1242 1546 minimus
1269 1517 1472 1553 episcoporum,
1496 1520 1523 1544 et
1534 1516 1582 1551 qui
1599 1523 1705 1543 mecum

913 1570 979 1593 sunt
997 1564 1107 1596 fratres.
1125 1565 1152 1591 in
1170 1563 1286 1591 Domino
1295 1562 1421 1590 salutem.

950 1611 969 1638 Ι.
983 1610 1116 1646 Equidem
1140 1609 1183 1637 vel
1212 1610 1264 1636 hoc
1277 1608 1390 1636 nomine
1413 1607 1520 1635 felicem
1540 1614 1594 1639 me,
1609 1613 1626 1633 ο
1640 1605 1705 1632 cha-

64 1663 155 1687 τιιτοι,
180 1655 221 1682 ὅτι
241 1663 274 1690 γε
298 1656 335 1691 μὴ
353 1657 430 1689 ὄντες
444 1658 526 1693 ἡμεῖς
544 1658 631 1685 ἱκανοὶ
651 1659 720 1694 πρὸς
742 1659 791 1694 τὴν
804 1659 859 1686 τῶν

913 1656 1026 1689 rissimi,
1040 1656 1102 1691 jure
1125 1654 1310 1691 praedicarim,
1336 1653 1420 1690 quod,
1440 1661 1503 1681 cum
1534 1652 1602 1680 nihil
1618 1652 1646 1679 in
1663 1659 1706 1679 me

64 1699 154 1734 ἁγίων
174 1701 222 1727 καὶ
241 1701 393 1729 σπουδαίων
415 1703 462 1729 καὶ
493 1703 574 1738 ζῆλον
593 1703 661 1730 Θεοῦ
690 1703 859 1740 ἀνειλημμέη

63 1754 120 1772 νων
135 1745 262 1781 ἐνάρετον
277 1746 431 1780 πολιτείαν,
447 1747 651 1784 καταξιούμεθα
668 1749 721 1775 ὑπὸ
739 1748 793 1776 τῶν
807 1749 858 1776 αὑ-

62 1791 120 1817 τῶν
138 1791 413 1834 ὑπονύττεσθαιθτὺν
430 1793 491 1820 νοῦν
504 1793 649 1830 διεγείρειν
661 1803 691 1821 τε
720 1794 767 1822 καὶ
780 1804 859 1830 περι-

64 1837 144 1872 ιστᾷν
154 1838 196 1869 εἰς
210 1837 241 1864 τὸ
258 1839 403 1874 χρήσιμον.
421 1839 457 1866 Τὸ
473 1840 528 1875 γὰρ
541 1840 570 1867 ἐν
585 1841 653 1876 ἡμῖν
668 1841 711 1868 ἀεὶ
726 1842 858 1869 ταπεινὸν

64 1882 196 1918 φρόνημα
208 1884 298 1919 ἡσυχῆ
314 1886 455 1920 καρτερεῖν
468 1886 629 1919 σπουδάζον,
644 1887 690 1914 καὶ
709 1887 746 1923 μὴ
759 1897 858 1923 περαι-

65 1929 138 1964 τέρω
155 1928 361 1957 ἐπεκτείνεσθαι
379 1931 432 1958 τῶν
454 1931 524 1966 ἄγαν
546 1932 720 1960 σκοπούντων
738 1935 746 1949 ¹
771 1934 859 1961 έκεῖνο

65 1975 95 2002 τὸ
113 1975 190 2011 παρὰ
206 1975 246 2010 τῷ
259 1976 414 2012 Ἀποςτόλῳ
425 1978 581 2014 εῑρημένον·
591 1979 658 2007 "Ira
667 1979 711 2015 μὴ
726 1980 860 2007 ἐπεκτει-

64 2029 159 2056 νωμιιι
175 2022 252 2057 ὑπὲρ
272 2022 306 2049 τὸ
322 2023 433 2058 μέτρον
448 2024 500 2051 τοῦ
515 2025 654 2058 κανόνος,
675 2024 711 2054 οὗ
728 2026 859 2053 δέδωκεν

63 2067 138 2102 ἡμῖν
154 2069 171 2094 ὁ
198 2068 271 2101 Θεὸς
293 2068 415 2103 μέτρου,
441 2070 587 2104 ἀφικέσθαι
614 2071 682 2106 πρὸς
710 2071 788 2098 τοῦτο
811 2071 858 2098 νῦν

62 2114 258 2148 ἀναγκάζεται.
275 2115 448 2150 Πανταχόθεν
462 2116 516 2152 γὰρ
531 2117 558 2143 at
568 2116 652 2152 ψῆφοι
668 2117 857 2152 πρυτανεύσα-

62 2170 108 2187 σαι
119 2161 167 2187 τοῦ
178 2162 207 2187 ὲν
221 2161 285 2196 ὑμῖν
295 2161 388 2188 θεόθεν
402 2161 493 2198 ζήλου,
504 2163 558 2189 τῶν
568 2172 597 2190 τε
614 2163 701 2191 ἄλλων
711 2163 856 2199 ὁμοδόξων,

61 2207 135 2242 φημὶ
144 2207 177 2243 δὴ
192 2207 246 2233 τῶν
256 2207 306 2242 τὴν
319 2207 473 2243 ὀρθοδοξὶαν
486 2207 650 2244 ζηλούντων,
662 2209 709 2235 καὶ
725 2209 856 2236 ’Υπατίου

61 2253 89 2279 δὶ
100 2252 149 2279 τοῦ
165 2252 262 2280 τέκνου
275 2254 291 2289 ἡ
296 2254 364 2288 μῶν,
381 2254 436 2280 ἀπὸ
449 2254 499 2289 τῆς
509 2255 668 2289 Αἰγυπτίων
681 2255 773 2291 χώρας
788 2255 857 2291 πρὸς

63 2298 97 2333 μὲ
113 2299 158 2325 διὰ
175 2299 253 2325 τοῦτο
268 2299 392 2335 ἥκοντος,
410 2301 500 2327 πᾶσαν
517 2300 566 2335 μὲν
590 2300 739 2336 ρᾳθυμίαν,
763 2301 855 2329 πάντα

911 1704 948 1732 sit
959 1706 1118 1731 sanctorum
1137 1701 1370 1738 optimorumque,
1386 1707 1418 1728 ac
1432 1699 1518 1728 divini
1544 1699 1651 1727 amoris
1670 1698 1707 1725 fa-

911 1749 990 1777 cibus
1010 1748 1241 1776 inﬂammatorum
1257 1747 1400 1775 hominum
1425 1745 1556 1773 laudabili
1578 1744 1706 1773 instituto

911 1795 1035 1830 dignum,
1053 1795 1087 1822 ab
1103 1794 1146 1822 his
1169 1794 1238 1830 ipsis
1267 1798 1358 1822 tamen
1383 1792 1485 1821 stimuli
1507 1791 1574 1819 mihi
1590 1791 1705 1826 subjecti

911 1841 978 1876 sint,
996 1846 1026 1869 ut
1035 1841 1067 1868 ad
1085 1841 1111 1868 id
1129 1841 1202 1876 quod
1225 1840 1292 1868 utile
1307 1847 1340 1867 ac
1363 1839 1535 1866 fructuosum
1552 1843 1594 1866 est
1605 1839 1707 1866 excita-

912 1892 969 1916 tum
991 1887 1112 1915 animum
1140 1887 1334 1914 transferrem.
1348 1885 1454 1912 Etenim
1474 1884 1612 1919 ingenium
1637 1884 1705 1911 illud

911 1937 1048 1965 nostrum,
1060 1931 1133 1967 quod
1141 1931 1277 1966 abjectum
1286 1935 1313 1958 et
1326 1930 1429 1958 humile
1446 1930 1474 1957 in
1487 1929 1578 1965 quiete
1594 1929 1706 1964 otioque

910 1978 1015 2006 versari
1033 1981 1164 2013 perpetuo
1179 1976 1282 2010 studet,
1298 1984 1386 2011 neque
1397 1984 1459 2004 sese
1474 1976 1545 2002 ultra
1557 1983 1638 2010 quam
1655 1983 1704 2010 par

910 2029 952 2052 est
979 2024 1131 2056 intendere,
1160 2031 1223 2051 cum
1241 2022 1308 2050 illud
1333 2023 1384 2050 sibi
1404 2023 1437 2050 ab
1451 2022 1582 2057 Apostolo
1599 2021 1702 2049 dictum

910 2070 1085 2105 proposuerit
1105 2077 1112 2094 :
1128 2068 1170 2096 Ne
1187 2067 1327 2096 extendant
1345 2076 1385 2095 me
1403 2068 1474 2095 ultra
1492 2075 1641 2105 mensuram
1666 2075 1703 2094 re-

909 2104 990 2151 gulos,
1008 2124 1087 2151 quam
1107 2115 1181 2142 nobis
1205 2114 1276 2142 Deus
1301 2114 1417 2149 prwﬁxit
1433 2114 1444 2129 ⁸
1460 2123 1468 2141 :
1484 2121 1517 2142 eo
1541 2104 1703 2148 modo'pcr-

909 2162 1003 2190 venire
1018 2161 1137 2197 cogitur.
1165 2160 1233 2189 Nam
1260 2169 1321 2189 eum
1339 2165 1431 2189 vestra
1451 2159 1592 2188 hominum
1610 2159 1702 2186 divino

910 2216 1003 2236 amore
1016 2206 1201 2243 ﬂagrantium,
1218 2211 1276 2234 tum
1291 2206 1420 2240 aliorum,
1432 2206 1479 2242 qui
1491 2206 1519 2233 in
1533 2205 1628 2233 eadem
1639 2212 1702 2232 sen-

909 2254 993 2281 tentia
1020 2257 1095 2286 sunt,
1123 2253 1174 2280 hoc
1198 2256 1241 2280 est
1261 2256 1364 2280 rectam
1381 2251 1520 2279 vobiscum
1542 2250 1620 2278 tidem
1644 2257 1702 2277 am-

911 2299 983 2335 plexi
1008 2304 1083 2332 sunt,
1113 2306 1220 2327 necnon
1248 2301 1275 2326 et
1295 2297 1403 2334 llypatii
1428 2297 1475 2324 lilii
1491 2296 1590 2328 nostri,
1607 2297 1654 2332 qui
1669 2304 1702 2324 ex

60 2343 90 2370 δὲ
105 2343 186 2370 ὄκνον
203 2344 412 2378 παρεσκεύασαν
434 2344 596 2378 ἀποθέσθαι,
624 2345 722 2380 μηκέτι
737 2346 854 2381 στέγειν,
868 2345 873 2368 1

911 2345 1024 2381 Egyplo
1036 2345 1069 2373 ad
1081 2353 1132 2374 nos
1146 2353 1177 2374 ca
1191 2345 1225 2373 de
1238 2352 1322 2372 causa
1338 2343 1478 2379 profectus
1501 2347 1554 2376 est,
1571 2343 1701 2379 suliragia

63 2389 134 2423 μήτε
152 2388 182 2414 ὲν
196 2388 314 2424 δευτέρῳ
329 2389 461 2422 τίθεσθαι,
474 2389 509 2416 τὰ
520 2391 584 2426 περὶ
594 2391 713 2423 πίστεως
725 2392 853 2428 γράφειν.

68 2433 288 2469 Ἐπιζητούντων
300 2435 388 2470 ὑμῶν,
400 2436 447 2462 καὶ
458 2436 513 2462 τῶν
528 2436 671 2473 ἡμετέρων
686 2437 808 2473 ἀδελφῶν
821 2439 856 2466 τὰ

61 2479 128 2512 περὶ
148 2479 200 2513 τῆς
217 2479 352 2515 ὑμετέρας
373 2481 521 2516 σωτηρίας,
534 2482 623 2517 ὲκτῆς
631 2481 705 2514 θείας
714 2483 758 2510 καὶ
775 2483 856 2518 ἁγίας

62 2524 174 2559 Γραῳῆς
184 2524 230 2550 τὸν
239 2525 347 2559 στερεὸν
355 2525 479 2560 θεμέλιον
486 2525 537 2560 τῆς
552 2527 666 2559 πίστεως
679 2536 712 2554 πε
717 2527 743 2562 pi
750 2528 856 2564 Πατρδς

61 2569 110 2596 καὶ
118 2569 184 2596 Υίοῦ
193 2570 239 2597 καὶ
246 2570 323 2604 ἁγίου
332 2571 498 2606 Πνεύμστος,
507 2572 554 2599 καὶ
564 2572 613 2608 τῆς
620 2573 702 2608 ἄλλης
709 2574 818 2609 ἁπάσης
827 2575 855 2601 ἐν

60 2613 172 2649 Χριστῷ
187 2616 333 2650 σωτηρίας,
348 2617 522 2649 ἀναστάσεως
539 2627 568 2644 τε
583 2618 687 2653 νεκρῶν
707 2618 787 2653 λέγω,
807 2619 854 2646 καὶ

62 2660 197 2695 ὲιπάρκου
215 2661 366 2696 παρουσίας
385 2662 432 2688 τοῦ
459 2663 637 2697 Μονογενοῦς·
656 2664 702 2690 καὶ
721 2664 785 2700 περὶ
803 2664 854 2700 τῆς

61 2704 142 2739 ἁγίας
162 2707 310 2742 Διαθήκης,
325 2708 447 2740 Παλαιᾶς
461 2717 490 2736 τε
508 2709 554 2736 καὶ
568 2710 683 2745 Καινῆς,
699 2711 746 2737 καὶ
767 2711 854 2738 ἄλλων

60 2751 231 2784 ἁπαξαπλῶς
249 2752 405 2780 συστάσεων
426 2755 475 2789 τῆς
499 2754 605 2786 τελείας
629 2755 775 2791 σωτηρίας·
798 2755 853 2790 ἐγὼ

61 2796 127 2829 γοῦν
146 2797 237 2824 λαϐὼν
253 2797 303 2832 τὴν
320 2798 449 2832 τοιαύτην
467 2799 599 2835 πρότασιν
624 2800 677 2826 τῶν
705 2802 851 2836 αἰτήσεων,

98 2874 148 2904 'F.
164 2885 294 2903 σκοπονν.

908 2398 1069 2427 preceSquc,
1087 2399 1148 2426 qua!
1172 2398 1216 2418 me
1239 2389 1445 2425 quodammodo
1465 2390 1643 2417 moderantur
1669 2396 1702 2416 ac

907 2442 1015 2473 regunt,
1030 2437 1174 2472 segnitiem
1185 2440 1215 2464 ut
1228 2443 1337 2464 omnem
1352 2443 1384 2463 ac
1391 2436 1645 2471 tergiversationem
1654 2435 1702 2463 de-

909 2490 1048 2518 ponerem.
1062 2482 1141 2509 facile
1155 2481 1358 2516 compulerunt,
1384 2485 1414 2509 ut
1427 2481 1564 2509 sustinere
1580 2481 1700 2516 amplius

908 2533 955 2556 aut
970 2528 1178 2563 praetermittere
1193 2535 1245 2554 non
1271 2534 1392 2562 possem,
1409 2534 1464 2562 quo
1479 2527 1572 2555 minus
1591 2526 1652 2554 fidei
1665 2527 1700 2554 ad

908 2582 957 2601 vos
975 2574 1118 2601 formulam
1138 2573 1352 2601 conscriberem.
1371 2573 1599 2609 Quandoquidem
1615 2577 1670 2600 tam
1685 2580 1700 2600 a

907 2621 995 2652 vobis,
1007 2627 1089 2655 quam
1113 2627 1128 2646 ιλ
1157 2620 1263 2647 caeteris
1289 2620 1421 2648 fratribus
1443 2620 1546 2648 nostris
1587 2624 1698 2655 rogatus

905 2674 977 2697 sum,
995 2671 1023 2693 ut
1035 2673 1067 2692 eo
1079 2673 1139 2700 qua:
1151 2673 1214 2692 cum
1235 2666 1324 2694 salute
1341 2670 1432 2693 vestra
1448 2665 1597 2700 conjuncta
1620 2669 1696 2697 sunt.

904 2712 957 2739 hoc
969 2715 1011 2739 est
1025 2711 1142 2738 solidum
1155 2711 1216 2738 fidei
1228 2711 1457 2746 credulitatisque
1478 2711 1512 2738 de
1522 2710 1613 2744 Patre,
1628 2709 1698 2736 Filio

904 2760 931 2784 et
949 2756 1054 2792 Spiritu
1073 2762 1169 2785 sancto
1187 2761 1290 2785 nostra:
1315 2757 1534 2790 fundamentum,
1553 2763 1662 2790 unaque
1671 2758 1700 2783 et

905 2807 1065 2830 caelerorum
1083 2803 1301 2832 Christianorum
1319 2802 1488 2839 dogmalum,
1507 2801 1590 2830 veluti
1607 2807 1699 2828 resur-

334 2878 343 2892 ³
358 2876 449 2904 Matth.
468 2886 523 2912 us,
540 2879 583 2906 2|.
626 2879 693 2906 Ἀρι
722 2888 757 2913 iv,
775 2881 817 2907 57.
862 2880 870 2896 ³
892 2879 988 2908 llCor.
1003 2889 1030 2914 ι,
1051 2882 1090 2910 i5.
