1940 3043
232 152 265 178 ω
925 158 953 186 s.
973 157 1144 186 EPIPHANII
1511 190 1513 192 η
1830 150 1863 179 20

234 216 365 247 rectionis
381 220 564 248 mortuorum,
576 215 785 247 incarnationis,
798 215 861 242 item
875 214 908 242 de
923 214 1021 242 Vetere

1077 213 1122 240 οὐκ
1134 212 1232 247 ὀλίγων
1249 212 1347 244 οὐσῶν,
1364 212 1439 248 παρὰ
1447 211 1500 239 τῶν
1509 211 1572 247 περὶ
1581 209 1629 238 τὸν
1641 211 1752 246 ἀδελφὸν
1764 210 1863 239 Κώνω-

234 269 267 291 se
279 261 354 290 Novo
370 260 556 292 Testamento,
583 259 699 295 aliisque
719 259 858 293 omnibus,
883 259 911 286 in
923 258 1023 294 quibus

235 308 356 344 perfecta
386 306 463 334 salus
487 305 615 333 consistit
642 312 674 332 ac
697 305 804 337 nititur,
819 312 852 332 ex
869 304 1023 332 divinarum

233 362 266 381 ac
289 356 447 380 sanctarum
472 349 635 378 Litterarum
662 350 825 377 auctoritate
857 349 1022 381 scriberem;

233 405 283 433 ego
295 404 362 424 vero
373 395 475 423 auditis
491 394 627 429 ejusmodi
643 395 780 430 precibus,
796 402 866 430 quas
880 402 935 422 non
953 401 1022 429 pau-

234 451 280 471 cas
293 443 403 477 Conops
425 441 459 468 ad
480 448 523 468 me
534 440 636 476 collega
648 440 801 476 presbyter,
817 444 845 467 et
855 440 900 475 qui
916 447 979 467 cum
990 446 1024 467 eo

233 492 322 521 erant,
337 495 371 515 ac
386 495 447 515 cum
462 487 520 519 alii,
530 491 587 514 tum
596 494 656 519 vos,
668 486 826 514 charissimi
840 486 900 519 ﬁlii,
916 494 1022 514 necnon

233 538 260 565 et
277 533 410 568 Hypatius
429 532 501 561 ﬁlius
526 536 631 564 noster,
648 533 694 567 qui
715 531 749 559 ad
775 539 818 559 me
834 536 975 567 propterea
989 539 1021 559 ex

233 579 353 615 Egyplo
371 578 453 611 venit,
470 578 653 613 pertulerant;
670 585 732 605 cum
745 581 785 605 tot
800 577 828 604 in
840 577 910 605 idem
925 577 1022 605 suﬂ‘ra-

233 625 278 661 gia
297 625 473 653 consensisse
495 631 647 656 cernerem,
669 627 759 651 mente
783 624 929 658 animoque
948 631 1024 651 com-

1077 268 1116 286 πα
1136 259 1182 285 τὸν
1212 257 1454 293 συμπρεσῦύτερον
1476 257 1523 285 καὶ
1542 256 1596 285 τῶν
1617 255 1690 292 αὐτῷ
1712 256 1862 292 ἑπομένων.

1077 304 1164 332 ἄλλων
1180 304 1209 331 δὲ
1223 304 1270 330 καὶ
1283 304 1333 338 τῆς
1346 303 1423 339 ὑμῶν
1436 303 1604 339 τιμιότητος,
1619 303 1701 329 τέκνα
1711 302 1865 329 ποθεινότα-

1077 360 1122 384 τα,
1135 351 1166 377 οὐ
1179 350 1233 385 μὴν
1250 349 1319 376 ἀλλὰ
1333 349 1381 376 καὶ
1393 349 1441 379 τοῦ
1454 348 1549 376 τέκνου
1566 347 1644 384 ἡμῶν
1666 347 1797 374 Ὑπατίυυ
1812 346 1865 374 ἀπὸ

1076 396 1125 431 τῆς
1146 394 1285 430 Αἰγύπτου
1306 394 1375 430 πρὸς
1398 394 1432 429 μὲ
1453 393 1499 420 διὰ
1523 393 1603 420 τοῦτο
1617 393 1739 429 ἥκοντος,
1756 393 1865 427 ὁμοφώ-

1076 450 1139 473 νους
1168 441 1274 476 ψήφους
1292 440 1392 472 πολλὰς
1405 439 1476 476 ὀρῶν
1490 439 1569 474 ὁμοῦ,
1589 439 1698 474 δηχθεὶς
1716 439 1764 474 τὴν
1780 439 1866 474 φρένα

1076 486 1124 514 καὶ
1138 486 1185 513 τὸν
1202 485 1343 521 λογισμὸν,
1361 485 1531 520 ὲσκεψάμην-
1551 484 1599 511 καὶ
1612 483 1686 517 ἔδοξέ
1701 493 1746 519 μοι
1762 483 1864 520 προθύ-

1077 540 1136 567 μως
1145 529 1355 567 ὁρμῆσαι,κατὰ
1364 529 1500 565 Thuriisth
1507 529 1552 556 διὰ
1562 529 1733 565 γραμμάτων
1742 528 1865 561 ἀξίωσιν,

1077 571 1272 608 ἀνενδοιάστως
1291 576 1338 603 ἐπὶ
1354 576 1383 602 τὸ
1407 575 1526 611 γράφειν
1545 575 1648 610 ταύτην
1671 583 1722 611 μου
1741 575 1792 610 τὴν
1808 575 1867 601 ἑπι-

1077 623 1174 659 στολὴν
1186 622 1237 658 ἐμὲ
1253 622 1299 650 τὸν
1314 621 1417 658 βραχὺν
1430 620 1469 657 τῷ
1486 621 1611 657 ὑμετέρῳ
1626 621 1712 656 πόθῳ.

234 676 324 700 tuotus
335 676 461 707 reputare
477 679 583 698 mecum
599 671 657 706 ipse
665 671 738 706 ccepi
755 679 762 697 :
776 678 808 698 ac
823 671 933 699 tandem
948 670 1021 699 istud
1041 671 1108 699 mihi
1130 675 1256 706 prompte
1282 674 1310 699 et
1324 670 1452 698 alacriter
1481 669 1636 696 faciendum
1654 675 1715 696 esse
1744 669 1866 701 decrevi.

235 724 264 746 ut
283 726 331 753 pro
359 726 402 751 eo,
429 725 461 746 ac
481 726 529 754 per
555 718 660 746 litteras
685 718 856 753 postulastis,
876 718 910 746 ad
937 718 1009 747 hanc
1036 719 1114 747 vobis
1144 726 1195 754 pro
1223 721 1316 747 vestro
1343 717 1481 746 desiderio
1512 716 1685 747 scribendam
1709 717 1865 752 epistolam,

234 766 325 794 tenuis
336 767 400 794 licet
413 766 614 799 etimbeciilus,
638 767 697 794 sine
716 767 771 794 ulla
797 767 1024 802 tergiversatione
1043 774 1087 795 me
1102 765 1268 795 conferrem.

269 811 295 846 7
310 811 344 839 ll.
363 812 403 839 Ac
420 811 485 839 mihi
497 811 608 847 quidem
620 811 728 840 Domini
743 811 845 848 Deique
858 813 943 842 nostri
958 820 1023 848 pro-

1114 813 1152 840 B'.
1169 813 1225 840 Καὶ
1242 811 1345 848 σφόδρα
1359 811 1410 847 μὲν
1430 810 1617 846 ἑκπλήττομαι
1634 808 1800 845 θαυμαστῶς
1818 809 1869 845 τὴν

233 856 380 884 videntiam
392 857 567 885 vehementer
576 857 706 885 admirari
718 858 792 891 libet,
801 858 847 892 qui
857 866 907 893 pro
918 857 1023 889 inﬁnita

1077 857 1124 884 τοῦ
1137 857 1241 893 Κυρίου
1259 857 1307 883 καὶ
1320 856 1388 883 Θεοῦ
1405 855 1484 891 ἡμῶν
1502 854 1669 890 οἰκονομίαν,
1685 855 1716 886 ὃς
1736 855 1868 890 εὺδόκησε

235 909 286 929 sua
304 901 428 930 bonitate
442 902 610 930 omnibusin
627 901 709 931 rebus
724 906 850 930 sanctum
864 909 945 930 suum
963 901 1025 938 Spi-

234 947 319 976 ritum
335 948 369 976 iis
389 948 434 983 qui
455 956 485 976 se
509 956 542 976 ex
568 948 662 976 animo
687 949 870 984 requirerent,
891 948 1025 984 impertiri

233 994 331 1022 voluit.
350 993 444 1030 Neque
460 994 534 1022 enim
551 994 611 1021 sine
633 994 728 1023 divino
746 995 865 1030 quodam
892 995 1024 1023 instinctu

233 1044 357 1069 vestrum
381 1040 504 1069 omnium
529 1041 731 1076 postulationes
757 1050 806 1078 per
830 1042 937 1070 litteras
958 1042 1026 1071 mihi

233 1093 295 1114 esse
307 1086 474 1122 significatas
488 1087 628 1120 existimo,
644 1087 692 1115 sed
710 1088 782 1115 hunc
796 1096 846 1124 ego
861 1089 946 1116 animi
964 1097 1025 1116 mo-

232 1138 292 1159 tum
307 1132 401 1160 divina
415 1133 627 1167 vobisaﬂlatum
648 1141 709 1162 esse
724 1135 811 1170 gratia
824 1134 957 1170 judicavi.
973 1134 1027 1162 Ne-

233 1185 287 1211 que
303 1177 375 1204 enim
394 1177 508 1206 dubium
527 1183 570 1207 est
587 1179 654 1214 quin
675 1180 693 1207 ii
710 1180 758 1215 qui
775 1180 869 1208 eadem
882 1188 943 1207 cum
964 1180 1027 1208 divo

233 1220 315 1249 Petro
341 1229 374 1249 ac
402 1224 600 1251 consentientia
624 1224 717 1251 dicere
740 1224 905 1259 potuerint;
938 1224 978 1251 Tu
999 1233 1026 1252 es

235 1265 356 1292 Christus
371 1265 459 1293 Filius
474 1266 522 1293 Dei
535 1267 586 1294 vivi
598 1267 619 1301 ‘,
637 1267 671 1294 ab
685 1268 744 1303 ipso
758 1268 871 1295 Domino
885 1268 1028 1296 manifeste

235 1310 308 1337 beati
331 1311 499 1345 przcdicandi
519 1312 585 1344 sint,
601 1313 831 1347 quemadmodum
854 1317 965 1341 sanctus
981 1313 1027 1343 ille

234 1354 300 1382 felix
327 1359 370 1382 est
392 1355 469 1386 hisce
488 1356 580 1383 verbis
600 1356 729 1384 habitus:
753 1356 851 1385 Beatus
878 1365 916 1390 es,
933 1357 1027 1389 Simon

236 1399 284 1425 bar
302 1397 372 1426 Joua
381 1401 404 1432 ',
424 1399 476 1428 hoc
488 1404 541 1433 est,
558 1400 599 1435 [ili
614 1400 692 1428 J0me
703 1409 712 1427 :
728 1400 813 1429 Jonas
832 1401 934 1438 quippe
950 1406 1027 1436 pater

235 1443 311 1472 illius
322 1444 519 1479 appellabatur.
529 1444 615 1472 Porro
626 1445 721 1478 dictio,
729 1445 787 1478 bar,
797 1445 927 1473 Hebraice
940 1447 1027 1482 ﬁlium

234 1493 324 1517 sonat.
350 1489 387 1516 Ea
403 1497 468 1518 vero
491 1490 600 1518 demum
616 1494 658 1518 est
679 1491 749 1523 vita,
768 1499 850 1526 quam
869 1491 1026 1527 unigenitus

1075 905 1108 939 τῇ
1124 902 1260 938 ὑπερϐολῇ
1276 902 1326 937 τῆς
1346 901 1429 928 αὑτοῦ
1446 901 1615 936 ἀγαθότητος
1628 902 1657 928 ὲν
1673 900 1760 928 ἅπασι
1774 900 1869 928 δοῦναι

1075 948 1107 975 τὸ
1122 948 1199 983 ἅγιον
1213 946 1296 975 αὑτοῦ
1309 946 1422 982 Πνεῦμα
1433 947 1490 978 τοῖς
1504 945 1584 973 αὐτὸν
1595 946 1624 973 ὲν
1638 945 1751 982 ἀληθείᾳ
1767 945 1869 981 ζητοῦ-

1077 1002 1130 1020 σιν.
1148 984 1205 1020 όὺκ
1218 992 1314 1025 ἀθέους
1329 992 1383 1028 γὰρ
1398 991 1475 1027 ὑμῶν
1488 990 1536 1017 καὶ
1559 990 1614 1018 τῶν
1628 991 1688 1018 καθ’
1704 992 1777 1027 ὑμᾶς
1789 991 1869 1028 αἰτή-

1077 1047 1134 1072 σεις
1153 1038 1202 1071 τὰς
1217 1037 1260 1065 διὰ
1273 1038 1327 1064 τῶν
1348 1037 1521 1073 γραμμάτων
1537 1037 1696 1073 ἡγησάμην,
1710 1037 1868 1066 ποθεινότα-

1076 1093 1128 1117 τοι,
1151 1083 1219 1112 ἀλλὰ
1237 1083 1288 1119 τὴν
1305 1082 1412 1118 κίνησιν
1435 1083 1585 1118 ὲδοκίμασα
1606 1084 1638 1110 ὲκ
1658 1083 1710 1118 τῆς
1732 1083 1780 1115 ⁵τοῦ
1800 1082 1870 1111 Θεοῦ
1917 1099 1918 1106 η

1077 1130 1186 1166 χάριτος
1203 1130 1231 1156 ἐν
1247 1130 1310 1164 ὑμῖν
1325 1128 1497 1164 ὑπάρξασαν.
1517 1129 1575 1155 Ἐπ’
1593 1128 1722 1164 ἀληθείας
1741 1129 1806 1164 γὰρ,
1822 1130 1871 1158 καὶ

1077 1176 1176 1209 εἰδότες
1192 1175 1340 1207 συνοίδατε,
1355 1175 1403 1201 καὶ
1415 1174 1547 1210 σύμφωνα
1568 1174 1660 1209 λέγειν
1674 1174 1714 1211 τῷ
1725 1182 1865 1211 μακαριω-

1076 1221 1150 1257 τάτῳ
1169 1221 1274 1257 Πέτρῳ,
1295 1222 1336 1248 ὅτι
1359 1221 1402 1248 Σὺ
1416 1221 1445 1248 εἴ
1456 1221 1472 1248 ὁ
1483 1221 1610 1256 Χριστὸς
1620 1223 1637 1248 ό
1648 1221 1714 1254 Υἱὸς
1725 1221 1778 1249 τοῦ
1794 1221 1877 1248 ΘεοῦΑ

1077 1268 1132 1295 τοῦ
1151 1268 1268 1301 ζῶντος,
1293 1268 1388 1303 σαφῶς
1402 1268 1446 1294 ὑπ’
1466 1267 1549 1294 αὑτοῦ
1566 1267 1613 1294 τοῦ
1631 1267 1732 1303 Κυρίου
1751 1275 1871 1303 μακαρι-

1078 1314 1233 1350 σθήσονται,
1258 1314 1350 1346 καθὼς
1376 1314 1424 1340 καὶ
1446 1314 1461 1340 ὁ
1478 1313 1556 1348 ἅγιος
1572 1314 1675 1345 ἐκεῖνος
1691 1313 1869 1349 ὲμακαρίσθη

1077 1360 1184 1387 ἀκούων
1195 1369 1203 1376 ·
1217 1359 1368 1394 Μακάριος
1383 1357 1412 1386 εἴ
1425 1358 1477 1391 σὺ,
1492 1359 1590 1393 Σίμων
1605 1358 1667 1392 ,βὰρ
1683 1356 1779 1389 Ἰωνᾶ,
1791 1366 1872 1385 τουτο

1078 1405 1162 1439 ἐστιν,
1189 1405 1235 1433 υἱὲ
1248 1403 1345 1439 Ἰωνᾶ,
1366 1406 1380 1431 ὁ
1398 1404 1452 1440 γὰρ
1473 1403 1562 1440 πατὴρ
1585 1403 1669 1431 αὑτοῦ
1689 1404 1782 1435 Ἰωνᾶς
1805 1405 1871 1431 ἐκα-

1077 1450 1166 1478 λεῖτο·
1192 1450 1222 1477 τὸ
1248 1450 1276 1477 δὲ
1297 1450 1359 1485 ,ϐὰρ
1382 1449 1561 1486 ἑρμηνεύεται
1582 1449 1615 1476 ὲκ
1638 1449 1688 1485 τῆς
1719 1449 1871 1485 Ἐὃραῑχῆς

1077 1496 1227 1529 διαλέκτου,
1247 1497 1322 1530 υἱός.
1337 1496 1392 1523 Καὶ
1414 1495 1492 1523 τοῦτο
1512 1493 1546 1532 ἦν
1561 1497 1579 1532 ἡ
1601 1495 1669 1532 ζωὴ.
1685 1496 1719 1531 ἢν
1738 1497 1840 1524 ἔδωκεν
1855 1497 1871 1523 ὁ

234 1535 320 1563 Filius
344 1535 489 1571 discipulis
509 1536 569 1564 suis
581 1536 694 1572 largitus
718 1541 759 1565 est
775 1537 890 1564 dicens:
916 1537 950 1564 Ut
975 1538 1022 1565 Ita-

1077 1541 1222 1577 μονογενὴς
1242 1541 1306 1573 Υἱὸς
1328 1542 1386 1573 τοῖς
1407 1541 1505 1568 ἑαυτοῦ
1522 1541 1656 1577 μαθηταῖς
1676 1540 1762 1576 λέγων
1775 1551 1782 1557 ·
1801 1541 1871 1570 Ἵνα

236 1580 311 1606 beant
328 1581 409 1607 vitam
428 1581 455 1607 iu
472 1589 499 1607 se
513 1581 577 1615 ipsis
589 1581 617 1614 ³;
634 1586 664 1608 ιιι
684 1581 788 1609 scilicet
807 1587 967 1618 cognoscant
981 1592 1027 1610 so-

234 1626 290 1652 lum
309 1634 397 1653 rerum
417 1625 519 1658 Deum,
539 1631 564 1654 et
581 1635 657 1662 quem
674 1628 729 1663 ipse
747 1628 818 1655 misit
833 1627 926 1656 Jesum
948 1627 1027 1656 Chri-

234 1677 305 1699 stum
315 1672 335 1698 ⁸.
348 1671 400 1699 Ubi
417 1679 479 1699 cum
495 1672 563 1700 dixit
578 1673 664 1700 solum
677 1682 765 1701 verum
781 1673 876 1707 Deum,
892 1675 924 1702 ad
941 1682 1026 1702 unum

234 1716 458 1752 singularemque
469 1716 554 1745 Deum
567 1725 617 1745 nos
630 1718 783 1750 transtulit,
793 1726 827 1747 ne
837 1719 932 1746 mundi
943 1719 1026 1754 hujus

235 1761 379 1789 elementis
402 1761 577 1789 serviendum
603 1763 722 1797 amplius
755 1767 930 1798 putaremus;
957 1772 1026 1794 neve

234 1807 347 1835 deorum
360 1808 388 1835 in
407 1807 487 1836 nobis
501 1808 592 1835 adhuc
605 1808 752 1835 multitudo
768 1809 912 1843 resideret,
930 1813 977 1837 aut
991 1810 1026 1838 ad

234 1852 300 1880 illud
321 1853 408 1888 stupri
424 1861 511 1889 genus
529 1853 672 1880 hominum
689 1857 797 1882 mentes
811 1854 1023 1890 dissiparentur,

237 1899 285 1927 sed
297 1899 331 1926 ad
352 1899 435 1926 unius
449 1899 562 1934 verique
578 1899 626 1927 Dei
646 1899 863 1935 singularitatem
879 1908 940 1929 sese
956 1909 1024 1929 con-

234 1948 395 1972 verterent:
424 1943 536 1971 Initium
556 1945 649 1980 quippe
670 1945 855 1980 fornicationis
876 1950 916 1973 est
932 1947 1024 1981 exqui-

233 1991 294 2018 sitio
308 1991 450 2023 idolorum,
464 1994 495 2018 ut
516 1991 555 2018 ait
571 1989 714 2027 Scriptura
724 1991 745 2019 '.
760 1991 848 2020 Porro
863 1998 927 2020 cum
946 1992 1023 2026 dicit,

237 2036 269 2064 Et
282 2046 358 2072 quem
378 2038 477 2065 misisti
501 2036 594 2065 Iesum
609 2037 756 2072 Christum,
778 2046 893 2074 ecquem
913 2038 1023 2066 tandem

232 2082 326 2110 Jesum
343 2083 484 2111 Christum
509 2083 656 2119 intelligit?
676 2082 777 2112 Verum
796 2084 891 2120 utique
914 2084 1021 2114 Deum:

233 2128 330 2160 Deum,
347 2128 469 2163 inquam,
480 2128 621 2157 Christum
639 2129 745 2163 Iesum,
761 2135 792 2157 ut
811 2130 845 2158 de
859 2131 918 2166 ipso
939 2135 1024 2161 testa-

232 2179 278 2202 tur
287 2173 407 2202 Joannes
420 2182 427 2200 :
447 2173 612 2210 Unigenitus,
624 2176 670 2211 qui
682 2180 721 2203 est
733 2177 759 2203 in
775 2177 836 2204 sinu
849 2177 952 2211 Patris,
969 2179 1023 2214 ipse

1076 1587 1169 1622 ἔχωσι
1191 1587 1249 1621 τὴν
1273 1586 1351 1621 ζωὴν
1374 1587 1410 1614 ἐν
1428 1587 1556 1621 ἑαυτοῖς,
1583 1586 1616 1614 τὸ
1631 1586 1793 1623 γινώσκειν
1816 1589 1872 1615 τὸν

1075 1634 1171 1668 μόνον
1183 1634 1327 1667 ἀληθινὸν
1339 1634 1424 1666 Θεὸν,
1434 1634 1484 1661 καί
1501 1634 1537 1662 ὃν
1546 1633 1726 1662 ἀπέστειλεν·
1744 1634 1873 1669 Ἰησοῦν

1076 1679 1214 1713 Χριστόν.
1238 1679 1282 1705 Ἐν
1295 1678 1334 1714 τῷ
1355 1677 1402 1706 οὖν
1416 1680 1514 1713 εἰπεῖν,
1536 1679 1595 1707 Τὸν
1610 1680 1708 1715 μόνον
1721 1681 1872 1713 ἀληθινὸν

1077 1725 1162 1758 Θεὸν,
1178 1726 1219 1757 είς
1241 1725 1392 1762 μοναρχίαν
1411 1727 1486 1762 ἡμᾶς
1502 1726 1606 1762 ἤγαγεν
1617 1734 1624 1742 ·
1641 1726 1686 1754 ἵνα
1703 1726 1802 1763 μηκέτι
1815 1727 1872 1754 ὑπὸ

1075 1770 1110 1797 τὰ
1131 1771 1251 1806 στοιχεῖα
1265 1770 1313 1797 τοῦ
1334 1770 1436 1807 κόσμου
1451 1768 1526 1807 ὦμεν
1547 1771 1754 1808 δεδουλωμένοι,
1768 1772 1813 1799 ἴνα
1830 1772 1871 1808 μὴ

1077 1815 1205 1843 πολυθεῒα
1222 1817 1250 1843 ὲν
1269 1817 1336 1852 ἡμῖν
1350 1816 1390 1843 ἔτι
1410 1815 1438 1853 ᾗ,
1461 1817 1510 1844 καὶ
1530 1811 1724 1854 ἐπὶθπορνείαν
1739 1817 1871 1853 τοιαύτην

1075 1861 1304 1898 ὲπισκορπίζηται
1318 1862 1353 1889 τὰ
1368 1863 1423 1890 τῶν
1439 1863 1590 1900 ἀνθρώπων
1603 1865 1736 1900 νοήματα,
1751 1864 1809 1890 ἀλλ’
1820 1864 1873 1892 ἐπὶ

1075 1906 1190 1943 ἑνότητα
1203 1907 1251 1934 τοῦ
1266 1909 1348 1944 μόνου
1365 1908 1493 1944 ἀληθινοῦ
1504 1909 1572 1938 Θεοῦ
1585 1918 1591 1924 ·
1609 1910 1711 1944 Πρώτη
1726 1909 1781 1946 τὺρ
1797 1917 1873 1944 πορ-

1074 1953 1150 1986 νεία,
1176 1953 1294 1980 ἐπίνοια
1321 1953 1462 1987 εἰδώλων,
1485 1955 1568 1990 φησὶν
1592 1955 1609 1990 ή
1628 1955 1734 1990 Γραφή.
1759 1953 1817 1982 Καὶ
1832 1955 1871 1981 ὃν

1075 1998 1258 2033 ἀπέστειλας
1294 2000 1412 2034 Ἰησοῦν
1442 2001 1582 2035 Χριστόν.
1618 2000 1721 2036 Ἰησοῦν
1749 2001 1869 2036 Χριστὸν

1073 2044 1154 2078 τίνα;
1169 2045 1293 2081 ἀληθινὸν
1309 2046 1385 2074 Θεόν.
1403 2046 1435 2073 Et
1449 2047 1478 2073 δὲ
1488 2046 1555 2073 Θεὸν
1566 2046 1683 2082 Χριστὸν
1705 2046 1818 2081 Ἰησοῦν,
1830 2046 1870 2078 ὼς

1074 2090 1147 2126 λέγει
1165 2091 1230 2128 περὶ
1247 2091 1330 2118 αὑτοῦ
1345 2093 1360 2118 ὁ
1378 2092 1521 2128 Ίωάννηςο
1540 2092 1572 2119 '0
1587 2091 1770 2126 Μονογενὴς,
1786 2093 1803 2118 ό
1824 2090 1870 2118 ὢν

1074 2138 1117 2170 εἰς
1133 2136 1187 2165 τὸν
1205 2138 1321 2164 κόλπον
1341 2137 1394 2164 τοῦ
1415 2137 1541 2171 Πατρός,
1565 2137 1656 2170 αὐτὸς
1676 2137 1849 2171 ἐξηγήσατο
1861 2144 1867 2150 ·

1075 2178 1115 2214 εἷς
1134 2181 1201 2214 Θεὸς
1220 2182 1310 2209 τοίνυν
1323 2182 1337 2208 ὀ
1356 2180 1461 2217 Πατὴρ,
1480 2181 1527 2208 καὶ
1542 2181 1621 2216 μόνος
1641 2181 1767 2216 ἀληθινὸς
1788 2181 1868 2213 Θεὸς,

232 2220 352 2247 narravit
364 2220 386 2247 θ.
403 2219 480 2247 Unus
503 2219 597 2255 itaque
620 2220 692 2248 Deus
709 2226 750 2249 est
773 2221 864 2255 Pater,
887 2230 920 2251 ac
946 2211 1022 2252 solus

1077 2211 1123 2255 καὶ
1139 2227 1170 2254 οὺ
1190 2211 1265 2255 κατὰ
1280 2228 1342 2260 τοὺς
1366 2211 1548 2262 ὲψευομένους
1563 2211 1650 2260 θεοῦς,
1673 2211 1721 2259 οῦς
1737 2211 1869 2262 ἐνόμισαν

233 2273 314 2293 verus
328 2265 411 2298 Deus,
435 2273 489 2293 non
505 2266 660 2300 cujusmodi
680 2271 745 2294 sunt
769 2268 891 2296 ementiti
909 2269 948 2297 illi
971 2269 1021 2303 dii,

232 2318 302 2344 quos
330 2311 445 2345 gentiles
469 2310 580 2345 quidam
602 2311 668 2340 deos
695 2312 820 2341 arbitrati
847 2319 932 2348 sunt.
959 2323 1021 2344 cum

232 2359 322 2383 tamen
336 2356 374 2383 dii
391 2356 468 2384 nullo
483 2356 564 2384 modo
584 2356 692 2392 forent;
705 2367 800 2386 verum
820 2361 896 2389 solus
914 2365 955 2389 est
972 2369 1021 2389 ve-

231 2409 335 2436 rusque
360 2400 678 2438 Deus,'quandoquidem
695 2405 771 2433 solus
793 2414 809 2433 a
833 2407 893 2435 solo
921 2407 1020 2442 linige-

231 2447 317 2480 uitus,
333 2447 463 2482 solusque
486 2447 604 2483 Spiritus
621 2455 733 2478 sanctus
751 2451 786 2479 ab
810 2452 857 2479 illo
875 2459 1020 2487 processe‘

231 2497 305 2520 runt.
336 2493 406 2521 Nam
433 2495 554 2524 Trinitas
579 2496 607 2523 in
631 2497 735 2525 unitate
758 2498 903 2531 consistit,
924 2502 1021 2533 estque

231 2539 304 2568 Deus
311 2548 393 2575 unus,
405 2541 496 2576 Pater,
510 2542 594 2570 Filius
609 2547 636 2570 et
650 2543 768 2579 Spiritus
780 2547 904 2571 sanctus.

265 2583 308 2611 lli.
330 2583 384 2612 Sed
409 2593 457 2614 eos
477 2586 602 2615 videlicet
625 2588 673 2622 qui
689 2587 808 2623 Spiritus
832 2587 920 2615 sancti
945 2594 1017 2614 non-

229 2631 295 2659 dum
313 2633 459 2669 participes
473 2642 534 2662 esse
555 2639 725 2667 meruerunt,
742 2635 795 2662 ista
817 2637 972 2661 commovet
986 2641 1017 2661 ac

232 2678 372 2711 perturbat
388 2679 488 2707 oratio.
514 2679 597 2707 Nemo
617 2681 688 2707 enim
712 2679 798 2706 dicere
811 2683 905 2712 potest,
923 2677 1016 2706 Domi-

267 2775 276 2792 ¹
287 2775 381 2806 Matth.
394 2785 449 2810 xvt,
461 2776 504 2805 16.
542 2778 552 2793 ¹
563 2776 628 2804 ibid.
641 2777 682 2803 17.

722 2776 821 2804 8.loan.
840 2784 867 2810 Χ,
883 2777 923 2804 ii).
964 2776 1064 2805 ‘Joan.
1086 2786 1152 2811 xvu,
1168 2779 1194 2806 3.

1074 2283 1147 2305 τινες
1168 2274 1223 2300 τῶν
1243 2274 1377 2308 Ἑλλήνων
1400 2272 1488 2306 θεοὺς,
1508 2273 1559 2300 οὐκ
1583 2273 1663 2305 δντας
1686 2272 1779 2304 timur
1797 2273 1869 2300 ἀλλὰ

1077 2318 1157 2354 μόνος
1168 2318 1294 2353 ἀληθινὸς
1308 2318 1383 2351 Θεὸς,
1396 2318 1491 2354 ἐπειδὴ
1511 2318 1592 2354 μόνος
1611 2320 1643 2345 ὲκ
1658 2318 1739 2353 μόνου
1753 2318 1768 2344 ὁ
1778 2318 1868 2345 Μονο-

1075 2363 1167 2399 γενὴς,
1176 2364 1223 2390 καὶ
1237 2364 1316 2399 μόνον
1330 2364 1360 2390 τὸ
1375 2365 1454 2400 μόνον
1467 2365 1498 2391 τὸ
1510 2365 1548 2400 (4)
1557 2365 1634 2399 ἅγιον
1645 2364 1766 2400 Πνεῦμα.
1780 2364 1870 2399 Τριάς

1075 2410 1130 2446 γὰρ
1145 2411 1174 2437 ἐν
1192 2409 1296 2446 μονάδι,
1310 2410 1356 2437 καὶ
1371 2408 1411 2443 εἷς
1424 2410 1501 2443 Θεὸς,
1520 2410 1627 2448 Πατὴρ,
1641 2410 1704 2443 Υἱὸς
1717 2411 1764 2438 καὶ
1787 2410 1870 2446 ἅγιον

1075 2454 1196 2491 Πνεῦμα.

1109 2586 1145 2614 Γ’.
1171 2587 1271 2622 Πτύρει
1296 2586 1324 2613 δὲ
1348 2588 1362 2614 ὁ
1390 2587 1468 2622 λόγος
1491 2588 1555 2619 τοὺς
1581 2587 1620 2623 μὴ
1643 2585 1866 2622 κατηξιωμένους

1072 2632 1231 2668 Πνεύματος
1246 2633 1334 2667 ἁγίου.
1350 2633 1456 2666 Οὐδείς
1476 2633 1531 2668 γὰρ
1550 2633 1674 2660 δύναται
1690 2632 1796 2664 εἰπεῖν,
1806 2634 1870 2660 Κύ-

1067 2688 1136 2714 ριος
1159 2679 1286 2713 Ἰησοῦς,
1313 2680 1339 2705 sl
1362 2679 1405 2714 μὴ
1425 2679 1459 2706 ἐν
1485 2679 1634 2714 Πνεὺματι
1650 2678 1737 2714 ἁγίῳ·
1754 2678 1786 2706 τὸ
1813 2679 1867 2717 μὲν

1234 2780 1244 2794 ⁸
1259 2778 1322 2814 Sap.
1339 2786 1394 2811 xw,
1410 2778 1452 2806 η.
1487 2777 1586 2805 'Joan.
1599 2786 1619 2811 ι,
1637 2777 1681 2806 IS.

265 2865 305 2901 (4)
324 2868 377 2895 Ka)
386 2866 481 2902 μόνον
495 2866 527 2893 τὸ
535 2867 635 2902 μόνον
646 2868 687 2895 τό.
703 2867 791 2897 Locus
803 2872 959 2906 wrruptus.
972 2869 1013 2897 An

1077 2867 1175 2896 endem
1195 2869 1239 2896 καὶ
1253 2869 1332 2905 μόνον
1345 2870 1375 2896 ἐκ
1391 2869 1489 2903 μόνουῖ
1505 2867 1582 2897 Eutr.
