1940 3043
78 141 110 168 21
784 139 1004 169 ᾹΝΕΟΒΑἸἮΒ.
1671 140 1710 170 22

76 195 132 233 γὰρ
152 191 255 232 Ἰησοῦς
276 196 363 232 δνομα
385 196 434 224 καὶ
452 196 575 226 Ἰουδαῖοι
599 198 736 233 λέγουσιν,
758 197 817 226 ἀλλ’
836 197 865 225 οὐ

920 205 982 230 nus,
997 198 1050 225 nisi
1063 199 1093 225 in
1106 197 1209 232 Spiritu
1226 200 1319 225 saucio
1331 196 1350 224 '.
1371 196 1512 232 Siquidem
1525 194 1591 225 Iesu
1609 202 1711 225 nomen

76 242 182 277 Κύριον
202 237 348 277 ἡγοῦνται·
367 241 416 269 καὶ
437 243 572 280 ’Δρειανοὶ
593 243 701 277 λέγουσι
719 242 750 270 τὸ
771 242 868 278 δνομα,

78 288 125 314 καὶ
137 287 207 315 Θεὸν
220 287 295 314 θετὸν
307 287 416 322 λέγουσι
430 288 490 324 (4⁵),
504 289 552 316 καὶ
562 288 613 316 οὐκ
628 288 763 324 ἀληθινὸν,
776 288 870 324 ἐπειδὴ

75 333 106 359 οὐ
125 333 257 368 μετέσχον
277 333 438 369 Πνεύματος
453 334 543 369 ἁγίου.
563 335 626 361 Ἐὰν
646 334 684 370 μὴ
699 335 754 370 γάρ
773 343 815 366 τις
826 334 870 361 δέ,

77 377 156 412 ξηται
178 377 292 412 Πνεῦμα
308 378 397 412 ἅγιον,
419 377 450 404 οὐ
472 377 547 413 λέγει
571 377 618 405 τὸν
638 377 744 414 Ἰησοῦν
767 377 869 413 Κύριον

77 422 172 455 Mue,
200 422 248 450 καὶ
264 422 332 450 Θεὸν
355 423 449 457 ᾰντως,
466 423 513 450 καὶ
530 423 595 450 Υίδν
618 422 686 450 Θεοῦ
710 422 805 455 ὄντως,
822 421 870 450 καὶ

78 468 190 503 βασιλέα
204 468 290 501 ὅντως
317 468 436 496 αἰώνιον,
462 468 578 496 Μάϐωσι
589 468 644 505 γὰρ
663 469 688 495 οι
714 469 764 504 τὴν
780 468 869 503 κακὴν

78 513 212 549 ὑπόληψιν
225 514 383 549 ἐσχηκότες,
397 515 440 542 ὅτι
454 514 544 542 πάντα
557 514 572 541 6
589 514 735 550 μονογενὴς
746 514 809 546 Υἱὸς
820 513 867 541 τοῦ

76 558 142 585 Θεοῦ
165 558 197 585 οὺ
231 559 303 586 θέλει
328 560 393 595 περὶ
411 559 509 588 ἑαυτοῦ
532 561 693 596 μαρτυρεῖν.
713 559 792 587 Οὕτω
814 559 869 596 γὰρ

77 602 152 631 εἶπεν
170 604 201 631 ἑν
217 604 256 640 τῷ
269 605 439 641 Εὑαγγελίῳ’
461 606 533 634 Ἐὰν
542 605 682 641 μαρτυρῶ
698 606 764 640 περὶ
779 605 870 640 ἐμαυ-

76 649 137 682 τοῦ,
153 650 174 684 ἠ
193 650 344 685 μαρτυρία
361 659 421 685 μου
442 650 534 678 οὐδέν
552 651 655 679 ἐστιν’
670 651 768 685 ἀλλος
782 651 869 679 ἐστιν

76 696 93 722 ό
101 695 264 730 μαρτυρῶν
279 696 346 731 περὶ
360 696 444 732 ἐμοῦ.
461 697 517 725 Καὶ
533 697 576 729 τίς
589 697 663 724 ἐστιν
678 697 774 731 ἄλλοςς
787 697 802 724 6
813 706 869 733 φω-

76 741 159 777 νήσας
177 742 209 775 ἐξ
222 742 350 778 οὐρανοῦ·
370 740 464 777 οὗτός
479 742 567 770 ἐστιν
584 744 602 771 ὁ
618 743 684 777 mg
695 752 755 778 μου
767 744 784 770 ὀ
798 743 869 778 ἀτω-

75 787 180 821 πητὸς,
201 787 237 815 ἐν
251 784 277 821 ᾧ
300 788 465 823 εὐδόκησα.
482 784 567 821 οὗτος
589 789 618 816 δὲ
640 790 655 816 6
679 789 776 824 λέγων,
799 789 869 817 Ἐὰν

920 242 1002 270 etiam
1016 242 1103 271 Judaei
1114 243 1304 278 pronuntiant,
1320 242 1368 272 sed
1381 250 1553 278 nequaquam
1564 242 1710 270 Dominum

919 288 1101 316 arbitrantur.
1120 288 1193 316 Idem
1215 296 1315 316 nomen
1331 291 1360 316 et
1378 287 1473 314 Ariani
1488 287 1644 322 proferunt,
1660 287 1709 315 sed

918 333 1082 369 adoptiuum
1101 333 1236 361 duntaxat
1252 332 1349 365 Deum,
1372 339 1429 359 non
1445 339 1538 359 verum
1564 332 1708 366 allirmant,

918 379 1048 413 quoniam
1064 378 1093 413 8
1108 377 1230 413 Spiritus
1243 378 1330 406 sancti
1350 376 1500 413 participes
1512 383 1572 404 non-
1585 376 1707 404 inerunt.

918 421 1026 450 Etenim
1043 422 1099 450 nisi
1116 422 1179 457 quis
1198 422 1332 458 Spiritum
1353 424 1479 449 sanctum
1496 420 1641 456 acceperit,
1658 420 1705 448 Je-

919 475 981 496 sum
994 475 1058 496 vere
1075 467 1231 501 Dominum,
1251 475 1316 496 vere
1330 466 1428 500 Deum,
1449 470 1497 494 aut
1515 473 1581 494 vere
1599 465 1646 493 Dei
1662 465 1709 492 Fi-

919 513 998 548 lium,
1023 517 1072 541 aut
1096 514 1295 549 sempiternum
1311 520 1374 541 vere
1395 519 1488 548 regem
1506 511 1620 539 minime
1646 518 1709 539 esse

919 559 996 588 dicit.
1026 560 1173 588 Enimvero
1187 560 1295 588 discant
1310 559 1358 595 qui
1374 558 1402 586 in
1419 565 1503 594 prava
1519 558 1566 585 illa
1579 554 1708 593 opinione

917 610 984 634 sunt
999 615 1006 634 :
1022 606 1195 643 unigenitum
1206 605 1254 633 Dei
1264 605 1364 633 Filium
1373 612 1429 633 non
1443 604 1556 632 omnino
1565 603 1637 631 dese
1648 603 1709 638 ipso

917 651 1059 680 testiﬁcari
1082 652 1161 680 velle.
1179 651 1219 679 Ita
1230 651 1303 679 enim
1319 651 1347 678 in
1356 650 1501 686 Evangelio
1516 650 1624 677 locutus
1643 652 1686 676 est
1699 658 1707 677 :

900 717 902 720 -
916 697 949 725 Si
969 697 1149 726 testimonium
1163 697 1313 732 perhibeom
1326 696 1358 724 de
1369 704 1420 729 me,
1432 695 1610 723 testimonium
1622 702 1708 722 meum

918 743 984 771 nihil
999 748 1049 772 est.
1063 743 1140 771 Alius
1152 747 1191 771 est
1205 743 1252 778 qui
1266 742 1445 770 testimonium
1461 740 1577 776 perhibet
1588 739 1620 767 de
1633 747 1674 767 me
1686 739 1708 766 ⁸.

917 789 986 822 Quis
1000 789 1047 817 ille
1061 789 1132 817 alius
1149 788 1214 817 est?
1228 787 1331 823 Nempe
1347 787 1394 823 qui
1411 794 1427 815 e
1439 786 1511 814 caelo
1526 786 1635 813 loeutus
1644 788 1688 812 est
1700 793 1708 811 ε

75 833 130 868 ἐγὼ
145 832 288 868 μαρτυρῶ
300 833 367 868 περὶ
379 834 521 868 ἐμαυτοῦ,
542 834 563 869 ἠ
576 835 724 870 μαρτυρία
736 843 797 870 μου
817 834 865 862 οὺ-

917 835 965 863 Hic
982 839 1022 862 est
1037 833 1126 862 Filius
1141 842 1215 862 meus
1238 833 1361 866 dilectus,
1380 833 1409 860 in
1427 840 1478 867 quo
1503 830 1569 858 mihi
1592 829 1710 864 compla-

76 879 128 907 δέν
142 880 240 914 ἐστιν,
269 881 351 908 πάλιν
366 879 451 915 λέγει,
477 880 540 908 Κᾶν
562 879 621 916 ἐγὼ
639 879 779 915 μαρτυρῶ
800 879 865 914 περὶ

918 879 961 906 cui
973 879 995 906 ³.
1018 878 1089 907 Idem
1104 885 1197 914 porro,
1212 878 1260 913 qui
1276 876 1384 905 dixerat
1400 885 1408 904 :
1433 875 1463 904 Si
1477 883 1524 911 ego
1539 874 1665 909 tutiﬁcer
1676 873 1710 901 de

76 924 212 960 ἐμαυτοῦ,
229 925 251 959 ἡ
264 926 413 960 μαρτυρία
422 933 482 961 μου
490 925 610 960 ἀληθής
621 926 699 954 ἐστι·
712 927 760 953 καὶ
773 926 865 960 πάλιν,

78 970 154 997 Αὑτὰ
183 970 220 998 τὰ
229 970 304 1005 ἔργα
316 971 463 1005 μαρτυρεῖ
479 970 499 999 d
512 970 622 998 δέδωκέ
640 980 692 1006 μοι
711 973 727 999 ό
739 971 842 1007 Πατήρ
856 979 865 988 α

79 1014 122 1042 καὶ
137 1014 229 1049 πάλιν,
245 1015 380 1050 Μωυσῆς
399 1016 513 1051 ἔγραψε
527 1016 594 1051 περὶ
608 1015 693 1051 ἐμοῦ,
707 1017 765 1052 καὶ,
781 1018 866 1044 Maii)-

78 1058 136 1092 σῆς
145 1058 293 1094 μαρτυρεῖ
315 1059 383 1094 περὶ
406 1060 492 1096 ἐμοῦ.
522 1061 562 1088 Τδ
582 1060 691 1097 πρῶτον
716 1061 774 1096 μὲν,
795 1060 867 1089 Ἐὰν

81 1102 133 1137 ἐγὼ
147 1103 290 1139 μαρτυρῶ
304 1104 371 1139 περὶ
383 1105 525 1140 ἐμαυτοῦ,
540 1106 561 1140 ἠ
579 1106 726 1141 μαρτυρία
737 1114 797 1141 μου
816 1107 866 1134 οὐ-

78 1147 128 1175 δέν
139 1148 242 1176 ἐστιν·
267 1149 361 1186 ἑπειδὴ
385 1150 478 1178 πολλοὶ
498 1150 657 1184 δοξάζουσιν
680 1151 802 1186 ἑαυτοὺς,
817 1152 866 1180 καὶ

81 1194 245 1231 μαρτυροῦσι
261 1196 327 1232 περὶ
343 1197 459 1230 ἑαυτῶν,
474 1198 519 1225 ινα
536 1197 640 1234 ἐκκόψῃ
650 1198 705 1226 τῶν
721 1198 866 1235 καυχωμέ-

78 1247 127 1267 νων
153 1241 203 1276 τὴν
223 1241 362 1278 καύχησιν
383 1243 430 1284 δια)
451 1243 507 1272 τῶν
532 1244 644 1277 ἑαυτοὺς
667 1245 864 1272 συνιστώντων.

79 1285 156 1314 ὀταν
167 1287 196 1314 δὲ
207 1288 278 1324 sirm
287 1296 295 1304 '
310 1288 374 1317 Κᾶν
383 1289 441 1325 ἐγὼ
452 1290 594 1325 μαρτυρῶ
610 1290 676 1326 περὶ
691 1291 831 1326 ἐμαυτοῦ,
844 1291 865 1326 ἠ

76 1335 217 1369 μαρτυρία
232 1344 295 1372 μου
315 1336 436 1372 ἀληθής
445 1337 523 1371 ἐστι,
543 1337 679 1366 δείκνυσιν
692 1338 733 1366 ὅτι
752 1339 803 1366 οὒκ
818 1339 866 1366 ἁν-

78 1378 195 1416 θρωπίνη
219 1381 308 1408 αὐτοῦ
322 1383 340 1418 ἡ
364 1383 513 1420 μαρτυρία,
528 1382 597 1410 ἀλλὰ
619 1383 686 1417 Θεός
708 1385 783 1412 ἐστιν
799 1384 866 1421 6.1.11-

78 1422 159 1451 θεύων
170 1425 202 1461 τῇ
219 1425 323 1453 ἑαυτοῦ
339 1427 487 1463 μαρτυρίᾳ.
510 1427 648 1464 ’Λληθινδς
663 1428 753 1456 τοίνυν
766 1429 833 1462 Θεὸς
851 1429 866 1457 6

78 1469 178 1506 Πατὴρ,
197 1471 330 1508 ἀληθινὸς
353 1472 420 1505 Θεὸς
437 1474 452 1501 6
467 1473 541 1506 Υἱὸς,
557 1472 683 1510 ἀληθινὸν
701 1474 733 1501 τὸ
752 1473 865 1510 Πνεῦμα

77 1515 106 1542 τὸ
127 1516 213 1551 ἅγιον,
234 1517 349 1554 πνεῦμα
365 1519 434 1546 Θεοῦ
452 1519 493 1552 ὃν,
519 1520 567 1547 καὶ
590 1519 700 1556 πνεῦμα
724 1520 864 1556 ἀληθείας,

78 1561 158 1596 Τριὰς
178 1562 208 1589 ἑν
222 1563 266 1591 ἐνὶ
289 1563 425 1599 πνεύματι
439 1564 639 1601 ἀριθμουμένη.
660 1565 727 1602 Περὶ
741 1565 796 1602 γὰρ
817 1564 865 1593 τοῦ

79 1606 181 1642 Πατρδς
194 1607 279 1640 αὐτὸς
292 1609 306 1635 6
323 1608 387 1641 Υἱὸς
399 1609 485 1644 λέγει,
502 1609 565 1637 Ἵνα
579 1609 750 1645 γινώσκωσι
763 1618 801 1638 σε
813 1610 867 1639 τὸν

78 1652 168 1684 μόνον
190 1653 339 1688 ἀληθινὸν
361 1655 446 1682 Θεόν.
474 1653 644 1688 ’Δειόπιστος
661 1655 690 1684 δὲ
719 1656 826 1692 μάρτυρ
852 1657 867 1685 6

79 1697 123 1725 hri
138 1697 167 1725 τδ
181 1699 281 1735 στῆθος
300 1700 384 1728 αὐτοῦ
405 1701 551 1729 ἀναπεσὼν
561 1721 569 1734 ,
586 1702 719 1738 μονογενῆ
737 1702 804 1730 Θεὸν
818 1703 866 1730 αὑ-

78 1742 121 1770 ἐὺν
133 1745 252 1778 φάσκων.
269 1745 309 1773 Οὐ
325 1745 476 1782 προσέθετο
493 1747 523 1774 δὲ
537 1746 576 1783 τῷ
592 1749 732 1783 μονογενιϊ
750 1747 810 1784 Θεῷ
820 1747 863 1782 τὺ,

81 1789 149 1822 Θεὸς
163 1790 321 1825 ἀληθινὸς,
337 1791 405 1826 ἀλλὰ
416 1792 480 1828 περὶ
496 1792 603 1829 Πατρὸς
623 1793 791 1830 γέγραπται,
803 1794 868 1830 ἀλη-

81 1833 150 1862 θινοῦ
160 1835 243 1863 Θεοῦ·
259 1837 326 1873 περὶ
338 1836 404 1864 Υιοῦ
425 1837 466 1871 δὲ,
479 1838 520 1864 ὅτι
535 1839 682 1875 μονογενὴς
695 1839 771 1871 Θεός.
789 1838 826 1866 Τὸ
838 1839 866 1866 δὲ

79 1880 155 1908 πάλιν
171 1882 235 1919 περὶ
253 1883 374 1918 Πατρὸς,
389 1883 431 1911 ὅτι
452 1883 510 1919 φῶς
527 1885 542 1912 6
559 1884 641 1917 Θεός·
658 1885 723 1921 περὶ
741 1885 770 1912 δὲ
789 1885 864 1920 Υίοῦ,

80 1925 118 1953 ὅτι
128 1924 181 1956 Ἦν
193 1927 227 1956 τὸ
237 1928 304 1964 φῶς
320 1928 353 1956 τὸ
363 1929 521 1963 ἀληθινόν.

114 2016 148 2044 Δ’.
160 2016 214 2044 Kal.
227 2017 281 2053 δρα
294 2025 340 2052 μοι
351 2016 401 2053 τήν
410 2016 467 2044 τῶν
477 2017 592 2054 Γραφῶν
617 2017 770 2055 ἀκρίϐειαν.
788 2019 866 2047 Ἔστι

81 2059 128 2094 μὲν
142 2061 194 2097 γὰρ
207 2062 305 2098 Πατὴρ
317 2062 387 2098 φῶς,
401 2063 449 2090 καὶ
458 2063 490 2091 οὐ
505 2063 665 2100 πρόσκειται
682 2064 721 2100 τῷ
737 2064 801 2100 περὶ
810 2065 866 2092 Πα-

79 2105 148 2141 τρδς,
155 2107 217 2141 φῶς
231 2108 381 2142 ἀληθινόν
389 2117 396 2124 ·
410 2108 471 2136 ἐπεὶ
482 2108 558 2144 δὲτῷ
568 2109 633 2145 περὶ
645 2109 710 2136 Υἱοῦ
720 2107 791 2143 εἶπε,
803 2110 866 2145 φῶς

78 2151 229 2186 ἀληθινὸν,
254 2154 303 2181 καὶ
318 2153 407 2186 οὐδεὶς
426 2154 515 2190 τολμᾷ
531 2154 619 2186 ἄλλως
634 2154 734 2189 λέγειν,
746 2155 795 2188 Τις
810 2155 865 2191 γὰρ

916 932 968 958 me,
984 923 1165 951 testimonium
1186 930 1272 950 meum
1289 922 1356 950 nihil
1379 926 1429 955 est,
1445 924 1540 957 postea
1560 920 1628 948 dicit
1648 929 1655 948 :
1672 918 1709 946 Et

916 970 941 998 si
965 978 1011 1006 ego
1033 969 1159 1004 testiﬁcer
1184 968 1217 996 de
1236 976 1288 1002 me,
1311 967 1491 995 testimonium
1510 973 1597 993 meum
1618 971 1709 992 verum

915 1018 954 1042 est
966 1013 994 1047 ⁸;
1008 1018 1036 1041 et
1051 1021 1162 1041 rursum
1179 1012 1287 1046 :Opera
1306 1013 1365 1047 ipsa
1387 1011 1564 1040 testimonium
1578 1009 1706 1045 probent,

916 1067 974 1094 qua
994 1058 1067 1086 dedit
1090 1058 1155 1085 mihi
1186 1057 1308 1091 [ωιτη
1324 1057 1390 1085 item
1406 1056 1532 1092 :Hoyus
1555 1055 1662 1089 scripsit
1676 1053 1709 1081 de

916 1113 957 1133 me
969 1105 980 1122 ⁸
992 1114 1000 1139 ;
1013 1108 1042 1132 et
1058 1113 1065 1132 :
1081 1103 1187 1140 Moyses
1203 1103 1236 1131 de
1250 1112 1291 1131 me
1307 1107 1417 1130 testatus
1427 1106 1477 1130 est.
1496 1101 1618 1135 Quorum
1629 1100 1708 1136 prius

916 1150 995 1184 illud,
1025 1149 1057 1178 Si
1077 1158 1123 1186 ego
1146 1149 1271 1185 testiﬁcer
1295 1149 1328 1177 de
1347 1157 1399 1182 me,
1422 1147 1601 1176 testimonium
1620 1152 1708 1173 meum

915 1196 984 1225 nihil
997 1200 1048 1229 est,
1073 1195 1135 1224 ideo
1154 1195 1260 1223 dictum
1284 1199 1337 1228 est,
1354 1199 1386 1222 ut
1406 1192 1595 1229 arrogantium
1619 1191 1709 1219 homi-

916 1250 982 1270 num
998 1249 1032 1270 ac
1057 1249 1119 1270 sese
1143 1240 1395 1269 commendantium
1411 1238 1560 1268 vanitatem
1583 1237 1711 1266 exclude-

916 1292 969 1322 ret,
982 1295 1015 1316 eo
1029 1286 1103 1323 quod
1116 1286 1197 1314 multi
1210 1285 1359 1321 praedicare
1371 1292 1401 1313 se
1415 1285 1492 1320 ipsos
1509 1290 1542 1312 ac
1555 1290 1608 1312 suo
1632 1283 1709 1312 testi-

916 1333 1010 1362 monio
1029 1332 1213 1361 cohonestare
1233 1332 1333 1360 solent.
1360 1330 1396 1359 At
1411 1338 1475 1360 eum
1489 1329 1569 1363 dicit,
1593 1329 1710 1357 Etiamsi

918 1378 1042 1414 testi/iter
1053 1378 1086 1406 de
1101 1385 1151 1411 me,
1178 1377 1358 1405 testimonium
1373 1383 1461 1404 meum
1481 1383 1572 1404 verum
1585 1379 1636 1409 est,
1654 1381 1710 1402 non

916 1425 1068 1453 humanum
1085 1430 1148 1452 esse
1163 1423 1351 1451 testimonium
1370 1429 1463 1456 suum,
1481 1421 1530 1450 sed
1545 1421 1631 1449 Deum
1648 1427 1710 1448 esse

915 1472 963 1508 qui
990 1478 1055 1499 vere
1082 1469 1274 1499 testimonium
1301 1469 1433 1504 praebeat,
1459 1466 1592 1496 ostendit.
1620 1465 1710 1494 Verus

917 1517 1000 1553 igitur
1020 1516 1092 1544 Deus
1113 1519 1156 1544 est
1172 1514 1277 1548 Pater;
1294 1521 1376 1542 verus
1401 1513 1473 1542 Deus
1497 1512 1584 1540 Filius
1601 1520 1608 1546 ;
1627 1518 1710 1540 verus

918 1562 1040 1599 Spiritus
1055 1563 1181 1593 sanctus,
1200 1559 1249 1588 Dei
1263 1559 1392 1588 videlicet
1408 1558 1524 1594 spiritus
1544 1564 1577 1585 ac
1594 1556 1709 1592 spiritus

916 1608 1055 1641 veritatis,
1068 1606 1193 1635 Trinitas
1205 1606 1233 1634 in
1245 1613 1302 1634 uno
1314 1606 1415 1642 spiritu
1425 1607 1582 1633 numerata.
1596 1602 1663 1630 Nam
1674 1602 1710 1630 de

916 1654 999 1683 Patre
1012 1654 1099 1682 Filius
1116 1653 1175 1690 ipse
1187 1653 1311 1688 loquitur
1328 1661 1335 1680 :
1355 1651 1390 1680 Ut
1406 1655 1565 1687 cognoscant
1582 1653 1606 1676 te
1622 1649 1710 1676 solum

917 1709 1004 1730 rerum
1024 1699 1109 1728 Dauni
1121 1719 1129 1728 .
1166 1698 1215 1727 Est
1239 1702 1332 1726 autem
1348 1697 1466 1725 idoneus
1484 1696 1531 1724 ille
1554 1695 1643 1728 testis,
1660 1694 1708 1730 qui

917 1748 945 1776 in
966 1748 1038 1776 illius
1058 1751 1155 1783 pectus
1174 1745 1409 1778 recubuit',eum
1426 1742 1598 1779 unigenitum
1621 1741 1707 1770 Deum

916 1793 993 1822 illum
1011 1793 1139 1829 appellat.
1163 1791 1257 1827 Neque
1277 1798 1344 1819 vero
1368 1790 1401 1817 ad
1427 1788 1598 1825 unigenitum
1623 1786 1708 1815 Deum

916 1839 1031 1871 addidit,
1048 1838 1133 1866 Deum
1144 1845 1244 1869 verum,
1261 1835 1310 1864 sed
1327 1835 1360 1863 de
1375 1834 1467 1867 Patre.
1488 1840 1554 1861 vero
1568 1833 1624 1861 Deo
1637 1832 1709 1860 scri-

916 1889 992 1920 ptum
1016 1887 1075 1916 est;
1090 1881 1176 1909 Filius
1201 1884 1304 1912 autem,
1325 1879 1485 1915 unigenitus
1503 1877 1575 1906 Deus
1595 1877 1708 1906 dicitur.

917 1927 1050 1955 Praeterea
1061 1926 1094 1954 de
1106 1925 1186 1954 Patre
1195 1925 1327 1960 scriptum
1339 1927 1393 1957 est,
1403 1924 1493 1952 lucem
1513 1929 1576 1951 esse
1587 1921 1673 1950 Deum
1683 1922 1707 1955 ';

916 1974 950 2002 de
961 1972 1031 2001 Filio
1047 1981 1053 2000 :
1071 1971 1138 1999 Erat
1156 1971 1204 1999 tu:
1215 1971 1308 1998 uera’.

951 2018 997 2046 ιν.
1018 2018 1211 2046 Animadverte
1224 2023 1290 2045 vero
1310 2014 1547 2044 accuratissimam
1566 2019 1708 2042 sacrarum

916 2064 1084 2093 Litterarum
1103 2063 1283 2099 diligentiam.
1304 2060 1354 2090 Est
1371 2060 1446 2088 enim
1459 2059 1542 2088 Pater
1563 2059 1620 2087 lux.
1648 2057 1706 2085 Nec

916 2111 950 2139 ad
966 2110 1131 2138 mentionem
1145 2108 1239 2136 Patris
1252 2108 1337 2136 locem
1348 2115 1436 2135 ueram
1450 2105 1561 2141 adjecit,
1576 2105 1624 2133 sed
1636 2103 1709 2132 Filio

916 2155 990 2184 istud
1011 2154 1149 2188 attribuit,
1167 2161 1256 2189 neque
1270 2153 1417 2189 quisquam
1437 2150 1615 2188 pronuntiare
1629 2150 1708 2178 aliter

79 2197 213 2244 μεμηνὼς,
229 2199 246 2235 ἧ
272 2199 373 2236 μᾶλλον
393 2199 606 2238 φρενοϐλάσειαν
625 2200 715 2236 ἑαυτῷ
729 2201 863 2236 συνάγων,

917 2206 1020 2238 potest.
1043 2201 1111 2234 Quis
1129 2199 1204 2229 enim
1229 2199 1298 2228 adeo
1311 2199 1427 2227 insanus
1447 2203 1480 2225 ac
1495 2199 1587 2224 mente
1609 2199 1707 2231 captus

77 2242 201 2280 τολμήσει
229 2245 407 2282 βλασφημίας
432 2246 560 2274 ὑπόνοιαν
582 2246 672 2282 ἑαυτῷ
698 2247 861 2283 κτήσασθαι,

78 2287 114 2324 μή
131 2289 218 2325 εὑρὼν
234 2291 282 2318 ἐπὶ
294 2291 335 2326 τῷ
350 2291 425 2328 ῥητῷ
443 2293 641 2329 προσκείμενον
652 2292 682 2319 τὸ
697 2293 844 2327 ἀληθινόν
853 2301 863 2326 ,'

77 2333 106 2360 ΕΙ
119 2335 173 2371 γὰρ
185 2337 200 2363 6
216 2336 246 2369 ἐξ
267 2337 350 2364 αὐτοῦ
371 2338 569 2374 γεγεννημένος
591 2339 703 2374 γνήσιος
723 2339 788 2371 Υίὺς
805 2338 864 2374 φῶς

76 2379 146 2407 ἐστιν
166 2381 302 2418 ἀληθινὸν,
320 2384 335 2411 6
348 2383 396 2410 τοῦ
413 2383 478 2411 Υἱοῦ
502 2385 652 2420 γεννήτωρ,
671 2384 863 2420 ἀναμφιϐόλως

75 2424 131 2458 φῶς
144 2426 217 2454 ἐστιν
231 2428 367 2464 ἀληθινὸν,
379 2429 461 2462 αὐτὸς
471 2431 486 2457 ὁ
494 2430 628 2466 γεννήσας
644 2430 725 2457 αὐτὸν
736 2430 862 2466 ἀνάρχως

76 2470 119 2497 καὶ
129 2471 252 2508 ἁχρόνως
267 2474 325 2509 φῶς
337 2475 474 2511 ἀληθινόν.
491 2475 549 2503 Καὶ
561 2475 656 2512 ὥσπερ
670 2476 701 2503 οὺ
712 2476 862 2512 τολμητέον

75 2515 119 2542 ἐπὶ
136 2517 174 2552 τῷ
200 2519 289 2555 Πατρὶ
311 2519 412 2555 λέγειν,
431 2521 472 2548 ὅτι
488 2521 539 2549 οὐκ
560 2521 618 2548 ἔστι
640 2522 697 2556 φῶς
718 2522 860 2557 ἀληθινόν·

75 2560 128 2587 ἀλλ’
140 2562 186 2597 ἀφ’
203 2564 318 2599 ἑαυτῶν,
333 2566 379 2594 διὰ
392 2566 424 2593 τὸ
445 2566 568 2600 εὐσεϐὲς,
583 2568 655 2595 νοεῖν
674 2567 794 2603 οἴδαμεν,
810 2567 861 2596 κᾶν

73 2612 102 2632 τι
121 2606 190 2644 ιιιὴῇ
210 2610 415 2647 γεγραμμένον,
438 2612 479 2640 ὅτι
498 2612 556 2639 ἐστι
579 2612 638 2648 φῶς
662 2612 797 2649 ἀληθινὸν,
814 2614 862 2642 καὶ

107 2685 211 2716 'lCor.
231 2696 282 2719 xu.
295 2690 322 2717 5.
385 2691 397 2706 '
415 2689 493 2718 Joan.
519 2699 547 2722 ν,
562 2690 610 2719 3i.

668 2690 782 2727 {Mani}.
798 2698 837 2723 tu,
857 2691 908 2724 l7;
923 2699 990 2726 xv",
1007 2691 1032 2720 5.
1072 2690 1171 2720 ‘Joan.
1188 2701 1247 2727 vm,
1261 2694 1304 2722 Η.
1355 2692 1454 2721 ‘Joan.
1469 2700 1498 2726 v,
1521 2693 1567 2721 46.

917 2251 970 2281 est,
991 2246 1054 2274 inde
1070 2249 1102 2274 ut
1122 2244 1328 2274 contumeliosos
1353 2243 1383 2271 in
1405 2242 1490 2270 Deum
1510 2241 1649 2277 opinionis
1663 2248 1709 2268 oe-

916 2293 1057 2322 casionem
1081 2291 1229 2327 concipiat,
1244 2291 1319 2327 quod
1333 2290 1363 2318 in
1380 2289 1427 2317 illo
1441 2288 1504 2316 loco
1520 2288 1573 2316 veri
1587 2287 1707 2316 vocabu-

916 2339 972 2368 lum
994 2347 1057 2368 esse
1080 2346 1135 2366 non
1158 2337 1268 2366 videat?
1285 2336 1354 2364 Nam
1378 2335 1402 2364 si
1424 2335 1534 2370 genitus
1562 2334 1598 2363 ab
1621 2333 1708 2370 ξιιοο

917 2393 1064 2421 germanus
1081 2384 1167 2412 Filius
1183 2390 1248 2411 vera
1261 2382 1308 2409 lux
1328 2383 1382 2413 est,
1397 2379 1461 2407 Filii
1474 2387 1585 2415 quoque
1599 2379 1708 2415 genitor

916 2432 976 2460 sine
1001 2431 1056 2459 ulla
1082 2429 1253 2458 dubitatione
1274 2434 1340 2456 vera
1359 2426 1406 2454 lu:
1431 2429 1496 2454 est:
1514 2425 1705 2461 ille.inquam,

916 2477 986 2513 ipse,
1008 2477 1056 2512 qui
1070 2477 1144 2503 hunc
1160 2475 1221 2503 sine
1242 2474 1300 2501 ullo
1315 2473 1453 2509 principio
1467 2481 1500 2501 ae
1518 2476 1643 2508 tempore
1659 2481 1706 2501 ve-

915 2531 973 2551 ram
989 2523 1077 2550 lucem
1091 2520 1246 2557 progenuit.
1257 2520 1296 2548 Ae
1307 2519 1539 2556 quemadmodum
1555 2527 1636 2547 nemo
1649 2522 1705 2546 tam

915 2569 1005 2596 audax
1024 2574 1088 2596 esse
1111 2566 1202 2598 debet,
1229 2570 1260 2593 ut
1284 2565 1395 2594 Patrem
1417 2572 1511 2594 veram
1540 2572 1602 2592 esse
1617 2564 1705 2593 lucem

915 2614 1063 2646 inﬁcietur,
1079 2616 1107 2641 et
1125 2619 1173 2648 per
1190 2619 1241 2640 nos
1255 2612 1308 2648 ipsi
1330 2612 1441 2649 pietatis
1454 2618 1550 2645 causa,
1565 2611 1638 2646 quod
1653 2611 1706 2638 mi-

1605 2691 1704 2719 ηοω..

75 2726 137 2754 xvu,
156 2722 184 2750 3.
221 2723 231 2739 "
242 2723 323 2752 Joan.
336 2733 396 2758 xm,
410 2726 457 2753 25.
494 2726 506 2742 ⁸
517 2726 526 2753 l
537 2726 616 2754 Joan.
631 2735 651 2758 ι,
666 2726 694 2754 5.
732 2722 835 2754 ’Joan.
854 2735 872 2759 ι,
887 2722 915 2755 θ’.

76 2796 230 2860 “$621!?!
242 2801 325 2842 Iesi'w
342 2802 428 2829 θετὸν
438 2803 573 2838 λέγουσι.
591 2803 668 2838 Apud
684 2803 865 2865 Epyiltauium

157 2847 169 2859 ι
202 2842 215 2865 ς
226 2842 267 2863 Sic
287 2837 422 2865 Interdum
438 2842 598 2865 usurpatur.
608 2844 636 2865 ut
649 2847 697 2865 ner
707 2847 723 2865 ιι
745 2843 860 2865 oriturum

157 2837 215 2867 nec
226 2837 267 2863 sic
287 2837 422 2865 interdqu
438 2842 598 2873 usurpatur,
608 2837 636 2867 ut
649 2847 697 2874 per
707 2837 860 2874 adoptivum

920 2805 987 2832 satis
1010 2805 1124 2839 exprimi
1147 2806 1287 2833 t-OInmode
1309 2809 1446 2840 nequeat;
1469 2805 1594 2840 idemque
1615 2805 1653 2833 sit
1675 2811 1706 2830 ilc

915 2841 1016 2875 fictum,
1034 2845 1059 2869 et
1072 2841 1193 2876 opinione
1210 2841 1268 2869 sola
1285 2839 1426 2869 constans.
1439 2839 1543 2868 Pﬁnv.
