1940 3043
223 133 259 160 53

225 191 296 220 nime
310 190 442 225 scriptum
458 192 512 218 est.
528 188 707 224 intelligimus
722 189 812 217 lucem
829 197 890 217 esse
906 196 1011 224 veram,
1027 190 1049 220 Α

224 244 277 264 nec
292 236 327 263 de
345 243 379 263 ea
396 242 426 262 re
444 234 616 268 dubitamus,
637 242 672 262 ne
688 235 716 263 in
739 235 935 271 sempiternum
951 241 1016 262 rua-

225 290 286 309 mus
309 281 422 310 exitium
439 280 496 313 ;ita
517 284 544 308 et
562 281 597 308 de
622 281 692 310 Filio
716 281 850 316 scriptum
875 284 927 313 est,
941 281 1015 316 quod

226 327 298 356 Deus
313 328 350 355 sit
369 326 468 355 Filius.
491 327 609 354 Aclieet
632 334 705 354 verus
723 326 792 354 Deut
816 335 872 354 non
895 327 1013 360 dicatur,

224 373 397 401 insanissiml
422 371 600 400 nihilominus
616 379 678 400 esse
698 372 851 407 videamur,
877 373 900 401 si
917 377 1016 401 contu-

226 419 342 448 meliose
366 417 470 454 aliquid
496 418 600 446 idcirco
610 417 704 453 jacere
724 418 851 450 velimus,
871 423 898 446 et
916 417 1014 445 Filium

227 472 322 493 verum
336 472 399 493 esse
416 464 499 492 Deum
512 471 655 500 negemus.
668 464 744 492 Satis
757 469 799 492 est
809 464 882 492 enim
896 463 944 492 uni
957 472 1016 499 per-

227 519 302 540 sonae
323 511 396 546 quod
413 518 475 538 cum
489 515 547 538 tota
564 511 700 539 Trinitate
713 511 892 546 conjunctuin
907 514 950 538 est
967 511 1016 537 tri-

226 558 273 585 bui
287 562 426 593 oportere,
447 561 474 586 et
487 565 521 585 ex
544 557 626 585 Patre
641 557 741 584 Filium
758 564 852 585 verum
868 556 954 584 Deum
971 556 1015 584 in-

226 603 312 640 telligi
336 611 369 630 ae
392 609 488 630 verum
509 601 655 638 Spiritum,
684 611 746 631 cum
777 610 810 630 ex
835 602 875 630 rei
900 602 1016 630 veritate

225 648 298 677 idem
330 648 513 684 signiﬁcantia
543 648 676 676 vocabula
703 648 827 684 utrisque
859 647 1017 676 nominibus

228 695 425 731 respondeant;
457 693 582 722 videlicet
616 693 691 722 Patri
719 702 793 723 uerus
823 694 891 722 Deus
907 713 916 726 ,
946 694 1017 724 Filio

227 741 310 773 Deus,
333 749 350 769 e
372 740 512 768 contrario
529 747 594 767 vero
609 737 679 767 Ftlio
698 740 746 768 tux
757 749 818 768 vera
831 759 840 773 ,
857 740 931 768 Patri
951 749 1017 769 vero

223 784 296 811 tux:
315 789 345 812 ut
366 785 473 814 duabus
490 785 545 813 illis
569 785 604 813 de
622 785 765 814 divinitate
784 786 930 815 sententiis
949 794 1017 815 con-

222 831 335 866 junctis,
366 830 441 866 quod
467 834 496 858 et
518 830 600 858 Pater
616 839 693 860 uerus
718 831 754 858 sit
780 831 907 864 θῆκαι
928 832 1015 861 Filius

225 862 273 902 tua:
287 862 348 902 vera
367 862 383 903 θ’
394 879 452 903 tum
464 875 537 911 quod
552 875 633 904 Pater
648 879 695 904 tua:
715 875 762 908 sit,
777 878 804 902 et
820 862 907 903 Filius
923 876 1012 910 Dem;
1031 862 1052 890 Β

221 924 255 946 ex
272 916 341 957 lucis
373 918 478 956 Deique
499 921 614 949 vocibus
627 921 797 949 divinitatem
819 929 901 949 unam
913 942 920 954 ,
937 926 964 949 ct
982 930 1016 950 ex

228 964 282 997 liis,
304 965 375 993 Del:
390 972 464 993 uerus
481 970 509 993 et
519 966 567 994 tiu:
594 975 652 994 vara
669 987 677 1000 ,
691 974 773 993 unam
792 966 905 995 virtutis
917 967 1011 1002 singu-

227 1009 363 1040 laritatem
378 1008 522 1037 fateamur.

264 1053 296 1082 ν.
317 1054 451 1083 Similiter
463 1059 490 1083 et
501 1056 536 1083 de
550 1055 653 1090 Spiritu
673 1060 771 1084 sancto
789 1067 795 1084 :
813 1056 844 1085 Si
853 1065 899 1093 ego
913 1058 1015 1091 abiero,

226 1101 319 1133 ueniet,
344 1102 442 1138 inquit,
468 1103 514 1130 ille
537 1102 653 1137 Spiritus
672 1103 823 1131 vcritatis‘.
851 1103 890 1132 De
910 1112 941 1132 se
955 1104 1017 1140 ipso

228 1153 292 1173 vero
312 1145 426 1180 loquens
443 1156 449 1174 :
466 1145 521 1182 E90
540 1155 609 1180 sum,
629 1147 730 1182 inquit,
752 1148 870 1176 veritas‘
888 1156 895 1180 ;
912 1148 946 1176 de
965 1148 1016 1176 Pa-

227 1195 269 1219 tre
283 1201 291 1218 :
306 1191 423 1226 Spiritus
437 1191 529 1221 Patris
550 1193 600 1221 mei
613 1194 658 1228 qui
669 1193 786 1228 loquitur
808 1194 837 1221 in
851 1194 922 1221 vobis
939 1195 961 1221 ³.
979 1194 1018 1222 Ac

226 1237 262 1264 de
279 1236 383 1272 Spiritu
398 1247 405 1265 :
421 1237 552 1272 Spiritus,
569 1239 670 1273 inquit,
688 1247 761 1266 meus
773 1239 867 1266 statin
882 1239 967 1266 medio
978 1248 1018 1267 ve-

227 1286 312 1310 strum
322 1281 343 1310 ⁵.
362 1281 404 1310 Ad
419 1281 477 1310 haec
493 1273 623 1317 Spiritus.
639 1282 686 1317 qui
699 1282 885 1317 inexplicabili
899 1283 1017 1318 quadam

227 1328 336 1357 ratione
355 1329 411 1365 agit
427 1335 490 1357 eum
510 1328 590 1360 Filio,
609 1328 699 1364 ipsum
719 1328 749 1356 in
774 1328 951 1357 solitudinem
975 1337 1020 1357 el-

228 1375 316 1410 pollit.
331 1379 360 1402 ut
375 1382 391 1403 a
407 1374 518 1403 diabolo
534 1378 655 1402 tentetur
665 1374 687 1402 '.
707 1373 781 1407 Quin
796 1378 824 1402 et
840 1375 900 1410 ipse
924 1374 1019 1402 Domi-

227 1429 282 1449 nus
301 1431 307 1448 :
323 1420 451 1455 Spiritus,
472 1421 571 1456 inquit,
598 1419 708 1448 Domini
733 1427 812 1454 super
832 1429 873 1448 me
890 1428 900 1448 :
913 1425 1020 1456 propter

227 1467 298 1503 quod
316 1468 394 1495 unxit
408 1467 481 1495 me‘.
499 1466 586 1495 Porro
605 1465 726 1502 Spiritus
750 1472 862 1495 sanctus
887 1474 935 1501 per
953 1475 1017 1502 pro-

228 1514 327 1549 phetas
342 1515 459 1550 loquens
473 1523 480 1542 :
496 1515 559 1541 Haec
577 1513 652 1546 dicit,
670 1513 770 1549 inquit,
787 1513 918 1541 Dominus
933 1513 1020 1540 amni-

228 1564 332 1595 potem,
359 1560 406 1595 qui
436 1559 464 1587 in
492 1558 634 1594 prophetis
654 1558 777 1594 loquitur
801 1558 947 1591 Dominus,
975 1559 1056 1602 quic

230 1603 320 1637 ﬁrmat
335 1603 445 1635 tonitru,
457 1607 483 1630 at
497 1607 568 1631 creat
582 1603 725 1637 spiritum’
743 1613 750 1630 :
764 1603 879 1637 tonitru,
896 1604 1018 1638 inquam,

230 1647 309 1678 illud.
331 1647 411 1682 cujus
423 1647 457 1675 ab
469 1647 627 1677 hominibus
639 1647 732 1684 fragor
743 1648 890 1676 exauditur
903 1657 909 1675 :
927 1656 1020 1677 creant

230 1699 295 1719 vero
306 1692 440 1726 spiritum,
457 1699 512 1727 quo
526 1692 634 1727 pluvias
648 1693 760 1726 excitat,
779 1701 841 1728 qua:
855 1694 936 1722 terris
951 1693 1021 1721 divi-

230 1738 305 1766 nitus
332 1737 526 1766 immittuntur.
554 1738 626 1774 Ergo
656 1738 691 1766 de
712 1739 813 1767 creatis
842 1739 925 1767 rebus
957 1747 1021 1767 cum

231 1782 364 1816 loquitur,
391 1783 435 1811 his
459 1783 545 1810 utitur
567 1783 681 1812 verbis:
700 1783 827 1812 Firmans
856 1785 968 1817 tonitru,
997 1789 1021 1811 et

231 1835 323 1856 creatis
347 1828 469 1862 spiritum
485 1836 494 1854 :
511 1828 569 1856 haec
596 1829 670 1856 enim
690 1834 782 1856 creata
806 1834 880 1857 sunt.
904 1830 1022 1857 Annuu-

231 1874 304 1902 tians
324 1878 414 1902 autem
430 1875 573 1903 Christum
597 1883 679 1904 suum
702 1876 870 1909 hominibus,
891 1883 946 1904 non
964 1876 1021 1911 jam

231 1927 336 1952 creare,
363 1928 418 1948 non
435 1920 556 1955 ﬁrmare,
574 1921 624 1950 sed
648 1921 777 1950 nuntiare
796 1922 956 1950 hominibus
971 1922 1023 1956 ιο

233 1965 334 1993 dicitur
352 1974 417 1994 vere
442 1973 457 1993 a
482 1974 513 1995 se
537 1967 670 2003 genitum,
686 1968 839 1995 increatum
855 1976 862 1994 :
878 1967 925 2003 qui
953 1975 1022 1995 con—

234 2011 304 2038 verti
327 2011 482 2046 mutarique
512 2019 568 2040 non
599 2016 707 2048 potest,
732 2013 780 2048 qui
811 2021 827 2040 a
855 2013 1023 2048 sempiterno

232 2056 418 2092 sempiternus
445 2062 501 2090 est,
529 2058 576 2093 qui
602 2059 636 2087 ab
654 2058 760 2086 Joanne
783 2057 948 2094 praedicatus
970 2062 1022 2092 est,

231 2103 335 2138 quique
351 2111 460 2139 semper
474 2107 528 2132 est.
545 2103 613 2132 Nam
630 2104 684 2138 Qui
697 2109 748 2138 est,
763 2105 801 2133 ait
817 2104 935 2140 Moyses.
951 2105 1024 2134 misit

231 2157 273 2177 mo
284 2149 306 2176 '.
322 2149 356 2176 At
369 2148 490 2177 Joannes
506 2158 513 2176 :
528 2148 582 2182 Qui
600 2154 640 2176 est
657 2150 685 2176 in
699 2150 761 2177 sinu
776 2149 878 2183 Patris,
900 2150 946 2178 ille
964 2159 1024 2179 uar-

233 2196 302 2223 rauit
315 2196 337 2223 ’.
362 2195 456 2230 Itaque
469 2199 496 2222 et
513 2193 600 2222 Filius
619 2195 758 2224 exsistens
770 2195 882 2229 dicitur,
901 2200 928 2224 et
943 2195 1024 2225 Pater

929 130 958 159 S.
973 129 1145 160 EPIPHANII

1829 133 1869 159 Si

1065 189 1114 221 οὐκ
1138 187 1355 225 ἀμφιϐάλλομεν,
1379 189 1424 217 ἶνα
1448 189 1486 225 μὴ
1505 188 1671 225 ἀπολώμεθα
1688 198 1694 205 ι
1712 189 1784 216 οὕτω
1816 190 1871 216 καὶ

1067 235 1113 262 ἐπὶ
1122 235 1169 263 τοῦ
1185 235 1250 262 Υἱοῦ
1262 235 1424 271 γέγραπται,
1444 235 1561 266 ὅτιθεὸς
1582 236 1597 261 ὁ
1610 235 1680 267 Υἱὸς,
1696 235 1743 262 καὶ
1760 236 1814 263 κᾶν
1831 234 1868 262 οὗ

1067 282 1228 317 πρόσκειται
1243 281 1282 314 τὸ,
1296 281 1368 314 Θεὸς
1382 280 1538 314 ἀληθινὸς,
1557 280 1655 315 μανίαν
1672 281 1778 312 ἑαυτοῖς
1798 282 1869 307 ἐπι-

1068 324 1234 362 σωρεὺομεν,
1261 327 1285 353 εἰ
1311 326 1493 362 τολμήσωμεν
1512 325 1722 361 βλασφημῆσαι,
1746 327 1794 354 καὶ
1823 326 1868 362 μὴ

1067 373 1155 399 εἰπεῖν
1165 372 1210 399 τὸν
1225 372 1288 398 Υἱὸν
1298 371 1364 399 Θεὸν
1376 371 1514 406 ἀληθινόν.
1535 371 1629 407 Ἀρκεῖ
1639 371 1694 407 γὰρ
1707 372 1753 398 ἐπὶ
1767 372 1807 407 τῷ
1823 373 1869 399 ἑνὶ

1067 417 1112 445 τὸν
1127 418 1217 445 πάντα
1233 416 1381 452 σύνδεσμον
1399 417 1449 452 τῆς
1471 416 1586 452 Τριάδος
1606 417 1711 452 φέρειν,
1734 422 1782 444 καὶ
1806 418 1869 444 ἀπὸ

1066 464 1114 491 τοῦ
1140 463 1247 499 Πατρὸς
1273 464 1343 490 νοεῖν
1364 462 1410 490 τδν
1429 463 1494 490 Υῑδν
1515 463 1582 490 Θεὸν
1607 463 1748 498 ἀληθινὸν,
1761 464 1808 490 καὶ
1834 465 1869 490 τὸ

1067 510 1180 545 Πνεῦμα
1197 509 1334 545 ἀληθινὸν,
1354 508 1628 545 ἀντιπαρακειμὲνων
1644 510 1701 541 τοῖς
1720 509 1868 545 ἑκατέροις

1066 557 1182 592 ὀνόμασι
1193 556 1246 583 τῶν
1263 555 1416 591 ἰσορρόπων
1428 555 1478 590 τῆς
1491 554 1634 590 ἀληθείας·
1649 554 1688 589 τῷ
1700 555 1750 590 μὲν
1761 555 1867 591 Πατρὶ,

1066 603 1097 629 τὸ
1113 601 1185 635 Θεὸς
1205 600 1362 635 ὰλήθινὸς,
1376 599 1417 636 τῷ
1437 600 1466 627 δὲ
1490 599 1557 635 ΥΙὶᾦ,
1573 600 1602 633 τὺ
1620 601 1706 633 Θεός·
1727 601 1868 628 ἀνάπαλιν

1065 647 1095 674 δὲ
1110 647 1149 683 τῷ
1163 646 1230 682 Υῑῷ,
1251 646 1282 673 τὺ
1301 645 1364 681 φῶς
1380 646 1414 673 τὸ
1436 645 1594 680 ἀληθινὸν,
1610 646 1649 682 τῷ
1664 646 1693 673 δὲ
1713 647 1812 682 Haupt.
1834 648 1868 674 τὸ

1067 693 1131 728 φῶς
1141 701 1148 708 ·
1162 693 1206 720 ἵνα
1219 691 1269 724 τὰς
1285 692 1332 719 δύο
1341 691 1421 724 δόξας
1433 691 1482 723 τὰς
1498 692 1563 728 περὶ
1576 691 1702 728 θεότητος
1717 693 1867 725 συζεύξαν-

1067 746 1123 770 τες,
1138 737 1202 773 περὶ
1218 737 1323 772 Πατρδς
1342 736 1391 772 μὲν
1406 736 1479 770 Θεὸς
1492 736 1648 771 ἀληθινὸς,
1667 738 1732 773 περὶ
1750 738 1779 764 δὲ
1795 737 1866 764 fio-3

1067 782 1130 818 φῶς
1146 782 1304 816 ἀληθινὸν,
1323 782 1372 809 καὶ
1386 781 1451 817 περὶ
1470 782 1580 817 Πατρὺς
1595 782 1626 809 τὸ
1646 782 1720 816 φῶς,
1737 783 1784 809 καὶ
1798 784 1867 818 περὶ

1069 827 1134 855 Υὶοῦ
1147 828 1177 855 τδ
1190 827 1272 861 Θεὸς,
1286 826 1342 854 ἀπὸ
1350 826 1397 854 τοῦ
1413 827 1502 862 φωτὸς
1517 826 1566 862 (5),
1583 827 1631 854 καὶ
1642 827 1719 862 Θεὸς,
1735 827 1784 863 τὴν
1797 828 1865 863 μίαν

1067 873 1194 909 θεότητα,
1220 873 1267 900 καὶ
1290 872 1345 900 ἀπὸ
1366 871 1414 899 τοῦ
1435 871 1509 905 Θεὸς
1536 872 1695 906 ἀληθινὸς,
1721 873 1769 900 καὶ
1797 873 1865 908 φῶς

1067 919 1222 955 ἀληθινὸν,
1235 920 1285 955 τὴν
1299 918 1364 955 μίαν
1374 918 1490 954 ἑνότητα
1502 918 1554 954 τῆς
1569 918 1710 954 δυνάμεως
1724 919 1861 955 ὁμολογή-

1069 974 1171 1002 σωμεν.

1106 1058 1144 1084 E'.
1165 1055 1303 1088 Ὡσαύτως
1313 1056 1359 1091 καὶ
1373 1055 1420 1082 ἐπὶ
1431 1054 1479 1083 τοῦ
1500 1054 1578 1090 ἁγίου
1595 1054 1767 1089 Πνεῦματος·
1792 1053 1866 1081 Ἐὰν

1069 1103 1127 1138 ἐγὼ
1145 1101 1274 1133 ἀπέλθω.
1298 1101 1414 1134 ἐκεῖνος
1437 1100 1566 1136 ἔρχεται,
1581 1100 1658 1135 φησι,
1679 1100 1711 1126 τὸ
1741 1099 1865 1134 Πνεῦμα

1072 1147 1129 1182 τῆς
1143 1147 1296 1181 ἀληθείας.
1311 1146 1368 1174 Καὶ
1379 1146 1420 1173 ἔτι
1436 1146 1501 1182 περὶ
1512 1145 1620 1178 ἑαυτοῦ,
1638 1145 1680 1172 ὅτι
1707 1144 1777 1180 Ἐγώ
1805 1145 1865 1179 ειμι

1070 1193 1090 1227 ἡ
1102 1192 1227 1226 ἀλήθεια
1240 1201 1247 1208 ·
1261 1192 1308 1218 καὶ
1320 1191 1384 1227 περὶ
1401 1191 1518 1227 Πατρδς,
1538 1191 1574 1219 Τὸ
1583 1190 1715 1225 ’Πνεῦμα
1730 1190 1783 1217 τοῦ
1802 1191 1865 1217 ﬂa-

1071 1238 1140 1273 τρός
1155 1246 1215 1272 μου
1232 1238 1266 1264 τὸ
1282 1237 1400 1265 λαλοῦν
1415 1237 1450 1264 ἐν
1463 1236 1536 1280 ὐμζν
1546 1246 1553 1252 ·
1570 1237 1618 1264 καὶ
1636 1237 1701 1272 περὶ
1711 1235 1758 1262 τοῦ
1778 1234 1865 1262 Πνεύ-

1071 1291 1165 1320 ματος,
1188 1283 1241 1310 Καὶ
1253 1282 1375 1318 Πνεῦμὰ
1387 1291 1448 1318 μου
1462 1283 1631 1318 ἐφέστηκεν
1638 1281 1762 1318 ἐνμέσῳ
1768 1280 1863 1316 ὑμῶν.

1071 1329 1108 1356 Τὸ
1121 1330 1150 1356 δὲ
1168 1329 1281 1365 Πνεῦμα
1304 1329 1432 1365 ἀρρήτως
1449 1329 1624 1365 σνμπρᾶττον
1639 1328 1678 1364 τῷ
1694 1328 1751 1364 Υἱῷ
1766 1327 1866 1355 ἐκϐάλ-

1069 1375 1111 1402 λει
1123 1376 1205 1403 αὑτὸν
1218 1376 1258 1408 εἰς
1274 1375 1322 1411 τὴν
1337 1375 1385 1411 ερη
1390 1384 1439 1410 μον
1452 1375 1635 1411 πειρασθῆναι
1651 1375 1704 1402 ὑπὸ
1714 1374 1761 1402 τοῦ
1772 1374 1866 1401 διαϐό-

1069 1422 1127 1449 λου.
1145 1422 1201 1449 Καὶ
1223 1421 1304 1454 αὐτὸς
1316 1422 1331 1448 ὁ
1349 1421 1462 1457 Κύριος,
1482 1421 1604 1456 Πνεῦμα
1626 1421 1747 1455 Κυρίου,
1765 1418 1802 1448 οὗ
1823 1421 1866 1448 εῖ-

1071 1476 1160 1496 νεκεν
1172 1467 1276 1502 ἐχρισέ
1286 1475 1325 1502 με
1334 1475 1340 1482 ·
1359 1467 1389 1494 τὸ
1400 1467 1428 1494 δὲ
1440 1467 1552 1502 Πνεῦμα
1567 1467 1599 1494 τὺ
1611 1468 1687 1501 ἄτιον
1706 1466 1735 1493 ὲν
1755 1468 1865 1502 προφή-

1073 1524 1134 1547 ταις
1151 1515 1261 1542 λαλοῦν·
1285 1514 1357 1542 Τάδε
1378 1514 1460 1550 λέγει
1482 1514 1590 1548 Κύριος
1612 1513 1834 1547 παντοκράτωρ,
1851 1514 1866 1540 ὸ

1073 1562 1162 1590 λαλῶν
1178 1563 1206 1588 ὲν
1224 1562 1280 1594 τοῖς
1299 1561 1453 1597 προφήταις
1471 1560 1583 1596 Κύριος,
1599 1561 1615 1588 ὁ
1630 1559 1761 1594 στερεῶν
1771 1560 1866 1594 βρον-

1070 1607 1138 1642 τὴν,
1155 1606 1204 1634 καὶ
1215 1605 1320 1636 κτίζων
1332 1604 1450 1639 πνεῦμα
1460 1614 1467 1621 ·
1486 1605 1601 1640 βροντὴν
1624 1604 1673 1640 μὲν
1689 1603 1737 1638 τὴν
1755 1604 1862 1638 ὲνηχου-

1073 1653 1157 1689 μένην
1179 1651 1348 1687 ἀνθρώποις·
1365 1649 1473 1682 κτίζων
1482 1650 1511 1677 δὲ
1521 1649 1647 1685 πνεῦμα,
1660 1650 1700 1681 εἰς
1721 1649 1866 1685 ἐνέργειαν

1072 1697 1158 1725 ὑετῶν
1169 1696 1409 1732 ἀποστελλομένων
1422 1695 1477 1723 ἀπὸ
1489 1695 1537 1722 τοῦ
1549 1695 1617 1722 Θεοῦ
1628 1696 1661 1730 τῇ
1675 1696 1722 1730 γῇ.
1735 1694 1790 1721 Καὶ
1802 1694 1867 1729 περὶ

1075 1743 1125 1779 μὲν
1139 1742 1304 1779 ,κτισμάτων
1317 1741 1389 1768 οὕτω
1409 1741 1486 1776 φησὶ,
1511 1740 1641 1774 Στερεῶν
1653 1740 1800 1774 βροντὴν,
1816 1739 1867 1766 καὶ

1072 1788 1176 1819 κτίζων
1189 1788 1318 1822 πνεῦμα,
1334 1787 1421 1823 ταῦτα
1435 1785 1492 1821 γὰρ
1503 1786 1600 1814 κτιστὰ
1614 1786 1740 1821 ὑπάρχει.
1762 1786 1868 1819 Ἀπαγ-

1072 1834 1174 1869 γέλλων
1186 1834 1214 1860 δὲ
1227 1833 1272 1861 τὸν
1282 1832 1398 1868 Χριστὸν
1410 1832 1491 1859 αὑτοῦ
1500 1831 1550 1868 (5')
1563 1833 1618 1863 τοῖς
1626 1830 1787 1867 ἀνθρώποις,
1803 1831 1870 1858 οὑκ-

1076 1879 1116 1906 ἐτι
1147 1878 1259 1910 κτίζων.
1274 1877 1365 1905 οὐκέτι
1381 1877 1509 1912 στερεῶν,
1523 1876 1579 1904 ἀλλ’
1592 1877 1769 1911 ἀπαγγέλλων
1783 1877 1870 1903 αὑτὸν

1072 1926 1129 1957 τοῖς
1146 1924 1308 1960 ἀνθρώποις,
1328 1923 1375 1950 τὸν
1388 1923 1498 1959 ἀληθῶς
1513 1923 1642 1958 γεννητὸν
1657 1922 1688 1956 ἐξ
1710 1921 1804 1953 αὑτοῦ,
1820 1923 1870 1949 τὸν

1074 1971 1212 2003 ᾶκτιστον,
1241 1969 1287 1996 τὸν
1307 1969 1452 2005 ἄτρεπτον,
1478 1969 1523 1996 τὸν
1547 1967 1736 2001 ἀναλλοίωτον,
1760 1968 1807 1995 τὸν
1823 1968 1870 1995 ἀεὶ

1074 2016 1138 2043 ὄντα
1153 2017 1185 2042 ἐκ
1201 2015 1247 2042 τοῦ
1271 2015 1315 2042 ἀεὶ
1328 2015 1416 2047 ὄντος,
1430 2015 1475 2041 τὸν
1489 2014 1532 2041 διὰ
1549 2014 1673 2041 Ἰωάννου
1684 2014 1869 2050 κηρυχθέντα,

1075 2061 1118 2088 ἀεὶ
1131 2061 1205 2088 ὄντα.
1233 2061 1264 2087 '0
1279 2059 1322 2088 ὢν
1336 2060 1401 2095 γὰρ,
1423 2060 1501 2095 φησὶ,
1519 2058 1692 2087 ὰπέσταλκέ
1709 2067 1757 2093 με,
1782 2059 1869 2094 φησὶν

1075 2108 1090 2134 ὁ
1106 2106 1238 2141 Μωῦοῆς.
1254 2106 1310 2133 Καὶ
1323 2107 1337 2133 ὁ
1359 2105 1498 2140 Ἰωάννης,
1520 2105 1547 2131 ’0
1563 2103 1606 2132 ὢν
1625 2105 1670 2138 εἷς
1684 2104 1737 2132 τὸν
1749 2105 1870 2132 κόλπον

1076 2151 1128 2178 τοῦ
1142 2151 1268 2185 Πατρός,
1282 2149 1398 2183 ἐκεῖνος
1414 2149 1594 2184 ἐξηγήσατο.
1610 2150 1659 2176 Ὧν
1672 2149 1745 2176 ἐστιν
1763 2150 1778 2176 ὁ
1792 2149 1868 2183 Υἱὸς,

1076 2195 1114 2224 ὥν
1124 2197 1198 2223 ἐστιν
1211 2197 1227 2222 ὁ
1238 2195 1344 2231 Πατὴρ,
1358 2196 1373 2221 ὁ
1387 2194 1425 2221 ὣν
1440 2194 1509 2230 πρὸς
1524 2194 1570 2222 τὺν
1582 2195 1647 2222 ὂντα
1669 2196 1698 2228 ἐξ
1712 2195 1794 2222 αὐτοῦ
1807 2203 1871 2230 γενο

232 2242 371 2270 ρλςίειοιιε
386 2251 392 2269 :
409 2241 549 2270 exsistens
562 2241 692 2270 videlicet
708 2241 742 2269 ad
760 2241 937 2270 exsistentem
952 2250 1020 2271 com-

1076 2242 1179 2277 νηθεὶς,
1195 2242 1225 2269 οὑ
1245 2241 1394 2276 συναλοιφὴ
1412 2240 1451 2267 ὢν
1464 2240 1505 2276 τῷ
1526 2241 1626 2276 Πατρὶ,
1647 2241 1698 2268 οὐκ
1714 2241 1871 2277 ἀρξάμενος

234 2291 358 2322 paratus,
378 2292 460 2323 atque
475 2295 507 2315 ex
529 2287 593 2322 ipso.
607 2286 716 2322 genitus
731 2295 739 2314 :
755 2287 803 2322 qui
822 2295 910 2323 neque
925 2288 1024 2316 confu-

233 2340 283 2360 sus
307 2339 370 2360 cum
396 2332 489 2363 Patre.
515 2339 567 2360 nec
591 2339 658 2362 esse
681 2331 830 2367 aliquando
856 2333 952 2368 cmpit,
976 2333 1024 2361 sed

234 2386 342 2414 semper
356 2386 419 2406 cum
434 2379 516 2415 Patre
530 2385 678 2414 germanus
694 2382 738 2407 est
754 2388 761 2406 :
774 2377 856 2407 Pater
870 2387 936 2408 vero
952 2387 1025 2409 sem-

235 2431 282 2461 per
310 2424 407 2453 Filium
436 2425 540 2460 genuit.
578 2424 671 2460 Neque
699 2425 774 2453 enim
805 2430 914 2462 tempus
939 2426 1024 2454 ullum

233 2471 351 2505 exstitit,
367 2478 422 2506 quo
438 2470 520 2499 Pater
534 2478 590 2499 non
606 2470 688 2499 fuerit
704 2471 795 2505 Pater.
810 2477 858 2500 aut
872 2480 928 2508 quo
939 2472 1024 2501 Filius

235 2517 309 2546 Patri
323 2517 375 2545 soli
390 2525 445 2545 non
462 2516 554 2545 fuerit.
569 2517 637 2545 Nam
653 2519 675 2546 si
692 2522 800 2553 tempus
815 2517 913 2547 fuisset
928 2518 1023 2550 ullum,

238 2570 294 2598 quo
317 2561 399 2590 Pater
427 2570 481 2590 non
510 2563 618 2596 fuisset,
642 2564 688 2592 ille
709 2567 783 2592 esset
805 2564 918 2591 alterius
936 2563 1025 2591 Patris

234 2608 332 2641 Filius,
358 2613 503 2645 antequam
532 2609 669 2646 Unigeniti
698 2610 778 2638 Pater
806 2609 961 2638 exsisteret.
986 2609 1024 2637 lta

273 2669 280 2682 ‘
293 2667 369 2694 Joan.
390 2676 444 2699 xw,
463 2668 488 2694 7.
553 2669 563 2683 ’
578 2668 657 2696 Joan.
678 2677 732 2699 XIV,
753 2668 778 2695 ϐ.
830 2667 840 2682 ³
863 2667 957 2695 Matth.
971 2676 998 2699 Χ,
1017 2667 1060 2695 20.

239 2703 289 2735 i8;
319 2703 372 2730 Isa.
402 2711 457 2736 ωει,
478 2704 504 2730 1.
545 2704 650 2730 ⁷Αιιιοε
671 2711 707 2734 ι-ν,
722 2703 765 2729 l5.
804 2702 912 2729 “Exod.
930 2711 971 2735 ιιι,
990 2703 1032 2730 Η.

273 2748 311 2781 t5}
332 2749 443 2777 [tectius
460 2750 593 2783 scriptum
610 2749 707 2776 fuisset
721 2749 777 2775 ἀπὸ
796 2748 842 2774 τοῦ
859 2748 930 2782 φῶς.
945 2750 1023 2776 Eutr.

343 2784 547 2820 Ἀπαγγέλλων
562 2783 596 2809 δὲ
609 2783 664 2820 {dy
676 2783 806 2817 Χριστὸν
820 2783 913 2820 αὺτοῦ
925 2785 1027 2819 optime

237 2828 253 2846 ιι
283 2818 551 2847 Τὴοιηηεὶὺίιοδινο
579 2819 712 2849 redditur,
745 2819 907 2845 annuntians
939 2818 1026 2846 dutcm

239 2852 376 2885 Christum
403 2861 480 2882 suum
506 2852 676 2887 hominibus;
702 2854 825 2889 naniam
849 2862 946 2889 creare,
973 2859 1027 2883 etc.

1077 2287 1124 2314 τοῦ
1143 2286 1227 2314 εἶναι·
1245 2287 1288 2314 ἀεὶ
1300 2286 1329 2313 δὲ
1343 2287 1456 2322 γνήσιος
1467 2287 1515 2314 σὺν
1526 2287 1625 2323 Πατρὶ,
1641 2288 1685 2314 ἀεὶ
1698 2287 1793 2324 Πατὴρ
1807 2297 1871 2323 γεν-

1079 2333 1163 2368 νήσας
1177 2333 1222 2360 τὸν
1234 2332 1307 2359 Υἱόν.
1319 2332 1377 2359 Οὐκ
1386 2330 1420 2368 ἦν
1429 2332 1484 2369 γᾴρ
1499 2341 1565 2360 ποτε
1577 2333 1682 2369 καιρὸς,
1693 2333 1736 2360 ὅτε
1749 2335 1762 2360 ὁ
1773 2334 1871 2370 Πατὴρ

1078 2379 1128 2406 οὐκ
1143 2376 1177 2414 ἦν
1194 2378 1302 2414 Πατήρ·
1319 2378 1370 2405 οὐχ
1391 2376 1425 2414 ἦν
1443 2387 1508 2406 ποτε
1524 2379 1631 2415 καιρὸς,
1646 2379 1692 2406 ὅτε
1707 2379 1722 2406 ὁ
1738 2379 1802 2411 Υἱὸς
1821 2380 1872 2414 οὐχ

1078 2424 1186 2461 ὑπῆρχε
1207 2425 1295 2460 Πατρὶ
1311 2423 1351 2460 τῷ
1370 2425 1452 2460 μόνῳ.
1470 2425 1502 2451 Εἰ
1515 2425 1570 2460 γὰρ
1586 2421 1621 2460 ἦν
1635 2425 1740 2459 καιρὸς,
1758 2425 1805 2451 ὅτε
1819 2424 1872 2452 οὐκ

1076 2469 1111 2507 ἣν
1130 2470 1236 2507 Πατὴρ,
1254 2470 1307 2506 ἄρα
1333 2471 1415 2503 αὐτὸς
1430 2469 1464 2506 ἦν
1480 2471 1545 2504 Υιὸς
1565 2472 1658 2506 ἑτέρου
1674 2470 1791 2506 Πατρὸς,
1816 2471 1872 2507 πρὸ

1077 2517 1124 2544 τοῦ
1136 2515 1206 2544 εἶναι
1220 2517 1268 2544 τὸν
1280 2517 1391 2552 Πατέρα
1405 2517 1453 2544 τοῦ
1467 2517 1637 2551 Μονογενοΰς
1646 2525 1653 2532 ο
1668 2517 1715 2544 καὶ
1726 2516 1871 2549 δοκοῦντες

1077 2565 1117 2594 εἰς
1133 2563 1178 2590 τὸν
1195 2563 1304 2598 Πατέρα
1319 2563 1450 2596 εὐσεϐεῖν,
1462 2562 1570 2595 τελείως
1580 2562 1733 2590 ἀσεϐοῦσιν.
1753 2562 1797 2589 Ἐν
1808 2562 1871 2598 Θεῷ

1077 2609 1107 2636 οὺ
1126 2609 1231 2645 χρόνρς,
1244 2609 1274 2635 οὐ
1295 2609 1399 2644 καιρὸς,
1413 2609 1443 2636 οὐ
1462 2609 1564 2644 στιγμὴ
1579 2609 1685 2644 χρόνον,
1705 2609 1756 2635 οὐκ
1767 2609 1869 2643 ἄτομον

1114 2667 1124 2682 ⁸
1145 2667 1212 2702 Agg.
1231 2675 1261 2698 ll,
1277 2667 1304 2693 7.

1073 2703 1082 2717 '
1094 2702 1173 2730 Jonn.
1187 2711 1207 2734 ι,
1225 2703 1268 2730 l8.

1080 2748 1158 2784 Apud
1185 2747 1326 2776 Petavium
1346 2748 1479 2784 legimus,
1506 2749 1539 2774 At
1563 2755 1621 2784 vero
1638 2747 1871 2784 rC/iristumsuunt

1081 2782 1132 2811 non
1154 2783 1213 2818 jam
1240 2792 1344 2815 creare,
1362 2782 1415 2810 etc.
1433 2782 1560 2810 Nostram
1578 2783 1725 2810 editionem
1746 2782 1870 2818 exigenti

1080 2818 1113 2846 ad
1130 2817 1203 2845 illam
1220 2818 1323 2846 Petavii
1341 2818 1477 2846 constabit
1491 2822 1517 2845 et
1531 2818 1583 2844 alia
1597 2818 1713 2851 hujusce
1733 2817 1832 2852 capitis
1853 2826 1870 2845 ν

1083 2855 1142 2882 loca
1157 2853 1334 2882 'l‘homasium
1349 2853 1530 2890 expolivisse,
1543 2853 1742 2881 emendavisse.

1358 2667 1474 2695 'Matth.
1501 2675 1538 2699 iv,
1555 2667 1568 2694 Ι
1585 2674 1646 2702 sqq.
1699 2667 1710 2681 ‘
1734 2665 1801 2694 Luc.
1831 2674 1869 2700 tv,
