1940 3043
230 162 261 189 δι
931 157 959 183 S.
982 156 1151 184 EPlPlLlNll
1830 158 1863 185 7:2

231 225 300 246 trem
316 221 343 245 et
357 215 453 244 Filium
477 214 593 249 medius,
611 223 644 244 ex
665 215 760 247 Patre.
781 215 906 251 Filioque
927 223 1022 251 procc-

1089 217 1156 253 ›ησὶ,
1170 217 1340 249 ,βιιπτίσατε
1364 218 1408 249 εἷς
1434 216 1466 243 τὸ
1482 217 1574 252 ὄνομα
1589 217 1703 251 Πατρὸς
1727 217 1776 244 καὶ
1796 218 1864 245 Υιοῦ

232 265 311 293 dens.
327 267 355 291 et
369 262 550 298 appellatione
566 262 673 290 tertius.
699 261 797 289 Elimea
813 262 897 294 enim,
924 261 1022 297 inquit,

233 310 366 344 baptizate
374 309 401 336 in
409 309 513 336 nomine
528 308 618 336 Patris
631 314 655 336 et
667 309 732 337 Filii
741 315 766 337 et
780 310 897 344 Spiritus
909 310 1022 338 sancti‘.

233 357 272 382 Ac
293 356 316 383 si
340 355 420 383 Pater
446 356 472 382 in
496 356 606 383 nomine
628 364 679 384 suo
701 356 836 391 baptizat,
862 356 889 383 in
915 355 1026 384 nomine

233 400 300 435 Dei;
314 401 519 437 perfectumque
531 401 650 436 sigillum
668 401 733 428 illud
748 405 790 429 est
806 401 834 429 in
851 401 898 429 Dei
914 401 1025 429 nomine

233 448 262 474 in
278 447 356 474 nobis
371 447 564 482 obsignatum;
579 451 607 474 et
621 447 644 474 si
661 446 788 474 Christus
808 447 834 474 in
851 447 961 475 nomine
975 453 1026 474 suo

237 492 365 527 baptizat,
381 493 433 520 hoc
450 497 492 520 est
506 493 534 520 in
549 492 661 520 nomine
682 492 746 526 Dei;
767 496 795 521 et
816 492 966 528 perfectum
988 493 1012 520 si

236 538 329 572 gillum
348 537 414 564 illud
432 542 488 570 est,
510 545 564 572 quo
581 537 608 565 in
623 538 734 565 nomine
752 537 800 565 Dei
815 542 923 565 nosmet
951 537 1027 566 obsi-

236 589 352 618 gnamur
368 582 419 616 ipsi
434 591 441 609 :
456 582 518 617 quis
536 587 590 609 tam
606 583 658 610 erit
667 584 758 610 animo
774 591 824 611 suo
838 583 926 610 hostis
937 588 963 611 et
983 584 1026 610 in-

237 628 342 659 fensus,
354 628 472 654 alienum
485 631 514 654 ut
527 627 658 662 Spiritum
671 635 686 655 a
699 627 842 656 divinitate
855 628 1028 663 pronuntiet?

237 673 305 700 Cum
322 673 394 701 enim
415 674 443 701 in
460 674 570 702 nomine
586 674 633 702 Dei
645 676 666 707 ',
680 679 707 702 et
730 675 757 702 in
780 674 889 702 nomine
905 673 976 705 Filii.
1001 677 1027 701 et

238 721 265 748 in
286 721 396 749 nomine
417 721 505 749 sancti
523 721 642 756 Spiritus
664 729 749 749 unum
767 722 804 749 sit
824 721 969 748 Trinitatis
990 721 1028 749 si-

238 766 343 800 gillum,
359 774 531 802 consequens
543 771 586 795 est
598 774 680 794 unam
693 774 753 794 esse
767 766 918 793 divinitatis
930 766 957 792 in
969 765 1029 792 Tri-

239 809 325 836 nitate
346 810 483 837 virtutem.
501 809 580 843 Quod
600 811 624 838 si
646 818 731 838 unuln
752 810 855 845 aliquid
877 810 948 838 Deus
967 815 1026 843 est;

240 859 337 883 caatera
354 860 456 887 creata,
476 864 531 884 non
547 857 638 884 Deus:
654 865 709 892 qua
728 856 837 884 tandem
853 856 959 884 ratione
973 856 1027 883 duo

239 902 268 928 in
281 908 364 928 unum
385 901 561 936 perfectionis
582 902 673 937 sigillo
695 902 820 938 colligata
840 902 928 930 sunt?
947 902 1031 937 Igitur

241 947 269 974 in
286 955 371 974 unum
391 947 523 975 duntaxat
543 948 647 983 regium
668 956 768 975 nomen
790 947 880 976 Patris
895 948 1030 983 obsignati

241 1001 348 1026 sumus,
361 998 458 1022 caetera
475 1001 541 1022 vero
562 995 636 1030 regia
650 1002 704 1022 non
719 998 795 1027 sunt,
811 994 857 1022 sed
869 994 959 1022 adhuc
974 995 1030 1022 ele-

242 1040 342 1067 mentis
356 1040 545 1075 creaturisque
560 1040 695 1068 servimus
710 1040 732 1067 ³.
745 1040 851 1076 Quippe
871 1040 961 1068 solum
981 1039 1032 1067 Pa-

242 1086 292 1114 tris
309 1093 408 1114 nomen
422 1087 537 1114 salutem
559 1087 656 1114 aﬁ‘erre
670 1095 727 1114 non
743 1091 837 1122 posset
858 1087 1031 1120 hominibus,

242 1131 291 1160 sed
306 1132 358 1158 alia
378 1131 432 1159 duo
445 1134 492 1166 (ut
505 1132 643 1159 maledicti
656 1132 701 1160 isti
713 1133 741 1159 in
760 1131 845 1160 Deum
859 1131 1032 1166 existimant)

243 1177 295 1206 sibi
312 1177 483 1212 adiunxisset
496 1178 641 1211 elementa,
654 1185 709 1213 quo
723 1178 809 1213 ipsius
825 1178 962 1206 divinitati
974 1178 1034 1205 alia:

242 1224 357 1252 virtutes
374 1224 546 1256 accederent,
563 1229 593 1252 ut
609 1228 636 1251 et
653 1224 826 1259 obsignatum
840 1231 855 1250 a
870 1224 959 1258 seipso
974 1230 1034 1250 ser-

242 1276 308 1297 vare
322 1274 422 1304 posset,
439 1274 466 1296 et
481 1276 564 1304 quem
579 1269 743 1303 procreavit,
761 1268 844 1295 homo
857 1271 1032 1303 peccatorum

243 1315 471 1343 condonationem
487 1321 519 1340 ac
533 1313 748 1348 redemptionem
762 1312 908 1340 obtineret.

280 1361 325 1388 IX.
346 1360 436 1388 Proh!
455 1367 536 1396 quam
559 1359 677 1387 absurda
701 1358 754 1386 ista
773 1361 927 1386 commenta
947 1361 1033 1385 sunt:

245 1416 326 1444 quam
339 1406 497 1436 detestanda
512 1405 697 1440 blasphemia!
715 1403 855 1432 Undenam
869 1411 968 1431 novum
984 1405 1036 1431 hoc

246 1456 273 1482 in
289 1454 382 1482 orbem
396 1458 530 1481 terrarum
548 1456 591 1480 est
607 1450 777 1479 inﬁdelitatis
797 1457 893 1485 genus,
915 1450 957 1477 vel
976 1457 1037 1485 per-

245 1509 332 1529 versa:
348 1500 409 1527 ﬁdei
422 1500 512 1535 potius
526 1496 730 1525 introductum?
745 1495 812 1522 Nam
828 1502 955 1530 perversa
970 1495 1037 1523 ﬁdes

247 1547 406 1576 inﬁdelitate
427 1546 485 1581 ipsa
509 1543 629 1571 deterior
647 1545 708 1570 est:
730 1541 864 1576 siquidem
891 1541 1037 1568 inﬁdelitas

248 1595 309 1623 ﬁdei
335 1593 492 1622 accessione
516 1591 683 1626 corrigitur:
705 1596 797 1624 pravae
816 1588 877 1616 ﬁdei
894 1589 1038 1624 desperata

247 1640 402 1670 emendatio
420 1643 477 1671 est;
495 1645 554 1672 quae
573 1636 607 1663 ad
629 1635 745 1663 salutem
766 1634 875 1662 dllllcile
892 1634 1038 1661 admodum

248 1686 377 1722 emergit,
398 1685 450 1712 nisi
474 1683 593 1712 caelestis
613 1682 702 1717 gratia
725 1680 857 1708 divinitus
881 1681 1038 1708 accesserit.

250 1733 340 1767 Quare
359 1732 454 1759 beatus
468 1729 567 1757 Petrus
589 1727 730 1764 apostolus
752 1726 888 1754 Ananiam
911 1726 952 1754 sic
975 1726 1040 1753 allo-

250 1779 342 1814 quitur
365 1787 371 1804 :
389 1776 441 1812 14
458 1776 514 1803 Cur
528 1776 636 1802 tentavit
656 1783 699 1802 vos
715 1774 831 1801 Satanas
854 1773 959 1800 mentiri
980 1772 1041 1806 Spi-

251 1824 315 1851 ritui
328 1827 419 1850 sancto
432 1822 460 1849 ’ἲ
476 1821 545 1848 Tum
565 1820 641 1848 addit
654 1829 661 1848 :
676 1819 702 1846 Ν
706 1828 739 1847 οη
750 1819 875 1846 mentitus
890 1827 917 1846 es
930 1819 1041 1845 homini-

252 1871 314 1902 bus,
338 1870 383 1896 sed
405 1868 459 1896 Deo
472 1868 493 1894 ⁵.
512 1867 595 1903 Igitur
618 1866 690 1895 Deus
711 1870 753 1894 est
773 1874 788 1892 a
813 1865 894 1893 Patre
917 1864 1041 1900 Filioque

251 1917 403 1953 procedens
418 1916 547 1951 Spiritus,
565 1914 609 1942 cui
628 1913 733 1942 mentiti
751 1917 815 1941 sunt
831 1913 847 1940 ii
863 1912 910 1948 qui
926 1911 960 1940 de
975 1919 1039 1946 prc-

253 1964 291 1992 tio
305 1963 507 1992 subtraxerant.
520 1961 570 1989 Cui
583 1960 693 1996 quidem
708 1960 810 1988 Paulus
820 1959 984 1994 astipulatur
998 1958 1041 1986 his

252 2009 344 2037 verbis
357 2017 364 2035 :
383 2007 432 2034 Vos
447 2013 533 2034 autem
552 2007 674 2040 (carptum
689 2005 736 2032 Dei
748 2005 820 2037 estis,
829 2009 853 2031 et
865 2003 981 2038 Spiritus
992 2002 1042 2029 Dei

253 2055 356 2082 habitat
370 2055 397 2082 in
412 2053 482 2081 vobis
496 2054 516 2080 °.
533 2052 605 2080 Deus
621 2051 704 2087 igitur
718 2055 760 2079 est
783 2050 917 2085 Spiritus,
935 2052 964 2076 ut
979 2053 1042 2076 ante

253 2104 320 2136 dixi,
333 2102 393 2131 ideo
404 2101 533 2136 templum
544 2100 592 2128 Dei
604 2103 735 2127 vocantur
748 2098 873 2125 homines
884 2095 982 2128 sancti,
995 2094 1041 2130 qui

254 2154 350 2180 sancto
365 2149 414 2176 Dei
429 2146 543 2183 Spiritui
562 2146 731 2174 domicilium
751 2145 780 2172 in
795 2143 894 2179 seipsis
908 2142 1040 2178 pratbcut,

254 2197 294 2224 uti
317 2195 442 2231 princeps
461 2193 645 2229 apostolorum
668 2194 794 2223 testatur,
811 2190 857 2226 qui
879 2190 942 2218 felix
956 2197 972 2216 a
989 2188 1042 2215 Do-

1076 262 1124 289 καὶ
1140 262 1227 298 ἁγίου
1241 263 1422 297 Πνεύματος.
1442 262 1473 288 Ei
1487 262 1515 289 δὲ
1532 261 1657 297 βαπτίζει
1683 263 1697 289 ὁ
1715 263 1810 300 Πατὴρ
1826 264 1865 295 είς

1076 309 1161 344 ὄνομα
1177 308 1274 335 ἑαυτοῦ
1285 330 1292 342 ,
1307 310 1346 340 εις
1359 308 1445 344 ὄνομα
1462 308 1529 335 Θεοῦ
1540 329 1548 342 ,
1570 309 1617 335 καὶ
1636 308 1726 335 τελεία
1743 310 1760 345 ἡ
1776 318 1865 345 σφρα-

1076 355 1120 388 γὶς
1139 355 1167 381 ὲν
1189 354 1302 390 ὀνόματι
1324 354 1390 380 Θεοῦ
1415 355 1621 390 ἒσφραγισμένη
1649 355 1678 382 ὲν
1706 356 1792 391 ἡμῖν’
1821 356 1867 382 καὶ

1078 400 1202 436 βαπτίζει
1214 401 1331 436 Χριστὸς
1344 401 1383 432 είς
1396 400 1482 436 ὄνομα
1499 400 1595 427 ἑαυτοῦ
1608 421 1615 433 ,
1631 401 1671 433 είς
1685 400 1772 436 ὄνομα
1786 401 1866 434 Θεοῦ,

1077 447 1123 473 καὶ
1138 446 1226 473 τελεία
1239 447 1256 482 ὴ
1272 447 1388 482 σφραγὶς
1403 446 1433 473 ὲν
1447 446 1559 482 ὀνόματι
1575 446 1642 473 Θεοῦ
1660 448 1868 482 ἐσφραγισμένη

1077 492 1107 519 ὲν
1132 493 1197 528 ἡμῖν
1211 498 1218 507 ⁸
1231 492 1273 523 τίς
1289 492 1420 528 τολμήσει
1441 492 1669 527 καταπολεμῆσαι
1695 493 1744 527 τὴν
1771 492 1869 520 ἑαυτοῦ

1078 538 1166 573 ψυχὴν
1178 558 1186 571 ,
1200 538 1231 564 τὸ
1257 537 1370 572 Πνεῦμα
1393 536 1531 573 ἀλλότριον
1551 537 1601 571 τῆς
1617 537 1744 573 θεότητος
1759 537 1848 572 λέγων
1861 547 1868 570 ς

1079 584 1110 610 Εἰ
1129 583 1183 619 γὰρ
1207 585 1248 615 εἰς
1271 583 1355 619 ὄνομα
1370 583 1436 610 Θεοῦ
1452 583 1475 615 ³,
1491 583 1539 609 καὶ
1554 583 1593 615 εἰς
1617 583 1702 618 ὄνομα
1717 583 1783 610 Υῐοῦ
1796 603 1805 616 ,
1823 584 1870 610 καὶ

1079 631 1119 662 είς
1137 630 1221 665 ονομα
1242 629 1319 664 ἁγίου
1335 629 1509 665 Πνεύματος,
1527 629 1576 665 μία
1591 630 1709 666 σφραγὶς
1726 629 1775 665 τῆς
1786 630 1870 664 Τρια-

1078 676 1122 708 δος
1134 696 1141 707 ,
1160 676 1208 710 μία
1226 676 1280 712 ἄρα
1303 675 1418 711 δύναμις
1437 676 1487 711 τῆς
1506 675 1632 710 θεότητος
1658 676 1687 702 ὲν
1704 675 1811 711 Τριάδι.
1839 675 1870 701 Ei

1079 723 1107 749 δὲ
1124 722 1153 750 τὺ
1169 723 1197 749 ἓν
1214 723 1271 749 ἐστι
1290 722 1355 754 Θεὸς
1368 743 1375 756 ,
1392 722 1426 749 τὰ
1440 722 1467 749 δὲ
1482 722 1549 750 ἄλλα
1564 721 1671 753 κτιστὰ,
1685 721 1731 748 καὶ
1744 722 1775 748 οὐ
1793 722 1871 754 Θεὸς,

1079 769 1132 795 τίνι
1149 768 1219 804 λόγῳ
1238 768 1389 795 συνδεδεται
1404 768 1438 795 τὰ
1461 767 1508 795 δύο
1531 769 1572 800 εἰς
1586 768 1616 795 τὸ
1631 768 1660 795 ἒν
1682 769 1714 803 τῇ
1744 767 1871 803 σφραγῖδι

1080 814 1130 849 τῆς
1153 813 1334 848 τελειότητος;
1362 813 1432 849 Ἄρα
1458 813 1523 848 γοῦν
1550 814 1591 845 είς
1619 813 1763 848 βασιλικὸν
1785 813 1872 848 ὄνομα

1081 860 1304 896 ὲσφραγίσθημεν
1318 859 1349 886 τὸ
1363 859 1392 887 ἓν
1415 859 1462 886 τοῦ
1478 859 1600 895 Ποιτρδς⁹
1625 859 1672 886 καὶ
1688 858 1723 885 τὰ
1749 858 1818 894 ἄλλα
1842 857 1873 885 οὗ

1083 905 1212 942 βασιλικὰ
1222 926 1230 939 ,
1247 905 1304 932 ἀλλ’
1319 904 1360 932 ἔτι
1375 904 1517 940 στοιχείοις
1533 905 1580 930 καὶ
1594 903 1727 939 κτίσμασι
1743 903 1874 930 δεδουλῶ-

1084 952 1170 988 μεθα,
1188 951 1235 978 καὶ
1250 951 1299 977 οὐκ
1316 949 1430 985 ἠδύνατο
1453 950 1532 985 μόνον
1546 949 1577 976 τὸ
1591 949 1678 984 δνομα
1701 948 1750 975 τοῦ
1767 949 1874 984 nam;

1084 998 1180 1030 σώζειν
1195 1017 1202 1030 ,
1215 996 1282 1024 ἀλλὰ
1299 996 1387 1032 ἑαυτῷ
1400 996 1495 1027 κτίσας
1511 995 1580 1022 ἄλλα
1593 994 1640 1021 δύο
1657 995 1778 1030 στοιχεῖα
1805 995 1874 1021 κατὰ

1083 1044 1133 1080 τὴν
1147 1043 1201 1070 τῶν
1225 1042 1458 1078 βλασφημούντων
1475 1042 1619 1074 ὑπόνοιαν,
1634 1041 1678 1067 ἵνα
1696 1040 1840 1076 προσλάϐῃ
1858 1042 1874 1075 ἡ

1084 1089 1167 1116 αὐτοῦ
1183 1089 1279 1124 θεότης
1301 1089 1348 1116 καὶ
1375 1088 1458 1120 ἄλλας
1473 1087 1601 1122 δυνάμεις
1614 1106 1622 1119 ,
1641 1086 1687 1113 xui.
1702 1085 1802 1121 δυνηθῇ
1825 1085 1875 1112 σῶ-

1085 1143 1130 1161 σαι
1152 1135 1198 1161 τὸν
1211 1135 1275 1169 παρ’
1289 1132 1372 1160 αὐτοῦ
1391 1132 1624 1168 σφραγιζόμενον,
1650 1131 1722 1158 κατὰ
1741 1130 1876 1166 λύτρωσιν

1084 1179 1292 1216 ἁμαρτημάτων
1307 1179 1378 1215 λάϐῃ
1394 1178 1517 1213 ἀφέσεως
1534 1180 1549 1206 ο
1563 1178 1635 1216 παρ’
1654 1176 1736 1205 αὑτοῦ
1757 1175 1877 1208 κτισθεὶς

1085 1225 1236 1261 ἄνθρωπος.

1121 1362 1160 1389 6'.
1175 1361 1227 1388 Φεῦ
1245 1361 1294 1395 τῆς
1317 1360 1444 1395 τοιαύτης
1470 1359 1620 1396 ληρῳδίαςί
1646 1359 1668 1386 ὦ
1683 1361 1732 1396 τῆς
1750 1357 1878 1395 τοιαύτης

1089 1406 1279 1442 βλασφημίαςί
1295 1405 1380 1432 Πόθεν
1403 1405 1550 1439 ὑπεισῆλθε
1567 1405 1612 1433 τὸν
1638 1405 1695 1440 βίον
1716 1405 1782 1440 ἄλλη
1798 1406 1878 1432 πάλιν

1088 1453 1168 1489 καινὴ
1184 1452 1306 1484 ἀπιστία,
1324 1452 1423 1488 μᾶλλον
1440 1452 1468 1478 δὲ
1485 1451 1591 1487 εἴποιμι
1614 1452 1798 1484 κακοπιστία;
1816 1451 1880 1478 Χεί-

1090 1509 1144 1535 ρων
1161 1499 1215 1535 γὰρ
1239 1500 1255 1534 ἡ
1284 1497 1451 1525 κακοπιστία
1467 1498 1517 1533 τῆς
1542 1498 1681 1530 ἀπιστίας.
1700 1498 1732 1524 Ἦ
1753 1498 1802 1533 μὲν
1825 1497 1880 1533 γὰρ

1089 1545 1202 1571 ἀπιστία
1220 1544 1309 1570 πίστιν
1326 1543 1500 1578 λαμϐάνουσα
1515 1542 1690 1578 διορθώσεται
1704 1544 1714 1559 “
1729 1551 1736 1558 ·
1751 1543 1767 1578 ἡ
1784 1543 1812 1569 δὲ
1832 1551 1881 1568 κα-

1089 1591 1217 1617 κοπιστία
1241 1589 1446 1625 ἀκατόρθωτος,
1464 1589 1603 1624 δυσχερῶς
1620 1587 1775 1624 σωζομένη,
1802 1589 1839 1623 μή
1855 1597 1880 1614 τι

1090 1637 1123 1664 ἂν
1137 1637 1192 1673 ἄρα
1214 1636 1245 1662 τὸ
1263 1636 1385 1671 χάρισμα
1398 1630 1503 1662 ἄνωθεν
1527 1635 1701 1670 ὲπιφοιτήσῃ.
1717 1634 1786 1670 Φησὶ
1799 1633 1846 1661 οὖν
1868 1635 1882 1660 ὁ

1091 1682 1226 1717 μακάριος
1241 1680 1344 1715 Πέτρος
1357 1681 1414 1710 τοῖς
1437 1679 1501 1714 περὶ
1531 1678 1669 1705 ’Λνανίανι
1687 1677 1720 1704 Τί
1739 1678 1783 1704 ὅτι
1802 1679 1884 1706 ἐπεί-

1086 1735 1183 1761 ρασεν
1198 1725 1276 1760 ὑμᾶς
1296 1726 1311 1752 ό
1326 1723 1463 1757 Σατανᾶς
1478 1723 1652 1758 ψεύσασθαι
1667 1721 1708 1755 τῷ
1731 1724 1884 1757 Πνεύμιιτι

1089 1771 1130 1804 τῷ
1141 1771 1231 1805 ἁγΙῳ;
1243 1769 1289 1796 καί
1302 1777 1384 1804 φησι·
1396 1770 1457 1795 οὐκ
1470 1768 1591 1802 ἐψεύσω
1608 1766 1784 1801 ἀνθρώποις,
1801 1768 1884 1795 ἀλλὰ

1091 1816 1162 1848 Θεῷ.
1181 1817 1253 1850 Ἀρσ-
1262 1814 1328 1846 Θεὺς
1338 1815 1370 1840 ὲκ
1384 1814 1492 1849 Πατρδς
1505 1813 1552 1840 καὶ
1563 1812 1628 1839 Υἱοῦ
1639 1813 1670 1840 τὸ
1685 1812 1798 1848 Πνεῦμα
1814 1813 1882 1848 (10),

1090 1859 1112 1897 ᾧ
1132 1862 1280 1897 ἐψεύσαντο
1307 1862 1331 1887 οἱ
1359 1860 1414 1887 ἀπὸ
1432 1860 1478 1886 τοῦ
1502 1860 1659 1895 τιμήματος
1676 1860 1881 1895 νοσφισάμενοι.

1097 1909 1140 1940 Ὠς
1160 1908 1208 1935 καὶ
1231 1909 1245 1934 ὁ
1265 1906 1369 1938 Παῦλος
1382 1906 1489 1941 συνᾴδει
1511 1905 1550 1941 τῷ
1563 1905 1636 1940 λόγῳ
1648 1906 1750 1941 τούτῳ,
1777 1906 1881 1940 λέγων’

1098 1954 1190 1989 Ὑμεῖς
1206 1953 1240 1980 δὲ
1256 1952 1329 1985 ναὸς
1344 1952 1397 1979 τοῦ
1424 1951 1498 1979 Θεοῦ
1514 1951 1585 1978 ἐστε
1595 1972 1603 1984 ,
1629 1952 1678 1978 καὶ
1703 1951 1737 1978 τὸ
1761 1951 1882 1986 Πνεῦμα

1092 2001 1144 2028 τοῦ
1159 1999 1232 2027 Θεοῦ
1249 1998 1325 2025 οἰκεῖ
1336 1998 1371 2024 ἐν
1382 1998 1463 2033 ὑμῖν.
1483 1998 1553 2034 ’Λρα
1566 1995 1614 2024 οὖν
1631 1997 1697 2029 Θεὸς
1713 1997 1742 2024 τὸ
1759 1997 1882 2032 Πνεῦμα,

1092 2047 1129 2079 ὡς
1142 2047 1271 2082 προεῖπον
1284 2055 1290 2060 ·
1307 2045 1345 2072 διὸ
1358 2045 1420 2078 ναὸς
1436 2045 1503 2072 Θεοῦ
1515 2045 1698 2080 κληθήσονται
1714 2045 1794 2071 καὶοί
1811 2044 1885 2077 ἅγιοι

1093 2093 1229 2128 ἄνθρωποι
1241 2092 1453 2126 κατοικήσαντες
1469 2092 1577 2122 ἑαυτοῖς
1588 2091 1610 2106 ¹⁶
1625 2091 1655 2117 τὸ
1665 2090 1743 2124 ἅγιον
1756 2089 1803 2116 τοῦ
1816 2089 1885 2115 Θεοῦ

1093 2138 1219 2174 Πνεῦμα·
1239 2137 1330 2169 καθὼς
1341 2139 1477 2173 μαρτυρεῖ
1487 2138 1501 2164 ὁ
1517 2136 1728 2173 κορυφαιότατος
1744 2135 1798 2162 τῶν
1815 2135 1886 2161 ἀπο-

1094 2185 1209 2217 στόλων,
1235 2185 1249 2211 ὁ
1277 2183 1455 2216 καταξιωθεὶς
1474 2183 1677 2219 μακαρισθῆναι
1703 2182 1755 2209 ὑπο
1769 2181 1884 2216 Κυρίου,

255 2243 329 2270 mino
352 2228 492 2277 praedicari
512 2238 622 2270 meruit,
638 2245 671 2265 eo
693 2238 766 2272 quod
791 2237 870 2264 Pater
890 2236 940 2271 ipsi
965 2242 1035 2262 reve-

1095 2230 1161 2257 ὅτιὺ
1174 2229 1268 2265 Πατὴρ
1281 2229 1355 2265 αὐτῷ
1369 2229 1538 2263 ἀπεκάλυψε.
1554 2229 1649 2256 Τοίνυν
1671 2229 1685 2255 ὁ
1708 2228 1802 2263 Πατὴρ
1818 2228 1887 2254 ἀπο-

256 2289 366 2317 lasset".
389 2286 458 2314 Huic
477 2285 560 2322 igitur
579 2290 739 2320 germanum
757 2290 835 2311 suum
851 2281 949 2309 Filium
965 2279 1043 2308 Pater

295 2365 303 2380 ‘
318 2363 412 2391 Matth.
431 2369 528 2392 xxvln,
555 2361 598 2389 l9.
637 2361 647 2376 ²
660 2358 694 2386 F.
721 2357 820 2385 Patris.
859 2356 939 2384 ’Gal.
954 2365 990 2388 ιν,
1006 2356 1034 2383 3.
1047 2391 1054 2392 ί
1074 2355 1162 2392 δῄᾼοι.
1180 2363 1206 2388 v,
1225 2354 1253 2392 ὅτ

258 2407 314 2432 xvt,
333 2398 376 2426 i7.

259 2454 362 2486 habet;
378 2452 451 2486 quod
470 2452 600 2486 Spiritum
630 2451 660 2478 S.
680 2451 797 2486 emittat.
827 2448 1040 2486 Subtilissimam

259 2491 330 2516 hanc
345 2484 609 2514 animadversionem
622 2506 630 2518 ,
645 2490 672 2513 et
695 2485 743 2513 Dei
767 2485 856 2512 Patris
877 2484 967 2511 dotem
981 2503 989 2515 ,
1015 2488 1044 2510 et

260 2523 466 2559 praerogativam
501 2525 529 2548 ut
546 2521 741 2559 exprimerent,
756 2519 973 2559 saepgdicebapt
992 2525 1043 2557 p0:

261 2552 315 2586 tius
333 2552 464 2592 Spiritum
484 2552 609 2583 sanctuin
627 2563 641 2582 ιι
657 2556 737 2592 Patre
753 2552 920 2592 peliii‘riliutn,
937 2552 1043 2592 §ti__':05

261 2593 337 2624 Υίοῦ.
351 2589 607 2627 ῥι-οεειὶειιο,ηυθιιι
625 2598 640 2617 a
655 2591 736 2627 Patre
749 2589 776 2617 et
793 2590 885 2627 Filio._
897 2589 966 2627 Quia
984 2589 1046 2615 licet

261 2624 386 2657 tenerent
407 2631 434 2654 et
461 2624 652 2661 proﬁterentur
672 2626 758 2661 ipsum
783 2630 810 2652 et
834 2632 849 2651 a
865 2624 933 2661 Filio
950 2630 1047 2661 procef

261 2664 337 2696 dere,
358 2658 484 2690 tenebant
496 2662 575 2688 etiam
591 2658 690 2687 Filium
703 2668 719 2686 a
739 2659 818 2696 Patre
832 2660 957 2696 accipere
973 2658 1046 2696 quod

263 2694 396 2734 Spiritum
407 2697 531 2734 enuttat;
546 2699 572 2723 ct
587 2696 722 2734 ideoeam
737 2694 1046 2734 adhibebantnlocutio-

264 2728 326 2762 nem
343 2740 397 2769 qua
410 2732 572 2769 denotarent
585 2730 716 2769 Spiritum
733 2734 858 2769 sanctum
875 2737 890 2755 a
904 2728 984 2756 Patre
999 2736 1046 2769 per

264 2763 362 2798 Filium
380 2767 535 2798 procedere.
552 2763 615 2794 llaec
627 2771 655 2793 et
665 2765 717 2792 alia
733 2764 890 2791 doctissime
905 2771 937 2790 ac
951 2763 1046 2790 multis

264 2798 605 2840 prosequitur‘laudatoin
617 2799 718 2840 locous.
734 2799 859 2840 Basilius.
874 2798 909 2825 Ea
922 2799 1046 2840 adhibita

263 2835 363 2875 inagni'
374 2838 466 2867 Basilii
493 2837 616 2875 doctrina
638 2836 718 2875 facile
744 2835 778 2862 ab
804 2841 897 2875 errore
914 2839 1047 2875 purgatur

263 2869 458 2908 TltEodoritus,
474 2873 520 2909 qui
543 2872 633 2901 studio
652 2871 767 2907 partium
783 2874 859 2898 actus
873 2870 932 2897 idco
948 2869 976 2896 S.
994 2870 1046 2904 (Ly.

1098 2275 1231 2303 καλύπτει
1245 2276 1291 2302 τὸν
1311 2274 1374 2301 Υἰδν
1386 2275 1431 2302 τὸν
1445 2274 1571 2310 ἀληθινὸν
1585 2273 1660 2309 αὐτῷ
1671 2293 1679 2306 ,
1703 2273 1750 2300 καὶ
1767 2272 1886 2308 μακαρί-

1301 2354 1311 2369 ⁵
1331 2353 1398 2382 ibid.
1413 2354 1440 2381 ι.
1479 2352 1511 2379 ⁸1
1526 2353 1589 2380 Cor.
1615 2361 1657 2385 Ill,
1677 2352 1721 2379 16.
1761 2353 1771 2368 ⁷
1791 2352 1884 2381 Matth.

499 2388 614 2432 Πατρός.
659 2396 669 2411 ⁹
683 2403 727 2430 γρ.
741 2392 931 2429 διορθώσηται,
949 2391 968 2419 f.
983 2390 1208 2431 θιορθωθήσεται.
1249 2389 1271 2405 ¹⁰
1289 2389 1319 2416 ιτ.
1338 2389 1543 2420 κατοικίσαντες
1558 2389 1588 2415 ὲν
1598 2388 1714 2420 ἑαυτοῖς.

1094 2447 1186 2474 rillum
1205 2446 1367 2481 redarguit,
1385 2445 1464 2480 quasi
1481 2445 1528 2480 qui
1545 2444 1688 2481 negaverit
1708 2444 1886 2481 mox_indica-

1095 2487 1150 2509 tam
1166 2479 1371 2517 prazrogativarn
1386 2479 1470 2513 illam,
1491 2479 1552 2516 quae
1566 2479 1594 2507 in
1605 2480 1706 2517 divinis
1723 2479 1885 2517 pr_olationi-

1096 2518 1148 2545 bus
1161 2514 1212 2545 soli
1227 2514 1301 2543 Patri
1317 2517 1456 2549 convenit,
1474 2514 1528 2544 non
1544 2520 1635 2543 autem
1653 2514 1732 2541 Filio.
1747 2515 1883 2550 Purgatur

1095 2553 1213 2580 fortasse
1223 2557 1250 2580 et
1263 2552 1457 2583 Damascenus,
1472 2551 1506 2579 de
1520 2559 1574 2586 quo
1587 2550 1722 2577 videndus
1737 2550 1784 2585 qui
1797 2549 1884 2586 ipsum

1095 2588 1238 2616 exornavit
1252 2587 1477 2622 praefationibus,
1493 2585 1735 2622 dissertationibus
1749 2606 1755 2618 ,
1772 2585 1886 2622 adnota-

1097 2623 1219 2651 tionibus
1242 2620 1412 2650 doctissimis
1433 2621 1546 2649 Michael
1561 2621 1681 2656 Lequicn
1702 2620 1884 2656 Dominieana:

1100 2659 1209 2685 familiae
1232 2658 1359 2685 alumnus
1376 2658 1403 2684 in
1418 2654 1655 2684 animadversione
1670 2663 1718 2682 sua
1740 2655 1772 2682 ad
1791 2654 1883 2682 lauda-

1096 2698 1154 2720 tum
1185 2694 1220 2721 de
1255 2693 1306 2720 ﬁde
1334 2692 1486 2720 orthodoxa
1519 2692 1609 2719 locum
1648 2699 1709 2725 pag.
1739 2690 1785 2716 Ml
1820 2689 1884 2716 torni

1098 2729 1177 2763 primi
1195 2738 1216 2769 ;.
1233 2733 1289 2770 tum
1319 2729 1346 2755 in
1378 2729 1465 2763 prima
1493 2727 1527 2755 de
1560 2726 1805 2754 Dissertationibus
1833 2725 1885 2751 Da-

1098 2771 1272 2791 masccnu'ls.

1134 2799 1190 2831 (i0)
1208 2798 1246 2826 Eu
1271 2798 1343 2825 aliud
1371 2798 1404 2824 dc
1431 2798 1606 2833 proccssionc
1626 2796 1746 2832 Spiritus
1763 2795 1850 2824 sancti
1868 2803 1882 2821 ιι

1100 2833 1179 2862 Patre
1194 2840 1219 2862 ct
1235 2833 1304 2862 Filio
1322 2834 1350 2862 S.
1365 2833 1508 2868 Epiphanii
1527 2834 1729 2861 documentmn.
