1940 3043
37 157 70 175 oo
754 146 839 176 ANCC

892 146 974 176 ,TUS.
1639 153 1675 181 ὃὸ

37 204 112 236 ζεται
127 212 134 218 ”
156 203 205 231 καὶ
223 205 238 230 6
252 203 334 236 αὐτὸς
354 203 434 231 πάλιν
451 202 640 231 ἀποκαλύπτει
653 202 683 230 τὸ
697 203 773 238 ἅγιον
786 203 835 230 αὒ-

892 204 1002 237 mdieat;
1020 208 1047 231 et
1064 204 1161 232 beatus
1179 205 1281 233 idcirco
1292 206 1400 234 dicitur.
1421 207 1454 235 At
1475 208 1519 237 ille
1531 209 1590 245 ipse
1610 217 1675 237 rur-

37 249 82 276 τοῦ
99 249 233 285 Πνεῦμα·
253 249 307 276 ἔδει
331 249 378 276 τὸν
402 250 511 285 πρῶτον
529 250 583 276 τῶν
605 249 762 276 ἀποστόλων
777 249 833 285 (ll)

37 295 84 329 τὴν
114 294 221 329 πέτραν
246 293 295 330 τὴν
310 294 442 330 στερεὰν,
467 294 510 329 ἐφ’
527 295 560 330 ἣν
584 295 601 330 ἡ
625 294 771 330 Ἐκκλησία
785 293 833 321 τοῦ

37 339 104 366 Θεοῦ
119 339 313 375 ᾠκοδόμηται,
331 341 377 367 καὶ
397 340 481 367 πύλαι
494 340 559 376 ᾅδου
577 341 606 367 οὐ
626 340 834 375 κατισχύσουσιν

37 385 123 419 αὐτῆς
138 393 145 400 ·
163 384 245 411 πύλαι
260 384 289 411 δὲ
304 385 368 420 ᾅδου
391 385 419 412 αἰ
434 385 571 420 αἱρέσεις,
591 385 639 412 καὶ
658 386 683 411 οι
698 385 835 421 αἰρεσιάρ-

37 440 99 464 χαι·
117 431 190 458 κατὰ
208 431 296 458 πάντα
317 431 373 467 γὰρ
395 432 496 467 τρόπον
510 431 538 458 ὲν
554 431 628 467 αὐτῷ
641 430 794 467 ὲστερεώθη
817 431 834 466 ἡ

38 477 132 509 πξστις
144 497 151 508 ,
167 478 196 504 ὲν
212 477 251 513 τῷ
269 477 377 505 λαϐόντι
402 478 452 513 τὴν
468 478 542 504 κλεῖν
558 478 613 504 τῶν
640 477 763 513 οὐρανῶν
776 497 783 509 ,
805 478 834 504 ὲν

38 524 76 559 τῷ
103 523 197 550 λύοντι
229 523 276 550 ἐπὶ
293 524 343 559 τῆς
369 524 421 559 γῆς
446 524 493 551 καὶ
512 524 598 551 δέοντι
626 524 655 550 ἐν
683 523 722 559 τῷ
750 523 834 558 οὐρα.-

40 568 88 603 νῷ.
110 569 156 595 Ἐν
169 569 256 604 τούτῳ
267 569 320 605 γάρ
340 570 399 596 ἐστι
415 569 504 597 πάντα
519 569 554 596 τὰ
566 569 721 606 ζητούμενα
739 570 836 596 λεπτο-

40 615 187 651 λογήματα
211 615 262 650 τῆς
278 615 397 647 πίστεως
412 615 606 652 εὑρισκόμενα.
627 613 712 648 υῦτός
733 617 807 642 ἐστιν
820 617 835 642 6

41 660 133 695 τρίτον
155 661 343 697 ἀρνησάμενος
353 681 360 692 ,
376 662 423 688 καὶ
445 661 537 697 τρίτον
551 661 752 697 ἀναθεματίσας
768 663 834 697 πρὶν

40 706 57 741 ἢ
82 707 128 733 τὸν
145 706 280 743 ἀλέκτορα
298 707 432 742 φωνῆσαι.
452 707 508 743 Τὴν
534 707 687 743 ὑπερϐολὴν
711 707 765 744 γὰρ
785 708 835 743 τῆς

41 749 124 776 αὐτοῦ
145 750 215 786 πρὸς
228 751 274 778 τὸν
288 750 384 778 ἑαυτοῦ
399 751 537 787 Δεσπότην
554 752 718 787 ἀγαπήσεως
735 753 835 788 σημαί-

43 803 107 828 νων,
123 796 358 832 διισχυριζόμενος
371 797 464 831 ἔλεγεν
473 805 480 812 ·
501 798 535 825 El
548 797 599 825 καὶ
613 797 725 831 πάντες
740 798 834 833 ἠρνή-

42 843 149 869 vortat
172 850 220 875 σε,
235 842 292 878 ἐγὼ
310 844 367 870 οὐκ
393 843 563 878 ἀρνήσομαι
576 852 583 858 ·
598 844 660 871 ὅσον
674 844 714 880 τῷ
730 845 772 872 ἐπ’
787 845 835 871 ἁν-

43 888 145 924 θρώπῳ
159 887 243 922 λέγω.
267 885 350 920 Οὗτός
365 889 439 915 ἐστιν
452 889 467 915 ό
484 889 604 921 κλαύσας
626 889 672 916 ἐπὶ
697 878 730 925 τῇ
757 891 832 925 φωνῇ
850 878 871 906 Β

44 935 88 962 τοῦ
107 936 304 972 ἀλεκτρυόνοςο
333 936 377 963 ἵνα
403 935 511 971 ἀληθῶς
536 936 692 973 ὁμολογήσῃ
711 937 760 972 τὴν
788 937 834 964 τοῦ

46 981 107 1008 Υἱοῦ
120 981 169 1008 τοῦ
186 981 255 1009 Θεοῦ
270 981 400 1018 σύλληψιν
410 982 440 1008 οὺ
458 982 569 1018 δοκήσει
587 981 681 1016 οὖσαν,
697 983 755 1009 ἀλλ’
770 983 841 1018 άλη-¹

42 1027 139 1062 θινήν·
166 1028 210 1054 ἴνα
235 1027 300 1065 εἴπῃ
325 1028 407 1055 αὐτὸν
430 1028 556 1064 ἀληθινὸν
575 1029 718 1065 ἄνθρωπον
745 1029 775 1055 ὲν
796 1029 835 1065 τῷ

43 1071 146 1099 κλαίειν
161 1073 208 1100 ἐπὶ
222 1074 255 1109 τῇ
272 1073 354 1100 αὑτοῦ
369 1073 498 1108 συλλήψει
514 1074 731 1110 παραδοθέντος·
746 1075 761 1101 6
773 1083 837 1109 συγ-

46 1119 173 1152 κοινωνὸς
190 1119 238 1145 τοῦ
257 1120 304 1146 ἐπὶ
316 1119 362 1146 τοῦ
383 1119 499 1154 στήθους
515 1119 717 1152 ἁνακλιθέντος.
741 1120 770 1147 '0
787 1120 836 1156 μὲν

44 1165 97 1200 γὰρ
113 1166 190 1202 παρὰ
214 1166 263 1193 τοῦ
277 1166 341 1193 Υίοῦ
361 1166 520 1201 μανθάνων,
547 1167 596 1194 καὶ
620 1167 674 1193 ἀπὸ
698 1167 746 1194 τοῦ
770 1167 836 1193 Υῐοῦ

43 1211 190 1246 λαμϐάνων
205 1213 256 1247 τῆς
274 1212 401 1247 γνώσεως
411 1213 466 1249 ,τὴν
482 1213 609 1248 δύναμιν,
627 1213 817 1240 ἀπεκάλυπτεν
827 1221 834 1228 ·

43 1258 58 1282 6
75 1257 104 1284 δὲ
120 1259 195 1293 παρὰ
209 1258 258 1285 τοῦ
271 1258 379 1294 Πατρδς
390 1258 522 1293 ὠφελεῖτο
534 1279 542 1291 ,
560 1259 609 1294 τὴν
623 1258 772 1293 ἀσφάλειαν
787 1258 837 1293 τῆς

46 1303 163 1336 πίστεως
177 1303 324 1340 θεμελιῶν·
341 1304 370 1336 ὃς
389 1305 418 1330 ὲν
439 1305 472 1340 τῇ
486 1303 530 1339 νηῒ
554 1304 601 1330 ἐπὶ
613 1305 663 1338 τῆς
680 1302 837 1339 Τιϐεριάδος

45 1351 148 1386 γυμνὸς
163 1350 244 1378 πάλιν
257 1350 326 1386 μετὰ
339 1350 369 1377 τὸ
388 1349 520 1386 κληθῆναι
533 1349 641 1385 ήλίευεν
651 1358 658 1365 ·
677 1350 692 1376 6
707 1350 735 1376 δὲ
751 1349 839 1385 μαθη-

45 1397 95 1432 τὴς
109 1396 138 1424 ὃν
161 1396 257 1431 ἠγάπα
280 1397 295 1424 6
315 1395 418 1431 Ἰησοῦς
430 1415 437 1429 ,
464 1395 511 1422 ἐπὶ
526 1394 565 1430 τῷ
590 1395 692 1430 ῥήματι
707 1395 721 1420 ὃ
737 1392 812 1421 εἶπεν
824 1395 839 1420 6

46 1443 160 1478 Σωτήρο
183 1442 312 1475 Παιδία,
333 1441 376 1477 μή
402 1450 430 1468 τι
446 1440 638 1476 προσφάγιον
657 1440 762 1476 exere;
785 1439 839 1466 Καί

46 1497 124 1524 φησι,
141 1488 254 1516 Βάλετε
265 1489 309 1521 είς
322 1488 359 1515 τὰ
378 1487 463 1520 δεξιὰ
480 1487 533 1514 τοῦ
552 1487 673 1519 πλοίου,
690 1485 738 1513 καὶ
753 1484 840 1520 εὑρή-

47 1542 130 1561 σετε·
149 1534 196 1560 ἐπὶ
211 1533 240 1560 δὲ
251 1533 290 1569 τῷ
306 1533 445 1568 γενομένῳ
463 1533 565 1568 ῥήματι
586 1532 787 1579 ὲκπλαγένῖες,
854 1550 875 1579 c

48 1578 144 1613 Πέτρῳ
158 1578 241 1613 φησὶν
255 1578 270 1604 6
291 1577 428 1613 Ἰωάννης,
449 1577 486 1604 ὃν
497 1577 599 1612 ἠγάπα
614 1578 630 1604 ὁ
652 1575 767 1610 Ἰησοῦς
779 1584 787 1592 ·
808 1576 840 1601 Ὃ

48 1623 155 1658 Κύριός
167 1623 264 1650 ἐστιν.
284 1623 445 1659 Ἀνθρωπος
460 1623 509 1659 μὲν
524 1622 596 1649 κατὰ
609 1622 698 1657 σάρκα
713 1621 767 1648 ἀπὸ
779 1621 842 1648 Μα-

49 1669 109 1706 ρίας
123 1669 266 1705 γεννηθεὶς
281 1670 310 1696 ὲν
326 1669 441 1705 ἀληθείᾳ
452 1690 459 1702 ,
475 1669 506 1696 οὺ
527 1668 580 1704 μὴν
595 1668 704 1704 δοκήσει
715 1688 722 1698 ,
736 1667 802 1698 Θεὸς
814 1666 842 1693 δὲ

49 1714 159 1750 πνεῦμα
175 1714 213 1741 ὣν
228 1714 283 1741 ἀπὸ
296 1714 351 1741 τῶν
374 1714 543 1751 ἐπουρανίων
569 1714 601 1740 ὲκ
619 1713 725 1748 Πατρὸς
740 1711 839 1739 ἐλθών·

51 1757 65 1784 ὁ
85 1760 194 1788 ἀκούων
325 1759 372 1787 τοῦ
399 1759 499 1786 αὖτοῦ·
519 1758 612 1794 Πέτρε
625 1779 632 1791 ,
649 1758 787 1793 ποίμαινε
806 1756 843 1784 τὰ

48 1806 137 1841 ἀρνία
155 1815 226 1841 μου,
241 1806 256 1832 6
271 1805 486 1842 πεπιστευμένος
500 1805 550 1840 τὴν
569 1803 688 1839 ποίμνην
701 1812 707 1818 ·
726 1803 740 1829 6
753 1802 844 1834 καλῶς

48 1851 154 1887 ὁδηγῶν
170 1852 200 1878 ὲν
215 1853 248 1887 τῇ
265 1851 377 1887 δυνάμει
398 1851 446 1878 τοῦ
462 1851 526 1878 ἰδίου
541 1849 678 1876 Δεσπότου
688 1857 695 1865 ·
719 1849 733 1875 6
748 1847 844 1884 ὁμολο-

49 1898 106 1932 γῶν
123 1898 188 1933 περὶ
207 1898 325 1934 σαρκός·
341 1899 355 1924 6
379 1897 514 1933 ἀληθινῶς
529 1897 564 1924 τὰ
578 1895 686 1932 Πατρὸς
702 1895 843 1929 ἀπαγγέλ-

50 1943 104 1970 λων
118 1943 183 1978 περὶ
196 1943 262 1970 Υἱοῦ
272 1952 278 1958 ·
293 1944 308 1970 6
320 1943 350 1970 τὸ
364 1943 477 1980 Πνεῦμα
490 1943 631 1979 σημαίνων
642 1963 649 1976 ,
671 1942 720 1970 καὶ
732 1942 782 1978 τὴν
793 1942 843 1969 αὺ-

50 1988 98 2015 τοῦ
114 1988 192 2021 ἀξίαν
222 1989 251 2016 ὲν
277 1988 400 2024 θεότητι·
419 1989 433 2016 6
456 1988 546 2022 δεξιὰν
561 1988 666 2020 διαδοὺς
687 1987 726 2023 τῷ
745 1987 844 2023 Παύλῳ

51 2035 98 2063 καὶ
113 2035 242 2072 Βαρνάϐᾳ
267 2036 408 2068 κοινωνίας
434 2036 482 2062 σὺν
510 2035 632 2070 Ἰακώσῳ
654 2034 701 2062 καὶ
722 2034 844 2071 Ἰωάννῃ,

53 2081 96 2108 ῐνα
110 2080 154 2108 διὰ
165 2080 250 2117 τριῶν
266 2080 413 2117 μαρτύρων
430 2080 515 2116 σταθῇ
531 2081 585 2108 πᾶν
600 2081 687 2117 ῥῆμα.

885 257 947 277 sum
970 250 1101 285 Spiritum
1117 255 1241 278 sanctum
1262 251 1408 286 patefecit:
1421 253 1462 281 sie
1481 255 1551 282 enim
1575 255 1610 288 ei,
1627 256 1674 290 qui

885 296 956 323 inter
978 296 1117 331 apostolos
1136 296 1241 332 primus
1260 302 1342 330 esset,
1370 303 1582 327 consentaneum
1599 305 1673 335 erat.

885 340 990 374 solidae,
1013 341 1135 376 inqu‘am,
1153 341 1192 368 illi
1207 346 1310 377 petrae;
1329 350 1411 379 supra
1427 352 1508 379 quam
1523 349 1566 373 est
1583 346 1675 374 Eccle‘

885 386 926 413 sia
944 386 990 414 Dei
1016 385 1127 414 fundata
1140 407 1147 419 ,
1170 391 1197 415 ct
1212 393 1297 423 porta:
1319 388 1398 416 inferi
1415 396 1470 416 non
1490 390 1674 424 praevalebunt

886 431 924 458 illi
938 432 956 458 ¹.
971 431 1090 465 Quarum
1114 437 1253 468 portarum
1275 434 1385 462 nomine
1403 435 1520 462 haereses
1541 438 1568 463 et
1590 435 1676 463 luere-

885 485 951 507 seon
987 479 1143 506 conditores
1181 479 1380 515 intelliguntur.
1410 479 1545 508 Omnibus
1576 481 1676 515 quippe

885 522 973 550 modis
985 523 1012 550 in
1022 531 1055 550 eo
1070 524 1186 550 stabilita
1202 523 1269 551 ﬁdes
1286 529 1338 557 est,
1352 523 1398 559 qui
1415 525 1477 551 coeli
1493 525 1583 552 claves
1597 531 1677 552 acce-

885 570 936 605 pit,
953 575 981 597 et
995 570 1022 597 in
1034 573 1104 597 terra
1117 570 1198 598 solvit
1210 574 1237 598 et
1252 571 1317 606 ligat
1332 571 1358 597 in
1372 571 1442 598 coelo
1456 571 1477 597 '.
1498 569 1526 597 ln
1546 577 1579 598 eo
1593 570 1677 605 siqui-

885 616 947 644 dem
963 616 1119 644 subtiliores
1131 617 1258 652 qutelibet
1273 617 1334 644 fidei
1349 618 1514 652 quaestiones
1540 617 1677 652 reperiun-

885 665 939 688 tur.
963 662 1013 689 Hie
1036 666 1078 689 est
1092 662 1137 696 qui
1155 663 1236 689 tertio
1255 663 1379 697 negavit,
1399 663 1534 698 tertioque
1559 670 1588 690 se
1613 669 1676 689 cum

885 708 1074 736 exsecratione
1092 708 1219 741 devovit,
1246 712 1391 743 antequam
1416 709 1505 744 gallus
1528 712 1639 736 caneret
1653 708 1674 734 ⁸.

885 752 954 780 Nam
971 756 1001 779 ut
1012 753 1198 781 vehementem
1214 760 1293 780 suum
1318 760 1382 789 erga
1404 752 1550 780 Dominum
1575 752 1677 788 signiﬁ-

885 803 960 826 caret
981 798 1117 831 allectum,
1140 806 1202 827 cum
1225 799 1428 826 asseveratione
1446 798 1679 828 dixerat:Etiam-

885 845 909 871 si
930 852 1018 872 omnes
1041 843 1176 880 abnegent,
1192 852 1239 879 ego
1269 852 1322 871 non
1344 843 1477 879 abnegabo
1500 852 1509 870 :
1524 847 1675 878 quantum,

886 891 1008 926 inquam,
1022 891 1054 918 ad
1065 891 1211 918 humanam
1225 891 1408 919 conditionem
1422 890 1550 926 pertinet.
1567 890 1616 918 Hic
1635 894 1677 918 est

885 937 933 973 qui
952 937 1044 964 audito
1066 937 1129 973 galli
1159 941 1241 964 cantu
1263 936 1357 968 ﬂevit,
1373 939 1403 963 ut
1418 943 1480 964 vere
1498 936 1679 971 comprehen-

887 991 946 1011 sum
963 983 1009 1011 Dei
1025 983 1134 1016 Filium,
1150 990 1203 1010 non
1217 983 1309 1018 specie
1324 987 1404 1011 tenus
1420 983 1585 1015 ostenderet,
1606 986 1634 1009 et
1649 987 1677 1009 ut

886 1027 1113 1062 comprehensum
1136 1027 1212 1054 illum
1234 1027 1418 1062 traditumque
1433 1027 1624 1062 prosequendo
1637 1028 1678 1054 la-

886 1073 997 1108 crymis,
1011 1080 1104 1100 verum
1121 1072 1258 1100 hominem
1271 1080 1333 1100 esse
1353 1075 1528 1100 monstraret.
1542 1072 1615 1100 ldem
1632 1072 1677 1100 ille

887 1118 988 1146 sodalis
1003 1118 1063 1153 ejus
1077 1118 1137 1151 fuit,
1152 1119 1198 1154 qui
1213 1119 1241 1146 in
1257 1118 1365 1146 Domini
1385 1123 1497 1154 pectore
1514 1118 1639 1146 recubuit
1653 1119 1675 1146 ’⁵.

887 1162 936 1190 llic
949 1163 1021 1190 enim
1035 1171 1116 1199 quam
1129 1171 1144 1190 a
1157 1163 1227 1191 Filio
1238 1164 1369 1192 hauserat
1384 1171 1416 1191 ac
1426 1164 1574 1197 didicerat,
1587 1164 1677 1192 scien-

888 1209 933 1236 tiae
947 1209 1000 1236 vim
1014 1213 1106 1244 postea
1129 1209 1267 1244 patefecit.
1291 1210 1326 1236 At
1340 1210 1386 1237 ille
1401 1209 1474 1237 istud
1490 1210 1579 1245 ipsum
1597 1217 1611 1236 a
1626 1209 1678 1237 Pa-

889 1259 937 1282 tre'
949 1259 1113 1283 consecutus
1130 1259 1182 1288 est,
1199 1260 1229 1282 ut
1251 1255 1313 1283 ﬁdei
1329 1256 1483 1284 ﬁrmitatem
1500 1255 1626 1284 fundaret
1647 1263 1679 1284 ac

890 1300 1007 1328 fulciret.
1039 1301 1091 1334 Qui
1111 1305 1290 1337 posteaquam
1309 1309 1325 1328 a
1348 1302 1463 1329 Domino
1486 1305 1599 1329 vocatus
1617 1305 1679 1335 est,

888 1346 979 1374 nudus
1003 1346 1100 1374 iterum
1115 1347 1143 1374 in
1158 1347 1220 1374 navi
1241 1347 1269 1374 in
1293 1346 1448 1375 Tiberiadis
1470 1347 1532 1374 lacu
1556 1347 1679 1382 piscatus

889 1395 932 1419 est
944 1392 966 1418 ⁸.
982 1390 1051 1419 Tum
1066 1399 1131 1419 vero
1155 1392 1307 1428 discipulus
1323 1393 1367 1420 ille
1383 1400 1464 1427 quem
1488 1392 1618 1428 diligebat
1639 1392 1680 1420 Je-

890 1443 951 1468 sus,
976 1444 1038 1464 cum
1070 1437 1108 1464 ita
1133 1437 1288 1472 loquentem
1316 1436 1484 1465 Salvatorem
1523 1437 1678 1465 audiissct:

894 1481 981 1514 Pueri,
992 1482 1109 1517 nunquid
1131 1483 1261 1516 pulmenti
1279 1482 1401 1511 habetis?
1419 1483 1458 1510 Ac
1475 1482 1594 1510 deinde:
1615 1483 1679 1509 Mit-

892 1527 938 1553 tile
954 1526 988 1553 ad
1001 1526 1122 1554 dextrum
1137 1528 1235 1562 navigii
1252 1528 1332 1561 latus,
1345 1532 1370 1554 et
1385 1527 1518 1554 invenietis
1534 1527 1562 1555 ‘:
1581 1526 1680 1562 quibus

891 1581 925 1601 ex
947 1574 1038 1602 verbis
1064 1577 1175 1609 stupore
1203 1574 1322 1610 perculsi
1346 1578 1434 1602 sunt:
1453 1573 1572 1602 Joannes
1597 1581 1679 1606 vero,

890 1626 967 1654 quem
986 1619 1114 1655 diligebat
1138 1619 1230 1652 Iesus,
1254 1619 1336 1648 Petro
1357 1620 1447 1647 dixit:
1464 1619 1593 1647 Dominus
1609 1620 1680 1648 est'.

894 1664 944 1699 15
965 1664 1051 1692 Homo
1067 1665 1112 1693 ille
1130 1665 1239 1700 quidem
1263 1665 1414 1693 secundum
1428 1672 1538 1693 carnem
1557 1673 1650 1693 revera
1666 1673 1682 1693 e

893 1710 977 1738 Maria
992 1711 1117 1747 genitus;
1133 1719 1187 1738 non
1202 1712 1294 1744 specie
1326 1719 1357 1738 ac
1374 1711 1547 1739 simulatione
1563 1715 1682 1743 tantum,

893 1758 939 1785 sed
958 1757 1029 1785 idem
1044 1762 1133 1785 tamen
1150 1757 1221 1786 Deus
1243 1765 1275 1785 ac
1291 1757 1414 1792 spiritus,
1430 1765 1445 1784 e
1461 1757 1531 1785 coelo
1555 1762 1582 1785 et
1598 1765 1614 1784 a
1631 1757 1684 1784 Pa-

893 1807 934 1831 tre
956 1803 1094 1838 delapsus.
1120 1803 1142 1830 A
1168 1811 1222 1839 quo
1245 1802 1343 1831 Petrus
1364 1802 1450 1830 audiit
1465 1812 1471 1830 :
1486 1802 1581 1835 Petre,
1605 1811 1684 1837 parce

893 1857 973 1884 agnos
991 1857 1061 1876 meo:
1075 1849 1096 1882 ⁸,
1131 1849 1175 1877 eui
1197 1849 1287 1884 gregis
1310 1853 1352 1876 est
1367 1848 1513 1876 commissa
1536 1849 1682 1883 custodia;

893 1903 973 1931 quem
995 1895 1101 1922 Domini
1119 1894 1161 1922 sui
1177 1894 1279 1922 virtute
1298 1894 1386 1922 fretus
1406 1894 1535 1929 praeclare
1549 1895 1685 1930 gubernat

894 1949 927 1968 ac
940 1941 1024 1976 regit;
1040 1940 1086 1975 qui
1101 1947 1210 1968 carnem
1231 1939 1338 1967 Domini
1359 1939 1516 1972 conﬁtetur,
1529 1940 1575 1975 qui
1595 1948 1655 1976 quae
1667 1947 1684 1968 ιι

894 1986 975 2014 Patre
998 1986 1192 2021 aeceperat,de
1207 1985 1278 2013 Filio
1299 1986 1443 2014 verissime
1458 1986 1617 2021 proﬁtetur;
1638 1987 1685 2021 qui

897 2031 1028 2067 Spiritum
1044 2031 1158 2066 ejusque
1169 2030 1197 2058 in
1208 2030 1349 2059 divinitate
1364 2030 1537 2066 splendorem
1549 2039 1581 2059 ac
1595 2031 1686 2067 digni-

896 2081 979 2104 tatem
1002 2076 1104 2104 indicat
1123 2085 1130 2103 :
1148 2076 1193 2110 qui
1211 2075 1296 2103 Paulo
1320 2083 1351 2104 ac
1374 2075 1504 2104 Barnabas
1525 2076 1553 2103 in
1577 2076 1686 2112 signum

897 2123 1035 2151 societatis
1048 2123 1185 2150 dexteram
1202 2122 1275 2150 dedit
1303 2129 1364 2150 cum
1379 2122 1482 2150 Iacobo
1497 2127 1524 2150 et
1538 2122 1643 2151 Joanne
1653 2122 1664 2138 '
1677 2131 1685 2149 ς

897 2173 927 2196 ut
940 2169 967 2196 in
985 2168 1072 2196 tribus
1087 2169 1203 2196 testibus
1217 2168 1328 2196 verbum
1344 2176 1425 2197 omne
1439 2169 1573 2197 consistat
1585 2169 1616 2196 ιο.

87 2212 116 2240 ι’.
128 2213 212 2240 Οὐδὲν
226 2213 281 2250 γὰρ
304 2212 369 2240 ἄνευ
384 2212 438 2240 τῶν
461 2213 508 2240 δύο
529 2213 577 2241 καὶ
597 2213 680 2249 τριῶν
697 2213 839 2249 μαρτύρων

931 2213 965 2241 Χ.
984 2213 1057 2241 Nihil
1084 2214 1157 2241 enim
1181 2215 1241 2242 sine
1268 2214 1375 2242 duobus
1400 2214 1541 2249 tribusque
1572 2213 1688 2242 testibus

51 2259 162 2286 δύναται
174 2257 254 2286 εἶναι.
277 2259 325 2291 Εἰς
339 2259 409 2286 αὐτὰ
422 2259 477 2295 γὰρ
490 2259 649 2286 ἐόεὸαιοῠτο
663 2259 697 2285 δι’
715 2259 851 2295 αἱνίγματ

51 2313 97 2336 τος
109 2305 164 2331 τῶν
180 2305 209 2331 ἐν
227 2304 265 2340 τῷ
281 2304 370 2340 νόμῳ,
391 2304 470 2339 μόνον
493 2304 605 2340 Πατέρα
619 2305 785 2339 ἐπιγνόντων
796 2325 803 2336 ,
820 2305 845 2331 εἰ

54 2352 91 2386 μή
110 2359 137 2377 τι
155 2350 258 2377 λάϐωσι
279 2349 393 2385 δύναμιν
414 2349 496 2381 Υἱοῦ,
511 2350 559 2376 καὶ⁴
571 2350 615 2377 διὰ
629 2350 682 2377 τῶν
699 2350 845 2386 μαρτύρων

53 2395 159 2431 Πατρδς
177 2396 223 2422 καὶ
240 2394 304 2422 Υῐοῧ
327 2394 534 2429 ὲνδυναμωοῶσι
550 2415 558 2427 ,
575 2395 619 2422 διὰ
632 2395 660 2422 δὲ
679 2396 728 2431 τῆς
751 2395 846 2431 τρίτης

56 2442 208 2478 μαρωρίας
227 2441 329 2469 λάϐωσι
353 2439 467 2475 Πνεῦμα
490 2440 587 2476 ἅγιον,
613 2442 660 2468 καὶ
683 2442 848 2478 πληρωθῶσι

55 2489 180 2523 φανερῶς
203 2488 257 2515 τῶν
284 2489 380 2522 φωνῶν
405 2489 460 2516 τῶν
484 2488 618 2525 χερουϐὶμ
643 2488 689 2514 καὶ
715 2488 847 2523 σεραφὶμ,

54 2535 209 2571 κραζόντων
224 2535 255 2562 τὸ
276 2535 366 2572 τρίτον
385 2527 526 2571 τδίἈγιος
538 2555 545 2568 ,
561 2535 646 2569 ἅγιος
657 2554 664 2566 ,
683 2534 775 2569 ἅγιος.
809 2535 846 2562 Οὐ

55 2582 108 2618 γὰρ
125 2582 169 2609 διὰ
184 2582 242 2617 (12)
267 2582 314 2609 δύο
335 2582 433 2618 φωνῶν
448 2583 465 2618 ὴ
483 2581 621 2616 δοξολογία
636 2581 666 2608 ἐν
680 2581 786 2617 οὐρανῷ
804 2590 847 2608 τε-

92 2673 99 2688 ¹
112 2672 209 2700 Matth.
224 2680 278 2704 xu,
293 2673 334 2703 18.
387 2672 476 2700 'ibid.
493 2673 536 2702 19.

591 2672 601 2688 ³
613 2671 708 2699 Matth.
727 2679 799 2703 xxvi.
816 2672 851 2699 54
864 2679 924 2706 sqq.

899 2260 1004 2288 ﬁrmum
1017 2267 1079 2288 esse
1089 2263 1187 2295 potest.
1199 2260 1239 2287 Ad
1251 2260 1309 2288 haec
1318 2261 1390 2288 enim
1403 2268 1452 2296 per
1464 2260 1577 2295 ﬁguram
1592 2267 1690 2296 quam-

898 2307 960 2334 dam
985 2306 1275 2341 adumbrationemque
1299 2305 1523 2333 conﬁrmabatur.
1549 2304 1617 2332 Nam
1641 2306 1689 2340 qui

899 2353 951 2380 sub
966 2353 1024 2387 lege
1047 2353 1152 2386 vivunt,
1165 2351 1273 2379 Patrem
1293 2352 1426 2378 duntaxat
1450 2348 1612 2386 agnoscunt,
1634 2352 1690 2379 nisi

902 2397 962 2425 Filii
975 2399 1030 2425 vim
1046 2405 1078 2425 ae
1093 2398 1221 2425 virtutem
1235 2397 1390 2432 accipiant;
1406 2400 1487 2432 atque
1501 2404 1516 2424 a
1530 2397 1637 2425 duobus
1655 2399 1691 2425 il-

901 2445 934 2472 lis
947 2444 1064 2472 testibus
1083 2443 1163 2471 Patre
1180 2443 1393 2470 corroborantur
1409 2447 1437 2471 et
1453 2443 1536 2477 Filio;
1555 2448 1610 2471 tum
1627 2451 1691 2472 vero

900 2490 981 2517 tertio
1002 2489 1157 2517 testimonio
1182 2488 1313 2523 Spiritum
1338 2492 1463 2516 sanctum
1484 2489 1637 2522 obtineant,
1658 2497 1691 2517 ac

900 2534 1111 2562 cherubinorum
1126 2537 1153 2561 et
1171 2533 1379 2569 seraphinorum
1403 2534 1548 2562 manifeste
1568 2535 1622 2562 illis
1643 2542 1692 2562 vo-

899 2580 977 2608 cibus
996 2580 1169 2615 oppleantur,
1190 2579 1237 2614 qui
1259 2579 1339 2607 tertio
1358 2580 1512 2609 clamabant
1532 2590 1538 2608 :
1559 2579 1672 2608 Sanctus
1686 2602 1693 2614 ,

963 2670 1061 2698 ‘Joan.
1088 2678 1149 2702 nu,
1169 2671 1215 2699 23.
1260 2671 1358 2699 'Joan.
1380 2680 1437 2706 ut,
1462 2672 1486 2699 7.
1525 2671 1612 2699 ‘ibid.
1625 2671 1652 2706 5,
1667 2671 1693 2699 6.

57 2708 68 2723 '
86 2708 152 2736 ibid.
167 2708 192 2734 7.
233 2707 321 2736 ‘ibid.
341 2708 384 2735 l5.
416 2707 498 2736 'Gal.
513 2716 542 2740 ll,
559 2708 585 2736 9.
625 2707 647 2723 ¹⁰
668 2707 747 2736 Deut.
763 2715 822 2740 ‘xrx,
835 2707 889 2740 l5;
908 2706 1002 2734 Matth.
1022 2714 1098 2740 xvm,
1129 2707 1173 2733 16.

95 2785 150 2821 (ll)
171 2784 253 2821 Ἔδει
266 2784 319 2812 τὸν
343 2785 461 2819 πρῶτον
487 2784 545 2821 τῶν
557 2783 847 2821 (inceditur-[Vides

60 2823 87 2846 ut
102 2819 160 2847 haec
180 2819 275 2847 Matth.
295 2828 338 2847 xvr
350 2840 358 2852 .
378 2825 403 2847 et
420 2828 497 2854 super
512 2820 578 2847 Imm:
592 2825 694 2854 petram
709 2819 849 2854 wdiﬁcabo

62 2854 208 2882 Ecclesium
223 2862 318 2889 meum,
331 2855 365 2882 ad
382 2855 493 2883 Petrum
510 2856 599 2891 ipsum
612 2855 731 2888 referat,
750 2861 847 2890 supra-

901 2792 955 2820 que
971 2785 1046 2820 illum
1067 2784 1207 2812 fundatam
1221 2784 1369 2813 Ecclesiam
1385 2788 1533 2813 asseverat.

938 2820 992 2855 (l2)
1011 2819 1140 2848 Voculam
1158 2821 1213 2853 διά,
1229 2828 1289 2855 qua:
1308 2821 1424 2848 fortasse
1443 2819 1592 2850 exciderat,
1619 2824 1653 2845 co
1663 2817 1691 2844 in

902 2855 962 2883 loco
977 2863 1009 2882 ex
1021 2855 1104 2884 editis
1121 2856 1199 2884 libris
1216 2855 1414 2890 supplevimus.
