1940 3043
258 152 294 182 35
970 146 999 175 S.
1018 146 1049 174 El

1103 145 1192 174 HANII
1862 148 1896 175 56

258 214 378 243 sanctus,
400 213 510 238 sanctus
536 209 558 235 ι.
575 206 642 234 Nam
661 214 751 242 neque
767 206 876 235 duabus
893 206 981 234 solum
1008 214 1049 234 vo-

1107 207 1192 233 λεῐται
1204 226 1212 238 ,
1225 204 1287 232 οὐδὲ
1302 205 1431 241 τέταρτον
1448 205 1616 240 ἐπιφωνοῦσι
1634 203 1668 232 τὰ
1681 204 1751 231 αὐτά
1771 204 1837 240 ἆγια
1850 207 1896 232 καὶ

258 256 337 283 cibus
358 255 457 282 divina:
478 254 506 281 in
528 252 599 280 cmlo
632 252 726 287 gloria:
747 251 905 287 praedicatio
927 255 1051 286 constat;

258 309 346 336 neque
365 306 464 336 quarto
479 303 574 327 sancta
593 298 640 326 illa
654 306 706 326 nec
725 298 913 334 aspectabilia,
933 297 980 326 sed
998 299 1052 333 spi-

258 348 348 375 ritalia
370 346 556 374 vocil'erantur
581 345 726 379 animalia;
754 352 842 380 neque
864 349 912 371 aut
932 349 1051 380 quarto,

258 399 306 421 aut
324 393 407 421 semel
424 393 556 420 duntaxat
570 392 741 425 exclamant;
757 391 805 419 sed
826 395 893 422 tres,
910 398 942 417 ac
957 390 1052 426 singu-

258 439 328 466 lares
351 445 431 465 voces
452 437 535 465 edunt
549 446 556 464 :
568 437 692 469 Sanctus,
708 440 827 467 sanctus,
855 440 975 462 sanctus.
991 434 1051 462 Non

256 485 368 516 dicunt,
393 483 495 516 Sancti,
520 483 623 514 sancti,
640 486 670 509 ut
686 482 711 509 ei
733 483 806 517 quod
830 481 971 516 singulare
990 485 1050 515 est,

257 531 436 566 multiplicem
460 529 672 565 appellationem
697 527 835 560 tribuant,
856 534 944 561 neque
967 527 1051 554 trium

256 581 401 602 numerum
414 573 609 605 dissimulent;
626 571 674 600 sed
692 572 728 598 ita
745 577 786 599 ter
801 571 930 599 Sanctum
945 571 1048 607 praedi-

255 624 330 652 cant,
343 623 370 646 et
383 626 439 646 uno
453 617 641 653 singularique
655 617 735 644 modo
752 624 906 644 sermnem
922 624 1046 651 pronun<

256 665 337 698 tiant,
359 673 393 692 ne
406 663 572 698 multiplices
591 662 657 691 deos
671 663 814 690 nominare
833 662 987 690 videantur.
1005 662 1051 689 Et-

255 711 329 739 enim
348 717 421 737 unus
436 713 477 737 est
495 709 567 736 Deus
581 707 662 736 Pater
684 708 711 735 in
726 706 807 740 Filio,
823 707 910 735 Filius
925 707 954 735 in
969 706 1051 735 Patre

256 763 320 784 cum
339 755 444 791 Spiritu
460 759 567 783 sancto.
586 752 734 788 Propterea
750 756 863 781 sanctus
877 761 950 781 unus
964 757 1006 782 est
1020 754 1049 781 in

256 801 360 829 sanctis
378 801 580 836 eonquiescens
591 798 671 827 Pater
684 807 766 827 verus
779 804 806 827 et
819 800 984 833 subsistens,
999 799 1046 826 Fi-

256 848 311 875 lius
324 855 408 875 verus
429 851 456 874 et
474 846 639 878 subsistens,
661 844 779 880 Spiritus
795 850 907 873 sanctus
924 853 1006 873 verus
1022 848 1050 872 et

1107 252 1211 287 ἀόρατα
1226 251 1399 286 πνευματικὰ
1415 250 1472 282 ζῶα
1491 251 1546 284 (l3)
1559 271 1566 281 ,
1581 250 1642 276 οὐδὲ
1659 250 1792 285 τετάρτην
1807 250 1897 284 φωνὴν

1104 297 1268 324 ἀποδίδωσιν
1283 296 1317 323 τὰ
1331 295 1412 328 αὐτὰ,
1437 295 1499 322 οὐδὲ
1523 295 1588 330 μίαν
1609 295 1708 331 μόνην·
1728 294 1797 321 ἀλλὰ
1822 296 1895 329 τρεῖς

1105 342 1197 377 φωνὰς
1212 341 1305 373 ἑνικὰς
1316 361 1323 373 ,
1339 341 1493 375 τὺ,’¹Αγιος,
1511 340 1604 375 ἅγιος,
1620 340 1702 374 ἅγιος
1713 349 1720 355 ·
1734 339 1783 366 καὶ¹
1800 340 1833 366 οὐ
1852 339 1895 365 λέ-

1105 396 1199 423 γουσιν
1211 409 1218 421 ,
1250 388 1358 423 Ἅγιοι,
1386 387 1463 422 ἅγιοι
1475 406 1483 419 ,
1506 387 1549 413 ἵνα
1565 386 1595 413 τὺ
1611 387 1701 414 ἑνικὸν
1720 385 1897 420 πολυώνυμον

1104 434 1278 470 ἀποφήνωσι,
1296 434 1362 469 μηδὲ
1375 433 1430 459 τῶν
1443 433 1528 472 τριῶν
1543 433 1589 460 τὸν
1602 432 1718 469 ἀριθμὸν
1732 432 1895 467 ἀποκρύψω-

1106 489 1148 507 σιν
1160 489 1167 496 ·
1183 480 1252 507 ἀλλά
1267 481 1328 516 τρὶς
1351 479 1401 515 μὲν
1415 479 1518 506 διδόασι
1532 478 1582 515 τὴν
1594 478 1754 513 ἅγιαστείαν
1764 498 1771 510 ,
1792 486 1896 514 μονοει-

1103 527 1157 559 δῶς
1169 527 1198 553 δὲ
1212 527 1259 553 καὶ
1281 526 1378 558 ἑνικῶς
1394 525 1615 560 ἀποφθέγγονται
1629 524 1675 551 τὸν
1689 524 1768 558 λόγον
1778 544 1785 556 ,
1801 524 1847 550 ἵνα
1861 524 1896 559 μὴ

1104 572 1250 599 πολυθεῖαν
1260 571 1444 607 όνομάσωσιν.
1470 568 1518 602 Εἷς
1540 571 1594 606 γάρ
1607 571 1666 597 ἐστι
1681 570 1747 601 Θεὸς
1760 569 1856 605 Πατὴρ
1870 570 1897 595 ἐν

1104 617 1182 653 rut,
1199 618 1262 649 Υἱὸς
1281 617 1311 644 ὲν
1327 617 1417 652 lla-:91
1442 617 1490 643 σὺν
1516 617 1586 651 ἁγίῳ
1605 615 1743 651 Πνεύματι
1756 623 1764 631 ·
1782 616 1830 642 καὶ⁵
1856 615 1896 642 διὰ

1103 665 1183 691 τοῦτο
1200 663 1277 698 ἅγιος
1296 664 1325 689 ὲν
1349 663 1439 697 ἁγίοις
1453 662 1678 696 ἀναπαυόμενος,
1692 661 1787 697 Πατὴρ
1801 661 1897 697 ἀληθι-

1103 711 1149 742 νὸς
1175 709 1374 740 ὲνυπόστατος,
1393 708 1441 735 καὶ
1465 707 1527 739 Υἱὸς
1547 706 1675 742 ἀληθινὸς
1705 706 1896 739 ὲνυπόστατος,

1103 755 1151 782 καὶ
1167 754 1281 789 Πνεῦμα
1295 754 1373 788 ἆγιον
1389 753 1519 789 ἀληθινὸν
1539 753 1733 784 ὲνυπόστατον,
1746 752 1808 788 τρία
1821 753 1896 784 ὄντα,

1104 800 1154 836 μία
1169 799 1273 834 θεότης,
1290 799 1339 834 μία
1349 798 1438 832 οὐσία,
1455 797 1660 833 μίαδοξολογία,
1671 795 1711 828 εἷς
1721 796 1798 827 Θεός.
1820 796 1899 822 Ὼνό-

1105 853 1198 880 μασας
1211 844 1277 871 Θεὸν
1288 853 1295 877 ;
1312 843 1548 879 συμπεριείληφας
1559 845 1592 879 τῇ
1606 843 1710 877 διανοίᾳ
1722 842 1771 878 τὴν
1784 842 1897 877 Τριάδα.

256 894 431 925 subsistens:
449 897 506 921 tres
527 899 660 924 numero,
682 891 731 919 sed
754 899 808 919 una
834 891 974 924 divinitas,
997 898 1049 918 una

1104 891 1204 926 Ἐσχες
1219 890 1332 926 Πνεῦμα
1347 890 1424 924 ἅγιον
1434 898 1441 922 ;
1452 889 1619 925 κατηξίωσαι
1636 890 1685 924 τῆς
1699 889 1841 924 δυνάμεως
1851 889 1898 923 τῆς

256 940 423 972 substantia,
439 946 495 966 una
507 938 605 974 gloria,
619 945 690 966 unus
702 938 784 966 Deus.
803 938 888 966 Deum
904 937 1049 966 nominas?

256 992 310 1012 una
326 989 353 1012 et
372 984 534 1012 Trinitatem
551 984 643 1011 animo
667 983 888 1018 comprehendis.
917 982 1049 1018 Spiritum

256 1034 385 1059 sanctum
405 1035 570 1058 consecutus
583 1029 633 1063 es?
650 1036 704 1056 una
723 1033 750 1056 et
765 1028 855 1057 Patris
873 1034 901 1056 et
923 1028 971 1056 Dci
989 1028 1050 1056 Filii

258 1077 388 1103 virtutem
399 1068 552 1104 obtinuisti.
571 1075 679 1104 Patrem
694 1075 867 1111 praedicasti?
881 1083 943 1102 cum
957 1082 990 1102 eo
1002 1082 1050 1110 pa-

260 1118 328 1146 riter
342 1122 371 1146 et
387 1117 486 1146 Filium
505 1123 532 1147 et
547 1118 680 1154 Spiritum
695 1123 820 1147 sanctum
835 1119 896 1147 sine
912 1119 967 1146 ulla
981 1126 1050 1147 con-

258 1164 364 1194 fusione
385 1165 556 1202 signillcasti.
577 1166 631 1201 ιθ
650 1165 730 1193 Pater
751 1165 852 1200 quippe
875 1164 957 1192 Pater
985 1169 1049 1198 est;

255 1208 342 1238 Filius
363 1215 407 1239 est
435 1210 542 1243 Filius;
561 1209 681 1245 Spiritus
703 1213 816 1237 sanctus
839 1208 960 1244 Spiritus
986 1216 1050 1237 san-

253 1258 317 1282 ctus
332 1260 394 1288 est;
418 1263 508 1292 neque
524 1255 646 1284 Trinitas
663 1255 722 1290 ipsa
741 1255 776 1281 ab
792 1255 897 1281 unitate
911 1259 938 1282 et
955 1254 1051 1282 identi-

254 1303 309 1327 tate
327 1300 474 1328 divellitur.
494 1301 584 1333 Pater,
606 1303 742 1334 quatenus
758 1298 838 1325 Pater
853 1304 912 1333 est,
930 1299 1051 1326 honora-

254 1350 314 1379 tur;
331 1345 481 1373 honoratur
493 1350 520 1372 et
536 1345 633 1378 Filius,
658 1349 794 1380 quatenus
807 1343 914 1378 Filius;
931 1345 1051 1372 honora-

253 1394 300 1417 tur
318 1391 436 1426 denique
458 1390 578 1426 Spiritus
601 1394 883 1426 sanctus,-quatenus
902 1398 984 1418 verus
1007 1394 1050 1418 est

254 1436 357 1472 Deique
381 1437 511 1472 Spiritus.
533 1437 623 1472 Atque
643 1437 696 1465 hoc
712 1440 775 1471 est,
793 1437 868 1474 quod
887 1437 1050 1472 Unigenitus

252 1483 351 1510 asserit
367 1492 374 1510 :
393 1482 446 1516 Qui
460 1482 574 1511 honorat
593 1482 711 1516 Patrem,
732 1483 846 1510 honorat
860 1488 885 1511 et
902 1482 1004 1510 Filium
1024 1483 1048 1510 ².

253 1526 323 1558 Nam
335 1531 386 1557 hoc
399 1531 459 1565 ipso
471 1529 545 1565 quod
560 1528 668 1557 Patrem
682 1528 820 1562 nominas,
833 1527 934 1556 Filium
947 1527 1050 1563 signiﬁ-

1101 937 1234 973 πατρῴας
1241 938 1286 964 καὶ
1299 937 1346 963 τοῦ
1356 936 1421 963 Υἱοῦ
1439 936 1486 963 τοῦ
1500 936 1578 963 Θεοῦ.
1600 935 1744 968 Ἐδόξασας
1752 935 1797 961 τὸν
1811 936 1898 962 Πατέ-

1102 992 1137 1020 ρα
1151 991 1159 1016 ;
1175 983 1319 1019 ὲσήμανας
1334 983 1383 1010 τὸν
1404 982 1468 1008 Υἱὸν
1494 982 1541 1009 καὶ
1563 981 1594 1009 τὸ
1608 982 1683 1016 ἅγιον
1695 981 1817 1016 Πνεῦμα,
1832 980 1899 1007 ἀλλὰ

1102 1029 1141 1065 μὴ
1158 1029 1230 1056 κατά
1242 1029 1417 1064 συναλοιφὴν.
1440 1028 1519 1056 Ἐστι
1535 1028 1590 1064 γὰρ
1620 1029 1634 1054 ὁ
1659 1027 1755 1063 Πατὴρ
1782 1027 1897 1062 Πατήρ·

1101 1075 1174 1102 ἔστιν
1196 1076 1211 1102 ὁ
1239 1075 1303 1107 Υἱὸς
1329 1075 1408 1107 Υἱός·
1435 1074 1492 1101 ἐστι
1519 1074 1549 1101 τὺ
1573 1074 1651 1108 ἅγιον
1671 1073 1783 1108 Πνεῦμα
1816 1073 1894 1107 ἅγιον

1101 1120 1214 1156 Πνεῦμα
1227 1130 1234 1136 ·
1252 1121 1309 1147 ἀλλ’
1329 1120 1380 1147 οὒκ
1394 1120 1600 1156 ἠλλοτριωμένη
1613 1121 1630 1155 ὴ
1643 1120 1727 1156 Τριὰς
1745 1120 1794 1154 τῆς
1810 1120 1899 1154 ἐνότη‹

1100 1176 1147 1199 τος
1161 1167 1272 1201 καὶτῆς
1287 1166 1461 1200 ταυτότητος.
1485 1166 1604 1201 Τιμᾶται
1621 1165 1649 1192 δὲ
1665 1167 1680 1193 ό
1693 1165 1788 1201 Πατὴρ
1802 1187 1809 1198 ,
1827 1166 1898 1192 xum:

1101 1212 1196 1247 Πατήρ
1212 1212 1286 1238 ἐστι·
1302 1212 1416 1246 τιμᾶται
1429 1212 1444 1238 ό
1458 1211 1538 1244 Υἱὸς,
1565 1211 1633 1238 καθὸ
1646 1212 1710 1243 Υἱός
1727 1212 1785 1238 ἐστι
1796 1219 1804 1227 ⁸
1817 1212 1899 1247 τιμᾶ-

1100 1265 1146 1283 ται
1164 1256 1195 1282 τὸ
1210 1255 1322 1291 Πνεῦμα
1337 1256 1367 1282 τὸ
1381 1255 1459 1290 ἅγιον
1469 1275 1477 1288 ,
1492 1255 1560 1283 καθὸ
1582 1256 1696 1292 Πνεῦμα
1716 1256 1815 1291 ἀληθὲς
1825 1278 1833 1287 ,
1851 1257 1898 1283 καὶ

1101 1301 1215 1337 Πνεῦμα
1231 1301 1311 1329 Θεοῦ.
1329 1301 1408 1328 Οὕτω
1435 1301 1509 1336 λέγει
1531 1301 1546 1328 ὁ
1561 1302 1716 1338 Μονογενής
1728 1310 1736 1318 ·
1759 1303 1785 1328 Ὁ
1807 1302 1900 1337 τιμῶν

1103 1348 1159 1376 τὸν
1184 1347 1302 1382 Πατέρα
1331 1347 1401 1383 τιμᾷ
1419 1348 1472 1375 τὸν
1491 1348 1568 1376 Υὶόν.
1586 1348 1666 1384 Αὑτῷ
1679 1348 1734 1384 γὰρ
1748 1349 1840 1383 λέγειν
1854 1349 1899 1376 τὸν

1100 1393 1230 1430 Πατέρα,
1253 1393 1318 1421 Υἰὺν
1345 1394 1507 1429 σημαίνεις,
1535 1394 1583 1421 καὶ
1610 1394 1674 1422 Υἱδν
1694 1395 1793 1429 τιμᾷς·
1812 1395 1862 1421 καὶ
1886 1396 1900 1421 ό

1100 1440 1166 1466 Υἱὸν
1181 1439 1270 1474 τιμῶν
1293 1440 1361 1475 τιμᾷ
1384 1439 1430 1467 τὸν
1451 1439 1573 1476 Πατέρα.
1593 1439 1673 1475 Αὑτῷ
1689 1439 1744 1475 γὰρ
1757 1440 1899 1474 ὀνομάζειν

1101 1493 1131 1511 σε
1147 1485 1193 1512 τὸν
1211 1484 1290 1517 Υἱὺν,
1319 1485 1404 1520 τιμᾷς
1429 1485 1474 1512 τδν
1499 1484 1627 1520 Πατέρα,
1644 1484 1695 1511 οὐκ
1710 1484 1841 1511 ἐλάττονα
1854 1485 1900 1511 τὸν

1100 1529 1219 1565 Χριστὸν
1234 1529 1347 1564 φάσκων
1362 1530 1410 1556 τοῦ
1428 1530 1551 1566 Πατρός.
1603 1535 1606 1537 ’

253 1586 317 1611 cas,
334 1582 363 1605 et
378 1577 476 1605 Filium
498 1577 640 1604 honoras:
661 1580 689 1603 at
711 1576 760 1612 qui
783 1575 883 1604 Filium
907 1575 1043 1608 honorat,
1059 1576 1178 1604 honorat
1191 1581 1218 1605 et
1232 1578 1340 1605 Patrem
1354 1586 1361 1604 :
1374 1585 1437 1605 cum
1465 1577 1539 1605 enim
1556 1576 1654 1605 Filium
1681 1577 1817 1610 nominas,
1849 1577 1901 1605 hcc

254 1623 314 1659 ipso
338 1623 445 1651 Patrem
468 1623 598 1656 honoras,
614 1622 681 1650 dum
696 1622 838 1650 Christum
861 1622 944 1650 Patre
964 1621 1050 1649 nihilo
1066 1623 1225 1652 inferiorem
1242 1624 1372 1652 allirmas.

291 1669 337 1697 XI.
357 1669 465 1698 Etenim
478 1669 501 1698 si
517 1669 591 1705 apud
603 1676 654 1697 nos
668 1669 799 1697 mortales
815 1669 973 1697 communis
987 1669 1049 1704 qui-

1136 1671 1188 1698 lA’.
1215 1671 1247 1698 El
1267 1671 1321 1708 γὰρ
1349 1671 1379 1698 ἐν
1403 1671 1470 1706 ἡμῖν
1499 1671 1556 1701 τοῖς
1577 1670 1732 1705 ἀνθρώποις
1757 1670 1854 1697 ἔπεστι
1872 1672 1901 1697 τὸ

254 1715 317 1742 dam
331 1715 381 1742 iste
393 1723 492 1742 sensus
506 1719 560 1747 est,
575 1719 605 1742 ut
619 1715 690 1742 ﬁlios
706 1715 865 1750 parentibus
881 1714 967 1742 nihilo
981 1714 1052 1743 inl‘e-

255 1760 353 1793 riores,
367 1763 415 1787 aut
431 1759 466 1787 ab
480 1767 575 1787 eorum
593 1759 725 1794 dignitate
739 1759 852 1787 minime
866 1759 1049 1788 removendos

254 1809 393 1841 putemus,
413 1804 544 1840 quoniam
557 1812 619 1840 qua:
638 1804 702 1832 [iliis
716 1804 864 1840 imponitur
881 1805 1049 1840 ignominia,

255 1852 283 1878 in
298 1855 423 1886 parentes
440 1851 593 1878 redundat:
621 1854 724 1886 quanto
742 1851 829 1886 magis
846 1851 919 1879 Deus
931 1855 958 1878 et
971 1851 1052 1878 Pater

255 1895 317 1924 Filii
336 1897 496 1932 dignitatem
511 1896 586 1924 nullo
607 1896 687 1924 modo
701 1896 831 1925 inferiore
844 1897 906 1924 loco
919 1904 980 1924 esse
1000 1904 1051 1932 pa-

255 1942 358 1970 tietur?
375 1942 505 1978 Quisquis
521 1942 603 1977 igitur
619 1949 714 1970 verum
727 1949 759 1969 ac
769 1949 930 1977 germanum
946 1942 993 1969 Dei
1009 1941 1052 1969 Fi-

255 1987 322 2015 lium
342 1987 413 2014 infra
431 1992 570 2023 paternam
591 1988 705 2023 gloriam
729 1986 931 2014 amandandum
954 1991 1050 2021 putat,

256 2033 370 2060 infamia
385 2034 460 2061 illum
477 2041 531 2060 non
546 2033 650 2061 honore
664 2033 747 2060 allicit
758 2038 785 2060 et
798 2033 827 2060 in
849 2039 956 2060 summa
971 2033 1050 2068 igno-

195 2104 199 2111 ,
255 2079 362 2107 ratione
383 2083 519 2107 versatur.
543 2079 726 2112 Quamobrem
741 2078 782 2105 uti
797 2077 924 2106 Christus
940 2078 1048 2106 Patrem

255 2132 336 2152 suum
362 2124 488 2151 indicans
510 2127 649 2151 testatur:
664 2123 749 2151 Nemo
772 2124 843 2151 nouit
865 2123 975 2151 Patrem
998 2123 1050 2151 nisi

255 2169 357 2202 Filius,
375 2174 400 2196 et
417 2177 492 2196 nemo
507 2169 578 2196 novit
594 2168 695 2196 Filium
711 2170 763 2196 nisi
778 2169 860 2196 Pater
872 2169 893 2202 ³,
919 2177 970 2205 ego
985 2177 1051 2197 vero

255 2223 308 2244 nec
336 2215 409 2243 istud
434 2215 613 2250 pronuntiare
638 2214 759 2257 dtIihitem
780 2224 787 2242 :
807 2215 893 2243 Nemo
917 2215 1049 2250 Spiritum

255 2262 332 2290 novit
348 2262 400 2290 nisi
416 2261 513 2295 Pater,
534 2265 561 2289 et
584 2260 686 2293 Filius,
703 2267 719 2287 a
737 2268 792 2295 quo
813 2260 937 2296 procedit
948 2261 970 2294 ⁵,
986 2265 1013 2288 et
1034 2268 1050 2288 a

255 2314 312 2342 quo
324 2307 424 2342 accipit
437 2307 457 2334 '.
475 2306 601 2340 Quanam
624 2313 690 2334 vero
714 2304 803 2333 fronte
822 2306 941 2333 alienum
957 2313 974 2333 a
994 2305 1050 2333 Deo

1104 1716 1224 1744 τοιοῦτον
1241 1717 1369 1752 φρόνημα
1379 1737 1386 1749 ,
1401 1716 1448 1742 καὶ
1462 1716 1510 1751 οὐχ
1524 1716 1641 1751 ἥσσονας
1663 1715 1726 1746 τοὺς
1746 1716 1822 1747 υἱοὺς
1839 1717 1901 1750 βου-

1105 1763 1209 1798 λόμεθα
1221 1783 1228 1795 ,
1246 1763 1307 1790 οὐδὲ
1320 1762 1529 1798 ἠλαττωμένους
1551 1761 1625 1797 παρά
1639 1761 1687 1797 τὴν
1701 1760 1755 1787 τῶν
1771 1762 1901 1798 πατέρων

1104 1809 1203 1844 τιμήν·
1229 1809 1247 1843 ὴ
1266 1808 1322 1843 γὰρ
1334 1808 1373 1839 εἰς
1387 1808 1451 1839 τοὺς
1474 1807 1548 1838 υἱοὺς
1566 1806 1662 1841 ἀτιμία
1679 1807 1719 1838 είς
1738 1807 1801 1838 τοὺς
1817 1808 1901 1834 πατέ-

1106 1861 1157 1888 ρας
1179 1852 1370 1887 ἀναλογετται·
1388 1852 1466 1888 πόσῳ
1493 1851 1594 1887 μᾶλλον
1619 1853 1634 1879 ὁ
1652 1852 1718 1883 Θεὸς
1742 1852 1789 1878 καὶ
1804 1852 1901 1887 Πατὴρ

1103 1900 1153 1926 οὐκ
1167 1899 1200 1926 ἀν
1223 1899 1367 1935 βουληθείη
1381 1899 1446 1925 ποτὲ
1461 1898 1646 1934 ἐλαττωθῆναι
1662 1898 1708 1926 τὸν
1722 1898 1806 1925 αὐτοῦ
1818 1899 1898 1931 Υίὸν;

1110 1946 1139 1973 Ὀ
1155 1946 1244 1972 τοίνυν
1270 1946 1316 1972 τὸν
1341 1945 1449 1981 ἀληθῶς
1465 1945 1531 1972 ὄντα
1553 1945 1600 1971 τοῦ
1627 1945 1735 1981 Πατρδς
1750 1945 1814 1972 Υἱὸν
1831 1946 1899 1972 ἀποο

1103 1991 1198 2018 δέοντα
1213 1990 1264 2026 τῆς
1277 1989 1326 2017 τοῦ
1344 1991 1453 2026 Πατρδς
1467 1990 1546 2026 δόξης
1563 1989 1781 2025 ὑπολαμϐάνων”,
1799 1989 1899 2024 μᾶλλον

1104 2035 1252 2071 ἀτιμάζει,
1277 2036 1338 2064 ἀντὶ
1365 2037 1448 2072 τιμῆς
1474 2037 1570 2072 ἀγνοίᾳ
1596 2036 1755 2072 φερόμενος.
1784 2036 1830 2067 Ὡς
1854 2033 1899 2062 οὖν

1104 2080 1293 2108 ἀποκαλύπτει
1308 2081 1355 2108 τὸν
1367 2081 1478 2117 Πατέρα
1493 2081 1605 2116 φάσκων
1618 2088 1626 2096 ο
1649 2080 1755 2114 Οὐδεὶς
1770 2078 1832 2107 οἶδε
1846 2081 1899 2107 τὸν

1103 2126 1231 2160 Πατέρα,
1249 2128 1275 2153 εὶ
1292 2126 1335 2161 μὴ
1350 2128 1366 2153 ὀ
1380 2127 1456 2159 Υίός·
1475 2126 1525 2154 καί
1541 2126 1641 2159 οὐδεὶς
1657 2123 1719 2152 οἶδε
1735 2125 1788 2151 τὸν
1819 2125 1896 2157 Υὶὸγ.

1103 2171 1182 2206 εἰμὴ
1201 2173 1217 2198 ὀ
1231 2171 1333 2205 Πατήρ
1344 2179 1350 2185 ·
1364 2171 1456 2207 τολμῶ
1471 2171 1577 2206 λέγειν,
1600 2170 1667 2198 Οὐδὲ
1681 2170 1711 2196 τὸ
1728 2169 1843 2205 Πνεῦμά
1858 2178 1897 2200 τις

1104 2215 1183 2250 οἶδεν,
1210 2218 1236 2244 cl.
1254 2218 1292 2253 μὴ
1318 2218 1333 2244 ὀ
1356 2217 1451 2254 Πατὴρ
1463 2238 1470 2250 ,
1486 2218 1533 2244 καὶ
1554 2219 1568 2245 ὁ
1581 2217 1646 2249 Υἱδς
1659 2237 1666 2249 ,
1690 2217 1755 2252 παρ’
1768 2213 1798 2243 οὗ
1816 2217 1898 2243 ἐκπο-

1106 2263 1212 2299 ρεύεται
1224 2282 1232 2296 ,
1259 2264 1306 2291 καὶ
1323 2265 1389 2297 παρ’
1409 2260 1440 2290 οῦ
1463 2264 1608 2298 λαμϐάνει.
1628 2263 1690 2295 Πῶς
1711 2263 1740 2289 δὲ
1758 2262 1898 2298 ἀλλότριον

1104 2310 1172 2336 Θεοῦ
1188 2310 1220 2336 τὸ
1241 2310 1354 2346 Πνεῦμα
1376 2310 1466 2346 λέγειν
1484 2311 1621 2347 τολμῶσιν
1632 2331 1639 2344 ,
1654 2311 1678 2336 οἱ
1695 2310 1776 2345 μανίᾳ
1798 2309 1897 2344 μᾶλλον

257 2351 391 2388 Spiritum
404 2353 508 2381 audent
518 2360 654 2385 asserere,
666 2352 712 2388 qui
733 2352 825 2379 lurore
836 2360 868 2379 ac
881 2352 991 2380 vesania
1003 2360 1049 2387 po-

1103 2356 1298 2391 κατεχόμενοι,
1315 2357 1367 2384 οὐκ
1390 2357 1506 2393 ἀληθείᾳ
1517 2377 1525 2390 ,
1543 2357 1591 2384 καὶ
1605 2357 1634 2383 οὐ
1661 2355 1828 2392 μανθάνουσι
1848 2355 1896 2388 τὴν

257 2398 314 2426 tius
333 2406 415 2434 quam
440 2399 555 2427 veritate
578 2398 727 2431 ducuntur,
750 2405 838 2433 neque
853 2397 905 2426 [ide
925 2398 999 2434 digni
1017 2405 1049 2425 ac

257 2444 426 2472 sanctissimi
440 2445 554 2479 apostoli
573 2444 651 2473 Pauli
667 2445 837 2473 verissimam
851 2444 925 2472 illam
943 2448 1049 2472 senten-

257 2489 323 2516 tiam
345 2488 520 2525 intelligunt?
540 2490 634 2523 Pauli,
654 2491 778 2526 inquam,
804 2490 848 2518 cui
863 2491 1049 2526 apostolorum

257 2534 384 2570 princeps
400 2534 508 2567 Petrus,
525 2536 569 2563 cui
588 2537 662 2571 regni
678 2537 769 2564 claves
787 2537 942 2564 commissa:
953 2540 1017 2564 sunt
1028 2537 1048 2570 ⁸,

257 2580 397 2608 dexteram
417 2581 527 2609 dedisse
548 2582 648 2617 legitur
660 2583 683 2613 '-',
704 2583 750 2617 qui
771 2582 842 2610 hanc
861 2582 894 2610 de
912 2584 982 2610 cmlo
1003 2591 1050 2611 νος

257 2632 316 2653 cem
334 2627 473 2654 exaudiit:
488 2626 580 2658 Saule,
605 2625 697 2659 Saute,
713 2627 777 2662 quid
793 2635 832 2654 me
845 2628 1008 2663 persequeris
1020 2629 1049 2655 B‘2

257 2671 305 2707 qui
325 2671 420 2700 audire
436 2671 535 2699 meruit
554 2679 654 2699 arcana
669 2672 758 2705 verba,
776 2681 834 2708 qua:
850 2681 902 2700 non
924 2673 984 2700 licet
1001 2674 1049 2701 Ito-

293 2736 367 2779 I'rlsa.
383 2737 475 2779 n.5,.
523 2735 602 2779 toan.
619 2745 644 2779 γ,
664 2737 709 2764 ‘25.
748 2737 863 2765 ’Matth.
880 2746 918 2772 χι,
937 2738 982 2766 27.
1022 2739 1122 2768 l'Joan.
1140 2750 1185 2775 xv,
1197 2743 1242 2770 26.
1281 2743 1381 2773 ‘Joan.
1400 2753 1455 2779 xvi,
1478 2745 1520 2779 l4,
1537 2746 1581 2774 l5.

258 2770 336 2798 'Gal.
355 2779 387 2804 ιι,
401 2770 428 2800 9.
465 2771 476 2787 ³
488 2772 547 2800 Act.
566 2780 603 2804 ix,
619 2772 647 2800 4.

1103 2401 1234 2437 ἀληθινὴν
1250 2402 1343 2438 φωνὴν
1366 2403 1413 2430 τοῦ
1437 2403 1593 2436 ἀξιοπίστου
1614 2403 1660 2429 καὶ
1685 2402 1761 2436 ἁγίου
1788 2400 1895 2428 Παύλου

1102 2447 1151 2474 τοῦ
1166 2448 1327 2483 ἀποστόλου,
1342 2446 1364 2484 ᾧ
1374 2449 1464 2482 δεξιὰν
1477 2450 1578 2476 ἔδωκεν
1592 2450 1606 2476 ὁ
1619 2448 1834 2485 κορυφαιότατος
1845 2447 1895 2474 τῶν

1103 2493 1260 2521 ἀποστόλων
1285 2495 1400 2531 Πέτρος,
1417 2496 1431 2522 ό
1450 2495 1655 2531 κατηξιωμένος
1673 2494 1744 2529 ἔχειν
1758 2493 1807 2529 τὴν
1824 2493 1896 2520 κλεῖν

1103 2539 1153 2574 τῆς
1167 2539 1304 2575 βασιλείας
1313 2561 1320 2572 ,
1332 2541 1379 2567 τοῦ
1395 2541 1561 2572 ἀκούσαντος
1570 2541 1617 2568 ἀπ’
1628 2540 1751 2576 οὐρανῶν
1762 2549 1769 2556 ·
1783 2539 1894 2569 Σαοὺλ,

1103 2586 1204 2613 Σαοὺλ
1218 2606 1225 2618 ,
1248 2587 1277 2613 τι
1293 2595 1333 2621 με
1346 2586 1478 2620 διώκεις;
1494 2587 1539 2614 τοῦ
1561 2587 1765 2622 κατηξιωμένου
1779 2585 1893 2613 ἀκοῦσαι

1103 2631 1217 2665 ἅρῤητα
1229 2631 1358 2667 ῥήματα,
1377 2632 1396 2660 ἃ
1408 2634 1463 2660 οὐκ
1483 2633 1556 2665 ἐξὸν
1576 2633 1722 2667 ἀνθρώπῳ
1736 2630 1871 2665 λαλῆσαι
1887 2638 1892 2644 '

1102 2675 1149 2703 τοῦ
1165 2676 1290 2711 λέγοντος
1303 2686 1309 2693 ·
1328 2678 1435 2712 Οὐδεὶς
1451 2677 1514 2706 οἵδε
1538 2678 1574 2706 τὰ
1597 2678 1650 2705 τοῦ
1667 2676 1844 2712 ἀνθρώπου,
1869 2675 1894 2702 ει

1639 2746 1649 2761 ⁸
1661 2745 1755 2773 Matth.
1776 2753 1833 2777 xvi,
1851 2743 1892 2771 19.

293 2828 552 2876 ςίξὶρκευματικὰ
569 2830 633 2864 ζῶα,
655 2830 789 2865 spiritalia
805 2831 898 2860 dicere
913 2831 1044 2861 animalia

1103 2842 1213 2866 :cssnas
1229 2838 1381 2872 estnulla;
1399 2839 1510 2867 viventia
1532 2839 1677 2876 Δερῐνὶιιιιὶο
1696 2838 1788 2868 dicere
1819 2842 1888 2867 recte

263 2866 416 2896 possumus.
