1940 3043
24 159 89 187 -37

760 158 780 185 Λ
785 157 948 187 NCORATU
952 158 980 186 S.

1656 162 1691 191 58

56 219 91 253 μὴ
117 216 150 244 τὸ
173 215 295 251 πνεῦμα
319 214 374 242 τοῦ
389 214 548 250 ἀνθρώπου
573 215 606 243 τὸ
620 214 782 243 κατοικοῦν
810 215 845 242 ἐν

901 216 962 244 mini
977 216 1094 253 loqui‘:
1111 217 1158 252 qui
1181 217 1217 245 ita
1233 216 1350 252 denique
1368 218 1501 254 scripsit;
1520 218 1606 247 Nemo
1621 222 1691 249 novit

57 263 129 297 αὐτῷ
143 269 151 278 ’
173 262 229 290 ἀπὸ
248 261 296 289 τοῦ
317 261 540 298 παραδείγματος
554 261 589 288 τὰ
608 262 664 289 ἄνω
682 261 844 297 βουλόμενος

59 311 181 346 φράζειν,
199 309 243 337 ἵνα
260 309 299 346 μὴ
317 309 349 337 τὸ
368 308 416 336 τοῦ
441 308 587 344 ἀνθρώπου
609 308 786 344 παράδειγμα
805 309 846 340 είς

57 359 98 385 τὸν
112 357 176 385 Θεὸν
200 357 355 394 ἀπεικάσῃ,
383 356 452 384 ἀλλὰ
476 356 517 392 τῷ
532 356 741 392 παραδείγματι
762 357 845 392 μέρος

57 403 105 430 τῶν
118 403 172 431 ἄνω
185 402 361 438 ἀποκαλύψῃ.
380 401 450 438 Ὅλη
470 401 525 438 γὰρ
540 402 557 437 ἡ
578 399 668 433 κτίσις
681 401 847 436 συναχθεῖσα

57 449 172 484 ἀγγέλων
191 449 240 476 καὶ
261 448 459 485 ἁρχαγγέλων,
494 448 628 484 χερουόὶμ
646 448 693 475 καὶ
711 448 843 484 σεραφὶμ,

59 496 103 523 σὺν
116 495 229 531 στρατιᾷ
245 493 418 531 ἐπουρανίῳ,
435 493 552 529 οὐρανοῦ
570 502 600 520 τε
624 493 671 520 καὶ
688 493 740 528 γῆς
752 514 759 526 ,
785 494 846 520 ὲπι-

60 540 137 574 γείων
163 540 212 567 καὶ
236 539 373 576 οὐρανίων
397 539 447 567 καὶ
473 539 676 575 καταχθονίων,
694 539 847 575 φωστήρων

56 595 83 612 τε
98 585 142 612 καὶ
157 585 297 621 ἀστέρων,
314 584 406 621 ξηρῶν
425 592 456 612 τε
478 585 526 612 καὶ
547 585 655 621 ὑγρῶν,
671 585 719 612 καὶ
738 585 848 613 πάντων

57 631 218 666 ἁπαξαπλῶς
233 631 288 658 τῶν
303 631 332 658 ἐν
345 630 454 667 οὐρανῷ
466 631 514 658 καὶ
530 630 578 657 ἐπὶ
603 631 669 666 γῆς,
688 631 719 657 οὐ
736 630 847 658 δύναται

56 677 234 711 ἐνδείξασθαι,
245 677 308 705 οὗτε
323 677 502 713 ὑποδείγματι
516 677 721 714 ἀφομοιωθῖψαι
735 676 773 713 τῷ
788 677 852 703 ἑαυ-

55 725 106 752 τῶν
117 721 250 759 Δεσπότῃ.
266 722 345 750 Κατὰ
358 723 439 759 χάριν
452 723 508 759 γὰρ
530 722 570 758 τῷ
585 722 721 759 ἀνθρώπῳ
741 722 791 758 τὴν
809 723 849 749 εί-

57 769 119 796 κόνα
131 767 278 804 χαρίζεται
289 789 296 801 ,
311 769 400 804 λέγων
411 777 420 785 ·
440 769 600 802 Ἐποίησεν
613 770 630 795 ὁ
646 769 719 802 Θεὸς
730 768 785 796 τὸν
796 768 849 795 ἄν·

56 816 184 850 θρωπον·
210 815 275 842 κατ’
289 815 394 842 εἰκόνα
410 814 485 842 Θεοῦ
505 814 654 849 ἐποίησεν
673 816 776 842 αὐτόν.
795 815 851 841 Χα-

57 861 164 897 ρίσματι
177 860 233 897 γὰρ
252 856 308 896 ἔχέι
326 860 377 896 τὴν
400 861 492 888 εἰκόνα
507 862 562 893 πᾶς
582 861 736 896 ἄνθρωπος,
755 861 850 893 Οὐδεὶς

895 270 954 298 qua:
968 268 1030 290 sunt
1053 264 1177 296 hominis,
1204 264 1256 291 nisi
1277 264 1386 299 spiritus
1403 265 1516 292 hominis
1533 266 1578 301 qui
1596 267 1623 294 in
1635 268 1692 302 ipso

897 308 998 336 Imbitat
1013 309 1033 336 ⁵.
1047 309 1107 342 Quo
1121 310 1246 346 exclnplo
1261 311 1424 338 adumbrare
1439 313 1579 346 superiora
1594 313 1640 340 illa
1655 321 1690 341 ac

897 354 1021 382 coelestia
1037 355 1138 388 voluit,
1160 363 1194 383 ne
1209 355 1359 383 humanum
1376 357 1530 390 exemplum
1545 358 1578 385 ad
1603 358 1688 386 Deum

901 401 1081 434 transferret;
1104 402 1150 430 sed
1172 403 1297 438 exemplo
1314 403 1362 430 illo
1377 403 1499 431 cmleslia
1518 411 1550 431 ac
1564 412 1692 440 suprema

897 453 930 474 ex
947 450 1025 482 parte
1039 447 1130 482 aliqua
1146 447 1307 476 declararet.
1330 448 1397 476 Nam
1419 454 1517 476 creata:
1538 456 1582 477 res
1596 457 1692 478 omnes

897 491 921 520 si
942 492 971 520 in
989 500 1075 520 unum
1099 493 1189 520 locum
1209 493 1406 528 conferantur;
1430 495 1542 530 angeli,
1560 497 1692 531 inquam,

897 543 925 566 et
945 538 1113 574 archangeli,
1135 539 1277 567 cherubim
1299 543 1326 567 et
1341 541 1489 576 seraphim,
1513 549 1575 569 cum
1589 542 1694 570 cmlesti

900 584 975 612 omni
998 586 1130 618 exercitu,
1148 585 1237 621 iisque
1253 594 1313 622 quae
1328 590 1400 614 terra
1416 594 1448 614 ac
1462 587 1533 614 caelo
1545 588 1694 615 continen-

898 634 955 663 tur,
981 630 1098 658 terrenis
1122 630 1249 658 videlicet
1270 638 1302 658 ac
1324 631 1495 663 coelestibus.
1511 636 1539 660 et
1561 641 1622 669 quae
1642 634 1694 662 sub

899 678 973 703 terra
999 680 1075 709 sunt,
1101 683 1207 704 necnon
1228 681 1255 704 et
1271 677 1410 706 sideribus
1432 686 1465 706 ac
1489 678 1588 711 stellis,
1612 679 1694 707 siccis

899 722 963 750 item
981 725 1008 749 et
1030 721 1160 755 humidis,
1186 727 1268 758 atque
1292 723 1421 751 omnibus
1444 723 1562 759 denique
1585 733 1646 761 qua:
1666 725 1694 753 in

898 767 970 795 caelo
992 770 1122 802 terraque
1146 772 1220 800 sunt,
1246 767 1391 796 Dominum
1416 777 1496 797 suum
1521 771 1693 805 exprimere,

899 816 948 840 aut
964 813 1113 848 exemplari
1126 821 1177 841 δυο
1188 814 1335 842 assimilari
1351 819 1501 850 nequeunt.
1517 816 1568 851 17
1588 816 1694 844 Etenim

899 859 1004 886 homini
1028 864 1059 887 ut
1080 859 1171 895 imago
1192 860 1238 892 sit,
1261 867 1294 887 ex
1311 860 1429 895 quadam
1456 862 1542 897 gratia
1559 862 1690 898 largitur,

55 907 82 934 δὲ
100 907 139 942 τῷ
162 906 259 934 ἑαυτοῦ
274 906 397 943 Δεσπὰεῃ
411 906 646 943 ἀπικασθὴσεται
661 915 667 922 ·
683 907 714 934 τδ
731 907 780 944 μὲν
792 907 847 943 γὰρ

901 905 938 932 uti
957 905 1090 940 scriptum
1114 909 1177 933 est:
1194 904 1268 933 Fecit
1290 905 1361 934 Deus
1378 907 1526 939 hominem;
1545 907 1581 934 ad
1600 908 1695 944 imagi-

56 953 164 988 ἀόρατον
177 973 186 986 ,
201 953 233 980 τὺ
245 953 274 981 δὲ
296 953 394 989 ὁρατόν
404 961 413 969 “
428 953 460 980 τὸ
479 953 529 989 μὲν
544 952 693 987 ἀθάνατον,
708 953 739 981 τὸ
757 954 786 980 δὲ
800 954 847 981 θα-

56 1001 132 1028 νάτου
146 999 286 1027 δεκτικόν·
303 1000 393 1027 καὶτὸ
409 1000 458 1036 μὲν
473 1000 565 1036 πάσης
581 1000 678 1035 σοφίας
695 1000 782 1036 πηγὴ,
798 1000 846 1027 καὶ

56 1046 140 1073 πάντα
151 1045 213 1081 ἔχον
227 1046 257 1072 ὲν
273 1045 364 1081 ἑαυτῷ
378 1045 578 1080 σετελειωμένα
592 1065 600 1078 ,
619 1045 634 1072 ὁ
647 1045 677 1071 δὲ
702 1044 846 1081 ἄνθρωπος

55 1092 173 1127 χάρισμα
187 1090 258 1126 ἔχων
270 1090 324 1117 ἀπὸ
340 1090 442 1126 μέρους
453 1111 461 1123 ,
476 1089 638 1125 λειπόμενός
650 1089 709 1116 ἐστι
725 1088 780 1116 τῶν
800 1097 846 1115 τε·

54 1137 194 1163 λειοτάτων
206 1155 213 1167 ,
228 1136 253 1162 εί
270 1136 309 1171 μὴ
323 1135 396 1163 θέλει
412 1136 428 1163 ὀ
440 1135 507 1167 Θεὺς
521 1134 676 1171 παρασχεῖν
689 1134 750 1171 κατ’
767 1133 848 1166 ἀξίαν

52 1185 107 1215 τοῖς
124 1170 317 1219 κομιζομένοις
341 1182 391 1218 τὴν
410 1181 454 1208 διὰ
475 1170 648 1218 χαρίσματος
674 1170 844 1215 ⁵ιτῇιειότητα.

904 959 963 978 nem
979 950 1028 978 Dei
1040 951 1102 986 fecit
1119 951 1196 978 illum
1208 952 1229 979 '.
1246 952 1313 979 Nam
1331 952 1377 980 Dei
1390 953 1521 981 benelicio
1535 954 1617 982 homo
1635 955 1696 990 qui-

903 995 969 1024 libet
983 997 1129 1032 imaginem
1149 997 1231 1025 habet
1247 996 1303 1025 Dei.
1322 997 1408 1026 Nemo
1423 1007 1486 1026 vero
1500 1006 1563 1026 cum
1579 999 1696 1028 Domino

899 1048 951 1069 suo
975 1041 1112 1077 adaquari
1128 1045 1237 1076 potest:
1252 1050 1314 1069 nam
1336 1043 1410 1070 aliud
1433 1043 1520 1071 oculis
1534 1044 1619 1072 videri
1641 1053 1695 1073 non

899 1090 1003 1122 potest;
1020 1086 1094 1114 aliud
1111 1088 1277 1122 aspectabile
1291 1092 1332 1116 est
1348 1097 1354 1114 :
1368 1097 1451 1116 unum
1470 1089 1624 1118 immortale
1641 1096 1694 1123 est;

901 1132 984 1160 morti
1013 1132 1089 1159 aliud
1120 1133 1295 1161 obnoxium:
1319 1133 1436 1161 alterum
1464 1135 1605 1170 sapientia:
1634 1136 1696 1164 fons

902 1181 954 1210 est,
968 1177 1115 1213 omniaque
1130 1178 1158 1205 in
1175 1178 1266 1214 seipso
1281 1178 1402 1214 perfecta
1419 1181 1626 1215 complectitur;
1647 1182 1699 1209 lio-

53 1238 97 1258 mo
110 1231 269 1259 beneﬁcium
283 1237 316 1258 ex
332 1233 411 1266 parte
427 1233 595 1257 consecutus
609 1228 691 1264 longe
713 1225 925 1263 perfectissimis
943 1224 1058 1252 inferior
1075 1229 1127 1258 est,
1148 1226 1201 1254 nisi
1217 1226 1287 1254 forte
1314 1235 1365 1262 pro
1396 1228 1534 1264 cujusque
1565 1229 1697 1265 dignitate

53 1285 100 1312 per
113 1277 233 1305 celestis
250 1277 321 1304 dona
345 1275 541 1312 perfectionem
560 1275 633 1304 Deus
656 1275 722 1303 velit
736 1275 886 1310 unicuique
900 1272 1032 1300 tribuere.

86 1324 136 1351 18'.
155 1323 250 1359 Ὅμως
263 1323 444 1358 ὑποδείγματι
458 1321 628 1358 κεχρημένος
644 1323 658 1349 δ
671 1321 753 1354 αὐτὸς
768 1321 846 1357 ἆγιος

58 1369 217 1402 Ἀπόπολος
226 1378 234 1386 ο
252 1369 369 1403 οὐδεὶς,
387 1368 464 1405 φησὶ,
478 1368 559 1396 οἶδεν
572 1368 728 1403 ἄνθρωπος
741 1368 778 1395 τὰ
791 1368 846 1396 τοῦ

52 1416 223 1450 ἀνθρώπου,
247 1416 274 1443 ει
287 1415 331 1451 μὴ
355 1415 387 1442 τὸ
411 1413 531 1449 πνεῦμα
556 1414 610 1442 τοῦ
631 1413 789 1448 ἀνθρώπου
812 1413 847 1440 τὸ

51 1462 213 1490 κατοικοῦν
221 1462 257 1489 ἐν
265 1461 346 1494 αὐτῷ
356 1469 363 1477 ·
375 1461 452 1489 οὕτω
468 1460 518 1488 καὶ
534 1460 569 1488 τὰ
581 1460 635 1487 τοῦ
653 1460 727 1487 Θεοῦ
747 1459 847 1493 οὐδεὶς
858 1495 860 1497 μ

50 1508 145 1544 ἕτνωυ
161 1507 209 1535 καὶ
223 1508 273 1536 οὐκ
291 1505 380 1540 εἶπεν,
402 1507 428 1534 ει
447 1506 489 1542 μὴ
509 1507 544 1534 τὸ
562 1506 685 1542 Πνεῦμα
701 1507 755 1534 τοῦ
771 1506 846 1534 Θεοῦ

934 1317 994 1345 XII.
1016 1317 1117 1346 Verum
1129 1319 1254 1355 exemplo
1268 1323 1348 1348 utens
1364 1319 1435 1348 idem
1450 1320 1599 1356 Apostolus
1616 1332 1623 1350 :
1644 1321 1697 1350 Ne-

899 1371 952 1397 mo,
968 1363 1056 1400 inquit
1072 1365 1093 1398 ⁸,
1109 1365 1180 1392 novit
1202 1373 1260 1400 qua:
1286 1370 1347 1393 sunt
1368 1366 1494 1399 hominis,
1518 1367 1570 1394 nisi
1589 1369 1697 1402 spiritus

897 1410 1012 1438 hominis
1034 1411 1079 1446 qui
1096 1411 1123 1437 in
1149 1411 1204 1445 ipso
1226 1411 1330 1439 lmbilat
1345 1419 1356 1439 :
1374 1412 1412 1439 ita
1427 1420 1472 1439 nec
1489 1421 1548 1448 quae
1570 1413 1620 1441 Dei
1636 1419 1698 1442 sunt

900 1457 1041 1492 quisquam
1055 1457 1126 1484 nouit
1138 1464 1148 1489 ;
1164 1465 1218 1484 non
1231 1457 1370 1489 dixit,nisi
1387 1457 1504 1493 Spiritus
1523 1459 1571 1486 Dei
1585 1461 1630 1495 qui
1645 1460 1697 1487 Ila-

903 1502 970 1530 bitat
980 1503 1007 1530 in
1022 1503 1102 1538 ipso;
1122 1503 1180 1536 sed,
1193 1503 1310 1538 Spiritus
1327 1503 1386 1537 Dei,
1404 1504 1556 1538 duntaxat;
1573 1513 1607 1533 ne
1634 1506 1697 1541 quis

50 1553 84 1580 τὸ
97 1552 260 1580 κατοικοῦν·
269 1552 304 1580 ἐν
315 1551 410 1585 αὐτῷ’
422 1551 499 1584 ἀλλὰ,
511 1552 545 1579 τὸ
559 1551 682 1587 Πνεῦμα
694 1550 748 1578 τοῦ
760 1550 847 1583 Θεοῦ,

901 1550 1082 1584 compositum
1106 1553 1133 1577 et
1153 1550 1237 1578 variis
1261 1558 1296 1578 ex
1319 1551 1444 1585 partibus
1468 1550 1615 1578 conﬂatum
1636 1559 1698 1580 esse

52 1598 149 1634 μόνον·
165 1598 209 1625 ἵνα
227 1598 264 1633 μή
290 1606 333 1630 τις
356 1597 483 1624 σύνθετον
499 1597 547 1624 καὶ
569 1597 749 1632 συγκείμενον
764 1597 849 1632 νοήσῃ

50 1644 81 1671 τὸ
93 1644 184 1671 Θεῖον.
202 1645 238 1671 El
257 1643 312 1678 μὴ,
337 1644 415 1679 φησὶ,
438 1642 473 1670 τὸ
497 1643 620 1678 Πνεῦμα
637 1642 690 1670 τοῦ
711 1641 800 1669 Θεοῦ·
815 1642 848 1669 τὸ

49 1689 106 1726 γὰρ
117 1689 241 1725 Πνεῦμα
254 1689 308 1717 τοῦ
323 1689 397 1717 Θεοῦ
407 1689 507 1716 πάντα
520 1688 640 1723 ἐρευνᾷ,
653 1689 704 1716 καὶ
717 1689 753 1716 τὰ
764 1688 848 1723 ,ϐἀοη

48 1734 105 1762 τοῦ
130 1735 216 1762 Θεοῦ.
242 1734 300 1761 οὐκ
328 1733 468 1770 ἀλλότριον
494 1733 586 1760 τοίνυν
605 1733 636 1760 τὸ
666 1733 779 1768 Πνεῦμα
801 1732 847 1760 τοῦ

48 1780 118 1808 Θεοῦ
134 1781 165 1808 τὸ
184 1773 316 1815 ἐρευνῶν
330 1780 423 1815 βάθη.
444 1780 476 1807 Et
492 1780 547 1816 γὰρ
567 1780 641 1816 ἡμᾶς
668 1778 805 1816 μέμφεται
819 1779 849 1806 τὸ

48 1826 122 1854 θεῖον
146 1826 264 1862 γράμμα
287 1825 386 1861 λέγον·
415 1827 446 1854 ‘A
468 1825 640 1861 προσετάγη
666 1832 727 1858 σοι,
752 1825 848 1852 ταῦτα

46 1872 187 1905 διανοοῦ.
205 1873 255 1900 καὶ
282 1873 318 1900 οὐ
341 1871 428 1907 χρεία
449 1872 518 1899 ἐστι
537 1879 587 1899 σοι
614 1871 673 1898 τῶν
695 1871 847 1906 κρυπτῶν,

46 1919 99 1945 καὶ
122 1917 300 1952 ὑψηλότερά
320 1924 378 1944 σου
394 1917 437 1952 μὴ
453 1916 540 1950 ζήτει,
561 1916 611 1944 καὶ
623 1916 776 1950 βαθύτερά
790 1923 849 1943 σου

45 1962 89 1997 μὴ
110 1961 240 1995 ἐξέταζε.
250 1959 324 1998 ⁷Δρα
337 1961 459 1998 εἴπωμεν
473 1962 521 1988 καὶ
537 1962 600 1996 περὶ
612 1961 658 1988 τοῦ
672 1961 749 1996 ἁγίου
764 1960 849 1988 Πνεῦ-

47 2017 147 2044 ματος,
164 2008 207 2035 ὅτι
223 2007 324 2043 μᾶλλον
345 2007 501 2044 περιεργίᾳ,
523 2007 571 2034 καὶ
595 2007 655 2042 οὐχ).
672 2006 773 2042 μᾶλλον
785 2015 850 2042 γνη-

47 2055 157 2090 σιότητι
175 2054 274 2089 ἐρευνᾷ
295 2053 329 2080 τὰ
352 2053 422 2089 βάθη
446 2053 494 2080 τοῦ
510 2052 596 2086 Θεοῦ;
613 2052 664 2079 ποῦ
681 2052 736 2089 γὰρ
752 2053 850 2088 ἐρευνᾷ

44 2101 82 2128 τὰ
108 2100 182 2136 βάθη
209 2099 257 2127 τοῦ
281 2099 366 2133 Θεοῦς
395 2099 440 2127 διὰ
468 2099 550 2127 ποίαν
582 2098 689 2132 αἰτίανς
715 2098 797 2134 λέγε,
827 2095 850 2126 ὧ

44 2146 161 2183 ἀνόητε.
186 2145 231 2177 Ὦς
243 2145 509 2182 περιεργαζόμενονς
523 2144 561 2176 ὡς
573 2144 849 2180 ἀλλοτριεπίσκοπονς

44 2193 85 2225 ὡς
103 2192 144 2228 μὴ
162 2191 234 2219 ῑδίων
250 2191 419 2228 ὲπιθυμοῦνς
445 2190 492 2226 Μὴ
516 2190 639 2225 γένοιτοῑ
661 2190 731 2218 Ἀλλ’
756 2191 849 2227 ἐπειδὴ

900 1594 986 1622 Deum
997 1598 1116 1630 putaret.
1134 1593 1199 1628 Sed,
1216 1595 1279 1628 nisi,
1297 1596 1397 1631 inquit,
1414 1595 1530 1632 Spiritus
1544 1596 1604 1624 Dei.
1624 1597 1698 1624 Nam

901 1639 951 1667 Dei
983 1638 1098 1675 Spiritus
1128 1641 1218 1668 omnia
1241 1647 1435 1675 perscrutatur,
1456 1642 1537 1670 etiam
1561 1643 1698 1678 profundit

900 1684 949 1712 Dei
960 1686 981 1712 ⁸.
1002 1684 1061 1714 Non
1073 1685 1160 1724 igitur
1176 1686 1282 1714 alienus
1306 1691 1348 1715 est
1372 1694 1388 1714 a
1413 1687 1469 1715 Deo
1494 1687 1633 1723 Spiritus,
1650 1689 1698 1724 qui

898 1730 1031 1766 profunda
1056 1722 1203 1758 scrutatur.
1225 1731 1331 1759 Etenim
1346 1739 1409 1759 cum
1428 1739 1480 1760 nos
1498 1722 1639 1768 Scriptura
1656 1722 1699 1761 re-

899 1776 1052 1812 prehendat
1067 1776 1111 1804 his
1128 1777 1238 1804 verbis:
1253 1777 1319 1811 Qua:
1337 1782 1468 1812 prwcepla
1484 1778 1532 1805 tibi
1551 1784 1624 1813 sunt,
1641 1779 1697 1808 [nec

899 1822 1008 1857 cogita;
1025 1830 1106 1858 neque
1120 1823 1226 1850 arcanis
1239 1827 1264 1851 et
1279 1823 1389 1850 occultis
1412 1823 1458 1850 tibi
1471 1831 1535 1858 opus
1548 1830 1586 1851 est
1595 1833 1605 1852 :
1619 1829 1643 1852 et
1658 1829 1699 1852 at.

902 1869 971 1896 tiora
984 1872 1009 1895 te
1025 1876 1056 1895 ne
1068 1869 1215 1903 quaesieris,
1227 1877 1258 1895 ac
1272 1868 1446 1903 profundiore
1461 1874 1486 1896 le
1499 1877 1529 1896 ne
1537 1870 1656 1905 inquiras
1667 1872 1677 1886 '
1689 1879 1696 1898 :

904 1917 1062 1941 utrumnam
1096 1913 1230 1948 Spiritum
1265 1919 1390 1942 sanctum
1429 1915 1552 1943 dicemus
1581 1916 1698 1944 curiosi-

900 1963 955 1986 tate
967 1959 1069 1994 potius,
1086 1966 1167 1995 quam
1183 1959 1256 1994 quod
1278 1959 1331 1987 hoc
1353 1959 1393 1987 illi
1416 1964 1516 1988 natura
1535 1962 1697 1995 conveniat,

899 2005 946 2033 Dei
960 2005 1095 2041 profunda
1115 2005 1256 2034 scrutari?
1275 2005 1383 2034 Etenim
1402 2006 1513 2034 ubinam
1526 2007 1639 2047 tandem
1649 2008 1697 2036 Dei

899 2050 1036 2087 profunda
1050 2050 1096 2078 ille
1112 2052 1273 2079 scrutatur?
1287 2056 1335 2080 aut
1350 2060 1433 2088 quam
1448 2054 1484 2081 ob
1495 2056 1626 2082 causam?
1639 2055 1696 2089 dic,

900 2097 981 2125 homo
1003 2097 1192 2125 stolidissime.
1213 2097 1254 2125 An
1269 2103 1299 2125 ut
1312 2099 1440 2128 curiosus
1456 2099 1587 2134 inquirit?
1600 2108 1635 2128 an
1657 2102 1698 2128 sic

901 2145 1029 2177 tanquam
1041 2142 1193 2170 alienorum
1205 2143 1379 2178 explorator?
1389 2151 1424 2172 an
1436 2149 1467 2172 ut
1475 2152 1525 2173 sua
1537 2145 1697 2174 fastidiens!

900 2186 999 2214 Absit!
1022 2186 1122 2215 Verum
1142 2188 1273 2223 quoniam
1299 2190 1389 2217 sancti
1415 2189 1547 2226 Spiritum
1573 2196 1697 2219 sanctum

44 2238 244 2271 καταξιοῦνται
264 2239 289 2265 οἱ
308 2238 382 2272 άγιοί
401 2236 432 2264 τὸ
453 2235 567 2271 Πνεῦμα
589 2236 620 2263 τὸ
645 2235 723 2271 ἅγιον
739 2237 767 2263 ἐν
787 2237 847 2264 ἑαυ-

901 2232 929 2260 in
949 2233 1048 2268 scipsis
1069 2234 1197 2270 excipere
1212 2240 1362 2268 merentur,
1379 2241 1438 2264 tum
1457 2244 1519 2264 cum
1540 2237 1569 2265 in
1593 2238 1697 2266 sanctis

43 2287 106 2317 τοῖς
129 2283 315 2317 κατοικίζειν,
343 2284 412 2311 ἐπὰν
435 2284 464 2311 ἐν
490 2284 547 2314 τοῖς
570 2281 657 2317 ἁγίοις
680 2281 791 2319 γένηται
820 2282 850 2310 τὸ

44 2330 166 2366 Πνεῡμα
177 2329 208 2357 τδ
223 2329 311 2365 ἅγιον,
327 2329 468 2366 χαρίζεται
483 2329 575 2361 αὐτοῖς
596 2329 709 2365 ὲρευνᾷν
725 2327 759 2355 τὰ
780 2327 849 2364 βάθη

42 2376 95 2403 τοῦ
123 2375 206 2408 Θεοῦ,
231 2376 272 2408 εἰς
299 2375 329 2402 τὸ
359 2375 465 2410 βαθέως
493 2374 615 2407 δοξάζειν
631 2375 680 2408 (ὡς
697 2374 743 2402 καὶ
769 2374 851 2401 Δαὸὶδ

41 2421 129 2448 τοῦτο
147 2421 282 2456 ὁμολογεῖ·
301 2420 353 2448 Ἐκ
373 2419 494 2452 βαθέων
509 2418 575 2455 γὰρ,
598 2418 675 2454 φησὶ,
703 2417 850 2452 ἐκέκραεά

42 2475 109 2498 σοι.
134 2466 236 2501 Κύριε)
260 2465 308 2493 καὶ
333 2464 569 2503 ἀπειρομεγέθως,
591 2464 640 2490 καὶ
671 2463 708 2499 μὴ
729 2462 852 2498 σμικρῶς

42 2512 94 2538 καὶ
120 2511 239 2542 ἀτελῶς,
257 2509 385 2546 καθάπερ
399 2510 424 2537 οι
446 2510 496 2545 τῆς
509 2508 615 2545 Ἀρείου
638 2508 780 2543 αἱρέσεως,
805 2506 852 2534 καὶ

41 2557 155 2591 ιξωθεν
172 2557 271 2590 πᾶσαι,
287 2556 335 2583 καὶ
348 2556 425 2588 ἐξότε
448 2555 532 2591 νόμος
546 2554 591 2581 διὰ
604 2554 743 2585 Μωῦσέως
762 2552 851 2588 ἐδόθη,

41 2605 72 2631 αἱ
92 2602 159 2638 μετ’
178 2602 261 2629 αὐτὸν
281 2602 431 2637 σχισθεϊσαι
454 2601 576 2637 αἱρέσεις
594 2600 648 2636 πρὸ
670 2600 720 2634 τῆς
734 2599 852 2635 Χριστοῦ

41 2649 190 2684 ἐνσάρκου
205 2648 358 2683 παρουσίας
380 2647 487 2680 ἕνδεκα,
512 2647 558 2674 καὶ
574 2645 643 2682 μετὰ
656 2645 705 2682 τὴν
722 2645 852 2681 ἓνσαρκον

41 2694 209 2730 παρουσίαν
220 2693 298 2721 ἄλλαι
313 2692 455 2728 ἑξήκοντα,
469 2692 554 2728 χωρὶς
567 2692 622 2719 τῶν
634 2691 686 2727 πρὸ
697 2690 743 2718 τοῦ
758 2690 851 2726 νόμου,

42 2741 96 2767 καὶ
114 2740 218 2767 πασῶν
234 2739 336 2766 τούτων
352 2739 444 2772 πέντε,
467 2738 514 2766 καὶ
538 2738 593 2766 τῶν
608 2738 696 2766 ἄλλων
712 2737 853 2773 τεσσάρων

85 2820 94 2835 ¹
107 2818 134 2847 ll
148 2818 216 2846 Cor.
237 2826 285 2852 xu,
296 2817 324 2846 ι.

43 2862 151 2888 cxxtx,
169 2854 195 2881 l.

381 2817 410 2846 'l
427 2817 489 2847 Cor.
509 2825 540 2852 ιι,
556 2817 600 2846 ll.
639 2816 728 2845 'Gen.
744 2824 764 2850 I,
782 2817 828 2844 27.

903 2278 1029 2306 habitare
1041 2279 1166 2314 coeperit,
1183 2280 1236 2307 hoc
1248 2279 1316 2315 ipsis
1333 2280 1441 2315 tribuit,
1457 2285 1488 2309 ut
1501 2281 1637 2316 profunda
1649 2282 1697 2311 Dei

903 2325 1070 2360 perscrutari
1082 2326 1201 2361 possint,
1217 2329 1247 2353 ut
1257 2334 1290 2353 ex
1302 2327 1428 2362 penitiori
1445 2327 1572 2356 videlicet
1585 2333 1696 2364 pectore

903 2369 1306 2406 celebrent,(quemadmodum
1330 2371 1414 2399 David
1430 2373 1489 2408 ipse
1506 2377 1624 2401 testatur
1638 2384 1644 2401 :
1658 2373 1699 2402 De

903 2415 1041 2451 profundis
1052 2416 1166 2444 clamavi
1180 2417 1214 2443 ad
1233 2422 1267 2449 te,
1284 2416 1437 2453 Domine',)
1449 2423 1530 2454 atque
1547 2423 1576 2447 ut
1595 2420 1621 2447 id
1636 2419 1698 2447 inti-

906 2462 963 2490 nita
984 2462 1102 2498 quadam
1120 2463 1301 2498 amplitudine
1324 2463 1437 2497 iaciant,
1455 2473 1510 2493 non
1535 2466 1643 2494 exiliter
1667 2473 1699 2493 ac

903 2508 1007 2544 jejuno,
1024 2509 1254 2544 quemadmodum
1274 2509 1321 2545 qui
1343 2509 1450 2538 Ariana:
1471 2511 1584 2540 factioni
1600 2519 1632 2539 ac
1646 2519 1699 2540 ca:-

905 2555 973 2582 teris
984 2555 1138 2584 hzeresibus
1153 2555 1344 2584 adhaerescunt
1359 2566 1365 2584 :
1388 2557 1544 2592 cujusmodi
1558 2561 1623 2585 sunt
1642 2562 1698 2585 tam

907 2601 1033 2628 undecim
1051 2601 1103 2629 illae
1123 2606 1215 2632 sectae.
1232 2610 1293 2637 quae
1315 2607 1378 2638 post
1401 2603 1487 2639 legem
1510 2611 1558 2638 per
1576 2603 1695 2639 Moysem

907 2647 1034 2675 traditam
1050 2651 1114 2675 ante
1132 2647 1235 2676 Christi
1251 2648 1359 2676 Domini
1377 2648 1594 2677 lncarnationem
1612 2647 1700 2676 variis

906 2697 972 2721 sunt
983 2700 1017 2721 ex
1034 2693 1158 2722 divortiis
1173 2697 1287 2728 exortae,
1310 2702 1391 2730 quam
1407 2695 1548 2730 sexaginta
1563 2696 1623 2722 alia:
1636 2698 1698 2730 post

907 2737 1126 2768 lncarnationem
1143 2739 1239 2774 edita;
1255 2744 1354 2776 praeter
1368 2740 1429 2768 illas
1443 2748 1503 2776 quae
1518 2741 1602 2777 legem
1619 2743 1696 2767 ante-

879 2817 909 2844 ⁸Ι
923 2817 987 2846 Cor.
1003 2825 1034 2851 Il,
1049 2818 1091 2846 Η.
1136 2818 1222 2846 ‘ibid.
1244 2818 1287 2846 to.
1327 2820 1338 2836 ⁶
1360 2818 1444 2847 Eccli.
1460 2827 1500 2852 In,
1517 2819 1561 2846 22.
1601 2815 1696 2847 'Psal.
