1940 3043
234 145 269 173 39
936 146 966 174 5.
987 145 1026 173 EF

1078 145 1158 173 lANll
1343 173 1351 181 ,
1827 145 1862 171 ιίθ

236 205 388 235 cesserunt,
404 210 464 238 quae
476 207 541 230 sunt
556 212 672 232 numero
686 205 817 240 quinque.
838 203 886 231 llis
904 204 957 239 18
976 210 1023 231 ac-

1082 204 1246 239 Ἐλληνικῶν
1260 206 1392 241 αἱρέσεων
1401 215 1408 223 ·
1422 207 1521 239 αῐτινές
1544 209 1598 234 εισι
1614 206 1666 242 πρὸ
1677 207 1758 244 νόμου
1771 209 1863 236 ἐννέα·

236 249 336 275 cedunt
350 249 507 276 Grazcorum
524 254 652 284 quatuor,
670 255 699 278 ut
714 251 742 277 in
756 250 913 277 universum
930 256 1026 276 novem

236 293 293 321 sint
307 293 394 328 legem
418 298 601 330 antegressae;
628 303 660 323 ac
683 295 766 324 simul
788 296 910 322 collectm
932 301 1027 321 omnes

236 344 298 364 cum
319 339 453 367 matribus
479 340 538 368 suis
560 341 698 376 octoginta
721 340 891 367 conficiant:
911 347 1027 374 quarum

237 383 278 411 liae
296 389 396 412 matres
414 391 477 414 sunt
492 395 607 414 numero
619 387 740 422 quinque
752 387 825 413 hunc
849 386 876 412 in
901 385 1025 412 modum:

237 429 438 463 Barbarismus,
452 431 636 467 Scythismus,
652 432 844 463 Hellenismus,
857 431 1026 463 Judaismus,

238 474 454 504 Samaritismus.
473 477 511 504 Ex
529 478 573 504 his
595 478 778 505 llellenismus
799 481 916 512 quatuor
938 481 1028 504 sectas

238 522 352 556 peperit,
367 521 613 557 Pythagoreorum,
627 524 842 554 Platonicorum.
860 523 1026 554 Stoicorum,

237 565 432 602 Epicureorum
447 577 453 594 :
467 576 499 594 ex
516 568 574 603 lege
588 576 653 596 vero
668 572 731 596 ante
743 569 846 596 Christi
858 568 1028 595 lncarnatio-

236 620 297 639 nem
315 612 442 640 undecim
459 623 465 640 :
487 621 521 640 ex
538 613 680 641 Judaisrno
706 617 827 648 septem;
849 613 1026 644 Scribarum,

236 655 448 690 Pharisaeorum,
466 658 690 690 Sadducaeorum,
705 658 869 691 Essaeorum,
885 658 1028 685 Nazaraao-

236 710 306 735 rum,
331 703 642 739 llemerobaptistarum,
665 704 900 738 Herodianorum;
922 713 955 732 ex
979 704 1030 731 Sa-

236 749 390 776 maritismo
404 753 532 784 quatuor,
547 750 761 784 Gorthenorum,
777 751 965 783 Sebuazorum,
979 750 1029 777 Es-

236 799 376 826 sonorum,
402 793 602 822 Dositheorum.
623 795 725 823 Omnes
749 795 832 823 simul
861 795 987 823 undecim
1013 802 1029 822 a

236 838 293 873 lege
310 847 341 866 ex
358 838 460 867 Judazis
475 843 501 867 ct
521 839 665 868 Samaritis
683 845 796 868 exortae.
826 846 830 849 '

1078 250 1145 285 ὁμοῦ
1162 251 1190 276 δὲ
1209 251 1312 278 ἅπασαι
1330 253 1377 279 σὺν
1393 255 1453 285 ταῖς
1467 250 1571 280 ἑαυτῶν
1592 254 1711 289 μητράσι
1730 253 1784 279 τῶν
1801 255 1864 290 ἀρι-

1078 295 1154 329 θμῶν
1173 296 1181 311 ¹
1199 296 1379 333 ὀγδοήκοντα-
1398 295 1436 325 ὧν
1453 299 1505 325 εἰσι
1523 298 1640 334 μητέρες
1657 298 1706 334 μὲν
1724 298 1804 325 πέντε
1819 299 1867 325 οὖν

1077 349 1149 373 τως·
1173 342 1373 378 Βαρϐαρισμὸς,
1404 345 1566 379 Σκυθισμδς,
1591 344 1782 379 Ἑλληνισμὸς,
1802 345 1870 370 Ἰου-

1077 387 1209 422 δαῖσμὸς,
1237 390 1464 425 Σαμαρειτισμός.
1486 391 1534 416 Ἐκ
1557 389 1669 423 τούτων,
1696 390 1725 422 ἐξ
1745 389 1870 424 Ἐλληνι-

1079 433 1147 467 σμοῦ
1165 433 1214 469 μὲν
1230 435 1349 469 αἱρέσεις
1369 436 1510 471 τέσσαρες,
1535 435 1737 471 Πυθαγορείων,
1758 436 1868 461 mare»

1079 478 1171 509 νικῶν.
1194 480 1332 516 Στωϊκῶν,
1349 481 1553 517 Ἐπικουρείων.
1581 481 1648 508 Ἀπὸ
1666 482 1694 508 δὲ
1716 480 1764 507 τοῦ
1785 481 1869 516 νόμου

1079 524 1131 559 πρὸ
1154 526 1272 561 Χριστοῦ
1299 527 1449 563 παρουσίας
1475 528 1525 562 τῆς
1549 528 1680 563 ὲνσάρκου
1705 527 1819 554 ἕνδεκα·
1836 528 1871 553 ὲκ

1080 571 1130 606 μὲν
1149 572 1283 598 Ἰουδαίων
1301 572 1382 604 ἑπτὰ,
1403 572 1601 607 Γμμματὲων,
1615 573 1778 608 Φαρισαίων,
1801 572 1868 599 Σαδ-

1078 616 1219 651 δουκαίων,
1232 618 1374 651 Ἐσσαίων,
1388 618 1579 654 Νασσαραίων,
1599 618 1870 654 Ἦμεροϐαπτιστῶν,

1085 662 1265 699 Ἠρωδιανῶν.
1281 664 1330 690 Ἐκ
1348 664 1376 690 δὲ
1395 664 1571 699 Σαμαρειτῶν
1589 665 1730 700 τέσσαρες,
1750 664 1870 699 Γοροθη-

1080 709 1142 740 νῶν,
1168 709 1327 742 Σεϐουαίων,
1345 709 1482 746 Ἐσσηνῶν
1493 731 1501 743 ,
1527 709 1672 737 Δοσιθέων·
1689 710 1756 746 ὁμοῦ
1773 711 1872 738 ἕνδεκα

1078 755 1132 782 ἀπὸ
1147 755 1229 791 νόμου
1248 756 1279 786 ἐξ
1291 756 1427 783 Ἰουδαίων
1443 756 1491 783 καὶ
1502 757 1679 792 Σαμαρειτῶν
1695 757 1827 792 φύσασαι.

280 883 346 910 ΧΙΙΙ.
368 883 507 913 Universae
528 886 611 921 igitur
622 891 685 914 ante
705 887 851 914 adventum
872 886 985 918 Christi,
1003 889 1026 914 el

1116 887 1164 916 II".
1182 888 1270 916 Πᾶσαι
1282 880 1335 917 ὀὖν
1348 890 1376 916 αἱ
1390 890 1442 926 πρὸ
1456 892 1586 928 ἑνσάρκου
1601 892 1648 920 τοῦ
1665 893 1783 929 Χριστοῦ
1800 903 1871 931 παρ-

235 928 269 955 ad
295 929 384 964 ipsum
409 939 495 966 usque
523 937 633 967 sumpto
661 933 694 959 ab
714 933 819 960 Adamo
839 933 1029 967 initioviginti

236 978 310 1006 sunt.
328 974 394 1003 Post
406 977 552 1004 adventum
574 986 639 1005 vero
655 978 758 1006 Christi
774 987 862 1014 usque
880 979 913 1006 ad
931 979 1030 1007 Valen-

239 1019 385 1053 tiuianum,
411 1020 552 1050 Valentem
576 1027 604 1050 et
632 1023 804 1058 Gratianum,
827 1032 924 1053 omnes
945 1026 1029 1053 luere-

236 1073 292 1097 scs.
307 1074 367 1101 qua:
379 1066 449 1096 falso
462 1068 563 1096 Christi
582 1077 679 1098 nomen
697 1076 876 1107 usurparunt,
888 1072 1030 1107 sexaginta

236 1116 310 1144 sunt,
330 1122 392 1148 qua:
414 1115 466 1142 hoc
485 1116 564 1143 modo
581 1121 781 1145 numerantur:
799 1117 962 1151 Sirnoniani,
976 1118 1028 1146 Me-

236 1158 404 1191 nandriani,
440 1159 631 1194 Saturniliani,
661 1162 836 1196 Basilidiani,
871 1163 1027 1196 Nicolaitae,

236 1201 357 1230 Gnostici
367 1204 412 1238 qui
423 1208 449 1231 et
460 1204 611 1234 Stratiotici
624 1211 651 1235 et
669 1207 839 1239 Phibionitae.
849 1213 876 1235 et
884 1216 900 1235 a
912 1209 1031 1236 nonnul-

236 1246 270 1273 lis
297 1247 509 1282 Secundianitaa,
537 1251 605 1278 alias
631 1253 787 1284 Socratitm,
804 1253 873 1280 alias
893 1253 1028 1287 Zacchaii,

237 1291 301 1318 item
322 1292 456 1321 Coddiani
478 1296 651 1331 appellantur
676 1304 707 1324 ac
732 1297 898 1332 Borboritae;
922 1299 1027 1334 Carpo-

237 1337 354 1368 cratitze,
379 1339 549 1368 Cerintliiaui
568 1341 614 1375 qui
635 1345 662 1369 et
687 1342 874 1376 Merinthiani,
890 1343 1025 1378 Nazorri,

236 1382 370 1415 Ebionaei,
384 1383 533 1418 Valentini,
549 1385 716 1414 Secundiani
728 1408 735 1420 ,
752 1389 852 1424 quibus
867 1390 1028 1426 adjungitur

241 1427 396 1464 Epiphanes
421 1437 449 1458 et
472 1431 615 1460 Isidorus:
641 1433 861 1468 Ptolemaeonitaz,
886 1436 1027 1469 Marcosii,

235 1474 400 1508 Colorbasii,
419 1476 626 1511 Heracleonitze,
643 1478 873 1514 Opliitaz,Caiani.
893 1481 1026 1516 Selhiani,

1079 933 1185 965 θυσίας,
1199 934 1246 961 ἐπὶ
1261 936 1347 971 ’Δδὰμ
1368 936 1530 972 ἀρξάμεναι,
1545 939 1592 966 καὶ
1610 940 1704 975 μέχρις
1717 940 1815 975 αὐτῆς,
1832 942 1871 968 εἵ-

1080 978 1155 1005 κοσίν
1172 980 1238 1006 εἱσι·
1257 980 1325 1014 μετὰ
1343 980 1371 1007 δὲ
1383 982 1431 1017 τὴν
1456 983 1586 1019 ἐνσαρκον
1603 984 1649 1011 τοῦ
1664 985 1783 1021 Χριστοῦ
1799 995 1872 1022 παρ-

1079 1024 1173 1051 ουσίαν
1181 1025 1233 1057 in);
1252 1026 1388 1060 βασιλείας
1403 1029 1635 1063 Οὑαλεντινιανοῦ,
1646 1031 1692 1057 καὶ
1709 1031 1870 1065 Οὐάλεντος,

1081 1069 1128 1097 καὶ
1141 1070 1300 1105 Γρατιανοῦ,
1316 1073 1403 1099 πᾶσαι
1419 1074 1446 1100 αἱ
1461 1074 1581 1110 αἱρέσεις
1595 1076 1623 1101 αἱ
1644 1075 1748 1110 ψευδῶς
1769 1077 1870 1112 ἐπιφη-

1082 1115 1195 1150 μίσασαι
1222 1117 1252 1143 τὺ
1276 1118 1323 1144 τοῦ
1338 1119 1456 1153 Χριστοῦ
1484 1120 1569 1155 ὄνομα
1592 1121 1711 1153 ἑαυταῖς,
1737 1121 1872 1157 ἑξήκοντὰ

1080 1162 1165 1194 εἰσιν,
1191 1163 1290 1194 οὕτως
1308 1164 1523 1199 ἀριθμούμεναι·
1552 1167 1713 1201 Σιμωνιανοὶ
1726 1187 1733 1199 ,
1762 1168 1872 1195 Μεναν-

1079 1206 1191 1242 δριανοὶ,
1213 1207 1377 1243 Σατορνῖλοι,
1400 1209 1588 1243 Βασιλιδιανοὶ,
1610 1211 1779 1245 Νικολαῖται,
1799 1213 1872 1241 Γνω-

1080 1252 1217 1284 στικοὶποὶ
1230 1253 1258 1280 δὲ
1274 1254 1469 1289 Στρατιωτικοὶ
1491 1257 1537 1283 καὶ
1557 1257 1723 1289 Φιϐιωνῖται,
1747 1259 1823 1294 παρὰ
1841 1260 1871 1287 δέ

1078 1305 1133 1323 τισι
1149 1297 1374 1330 Σεκουνδιανῐται,
1387 1301 1451 1335 παρ’
1464 1300 1554 1333 ἄλλοις
1570 1302 1598 1328 δὲ
1612 1303 1790 1339 Σωχρατῖται,
1803 1306 1871 1341 παρ’

1079 1342 1182 1378 ἑτέροις
1198 1343 1227 1369 δὲ
1243 1344 1381 1379 Ζακχαίοι,
1400 1345 1475 1381 παρὰ
1490 1345 1518 1372 δέ
1534 1355 1588 1373 τισι
1605 1348 1744 1376 Κοδδιανοὶ
1760 1349 1872 1386 λεγόμε-

1079 1396 1118 1414 νοι
1143 1389 1190 1415 καὶ
1211 1389 1381 1426 Βορὸορῖται,
1399 1392 1635 1429 Καρποκρατίται,
1653 1395 1829 1430 Κηρινθιανοὶ
1845 1397 1870 1423 οἱ

1077 1435 1106 1461 δὲ
1130 1435 1319 1471 Μηρινθιανοὶ,
1345 1437 1510 1473 Ναζωραῖοι,
1531 1440 1699 1474 Ἐϐιωναίοι,
1727 1442 1871 1470 Οὐαλεντῖ-

1077 1489 1129 1512 νοι,
1155 1482 1357 1516 Σεκουνδιανοὶ,
1386 1482 1427 1515 οἷς
1453 1485 1615 1513 συνάπτεται
1641 1487 1798 1522 Ἐπιφάνιος
1822 1490 1871 1516 καὶ

235 1519 407 1556 Archontici,
433 1522 609 1556 Cerdoniani,
634 1524 829 1559 Marcionistae,
849 1526 1025 1562 Lucianistae,

1085 1527 1227 1563 Ἰσίδωρος,
1251 1529 1490 1565 Πτολεμαιονῖται,
1515 1532 1665 1568 Μαρκόσιοι
1692 1519 1715 1566 ’ξ
1728 1519 1870 1571 Κολσρὸἀ-

235 1566 415 1602 Appelleiaui,
443 1569 594 1603 Severiani,
620 1570 739 1603 Tatiani.
765 1573 923 1606 Encratitaz,
949 1574 1027 1602 Cata-

238 1614 359 1648 phryges
372 1614 418 1649 qui
435 1619 462 1642 et
480 1615 660 1649 llloutauistte,
678 1622 705 1644 ct
720 1617 954 1655 Tascodrungitaa,
974 1620 1026 1649 Pe-

235 1658 344 1692 pusiani
369 1660 414 1694 qui
443 1665 470 1687 et
487 1661 653 1689 Priscilliani
678 1667 704 1690 et
719 1663 889 1696 Quintilliani
904 1676 910 1693 :
927 1667 1026 1701 quibus

235 1710 419 1732 accensentur
448 1706 617 1742 Artotyritze,
644 1707 950 1745 Tessarescmrlecatitze,
979 1713 1026 1748 qui

234 1748 340 1777 Pascha
359 1755 428 1778 stata
442 1759 473 1779 ac
493 1753 545 1780 ﬁxa
565 1755 629 1781 anni
649 1755 693 1783 die
713 1756 869 1790 celebrant;
887 1758 964 1793 Alogi
979 1759 1026 1793 qui

235 1794 413 1832 Evangelium
450 1804 478 1826 et
503 1799 696 1836 Apocalypsin:
726 1801 841 1831 Joannis
875 1809 1024 1839 respuunt,

234 1842 391 1875 Adamiani,
417 1843 547 1880 Sampsa'i
565 1847 612 1881 qui
626 1851 653 1874 et
675 1847 816 1883 llelceswi,
833 1848 1024 1885 Tlreodotiani,

235 1887 483 1923 Melchisedeeiani,
507 1891 728 1927 Bardesianistm,
754 1894 890 1928 Noetiani,
913 1895 1024 1930 Valesii,

234 1934 345 1961 Cathari
372 1936 419 1970 qui
445 1940 473 1963 et
501 1936 646 1967 Novatiani
671 1944 717 1967 aut
740 1941 822 1968 etiam
845 1941 1024 1976 Montenses;

234 1987 298 2007 nam
330 1980 367 2007 ita
398 1981 490 2010 Romae
511 1989 658 2018 vocantur;
685 1985 826 2022 Angelici,
861 1987 1024 2022 Apostolici.

234 2026 290 2053 sive
305 2026 531 2061 Renuntiatorcs,
547 2028 705 2067 S_alielliani,
721 2031 885 2067 Origenistae
902 2033 948 2067 qui
964 2037 1025 2060 tur-

235 2070 282 2105 pia
308 2070 424 2105 faciunt,
443 2072 495 2107 19
508 2064 669 2109 Gri-genista:
695 2076 729 2103 ab
748 2064 864 2112 Oi‘igene
887 2064 1025 2105 Adaman-

235 2116 286 2148 tio,
310 2115 389 2143 Pauli
415 2116 616 2146 Samosateusis
641 2124 801 2156 sectatores,
818 2122 961 2150 Manichtei
978 2123 1025 2158 qui

236 2165 262 2188 ct
285 2161 436 2193 Acuaniize,
459 2161 621 2197 Hieracitte;
644 2165 780 2194 Meletiani
794 2169 840 2203 qui
865 2169 892 2196 in
907 2168 1025 2204 Egypto

1078 1581 1141 1606 σιοι,
1178 1572 1398 1608 Ἡρακλεωνῖται,
1428 1576 1550 1611 Ὀφίται,
1576 1578 1700 1610 Καῐανοὶ,
1730 1580 1870 1615 Σηθιανοὶ,

1084 1619 1260 1655 ’Λρχοντικοὶ,
1281 1621 1473 1657 Κερδωνιανοὶ,
1495 1624 1700 1658 Μαρκιωνισταὶ
1714 1646 1722 1656 ,
1752 1626 1873 1653 Λουκια-

1077 1666 1174 1698 νισταὶ,
1189 1666 1387 1702 Ἀπελληῖανοὶ,
1405 1669 1573 1704 Σευηριανοὶ,
1593 1670 1728 1703 Τατιανοὶ,
1754 1672 1872 1708 Ἐγκρα-

1077 1711 1157 1743 τῖται,
1176 1712 1361 1747 Κατάφρυγας
1377 1713 1387 1728 ³
1402 1714 1426 1739 οἱ
1448 1714 1495 1740 καὶ
1508 1714 1689 1741 Μοντανισταὶ
1702 1716 1748 1742 καὶ
1763 1717 1873 1745 Τασκο-

1076 1755 1230 1790 δρουγίται,
1254 1756 1433 1788 Πεπουζιανοὶ
1463 1759 1487 1784 οἰ
1516 1759 1561 1785 καὶ
1592 1759 1793 1794 Πρισκιλλιανοὶ
1822 1764 1872 1789 καὶ

1076 1801 1285 1833 Κυϊντιλλιανοὶ,
1308 1799 1348 1833 οἷς
1375 1801 1554 1829 συνάπτονται
1576 1804 1778 1840 ’Λρτοτυρῖται,
1801 1808 1870 1834 Τεσ-

1078 1847 1357 1883 σαρεσκαιδεκατῖται,
1386 1849 1410 1874 οἱ
1432 1848 1461 1875 τὸ
1487 1849 1582 1884 Πάσχα
1609 1851 1671 1885 μίαν
1694 1852 1799 1887 ἡμέραν
1821 1854 1868 1880 τοῦ

1077 1893 1153 1925 ἔτους
1175 1892 1328 1926 ποιοῦντες·
1345 1894 1452 1928 Ἀλογοι
1471 1895 1496 1921 οί
1518 1895 1547 1921 τὺ
1562 1896 1727 1931 Εὖαγγέλιον
1749 1899 1795 1925 καὶ
1817 1899 1868 1934 τὴν

1083 1939 1266 1974 Ἀποκὰλυψιν
1295 1939 1419 1966 Ἰωάννου
1449 1940 1486 1976 μὴ
1510 1941 1667 1976 δεχόμενοι,
1694 1944 1867 1979 Ἀδαμιανοῐ,

1077 1984 1222 2019 Σαμψαῐοι,
1235 1985 1260 2010 οἱ
1273 1985 1319 2012 καὶ
1340 1985 1500 2018 Ἐλκεσαῖοι,
1513 1986 1688 2020 Θεοδυτιανοὶ,
1708 1990 1868 2024 Μελχισεδε-

1076 2031 1173 2062 κιανοὶ,
1190 2031 1426 2067 Βαρδησιανισταὶ,
1437 2031 1590 2066 Νοητιανοὶ,
1606 2034 1762 2070 Οὐαλήσιοι,
1776 2036 1869 2063 Καῦα-

1077 2077 1119 2111 pol.
1131 2077 1156 2103 οί
1171 2077 1216 2104 καὶ
1235 2078 1383 2106 Ναυαταῖοι
1407 2079 1432 2105 οἱ
1451 2080 1496 2106 καὶ
1513 2081 1658 2115 Μοντήσιοι
1676 2081 1714 2114 ὼς
1729 2082 1756 2108 ὲν
1775 2081 1868 2117 Ῥώμῃ

1076 2122 1240 2155 καλοῦνται,
1266 2123 1435 2158 ’Λγγελικοὶ,
1463 2126 1665 2158 Ἀποστολικοὶ,
1692 2127 1868 2160 Ἀποτάκται,

1078 2168 1260 2201 Σαϐελλιανοὶ,
1275 2169 1455 2205 Ὡριγενισταὶ
1481 2172 1504 2197 οἱ
1537 2172 1582 2197 καὶ
1602 2171 1779 2206 αἱσχροποιοὶ,
1795 2172 1869 2207 Ὠρι-

235 2207 356 2235 sclrisma
388 2207 560 2241 conﬂarunt;
592 2209 682 2237 Ariani
709 2213 807 2246 quiet
832 2213 1024 2248 Ariomanitai;

1078 2215 1201 2248 γενισταὶ
1216 2215 1240 2240 οἱ
1252 2215 1298 2241 τοῦ
1314 2215 1502 2251 Ἀδαμαντὶου,
1515 2217 1539 2243 al.
1559 2216 1665 2243 Παύλου
1683 2216 1728 2243 τοῦ
1747 2218 1869 2252 Σαμοσα-

234 2251 351 2278 Audiani
370 2252 417 2287 qui
438 2252 558 2279 schisma
581 2261 635 2281 non
654 2255 771 2283 hmresin
790 2256 914 2290 faciunt;
933 2258 1023 2285 Photi-

235 2297 320 2327 niani.
343 2295 524 2330 Marcelliani,
544 2298 680 2332 Semiarii,
701 2300 952 2334 Pneumatomaclti,
974 2305 1021 2338 qui

236 2341 264 2368 in
297 2347 421 2370 sanctum
440 2343 487 2372 Dei
514 2344 647 2380 Spiritum
680 2347 861 2375 contumelias
892 2348 1020 2382 jaciunt;

235 2386 358 2420 Aeriani,
382 2388 491 2416 Aetiani
515 2392 563 2426 qui
581 2395 608 2419 et
627 2392 763 2425 Anommi,
782 2393 883 2428 quibus
900 2395 1024 2431 adjungi-

238 2435 282 2459 tur
308 2432 468 2466 Eunomius,
491 2436 547 2463 imo
575 2439 665 2472 potius
690 2439 839 2474 Anomius;
873 2440 1023 2470 Dimazrita:

239 2476 286 2511 qui
305 2484 360 2503 non
374 2478 524 2511 perfectam
540 2480 641 2510 Christi
656 2482 873 2513 lncarnationcm
891 2486 1035 2515 conﬁtem-

237 2527 292 2554 tur,
322 2526 349 2549 et
370 2523 590 2561 Apollinaristze;
620 2531 676 2555 tum
699 2529 746 2564 qui
767 2535 890 2558 sanctam
912 2531 1024 2560 Mariam

237 2574 347 2602 semper
370 2566 527 2603 Virginem,
554 2575 699 2607 postquam
721 2573 891 2602 Salvatorem
915 2577 1024 2611 genuit,

236 2620 298 2639 cum
315 2612 433 2648 Josepho
446 2616 673 2645 consuetudinem
691 2618 819 2647 habuisse
832 2620 941 2655 dicunt,
957 2629 1026 2657 quos

1074 2260 1153 2292 τέως,
1168 2261 1313 2295 Μανιχαίοι
1327 2261 1351 2287 οἱ
1364 2262 1411 2287 καὶ
1426 2263 1589 2295 ’Λκοανῖται,
1609 2263 1765 2299 Ἱερακῖται,
1780 2264 1869 2298 Μελη-

1075 2306 1160 2332 τιανοὶ
1182 2307 1206 2332 σί
1231 2308 1290 2332 κατ’
1309 2307 1444 2341 Αἴγυπτον
1461 2309 1562 2344 σχίσμα
1585 2310 1671 2340 ὄντες,
1687 2310 1819 2344 Ἀρειανοὶ
1836 2310 1861 2336 οἱ

1075 2351 1123 2377 καὶ
1147 2351 1358 2386 Ἀρειομανῖται,
1387 2353 1513 2379 memet
1538 2353 1568 2379 τὸ
1596 2354 1708 2389 σχίσμα,
1733 2353 1791 2392 αλλ·
1817 2354 1868 2388 οὐχ

1077 2396 1181 2432 αἵρεσις
1194 2415 1201 2427 ,
1231 2397 1389 2424 Φωτινιανοὶ
1404 2418 1411 2430 ,
1443 2398 1641 2434 Μαρκελλιανηὶ
1655 2420 1662 2431 ,
1699 2400 1867 2434 Ἡμιάρειοι,

1078 2440 1303 2476 Πνευματομάχοι
1320 2442 1344 2468 οἱ
1366 2442 1396 2469 τὸ
1416 2443 1492 2476 ἆγιον
1508 2443 1618 2479 Πνεῦμα
1630 2444 1676 2471 τοῦ
1691 2444 1757 2471 Θεοῦ
1785 2445 1869 2480 βλασ-

1076 2486 1240 2521 φημοῦντες,
1266 2487 1410 2523 Ἀεριανοὶ,
1434 2489 1531 2515 ’Λέτιοι
1554 2489 1577 2516 οἱ
1601 2490 1648 2516 καὶ
1664 2490 1809 2525 ’Λνόμοιοι,
1826 2489 1867 2524 οἷς

1077 2532 1242 2558 συνάπτεται
1257 2533 1397 2568 Εὑνόμιος,
1411 2533 1509 2569 μᾶλλον
1519 2534 1547 2561 δὲ
1561 2535 1575 2561 ὁ
1588 2535 1702 2571 ἄνομος⁸
1714 2537 1867 2572 Διμοιρίται

1077 2577 1102 2603 οἱ
1118 2577 1154 2612 μὴ
1167 2577 1272 2604 τελείαν
1290 2579 1408 2613 Χριστοῦ
1421 2579 1468 2614 τὴν
1485 2580 1689 2616 ὲνανΘρὼπησιν
1704 2582 1869 2617 ὁμολογοῦν-

1071 2631 1132 2654 τες,
1151 2623 1332 2658 Ἀπολινάριοι
1348 2625 1373 2650 οί
1397 2625 1443 2651 καὶ
1455 2625 1505 2660 τὴν
1522 2625 1602 2659 ἁγίαν
1623 2626 1730 2662 Μαρίαν
1744 2627 1794 2663 τὴν
1807 2628 1871 2655 ἀει-

276 2689 283 2704 ¹
297 2689 360 2717 Cor.
376 2691 422 2718 τὸν
439 2692 566 2728 ἀριθμόν.
604 2695 614 2709 ¹
631 2703 676 2728 πρ,
693 2695 852 2730 Μαρκίσιοι,
873 2696 892 2723 1⁸.
910 2697 1081 2732 Μαρκώσιοι.
1115 2699 1130 2714 ’³
1145 2708 1189 2734 γρ.
1205 2699 1398 2736 Κατάῳρυγες.

272 2767 329 2808 (μί)
357 2768 395 2808 l_)e
419 2769 626 2808 illis-omnibus
652 2771 779 2808 distincte
793 2771 938 2808 etwfusius
967 2774 1024 2808 agit

237 2802 404 2841 Epiphanius
428 2805 455 2831 iu
480 2804 557 2833 libris
577 2806 635 2834 suis
663 2806 760 2839 tribus,
785 2807 884 2841 quibus
911 2802 1024 2835 Panu‘rii

238 2837 334 2866 indidit
360 2847 479 2867 nomen:
501 2841 554 2876 agit
583 2845 608 2869 et
633 2842 660 2869 in
683 2837 800 2869 Pandrii'
819 2850 937 2875 summa,
968 2844 1025 2871 sive

1078 2775 1312 2809 Anacephalmosi;
1324 2781 1351 2805 et
1369 2777 1429 2806 ideo
1441 2778 1476 2806 de
1500 2779 1595 2807 iisdem
1609 2781 1708 2808 redibit
1723 2782 1800 2809 nobis
1817 2784 1866 2811 ali-

1078 2811 1143 2845 quid
1157 2815 1310 2846 opportune
1323 2820 1338 2840 e
1358 2819 1386 2840 re
1401 2818 1494 2842 nostra
1511 2815 1660 2843 adnotandi
1675 2818 1794 2845 occasio.
