1940 3043
245 149 277 177 ιδ

941 152 969 181 S.
988 152 1159 180 EPlPllAMl

1832 155 1862 182 Η

243 208 344 242 Ipsum,
364 208 487 244 inquam,
505 216 558 236 non
576 209 706 244 Spiritum
732 211 916 239 circumvenis
928 233 934 243 ,
951 217 1025 247 teque

1085 211 1128 238 τὸν
1153 211 1284 243 άλίδκεις,
1311 211 1358 237 καὶ
1381 211 1410 237 οὒ
1436 211 1465 237 τὸ
1488 210 1615 246 Πνεῦμν
1643 210 1738 239 σαυτόν
1758 211 1863 238 ἀπαλλο-

243 255 332 289 ipsum
353 263 368 282 a
388 255 433 283 Dei
455 255 552 290 gratia,
572 263 631 298 non
649 254 746 282 Filium
762 264 777 283 a
794 256 883 289 Patre,
905 262 951 284 aut
971 257 1032 293 Spi-

242 299 324 326 ritum
339 305 465 327 sanetum
478 308 492 326 a
509 299 589 327 Patre
606 300 732 336 Filioque
745 301 878 338 sejungis.

278 384 335 412 XV.
357 385 437 413 Forte
469 386 535 413 illud
555 395 604 422 pro
635 388 736 423 ingenii
765 389 804 416 lui
836 389 984 418 calliditate
1007 394 1034 418 ct

242 432 366 461 acumine
385 432 464 460 nobis
479 433 594 467 objicics
608 443 614 461 ι
631 434 684 461 hoc
696 435 769 462 enim
787 435 820 463 de
839 436 947 464 stolidis
961 444 1032 464 nou-

242 477 323 504 nullis
345 478 439 505 audire
462 479 585 513 memini,
607 480 653 515 qui
671 479 719 509 Dei
734 486 760 509 et
777 481 929 510 Salvatoris
942 483 1030 511 nostri

241 523 381 551 veritatem
404 525 430 551 in
449 526 641 553 contumeliam
657 531 807 561 vertentes,
827 528 899 556 istud
921 529 949 556 in
973 538 1030 557 me-

240 571 314 597 dium
345 570 473 598 atierrent
495 582 501 599 :
522 572 569 600 Dei
598 572 708 608 quidem
740 574 876 609 profunda
911 575 1030 602 scrutari

241 616 382 651 Spiritum,
409 617 455 644 sed
480 617 594 646 minime
620 619 750 654 consequi
767 628 773 647 :
789 620 863 655 quod
892 620 1029 656 ejusmodi

246 664 408 691 vocabulum
425 664 449 691 ei
465 666 607 692 scntentix
622 665 734 692 minime
751 665 833 693 fuerit
847 666 1007 701 adiunctum
1021 676 1027 694 :

238 710 303 745 quin
330 710 396 738 illud
422 719 506 737 unum
529 711 603 738 dicat
631 711 803 746 Apostolus:
823 712 871 739 Dei
896 713 1029 747 profunda

238 762 384 791 scrutatur,
409 766 498 793 neque
517 758 649 793 scriptum
666 759 712 790 sit,
735 759 895 794 assequitur.
913 760 935 787 0
951 760 1028 787 inau-

237 803 321 831 ditam
331 804 490 831 stultitiam!
507 803 578 831 Num
591 804 673 837 enim,
687 804 826 832 hominum
841 806 1025 839 insanissime,

237 854 298 885 post
316 850 455 877 scrutandi
481 850 773 886 verbum,assequendi
797 859 849 879 vox
870 853 1027 880 necessario

236 898 428 933 subjungenda
444 898 516 939 fuit?
528 898 595 925 Nam
613 899 635 926 si
651 899 758 927 stolidae
774 903 828 928 tua).
841 901 966 936 opinioni
981 902 1028 929 tri-
1043 889 1063 919 Β

235 944 345 972 buenda
366 944 432 972 ﬁdes
453 949 504 978 est,
529 953 574 973 res
598 945 650 973 erit
668 946 774 978 mutila,
791 947 844 975 nisi
861 948 1026 976 vocabulum

235 991 302 1018 illud
326 990 455 1018 addatur.
482 990 561 1018 Nunc
583 997 674 1019 autem
699 993 775 1020 nulla
794 993 842 1021 tibi
869 999 910 1021 cst
932 994 1027 1022 relicta

234 1036 436 1070 tergiversatio.
455 1035 523 1063 Nam
543 1036 685 1072 Scriptura
709 1038 755 1073 pio
773 1046 805 1066 ac
831 1039 960 1075 religioso
978 1040 1028 1068 ho-

234 1082 300 1109 mini
313 1082 454 1110 veritatem
473 1090 506 1110 ex
518 1084 592 1110 omni
609 1089 686 1119 parte
701 1085 855 1112 conﬁrmat.
873 1086 979 1114 Etenim
994 1087 1028 1114 de

234 1128 423 1162 omnipotente
446 1127 510 1161 Deo,
534 1129 571 1156 ita
587 1130 720 1164 srriptum
740 1134 802 1159 est:
822 1131 893 1159 Deus
910 1132 1026 1166 probans

234 1181 317 1205 renes,
331 1179 355 1200 et
370 1175 466 1201 ventris
483 1179 583 1202 secreta
600 1180 770 1209 perscrutans
784 1177 802 1204 ¹.
819 1175 918 1209 Quodsi
946 1186 1026 1206 rencs

233 1219 344 1254 probat,
361 1228 451 1247 nonne
466 1220 516 1247 hoc
531 1221 621 1255 ipsum
643 1221 715 1256 quod
753 1222 851 1256 probat
868 1223 1027 1257 cognoscit?

232 1273 266 1294 an
282 1273 345 1292 vero
368 1273 477 1292 onmem
499 1266 526 1292 in
541 1266 684 1301 probando
705 1267 887 1301 cognitionem
909 1268 1024 1302 positam

232 1318 295 1338 esse
308 1311 476 1338 declaravit?
492 1311 558 1338 Nam
573 1319 636 1339 cum
656 1313 734 1344 dicit,
746 1312 913 1347 Intvcstiyaus
926 1315 1024 1342 ventris

232 1361 342 1389 secreta,
364 1365 419 1384 non
434 1356 570 1391 adjnnxit,
586 1366 738 1393 assequeris.
761 1358 924 1386 Utrumnam
943 1361 1025 1395 igitur

231 1402 304 1437 (μυί)ιί
330 1402 392 1430 huic
410 1403 552 1430 sententia:
585 1403 740 1439 assequendi
763 1412 814 1431 vox
842 1405 944 1440 illigata
969 1413 1024 1433 non

233 1448 324 1480 fuerit,
339 1449 453 1476 exitium
470 1449 647 1484 mihimetipsi
664 1451 848 1485 consciscam,
870 1456 897 1479 et
911 1452 944 1479 ad
961 1460 1022 1480 sen-

233 1495 344 1522 tentiam
378 1495 445 1523 illud
475 1503 508 1523 ex
542 1500 607 1528 tua,
640 1496 821 1525 stolidissime
851 1498 1023 1531 mortalium,

231 1542 360 1576 opinione
376 1541 559 1576 adjiciendum
578 1541 699 1575 putabo?
712 1542 812 1569 Eodem
834 1543 926 1578 itaque
943 1544 1023 1571 modo

231 1595 257 1616 et
274 1588 308 1615 de
323 1587 428 1622 Spiritu
451 1592 548 1615 sancto
562 1587 666 1615 dictum
689 1593 732 1616 est
744 1589 817 1624 quod
831 1595 1022 1624 perscrutetur,

233 1643 321 1671 neque
346 1643 461 1663 necesse
481 1635 533 1662 fuit
558 1635 658 1663 addere
678 1636 750 1670 quod
779 1637 932 1671 investiget,-
961 1643 1023 1664 nam

232 1680 258 1707 in
274 1680 370 1707 eadem
385 1688 450 1708 voce
463 1680 634 1708 demonstrat
649 1681 740 1708 inesse
757 1681 784 1708 iu
801 1679 904 1716 Spiritu
930 1685 1025 1708 sancto

232 1726 278 1753 Dei
297 1734 329 1753 ac
350 1726 548 1761 profundorum
564 1726 651 1761 ipsius
665 1726 802 1754 notitiam.
819 1727 858 1754 Ac
876 1727 940 1754 licet
955 1735 1025 1754 asse-

230 1774 275 1808 qui
292 1780 345 1799 non
363 1772 448 1804 dicat,
465 1776 493 1799 tu
516 1772 588 1799 idem
606 1776 695 1801 tamen
719 1773 876 1808 intelligito,
897 1781 946 1800 nec
961 1774 1023 1800 ani-

231 1827 302 1846 mam
326 1824 399 1846 tuam
421 1819 448 1846 in
472 1819 620 1854 perniciem
644 1819 784 1854 conjicito.
809 1819 877 1846 Nam
894 1819 1024 1854 quemad-

231 1869 341 1895 modum
364 1867 397 1894 de
424 1866 504 1894 Patre
527 1865 605 1894 nefas
630 1871 671 1894 est
688 1867 780 1894 dicere
795 1867 846 1901 21
862 1866 1024 1902 perscrutari

231 1913 316 1946 illum,
338 1921 383 1939 nec
408 1913 523 1947 assequi,
541 1916 685 1947 propterea
713 1912 786 1948 quod
813 1913 951 1940 hominem
979 1913 1024 1940 ille

230 1948 353 1986 condidit
368 1966 430 1986 cum
454 1958 522 1986 Filio
537 1962 564 1986 et
584 1958 688 1993 Spiritu
708 1963 822 1991 sancto;
844 1967 906 1986 nam
924 1966 1021 1994 perpe-

230 2008 278 2031 tuo
304 2003 425 2030 Trinitas
452 2002 573 2031 Trinitas
592 2009 644 2036 est,
669 2011 719 2031 nec
733 2005 816 2031 ullam
840 2012 961 2039 unquam
979 2011 1024 2032 ac-

231 2051 385 2077 cessionem
400 2049 520 2076 admittit
536 2059 542 2076 :
557 2050 594 2076 ita
610 2049 682 2077 etde
699 2049 805 2085 Spiritu
818 2053 915 2077 sancto
930 2050 1024 2077 animo

230 2101 278 2123 tuo
295 2096 440 2130 concipere
458 2095 552 2123 debes.
576 2095 644 2122 Nam
661 2103 723 2123 cum
746 2095 812 2123 dicit
829 2096 966 2123 hominem
990 2096 1024 2123 ab

231 2141 278 2168 illo
297 2148 358 2168 esse
385 2139 569 2167 fabricatum:
589 2139 622 2166 1η
642 2139 782 2174 principio,
803 2139 902 2174 inquit,
927 2139 1024 2166 creavit

232 2187 302 2214 Deus
317 2186 410 2214 caelum
421 2190 446 2213 et
466 2190 564 2213 terram
576 2186 596 2218 ²,
616 2193 710 2213 vocem
729 2185 817 2213 Patris
834 2186 946 2218 indicat,
963 2192 1024 2219 qua:

231 2234 264 2261 ad
283 2233 486 2268 procreandum
508 2233 616 2264 invitat,
632 2237 715 2268 atque
731 2232 803 2260 istud
816 2232 928 2260 omnino
942 2238 1023 2258 voca-
1039 2249 1060 2276 Β

231 2280 337 2312 lmlum,
357 2279 513 2310 Faciamus.
529 2279 562 2307 ad
579 2278 677 2306 Filium
695 2284 721 2306 et
739 2278 872 2312 Spiritum
896 2280 1022 2304 sanctum

233 2326 329 2354 referri
348 2327 528 2362 pronuntiare
552 2333 608 2354 non
626 2325 758 2353 dubitem.
778 2324 823 2351 Sic
841 2323 914 2351 enim
938 2322 1024 2356 loqui-

233 2379 276 2399 tur
294 2382 299 2399 :
321 2372 404 2399 Verbo
419 2372 525 2399 Domini
544 2372 601 2400 ειείὶ
613 2372 715 2406 ﬁrmati
727 2376 799 2401 sunt,
811 2375 834 2397 et
851 2369 953 2404 Spiritu
969 2369 1022 2395 oris

231 2419 289 2452 ejus
301 2418 386 2444 omnis
400 2418 481 2445 virtus
494 2418 602 2445 illorum
614 2417 635 2446 ³.
649 2418 719 2452 Ergo
732 2424 793 2443 cum
807 2415 889 2443 Patre
902 2414 1023 2442 Verbum

233 2464 314 2491 simul
327 2463 455 2490 universa
473 2464 615 2498 producit;
634 2463 761 2499 producit
775 2463 838 2489 ilcm
860 2465 886 2489 et
902 2460 1023 2496 Spiritus

232 2514 355 2537 sanctus.
373 2509 464 2543 Quare
479 2510 526 2544 qui
544 2510 682 2537 hominem
700 2509 831 2544 produxit
850 2508 1024 2542 omnipotens

232 2557 314 2589 Deus,
324 2565 355 2585 ea
364 2557 468 2585 scilicet
476 2564 536 2592 quae
545 2561 609 2583 sunt
618 2556 737 2583 hominis
748 2556 860 2583 minime
871 2554 1023 2589 eognoseit,

231 2611 293 2629 cum
304 2603 407 2631 ventris
416 2601 602 2638 promptuaria
611 2600 874 2628 scrutatur?Verum
887 2607 1024 2627 summam

1085 259 1169 294 τριοῖς
1187 258 1239 284 ἀπὸ
1258 257 1307 293 τῆς
1331 256 1378 284 τοῦ
1399 257 1466 284 Θεοῦ
1486 257 1606 293 χάριτος,
1631 257 1678 284 καὶ
1697 258 1728 284 οὺ
1748 256 1792 283 τὸν
1808 257 1865 284 Tib-1

1084 303 1138 330 ἀπὸ
1153 302 1268 337 Πατρός,
1284 302 1343 329 οὐδὲ
1359 302 1390 329 τὸ
1411 302 1523 338 Πνεῦμα
1545 304 1575 330 τὸ
1594 303 1670 338 ἅγιον
1689 303 1743 330 ἀπὸ
1768 302 1864 338 Πατρὺς

1085 351 1131 376 καὶ
1148 349 1221 377 Υίοῦ.

1119 396 1168 423 lE'.
1187 397 1298 429 Πάντως
1324 396 1377 431 γὰρ
1396 396 1485 429 λέγεις
1508 395 1577 423 κατὰ
1599 395 1753 431 δεινότητα·
1769 396 1864 431 ἥκουσα

1083 442 1137 479 γὰρ
1153 442 1202 478 ἤδη
1216 442 1262 469 καί
1277 450 1352 473 τινας
1368 441 1579 477 ματαιόφρονας,
1594 441 1643 477 τὴν
1662 441 1708 468 τοῦ
1732 440 1798 468 Θεοῦ
1822 442 1864 468 καὶ

1083 487 1210 523 Σωτῆρος
1228 486 1305 522 ἡμῶν
1330 487 1459 521 ἀλήθειαν
1483 486 1674 521 μετατιθέντας
1694 487 1733 518 εἰς
1755 485 1865 521 βλασφη-

1083 533 1157 569 μίας,
1176 534 1222 560 καὶ
1239 533 1381 568 λέγοντας·
1403 533 1517 568 Ἐρευνᾷ
1533 532 1581 568 μὲν
1596 532 1630 559 τὰ
1645 532 1714 568 βάθη
1729 532 1776 559 τοῦ
1792 532 1864 563 Θεοῦ,

1081 580 1138 606 ἀλλ’
1158 580 1189 606 οὐ
1214 579 1428 614 καταλαμϐάνει,
1455 579 1499 605 διὰ
1525 579 1554 605 τὸ
1578 578 1615 614 μὴ
1637 578 1813 614 προσκεῖσθαι
1830 578 1867 613 τῷ

1081 625 1155 661 ῥητῷ
1167 626 1212 652 τὸν
1225 626 1304 660 λόγον
1320 625 1413 652 τοῦτον
1427 645 1434 657 ,
1451 623 1520 651 ἀλλὰ
1536 624 1615 660 μόνον
1632 625 1717 651 εἰπεῖν
1731 624 1776 651 τὸν
1790 624 1866 651 Ἀπό-

1081 673 1186 699 στολον·
1207 671 1329 707 Ἐρευνςῖ
1348 672 1384 699 τὰ
1401 671 1481 705 βάθη
1499 671 1553 699 τοῦ
1571 671 1655 703 Θεοῦ,
1668 671 1715 697 καὶ
1737 671 1767 697 οὺ
1789 671 1868 706 πρόσ-

1079 730 1167 747 κειται
1190 720 1236 752 τὸ,
1258 719 1487 754 κατιιΐαμϐάνει.
1506 719 1537 745 Ὢ
1563 719 1663 754 πολλῆς
1687 718 1866 754 ἠλιθιότητοςῐ

1078 767 1164 802 Χρεία
1178 767 1231 802 γὰρ
1242 764 1276 801 ἦν
1290 786 1297 797 ,
1317 765 1340 792 ὦ
1354 765 1480 800 θεήλατε,
1500 764 1569 798 μετὰ
1590 765 1621 790 τὸ
1643 765 1730 791 εἰπεῖν
1753 763 1866 798 ἐρευνᾷ,

1078 812 1165 838 εἰπεῖν
1176 810 1457 844 τὲ,καταλομϐἀνει;
1471 809 1549 836 Κατὰ
1566 808 1620 844 γὰρ
1632 808 1681 844 τὴν
1697 807 1746 844 σὴν
1762 808 1867 842 ἀφυΐαν,

1079 857 1166 892 χωλὸν
1183 857 1215 884 ἂν
1229 856 1377 891 ηὑρίσκετο
1392 855 1423 882 τὸ
1437 851 1553 890 πρᾶγμα
1570 853 1785 890 προστιθεμένης
1803 854 1812 870 ⁸
1822 853 1868 888 τῆς

1078 903 1176 936 λέξεως
1187 911 1193 918 ·
1210 902 1256 929 νῦν
1272 903 1300 930 δὲ
1314 903 1363 937 οὐχ
1378 902 1554 929 ὑπολείπεταί
1575 910 1614 928 σοι
1637 900 1788 936 πρόφασις·
1802 908 1868 927 παν-

1077 949 1189 985 ταχόθεν
1208 949 1292 984 γὰρὴ
1310 949 1405 985 Γραφὴ
1426 948 1538 983 συνάγει
1562 947 1601 983 τῷ
1622 946 1810 981 εὐλαϐεστάτῳ
1822 947 1869 973 άν-

1076 995 1122 1030 δρὶ
1136 995 1186 1030 τὴν
1200 994 1340 1030 ἀλήθειαν.
1358 994 1427 1029 Περὶ
1443 993 1496 1029 γὰρ
1512 992 1558 1020 τοῦ
1573 992 1790 1028 παντοκράτορος
1804 991 1869 1018 Θεοῦ

1077 1041 1232 1077 γέγραπται
1256 1040 1353 1073 οὕτως,
1367 1040 1408 1066 ὅτι
1425 1039 1457 1066 '0
1472 1039 1545 1072 Θεὸς
1558 1037 1720 1073 δοκιμάζων
1731 1037 1868 1072 νεφροὺς,

1077 1087 1125 1113 καὶ
1143 1085 1274 1120 ἐρευνῶν
1291 1085 1405 1119 ταμιεῖα
1424 1085 1550 1117 κοιλίας.
1569 1084 1600 1110 El
1622 1083 1650 1109 δὲ
1671 1082 1811 1118 δοκιμάζει
1827 1091 1869 1109 νει

1077 1132 1172 1167 φροὺς,
1191 1130 1246 1166 ἄρα
1263 1131 1312 1157 οὐκ
1326 1128 1406 1163 οἶδεν,
1427 1131 1467 1157 ὅτι
1491 1128 1650 1165 δοκιμάζεις
1667 1128 1684 1164 ἢ
1701 1128 1732 1155 τὸ
1753 1129 1806 1155 πᾶν
1821 1128 1869 1163 τῆς

1076 1176 1203 1212 γνώσεως
1227 1178 1254 1203 ὲν
1277 1176 1317 1212 τῷ
1343 1175 1501 1212 δοκιμάζειν
1521 1176 1697 1210 ἀπεφήνατο;
1725 1173 1870 1209 Ἐρευνῶν

1075 1222 1103 1248 δὲ
1118 1222 1232 1257 ταμιεῖα
1255 1223 1382 1255 κοιλίας,
1400 1222 1481 1249 πάλιν
1506 1221 1537 1248 οὐ
1561 1221 1723 1257 πρόσκειται
1740 1221 1871 1252 «mam—

1074 1267 1245 1302 λαμϐάνων.
1265 1267 1336 1302 ’Λρα
1362 1266 1409 1293 ἐὰν
1433 1266 1470 1302 μὴ
1496 1266 1657 1302 πρόσκειται
1678 1265 1718 1302 τῷ
1743 1265 1868 1301 ῥητῷτὸ,

1075 1312 1308 1347 καταλαμϐάνει,
1322 1312 1436 1339 θάνατον
1456 1312 1567 1348 ἐμαυτῷ
1589 1312 1757 1349 προξενήσω,
1780 1319 1870 1348 παρα-

1075 1358 1174 1391 πλὲξας
1189 1358 1227 1394 τῷ
1244 1357 1318 1394 ρητῷ
1339 1357 1385 1391 τὸ,
1409 1358 1445 1385 οὐ
1472 1358 1705 1393 καταλαμϐάνει,
1732 1360 1802 1384 κατὰ
1826 1357 1872 1384 τὸν

1076 1403 1121 1430 σὺν
1136 1404 1224 1438 λόγον,
1240 1401 1262 1431 ὦ
1275 1404 1391 1440 ἀνόητε;
1409 1403 1504 1436 Οὕτως
1519 1402 1566 1431 οὖν
1582 1405 1629 1431 καὶ
1642 1404 1705 1439 περὶ
1721 1403 1768 1430 τοῦ
1784 1402 1868 1430 Πνεύυ

1077 1459 1162 1486 ματος
1178 1449 1224 1476 τοῦ
1241 1449 1318 1484 ἁγίου
1340 1450 1458 1486 εἴρηται,
1475 1451 1517 1477 ὅτι
1537 1449 1657 1484 ἐρευνᾷ,
1679 1450 1725 1477 καὶ
1749 1449 1779 1475 οὐ
1793 1449 1872 1485 χρεία

1075 1494 1109 1532 ἦν
1125 1497 1222 1529 εἰπεῖν,
1240 1497 1280 1524 ὅτι
1304 1497 1350 1524 καὶ
1368 1496 1604 1532 καταλαμϐάνει·
1627 1497 1671 1523 ἐπ’
1693 1496 1775 1523 αὑτοῦ
1792 1495 1872 1530 λόγου

1075 1543 1160 1578 δηλοῖ,
1176 1543 1217 1569 ὅτι
1236 1543 1308 1570 ἔστιν
1325 1543 1353 1569 ὲν
1369 1543 1409 1578 τῷ
1425 1543 1563 1578 Πνεύματι
1587 1542 1627 1578 τῷ
1647 1542 1716 1578 ἁγίῳ
1736 1543 1753 1577 ἡ
1772 1542 1873 1576 γνῶσις

1075 1589 1122 1616 τοῦ
1139 1589 1216 1621 Θεοῦ,
1240 1590 1287 1616 καὶ
1309 1589 1364 1616 τῶν
1384 1589 1490 1625 βαθέων
1513 1589 1559 1615 τοῦ
1580 1589 1657 1617 Θεοῦ.
1679 1588 1737 1615 Κάν
1759 1597 1788 1615 σε
1808 1589 1819 1604 ⁶
1835 1588 1873 1622 μὴ

1075 1636 1150 1672 εἴπῃ,
1167 1636 1398 1670 καταλαμϐάνει,
1423 1636 1453 1662 τὸ
1480 1635 1546 1662 αὐτό
1572 1644 1616 1670 μοι
1638 1635 1742 1668 νόησον,
1761 1633 1809 1660 καὶ
1835 1633 1874 1669 μὴ

1075 1681 1123 1717 τὴν
1138 1682 1234 1709 ἑαυτοῦ
1249 1682 1338 1717 ψυχὴν
1352 1681 1479 1708 ἀπόλλυε.
1502 1681 1546 1712 Ὠς
1561 1681 1615 1716 γὰρ
1630 1680 1677 1706 ἐπὶ
1698 1680 1744 1706 τοῦ
1765 1680 1875 1715 Πατρὸς

1074 1729 1105 1754 οὐ
1122 1728 1270 1764 τολμητέον
1296 1728 1384 1762 λέγειν
1398 1728 1438 1759 τὺ,
1457 1726 1577 1761 Ἐρευνᾷ
1593 1726 1642 1752 καὶ
1666 1726 1703 1752 οὐ
1718 1728 1875 1761 καταλαμ-

1076 1774 1157 1800 ϐάνει
1167 1782 1173 1789 ·
1191 1774 1272 1805 αὐτὸς
1291 1774 1344 1809 γὰρ
1358 1773 1403 1800 τὸν
1419 1772 1562 1807 ἄνθρωπον
1577 1771 1668 1799 ἔκτισε
1684 1771 1734 1798 σὺν
1749 1771 1809 1807 Υἱῷ
1825 1772 1876 1799 καὶ

1074 1820 1145 1855 ἁγίῳ
1165 1820 1319 1855 Πνεῦματι·
1336 1819 1379 1845 ἀεὶ
1394 1819 1447 1854 γὰρ
1473 1819 1489 1854 ὴ
1514 1818 1598 1853 Τριὰς
1618 1817 1714 1853 Τριὰς,
1734 1818 1782 1845 καὶ
1797 1817 1875 1844 οὐδέ-

1075 1875 1141 1893 ποτε
1165 1865 1325 1901 προσθήκην
1350 1865 1501 1900 λαμϐάνειν
1525 1864 1596 1891 οὕτω
1619 1864 1652 1899 δὴ
1671 1864 1719 1890 καὶ
1741 1863 1807 1899 περὶ
1825 1863 1876 1890 τοῦ

1075 1912 1152 1946 ἁγίου
1183 1910 1340 1946 Πνεύματος
1378 1910 1496 1945 νοητέον.
1518 1910 1603 1936 Ὅταν
1634 1908 1689 1944 γὰρ
1716 1908 1802 1944 εἴπῃ,
1832 1908 1875 1934 ὅτι

1074 1957 1185 1994 ἐποίησε
1214 1957 1260 1984 τὸν
1286 1955 1446 1992 ἄνθρωπον,
1468 1956 1520 1982 Ἔν
1542 1955 1622 1990 ἀρχῇ
1647 1955 1701 1990 γὰρ
1727 1954 1877 1987 ἐποίησεν

1075 2004 1091 2030 ὁ
1115 2004 1187 2036 660(-
1205 2002 1260 2030 τὸν
1278 2001 1410 2036 οὐρανὸν
1429 2001 1478 2028 καὶ
1502 2000 1559 2035 τὴν
1577 1999 1644 2035 γῆν,
1670 1999 1797 2035 σημαίνει
1818 1999 1877 2026 [Ια-

1075 2050 1139 2085 τρὸς
1154 2049 1256 2085 φωνὴν,
1284 2047 1473 2084 συγκαλοῦσαν
1493 2048 1533 2079 εἰς
1555 2046 1751 2082 δημιουργίαν*
1771 2045 1820 2073 καὶ
1833 2043 1876 2074 τὸ.

1078 2095 1365 2131 Ποιήσωμεικλέγων,
1383 2094 1489 2129 εἴποιμι
1513 2092 1546 2120 ἂν
1574 2093 1638 2128 περὶ
1663 2091 1710 2119 τοῦ
1736 2091 1803 2118 Υῐοῦ
1827 2090 1878 2117 καὶ

1075 2141 1153 2175 ἁγίου
1170 2140 1338 2175 Πνεύματος.
1354 2139 1433 2167 Οὕτω
1452 2140 1506 2174 γὰρ
1530 2138 1620 2172 λέγει·
1648 2137 1692 2170 Τῷ
1706 2137 1791 2171 Λόγῳ
1813 2137 1877 2163 Κυ-

1070 2187 1140 2220 ρίου
1155 2186 1182 2212 οι
1200 2185 1322 2219 οὐρανοὶ
1338 2183 1575 2217 ἐστερεώθησαν,
1592 2182 1644 2209 καὶ
1666 2181 1706 2214 τῷ
1722 2181 1880 2216 Πνεὺματι

1075 2231 1128 2258 τοῦ
1157 2232 1305 2266 στόματος
1333 2229 1424 2258 αὑτοῦ
1451 2228 1536 2256 πᾶσα
1561 2229 1580 2262 ἡ
1608 2227 1735 2260 δύναμις
1760 2226 1879 2254 αὐτῶν.

1075 2276 1289 2312 Συνδημιουργεῖ
1313 2275 1403 2302 τοίνυν
1429 2276 1443 2301 ὁ
1467 2275 1552 2308 Λόγος
1580 2273 1619 2309 τῷ
1647 2273 1753 2309 Πατρί”
1776 2272 1881 2308 συνδη-

1075 2321 1201 2357 μιουργεῖ
1217 2321 1263 2347 καὶ
1281 2320 1311 2347 τὸ
1334 2320 1412 2354 ἅγιον
1440 2319 1563 2354 Πνεῦμα,
1582 2319 1612 2346 '0
1641 2318 1726 2345 τοίνυν
1756 2318 1881 2352 ποιήσας

1074 2367 1118 2394 τὸν
1133 2367 1275 2404 ἄνθρωπον
1294 2367 1492 2404 παντοκράτωρ
1517 2366 1593 2397 Θεὸς,
1619 2365 1669 2391 οὐκ
1693 2362 1747 2390 οἶδε
1767 2363 1803 2389 τὰ
1828 2362 1879 2389 τοῦ

1074 2414 1229 2450 ἀνθρώπου,
1243 2414 1360 2450 ἐρευνῶν
1376 2415 1487 2450 ταμιεῖα
1500 2413 1604 2444 κοιλίας
1617 2421 1624 2446 ;
1641 2410 1722 2438 Ἀλλὰ
1741 2409 1771 2436 τὸ
1799 2410 1881 2436 πλεῖ-

1075 2469 1136 2487 στον
1156 2460 1206 2495 τῆς
1224 2460 1272 2486 τοῦ
1295 2460 1363 2487 Θεοῦ
1379 2459 1505 2494 γνώσεως
1522 2460 1535 2486 ό
1552 2459 1630 2492 λόγος
1651 2457 1777 2492 ἐπιφέρει
1795 2455 1882 2482 τοῦτο

1072 2507 1169 2541 λέγων,
1195 2507 1238 2533 ἵνα.
1257 2508 1293 2542 μή
1314 2516 1355 2538 τις
1376 2506 1429 2533 τῶν
1454 2507 1482 2533 ἐν
1504 2506 1568 2541 ἡμῖν
1593 2503 1808 2539 ἁμαρτανόντων
1835 2511 1883 2528 νο-

1075 2554 1141 2590 μίσῃ
1163 2554 1202 2580 ἔτι
1222 2554 1276 2580 ἀπὸ
1298 2553 1366 2580 Θεοῦ
1389 2553 1552 2588 κεκρύφθαι.
1578 2552 1663 2583 Αὐτὸς
1678 2551 1732 2586 γὰρ
1753 2547 1811 2576 οῐδε
1832 2548 1882 2575 τὸν

1074 2600 1229 2636 ἄνθρωπον,
1246 2600 1292 2627 καὶ
1307 2600 1340 2626 τὰ
1355 2600 1400 2626 τοῦ
1417 2599 1571 2635 ἀνθρώπου.

231 2649 304 2676 illam
330 2649 376 2677 Dei
405 2648 588 2683 cognitionem
611 2647 653 2674 his
678 2647 768 2675 verbis
789 2652 868 2675 utens
889 2647 1032 2683 Scriptura
1060 2648 1212 2684 subjungit,
1239 2656 1274 2676 ne
1298 2648 1362 2683 quis
1393 2649 1463 2675 inter
1486 2655 1535 2675 nos
1558 2649 1671 2682 peccata
1686 2646 1883 2679 committens,

232 2698 316 2725 latere
331 2705 360 2725 se
376 2697 458 2724 Deum
476 2702 552 2732 putet
563 2703 654 2732 posse.
672 2695 731 2730 lpse
748 2694 820 2722 enim
842 2695 918 2722 novit
935 2695 1074 2723 hominem
1096 2700 1122 2723 et
1140 2704 1200 2732 qua:
1217 2701 1281 2723 sunt
1295 2695 1416 2723 hominis
1429 2696 1448 2722 ⁵.

265 2745 335 2773 XVI.
356 2745 490 2779 Quocirca
507 2745 587 2772 Pater
606 2743 792 2779 promptuaria
808 2744 913 2771 ventris
930 2743 1017 2778 inqui-

231 2793 267 2820 rit
288 2797 316 2820 et
340 2792 497 2828 cognoscit:
526 2792 645 2827 Spiritus
671 2798 735 2819 vero
757 2790 893 2826 profunda
919 2789 966 2817 Dei
991 2793 1018 2817 et

255 2850 275 2891 vf
288 2850 367 2878 Prov.
386 2859 430 2883 xx,
451 2851 494 2878 ΞΠ.
532 2853 542 2867 ¹
556 2850 621 2878 Gen.
643 2859 661 2884 I,
682 2850 705 2877 Ι.

234 2894 286 2914 γαν
305 2894 345 2920 γε.

746 2850 756 2866 ³
768 2849 839 2877 Psal.
862 2856 946 2880 xxxu,
963 2848 990 2875 6.

1044 2847 1141 2875 ‘Joan.
1163 2855 1193 2881 It,
1211 2848 1263 2881 2:3",
1282 2847 1289 2874 |
1310 2848 1372 2875 Cor.
1388 2853 1415 2881 n,
1435 2847 1476 2874 ll.

1108 2745 1165 2778 ις’.
1188 2744 1300 2780 Ἑρευνᾷ
1313 2743 1401 2770 τοίνυν
1422 2744 1436 2769 ὁ
1455 2743 1551 2779 Πατὴρ
1567 2743 1677 2777 ταμιεῖα
1705 2741 1815 2774 κοιλίας
1831 2744 1883 2770 καὶ

1072 2788 1158 2816 οἷδεψ
1176 2791 1273 2825 ἐρευνᾷ
1297 2790 1328 2816 τὸ
1354 2789 1466 2824 Πνεῦμα
1495 2788 1530 2815 ἰὰ
1555 2787 1622 2823 βάθη
1650 2787 1697 2814 τοῦ
1721 2786 1802 2819 Θεοῦ,
1832 2788 1883 2814 καὶ

1539 2845 1593 2873 'F.
1617 2845 1766 2881 μὴπροστ.
1825 2837 1882 2865 ⁸1³-
