1940 3043
87 133 120 160 45
801 129 889 158 A‘SCO

942 129 962 156 T
967 128 1020 156 US.
1688 127 1723 156 ια

85 191 154 218 οἶδεν
189 190 381 218 ἀποκαλύπτει
399 191 453 227 γὰρ
470 191 557 226 ἁγίοις
571 191 606 218 τὰ
630 190 675 218 τοῦ
695 190 762 218 Θεοῦ
782 191 885 227 μυστή-

941 190 1050 225 ‘mquiril.
1074 193 1100 216 et
1123 192 1265 224 cognoscrt
1280 200 1285 216 ι
1301 196 1400 223 quippe
1428 189 1533 217 sanctis
1549 189 1640 217 diruta
1663 197 1724 225 my-

87 245 141 273 ρια,
167 237 215 263 λαὶ
242 237 364 264 διδάσκει
388 237 493 272 βαθέως
516 237 562 263 τὸν
587 238 652 264 Θεὸν
675 237 808 270 δοξάζειν,
838 237 885 264 καὶ

85 283 133 318 τὴν
164 283 262 310 τούτου
291 282 481 318 ἀκαταληψίαν
507 284 564 315 τοῖς
592 283 675 310 αὑτοῦ
703 282 883 310 ὑποδεικνύει.

87 330 158 365 ’Λρα
182 329 249 364 γοῦν
277 330 328 356 οὒκ
347 329 486 366 ἀλλότριον
505 330 552 356 τοῦ
569 330 636 356 Θεοῦ
658 330 688 357 τὺ
707 330 830 365 Πνεῦμα.
847 329 885 356 Οὐ

85 375 139 411 γὰρ
161 373 223 402 εἷπε
249 376 314 410 περὶ
333 375 467 410 ἀγγέλων,
493 375 608 411 ὲρευνᾷν
635 375 702 410 βάοη
731 374 811 404 Θεοῦ.
825 375 885 401 οὐδὲ

86 422 150 457 περὶ
173 421 362 457 ἀρχαγγέλων.
394 421 499 455 οὐδεὶς
524 421 579 456 γὰρ
601 421 663 448 οἶδε
688 421 746 455 τὴν
771 421 886 456 ἡμέραν

85 467 157 495 οὐδὲ
183 467 242 502 τὴν
257 466 352 502 ὥραν,
378 467 460 503 φησὶν
480 468 494 494 6
510 467 573 500 Υἱὸς
602 467 649 494 τοῦ
675 467 753 498 Θεοῦ,
772 468 841 494 οὗτε
858 468 885 494 οι

85 513 207 548 ἄγγελοι
220 514 273 541 τοῦ
289 513 431 548 οὐρανοῦ,
452 513 522 541 οὔτε
538 515 554 541 ὁ
576 514 652 547 Υἱὸς,
673 515 699 540 εὶ
724 513 767 548 μὴ
790 515 806 540 ὀ
825 515 885 540 Πα-

85 559 149 593 τήρ.
170 559 321 594 Νομίζουσι
335 559 364 586 δὲ
386 559 411 586 οἱ
434 560 552 594 ἀνόητοι,
569 560 593 586 οἱ
617 551 655 595 μῆ
683 559 884 595 κεκοσμημένοι

85 603 226 640 Πιεύματι
241 604 322 639 ἁγίῳ,
333 605 370 640 μή
383 605 446 631 λὲστί
458 613 484 631 τι
498 605 591 640 (16)ὲν
601 605 640 640 τῷ
650 605 824 640 Πατρὶ,ὄπερ
835 605 885 631 οὐκ

84 649 159 675 ἔστιν
175 649 204 675 ὲν
218 651 250 684 τῇ
260 649 373 684 Θεότητι
390 648 436 675 τοῦ
451 649 532 680 Υἱοῦ;
549 649 596 681 Ὡς
609 649 663 683 γὰρ
675 649 736 682 ἔχει
749 649 765 675 ὀ
784 647 884 681 Πατὴρ

85 693 164 729 ζωὴν
177 695 213 721 ἐν
223 694 328 727 ἐαυτῷ,
341 695 436 728 οὕτως
450 695 513 729 ἔχει
527 696 543 722 ό
558 694 624 727 Υἱὸς
639 693 715 728 ζωὴν
727 694 761 720 ἐν
772 693 882 728 ἑαυτῷ·

84 741 147 768 καί·
167 742 269 768 Πάντα
282 741 317 767 τὰ
337 741 390 767 τοῦ
407 741 520 775 Πατρός
532 750 592 776 μου
605 740 662 775 ἐμά
683 740 758 773 ἐστι,
775 740 856 775 φησὶν
870 741 884 766 6

84 785 169 817 αὑτδς
192 785 239 812 τοῦ
263 785 330 812 Θεοῦ
357 785 435 819 ἆγιος
454 785 549 819 Λόγος.
575 785 642 811 Τίνα
661 784 690 811 δέ
709 786 767 811 ἐστι
785 785 819 811 τὰ
837 783 883 810 τοῦ

85 831 206 867 Πατρδς.
223 831 280 858 ἀλλ’
296 831 312 866 ἦ
335 831 435 862 mira;
453 832 490 858 Τὸ
515 831 588 864 Θεὸς
608 830 655 857 τοῦ
679 830 786 866 Πατρός
807 831 881 862 ὲστις

937 236 1020 264 stcria
1035 235 1174 271 patefacit,
1190 243 1222 263 ac
1236 234 1321 262 Deum
1336 243 1369 262 ex
1385 236 1439 263 imo
1456 240 1567 271 pectore
1585 238 1725 265 celebrare

936 282 1026 313 docet,
1034 281 1519 316 ejusdemqueincomprehensibilem
1530 287 1654 311 naturam
1665 284 1724 312 suis

936 329 995 363 ipse
1011 328 1141 356 declarat.
1156 328 1249 362 Itaque
1269 335 1324 355 non
1346 332 1389 355 est
1405 328 1510 356 alienus
1523 337 1538 356 a
1563 329 1616 357 Deo
1638 323 1725 366 Spiri-

936 380 991 403 tus.
1012 374 1073 402 Non
1093 375 1165 402 enim
1179 375 1213 403 de
1231 373 1335 410 angelis
1350 373 1431 407 dixit,
1446 373 1495 401 Dei
1511 374 1571 402 illos
1591 376 1725 410 profunda

936 420 1064 452 scrutari,
1090 427 1140 448 nec
1163 419 1197 448 de
1221 419 1405 454 arebangelis.
1420 419 1525 447 Etenim
1552 421 1641 448 nullus
1656 422 1726 449 diem

936 466 1020 498 novit,
1034 474 1081 492 nec
1103 465 1206 498 horam,
1224 466 1261 493 ait
1282 465 1327 493 Dei
1341 464 1437 498 Filius,
1459 473 1540 500 neque
1557 467 1642 502 angeli
1657 467 1725 500 caeli.

936 518 1017 545 neque
1035 509 1134 542 Filius,
1170 511 1222 537 nisi
1247 510 1359 537 Paler‘.
1386 509 1439 538 Sed
1465 511 1541 539 stulti
1566 519 1599 539 ac
1622 513 1728 548 Spiritu

936 559 1032 583 sancto
1047 555 1183 588 destituti,
1200 563 1264 582 num
1281 559 1324 583 est
1339 555 1442 590 aliquid
1463 556 1490 583 in
1505 555 1596 588 Patre,
1610 558 1684 593 quod
1700 559 1728 585 in

937 600 998 628 Filii
1017 601 1163 628 Divinitate
1178 608 1231 628 non
1245 601 1298 628 sit?
1314 600 1348 628 Ut
1365 601 1437 628 enim
1459 601 1542 630 Pater
1557 603 1638 630 vitam
1652 603 1729 631 habet

937 647 964 673 in
983 646 1069 681 seipse
1080 665 1087 678 ,
1100 647 1138 673 sic
1151 651 1175 673 et
1190 644 1279 672 Filius
1292 645 1372 672 vitam
1385 645 1462 673 habet
1473 647 1499 673 in
1512 647 1597 682 seipse
1610 648 1630 675 ³.
1643 647 1727 675 Item:

938 692 1034 719 Omnia
1051 700 1109 727 quae
1125 691 1217 719 Patris
1237 692 1288 718 mei
1312 696 1384 724 sunt,
1408 700 1465 720 mea
1489 698 1550 720 sunt
1561 693 1580 725 ³,
1602 694 1639 721 ait
1656 694 1728 722 idem

935 737 1139 766 sanctissimum
1163 737 1211 765 Dei
1231 737 1358 765 Verbum.
1379 738 1508 771 Quaenam
1530 747 1594 767 vero
1618 741 1729 768 tandem

935 782 1024 810 Patris
1044 788 1118 816 sunt,
1141 787 1321 819 praeterquam
1340 783 1410 812 ista?
1424 785 1465 811 Λιι
1486 785 1569 813 Deum
1599 793 1660 814 esse
1676 786 1730 814 Pa-

936 829 970 856 tri
999 829 1145 857 convenit?
1170 831 1252 857 etiam
1276 829 1346 857 Filio
1366 832 1503 860 convenit.
1529 832 1590 860 Vita
1619 834 1730 869 propria

85 877 167 905 τοῦτο
181 877 230 904 καὶ
246 877 293 904 τοῦ
306 877 383 904 Υίοῦ.
404 877 434 904 Ἦ
451 877 507 912 ζωὴ
522 876 569 904 τοῦ
586 876 693 912 Πατρός
716 878 774 904 ἐστι
787 885 793 909 ;
809 876 888 904 τοῦτο

941 875 1028 903 Patris
1051 875 1113 903 est?
1127 880 1168 904 est
1182 880 1209 904 ct
1232 876 1303 905 Filii.
1323 877 1421 906 Lucem
1440 886 1501 906 esse
1526 879 1601 907 Patri
1633 881 1729 909 tribui-

86 924 134 950 καὶ
148 923 197 951 τοῦ
215 923 291 950 Υἱοῦ.
308 923 345 950 Τὸ
358 924 415 959 φῶς
428 924 475 950 τοῦ
497 923 620 959 Πατρόςς
637 923 758 958 δηλονότι
778 923 825 950 καὶ
839 923 886 950 τοῦ

86 969 164 996 Υἰοῦ.
185 969 222 996 Τδ
244 969 379 997 ἀθάνατον
399 969 446 996 τοῦ
469 969 593 1006 Πατρόςς
619 969 751 1001 ὡσαύτως
770 969 817 996 καὶ
839 968 886 996 τοῦ

86 1015 165 1042 Υῑοῦ.
192 1014 230 1041 Τδ
257 1015 450 1051 ἀκατάληπτον
472 1015 520 1041 τοῦ
542 1014 650 1051 Πατρὸς
672 1011 726 1041 κατ
737 1014 784 1041 τοῦ
808 1014 886 1042 Υἱοῦ.

87 1062 182 1090 Πάντα
196 1061 232 1088 τὰ
247 1060 294 1088 τοῦ
312 1061 418 1097 Harpe;
435 1061 483 1088 τοῦ
500 1060 565 1088 Υίοῦ
587 1061 671 1088 ἐστιν.
690 1061 721 1087 Εἰ
742 1060 831 1087 τοίνυν
853 1060 888 1087 τὰ

86 1108 134 1134 τοῦ
149 1107 268 1144 Πατρὸς.
285 1108 367 1134 αὐτοῦ
386 1109 453 1141 ἐστι,
468 1108 515 1135 καὶ
533 1109 549 1143 ἡ
571 1108 600 1134 ὲν
617 1107 656 1143 τῷ
673 1106 761 1142 Πατρὶ
776 1105 887 1141 γνῶσις,

87 1155 135 1180 καὶ
155 1155 184 1180 ὲν
208 1152 247 1188 τῷ
263 1152 322 1188 Υἱῷ
341 1153 388 1179 καὶ
413 1154 442 1179 ὲν
463 1152 501 1188 τῷ
516 1152 586 1188 ἁγίῳ
603 1151 742 1187 Πνεύματι
758 1151 886 1188 ὑπάρχει.

88 1201 119 1227 Εἰ
133 1200 163 1227 δέ
184 1209 227 1232 τις
242 1199 346 1235 νομίζει
361 1199 407 1226 τὸν
428 1199 494 1226 Υίὺν
512 1199 618 1233 ἀγνοεῖν
636 1198 685 1234 τὴν
701 1199 818 1234 ἡμέραν,
834 1207 888 1234 μα-

88 1247 158 1274 θέτω
174 1248 188 1274 6
201 1246 320 1282 ἀμαθὴς,
336 1246 383 1273 καὶ
395 1245 432 1281 μὴ
451 1245 656 1280 βλασφημείτω.
679 1245 818 1281 Προτείνω
833 1245 889 1280 γὰρ

87 1293 164 1328 αὐτῷ
178 1292 291 1327 γνῶσιν,
306 1291 354 1318 καὶ
370 1290 516 1326 γνώσεται.
535 1291 605 1325 Λέγε
629 1299 684 1327 μοι,
706 1288 728 1318 ὦ
744 1291 886 1326 ἁγαπητέ’

88 1355 122 1359 —
131 1337 274 1374 ἀγαπητὸν
291 1337 345 1374 γάρ
362 1346 391 1364 σε
402 1336 487 1369 καλῶ,
501 1336 595 1363 οὐδένα
609 1337 663 1373 γὰρ
679 1337 761 1372 μισῶ,
781 1337 797 1372 ἢ
810 1337 889 1373 μόνον

86 1384 134 1411 τὸν
143 1383 267 1411 διάϐολον
281 1384 329 1410 καὶ
343 1383 378 1410 τὰ
393 1383 461 1419 ἔργα
470 1383 518 1410 τοῦ
544 1383 667 1410 διαὸὀλου
680 1383 726 1410 καὶ
742 1384 791 1420 τὴν
807 1392 889 1410 κακο-

88 1430 212 1461 πιστίαν,
228 1430 275 1457 ἐπὶ
290 1430 332 1457 σοὶ
351 1429 380 1457 δὲ
404 1430 530 1465 εὔχομαι,
544 1430 586 1456 ἵνα
603 1429 684 1466 ἔλθῃς
707 1431 747 1462 εἰς
767 1430 817 1465 τὴν
842 1429 889 1457 τοῦ

87 1475 157 1502 θεοῦ
171 1475 312 1510 ἀλήθειαν,
327 1475 374 1502 καὶ
393 1475 430 1511 μὴ
455 1475 565 1503 σεαυτὸν
585 1475 722 1512 ἀπολέσῃς
745 1476 774 1503 ὲν
797 1477 829 1511 τῇ
850 1477 890 1508 εἰς

88 1521 156 1548 Θεὸν
168 1522 340 1557 βλασφημίᾳ.
350 1522 440 1549 Βαοέα
452 1522 506 1557 γάρ
518 1523 571 1549 εἰσι
585 1522 619 1549 τὰ
631 1523 741 1558 ματα
751 1522 798 1548 τοῦ
811 1522 889 1556 ἁγίου

938 921 1002 948 tur?
1024 921 1156 949 tribuitur
1178 927 1205 950 et
1230 923 1309 950 Filio.
1334 923 1518 953 Immortalem
1541 934 1604 955 esse
1618 929 1729 963 propria

937 967 1030 995 Patris
1052 968 1175 996 conditio
1194 969 1252 997 est?
1265 974 1307 997 est
1323 970 1448 999 videlicet
1463 977 1490 999 et
1506 971 1578 1000 Filii.
1598 973 1730 1003 Similiter

923 1013 1219 1049 ‘incomprehensibile
1239 1020 1294 1043 tam
1315 1016 1390 1044 Patri
1405 1025 1486 1052 quam
1505 1017 1575 1045 Filio
1590 1021 1727 1056 congruit.

940 1058 1079 1094 Quidquid
1093 1059 1127 1087 ad
1142 1060 1251 1088 Patrem
1273 1062 1402 1097 pertinet,
1417 1063 1488 1090 idem
1508 1068 1535 1091 et
1544 1064 1614 1092 Filio
1629 1073 1729 1093 convc-

939 1107 989 1133 nit.
1008 1105 1086 1134 Unde
1106 1107 1128 1135 si
1146 1115 1177 1135 ea
1193 1116 1253 1144 quae
1266 1108 1355 1137 Patris
1368 1110 1478 1146 propria
1494 1116 1568 1144 sunt,
1591 1113 1623 1139 ad
1639 1112 1728 1148 ipsum

941 1159 1050 1188 quoque
1062 1154 1210 1188 pertinent,
1231 1156 1353 1190 cognitio
1369 1156 1414 1183 illa
1431 1165 1492 1192 quae
1504 1158 1575 1186 inest
1590 1159 1617 1186 in
1637 1159 1729 1193 Patre,

940 1197 1022 1225 etiam
1044 1198 1071 1225 in
1090 1197 1160 1226 Filio
1173 1200 1225 1234 22
1240 1208 1271 1227 ac
1291 1200 1394 1235 Spiritu
1417 1206 1513 1230 sancto
1531 1203 1611 1231 debet
1628 1204 1729 1233 inesse.

939 1242 1044 1276 Quodsi
1060 1245 1121 1280 quis
1138 1245 1264 1281 ignorare
1285 1246 1381 1274 Filium
1396 1248 1465 1276 diem
1480 1249 1556 1276 illum
1572 1250 1730 1283 arbitretur,

940 1289 1029 1317 discat
1060 1290 1168 1318 tandem
1192 1291 1336 1326 imperitus
1363 1293 1425 1326 iste,
1449 1297 1476 1321 et
1499 1296 1681 1324 contumelias
1703 1296 1730 1324 in

941 1335 1026 1363 Deum
1048 1336 1142 1372 jacere
1165 1336 1283 1365 desinat.
1303 1337 1359 1373 Ego
1389 1347 1462 1373 vero,
1489 1348 1543 1375 quo
1569 1340 1594 1368 id
1622 1341 1731 1370 facilius

941 1382 1083 1417 intelligat,
1092 1382 1226 1417 ejusmodi
1239 1383 1368 1418 quiddam
1381 1384 1418 1411 illi
1434 1393 1556 1420 propono
1569 1396 1576 1413 :
1592 1387 1640 1414 Dic
1651 1388 1729 1420 mihi.

941 1435 1046 1463 quaeso,
1068 1428 1335 1458 cbarissimez—te
1362 1430 1434 1457 enim
1463 1431 1657 1460 eliarissimum
1684 1441 1733 1469 ap-

941 1473 1025 1508 pello,
1040 1473 1114 1508 quod
1132 1474 1268 1501 neminem
1300 1474 1404 1503 oderim
1421 1481 1520 1511 praeter
1538 1477 1676 1506 diabolum
1690 1484 1733 1506 at-

942 1526 996 1554 que
1007 1526 1090 1553 opera
1109 1519 1222 1551 diaboli,
1243 1527 1296 1547 una
1313 1528 1375 1548 cum
1390 1529 1517 1556 perversa
1530 1523 1733 1560 depravataque

89 1556 173 1598 Θεοῦ,
184 1556 326 1602 Πνεύματι
337 1567 365 1594 δὲ
379 1567 450 1603 ἁγίῳ
463 1556 508 1594 διά
519 1567 575 1594 τῶν
590 1556 766 1603 χαρισμάτων
779 1567 888 1594 δίδοται.

943 1564 1005 1596 (ide,
1024 1565 1073 1593 tibi
1088 1573 1154 1593 vero
1172 1566 1237 1594 illud
1262 1574 1277 1593 a
1291 1567 1344 1594 Deo
1359 1575 1466 1603 precor,
1486 1573 1515 1596 ut
1534 1556 1573 1597 ad~
1583 1570 1643 1605 ejus
1660 1556 1730 1599 veri-

90 1612 128 1650 ’ρ
141 1614 202 1650 μὲν
215 1614 282 1650 γὰρ,
309 1615 386 1651 φησὶ,
409 1615 525 1642 δίδοται
552 1615 643 1651 λόγος
665 1616 786 1650 σοφίας,
811 1612 835 1649 ᾧ
857 1616 891 1642 δὲ

89 1660 183 1694 λόγος
209 1659 430 1693 διδασκαλίας,
458 1660 505 1687 καὶ
534 1660 568 1688 τὰ
595 1660 669 1696 ἑξῆς.
696 1661 731 1688 Τὸ
756 1660 791 1687 δὲ
818 1661 890 1687 αὐτὸ

90 1706 215 1740 Πνεῦμα
229 1705 262 1732 τὸ
274 1705 415 1740 διαιροῦν
425 1705 545 1738 ἑκάστῳ
558 1706 599 1740 ὡς
611 1707 770 1738 ,βούλεται-
785 1707 828 1733 ἴνα
851 1716 892 1733 σοι

90 1751 166 1787 δείξῃ
181 1752 229 1778 καὶ
245 1751 295 1787 τὴν
305 1751 352 1778 τοῦ
370 1751 448 1786 ἁγίου
475 1752 635 1787 Πνεύματος
653 1751 812 1779 αὑθεντίαν·
828 1753 892 1779 ὅταν

91 1797 147 1833 γὰρ
159 1797 190 1824 τὸ
206 1797 270 1824 αὕτὸ
286 1797 409 1833 Πνεῦμα,
428 1798 494 1825 πᾶσι
506 1798 541 1825 τὰ
553 1798 712 1834 χαρίσματα
733 1798 841 1825 δίδωσιν
854 1799 892 1830 ὡς

93 1844 229 1880 βούλεται.
248 1844 344 1870 Τοίνυν
359 1844 550 1880 παρακάλεσον
566 1845 612 1871 τὸν
626 1845 746 1880 Πατέρα,
768 1845 810 1871 ἵνα
823 1845 892 1871 ἀπο-

93 1890 205 1926 καλύψῃ
219 1899 260 1916 σοι
274 1889 321 1916 τὸν
333 1890 414 1916 Υίὸν-
430 1890 478 1917 καὶ
494 1891 687 1926 παρακάλεσον
699 1890 744 1917 τὸν
759 1891 834 1922 Υἱὸν,
850 1891 892 1917 ἵνα

91 1935 260 1970 ἀποκαλύψῃ
278 1943 320 1961 σοι
336 1934 383 1961 τὸν
398 1934 520 1970 Πατέρα.
537 1935 592 1962 Καὶ
605 1935 686 1962 πάλιν
701 1935 893 1971 παρακάλεσον

91 1982 140 2008 τὸν
156 1981 276 2016 Πατέρα,
292 1980 335 2007 ἴνα
351 1988 392 2007 σοι
410 1980 448 2016 δῷ
459 1980 505 2008 τὸν
519 1981 593 2011 Υίδν,
609 1981 655 2008 καὶ
674 1981 837 2017 ἀποκαλύψῃ
851 1989 892 2008 σοι

92 2028 124 2054 τὸ
140 2027 219 2061 ἅγιον
230 2026 352 2061 Πνεῦμα,
368 2027 416 2053 καὶ
429 2026 484 2062 δῴη
501 2035 541 2053 σοι
563 2027 629 2054 αὐτὸ
644 2026 715 2062 ἔχειν
733 2028 762 2053 ὲν
782 2028 833 2058 σοὶ,
850 2027 894 2054 ἵνα

93 2074 173 2100 δοθὲν
203 2073 233 2099 ὲν
256 2073 297 2099 σοὶ
322 2072 399 2108 ἅγιον
423 2072 536 2108 Πνεῦμα
555 2072 716 2108 ἀποκαλύψῃ
742 2081 783 2099 σοι
803 2074 893 2099 πᾶσαν

94 2120 198 2154 γνῶσιν
225 2119 332 2155 Πατρδς
349 2119 396 2146 καὶ
418 2119 483 2146 Υίοῦ
496 2119 543 2146 καὶ
562 2119 639 2153 ἁγίου
666 2119 834 2154 Πνεὺματος,
849 2119 894 2145 ἵνα

95 2165 199 2202 μάθῃς,
212 2166 253 2192 ὅτι
267 2166 296 2192 ἐν
312 2165 351 2200 τῷ
366 2164 424 2200 Υἰῷ
442 2165 492 2192 οὐκ
506 2165 545 2192 ενι
556 2165 668 2200 οὐδεμία
690 2165 822 2199 ἀγνωσία,
833 2165 894 2191 οὐδὲ

95 2214 125 2239 ἐν
145 2211 184 2247 τῷ
197 2211 266 2247 ἁγίῳ
285 2212 436 2247 Πνεύματι.

943 1615 1026 1638 tatem
1039 1612 1153 1646 aspiresl
1172 1620 1262 1648 neque
1281 1617 1307 1641 le
1323 1613 1411 1648 ipsum
1425 1618 1501 1642 tanta
1519 1616 1545 1642 in
1566 1615 1650 1644 Deum
1666 1625 1731 1646 con-

943 1657 1056 1684 lumelia
1083 1658 1220 1692 perditum
1249 1665 1306 1687 eas.
1337 1658 1477 1695 Siquidem
1508 1661 1641 1690 altissima
1669 1669 1734 1691 sunt

943 1703 1031 1731 sancti
1057 1703 1106 1731 Dei
1131 1705 1225 1738 verba,
1250 1713 1311 1740 qua:
1335 1705 1454 1741 Spiritus
1477 1713 1590 1735 sanctus
1615 1717 1663 1744 per
1683 1718 1733 1738 sua

943 1749 1016 1776 dona
1040 1750 1167 1785 largitur.
1192 1750 1260 1778 Nam
1280 1752 1339 1784 alii,
1357 1752 1457 1787 inquit,
1482 1753 1564 1780 datur
1580 1763 1666 1783 sermo
1686 1765 1734 1784 sa-

942 1796 1061 1830 pientiw,
1084 1796 1132 1823 alii
1149 1805 1234 1824 sermo
1247 1797 1406 1832 disciplinw,
1422 1803 1475 1826 etc.
1489 1799 1564 1826 Idem
1577 1809 1636 1828 vero
1648 1801 1734 1836 Spiri-

944 1846 986 1868 tus
1002 1841 1120 1870 dividens
1141 1844 1282 1878 unicuique
1296 1850 1373 1878 prout
1393 1845 1485 1872 vult":
1501 1854 1555 1881 quo
1581 1847 1627 1874 tibi
1648 1848 1736 1882 Spiri—

944 1891 988 1916 tus
1019 1889 1106 1916 saneti
1133 1893 1296 1924 potestatem
1323 1891 1570 1926 auctoritatemque
1601 1892 1733 1924 declaret.

944 1941 1005 1960 eum
1034 1933 1157 1960 cmlestia
1179 1934 1307 1961 oumibus
1335 1934 1407 1962 dona
1437 1942 1486 1969 pro
1515 1935 1655 1968 voluntue
1684 1944 1735 1964 sua

945 1978 1086 2014 largiatur.
1103 1978 1196 2014 Itaque
1205 1980 1318 2014 supplex
1333 1987 1348 2007 a
1362 1980 1442 2008 Patre
1455 1981 1582 2016 pete,tibi
1595 1986 1622 2009 ut
1635 1972 1733 2009 Filium

944 2025 1102 2061 patefaciat,
1122 2030 1148 2054 et
1167 2033 1182 2053 a
1206 2025 1286 2059 Filio,
1300 2026 1348 2054 tibi
1366 2030 1395 2053 nt
1413 2026 1521 2054 Patrem
1543 2026 1660 2061 indicet;
1675 2036 1737 2055 nec-

945 2079 1000 2099 non
1017 2075 1044 2099 et
1060 2078 1076 2098 a
1093 2071 1174 2099 Patre
1188 2072 1306 2107 postula,
1323 2077 1350 2099 ut
1367 2073 1416 2100 tibi
1432 2073 1530 2101 Filium
1558 2074 1689 2110 largiatur
1701 2081 1733 2101 ac

948 2117 1080 2152 Spiritum
1094 2122 1219 2146 sanetum
1232 2119 1412 2153 demonstret,
1422 2128 1549 2155 eumque,
1566 2125 1594 2147 ut
1608 2121 1634 2147 in
1648 2120 1736 2155 teipso

948 2166 1058 2197 habeas,
1086 2166 1135 2193 tibi
1168 2166 1313 2200 condonet,
1340 2171 1370 2194 ut
1400 2168 1618 2202 communieatus
1645 2171 1736 2194 tecum

947 2210 1066 2246 Spiritus
1089 2216 1202 2240 sanctus
1219 2220 1327 2240 onmem
1349 2213 1399 2240 tibi
1423 2213 1512 2242 Patris
1536 2217 1563 2240 et
1587 2212 1647 2240 Filii
1664 2217 1690 2240 et
1706 2211 1735 2240 S.

97 2259 219 2295 Spiritus
251 2259 459 2295 intelligentiam
480 2259 613 2290 declaret,
630 2262 713 2294 atque
735 2258 789 2286 hoc
817 2259 906 2294 ipsum
923 2258 1028 2292 discas,
1046 2259 1151 2287 nullam
1173 2261 1200 2287 in
1223 2257 1293 2288 Filio
1310 2265 1356 2288 aut
1380 2261 1406 2288 in
1428 2260 1532 2295 Spiritu
1556 2259 1585 2287 S.
1612 2259 1737 2295 ignorau-

97 2310 165 2337 tiam
181 2309 282 2336 inesse.

137 2354 187 2382 1Ζ’.
213 2355 244 2381 Et
266 2354 321 2391 γὰρ
339 2355 387 2381 καὶ
408 2354 519 2389 ἄγγελοι
543 2354 682 2381 λείπονται
707 2354 829 2389 μείζονος
849 2354 878 2387 ἐξ

984 2353 1068 2381 XVII.
1091 2355 1198 2382 Etenim
1216 2355 1279 2382 licet
1297 2354 1402 2390 angelis
1418 2354 1534 2389 amplior
1549 2354 1595 2381 illa
1616 2359 1737 2390 potestas

97 2401 196 2433 οὐσίας
219 2401 266 2428 καὶ
285 2400 430 2435 γνώσεως,
450 2401 487 2437 μὴ
511 2400 616 2434 γένοιτο
635 2401 682 2427 καὶ
700 2400 745 2427 τὸν
766 2400 827 2426 Υἰὺν
846 2400 893 2426 τοῦ

99 2446 169 2474 Θεοῦ
184 2447 231 2473 καὶ
249 2447 280 2474 τὸ
296 2447 372 2481 ἅγιον
387 2447 499 2482 Πνεῦμα
517 2446 658 2473 λείπεσθαι
672 2447 677 2473 ί
698 2447 894 2482 Πνευματικῶς

99 2493 130 2519 δὲ
144 2493 219 2526 λέγει
231 2493 245 2518 6
259 2492 337 2525 Θεὸς,
351 2492 365 2519 6
377 2492 430 2519 ἀπὸ
450 2492 498 2518 τοῦ
514 2491 622 2528 Πατρὸς
639 2491 723 2518 ὲλοὼν
738 2492 804 2528 πρὸς
822 2493 894 2527 ἡμᾶς

102 2539 181 2572 ᾶγιος
209 2538 310 2572 Λόγος·
340 2539 373 2564 Οἱ
397 2537 425 2565 δὲ
450 2537 574 2572 ψυχικοί
597 2538 829 2572 ἀνακρίνονται,
858 2537 895 2572 μὴ

102 2585 229 2616 νοοῦντες
248 2584 295 2610 τοῦ
310 2584 376 2611 Υίοῦ
393 2585 442 2620 τὴν
457 2584 564 2619 σοφίαν,
579 2584 679 2619 μᾶλλον
688 2584 716 2610 δὲ
732 2585 782 2620 τῆς
801 2584 896 2618 σοφίας

102 2631 149 2658 τδν
166 2630 255 2665 λόγον.
269 2645 305 2651 α--
326 2630 473 2666 Ἐπερωτῶ
490 2639 531 2662 σε,
548 2631 594 2657 καὶ
611 2630 674 2665 λέγε
693 2639 753 2666 μοι·
773 2631 820 2662 Τίς
837 2631 895 2666 μεί-

105 2677 159 2708 ζων
172 2678 256 2708 ἐστὶν,
269 2678 283 2704 6
295 2677 400 2713 Πατὴρ,
413 2677 457 2712 ἢὴ
473 2677 565 2712 ἡμέρα
577 2676 668 2712 ἐκείνη
681 2677 745 2713 περὶ
756 2675 789 2713 ἦς
801 2677 874 2711 λέγει
886 2686 892 2710 ;

947 2400 1018 2428 desit
1046 2408 1077 2427 ac
1100 2401 1227 2433 scientia,
1248 2401 1319 2428 absit
1342 2405 1371 2427 ut
1395 2400 1441 2427 Dei
1467 2400 1565 2428 Filium
1591 2401 1632 2429 vel
1652 2401 1738 2437 Spiri-

948 2451 1004 2475 tum
1023 2453 1146 2476 sanctum
1164 2455 1258 2474 carere
1273 2447 1317 2473 illa
1331 2447 1518 2482 suspicemur!
1534 2447 1586 2475 Sed
1606 2447 1677 2476 Deus
1706 2456 1738 2476 ac

951 2493 1083 2527 Verbum,
1103 2493 1176 2528 quod
1199 2492 1232 2520 ad
1252 2501 1303 2520 nos
1320 2501 1334 2519 ιι
1357 2492 1438 2520 Patre
1456 2493 1610 2526 descendit,
1628 2494 1739 2529 spirita-

949 2540 1012 2567 liter
1037 2540 1158 2574 loquitur
1173 2548 1180 2566 :
1198 2539 1333 2566 Animulas
1353 2548 1417 2567 vero
1437 2539 1621 2572 diiudicantur
1642 2541 1664 2572 ',
1688 2540 1735 2575 qui

951 2585 1011 2613 Filii
1040 2585 1284 2619 sapicntianv,sivc
1307 2586 1399 2621 potius
1423 2585 1564 2621 sapientia:
1585 2593 1738 2613 sermonem

949 2632 1059 2659 minime
1084 2631 1248 2667 percipiunt.
1274 2648 1308 2653 —
1328 2631 1408 2664 Volo,
1434 2632 1556 2667 inquam,
1583 2631 1648 2659 illud
1674 2631 1740 2658 milii

948 2677 1026 2704 dicas
1042 2687 1048 2703 :
1067 2677 1131 2712 Quis
1148 2677 1255 2704 tandem
1272 2678 1359 2713 major
1378 2683 1429 2710 est,
1449 2677 1540 2710 Pater,
1561 2685 1595 2705 an
1619 2677 1679 2704 dies
1695 2676 1739 2703 illa

145 2755 154 2770 ¹
168 2754 253 2782 Marc.
280 2763 341 2787 xm,
361 2755 406 2782 52.
448 2755 548 2783 ’Joan.
567 2764 593 2789 v,
614 2754 661 2782 26.
699 2755 800 2782 'Joan.
820 2763 888 2787 xvn,
903 2755 945 2782 10.
985 2755 1089 2782 ⁸Ιϐιιι.
1108 2763 1157 2787 xu,
1176 2755 1193 2781 8
1209 2763 1269 2790 sqq.
1309 2756 1338 2783 'l
1353 2757 1416 2783 (lor.
1437 2765 1467 2788 ιι,
1485 2757 1528 2788 Μ,
1548 2757 1589 2784 l5.

144 2821 201 2856 (t6)
220 2822 266 2855 Μή
280 2823 348 2849 ἐστι
365 2832 404 2850 τι.
424 2822 600 2851 Emendatam
619 2824 671 2850 bne
690 2824 715 2850 in
730 2824 813 2850 lorea
825 2823 898 2850 Tho-

110 2857 198 2884 masio
223 2858 357 2893 vulgatam
383 2858 504 2886 Latinam
532 2860 784 2895 intrrpretationem
809 2860 907 2894 deprc—

955 2823 1117 2855 bcudimns;
1136 2824 1217 2851 habet
1233 2825 1304 2860 enim
1322 2834 1327 2852 :
1350 2825 1420 2851 Nam
1437 2826 1501 2852 insi!
1526 2825 1626 2860 aliquid
1643 2826 1668 2852 in
1686 2825 1738 2853 Ρα-

957 2865 1005 2893 Ιιϊ,
1029 2860 1148 2887 (Ιιιίιίιαιιι
1167 2860 1235 2893 quod
1254 2859 1318 2886 Filii
1337 2861 1469 2887 divinitati
1487 2861 1562 2887 desii.
