1940 3043
77 178 114 207 49
786 177 1005 206 ANCORA'I‘US.
1676 173 1715 202 Si)

75 234 113 264 ὡς
135 233 248 270 ἔπρεπε,
269 234 400 270 μειζόνως
415 236 598 272 τετιμημένος
612 236 664 263 ὑπὸ
682 237 729 263 τοῦ
753 236 871 273 Πατρός.

930 237 997 266 :nim
1015 237 1058 265 vel
1074 237 1132 272 ipse
1148 238 1282 263 testatur:
1300 234 1382 261 Pater
1395 242 1465 261 mens
1481 235 1567 269 major
1581 242 1619 260 me
1637 231 1691 261 eu’
1702 252 1712 260 .

78 279 153 307 Ἔδει
171 280 226 316 γὰρ
241 280 348 316 ἀληθῶς
366 280 412 308 τὸν
432 282 544 316 γνήσιον
559 282 623 309 Υἱὺν
641 283 723 318 τιμᾷν
737 283 783 310 τὸν
805 283 869 310 ῐδιον

79 325 199 361 Πατέρα,
217 325 260 353 ἵνα
271 325 345 362 δείξῃ
362 327 412 362 τὴν
427 328 602 362 γνησιότητα.
618 328 680 360 Πῶς
697 328 726 355 δὲ
744 329 775 355 σὺ
796 329 871 364 νομί-

77 371 134 403 ζεις
151 372 264 406 μείζονα
283 370 352 399 εἶναι
381 373 482 405 dimov;
501 373 683 410 περιφερεία;
710 374 726 409 ἢ
747 374 835 410 ὔγκῳ;
853 374 870 409 ἢ

76 416 185 451 χρόνῳς
203 417 220 452 ἢ
240 417 346 453 καιρῷ;
367 418 383 453 ἦ
401 417 484 454 ἀξίῃ
500 418 516 454 ἢ
534 419 660 454 θεότητι;
680 419 697 454 ἦ
719 419 869 454 ἀϐανασίᾳς

77 462 94 496 η
118 462 270 497 ἀῖδιότητι;
297 463 342 498 Μὴ
366 463 453 490 ταῦτα
479 463 582 499 νόμιζε.
605 464 686 491 Οὐδὲν
707 464 761 500 γὰρ
786 465 814 491 ὲν
837 465 871 500 τῇ

78 508 186 543 ὕεότητι
210 508 302 536 ἄνισον
325 509 444 546 ὑπάρχει
465 510 533 546 πρὸς
551 511 596 537 τὸν
611 511 685 540 Υἱόν.
704 511 784 538 Ἀλλὰ
805 510 872 537 καθὸ

78 553 174 590 Πατὴρ
184 555 198 581 ό
212 555 307 591 Πατήρ
323 556 393 589 ἐστι,
405 557 452 582 καὶ
472 556 539 583 καθὸ
550 557 613 589 Υἱὸς
622 558 732 592 γνήσιος
745 557 813 592 τιμᾷ
827 556 872 583 τὸν

78 599 178 626 ἑαυτοῦ
202 601 311 636 Πατέρα
323 609 330 616 ·
345 601 407 628 οὔτε
427 601 482 637 γὰρ
508 603 580 637 ὄγκῳ
606 603 720 639 φέρεται
736 602 767 629 τὸ
784 601 871 634 Θεῖον,

78 644 122 670 ἵνα
146 644 298 680 ὑπέρογκος
314 645 362 672 τοῦ
391 644 491 682 Υἱοῦῇ
518 648 533 673 ὁ
555 648 669 682 Πατήρο
699 647 760 674 οὕτε
784 646 873 682 χρόνῳ

77 690 251 722 ὑποπίπτει,
276 691 319 718 ἶνα
342 691 510 728 ὑπέρχρονος
532 692 546 718 ό
570 692 665 727 Πατὴρ
687 692 800 728 γένηται
825 691 872 718 τοῦ

77 735 164 762 Υιοῦ·
191 735 252 762 οὐδὲ
286 735 325 771 τῷ
348 736 409 771 ὕψει
435 737 555 772 μερικῶς
575 737 704 764 τάττεται
728 738 742 764 ό
767 737 871 772 Πατήρ.

78 782 175 810 Πάντα
186 783 240 818 γὰρ
252 783 373 818 περιέχει
385 783 477 815 αὐτὸς,
488 784 533 810 ὑπ’
545 783 650 816 οὐδενὸς
662 783 855 819 περιεχόμενος
865 792 872 798 ·

77 829 123 855 ἴνα
148 829 163 855 ό
182 828 247 861 Υἱὸς
270 828 467 865 ὑτιερὸεὸηκὼς
487 830 583 856 νοοῖτο.
602 829 741 857 Ἐκάθισε
760 829 814 864 γὰρ
840 829 875 856 ὲν

77 874 166 908 δεξιᾷ
188 875 241 902 τοῦ
258 875 388 910 Πατρὺς,
414 875 461 902 καὶ
483 876 534 902 οὐκ
550 873 636 908 εἶπεν,
663 875 815 910 Εἰσῆλθεν
830 875 874 908 εις

77 920 136 947 τὸν
150 921 276 955 Πατέρα,
309 921 352 948 ἵνα
372 921 515 948 Σαϐἐλλιον
537 921 682 957 παραλύσῃ
703 921 749 949 καὶ
767 921 874 957 Ἄρειον

79 965 190 1002 καβέλοι
206 967 255 1002 τῆς
269 966 353 994 αὑτοῦ
372 966 557 1002 βλασφημίας.

925 283 1168 311 Verumenimvero
1183 281 1269 309 Filius
1285 280 1319 308 ad
1331 280 1521 307 honorandum
1539 279 1646 306 Patrem
1659 278 1714 306 ista

924 330 1004 362 dixit,
1023 329 1050 357 id
1071 328 1144 364 quod
1166 328 1263 356 merito
1282 326 1409 358 faciebat,
1427 330 1520 360 utpote
1538 325 1668 360 majorem
1684 328 1716 352 et-

925 376 983 412 ipse
996 376 1023 403 in
1039 376 1149 403 modum
1164 375 1316 402 honoratus
1331 381 1346 399 a
1363 372 1454 399 Patre.
1472 371 1621 406 Oportebat
1636 371 1711 398 enim

925 423 1020 457 utique
1041 429 1201 457 germanum
1227 419 1324 448 Filium
1349 419 1459 455 proprio
1485 417 1559 444 Patri
1581 417 1716 444 honorem

925 467 1056 498 tribuere,
1080 470 1110 492 ut
1130 472 1291 500 germanum
1314 472 1375 492 sese
1403 463 1567 491 declararet.
1583 460 1624 488 Tu
1649 468 1714 488 vero

925 520 979 548 qua
994 512 1104 539 tandem
1123 512 1149 539 in
1165 519 1194 539 re
1208 511 1339 546 majorem
1356 510 1433 537 illum
1447 516 1510 537 esse
1530 507 1714 543 pronuntias?

926 557 1047 585 ambitu?
1063 565 1097 584 an
1118 557 1206 584 mole?
1221 564 1256 583 an
1272 557 1414 590 tempore?
1434 562 1468 582 an
1484 553 1664 588 tempestate?
1679 560 1714 579 an

926 601 1076 638 dignitate?
1090 609 1123 628 an
1139 602 1301 629 divinitate?
1314 608 1347 628 an
1360 599 1627 628 immortalitate?an
1641 603 1718 625 teter-

927 648 1032 675 nitate?
1044 647 1116 674 Cave
1130 647 1182 674 ista
1200 647 1248 674 tibi
1264 646 1443 681 persuadeas.
1457 644 1529 672 Nihil
1543 644 1615 672 enim
1631 647 1673 671 est
1687 643 1715 669 in

927 693 1070 721 divinitate
1098 702 1153 721 non
1173 692 1277 728 aequale
1293 691 1372 719 Filio.
1390 690 1444 719 Sed
1464 695 1601 726 quatenus
1623 689 1716 722 Pater,

927 737 1007 766 Pater
1020 742 1076 772 est;
1090 742 1117 766 et
1131 743 1266 774 quatenus
1277 738 1363 765 Filius
1379 743 1526 772 germanus
1538 739 1590 767 est,
1607 734 1716 761 Patrem

927 784 1055 811 honorat.
1079 783 1151 811 Nam
1171 791 1261 819 neque
1279 783 1350 811 mole
1368 786 1477 810 constat
1498 782 1579 812 Deus,
1603 784 1634 807 ut
1655 780 1718 814 ejus

928 830 1109 865 amplitudine
1132 829 1233 857 Filium
1261 832 1372 864 superet
1391 828 1489 861 Pater;
1514 834 1603 862 neque
1622 827 1717 854 subest

927 876 1055 911 tempori,
1073 880 1102 903 ut
1114 875 1184 903 Filio
1197 880 1322 911 tempore
1332 875 1369 903 sit
1383 875 1506 902 anterior
1519 874 1615 906 Pater;
1629 880 1718 908 neque

928 921 955 948 in
973 921 1082 949 sublimi
1099 921 1218 957 quodam
1232 921 1293 949 loco
1308 929 1341 949 ex
1355 925 1433 955 parte
1449 920 1608 948 continetur
1622 919 1714 946 Pater.

894 961 915 989 Β
931 967 1074 1002 Siquidem
1097 967 1188 995 omnia
1207 967 1265 1002 ipse
1288 967 1479 1002 complectitur
1501 974 1516 993 a
1541 965 1618 993 nullo
1641 971 1721 991 com-

79 1000 244 1047 préhensus,
269 1018 298 1040 ut
322 1000 394 1041 intra
417 1000 569 1041 consistere
594 1012 694 1040 Filium
719 1013 868 1048 intelligas.
891 1000 1050 1041 Sedit-enim
1062 1013 1096 1040 ad
1109 1000 1246 1040 dexteram
1258 1000 1362 1040 Patris.
1386 1011 1445 1039 Non
1467 1011 1548 1043 dixit,
1577 1010 1717 1045 Ingressus

77 1064 118 1086 est
136 1059 164 1086 in
180 1058 299 1091 Patrem,
317 1063 348 1086 ut
364 1059 510 1087 Sabellium
527 1059 663 1088 relclleret
683 1065 711 1087 et
725 1060 782 1087 Arii
798 1060 994 1094 blasphemiam
1012 1064 1156 1088 everteret.

118 1103 178 1132 III'.-
197 1105 246 1131 Διὰ
262 1103 342 1131 τοῦτο
361 1105 398 1140 μὴ
421 1104 497 1141 ζήτει
514 1104 550 1132 τὰ
573 1105 612 1141 μὴ
636 1105 792 1141 ζητούμενα
807 1104 875 1139 (18),

79 1149 151 1176 ἀλλὰ
183 1150 252 1185 τίμα
280 1150 326 1177 τὸν
352 1150 436 1183 Υἱὸν,
463 1151 506 1177 ῖνα
533 1151 580 1177 τὸν
608 1150 720 1186 Πατέρα
744 1150 875 1186 τιμήσῃς.

87 1195 207 1222 Ἀκούων
224 1195 252 1222 δὲ
267 1195 331 1231 περὶ
347 1196 394 1222 τοῦ
420 1196 505 1222 Θεοῦ·
525 1196 631 1230 Οὐδεὶς
655 1196 777 1231 ἀγαθὸς,
794 1198 820 1224 εὶ
832 1196 876 1231 μὴ

79 1239 124 1274 εἷς
139 1242 156 1268 ό
171 1241 254 1274 Θεὸς.
270 1241 308 1277 μὴ
322 1241 461 1278 τολμήσῃς
479 1242 523 1269 διὰ
544 1242 574 1268 τὸ
590 1242 635 1268 τὸν
658 1242 722 1269 Υἱὺν
742 1242 878 1278 ὑπερϐαλ-

80 1287 182 1319 λόντως
192 1288 276 1323 τιμᾷν
288 1287 334 1314 τὸν
350 1287 473 1323 Πατέρα,
490 1288 540 1315 οὐκ
561 1288 662 1322 ἀγαυὸν
679 1288 816 1323 ἀποφῆναι
829 1288 875 1315 τὸν

81 1333 157 1361 Υιόν.
180 1331 250 1360 οὔτε
269 1332 323 1368 γὰρ
354 1333 520 1369 ἀρνούμενος
546 1333 642 1361 ἑαυτὸν
664 1333 767 1368 ἀγαθὸν
788 1331 874 1367 εἶναι,

79 1379 155 1413 λέγει
170 1377 216 1405 τὸν
239 1378 349 1414 Πατέρα
372 1379 473 1414 ἀγαθὸν
486 1399 493 1411 ,
511 1379 579 1406 ἀλλὰ
601 1379 720 1414 τοσούτῳ
741 1378 876 1414 μειζόνως

79 1424 178 1451 ἑαυτὸν
195 1424 384 1451 ἀποκαλύπτει
400 1425 408 1440 ί
423 1425 453 1452 ὲν
468 1425 507 1460 τῷ
521 1425 570 1460 τὴν
590 1424 673 1460 τιμὴν
688 1425 735 1451 ἐπὶ
749 1424 794 1451 τὸν
812 1424 876 1451 ἴδιον

80 1469 165 1496 αὑτοῦ
181 1470 301 1506 Πατέρα,
316 1470 360 1497 ἵνα
382 1470 438 1497 ἀπὸ
455 1470 506 1505 τῆς
520 1470 688 1506 ἀγαθότητος
706 1469 753 1497 τοῦ
771 1469 877 1505 Πατρδς

79 1513 191 1550 γνωσοῇ
209 1515 226 1549 ἡ
243 1515 343 1548 γνῶσις
357 1514 407 1550 τῆς
423 1514 470 1541 τοῦ
487 1514 551 1541 Υῑοῦ
562 1514 609 1541 τοῦ
624 1515 691 1541 Θεοῦ
707 1514 876 1550 ἀγαῦότητος

962 1104 1057 1133 XVIII.
1078 1105 1261 1138 Quamobrem
1283 1112 1345 1140 qua:
1360 1103 1473 1131 minime
1486 1103 1573 1139 quaeri
1596 1106 1716 1138 oportet,

927 1159 962 1179 ne
977 1151 1104 1186 quaerito,
1123 1151 1172 1179 sed
1193 1151 1298 1178 honora
1323 1150 1433 1182 Filium,
1451 1153 1481 1176 ut
1502 1154 1529 1177 et
1542 1149 1652 1176 Patrem
1669 1149 1717 1176 ho-

929 1203 1021 1224 nores.
1045 1196 1115 1223 Cum
1137 1199 1228 1223 autem
1257 1196 1292 1222 de
1314 1194 1370 1222 Deo
1397 1195 1499 1222 dictum
1524 1194 1591 1222 illud
1609 1194 1689 1222 audis
1709 1203 1715 1221 :

929 1241 1015 1269 Nemo
1025 1241 1118 1274 bonus,
1135 1242 1188 1268 nisi
1199 1241 1272 1268 solus
1285 1240 1355 1267 Deus
1368 1240 1390 1273 ³,
1405 1247 1460 1267 non
1472 1240 1534 1267 ideo
1546 1239 1620 1275 quod
1631 1239 1716 1268 Filius

929 1287 1038 1315 Patrem
1063 1287 1230 1315 excellenter
1251 1287 1379 1319 honoret,
1406 1286 1506 1313 Filium
1533 1293 1588 1312 non
1614 1285 1717 1313 bonum

927 1341 990 1361 esse
1009 1333 1190 1368 pronuntiare
1207 1331 1320 1360 audeas.
1336 1331 1430 1367 Neque
1442 1331 1515 1359 enim
1533 1338 1595 1358 cum
1608 1330 1717 1358 Patrem

929 1380 1031 1408 bonum
1046 1387 1108 1407 esse
1123 1378 1200 1411 dicit,
1218 1378 1320 1406 bonum
1335 1385 1398 1406 esse
1416 1377 1594 1412 semetipsum
1610 1380 1692 1412 negat
1709 1384 1716 1402 :

931 1426 988 1454 imo
1011 1433 1078 1453 vero
1098 1429 1176 1452 tanto
1197 1432 1227 1453 se
1250 1425 1390 1452 meliorem
1417 1431 1478 1451 esse
1503 1422 1641 1454 declarat,
1662 1428 1718 1457 quo

931 1472 1061 1500 honorem
1076 1470 1152 1501 Patri
1168 1478 1219 1498 suo
1235 1469 1334 1502 defert,
1354 1473 1384 1496 ut
1396 1476 1429 1497 ex
1448 1468 1539 1497 Patris
1554 1468 1675 1496 bonitate
1683 1467 1718 1495 de

929 1516 991 1544 Filii
1014 1516 1061 1544 Dei
1082 1516 1205 1544 bonitate
1226 1519 1345 1547 constet,
1366 1514 1412 1550 qui
1437 1522 1452 1542 a
1475 1514 1548 1542 bono
1567 1513 1648 1540 Patre
1663 1512 1718 1540 Deo

80 1560 137 1587 ἀπὸ
153 1560 258 1594 ἀγαθοῦ
280 1560 386 1596 Πατρὸς
402 1560 469 1587 Θεοῦ
485 1561 696 1596 γεγεννημένου.
718 1560 806 1596 Πολλὴ
822 1560 876 1596 γὰρ

930 1564 1039 1599 genitus
1065 1567 1118 1591 est.
1149 1562 1256 1597 Quippe
1279 1568 1388 1589 summa
1412 1565 1455 1588 est
1479 1559 1581 1596 ingenii
1607 1560 1716 1587 illorum

80 1605 214 1641 ἀδράνεια
234 1605 288 1633 τῶν
313 1605 476 1641 τολμώντων
494 1606 585 1640 λέγειν
611 1606 677 1642 περὶ
695 1605 741 1633 τοῦ
763 1605 828 1632 Υἱοῦ
848 1605 878 1633 τὸ

81 1650 213 1683 τοιοῦτον,
228 1652 278 1678 κᾶν
291 1660 321 1678 τε
334 1651 438 1683 εἴπως’
456 1649 509 1685 Εἷς
527 1652 613 1679 ἐστιν
629 1651 741 1691 ᾀγαθὸς
763 1652 780 1678 ό
794 1651 877 1684 Θεός.

90 1696 157 1723 ’1δοῦ
169 1696 224 1732 γὰρ
246 1697 275 1723 ὲν
288 1697 395 1729 πολλοῖς
416 1697 536 1725 διδάσκει
552 1691 629 1733 ἡμᾶς’
645 1699 662 1733 ἡ
686 1697 746 1724 θεία
770 1697 878 1733 Γραφὴ,

82 1742 199 1776 ἀγαθὸν
224 1742 346 1769 καλοῦσα
361 1743 452 1770 παῖδα
463 1743 586 1778 πτωχὸν
610 1743 659 1770 καὶ
686 1743 797 1778 σοφόν·
820 1743 877 1775 καὶ,

89 1787 208 1822 Ἀγαθός
221 1788 277 1822 (19)
293 1787 436 1822 Σαμουὴλ
447 1789 523 1823 μετὰ
538 1788 612 1815 Θεοῦ
626 1787 675 1814 καὶ
698 1787 877 1822 ἀνθρώπων-ο

86 1834 145 1865 καὶ,
164 1833 283 1868 Ἀγαθός
296 1831 335 1868 ἦν
349 1833 449 1860 Σαοὺλ
463 1833 529 1866 υἱός
544 1833 598 1866 Κὶς
610 1833 645 1860 ἐκ
659 1833 761 1868 φυλῆς
777 1835 879 1861 Βενια-

83 1879 145 1913 μὶν,
162 1879 354 1913 ὑψηλότερος
373 1879 487 1912 παντὸς
507 1879 627 1914 Ἰσραὴλ
641 1880 814 1914 ὐπερωμίαν
830 1879 879 1906 καὶ

84 1925 203 1953 ἐπάνω·
223 1926 280 1958 καὶ,
300 1926 426 1960 Ἀγαθὸν
443 1927 624 1960 πορεύεσθαι
644 1927 688 1959 εις
704 1924 789 1953 οἶκον
808 1925 880 1952 πέν-

85 1975 173 2005 θους,
195 1971 214 2006 ἢ
243 1973 287 2005 εις
307 1970 392 1999 οἶκον
415 1972 527 1999 πότου·
543 1973 601 2004 καὶ,
615 1971 761 2004 Ἄνοιξον,
782 1972 880 2006 Κύριε,

85 2018 140 2044 τὸν
150 2017 292 2051 οὐρανὸν,
306 2018 360 2044 τὸν
372 2018 528 2052 θησαυρόν
537 2025 597 2045 σου
611 2017 665 2044 τὸν
678 2017 792 2053 ἀγαθόν
801 2025 808 2032 '
822 2017 879 2050 καὶ,

91 2063 215 2098 Ἀγαθός
230 2063 322 2097 ,λόγος
337 2063 414 2097 ὑπὲρ
434 2063 511 2098 δόμα
522 2071 529 2079 ·
547 2064 604 2096 καὶ,
623 2064 748 2099 Ἀγαθός
769 2064 785 2090 ὀ
802 2063 881 2090 κύων

86 2109 102 2134 ό
117 2107 174 2138 ὧν
190 2107 267 2144 ήπὲρ
281 2108 335 2135 τὸν
353 2107 465 2135 λέοντα
480 2108 534 2136 τὸν
547 2109 656 2143 νεκρόκ
666 2117 672 2124 ·
689 2109 747 2142 καὶ,
763 2108 882 2143 Ἀγαθὸν

86 2152 142 2180 δύο
162 2153 238 2187 ὑπὲρ
262 2153 316 2180 τὸν
337 2153 406 2180 ἓνα-
424 2153 486 2186 καὶ,
513 2153 622 2188 Ἀγαυὴ
646 2153 759 2188 ἐσχάτη
784 2154 883 2188 λόγων

85 2199 164 2234 ὑπὲρ
178 2198 278 2234 ἀρχήν
289 2207 296 2214 ·
312 2199 368 2231 καὶ,
388 2200 422 2226 El
439 2199 525 2234 ὑμεῖς
546 2199 673 2234 πονηροὶ
686 2200 772 2232 ὄντες
782 2199 882 2226 οἴδατε

927 1608 1114 1640 imbecillitas,
1138 1608 1186 1644 qui
1206 1607 1341 1642 ejusmodi
1359 1606 1490 1642 quiddam
1510 1606 1612 1633 audent
1635 1604 1717 1640 protl-

929 1655 980 1683 teri
1001 1655 1035 1682 de
1059 1653 1141 1686 Filio,
1164 1652 1275 1681 tametsi
1300 1652 1328 1679 in
1352 1651 1473 1680 medium
1498 1650 1565 1679 illud
1593 1650 1716 1678 alteras:

930 1700 1004 1729 Unus
1017 1706 1056 1729 est
1071 1700 1153 1728 bonus
1167 1699 1249 1727 Deus.
1279 1698 1348 1726 Nam
1369 1698 1507 1734 plerisque
1520 1698 1548 1726 in
1563 1697 1631 1726 locis
1645 1697 1720 1726 Seri-

928 1751 1008 1783 ptura
1024 1754 1075 1774 nos
1088 1746 1256 1774 contrarium
1272 1745 1369 1774 edocet
1382 1755 1389 1773 :
1410 1745 1528 1780 primum
1543 1752 1607 1772 eum
1623 1744 1719 1772 bonum

929 1793 1048 1828 appellat
1069 1792 1218 1820 mendicum
1242 1795 1268 1819 et
1288 1791 1434 1826 sapientem
1454 1798 1566 1826 puerum
1580 1790 1602 1818 ⁸,
1623 1790 1689 1818 Item
1711 1799 1718 1817 :

930 1838 1039 1866 Samuel
1049 1838 1130 1866 bonus
1138 1843 1195 1865 erat
1207 1846 1266 1865 cum
1280 1836 1332 1864 Deo
1339 1842 1363 1864 et
1371 1836 1548 1864 hominibus“.
1561 1837 1610 1864 Et:
1627 1836 1716 1863 Bonus

929 1891 984 1913 erat
1007 1884 1074 1912 Saul
1092 1884 1164 1918 ﬁlius
1187 1882 1232 1911 Cia
1246 1891 1260 1911 e
1285 1882 1355 1910 tribu
1374 1881 1525 1916 Beujamin,
1540 1882 1621 1908 altior
1636 1882 1720 1908 omni-

931 1931 978 1957 bus
1006 1928 1139 1956 lsraelitis
1153 1928 1185 1955 ab
1200 1927 1316 1955 humeris
1331 1932 1355 1954 et
1370 1935 1452 1961 supra
1466 1928 1487 1954 ‘.
1513 1927 1580 1954 Item
1596 1936 1602 1954 :
1616 1926 1720 1954 Bonum

931 1981 969 2003 est
984 1976 1022 2003 ire
1038 1974 1072 2002 ad
1082 1974 1189 2002 domum
1201 1974 1299 2006 luctus,
1317 1982 1396 2013 quam
1408 1973 1444 2001 ad
1452 1973 1561 2000 domum
1575 1973 1686 2000 convivii
1699 1972 1720 1998 ".

932 2021 1021 2049 Tum:
1039 2021 1130 2055 Aperi,
1148 2020 1269 2052 Domine,
1288 2020 1393 2053 coelum,
1417 2019 1568 2046 thesaurum
1590 2023 1663 2045 tuum
1676 2018 1721 2045 bo-

932 2075 994 2094 uum
1009 2067 1030 2094 ⁵.
1049 2066 1114 2094 Item
1131 2075 1138 2094 :
1161 2065 1252 2093 Bonus
1270 2073 1356 2092 sermo
1384 2073 1437 2100 pm
1465 2072 1581 2092 munere.
1609 2063 1721 2091 Necnon

932 2117 959 2140 et
974 2112 1041 2140 illud
1056 2121 1063 2139 :
1082 2111 1180 2139 Melior
1195 2116 1234 2138 est
1253 2110 1327 2150 canis
1342 2111 1415 2138 vivus
1437 2111 1510 2138 leone
1523 2115 1628 2137 mortuo
1641 2110 1662 2137 '.
1679 2108 1720 2141 Et.

933 2156 1029 2184 Melius
1043 2161 1081 2184 est
1091 2156 1158 2183 duos
1177 2164 1242 2189 esse,
1258 2163 1337 2191 quam
1354 2164 1436 2183 unum
1451 2156 1484 2184 ¹⁰.
1503 2155 1545 2188 Ει,
1562 2154 1657 2183 Melior
1675 2160 1714 2182 est

934 2203 994 2238 ﬁnis
1009 2203 1137 2230 sermonis
1163 2202 1293 2236 principio
1309 2202 1342 2230 “.
1353 2201 1419 2229 Item
1435 2211 1442 2229 :
1464 2201 1495 2229 Si
1509 2210 1554 2229 vos
1572 2201 1637 2228 mali
1657 2209 1717 2228 cum

86 2247 201 2281 δᾴιατα
221 2244 318 2280 ἀγαθὰ
337 2244 453 2273 διδόναι
478 2245 541 2279 τοῖς
557 2246 676 2279 τέκνοις
700 2245 792 2281 ὑμῶν,
817 2246 876 2281 περὶ

931 2247 1001 2279 sitis,
1011 2246 1093 2273 nostis
1110 2245 1179 2273 bona
1194 2245 1249 2281 24
1266 2245 1332 2273 ι1αια
1346 2246 1410 2273 dare
1423 2245 1489 2280 ﬁlii:
1503 2245 1596 2272 vestri:
1613 2245 1634 2260 "
1647 2254 1654 2273 :
1672 2244 1721 2272 ubi

124 2305 133 2320 ί
149 2304 230 2332 Deest
242 2303 366 2331 verbum.
404 2303 504 2331 'Joan.
520 2312 577 2337 xtv,
592 2303 638 2332 28.
683 2305 693 2320 ³
704 2305 770 2331 Luc.
787 2312 864 2336 xvm,

87 2342 96 2356 1
108 2340 187 2356 li‘nnla
214 2347 250 2356 un
276 2339 293 2356 Χ
340 2339 351 2355 Β
365 2338 431 2356 Νιιιιι
461 2347 494 2356 νιν
521 2339 537 2356 l'.
585 2340 595 2355 Β
609 2339 688 2356 Pus-Io
712 2347 737 2356 Iv
768 2339 779 2356 ι
830 2340 852 2355 ιο
865 2339 876 2356 ι

963 2304 1089 2333 δΕεοΙοε.
1109 2312 1147 2336 1v,
1163 2304 1207 2331 I5.
1247 2303 1280 2330 'I
1295 2303 1335 2331 Re
1355 2324 1362 2330 .

930 2347 944 2356 Α
973 2348 998 2356 ιιι
1025 2341 1042 2356 0
1090 2339 1111 2355 Il
1126 2339 1204 2356 Pnn‘n
1227 2347 1263 2356 wn
1292 2339 1309 2356 0
1336 2311 1362 2354 gi

107 2340 198 2368 Eccle.
214 2347 262 2372 vu,
276 2339 303 2366 5.
340 2339 351 2355 ³
362 2338 444 2368 Num.
460 2347 506 2373 xx,
521 2339 546 2368 ὓ.
585 2340 595 2355 ⁹
608 2339 698 2367 Eccle.
712 2347 750 2372 lx,
765 2339 793 2368 4,
830 2340 852 2355 ¹⁰
865 2339 953 2368 Eccle.
973 2348 1009 2373 tv,
1025 2341 1051 2368 9,
1090 2339 1111 2355 ”
1124 2339 1214 2367 Eccle.
1227 2347 1275 2372 vn,
1292 2339 1323 2367 9.
1341 2338 1364 2354 "
1381 2338 1478 2366 Matth.
1492 2346 1538 2370 vu,
1551 2338 1589 2365 II.

89 2431 218 2460 Hebraeos
234 2430 374 2466 Christum
400 2429 544 2458 Dominum
566 2431 600 2458 ad
626 2431 738 2465 angelos
767 2439 879 2466 compa-

88 2466 234 2502 ransLait,
255 2465 381 2502 Τοσοότῳ
400 2466 531 2501 κρείττων
547 2467 693 2502 γενόμενος
716 2466 770 2493 τῶν
789 2465 879 2501 ἀγγέ-

89 2500 265 2563 λων.ἕειςιιιη
280 2500 315 2528 de
328 2501 371 2528 his
388 2501 455 2528 satis
469 2509 518 2536 pro
534 2500 651 2529 instituti
669 2502 756 2530 nostri
771 2503 878 2529 ratione

92 2545 144 2563 tam
181 2543 290 2563 IXImllS.

101 2545 144 2564 am
160 2543 290 2563 (luimus.

88 2546 144 2573 tam
160 2546 290 2563 “IXIHNIS.

125 2571 182 2607 (18)
202 2570 251 2605 Μὴ
267 2569 343 2603 ζήτει
360 2570 395 2598 τὰ
407 2571 451 2606 μὴ
474 2571 648 2606 ζητούμενα.
666 2571 810 2606 Epiphanii
831 2571 881 2598 do-

90 2609 344 2641 cumentumrsane
370 2607 636 2641 opportunissimum
668 2614 723 2641 pr'e
751 2607 880 2634 omnibus

91 2640 282 2676 subtilissimjs
297 2641 352 2668 illis
371 2640 525 2669 rationibus
541 2649 611 2676 quas
639 2640 782 2669 versabant
799 2650 880 2676 supe-

92 2677 160 2704 riori
182 2676 211 2702 in
224 2674 412 2711 adnotatione.
429 2677 518 2711 Atque
531 2674 634 2704 utinam
656 2677 683 2703 in
705 2677 788 2704 rebus
804 2674 880 2703 theo-

93 2711 174 2746 Ιιιείω
189 2710 279 2746 sacris
292 2710 607 2746 simplicitate’eontenti
623 2712 689 2739 illud
707 2712 880 2746 impleverim

92 2744 232 2785 doctores,
251 2744 356 2785 Maiora
366 2751 389 2774 te
402 2755 433 2774 ne
448 2748 602 2785 qua’sieris;
617 2751 699 2785 atque
714 2744 794 2785 alieni
811 2746 878 2785 fuis-

93 2785 155 2820 sent
169 2781 204 2807 ab
223 2780 326 2820 inutili,
349 2785 395 2808 aut
411 2780 464 2820 non
487 2783 571 2809 semel
591 2780 749 2820 perniciosa
765 2782 881 2820 investit

93 2816 204 2878 Fatione
225 2815 281 2847 illa,
303 2823 356 2850 qua
375 2817 506 2851 quaeritur
520 2825 570 2844 cur
591 2815 661 2845 Deus
679 2818 730 2844 hoc
752 2817 792 2844 vel
814 2816 880 2843 illud

106 2850 203 2878 ecerit.
230 2855 276 2877 aut
298 2851 436 2878 ollomodo
462 2852 565 2878 fecerit.
594 2852 650 2878 Iletl
676 2856 778 2878 mianta
814 2859 880 2878 nace

106 2850 203 2883 ‘ecerit,
230 2855 276 2887 aut
298 2850 436 2887 qllomodo
462 2852 565 2880 fecerit.
594 2852 650 2880 Ileu
676 2856 778 2887 quanta
814 2859 880 2886 pace

96 2885 236 2915 frueretur
252 2884 392 2914 Ecclesia!
414 2895 496 2922 quam
521 2895 613 2922 panem
628 2884 721 2916 essent
742 2884 880 2915 lnereSes’.

1387 2311 1417 2335 Il,
1430 2303 1475 2331 26.
1510 2302 1520 2318 ‘
1535 2301 1543 2329 1
1561 2301 1628 2337 Reg.
1641 2310 1679 2334 Ix,
1692 2302 1719 2328 2.

931 2438 1014 2466 quam
1027 2427 1228 2466 contractiores
1238 2426 1380 2466 theologia:
1391 2426 1540 2466 tractatus!
1553 2426 1652 2466 quales
1658 2426 1721 2466 heu,

932 2461 1083 2501 quantique
1102 2462 1254 2501 Christiani
1273 2462 1425 2501 __essemu_sl
1446 2464 1480 2488 At
1503 2461 1669 2501 insatiabilis
1694 2462 1721 2489 in

932 2496 1052 2528 liumana
1070 2503 1161 2526 mente
1184 2497 1291 2524 sciendi
1318 2496 1475 2531 cupiditas,
1502 2497 1599 2525 odiosa
1625 2496 1721 2524 adver-

933 2537 1068 2564 sariorum
1081 2532 1229 2560 morositas
1241 2535 1268 2558 et
1287 2531 1442 2566 improbum
1472 2532 1662 2566 oppugnanda).
1677 2540 1721 2559 ve‘

934 2571 1024 2598 ritatis
1038 2569 1171 2599 studium,
1185 2567 1377 2594 necessitatem
1392 2567 1472 2594 nobis
1484 2571 1615 2594 crearunt
1625 2574 1722 2601 quam.

933 2607 1008 2637 dam,
1024 2604 1130 2639 litigiis,
1147 2602 1274 2639 salebris.
1290 2601 1588 2639 ditIiciIliInisnexiurls
1603 2610 1662 2639 eam
1672 2602 1723 2639 im:

933 2636 1053 2677 plicandi
1069 2636 1231 2677 'doctrinam
1243 2657 1250 2667 .
1262 2645 1336 2677 ,ειυς
1358 2636 1522 2677 castissima:
1548 2636 1666 2672 Virginis
1688 2637 1722 2664 ad

933 2672 1030 2708 instar,
1047 2673 1181 2701 modestia
1200 2676 1225 2700 et
1246 2672 1424 2708 simplicitate
1439 2672 1536 2708 lubens
1551 2679 1598 2706 per
1614 2680 1642 2699 se
1657 2680 1724 2706 gau-

932 2713 1019 2739 deret.
1037 2709 1189 2737 Caveamus
1204 2707 1287 2742 igitur
1301 2715 1336 2735 ne
1353 2707 1426 2742 quod
1449 2707 1545 2734 vitium
1573 2708 1724 2734 necessitas

932 2747 1036 2776 intulit,
1051 2744 1156 2779 absque
1174 2742 1341 2770 necessitate
1355 2747 1401 2769 aut
1418 2749 1576 2777 sequamur,
1595 2746 1642 2768 aut
1659 2748 1721 2776 pro-

934 2782 1075 2809 vellamus.

970 2816 1037 2851 (I0)
1048 2814 1166 2851 Verbum
1186 2810 1219 2848 ἦν
1233 2820 1265 2840 eo
1282 2812 1310 2839 in
1336 2811 1394 2851 loco
1411 2811 1566 2851 desiderari.
1582 2817 1644 2851 eum
1663 2809 1721 2851 (lli-

936 2843 1131 2878 tio‘ne'I’rtavii
1149 2843 1260 2876 monent
1285 2852 1312 2875 et
1332 2847 1523 2882 probatissima
1547 2845 1652 2873 Veteris
1669 2843 1725 2872 Tt:-

937 2887 1065 2915 stamenti
1078 2885 1200 2919 exempla
1218 2883 1322 2910 Graeca.
