1940 3043
218 175 249 202 5i
924 182 952 210 S.
974 183 1002 210 El

1055 185 1142 213 liANll
1813 189 1845 217 5‘2

218 237 252 265 de
273 237 346 272 pisce
361 241 388 265 et
409 245 478 273 pane
495 238 626 274 loquitur.
649 239 714 273 Quae
730 248 792 269 cum
812 243 848 270 ita
864 244 929 276 sint.
945 253 1002 280 qua:

1058 246 1148 282 ίχθύος
1166 247 1211 274 καὶ
1234 247 1317 283 ἄρτου
1337 247 1433 282 λέγων.
1462 249 1526 281 Πῶς
1555 249 1657 285 τολμᾷν
1682 249 1846 277 διανοεῖσθαι

219 287 294 310 tanta
315 283 361 310 illa
380 288 470 311 vestra
489 289 531 312 est
548 285 674 317 audacia,
691 291 721 314 ut
738 287 836 316 Filium
855 290 1004 319 bonitatem

217 329 354 365 abuegare
366 338 455 362 suam,
470 339 524 358 non
536 339 586 367 pro
597 333 740 361 excellenti
753 342 803 362 suo
813 335 904 364 Patris
918 337 1004 365 hono-

217 375 295 401 randi
311 375 404 402 studio
417 376 584 403 mentionem
601 377 816 407 bonitatisillius
831 380 929 408 fecisse
946 385 1004 408 sta-

216 420 321 447 tuatis?
338 420 406 446 Eum
422 421 523 456 quippe
545 422 592 457 qui
614 430 644 450 se
661 423 704 451 bis
723 424 814 452 verbis
839 426 1003 461 appellabat,

217 465 366 500 Praeceptor
383 467 449 494 bone
466 468 486 500 ί,
503 475 551 495 ore
573 473 653 496 tenus
673 469 723 496 ista
749 469 930 505 profcrentem
950 479 1004 499 non

215 518 248 538 ex
269 511 362 538 animo
384 512 503 546 videbat,
531 521 649 548 eumque
676 514 840 550 redarguere
862 516 970 544 volebat
995 526 1002 544 :

216 556 288 590 quod
304 557 395 584 verbis
409 557 482 585 illius
498 558 611 587 minime
626 559 766 592 crederet,
782 561 829 588 sed
850 561 1004 596 exploraret

216 602 351 634 animum,
375 604 605 638 quemadmodum
621 605 675 632 alio
693 606 719 633 in
741 607 801 634 loco
821 607 887 634 dicit
907 617 912 635 :
932 608 1003 641 Quid

215 647 280 674 mihi
303 647 402 682 dicitis,
426 647 550 682 Domine,
564 649 684 684 Domine,
707 656 731 678 et
757 660 808 679 non
833 652 923 686 facitis
945 661 1003 687 quae

217 693 277 721 dico
292 694 323 721 '?
343 695 430 730 Atque
446 695 521 723 illum
542 695 594 724 hoc
617 701 696 732 pacto
721 698 884 726 convincere
906 699 1002 734 cupie-

215 741 270 773 bat,
299 741 434 776 siquidem
465 749 526 770 cum
564 743 664 771 bonum
697 744 772 771 illum
804 749 1000 780 praeceptorem

215 789 355 818 vocasset,
378 794 549 822 nequaquam
572 787 598 814 in
616 787 668 816 lide
689 796 740 815 sua
766 789 896 824 perstitit,
924 793 953 817 ut
975 790 1001 817 in

216 831 302 866 ipsius
317 832 465 860 bonitatem
481 832 616 861 crederet.

249 876 320 905 XIX.
342 877 428 913 Igitur
443 882 568 906 sanctum
591 879 680 914 ipsum
698 880 746 908 Dei
759 879 890 914 Verbum,
906 881 1000 909 vivens

1058 292 1264 328 ἁπαρνούμενον
1289 294 1335 321 τὸν
1349 294 1412 321 Υίὸν
1428 294 1477 330 τὴν
1497 295 1593 322 ἑαυτοῦ
1615 295 1780 330 ἀγαθότητα,
1800 296 1847 322 καὶ

1060 339 1097 374 μὴ
1112 339 1145 365 δι’
1158 340 1310 376 ὑπερϐολὴν
1329 341 1378 376 τῆς
1397 341 1481 376 τιμῆς
1496 341 1542 368 τοῦ
1559 341 1666 377 Πατρὺς
1684 342 1779 377 φέρειν
1795 343 1845 376 τὴν

1058 384 1233 421 ἁγαθότητα;
1259 386 1349 422 Ἐώρα
1367 387 1412 413 τὸν
1432 386 1625 423 λέγοντα(20)
1650 386 1734 422 αὐτῷ,
1762 387 1846 414 Διδά-

1057 433 1155 458 σκαλε
1171 431 1273 466 ἀγαθὲ,
1289 432 1403 466 λέγοντα
1419 433 1530 468 ςτόματι
1555 433 1602 459 καὶ
1620 433 1650 459 οὐ
1676 432 1784 468 καρδίᾳ,
1799 433 1847 460 καὶ

1057 474 1164 509 ἐλέγξαι
1179 475 1259 503 αὐτὸν
1275 475 1445 512 βουλόμενος,
1459 477 1500 504 ὄτι
1513 477 1543 504 οὑ
1554 478 1611 509 τοῖς
1632 478 1748 513 χείλεσιν
1760 477 1846 504 αὑτοῦ

1057 521 1189 552 ἐπείθετο,
1209 521 1278 547 ἀλλὰ
1299 522 1348 556 τὴν
1375 522 1489 557 καρδίαν
1509 523 1667 558 διήλεγχεν·
1685 524 1722 555 ὼς
1748 523 1797 550 καὶ
1816 524 1846 550 ἐν

1056 566 1128 602 ἄλλῳ
1138 567 1214 602 τόπῳ
1227 567 1315 602 λέγει·
1336 569 1367 595 Τί
1373 578 1423 603 μοι
1437 568 1551 603 λέγετε,
1563 569 1662 603 Κύριε,
1679 570 1777 603 Κύριε,
1793 570 1844 596 καὶ

1056 614 1091 639 οὐ
1103 614 1212 640 ποιεῖτε
1233 614 1304 647 τοὺς
1324 614 1415 649 ἐμοὺς
1438 615 1569 649 lorove;
1586 615 1632 642 καὶ
1646 612 1697 642 ὦδε
1717 615 1845 642 ἐϐούλετο

1056 658 1135 685 αὐτὸν
1152 659 1289 694 ἐλέγχειν*
1304 660 1380 694 ἔλεγε
1395 659 1449 695 γὰρ
1464 660 1543 687 αὐτὸν
1556 660 1657 694 ἀγαθὸν
1672 660 1843 692 διδάσκαλον,

1056 705 1104 731 καὶ
1118 704 1166 731 οὐκ
1180 705 1275 740 ἔμενεν
1289 706 1318 732 ὲν
1329 707 1362 742 τῇ
1378 706 1461 733 αὑτοῦ
1478 707 1579 741 πίστει,
1590 707 1727 734 πιστεύειν
1743 708 1783 740 είς
1795 707 1844 743 τὴν

1055 750 1137 777 αὑτοῦ
1149 751 1314 786 ἀγαθότητα.

1091 881 1140 908 16’.
1161 881 1247 913 Αὐτὸς
1274 881 1365 908 τοίνυν
1381 883 1395 908 6
1415 882 1492 916 ἅγιος
1515 883 1600 917 Λόγος
1613 903 1620 915 ,
1637 883 1651 909 6
1670 881 1724 914 ζῶν
1740 882 1841 910 ὲνυπόι

214 927 241 954 et
258 923 424 956 subsistens,
446 924 566 952 ecelestis
584 932 643 958 rex,
668 933 816 961 germanus
836 926 932 960 Filius,
954 927 1001 954 sed

1055 935 1160 958 στατος,
1178 927 1192 953 6
1212 926 1338 961 βασιλεὺς
1350 928 1364 953 6
1377 928 1547 963 ἐπουράνιος,
1564 929 1578 955 6
1595 928 1658 960 Υἱὸς
1682 929 1697 955 6
1719 929 1840 964 γνήσιος,

214 976 276 996 cum
298 968 380 997 Patre
402 977 512 1004 semper
530 971 679 1004 exsistens,
701 978 716 998 a
740 971 820 999 Patre
837 973 1000 1007 procedens,

214 1014 344 1050 splendor
354 1014 459 1050 gloriae.
475 1015 564 1050 ﬁgura
578 1016 738 1045 substantiae
756 1017 773 1049 ³,
809 1017 898 1052 imago
914 1017 1003 1044 Patris

213 1061 368 1094 verissima,
387 1061 414 1088 in
431 1061 528 1089 eodem
545 1070 607 1090 cum
622 1063 752 1091 Genitore
772 1063 842 1092 solio
862 1064 1003 1100 dignitatis

212 1106 360 1134 considens
374 1115 380 1133 :
393 1105 478 1141 Cujus
492 1108 564 1143 regni
577 1109 686 1136 nouerit
700 1109 784 1143 ﬁnis‘,
791 1109 876 1144 judex
887 1110 1003 1137 vivorum

212 1156 236 1178 et
261 1156 427 1179 mortuorum
442 1153 466 1185 ',
501 1153 637 1188 sapientia
664 1162 680 1181 a
700 1155 844 1189 sapientia,
870 1162 902 1182 ex
928 1156 1003 1182 fonte

215 1198 276 1225 fons
291 1198 425 1233 originem
443 1199 548 1227 ducens
564 1209 570 1227 :
584 1199 629 1227 Me
641 1199 725 1234 enim,
740 1201 840 1236 inquit,
855 1200 1003 1236 derelique-

214 1248 277 1269 runt
299 1243 396 1278 fontem
420 1252 496 1278 aqua:
517 1246 591 1278 vitate,
613 1250 638 1272 et
660 1245 785 1280 foderunt
806 1246 858 1273 sibi
874 1247 1003 1274 cisternas

213 1289 357 1322 dissipatas
369 1289 379 1304 ⁸
395 1298 403 1315 :
424 1289 520 1322 fluvius
538 1297 646 1325 quoque
663 1291 793 1325 perennis
812 1295 854 1318 est
873 1292 920 1326 qui
935 1292 1004 1319 (teti-

213 1333 276 1367 ﬁcat
295 1334 392 1368 impetu
411 1335 544 1362 ciuitatem
564 1335 613 1362 Dei
629 1335 652 1370 ',
675 1337 722 1371 qui
746 1344 781 1364 ex
808 1337 904 1364 eodem
929 1337 1004 1366 fonte

215 1379 406 1414 progreditur:
424 1380 497 1408 unde
517 1381 640 1415 ﬂumina,
657 1382 756 1417 inquit,
779 1381 811 1409 de
825 1382 899 1410 illius
916 1387 1003 1410 ventre

214 1426 345 1460 proﬂuent
363 1426 373 1442 '
392 1435 399 1453 :
422 1430 505 1462 atque
533 1427 604 1456 idem
632 1432 771 1462 sceptrum
795 1427 901 1461 David,
924 1428 1003 1456 radix

213 1471 291 1500 Jesse
316 1475 344 1500 et
360 1471 412 1500 ﬂos
435 1472 468 1499 ab
487 1479 519 1500 ea
542 1473 702 1508 pullulans:
731 1473 783 1506 leo,
808 1480 856 1500 rex
878 1473 912 1501 de
929 1474 1003 1501 tribu

213 1517 292 1551 Juda,
320 1517 380 1546 oris
404 1518 512 1546 ratione
535 1518 660 1552 praedita,
685 1519 756 1554 lapis
779 1519 882 1547 vivus:
911 1520 1003 1554 magni

214 1563 324 1591 consilii
339 1564 470 1600 Angelus,
493 1564 575 1592 homo
596 1572 627 1591 re
649 1565 708 1600 ipsa
724 1568 818 1597 natus,
835 1565 938 1592 nullam
956 1570 1003 1592 aut

214 1614 319 1638 naturae
336 1615 383 1638 aut
404 1611 556 1638 divinitatis
580 1611 758 1638 mutationem
783 1618 894 1646 passus,
920 1616 1003 1640 natus

216 1657 244 1683 in
258 1663 352 1690 carne,
371 1656 554 1684 ineat-natum
585 1655 715 1689 Verbum,
733 1656 851 1684 Verbum
874 1664 939 1685 caro
964 1657 1003 1685 fa-

214 1706 290 1730 ctum
303 1702 325 1730 '.
341 1701 400 1735 Qua
415 1701 443 1729 in
458 1709 488 1729 re
505 1702 678 1735 declaranda,
694 1706 758 1731 ante
771 1703 936 1731 vocabulum
960 1703 1003 1738 fa-

214 1753 298 1780 ctum,
312 1755 364 1775 vox
384 1751 426 1775 est
448 1748 553 1775 inserta
570 1747 668 1775 carnis.
687 1747 755 1775 Nam
779 1756 833 1776 non
848 1748 917 1776 dixit
937 1749 1002 1776 Ver-

216 1795 276 1820 bum
290 1794 391 1828 factum
406 1814 414 1827 ,
430 1795 477 1822 sed
494 1798 556 1830 post
579 1794 657 1822 Verbi
678 1802 788 1827 nomen,
805 1803 899 1824 vocem
914 1796 1004 1822 carnis

215 1839 321 1868 inﬁnite
333 1841 424 1875 posuit
440 1849 446 1867 :
467 1845 522 1868 tum
536 1844 597 1875 post
615 1849 730 1874 carnem,
752 1841 853 1875 factum
869 1844 909 1868 est
928 1841 1003 1875 adje-

216 1884 266 1917 cit,
292 1890 323 1912 ut
339 1885 474 1913 vocabulo
488 1885 587 1920 factum
609 1890 658 1918 est,
675 1893 708 1914 ex
723 1884 808 1912 Maria
827 1889 922 1913 natum
942 1893 1004 1914 esse

215 1931 396 1965 signiﬁcetur,
407 1938 439 1958 ac
453 1930 573 1958 Verbum
593 1931 760 1967 intelligatur
773 1939 789 1959 e
802 1932 873 1959 coelo
891 1936 974 1966 atque
988 1938 1003 1958 a

215 1977 298 2004 Patre
309 1984 370 2005 esse
383 1977 535 2012 delapsum.
550 1976 607 2004 Hoc
620 1977 703 2012 igitur
718 1981 844 2005 sanctum
856 1977 1005 2011 vivumque

217 2023 348 2056 Verbum,
366 2022 439 2051 Deus
451 2031 466 2050 a
477 2023 567 2056 Patre,
583 2023 673 2058 magni
685 2022 794 2051 consilii
804 2022 937 2057 Angelus,
955 2029 1005 2057 pa-

216 2070 288 2098 terni
319 2070 428 2097 consilii
459 2070 574 2097 nuntius
595 2075 627 2097 et
644 2070 791 2104 interpres,
817 2068 898 2096 Pater
919 2068 1003 2096 futuri

214 2116 306 2144 osculi
317 2116 354 2142 “’2
369 2117 437 2150 ipse,
447 2115 569 2150 inquam,
584 2115 636 2142 hoc
648 2115 717 2142 dixit
730 2124 738 2142 :
754 2113 838 2141 Nemo
852 2114 921 2142 novit
935 2114 1004 2142 diem

215 2170 296 2198 neque
312 2161 415 2193 ltoram,
437 2169 469 2187 ne
485 2161 571 2195 angeli
588 2160 691 2196 quidem
711 2161 755 2195 qui
766 2161 794 2187 in
809 2159 873 2188 cwlo
893 2165 954 2188 sunt
969 2160 1002 2193 “,

215 2215 280 2234 nam
309 2206 377 2234 illud
404 2206 540 2242 ignOram,
568 2205 668 2233 Filium
692 2205 744 2233 hoc
769 2205 860 2233 altiori
885 2206 1002 2241 quodam

216 2260 299 2280 sensu
326 2251 528 2288 pronuntiasse,
559 2250 621 2278 Nisi
646 2250 718 2278 solus
743 2250 835 2278 Pater.
861 2251 914 2286 25
935 2252 1002 2278 Cum

215 2298 298 2333 igitur
316 2297 424 2326 Patrem
441 2297 526 2326 Filius
550 2297 668 2327 noverit.
693 2305 726 2325 ac
742 2296 824 2325 Pater
841 2298 885 2325 die
906 2298 951 2325 illa
966 2298 1002 2325 sit

216 2344 340 2378 horaque
357 2344 463 2379 major;
480 2351 534 2379 qua
550 2344 583 2372 de
598 2351 627 2370 re
645 2343 771 2371 dubitare
791 2351 871 2370 nemo
888 2347 977 2379 potest
993 2353 999 2371 :

217 2390 262 2424 qui
284 2389 357 2424 quod
378 2390 469 2424 majus
494 2394 536 2417 est
560 2390 648 2421 novit,
665 2397 729 2416 num
756 2389 780 2416 is
801 2389 909 2416 tandem
928 2390 1002 2424 quod

215 2435 306 2462 minus
320 2440 362 2462 est
377 2435 535 2471 ignorabit?
559 2435 645 2462 Nemo
661 2437 730 2462 enim
746 2435 853 2462 Patrem
866 2436 938 2462 nouit
952 2436 1004 2463 nisi

214 2482 313 2513 Filius,
336 2487 361 2508 et
377 2490 452 2509 nemo
468 2482 538 2509 novit
554 2481 654 2509 Filium
667 2482 719 2509 nisi
731 2481 812 2509 Pater
828 2482 860 2508 “.
882 2481 917 2509 Ut
929 2482 1002 2510 enim

214 2535 331 2563 magnus
351 2527 458 2555 idcirco
477 2525 558 2554 Pater
570 2532 622 2559 est,
647 2527 712 2562 quia
730 2527 807 2554 novit
829 2526 939 2559 Filium,
964 2527 1001 2553 ita

214 2578 241 2602 et
263 2581 379 2608 magnus
392 2572 480 2600 Filius
499 2576 551 2602 est.
571 2573 636 2607 quia
657 2572 731 2600 novit
756 2573 863 2601 Patrem
883 2582 890 2600 :
916 2580 1003 2608 quare

214 2620 261 2655 qui
280 2619 352 2654 quod
372 2619 462 2654 majus
485 2623 538 2652 est,
560 2618 668 2646 Putrem
685 2619 818 2652 videlicet,
841 2619 1001 2654 cognoscit,

215 2665 286 2700 quod
310 2665 388 2700 longe
406 2664 498 2692 minus
521 2668 573 2696 est,
595 2663 721 2700 ignorare
740 2665 786 2700 qui
808 2668 907 2700 potest,
930 2664 1002 2692 diem

215 2713 289 2740 illam
304 2717 331 2740 et
346 2711 462 2739 lteram?
476 2711 597 2747 Agedum
616 2712 707 2746 itaque
724 2719 819 2739 sacras
829 2715 1004 2745 perscrutare

249 2771 305 2807 (eo)
324 2757 368 2799 λι.
381 2770 453 2807 ἑώρα
470 2771 525 2807 γὰρ
541 2771 597 2798 τόν.

1053 974 1067 999 6
1082 973 1125 999 ἀεὶ
1144 974 1191 1000 σὺν
1212 973 1311 1008 Ila-cpi,
1328 974 1342 1000 6
1359 974 1390 1000 ἐκ
1411 973 1519 1009 Πατρὸς
1538 974 1686 1010 προελθὼν,
1703 973 1733 1001 τὸ
1754 974 1842 1000 ἀπαύ-

1053 1028 1146 1054 γασμα
1161 1019 1211 1054 τῆς
1227 1019 1306 1055 δόξης
1317 1039 1324 1051 ,
1349 1020 1363 1046 6
1378 1020 1522 1056 χαρακτὴρ
1539 1021 1589 1056 τῆς
1611 1021 1797 1053 ὑποστάσεως,
1823 1021 1840 1056 ἠ

1053 1065 1134 1092 εἰκὼν
1147 1065 1193 1092 τοῦ
1208 1066 1315 1101 Πατρὺς
1331 1067 1359 1092 ἐν
1382 1065 1504 1102 ἀληθείᾳ,
1521 1067 1535 1093 6
1553 1067 1698 1103 σύνθρονος
1718 1067 1767 1094 τοῦ
1792 1067 1842 1102 φύ-

1054 1120 1166 1144 σαντος,
1184 1110 1225 1139 οὗ
1252 1111 1307 1146 τῆς
1323 1111 1485 1146 βασιλείας
1503 1113 1559 1139 οὐκ
1585 1113 1670 1140 ἔσται
1693 1113 1799 1146 τέλος,
1825 1115 1842 1141 ὀ

1054 1156 1156 1191 κριτὴς
1170 1156 1285 1187 ζώντων
1298 1158 1348 1185 καὶ
1364 1157 1488 1191 νεκρῶν,
1504 1157 1517 1183 6
1532 1159 1612 1193 σοφία
1628 1158 1665 1184 ὣν
1680 1159 1711 1185 ἐκ
1733 1159 1840 1194 σοφίας,

1053 1203 1067 1229 6
1075 1202 1149 1238 πηγὴ
1165 1202 1203 1229 ὣν
1220 1204 1252 1229 ὲκ
1261 1203 1352 1238 πηγῆς
1362 1211 1369 1218 ·
1385 1203 1454 1238 Ἐμὲ
1465 1204 1530 1239 γὰρ,
1543 1204 1634 1244 φησίν,
1646 1205 1843 1239 ἐγκατέλιπον

1053 1247 1155 1283 πηγὴν
1164 1248 1273 1281 ὓδατος
1289 1248 1373 1283 ζωῆς,
1383 1249 1431 1276 καὶ
1446 1249 1565 1284 ὤρυξαν
1577 1250 1695 1284 ἑαυτοῖς
1708 1250 1843 1284 λάκκους

1054 1294 1338 1329 συντετριμμένους·
1355 1296 1369 1322 6
1383 1295 1514 1331 ποταμὸς
1525 1297 1539 1323 6
1553 1297 1675 1329 ἀένναος,
1686 1298 1700 1324 6
1718 1298 1841 1332 εὐφραῖ-

1053 1348 1115 1366 νων
1129 1340 1192 1373 τοῖς
1209 1341 1359 1376 ὀρμήμασι
1374 1341 1431 1375 τὴν
1448 1343 1538 1369 πόλιν
1551 1342 1603 1369 τοῦ
1620 1343 1704 1375 Θεοῦ,
1714 1345 1727 1370 6
1739 1345 1771 1371 ἐκ
1792 1345 1842 1380 τῆς

1054 1386 1146 1421 πηγῆς
1160 1386 1308 1422 προελθὼν,
1324 1387 1353 1420 ὲξ
1369 1384 1466 1423 οὗπερ,
1489 1389 1567 1423 φησὶ,
1582 1389 1708 1423 ποταμοὶ
1732 1390 1765 1416 ἐκ
1787 1390 1842 1424 τῆς

1054 1432 1170 1465 κοιλίας
1193 1432 1286 1459 αὑτοῦ
1307 1433 1476 1466 ,ῥεύσουσιο
1494 1433 1525 1460 τὸ
1546 1434 1684 1470 σκῆπτρον
1707 1435 1799 1466 Δαϐὶδ,
1824 1436 1841 1470 ἡ

1056 1477 1118 1512 ῥίζα
1131 1477 1177 1504 τοῦ
1198 1477 1308 1510 Ἰεσσαὶ,
1330 1478 1360 1505 τὸ
1389 1478 1469 1511 ἄνθος
1488 1478 1518 1505 τὸ
1531 1479 1577 1506 ἀπ’
1594 1480 1690 1515 αὐτῆς,
1705 1481 1719 1507 6
1734 1480 1812 1511 λέων.
1827 1482 1842 1507 6

1056 1522 1184 1557 βασιλεὺς
1201 1523 1215 1549 6
1229 1523 1262 1549 ὲκ
1275 1523 1362 1558 φυλῆς
1380 1522 1475 1554 Ἰούδα,
1489 1523 1519 1549 τὸ
1534 1524 1668 1559 πρόϐατον
1680 1524 1710 1550 τὸ
1722 1524 1840 1558 λογικὸν,

1032 1597 1037 1606 Ι
1055 1569 1069 1594 6
1086 1568 1160 1600 λίθος
1181 1569 1194 1595 6
1214 1568 1286 1602 ζῶν,
1312 1570 1326 1596 6
1339 1569 1388 1604 τῆς
1409 1569 1530 1605 μεγάλης
1546 1569 1644 1604 βουλῆς
1665 1570 1807 1604 Ἄγγελος,
1827 1571 1843 1597 6

1055 1613 1198 1649 ἄνθρωπος
1211 1614 1241 1640 ὲν
1258 1614 1372 1650 ἀληθείᾳ
1390 1613 1519 1648 γεγονὼς,
1535 1614 1582 1641 καὶ
1597 1614 1662 1646 Θεὸς
1683 1616 1712 1642 ὲν
1727 1615 1843 1651 ἀληθείᾳ.

1055 1658 1195 1694 ὑπάρχων,
1210 1658 1247 1694 μὴ
1261 1659 1376 1695 τραπεὶς
1399 1660 1448 1695 τὴν
1462 1659 1552 1694 φύσιν,
1570 1660 1608 1695 μὴ
1631 1660 1781 1693 ἀλλοιώσας
1793 1660 1843 1696 τὴν

1055 1704 1179 1739 θεότητα,
1193 1704 1359 1740 όγεννηθεὶς
1382 1706 1411 1732 ὲν
1432 1705 1525 1741 σαρκὶ,
1542 1706 1556 1733 6
1571 1706 1722 1742 σαρκωθεὶς
1744 1706 1842 1740 Λόγος,

1053 1751 1069 1778 ὁ
1085 1749 1171 1785 Λόγος
1192 1750 1260 1786 σὰρξ
1282 1751 1426 1786 γενόμενος
1436 1773 1442 1781 ,
1458 1752 1472 1778 6
1493 1752 1562 1787 ἔχων
1579 1751 1679 1787 μεταξὺ
1696 1751 1743 1778 τοῦ
1759 1753 1844 1787 γενό-

1052 1804 1143 1831 μενος
1163 1796 1193 1822 τὸ
1219 1794 1308 1830 σάρξ.
1337 1792 1368 1823 '0
1379 1798 1474 1831 Λόγος
1483 1797 1537 1832 γὰρ
1557 1797 1607 1824 οὐκ
1629 1794 1705 1823 εἶπεν
1726 1798 1743 1824 ὁ
1760 1798 1844 1832 γενό-

1051 1850 1154 1876 μενος,
1174 1841 1241 1868 ἀλλὰ
1256 1840 1325 1876 μετὰ
1337 1840 1368 1867 τὸ
1384 1841 1414 1867 '0
1427 1841 1522 1877 Λόγος
1533 1842 1738 1878 ἀπαρεμφάτως
1753 1843 1843 1878 τίθησι

1054 1887 1084 1914 τὸ
1111 1887 1202 1922 σάρξ¹
1219 1887 1288 1922 μετὰ
1303 1886 1331 1914 δὲ
1354 1887 1386 1914 τὺ
1403 1887 1481 1922 σὰρξ
1505 1887 1578 1923 λέγει
1600 1888 1728 1924 ἐγένετο.
1747 1889 1790 1916 ἵνα
1813 1889 1844 1915 τὸ

1053 1934 1182 1969 ἐγένετο.
1196 1934 1229 1960 ὲκ
1247 1933 1356 1970 Μαρίας
1372 1933 1533 1970 δοκιμασθῇ,
1551 1934 1595 1960 ἵνα
1615 1934 1629 1961 6
1644 1934 1730 1969 Λόγος
1742 1934 1843 1962 ἄνωθεν

1055 1979 1131 2015 παρὰ
1150 1979 1255 2015 Πατρὺς
1269 1978 1407 2006 κατελθὼν
1426 1979 1518 2015 νοηθῇ.
1536 1977 1620 2012 Οὗτος
1641 1981 1654 2006 6
1670 1979 1746 2014 ἅγιος
1761 1981 1775 2006 6
1789 1980 1843 2012 ζῶν

1055 2025 1151 2059 Λόγος,
1165 2025 1179 2051 6
1195 2025 1262 2060 πρὸς
1277 2024 1383 2059 Πατρὸς
1401 2025 1477 2056 Θεὸς,
1493 2025 1507 2051 ὁ
1529 2025 1650 2060 μεγάλης
1666 2025 1764 2060 βουλῆς
1777 2026 1843 2060 ’Λγ-

1054 2072 1141 2106 γελος,
1155 2073 1169 2097 6
1182 2070 1320 2106 ἀγγέλλων
1335 2071 1369 2098 τὰ
1380 2071 1429 2106 τῆς
1444 2071 1541 2106 βουλῆς
1552 2071 1598 2097 τοῦ
1614 2071 1730 2107 Πατρὸς,
1748 2071 1844 2106 Πατὴρ

1054 2116 1100 2143 τοῦ
1114 2116 1255 2152 μέλλοντος
1274 2116 1381 2148 ατῶνος,
1397 2116 1477 2148 αὐτὸς
1488 2114 1580 2143 εἶπεν
1594 2116 1700 2150 Οὐδείς
1709 2114 1771 2143 οἵδε
1788 2116 1845 2150 τὴν

1054 2161 1167 2197 ἡμέραν·
1192 2162 1241 2189 καί
1258 2161 1314 2196 τὴν·
1330 2161 1420 2196 ὥραν,
1432 2162 1501 2189 οὔτε
1519 2163 1545 2189 ol
1566 2161 1686 2197 ἄγγελοι
1706 2163 1734 2189 ol
1750 2163 1785 2189 ἐν
1804 2161 1844 2194 τῷ

1055 2208 1170 2242 οὐρανῷ
1183 2216 1189 2223 ·
1205 2209 1253 2235 καὶ
1267 2208 1322 2244 γὰρ
1333 2209 1382 2236 οὐκ
1397 2208 1499 2235 οἴδασιν
1510 2209 1550 2235 ὅτι
1562 2209 1576 2235 6
1591 2209 1656 2241 Υίὸς
1670 2209 1844 2244 νοηματικῶς

1019 2266 1042 2295 D
1055 2254 1138 2288 λέγει.
1155 2256 1188 2281 El
1196 2254 1238 2289 μὴ
1253 2256 1347 2289 μόνος
1359 2255 1375 2281 ό
1389 2254 1500 2288 Πατήρ.
1518 2254 1550 2281 Εἰ
1566 2253 1655 2280 τοίνυν
1671 2251 1740 2280 οἶδεν
1751 2254 1765 2280 6
1780 2253 1844 2285 Υἱὸς

1055 2299 1100 2325 τὸν
1109 2299 1228 2334 Πατέρα,
1238 2298 1338 2334 μείζων
1345 2299 1373 2325 δὲ
1379 2299 1393 2325 6
1403 2299 1498 2335 Πατὴρ
1508 2299 1554 2326 καὶ
1565 2301 1616 2335 τῆς
1622 2300 1639 2335 ἡ
1645 2298 1678 2334 μέ
1682 2308 1732 2335 ρας
1738 2299 1787 2326 καὶ
1793 2299 1843 2334 τῆς

1054 2345 1139 2380 ὥρας,
1146 2345 1190 2371 καὶ
1198 2344 1285 2376 οὐδεὶς
1297 2345 1472 2380 ἀμφιϐάλλει,
1480 2345 1538 2377 πῶς
1550 2346 1602 2381 ἄρα
1609 2346 1622 2372 6
1629 2345 1659 2372 τὸ
1667 2345 1758 2380 μεῖζον
1766 2345 1844 2376 εἰδὼς

1054 2388 1174 2426 τδῆοσον
1190 2391 1297 2425 ἀγνοεῖ;
1317 2390 1394 2418 οὐδὲ
1405 2391 1460 2426 γὰρ
1476 2390 1538 2419 οἶδέ
1550 2400 1594 2424 τις
1611 2391 1664 2418 τὸν
1682 2391 1844 2425 Πατέρα,ει

1051 2435 1094 2470 μὴ
1107 2437 1124 2462 ό
1137 2435 1202 2468 Υἱός
1212 2443 1220 2452 ’
1237 2435 1286 2462 καὶ
1299 2435 1399 2469 οὐδεὶς
1413 2434 1475 2463 οἵδε
1495 2437 1548 2463 τὸν
1562 2437 1637 2468 fier,
1657 2438 1683 2464 εὶ
1693 2436 1736 2472 μὴ
1754 2439 1770 2464 ό
1789 2438 1843 2463 Πα-

1054 2481 1119 2516 τήρ.
1143 2481 1187 2513 Ὠς
1215 2481 1269 2518 γὰρ
1289 2482 1374 2517 μέγας
1401 2483 1416 2508 6
1439 2482 1532 2519 Πατὴρ
1551 2483 1590 2509 ὅτι
1611 2481 1664 2510 οἶδε
1691 2483 1736 2509 τὸν
1758 2483 1840 2513 Υἰδν.

1055 2527 1126 2554 οὕτω
1144 2527 1190 2554 καὶ
1208 2528 1221 2553 6
1237 2528 1300 2559 Υἱὸς
1315 2527 1400 2563 μέγας
1414 2529 1454 2555 ὅτι
1471 2527 1523 2555 οἶδε
1545 2528 1588 2555 τὸν
1603 2529 1722 2564 Πατέρα.
1739 2529 1770 2555 Εἰ
1788 2526 1841 2554 οἶδε

1055 2574 1145 2600 τοίνυν
1159 2573 1204 2600 τὸν
1219 2573 1377 2609 Πατέρα,τδ
1396 2574 1495 2609 μεῖζον,
1508 2575 1538 2602 τὸ
1552 2575 1650 2611 μικρὸν
1666 2574 1724 2606 πῶς
1739 2575 1840 2609 ἀγνοεῖ,

1054 2619 1175 2645 τουτέστι
1196 2618 1244 2654 τὴν
1259 2619 1366 2654 ἡμέραν
1380 2619 1425 2646 καὶ
1439 2619 1488 2655 τὴν
1502 2620 1575 2656 ὥραν
1591 2629 1598 2653 ;
1616 2620 1779 2655 Ἐρεύνησον
1793 2620 1842 2651 τὰς

1056 2665 1130 2698 θείας
1143 2666 1264 2702 Γραφὰς,
1289 2667 1336 2694 καὶ
1354 2667 1423 2702 μάθε
1449 2667 1495 2694 τοῦ
1515 2667 1592 2701 ἁγίου
1608 2666 1766 2702 Πνεύματος
1793 2666 1842 2702 τὴν

1055 2711 1178 2747 δύναμιν,
1191 2713 1238 2739 καὶ
1252 2713 1317 2739 αὐτὸ
1332 2713 1361 2739 τὺ
1374 2712 1485 2748 Πνεῦμα
1495 2713 1524 2739 τὸ
1538 2713 1672 2746 γινῶσκον
1681 2713 1726 2739 τὸν
1736 2712 1843 2747 Πατέρα

251 2827 258 2842 ¹
275 2826 367 2854 Matth.
387 2834 442 2857 xIx.
459 2826 502 2853 16.
544 2828 553 2842 ³
568 2826 633 2852 Luc.
651 2833 688 2856 v1,
704 2825 748 2852 «ili.
783 2825 793 2840 ³
806 2824 886 2851 llchr.
907 2833 925 2855 ι,
943 2825 968 2852 3.

1058 2833 1091 2852 ιιι,
1109 2833 1128 2853 ι.
1142 2825 1185 2853 53.
1233 2826 1315 2852 "Aet.
1333 2834 1358 2859 χ,
1373 2826 1418 2852 42.
1456 2825 1466 2841 ⁸
1483 2825 1584 2853 Jercm.
1613 2833 1643 2858 ιι,
1666 2826 1698 2854 l3
1747 2825 1757 2841 '
1770 2824 1840 2854 Psal.

218 2869 277 2895 xw,
294 2862 320 2890 5.
358 2861 459 2889 a.ioan.
478 2869 527 2896 vn,
541 2862 586 2888 ‘.‘8.

625 2860 723 2887 ll.loan.
742 2868 760 2892 ι,
782 2861 822 2886 Η.
864 2861 882 2875 ¹⁰
898 2860 947 2888 Isa.
963 2869 999 2895 Ix,
1017 2861 1042 2888 (ι.

1085 2862 1104 2876 ¹¹
1118 2861 1198 2887 Mare.
1216 2869 1275 2893 xm,
1292 2862 1336 2888 5‘2.
1377 2862 1397 2876 ἐ
1412 2861 1506 2888 Matth.
1525 2870 1562 2893 Il.
1577 2860 1622 2888 9.7.
