1940 3043
89 163 127 190 55

792 155 889 184 ANCOI

942 155 1013 184 tUS.
1682 158 1716 185 5t

85 215 134 240 καὶ
159 214 205 241 τὸν
221 213 299 246 Υἱὺν,
321 212 510 240 ἀποκαλύπτει
530 221 572 240 σοι
589 213 640 249 τὴν
659 213 706 240 τοῦ
732 213 818 247 Λόγου
832 212 879 239 τοῦ

942 211 1056 238 Litteras
1089 217 1120 236 ac
1137 209 1190 236 vim
1212 207 1300 236 sancti
1317 207 1434 242 Spiritus
1447 207 1628 235 cdiscc.'l'um
1650 206 1719 234 idem

85 257 153 286 Υῑοῦ
171 260 219 286 τοῦ
236 259 304 286 Θεοῦ
321 259 433 294 γνῶσιν,
460 260 504 287 ῐνα
534 260 570 295 μὴ
589 259 728 295 πλανηοῇς
745 259 794 296 τῆς
815 259 881 294 ἁλη-

87 304 175 337 οείας,
192 305 239 331 καὶ
254 304 391 342 ἀπολέσῃς
404 305 454 341 τὴν
466 305 579 333 σεαυτοῦ
594 305 693 341 ψυχήν.

125 396 169 423 κ’.
187 395 240 421 Δύο
257 395 313 430 γὰρ
328 394 444 429 γνώσεις
457 395 486 421 ἐν
501 395 535 430 τῇ
552 394 612 430 Θείᾳ
630 394 737 429 Γραφῇ,
753 394 800 420 δύο
811 393 881 429 εἰδή-

91 450 165 473 σεις,
184 441 234 475 μια
251 441 323 468 κατὰ
349 440 508 476 ἐνέργειαν.
531 440 578 467 καὶ
596 440 645 475 μία
670 439 743 466 κατὰ
766 439 879 474 εἴδησιν.

90 486 150 512 Ἴνι
164 486 193 512 δὲ
205 486 260 513 ἀπὸ
275 485 505 521 παραδειγμάτων
517 485 552 512 τὰ
561 485 641 520 ὃμοια
653 485 830 521 παραστήσω,
843 485 882 516 εἰς

90 531 120 558 τὺ
139 532 184 558 διὰ
202 531 307 558 πολλῶν
321 531 532 566 ὲξομαλισθῆναι
545 531 595 566 τὴν
610 531 819 566 πεπλανημένην
835 539 882 557 σου

90 577 222 610 διάνοιαν,
235 577 349 604 καὶτῶν
363 577 442 604 τοῦτο
453 577 633 612 φρονούντων,
652 577 722 612 μάθε
736 576 762 603 τί
777 576 851 611 λέγει
867 577 883 612 ἡ

92 622 112 648 Γ
115 621 190 658 percpi;
215 622 280 658 περ).
304 621 350 649 τοῦ
378 622 477 657 Ἀδάμ*
494 620 605 654 Ἦσαν,
630 622 706 657 φησὶ,
721 621 828 656 γυμνοὶ
850 621 885 648 ἐν

92 666 133 700 τῷ
148 667 330 702 παραδείσῳ,
347 667 396 694 καὶ
414 668 470 694 οὐκ
484 667 668 701 ᾐσχύνοντο.
682 667 783 702 Τυφλοὶ
796 666 824 693 δὲ
834 667 885 693 οὐκ

91 711 181 748 ἦσαν⁸
206 713 320 739 ἔϐλεπον
336 713 390 748 γάρ
402 721 409 728 ·
428 713 452 739 ει
470 712 508 748 μὴ
521 713 575 748 γὰρ
596 711 720 744 ἔῦλεπον,
738 712 796 744 πῶς
817 709 885 738 εῐδον

93 757 123 784 τὺ
138 756 215 789 ξύλον
228 757 269 783 ὅτι
283 757 364 784 καλὸν
381 757 421 788 εἰς
436 756 548 792 βρῶσιν,
561 756 608 783 καὶ
624 756 723 792 ὡραῖον
740 755 786 783 τοῦ
801 764 886 783 κατα-

94 802 205 837 νοῆσαι;
226 801 282 829 Καὶ
299 801 447 833 λαϐοῦσα,
476 801 553 836 φησὶ,
566 802 586 835 ἡ
613 801 690 836 γυνὴ
718 802 820 838 ἔφαγε,
838 802 888 829 καὶ

93 847 187 874 ἔδωκε
210 847 259 874 καὶ
276 846 316 880 τῷ
340 847 425 881 ἀνδρὶ
444 846 540 881 αὐτῆς
554 847 593 879 τῷ
612 848 677 882 μετ’
695 845 797 880 αὐτῆς.
817 849 887 884 ’Λρα

94 890 141 919 οὖν
153 892 204 918 οὐκ
214 889 284 928 ἦσαν
307 892 414 927 τυφλοὶ,
433 892 491 919 ἀλλ’
515 892 704 928 ἡνεῳγμένους
724 890 796 928 εἶχον
824 894 887 925 τοὺς

95 937 266 974 ὀφθαλμούς·
287 938 387 974 γυμνοὶ
403 938 489 971 ὅντες,
506 938 556 965 οὐκ
572 939 718 974 ᾐσχύνοντο
733 939 887 975 βλέποντες,

97 985 145 1010 καὶ
161 984 262 1019 γυμνοὶ
279 983 354 1015 ὄντες
372 984 485 1016 ἑαυτοὺς
501 984 610 1020 ᾔδεισαν
621 993 627 1000 ·
651 984 760 1019 ᾔδεισαν
772 985 801 1011 δὲ
817 985 889 1012 κατὰ

97 1029 212 1065 εἴδησιν,
229 1029 276 1056 καὶ
292 1030 322 1056 οὐ
341 1029 413 1056 κατὰ
435 1029 545 1064 πρᾶξιν.
560 1029 636 1057 Μετὰ
652 1030 706 1066 γὰρ
727 1030 774 1057 τοῦ
792 1031 890 1065 ἐκϐλη-

97 1074 177 1110 θῆναι
194 1073 242 1101 τοῦ
258 1075 435 1110 παραδείσου,
455 1075 627 1111 βεὸρωκότας
647 1075 694 1102 τοῦ
716 1075 805 1109 ξύλου,
822 1077 890 1112 μετὰ.

101 1120 182 1147 πολὺν
201 1120 298 1155 χρόνον
311 1140 318 1152 ,
345 1121 444 1156 φησίν·
463 1122 560 1156 Ἔγνω
581 1123 598 1148 ό
627 1121 716 1156 Ἀδὰμ
730 1122 813 1149 Εὕαν
833 1122 891 1156 τὴν

97 1165 227 1200 γυναῖκα
239 1166 342 1193 αὐτοῦ.
355 1166 418 1198 Πῶς
432 1166 521 1193 τοίνυν
534 1166 610 1193 ἔσται
622 1167 715 1200 τοῦτο;
729 1168 783 1194 Καί
800 1168 841 1195 τοί
858 1176 890 1202 γε

99 1211 193 1247 ἑώρων
213 1211 346 1247 ἀλλήλους
361 1213 461 1247 γυμνοὶ
475 1212 562 1244 ὄντες.
582 1213 630 1240 καὶ
652 1213 762 1249 ᾔδεισαν
778 1215 891 1247 ἑαυτοὺς

97 1258 131 1292 τῇ
139 1256 345 1292 ὀράσει,ἀλλ“ού
358 1258 390 1292 τῇ
399 1256 506 1292 πράξει.
520 1257 556 1283 Τὸ
565 1257 593 1284 δὲ
607 1258 737 1293 ἀλλήλους
748 1259 816 1294 (20')
830 1267 891 1285 συν-

97 1303 218 1338 αφθῆναι
244 1302 345 1337 γνῶσιν
375 1301 451 1329 εἶπεν
478 1303 494 1338 ή
519 1303 626 1339 Γραφή,
654 1302 716 1331 Οἴδε
741 1304 770 1331 δὲ
798 1305 891 1332 καλεῖν

98 1348 201 1383 εἴδησιν
215 1350 262 1376 καὶ
280 1349 399 1386 εἴδησιν·
419 1350 500 1377 πάλιν
515 1351 569 1387 γὰρ
586 1351 657 1378 οὕτω
679 1351 772 1386 λέγει’
794 1352 891 1387 Ἔγνω

103 1391 212 1420 Ἰακὼό
235 1395 327 1423 Λείαν
350 1394 408 1429 τὴν
432 1395 561 1430 γυναῖκα
577 1396 682 1430 αὑτοῦ,
707 1396 756 1424 καὶ
774 1399 892 1424 συλλα-

99 1439 198 1467 ϐοῦσα
210 1440 305 1469 ἔτεκε.
320 1442 376 1468 Καὶ
394 1442 426 1468 τὸ
451 1442 561 1477 πρῶτον
583 1443 632 1478 μὲν
650 1443 708 1479 ᾔδει
723 1444 824 1480 αὐτήν·
843 1445 892 1472 σὺν

100 1486 170 1521 αὐτῇ
184 1485 238 1521 γὰρ
251 1487 321 1514 ἑπτὰ
334 1487 381 1523 ἐτη
397 1485 431 1523 ἦν
447 1488 599 1524 ποιμαίνων
612 1489 646 1516 τὰ
664 1490 786 1525 πρόϐατα
798 1490 892 1518 Λάϐαν

100 1530 147 1557 τοῦ
168 1531 276 1566 nam;
292 1532 388 1568 αὐτῆς.
407 1532 516 1568 Eilian
536 1533 564 1560 δὲ
586 1533 634 1569 τὴν
652 1535 686 1561 δι’
700 1535 822 1571 ὁράσεως
844 1537 892 1563 καὶ
905 1532 927 1562 C

99 1575 145 1603 διὰ
156 1576 284 1611 γνώσεως
303 1577 372 1613 ᾔδει,
391 1577 462 1612 ἔγνω
475 1579 503 1605 δὲ
522 1579 565 1606 διὰ
579 1580 706 1615 πράξεως
717 1589 724 1596 ·
742 1581 797 1608 Kal
816 1582 892 1617 ἔγνω

107 1622 222 1657 Ῥαχὴλ
246 1623 303 1657 τὴν
331 1623 459 1659 γυναῖκα
483 1625 586 1653 αὑτοῦ.
619 1627 675 1653 Καὶ
701 1626 782 1654 πάλιν
807 1628 892 1664 ἑτέρῳ

100 1666 195 1702 τόπῳ·
225 1668 280 1696 Καὶ
308 1669 439 1704 ἐγήρασε
468 1670 572 1703 Δαϐὶδ,
588 1672 672 1706 φησὶ,
689 1673 739 1699 καὶ
759 1672 893 1701 ἔσκεπον

99 1713 196 1740 αὐτὸν
211 1715 349 1748 Ιματιοις,
366 1715 417 1742 καὶ
436 1717 492 1744 οὐκ
517 1717 716 1751 ἐθερμαίνετο.
737 1719 788 1745 Kal
806 1717 894 1747 εἶπον

101 1759 141 1792 τῷ
152 1759 293 1791 ,βασιλεῖ’
310 1761 468 1795 Ζητηθήτω
491 1763 639 1797 παρθένος
660 1764 748 1798 καλή.
773 1765 827 1792 Kal
845 1766 893 1793 εὐ-

98 1804 171 1838 ρέθη
186 1804 307 1832 Ἀὄισὰκ
321 1806 340 1840 ἠ
352 1806 608 1842 Σουναμῒτις.Κα1,
620 1809 715 1844 φησὶν,
725 1809 838 1844 ἠνέχθη
845 1803 893 1843 ’τῷ

98 1849 235 1882 βασιλεῖ,
254 1851 303 1878 καὶ
321 1853 521 1888 συνεκοιμᾶτο
539 1850 630 1887 αὐτῷ,
642 1855 690 1882 καὶ
701 1855 894 1883 amr-Maktar

100 1895 209 1923 αὐτόν·
227 1897 277 1923 καὶ
288 1897 343 1924 οὐκ
357 1897 434 1934 ἔγνω
450 1899 547 1934 αὐτὴν
565 1900 662 1932 Δαόὶδ,
677 1901 726 1936 τὴν
739 1902 787 1928 σὺν
809 1901 893 1937 αὐτῷ,

101 1942 152 1977 τὴν
169 1941 314 1978 σύσσωμον
330 1944 378 1970 καὶ
404 1944 586 1981 σύμπλευρον.
602 1943 673 1981 ’Δρα
697 1946 777 1973 ποίαν
791 1946 894 1982 εἴδησιν

101 1987 195 2021 λέγει;
213 1987 262 2023 τὴν
285 1988 318 2015 δι’
334 1989 465 2025 ὁράσεως,
483 1990 500 2025 ἢ
520 1991 570 2027 τὴν
592 1990 636 2018 διὰ
662 1991 801 2027 πράξεωςς
820 1992 892 2019 Καί·

104 2033 203 2067 Ἔγνω
227 2034 335 2068 Κύριος
350 2035 422 2068 τοὺς
445 2036 535 2070 ὄντας
558 2037 662 2064 αὐτοῦ.
683 2038 757 2073 *Αρα
772 2036 819 2065 οὖν
831 2039 896 2071 τοὺς

101 2079 153 2106 οὐκ
167 2079 248 2112 ὄντας
263 2081 372 2115 ἀγνοεῖ;
386 2081 453 2108 Καί-
473 2083 635 2118 Ἀπόστητε
647 2084 696 2111 ἀπ’
713 2084 797 2118 ἐμοῦ,
811 2084 896 2120 ἐργά-

103 2133 149 2152 ται
163 2125 219 2160 τῆς
232 2126 358 2160 ἀνομίας
371 2136 377 2142 ·
392 2128 535 2156 οὐδέποτε
547 2128 601 2164 γὰρ
612 2129 708 2164 ἔγνων
723 2129 810 2164 ὑμᾶς.
822 2128 895 2166 ’Δρα

102 2172 177 2198 ἐστιν
194 2171 290 2205 ἄγνοια
302 2173 330 2200 ὲν
341 2173 380 2209 τῷ
394 2173 450 2209 Υἱῷ
461 2174 508 2200 τοῦ
520 2174 602 2208 Θεοῦ;
617 2175 672 2202 Καὶ
687 2175 768 2202 πάλιν
778 2184 786 2192 ·
803 2175 895 2211 Ὑμᾶς

932 258 978 284 ille
997 260 1111 285 sanctus
1135 255 1255 290 Spiritus
1273 253 1320 288 qui
1344 253 1451 280 Patrem
1469 254 1543 281 novit
1565 257 1591 280 ct
1607 252 1719 282 Filium.

933 303 1015 330 Verbi
1040 302 1089 330 tibi
1120 301 1222 336 Deique
1248 299 1309 327 Filii
1323 299 1446 326 notitiam
1475 300 1594 334 aperiet,
1625 302 1654 326 ut
1687 306 1721 326 tte

919 349 1044 377 ’aherres
1061 355 1076 374 a
1093 348 1207 375 veritate
1239 350 1266 373 et
1283 345 1382 372 anima:
1398 348 1451 372 tua:
1464 345 1600 379 jacturam
1622 344 1719 373 facias.

969 393 1030 421 XX.
1054 392 1162 420 Etenim
1188 391 1287 426 duplex
1304 394 1345 417 est
1370 389 1396 416 in
1421 388 1562 423 Scriptura
1580 390 1719 424 cognitio:

935 447 1000 472 una.
1027 447 1087 474 quae
1109 438 1135 465 iu
1155 437 1263 464 actione
1287 435 1432 469 consistit,
1462 435 1558 468 altera,
1582 443 1642 469 qua>
1665 436 1720 463 sola

936 485 1050 514 scicntia
1071 484 1236 512 continetur.
1261 482 1315 510 Sed
1331 486 1361 509 ut
1383 481 1568 517 exemplorum
1594 481 1723 508 similitu—

935 533 1000 560 dine
1015 539 1059 560 res
1074 535 1130 559 tota
1145 530 1307 561 declaretur,
1340 533 1365 556 et
1382 532 1411 556 ut
1430 528 1562 555 aberrans
1577 535 1592 553 a
1610 527 1724 555 veritate

939 577 1047 605 animus
1060 581 1123 604 tuus
1136 583 1264 604 eorutnve
1278 575 1325 610 qui
1342 574 1370 601 in
1396 573 1489 601 eadem
1502 573 1636 600 sententia
1647 576 1723 604 sunt,

938 622 1062 658 pluribus
1093 621 1264 657 argumentis
1290 620 1323 647 ad
1352 623 1454 647 rectam
1482 619 1553 646 viam
1579 618 1722 653 dirigatur,

937 668 1014 695 disce
1040 667 1105 702 quid
1122 667 1155 694 de
1181 666 1286 694 Adamo
1308 666 1449 700 Scriptura
1469 668 1601 692 testatur:
1626 663 1723 696 Eram,

938 712 1036 748 inquit.
1062 711 1126 739 nudi
1151 712 1178 738 in
1206 710 1348 746 paradiso,
1376 715 1399 736 et
1425 717 1477 736 non
1502 708 1724 736 erubescebant‘.

937 759 1021 794 Atqui
1037 759 1103 786 caeci
1119 758 1158 785 illi
1175 765 1231 785 non
1248 760 1336 789 erant,
1354 763 1405 783 nec
1422 755 1565 782 oculorum
1582 762 1633 782 usu
1649 761 1726 781 care-

939 805 1017 832 bant.
1030 803 1089 831 Nisi
1103 804 1175 831 enim
1190 803 1324 834 viderent,
1337 801 1474 837 quomodo
1485 800 1609 828 arborem
1625 799 1727 834 aspice-

904 862 923 888 Β
939 853 1010 883 rent,
1026 853 1053 877 et
1068 849 1102 877 ad
1118 848 1284 877 vescendum
1300 848 1397 875 bonam
1413 855 1475 875 esse
1501 850 1528 873 ct
1550 846 1583 873 ad
1597 845 1726 873 conside-

936 895 1054 923 randum
1077 895 1226 923 formosam
1244 892 1516 921 animadverterent?
1534 891 1658 923 Sumens,
1685 892 1728 919 in-

938 942 1008 977 quit,
1042 942 1138 968 mulier
1162 940 1293 973 comedit;
1316 944 1341 967 et
1364 939 1436 966 dedit
1456 939 1511 966 uiro
1530 947 1578 966 suo
1597 939 1642 974 qui
1667 945 1728 964 cum

938 988 996 1022 ipsa
1012 992 1069 1014 erat
1081 989 1102 1015 '.
1121 986 1180 1014 Non
1198 987 1282 1021 igitur
1298 986 1362 1013 caeci
1379 989 1468 1018 erant,
1491 984 1538 1012 sed
1553 987 1662 1018 apertos
1679 983 1729 1010 ha-

939 1033 1040 1061 bebant
1054 1033 1169 1066 oculos;
1191 1036 1218 1060 et
1241 1040 1304 1059 cum
1319 1030 1386 1058 nudi
1401 1034 1505 1063 essent,
1524 1030 1630 1058 nullum
1645 1037 1677 1056 ex
1695 1035 1729 1055 eo

938 1083 1051 1114 aspectu
1076 1079 1209 1114 pudorem
1226 1078 1394 1113 capiebant:
1417 1076 1495 1108 nudi,
1519 1075 1640 1110 inquam,
1665 1082 1728 1101 cum

939 1128 1042 1157 essent,
1062 1131 1123 1152 sese
1135 1127 1229 1150 mutuo
1245 1125 1441 1158 cognoverant,
1457 1123 1640 1156 cognoverant
1656 1119 1729 1146 noti-

941 1170 988 1202 tia,
1014 1177 1069 1197 non
1095 1169 1202 1196 actione
1223 1178 1229 1196 :
1259 1168 1362 1204 quippe
1387 1168 1468 1202 longo
1497 1166 1651 1198 intervallo,
1682 1164 1729 1192 ubi

940 1217 1024 1244 vetito
1043 1216 1135 1243 fructu
1149 1215 1293 1251 degustato
1305 1213 1426 1250 paradisi
1442 1212 1542 1240 ﬁnibus
1557 1210 1731 1239 exterminati

944 1266 1019 1295 sunt,
1041 1262 1159 1297 cognovit
1181 1260 1265 1286 Adam
1281 1267 1386 1286 uxorem
1400 1267 1474 1286 suam
1491 1259 1582 1290 Eram,
1610 1261 1640 1284 ut
1656 1256 1730 1284 Scri-

942 1315 1022 1345 ptura
1033 1309 1108 1337 dicit.
1123 1307 1240 1342 Quinam
1253 1314 1318 1334 vero
1331 1306 1388 1333 ﬁeri
1402 1306 1454 1333 ista
1469 1304 1605 1339 possunt?
1618 1302 1731 1339 Scipsos

941 1357 1026 1389 enim,
1042 1355 1107 1383 nudi
1123 1361 1185 1382 cum
1201 1357 1305 1386 essent,
1321 1352 1460 1383 videbant,
1480 1355 1507 1378 et
1526 1354 1638 1386 aSpectu
1655 1357 1728 1381 sese.

942 1409 997 1430 non
1014 1401 1123 1428 actione
1142 1403 1340 1436 cognoverant.
1365 1397 1486 1425 Mutuatn
1503 1404 1568 1424 vero
1582 1395 1734 1431 copulatio-

943 1455 1005 1475 nem
1033 1447 1176 1482 Scriptura
1206 1445 1390 1481 cognitionem
1416 1442 1549 1471 nominat.
1565 1441 1639 1469 Solet
1660 1440 1733 1468 enim

946 1493 1129 1528 c0gnitionem
1151 1492 1179 1519 in
1200 1491 1302 1526 duplici
1318 1498 1402 1518 sensu
1422 1496 1575 1524 usurpare:
1597 1487 1733 1522 siquidem

942 1543 970 1567 et
993 1540 1047 1566 alio
1072 1539 1131 1566 loco
1147 1538 1259 1565 dicit':
1283 1537 1409 1572 Cognovit
1421 1535 1505 1563 Iacob
1526 1535 1603 1562 Limn
1624 1541 1732 1560 uxorem

944 1594 1021 1613 suam
1035 1592 1043 1612 :
1060 1593 1118 1621 qua
1132 1584 1281 1618 concipiens
1294 1583 1403 1619 peperit.
1419 1582 1451 1608 Et
1463 1581 1572 1617 quidem
1588 1581 1660 1607 illam
1672 1584 1735 1606 ante

944 1635 1127 1667 cognoverat,
1156 1638 1273 1666 quacum
1308 1633 1411 1665 septem
1439 1633 1510 1657 totos
1535 1635 1622 1655 annos
1648 1627 1734 1662 patris

945 1679 1033 1714 ipsius
1047 1678 1139 1706 Laban
1151 1685 1247 1714 greges
1258 1683 1386 1713 paverat:
1398 1683 1493 1703 verum
1509 1675 1595 1703 solius
1607 1678 1735 1709 aspectus

945 1733 977 1752 ac
989 1725 1092 1752 notitia:
1107 1724 1263 1760 cognitione
1278 1727 1392 1751 noverat
1405 1732 1412 1750 :
1424 1726 1519 1757 postea
1530 1721 1612 1749 etiam
1628 1720 1736 1747 actione
1783 1720 1788 1725 ’

945 1770 1094 1805 cognovit:
1118 1770 1154 1797 Et
1181 1770 1300 1805 cognouit
1325 1768 1465 1796 Rat/celem
1494 1775 1603 1795 uxorem
1625 1766 1735 1794 suam‘.

945 1816 1012 1843 Item
1027 1815 1080 1844 alio
1095 1815 1175 1844 loco:
1193 1815 1298 1848 Senuit,
1313 1815 1413 1851 inquit,
1431 1814 1514 1842 David
1526 1822 1534 1841 :
1546 1819 1570 1842 et
1585 1813 1735 1848 aperiebant

947 1861 1036 1896 ipsum
1052 1862 1177 1895 vestibus,
1194 1862 1248 1897 26
1267 1869 1348 1896 neque
1364 1861 1512 1895 caleﬁebal.
1529 1860 1596 1887 Tum
1612 1859 1736 1886 dixerunt

945 1906 1018 1942 regi:
1035 1906 1178 1939 Quwratur
1193 1907 1265 1941 virgo
1281 1906 1370 1941 aliqua
1384 1905 1511 1940 formosa.
1527 1904 1560 1931 Et
1575 1905 1736 1931 inventa‘est

947 1952 1043 1979 Abisac
1059 1951 1217 1980 Sunamitis.
1231 1951 1264 1978 Et
1277 1951 1392 1978 adducta
1404 1956 1453 1982 est,
1470 1950 1569 1985 inquit,
1583 1950 1617 1976 ad
1632 1957 1733 1985 regem;

946 2001 1046 2025 etcum
1069 2005 1099 2025 eo
1119 1997 1266 2024 dormiebat
1284 2005 1314 2024 ac
1332 1996 1434 2031 fovebat
1452 1997 1549 2032 ipsum.
1578 1995 1609 2022 Et
1629 2004 1679 2022 non
1692 2003 1735 2022 co-

945 2043 1032 2078 gnovit
1050 2051 1109 2070 eam
1124 2042 1210 2070 David
1227 2043 1237 2059 "
1251 2063 1258 2075 ,
1275 2050 1337 2077 qua:
1359 2049 1421 2069 cum
1439 2043 1498 2077 ipso
1524 2041 1634 2077 jacebat
1656 2044 1682 2068 et
1701 2040 1735 2068 ad

946 2088 1007 2123 ejus
1021 2095 1122 2123 corpus
1140 2095 1172 2115 ac
1188 2087 1259 2116 latus
1281 2087 1447 2129 adhmrebat.
1473 2087 1626 2119 Quamnam
1644 2087 1737 2121 itaque

946 2133 1130 2168 cognitionem
1155 2133 1303 2168 intelligit?
1321 2140 1417 2160 eamne
1432 2140 1493 2168 quae
1514 2132 1682 2167 imaspectu,
1701 2139 1736 2157 an

947 2185 1007 2205 eam
1023 2186 1084 2213 qua:
1101 2178 1128 2205 in
1146 2179 1255 2206 actione
1274 2178 1419 2206 versatur?
1436 2177 1530 2206 Simile
1550 2181 1592 2205 est
1606 2182 1632 2204 ct
1647 2176 1712 2204 illud
1729 2185 1734 2204 :

102 2217 244 2252 ἕγνωνὲκ
266 2206 388 2245 πάντων
414 2206 519 2248 ἐὸνῶν.
539 2206 612 2256 Ἀρα
643 2219 689 2248 οὖν
716 2222 749 2249 τὰ
773 2206 843 2258 ἔθνη.
859 2206 889 2249 τέ

947 2222 1028 2251 Novit
1056 2223 1184 2251 Dominus
1207 2232 1250 2251 eos
1277 2224 1322 2260 qui
1347 2229 1408 2252 sunt
1435 2223 1550 2259 ipsius‘.
1575 2223 1736 2251 Utrumnam

103 2264 184 2291 λοιπὰ
201 2265 311 2299 ἀγνοεῖ;
324 2266 370 2302 Μὴ
389 2266 512 2300 γένοιτοι
532 2267 602 2294 Ἀλλ’
619 2265 673 2294 οἶδε
686 2267 787 2302 γνῶσιν
799 2269 816 2304 ὴ
832 2268 892 2295 θεία

103 2310 215 2346 Γραφὴ,
239 2311 321 2347 ἄλλην
348 2312 398 2348 μὲν
424 2313 496 2340 κατὰ
519 2313 640 2349 εἴδησιν,
667 2314 749 2350 ἄλλην
768 2315 796 2341 δὲ
821 2315 892 2342 κατὰ

105 2356 213 2390 πρᾶξιν.

946 2269 1030 2304 igitur
1049 2269 1154 2297 alienos
1172 2270 1301 2306 ignorat?
1321 2270 1386 2298 [tem
1403 2270 1554 2298 :Discedite
1571 2278 1587 2296 a
1603 2277 1653 2302 me,
1672 2276 1733 2302 ope-

946 2316 1014 2343 rarii
1039 2316 1200 2351 iniquitatis,
1223 2325 1358 2352 nunquam
1383 2317 1453 2344 enim
1479 2317 1536 2343 novi
1560 2324 1604 2343 vos
1617 2316 1639 2342 ⁷.
1665 2315 1734 2342 Νιιιιι

946 2368 1012 2396 ergo
1030 2361 1078 2389 Dei
1092 2361 1179 2390 Filius
1197 2363 1369 2399 ignoratione
1385 2363 1477 2398 aliqua
1501 2363 1626 2390 laborat?
1649 2362 1733 2390 Item:

108 2401 158 2428 Vos
173 2410 219 2438 ego
242 2403 360 2438 cognovi,
383 2412 416 2431 ea:
440 2404 561 2432 omnibus
586 2405 705 2441 gentibus
716 2405 737 2434 ⁸.
763 2406 805 2434 An
827 2407 887 2435 ideo
906 2415 1019 2437 emeras
1035 2414 1130 2444 gentes
1140 2411 1267 2446 ignorat?
1281 2411 1374 2438 Absit!
1391 2410 1445 2438 Sed
1476 2410 1608 2438 nimirum
1642 2410 1733 2445 cogni-

103 2449 204 2476 tionem
222 2448 362 2485 Scriptura
375 2451 510 2486 duplicem
524 2451 668 2487 distinguit
687 2463 694 2480 :
712 2453 824 2481 alteram
837 2462 897 2489 quae
918 2456 976 2483 sola
989 2456 1116 2491 scientia,
1141 2457 1254 2485 alteram
1274 2465 1334 2493 qua:
1346 2457 1454 2486 actione
1468 2458 1635 2485 continetur.

138 2496 204 2524 ΚΧ.
228 2496 305 2524 Ἐπεὶ
318 2495 365 2524 οὖν
378 2498 426 2525 τοῦ
437 2499 543 2534 Πατρὺς
553 2500 727 2536 ὁΜονογενὴς
739 2501 791 2537 πλη
797 2501 849 2537 ρῶν
864 2503 894 2529 τὸ

102 2542 228 2577 θέλημα,
255 2542 395 2576 ἀπέδειξεν
421 2543 471 2580 ἤδη
497 2543 531 2571 τὰ
554 2545 643 2572 πάντα
659 2546 892 2583 τετελειωμένοι...

102 2589 174 2623 ἔγνω
194 2589 249 2624 γὰρ
264 2589 279 2616 ὸ
300 2590 393 2626 Πατὴρ
409 2591 457 2626 τὴν
478 2590 554 2626 ὥραν
577 2593 624 2619 καὶ
638 2592 687 2628 τὴν
699 2594 895 2630 ἡμέραν,ἔγνω

103 2635 189 2670 αὐτὴν
205 2636 253 2662 καὶ
277 2635 347 2663 κατὰ
367 2636 466 2670 γνῶσιν
483 2637 530 2664 καὶ
550 2637 621 2664 κατὰ
635 2639 750 2674 πρᾶξιν·
767 2640 825 2676 ᾔδει
840 2641 894 2677 γὰρ

103 2679 185 2711 αὐτὸς
199 2679 299 2707 πάντα.
311 2680 366 2707 Καὶ
383 2681 411 2707 ὲν
427 2680 465 2716 τῷ
476 2681 562 2708 εἰπεῖν
578 2682 622 2708 τὸν
638 2683 700 2710 Υἱύν
711 2691 718 2698 ο
743 2684 773 2710 '0
792 2684 894 2720 Πατὴρ

142 2760 150 2774 ι
164 2758 232 2799 Gen.
247 2766 277 2790 ιι,
291 2758 336 2786 25.
373 2759 461 2799 [ἐξω.
475 2767 520 2799 ιιι,
535 2760 561 2788 6.
601 2761 611 2777 ³
623 2761 691 2799 Gen.
710 2770 785 2795 xxix,
800 2762 830 2790 51
848 2771 910 2799 sqq.

107 2791 149 2820 19.
191 2793 282 2822 'Luc.
305 2802 361 2827 χιιι,
381 2795 428 2822 27.
474 2795 579 2823 IAmos
591 2804 633 2830 ιιι,
649 2797 676 2823 2.
779 2791 784 2795 ’
862 2815 866 2818 η

141 2872 210 2907 (20³)
228 2872 308 2902 Forte
320 2873 460 2910 legendum
476 2875 612 2911 ἀλλήλοις.
627 2876 704 2904 Ιέυιτ.

982 2503 1052 2532 ΧΧὶ.
1075 2504 1239 2539 Unigenitus
1262 2512 1327 2541 ergo
1344 2505 1429 2534 Filius
1448 2510 1590 2542 paternam
1606 2506 1735 2533 volunta-

947 2551 1001 2575 tem
1015 2557 1168 2584 exsequens
1195 2549 1315 2585 perfecta
1342 2552 1435 2578 omnia
1457 2551 1667 2579 monstravit....
1682 2549 1735 2578 Νο-

947 2594 985 2620 vit
997 2594 1071 2621 cuim
1083 2595 1162 2623 Pater
1176 2596 1247 2624 diem
1262 2601 1290 2624 ct
1302 2597 1397 2624 horam
1411 2607 1417 2625 :
1433 2598 1519 2630 novit,
1534 2598 1659 2633 inquam,
1680 2605 1736 2625 non

948 2641 1103 2676 cognitione
1124 2645 1241 2677 tantum,
1259 2644 1308 2671 sed
1323 2645 1405 2672 etiant
1424 2645 1554 2672 actione:
1574 2651 1657 2680 porro
1674 2644 1737 2671 uni-

947 2693 1025 2714 versa
1041 2686 1099 2722 ipse
1113 2691 1202 2715 norat.
1218 2689 1257 2717 Ac
1272 2697 1335 2716 cum
1353 2689 1439 2718 Filius
1459 2689 1544 2717 dicit:
1562 2689 1648 2716 Pater
1661 2695 1736 2715 omne

948 2764 1036 2794 ‘Gen.
1051 2774 1115 2800 tm,
1129 2767 1174 2796 23.
1213 2768 1223 2785 '
1246 2768 1278 2797 111
1296 2769 1361 2805 Reg.
1389 2777 1408 2802 ι,
1425 2769 1436 2796 t
1456 2777 1516 2805 sqq.
1556 2761 1682 2794 ‘ll'lim.
1703 2773 1733 2798 ιι,
