1940 3043
216 131 251 157 {ili

215 187 347 222 fuitiiium
369 187 440 214 dedit
463 187 567 221 Fitio',
591 190 699 217 tametsi
725 197 779 218 non
803 191 927 226 judicet,
961 193 1011 220 hoc
1027 200 1048 228 Α

219 234 278 268 ipso
293 233 365 269 quod
379 234 520 269 judicandi
534 242 634 262 munus
646 239 672 263 et
687 235 804 264 ofﬁcium
818 237 887 265 Filio
902 239 1007 270 tribuit,

217 280 341 314 judicare
363 281 422 315 ipse
442 281 597 308 censendus
621 286 683 315 est;
709 290 765 310 non
785 284 857 311 enim
874 291 888 311 a
903 285 1010 320 judicio

219 325 245 351 in
264 333 326 352 reos
339 325 493 352 exercendo
509 325 581 353 Dcus
606 327 713 356 alienus
736 332 780 356 est
798 337 804 355 :
821 336 854 356 ac
870 329 935 357 licet
955 338 1008 357 non

216 369 318 404 juiiicet
339 369 431 402 Pater,
448 371 504 406 jam
519 372 665 407 judicavit.
688 375 774 403 Filius
793 381 882 404 autem
900 377 1010 412 quando

219 416 255 442 sit
280 421 393 442 ventura
407 417 468 444 dies
486 418 543 450 illa,
559 422 723 455 cognoscit:
742 422 812 449 hanc
827 424 900 450 enim
917 424 1010 451 educit

219 461 277 495 ipse
302 468 335 488 ac
360 461 466 493 deﬁnit,
486 464 599 491 molitur
616 472 648 492 ac
662 466 779 501 perﬁcit.
798 467 837 493 lla
851 468 952 502 quippe
974 468 1010 495 lo-

217 507 312 540 quitur
327 517 335 536 ε
353 508 430 536 Sicut
456 510 500 544 fur
516 510 548 537 de
563 517 647 544 nocte,
663 513 701 539 sic
714 512 763 539 illa
778 512 836 540 dict
850 513 971 540 adveniet
983 515 1007 540 '.

216 550 286 579 Tum
312 553 377 580 illud
395 563 401 580 :
419 553 511 582 Nolite
534 557 563 582 in
584 561 658 584 nocte
683 558 792 591 versari,
819 566 850 584 ne
872 559 928 585 dies
955 559 1004 586 illa

217 606 261 625 σοι
278 599 303 625 in
323 601 434 627 tenebris
460 602 599 636 occupet'.
615 601 706 635 Quare
723 611 784 630 cum
811 603 914 631 Christi
938 604 1010 631 scrvi

221 645 277 672 sint
297 644 353 672 diei
371 644 431 678 ﬁlii,
447 646 494 681 qui
507 647 631 674 eamdem
652 647 759 675 inducit
779 647 866 676 Filius
884 656 917 676 an
934 649 1011 684 igno-

219 697 281 717 rare
306 694 408 725 potest,
428 695 458 718 ut
478 689 567 727 ipsum
586 692 646 720 dies
660 695 810 728 opprimat.
826 699 854 722 et
867 702 921 722 non
940 695 1011 722 hanc

218 736 262 762 ille
278 736 371 771 potius
385 737 519 764 inducat?
532 737 600 771 Quis
617 738 674 766 haec
689 739 749 767 sine
761 747 867 767 summa
884 740 911 767 in
925 739 1010 767 Deum

219 782 385 809 contumelia
420 783 462 810 vel
487 783 580 811 animo
605 785 727 820 cogitare
755 789 854 820 potest,
882 789 913 812 ut
937 785 1011 812 Patri

218 826 342 863 Filioque
360 836 420 864 quae
442 830 555 857 minime
577 831 691 858 deceant
711 832 851 859 ascribat?
870 831 1005 865 Quocirca

219 873 300 901 Pater
325 873 396 901 diem
421 874 494 901 illam
510 879 538 902 et
553 875 648 902 horam
664 876 772 903 duobus
787 876 886 909 modis,
903 877 955 904 hoc
969 882 1010 904 est
1026 873 1047 902 Β

218 921 332 948 scientia
349 925 376 949 et
393 922 502 950 actione
526 924 687 958 cognoscit;
712 924 788 951 iiOvit
809 925 882 952 enim
897 924 1008 960 quando

219 967 310 994 futura
328 967 383 1000 sit;
411 975 443 995 ac
468 969 525 1002 jam
543 969 625 996 etiam
649 969 796 1004 judicavit,
821 978 883 997 cum
909 969 1008 997 Filium

215 1013 403 1048 judicaturum
428 1020 490 1041 esse
507 1015 661 1047 constituit,
685 1019 713 1043 et
739 1015 780 1043 sic
807 1015 917 1044 actione
950 1016 1008 1050 ipsa

217 1059 357 1094 cognovit.
375 1058 462 1086 Porro
476 1059 521 1086 Dei
539 1059 626 1088 Filius
639 1061 750 1096 quando
764 1065 880 1089 ventura
900 1061 936 1090 sit
949 1062 1009 1090 dies

218 1106 274 1138 illa,
305 1106 401 1140 novit;
426 1106 549 1142 adeoque
577 1107 648 1136 hanc
671 1108 788 1141 inducit,
807 1117 858 1137 nec
881 1110 1007 1144 ignorat:

256 1183 352 1212 ‘Joan.
370 1193 396 1218 v,
409 1185 455 1213 22.
495 1187 505 1201 ¹
518 1185 537 1212 ll
555 1185 628 1213 Petr.
647 1193 689 1218 ιιι,
707 1164 751 1214 ιο.
791 1185 888 1213 'Joan.
904 1194 953 1219 xu,
969 1186 1014 1213 55.

254 1262 462 1296 (‘21)T0vfé0‘ﬂ
487 1264 562 1290 κατὰ
586 1263 705 1298 πρᾶξιν.
722 1263 863 1291 Sententia
887 1267 929 1290 cst
946 1263 1007 1298 Epi-

218 1297 312 1331 phanii
333 1298 448 1333 extremi
472 1298 569 1332 judicii
585 1297 656 1326 diem
678 1303 705 1326 et
722 1299 819 1325 horam
836 1297 1007 1333 ignoravisse

218 1332 359 1359 Christum
384 1332 538 1366 Dominum,
557 1334 630 1368 quod
644 1333 730 1368 .apud
750 1332 938 1364 Matth.’xxtv,
960 1333 1005 1364 56,

219 1368 400 1402 cognitionem
434 1368 507 1395 illam
530 1369 580 1396 soli
616 1369 671 1396 Deo
695 1369 768 1396 Patri
799 1368 947 1400 tribuerit;
979 1373 1007 1396 et

220 1402 302 1429 Marci
318 1410 379 1434 xnt,
398 1402 442 1434 5‘2,
460 1404 562 1431 diserte
575 1403 639 1431 dum
658 1402 732 1431 Patri
753 1403 858 1435 tribuit,
879 1403 1006 1430 sibimet-

220 1438 271 1474 ipsi
293 1439 484 1473 denegaverit;
511 1438 693 1473 ignoravisse,
718 1438 841 1474 inquam,
863 1437 1009 1465 Dominum

219 1472 312 1500 Jcsum
339 1472 394 1500 non
411 1472 577 1508 cognitione,
592 1481 646 1508 qua
667 1481 720 1500 non
747 1472 890 1508 prmsentia
907 1475 1008 1505 solum,

219 1508 267 1544 sed
282 1512 309 1544 et
324 1509 415 1535 futura
429 1513 507 1535 erant
522 1509 560 1535 illi
573 1513 732 1544 perspecta;
757 1508 804 1536 sed
821 1508 938 1544 actione,
958 1516 1010 1536 usu

219 1543 345 1571 videlicet
358 1547 386 1570 et
405 1543 591 1571 exsecutione.
617 1543 746 1570 Eamdem
767 1544 837 1570 hanc
856 1543 1010 1570 doctrinam

219 1582 334 1605 renovat
362 1582 389 1604 et
415 1578 510 1606 ha-rcsi
531 1579 575 1612 69,
597 1586 612 1605 a
632 1586 745 1606 numero
758 1579 794 1606 63
818 1578 852 1605 ad
875 1579 1011 1613 integrann

220 1621 307 1647 usque
322 1613 511 1647 insequentem
525 1621 669 1641 numcrttm
687 1614 719 1639 47
730 1622 737 1646 ;
748 1621 797 1641 nec
811 1613 915 1648 aliquid
937 1615 964 1640 in
980 1621 1012 1640 ea

221 1647 344 1684 innovat.
370 1647 405 1684 ᾼι
429 1647 502 1684 illam
518 1649 637 1683 sumpsit
659 1648 777 1676 fortasse
791 1647 961 1684 Epiphanius
978 1656 1012 1675 ex

223 1683 333 1718 Dialogo
347 1683 436 1717 primo
450 1683 560 1718 Caesar-ii
573 1684 658 1714 illius,
675 1684 721 1718 qui
738 1692 798 1711 cum
812 1683 885 1711 esset
901 1683 929 1710 S.
946 1683 1013 1710 Gri.L

220 1717 472 1754 goriiNazianzcni
482 1717 566 1746 frater
577 1717 734 1754 germanus,
751 1719 830 1754 primi
845 1719 942 1746 medici
953 1727 1012 1745 mn-

222 1760 274 1779 nus
292 1753 318 1779 in
331 1753 450 1788 Augusta
467 1753 661 1788 imperatorum
675 1753 757 1782 domo
773 1754 1012 1788 Constantinopoli

221 1788 345 1824 exercuit
371 1787 397 1814 et
421 1787 555 1823 Bithynia:
573 1789 693 1816 obtinuit
712 1793 891 1824 quaesturam.
906 1787 1011 1823 Duplici

221 1822 287 1850 illud
307 1831 393 1858 eaque
407 1822 613 1857 expeditissima
642 1822 747 1851 ratione
763 1824 905 1851 suadetur.
918 1822 1012 1850 Altera

221 1858 295 1892 quod
309 1866 361 1885 non
375 1858 429 1894 nisi
443 1858 650 1886 annoEcelesize
665 1859 718 1886 575
742 1859 910 1894 Epiphanius
925 1859 1011 1885 Anco-

222 1897 310 1919 rritzmt
326 1893 447 1928 scripsit,
463 1898 489 1920 ct
503 1894 613 1921 biennio
629 1894 727 1921 deinde
742 1893 835 1928 elapso
852 1894 1011 1926 Panarium,

221 1936 283 1955 cum
305 1928 441 1955 Caesarius
463 1928 520 1962 5am
554 1929 659 1956 obierat
678 1937 751 1956 anno
772 1929 834 1956 569.
857 1928 1013 1956 Verisimile

221 1967 264 1992 est
292 1963 376 1997 igitur
401 1963 596 1998 Epiphanium,
627 1964 673 1999 qui
698 1965 836 1999 posterius
856 1964 1012 1999 scripsitLa

222 1998 362 2034 Caesario,
384 2007 444 2034 qtae
473 1998 640 2031 scribebat,
661 1998 810 2034 didicisse;
841 1999 868 2025 ni
891 1998 1013 2034 suspicio

224 2033 320 2060 subeat
344 2033 490 2069 utrumque
518 2038 545 2062 et
568 2034 716 2061 Ctrsarium
735 2038 762 2060 et
782 2033 1013 2069 Epiphaniumab

223 2069 378 2103 antiquiore
393 2067 495 2103 aliquo,
517 2069 562 2103 qui
582 2076 632 2096 nos
651 2069 743 2100 lateat,
757 2069 948 2102 exscripsisse.
963 2067 1012 2094 Al-

223 2107 281 2132 tera
305 2104 384 2138 plane
403 2104 558 2135 deducitur,
574 2111 636 2130 cum
657 2103 774 2130 Caesarie
790 2103 969 2137 Epiphaninm
989 2104 1012 2130 si

223 2137 362 2167 conferas.
375 2139 473 2166 Eadem
496 2139 523 2165 in
541 2142 657 2173 utroque
676 2139 810 2165 sententia
824 2138 943 2171 ;eaedem
961 2137 1012 2164 do-

224 2174 320 2200 ctrinae
329 2177 409 2203 sunt;
424 2173 518 2200 eadem
536 2177 689 2205 momenta;
712 2173 782 2200 idem
798 2173 906 2200 dicendi
928 2173 1011 2205 ordo;

223 2209 289 2243 quid
323 2209 419 2243 plura?
445 2209 539 2235 eadem
571 2208 767 2243 propetnodum
799 2208 881 2235 verba
910 2216 916 2234 :
948 2208 1013 2243 Epi-

225 2244 343 2277 phanius
363 2243 445 2276 igitur
460 2243 608 2270 Ctesarinm
634 2243 792 2277 exscripsit.
814 2243 959 2271 Doctorum
974 2244 1014 2270 vi~

226 2285 319 2313 rerum
338 2280 445 2313 ignorat
474 2286 553 2305 nemo
572 2278 684 2305 Caasarii
698 2282 726 2305 et
742 2278 886 2313 Epiphanii
904 2284 1014 2306 sentcn-

226 2312 291 2339 tiam
301 2333 307 2345 ,
322 2312 393 2348 quod
406 2321 465 2340 eam
484 2318 595 2341 secutus
609 2313 644 2340 sit
659 2313 685 2339 in
702 2312 819 2340 tractatu
835 2313 873 2340 De
887 2313 1014 2348 gradibus

225 2347 384 2375 humilitatis
411 2355 472 2383 cap.
495 2349 522 2378 3,
549 2355 664 2375 numero
686 2348 729 2378 10,
747 2356 807 2383 pag.
825 2348 870 2380 86,
887 2347 953 2376 tom.
970 2347 1013 2381 IV,

227 2383 387 2417 probavisse
401 2391 438 2409 xn
463 2383 592 2410 Ecclesia:
606 2383 706 2411 saeculo
724 2383 752 2410 S.
769 2384 938 2411 Bernardum
953 2383 1016 2410 Cla-

227 2418 424 2449 rawallensem,
441 2425 489 2446 XIII
508 2426 572 2445 vero
587 2418 687 2446 smculo
702 2426 734 2446 ex
749 2420 875 2453 prmscnti
889 2419 1016 2446 Ancorati

228 2453 295 2480 libro
311 2454 504 2489 memoravisse
519 2461 569 2481 nec
583 2453 711 2489 rcjecisse
728 2453 869 2489 llugonrem
891 2454 1016 2481 Etheria-

227 2496 291 2515 num
308 2496 368 2522 cap.
385 2488 416 2515 i5
440 2488 500 2515 libri
516 2495 544 2515 ιιι
569 2495 661 2516 contra
678 2488 792 2517 Gra'coé.
809 2488 919 2521 Verum,
934 2496 1016 2523 quam

228 2523 372 2551 memorati
398 2523 460 2557 viri,
476 2531 593 2558 qnorutn
619 2524 667 2552 alii
694 2525 855 2559 antiquitate
873 2527 1016 2559 praestant,

227 2558 409 2586 sanctimonia
433 2559 490 2590 alii,
509 2559 634 2587 doctrina
661 2558 768 2591 omnes,
783 2558 894 2586 tuentur
907 2563 1017 2586 senten-

227 2594 304 2625 tiam,
323 2593 410 2628 rcjicit
426 2597 454 2620 ut
474 2594 564 2622 minus
586 2595 752 2629 probabilem
775 2595 845 2621 inter
859 2598 972 2621 caeteras
983 2594 1017 2620 de

227 2636 258 2655 re
276 2628 370 2656 eadem
398 2630 542 2664 opiniones
573 2628 674 2657 nostra:
699 2630 895 2664 propemodum
928 2629 1017 2656 :etalis

227 2664 372 2699 Lincologus
401 2672 467 2692 sane
491 2666 618 2696 eximius,
641 2665 779 2695 Petavius,
808 2672 867 2699 cap.
886 2665 902 2692 '5
921 2665 967 2691 lib.
998 2673 1015 2690 ιι

229 2698 350 2734 Τήευιοῃ.
382 2700 535 2734 dogmatum
551 2700 583 2726 de
601 2700 739 2731 Triuitate,
764 2698 878 2726 numero
895 2700 921 2727 9.
939 2699 1017 2732 Quod

228 2733 265 2760 ita
277 2742 337 2761 eam
359 2734 403 2762 ille
418 2733 518 2767 inotct,
536 2736 637 2761 nullam
665 2735 767 2768 profert
794 2735 947 2767 rationem;
967 2742 1017 2761 nec

228 2777 308 2804 qttam
337 2770 470 2804 proferret
493 2771 583 2796 l‘orsan
603 2769 706 2804 habuit.
725 2769 838 2801 Quando
861 2770 967 2804 agimus
983 2777 1016 2795 an

227 2803 356 2832 Christus
384 2805 514 2831 Dominus
536 2803 630 2837 jndiiii
663 2804 732 2831 diem
759 2803 940 2837 iguoravérit,
975 2805 1016 2831 vel

227 2840 331 2872 utilius,
350 2840 449 2875 duplex
479 2840 557 2866 nobis
576 2843 688 2873 paratur
720 2840 875 2874 ncgotium,
899 2840 1015 2867 alterum

925 133 952 162 S.
971 134 1140 163 EPIPHANII

1026 1528 1048 1557 C

1029 2195 1051 2223 D

1824 137 1861 165 55

1065 194 1168 222 πᾶσαν
1185 194 1241 229 τὴν
1260 195 1362 229 κρίσιν
1383 194 1493 222 δέδωκε
1507 195 1547 228 τῷ
1572 194 1637 228 ΥΙῷ,
1660 195 1707 222 καὶ
1725 195 1763 230 μὴ
1791 195 1857 230 κρί-

1062 249 1125 272 νων,
1158 241 1202 268 διὰ
1218 241 1267 276 μὲν
1282 240 1328 267 τοῦ
1348 241 1492 268 δεδωκέναι
1515 241 1553 276 τῷ
1569 241 1634 276 Υἰῷ,
1649 241 1729 272 αὐτὸς
1745 241 1857 276 κρίνει·

1061 285 1091 310 οὐ
1104 285 1157 321 γὰρ
1168 285 1347 320 ἠλλοτρίωται
1361 285 1448 317 ὀθεὸς
1463 285 1516 312 ἀπὸ
1538 285 1584 312 τοῦ
1600 285 1701 321 κρίνειν
1715 286 1779 316 τοὺς
1794 293 1859 319 κρι-

1061 330 1206 365 νομένους·
1231 330 1278 356 καὶ.
1298 331 1326 356 ἐν
1342 330 1382 365 τῷ
1409 330 1445 365 μὴ
1465 330 1568 366 κρίνειν
1592 330 1637 357 τὸν
1659 330 1781 365 Πατέρα,
1803 330 1858 364 ἢδη

1061 376 1199 411 κέκρικεν.
1222 376 1250 402 '0
1266 376 1294 402 δὲ
1312 376 1375 406 Υἱὸς
1397 375 1450 402 οἵδε
1471 376 1536 402 πότε
1556 375 1679 411 ἔρχεται·
1698 376 1781 407 αὐτὸς
1800 376 1858 411 γὰρ

1061 421 1144 456 αὐτὴν
1165 422 1241 457 φέρει
1264 421 1314 456 τὴν
1330 422 1446 457 ἡμέραν,
1466 421 1514 448 καὶ
1530 422 1612 453 αὐτὸς
1624 421 1708 457 ὁρίζει
1725 422 1772 448 καὶ
1792 422 1858 456 ἄγει

1061 467 1108 494 καὶ
1117 467 1199 495 τελεῖ.
1214 468 1294 502 Λέγει
1313 468 1384 502 γάρ·
1407 468 1453 500 Ὠς
1468 467 1600 501 κλέπτης
1613 468 1647 494 ἐν
1660 467 1756 500 νυκτὶ,
1772 468 1860 502 ἔρχε-

1061 522 1108 540 ται
1119 514 1138 547 ἠ
1146 513 1238 548 ἡμέρα
1249 513 1418 547 adnixa!
1428 523 1504 549 φησι,
1519 515 1579 541 οὐκ
1590 515 1692 542 ἔσται⁸
1703 515 1738 541 ἐν
1748 516 1858 542 νυκτί·

1061 560 1113 586 ἵνα
1127 560 1145 594 ἠ
1161 558 1256 594 ἡμέρα
1269 558 1303 587 ἐν
1328 561 1428 587 σκότει
1446 560 1525 595 ἡμᾶς
1547 560 1708 595 καταλάϐῃ.
1723 561 1755 587 Et
1769 559 1819 587 οὖν
1832 561 1858 587 οἱ

1061 605 1148 632 δοῦλοι
1170 605 1217 633 τοῦ
1234 606 1352 641 Χριστοῦ
1367 607 1472 641 ἡμέρας
1486 606 1539 633 εἰσὶ
1553 606 1648 638 τέκνα,
1671 604 1724 642 ἆρα
1744 607 1830 638 αὐτὸς
1844 608 1859 634 ὁ

1063 651 1128 682 Υἱὸς
1140 651 1231 687 φέρων
1243 652 1293 686 τὴν
1311 651 1417 687 ἡμέραν
1434 652 1535 686 ἀγνοεῖ,
1551 652 1593 679 ἵνα
1606 653 1686 679 αὑτὸν
1704 651 1858 679 καταλάϐοι

1063 697 1079 732 ὴ
1095 697 1198 733 ἡμέρα,
1218 697 1266 724 καὶ
1280 698 1340 732 οὐχὶ
1363 697 1444 729 αὐτὸς
1459 697 1559 733 μᾶλλον
1571 699 1620 733 τὴν
1634 698 1741 734 ἡμέραν
1754 698 1836 734 φέρει
1849 707 1858 730 ;

1063 741 1111 772 Τίς
1126 741 1210 768 ταῦτα.
1224 741 1413 777 διανοούμενος
1423 743 1453 768 οὐ
1465 742 1665 778 βλασφημήσει,
1680 743 1713 770 τὰ
1731 742 1769 777 μὴ
1788 742 1860 777 πρέ-

1062 795 1147 814 ποντα
1160 787 1225 823 περὶ
1239 787 1347 823 Harpe;
1361 788 1407 814 καὶ
1419 788 1484 815 Υἱοῦ
1493 788 1681 824 λογιζόμενος
1696 787 1748 814 Καὶ
1766 789 1781 814 ὁ
1799 788 1859 815 Πα-

1061 833 1114 868 τὴρ
1145 833 1194 868 μὲν
1223 831 1277 859 οἶδε
1292 833 1342 869 τὴν
1357 833 1465 869 ἡμέραν
1482 834 1529 860 καὶ
1554 834 1603 869 τὴν
1622 833 1697 869 ὥραν
1719 833 1790 860 κατὰ
1806 831 1859 861 δύο

1060 879 1186 915 τρόπους,
1214 879 1285 906 κατὰ
1298 879 1410 915 εἴδησιν.
1426 880 1472 906 καὶ
1494 880 1564 906 κατὰ
1578 879 1686 915 πρᾶξιν.
1706 877 1768 906 Οἵδε
1798 879 1857 914 γὰρ

1061 927 1124 954 πότε
1138 926 1262 962 ἔρχεται·
1280 926 1327 952 καὶ
1351 925 1431 952 πάλιν
1454 926 1505 962 ἤδη
1526 926 1665 962 κέκρικεν,
1680 925 1775 960 ὁρίσας
1794 926 1858 960 κρέα

1061 981 1117 1000 νειν
1133 972 1178 999 τὸν
1194 972 1269 1004 Υἱὸν,
1281 972 1329 999 καὶ
1344 971 1414 1006 ἔγνω
1430 972 1498 998 κατὰ
1509 972 1618 1007 πρᾶξιν.
1640 971 1669 998 '0
1683 971 1711 997 δὲ
1724 971 1789 1002 Υἱὸς
1807 971 1856 997 τοῦ

1061 1018 1129 1045 Θεοῦ
1151 1016 1204 1045 οἶδε
1221 1017 1280 1053 μὲν,
1292 1017 1359 1044 πότε
1373 1017 1492 1053 ἔρχεται,
1509 1017 1556 1044 καὶ
1569 1016 1649 1048 αὐτὸς
1667 1016 1743 1052 φέρει
1756 1016 1855 1051 αὐτὴν,

1063 1065 1109 1091 καὶ
1123 1064 1173 1090 οὐκ
1181 1065 1289 1098 ἀγνοεῖ·
1304 1062 1380 1089 οὔπω
1395 1062 1422 1089 δὲ
1439 1063 1522 1098 αὐτὴν
1534 1063 1636 1099 ἔπραξε
1652 1062 1724 1089 κατὰ
1740 1062 1855 1096 γνῶσιν,

1065 1110 1190 1136 τουτέστι
1202 1109 1272 1136 κατὰ
1284 1108 1384 1145 πρᾶξιν
1392 1109 1458 1145 (21)·
1476 1109 1516 1136 ἔτι
1530 1109 1585 1144 γὰρ
1594 1109 1701 1141 ἀσεϐεῖς
1712 1108 1855 1142 ἀσεϐοῦσι,

1053 1187 1063 1202 ⁸
1077 1185 1108 1214 F.
1124 1186 1196 1214 ἔστε.

1059 1271 1114 1299 quo
1131 1268 1287 1292 statuamus
1314 1264 1467 1296 Christum,
1485 1264 1543 1292 sive
1555 1271 1610 1298 qua
1625 1263 1706 1295 Deus,
1723 1263 1855 1299 siveiqua

1060 1299 1153 1328 homo.
1167 1300 1293 1327 absolute
1312 1307 1367 1327 non
1393 1299 1565 1334 ignoravisse
1584 1299 1655 1326 diem
1671 1299 1766 1331 illum;
1782 1298 1856 1325 Thc-

1058 1334 1250 1361 mistianorum
1271 1335 1343 1362 enim
1372 1333 1430 1362 sive
1446 1334 1631 1362 Attnoetarum
1647 1333 1754 1361 insania
1767 1333 1855 1360 decli-

1059 1369 1160 1405 nanda,
1187 1369 1235 1404 qui
1264 1370 1364 1405 reiecta
1382 1377 1444 1396 cum
1472 1369 1649 1405 Eutycliianis
1675 1369 1855 1405 distinctione

1062 1404 1181 1438 duplicis
1198 1403 1239 1431 'in
1265 1404 1376 1432 Christo
1399 1407 1514 1436 naturas,
1527 1403 1622 1438 ipsum
1635 1404 1762 1438 ignorare
1779 1403 1855 1430 dioe-

1062 1438 1129 1466 bant
1144 1446 1313 1474 quaecunque
1336 1439 1408 1467 illius
1435 1440 1569 1467 nescisset
1587 1438 1753 1474 humanitas.
1775 1438 1854 1474 Alte-

1063 1481 1123 1501 rum
1140 1473 1204 1502 vero
1219 1473 1276 1506 est,
1288 1478 1318 1501 ut
1344 1474 1512 1509 explicemus
1526 1481 1580 1509 quo
1601 1481 1684 1500 sensu
1699 1473 1802 1509 dictum
1815 1473 1853 1500 sit

1063 1482 1123 1501 rum
1140 1482 1204 1502 vero
1219 1482 1272 1506 est,
1288 1482 1318 1501 ut
1344 1482 1376 1502 ex
1399 1482 1512 1501 neemns
1526 1482 1580 1509 quo
1601 1482 1684 1500 sensu
1699 1482 1802 1500 (llCllllll
1815 1482 1853 1500 su

1063 1508 1203 1536 Christum
1221 1509 1344 1537 nescisse
1367 1482 1442 1536 iiium
1457 1508 1538 1536 diem.
1562 1507 1666 1536 Sensus
1695 1508 1740 1535 ille
1764 1506 1863 1542 neque'

1063 1548 1192 1579 apertusi
1201 1549 1244 1571 est
1259 1545 1286 1570 in
1298 1544 1398 1572 divinis
1419 1542 1582 1577 Scripturis,
1599 1551 1688 1577 neque
1701 1543 1852 1579 revelatus,

1064 1586 1113 1606 nec
1126 1579 1160 1606 ab
1175 1578 1296 1606 Ecclesia
1312 1579 1441 1606 delinitns
1458 1588 1464 1605 :
1479 1579 1594 1606 liberum
1619 1585 1683 1613 ergo
1696 1582 1741 1613 est
1753 1578 1854 1612 cuique

1063 1613 1243 1647 conjec-tando
1267 1614 1341 1640 illum
1359 1621 1489 1648 quaerere.
1512 1612 1667 1646 Quaesivere
1693 1612 1789 1640 Patres
1821 1616 1851 1638 nt

1063 1648 1190 1680 Arianos,
1203 1653 1232 1676 ut
1242 1649 1426 1683 Entychianos
1439 1649 1576 1683 Agnoetas
1592 1648 1756 1675 refellerent.
1773 1648 1853 1680 Qum-

1065 1684 1150 1711 rendo
1174 1684 1200 1710 in
1235 1684 1326 1711 varias
1344 1684 1417 1711 ivere
1439 1685 1597 1714 sententias,
1621 1690 1736 1717 quarum
1766 1683 1851 1714 nulla,

1063 1726 1124 1753 qua:
1139 1718 1241 1746 divinis
1263 1726 1316 1746 non
1343 1722 1475 1754 repugnet
1491 1718 1611 1754 Litteris,
1631 1721 1662 1754 et
1674 1721 1755 1754 recta;
1766 1717 1827 1754 ﬁdei
1843 1726 1850 1750 ;

1063 1751 1177 1788 quicque
1199 1754 1305 1781 idoneis
1324 1751 1425 1780 nitatur
1450 1753 1607 1785 inomentis,
1620 1752 1681 1779 aliis
1698 1751 1851 1788 probabili-

1063 1786 1118 1816 tate
1134 1786 1285 1824 praestabit.
1302 1788 1396 1816 Patres
1405 1788 1525 1824 plurimi,
1541 1786 1755 1824 quiicompendii
1769 1794 1852 1824 causa

1064 1822 1149 1851 videri
1179 1828 1295 1859 possunt
1325 1822 1412 1858 apud'
1426 1823 1575 1859 l’clarviumr
1589 1822 1699 1849 laudato
1719 1829 1805 1859 nuper
1823 1823 1851 1848 in

1063 1859 1163 1894 capite,
1179 1857 1273 1886 dixere
1292 1857 1432 1886 Christum
1448 1858 1545 1893 indicii
1561 1858 1632 1894 diem
1655 1857 1777 1884 nescisse
1797 1864 1850 1894 non

1064 1891 1118 1928 qua
1131 1894 1212 1927 Deus,
1227 1894 1274 1921 sed
1291 1894 1382 1928 aliqua
1397 1891 1504 1920 ratione.
1513 1901 1566 1928 qua
1583 1893 1663 1928 homo
1673 1896 1733 1928 erat
1744 1891 1852 1926 :opinio

1064 1927 1121 1956 haec
1145 1930 1271 1956 humanae
1287 1927 1372 1956 menti
1389 1929 1424 1955 ob
1446 1929 1545 1955 avitam
1566 1927 1779 1954 imbecillitatem
1797 1934 1850 1952 non

1063 1965 1200 1999 displicet,
1212 1966 1276 1999 quia
1292 1964 1366 1990 illam
1381 1971 1432 1991 nos
1447 1962 1599 1999 intelligere
1619 1962 1698 1999 nobis
1713 1962 1846 1999 videmur.

1065 1998 1093 2025 Si
1109 1996 1200 2027 autem
1222 1996 1352 2026 'eamdem
1371 1999 1513 2029 excutias,
1539 1996 1562 2024 si
1583 1997 1776 2031 introspicias;
1798 1996 1850 2023 heu

1063 2038 1130 2068 quot
1138 2035 1284 2070 insurgunt
1294 2033 1478 2070 diﬁicultates,
1488 2040 1549 2068 qum
1557 2032 1699 2070 ambagesl
1712 2031 1741 2058 In
1750 2039 1850 2070 inemo:

1064 2066 1133 2096 riam
1145 2066 1230 2096 vcnit'
1245 2069 1352 2104 chorii
1374 2068 1451 2104 illius
1471 2066 1797 2104 monacbi_rctraetat_io;
1810 2066 1848 2104 ad

1084 2112 1145 2131 nam
1160 2105 1249 2139 ipsum
1274 2101 1429 2136 compulere
1453 2103 1579 2139 Aiireiius
1600 2101 1842 2139 Carthaginiensis,

1063 2112 1145 2165 gnam
1160 2112 1249 2139 ipsum
1274 2112 1429 2136 computere
1453 2112 1579 2130 nureuus
1600 2112 1842 2136 uaruiagnnensis,

1089 2159 1095 2166 .
1109 2139 1289 2174 Augustinus,
1302 2139 1403 2173 aliique
1423 2139 1451 2165 in
1469 2138 1561 2174 Africa
1577 2137 1710 2174 episcopi,
1729 2136 1849 2174 Redeunt

1066 2175 1093 2201 in
1123 2171 1282 2211 memoriam
1311 2171 1454 2211 Agno‘etac,
1472 2171 1638 2211 redeunt;et
1662 2171 1766 2211 Eulogii
1790 2171 1848 2198 Ale-

1067 2209 1190 2236 xandrini
1207 2206 1348 2236 advorsus'
1365 2209 1426 2236 illos
1447 2208 1566 2235 labores.
1583 2206 1673 2240 Quare
1688 2206 1735 2233 tibi
1754 2213 1848 2233 caveas

1065 2249 1172 2278 oportet
1187 2252 1220 2271 ne
1236 2244 1308 2270 illam
1326 2247 1436 2278 reputes
1461 2243 1642 2274 catholicam;
1657 2245 1699 2278 est
1713 2241 1785 2268 enim
1802 2242 1848 2267 ali-

1066 2276 1182 2314 quorum
1195 2283 1311 2310 tantum,
1327 2276 1381 2305 non
1390 2279 1511 2305 omnium
1522 2286 1529 2310 ;
1542 2285 1591 2314 nec
1607 2276 1721 2314 probata
1731 2283 1846 2314 unquam

1067 2310 1101 2352 ab
1116 2314 1238 2352 Ecclesia
1256 2314 1316 2340 l'uit.
1332 2313 1401 2352 Cum
1413 2313 1544 2352 Gregorio
1560 2310 1657 2352 Magno
1673 2311 1792 2352 Epistola
1815 2310 1847 2338 59

1067 2349 1129 2376 libri
1142 2357 1168 2380 ι,
1181 2349 1258 2383 juxta
1271 2349 1458 2376 recensionem
1470 2346 1665 2383 novissimam,
1680 2346 1847 2383 animadver-

1067 2381 1291 2411 tendum‘deinde
1305 2384 1445 2411 Christum
1473 2383 1616 2410 Dominum
1635 2382 1662 2408 in
1678 2386 1774 2408 natura
1791 2381 1846 2416 qui-

1067 2419 1128 2446 dem
1161 2418 1338 2446 humanitatis
1363 2419 1472 2446 novisse
1488 2419 1558 2445 dicm
1580 2421 1607 2444 et
1621 2417 1716 2443 horam
1743 2416 1845 2450 judicii,

1067 2462 1121 2481 non
1139 2459 1229 2482 autem
1255 2462 1288 2482 ex
1305 2458 1404 2481 natura
1426 2452 1604 2480 humanitatis
1632 2452 1750 2478 novisse.
1773 2451 1844 2484 Quod

1074 2497 1108 2516 an
1131 2490 1230 2517 divinae
1242 2489 1391 2524 Scriptura:
1418 2487 1574 2524 testimonia
1602 2486 1716 2524 felicius
1735 2489 1846 2524 exponat

1068 2532 1149 2559 quam
1176 2521 1318 2559 lipii’hanii
1348 2524 1494 2554 sententia,
1511 2523 1628 2559 aliorum
1639 2526 1697 2548 esto
1708 2521 1844 2559 judicium.

1069 2556 1098 2587 S.
1128 2556 1277 2594 Gregorius
1298 2559 1487 2586 Nazianzenus
1506 2559 1550 2588 iis,
1573 2556 1673 2594 quibus
1687 2557 1770 2594 relata
1789 2563 1845 2582 mox

1069 2591 1225 2630 opitiioiiion
1238 2595 1337 2630 placet,
1354 2595 1465 2630 alteram
1476 2594 1612 2630 proponit
1629 2591 1758 2630 Qt'atiotic
1772 2599 1845 2630 nim

1069 2626 1146 2657 aiens
1163 2626 1260 2656 Filium
1278 2630 1393 2656 scivisse
1418 2626 1526 2662 quidem
1539 2626 1648 2661 ’jndicii
1664 2626 1735 2662 dicm
1758 2631 1784 2652 et
1802 2626 1846 2652 ho-

1069 2673 1138 2697 ram,
1149 2665 1230 2691 modo
1243 2669 1331 2691 tamen
1344 2660 1452 2691 diverso
1467 2663 1500 2689 ab
1516 2660 1561 2690 illo
1576 2670 1630 2696 quo
1640 2662 1714 2697 novit
1728 2660 1812 2692 Pater,
1825 2662 1845 2687 cl

1071 2700 1107 2735 μὴ
1123 2700 1159 2731 ὡς
1173 2701 1186 2726 ὁ
1203 2700 1307 2735 Πατήρ,
1334 2707 1384 2735 nec
1402 2697 1474 2735 aliud
1488 2697 1645 2735 subjungit.
1664 2696 1845 2735 Ditlicnllatcm

1069 2732 1178 2761 omnem
1193 2732 1286 2761 eludit'
1306 2734 1382 2765 illud,
1398 2734 1444 2760 sed
1470 2733 1617 2760 obscurum
1638 2735 1689 2762 est,
1704 2736 1731 2757 et
1747 2732 1846 2758 facilius

1069 2770 1156 2803 aptari
1175 2773 1266 2803 posset
1278 2769 1410 2796 doctrina-
1426 2768 1578 2802 Epiphanii,
1590 2774 1675 2803 quam
1684 2766 1783 2803 dicenti
1797 2774 1845 2793 non

1070 2801 1181 2831 novisse
1209 2804 1314 2830 ratione
1345 2801 1531 2830 humanitatis.
1545 2802 1596 2829 Alii
1613 2802 1720 2828 tandem
1737 2801 1846 2828 fatentur

1072 2840 1211 2867 Christum
1239 2839 1314 2867 nullo
1330 2839 1410 2867 modo
1429 2838 1549 2867 nescisse
1565 2842 1610 2865 ant
1633 2837 1731 2864 divina.-
1751 2839 1846 2864 ratituiu
