1940 3043
67 169 101 197 51
780 175 996 206 ANCORATUS.
1667 189 1702 217 58

68 226 115 253 καὶ
129 225 244 253 ἄπιστοι
256 226 410 259 ἀπιστοῦσι,
425 227 473 255 καὶ
485 229 645 256 κακόπιστοι
661 230 856 268 βλασφημοῦσιε

92 277 111 280 ν.
129 272 136 280 .
162 271 174 280 .
195 272 223 280 ν.
238 273 266 280 ι.
298 273 304 280 .
392 274 402 280 ..
461 274 467 280 .
491 275 497 280 .
586 275 591 280 .
710 276 715 280 .
850 279 854 280 ,

915 235 1035 263 nondttm
1066 241 1157 265 tamen
1184 245 1244 266 eam
1272 244 1304 267 ex
1326 240 1371 268 illa
1395 243 1550 277 cognitione
1563 245 1701 280 produxit,

69 277 115 298 και
125 272 140 298 6
156 271 283 309 ριἀδολος
296 273 411 307 ἐνεργεῖ,
426 274 473 300 καὶ
486 275 673 310 ἁμαρτήματα
687 276 800 310 γίνεται,
814 279 862 305 καὶ

69 318 84 352 ἡ
106 317 199 344 ἀδικία
213 320 319 354 κρατεῖ,
341 319 388 346 καὶ
411 320 532 355 ήκρίσις
553 321 744 358 μακροθυμεῖ·
764 323 816 355 ἕως
827 324 860 351 ἆν

68 362 143 397 ἔλθῃ,
172 363 221 390 καὶ
234 363 291 400 γνῷ
307 365 393 400 αὐτὴν
409 366 479 392 κατὰ
500 366 608 402 πρᾶξιν,
625 368 674 394 καὶ
689 369 791 406 ποιήσῃ
810 370 860 405 τὴν

68 409 219 444 εκδὶκησιν,
250 410 298 436 καὶ
327 410 402 446 σώσῃ
428 412 491 443 τοὺς
516 413 546 439 ὲν
570 413 684 449 ἀληθείᾳ
701 414 861 448 ἐλπίζοντας

66 454 107 480 ἐπ’
118 455 213 487 αὑτὸν,
227 456 274 482 καὶ
289 456 326 491 μὴ
341 456 568 493 βλασφημοῦντας
585 459 667 486 αὐτοῦ
682 459 730 495 τὴν
745 460 859 496 θεότητα

67 500 172 536 [ἰατρὸς
188 502 236 528 καὶ
251 501 317 528 Υίοῦ
332 502 378 529 καὶ
390 503 467 537 ἁγίου
482 504 652 540 Πνεύματος.

913 283 966 308 hoc
993 286 1037 310 est
1064 283 1186 310 nondum
1213 285 1322 313 actione
1345 289 1472 322 cognovit
1489 299 1495 316 :
1512 290 1601 318 adhuc
1628 293 1702 319 enim

913 326 989 360 impii
1014 327 1097 362 impie
1120 336 1181 356 sese
1202 335 1311 364 gerunt,
1334 335 1362 359 et
1378 332 1500 362 inﬁdeles
1515 335 1700 365 inﬁdelitatem

911 378 1054 406 exercent,
1073 378 1101 402 et
1117 376 1238 403 limretici
1261 377 1344 404 Deum
1359 381 1534 408 contumeliis
1549 382 1699 415 incessunt,

911 424 937 445 et
954 419 1080 448 diabolus
1103 426 1241 456 operatur,
1265 427 1292 451 et
1316 430 1428 459 peccata
1454 432 1658 462 perpetrantur,
1675 434 1702 456 et

909 464 1045 499 injustitia
1064 473 1168 501 regnat,
1185 469 1238 504 27
1258 473 1284 497 et
1304 470 1439 505 judicium
1456 474 1591 508 patienter
1608 475 1702 501 dill'cr-

909 514 974 542 tur,
1006 511 1093 539 donec
1123 520 1173 540 suo
1211 518 1333 550 tempore
1361 518 1462 549 veniat,
1497 519 1578 553 idque
1615 518 1702 546 Filius

65 545 172 574 actione
188 546 248 581 ipsa
262 552 424 599 cognoscat,
445 553 473 576 et
489 550 621 577 ultionetn
638 551 775 585 instituat,
800 557 907 589 eosque
942 562 1043 589 servet,
1073 558 1120 592 qui
1154 566 1248 586 revera
1267 545 1346 595 spem
1369 570 1447 590 suam
1481 564 1507 591 in
1535 545 1597 599 ipso
1618 565 1703 592 collo-

64 593 136 622 cant,
171 598 264 626 neque
286 591 425 620 divinitati
447 601 505 621 sua:
530 596 727 623 contumeliam
754 596 869 631 faciunt,
900 607 961 635 quae
994 605 1035 628 est
1060 591 1150 636 Patri,
1176 603 1246 632 Filio
1273 591 1305 633 ac
1336 606 1453 642 Spiritui
1491 591 1587 637 sancto
1617 617 1695 638 com-

64 636 166 664 munis.

97 684 162 710 KB’.
185 683 231 717 Ἐξ
258 684 344 719 ἁγίων
366 685 395 712 δὲ
417 686 542 724 ἀγγέλων
566 688 690 716 λείπεται
715 690 786 717 κατὰ
813 690 860 717 δύο

63 729 179 764 τρόπους
191 731 208 766 ἡ
225 731 336 767 τοιαύτη
361 731 435 765 ἀξία.
457 733 548 769 Τίμιοι
579 735 630 769 μὲν
649 735 704 771 γάρ
723 737 792 763 εἰσιν
806 737 860 764 ἀπὸ

64 776 168 811 [ἰατρὸς
186 777 233 803 καὶ
247 777 310 804 Υίοῦ
333 778 379 805 καὶ
394 779 472 813 ἁγίου
493 780 653 816 Πνεύματος
665 781 744 809 τοῦτο
758 791 858 818 κεκτη-

65 821 147 856 μένοι.
163 823 297 850 Δείπεται
320 824 349 851 δὲ
379 825 472 857 αὐτοῖς
486 826 578 853 τοῦτο·
599 828 630 854 οὐ
645 828 700 863 γὰρ
722 828 809 855 οῐδασι
825 829 859 856 τὰ

62 867 202 902 ὡρισμένα
216 868 282 895 πότε
295 868 417 903 γίνεται·
437 870 502 898 Ἐπὶ
513 871 562 906 μὲν
578 872 633 908 γὰρ
649 872 686 907 τῇ
696 873 757 907 ὶδιᾳ
770 874 856 906 ἐξου-

62 912 111 946 σίᾳ
126 914 142 939 d
166 913 273 947 Πατὴρ
296 914 381 942 ἔθετο
395 915 467 949 τοὺς
481 917 622 951 χρόνους.
640 918 672 944 El
690 918 717 945 δὲ
734 920 748 945 6
762 919 859 956 Πατὴρ

63 959 90 984 ὲν
116 959 183 994 Υίῴ,
215 960 264 986 καὶ
290 961 304 986 6
330 961 393 992 Υἱὸς
419 963 448 988 ὲν
468 962 565 998 Πατρὶ,
585 963 638 998 ἄρα
653 965 684 992 οὐ
700 964 822 992 λείπεται
841 967 857 1002 ἡ

63 1004 167 1036 ἐξουσία
197 1005 228 1037 ἐξ
245 1005 312 1032 Υἱοῦ
327 1006 344 1041 ἡ
361 1007 390 1033 ὲν
416 1007 515 1042 Πατρί.
544 1008 674 1036 Λείπεται
693 1010 721 1036 δὲ
734 1010 788 1037 ἀπὸ
804 1011 859 1037 τῶν

63 1049 194 1084 ἀγγέλων,
221 1051 328 1077 κτιεινιτοῒ⁴
360 1050 414 1087 γὰρ
439 1051 550 1086 ἄγγελοι
572 1054 620 1080 καὶ
634 1054 859 1089 ἀρχάγγελοιχαὶ

62 1095 197 1131 δυνάμεις,
209 1096 306 1132 Πατὴρ
321 1096 350 1123 δὲ
363 1097 502 1130 ἄκτιστος,
518 1098 581 1130 Υίὸς
597 1099 735 1132 ἄκτιστος,
747 1101 859 1136 Πνεῦμα

63 1141 126 1167 Θεοῦ
138 1141 278 1168 ἄκτιστον.
295 1142 352 1169 οὐκ
366 1143 472 1169 οἴδασιν
483 1141 529 1171 οὖν
546 1145 571 1171 οἱ
581 1145 693 1179 ἄγγελοι
707 1145 770 1172 οὔτε
785 1147 857 1174 κατὰ

63 1186 170 1222 εἴδησιν,
185 1187 250 1215 οὕτε
266 1188 336 1215 κατὰ
345 1189 456 1224 πρᾶξιν,
471 1189 521 1225 τὴν
531 1190 638 1226 ἡμέραν
653 1192 702 1218 καὶ
714 1192 764 1227 τὴν
772 1191 856 1227 ὤραν,

64 1233 117 1259 Οὐκ
138 1233 227 1260 οἴδασι
255 1233 311 1269 γὰρ
327 1234 392 1260 πότε
409 1234 534 1269 βούλεται
553 1236 568 1261 6
590 1236 686 1272 Πατὴρ
701 1237 748 1263 καὶ
763 1237 777 1262 6
795 1238 858 1270 Υίὺς

63 1279 146 1305 καὶτὸ
160 1279 239 1314 ἆγιον
269 1279 381 1315 Πνεῦμα
403 1280 526 1314 ἐνεγκεῖν
541 1281 589 1316 τὴν
603 1281 718 1317 ἡμέραν.
740 1283 795 1310 Καὶ
809 1284 859 1310 οὐκ

63 1324 145 1351 οἴδασι
162 1326 235 1352 κατὰ
253 1325 354 1360 γνῶσιν
373 1326 500 1362 πράξεως
513 1335 520 1341 ·
534 1326 610 1354 οὔπω
627 1328 682 1363 γὰρ
696 1329 859 1364 ἐπετάχθη-

63 1379 120 1398 σαν
126 1371 274 1404 ἐξελθεῖν,
286 1373 335 1399 καί
350 1373 536 1408 συναγαγεῖν
544 1373 635 1407 δίκην
646 1373 790 1407 ζὶζανίων,
808 1375 858 1402 καὶ

64 1417 151 1451 δῆσαι
173 1418 302 1453 δεσμὰς,
327 1419 367 1450 είς
391 1419 422 1445 τὸ
435 1419 523 1446 καίειν
544 1420 612 1455 πυρὶ
638 1420 764 1456 ἀσϐέστῳ
783 1421 852 1457 (22).

63 1463 141 1492 υῦπω
150 1464 242 1492 τοίνυν
256 1465 317 1492 οὐδὲ
331 1465 463 1501 ἔπραξαν,
478 1466 538 1492 οὐδὲ
555 1466 658 1493 οἴδασιν
667 1475 674 1482 ·
690 1467 704 1493 6
719 1467 748 1494 δὲ
760 1468 855 1504 Πατὴρ

63 1507 113 1548 οἶδε
135 1511 183 1539 καὶ
209 1511 349 1548 ἔπραξεν
375 1513 390 1539 6
417 1512 445 1539 δὲ
459 1513 522 1544 Υἱὸς
553 1510 605 1540 οἶδε
624 1514 684 1549 μὲν,
706 1513 814 1541 οὐδέπω
829 1515 858 1541 δὲ

946 691 1028 719 XXII.
1049 693 1128 726 Quod
1153 702 1219 722 vero
1244 695 1278 722 ad
1300 700 1412 725 sanctos
1437 698 1549 732 angelos
1571 699 1701 736 pertinet,

909 736 1018 765 duobus
1033 739 1122 767 modis
1135 740 1192 767 hate
1208 741 1263 769 illis
1278 745 1320 768 est
1331 742 1467 778 denegata
1488 744 1616 780 dignitas.
1634 745 1700 773 Nam

910 783 1033 818 alioquin
1053 784 1157 813 honore
1180 786 1254 822 digni
1278 793 1353 820 sunt,
1381 789 1464 825 idque
1487 790 1605 826 ipsuma
1620 791 1700 820 Patre

908 834 935 856 et
950 828 1019 857 Filio
1040 834 1067 858 et
1088 831 1191 866 Spiritu
1211 838 1307 861 sancto
1328 836 1470 863 consecuti
1486 841 1562 870 sunt,
1580 838 1628 865 sed
1646 839 1698 868 hoc

910 878 1002 903 tamen
1022 877 1076 904 illis
1092 877 1191 911 deest;
1207 887 1261 907 non
1279 881 1353 908 enim
1366 882 1477 916 quando
1489 885 1637 911 constituta
1653 885 1699 913 illa

909 921 1002 949 futura
1029 923 1085 950 sint
1107 931 1300 959 cognoscunt:
1319 927 1455 961 siquidem
1489 929 1569 956 Pater
1583 930 1610 956 in
1623 933 1694 962 pote-

912 973 979 996 state
1001 976 1051 996 sua
1075 974 1190 1006 tempora
1213 974 1299 1007 posuit
1331 973 1351 999 '.
1374 973 1442 1000 Cum
1464 979 1554 1001 autetn
1572 973 1654 1002 Pater
1671 975 1698 1003 in

909 1013 979 1041 Filio
993 1014 1040 1046 sit,
1056 1019 1084 1042 et
1098 1014 1184 1044 Filius
1201 1018 1229 1044 in
1248 1016 1347 1051 Patre;
1362 1026 1423 1053 quae
1437 1019 1465 1045 in
1483 1019 1562 1047 Patre
1578 1024 1700 1054 potestas

908 1063 961 1092 est,
975 1068 1007 1087 ea
1023 1068 1038 1087 a
1055 1060 1125 1088 Filio
1142 1063 1240 1090 altesse
1268 1071 1324 1090 non
1351 1068 1452 1098 potest.
1476 1065 1561 1092 Abest
1577 1066 1622 1093 illa
1636 1067 1700 1101 qui-

908 1104 970 1132 dem
992 1105 1027 1132 ab
1048 1107 1163 1142 angelis,
1187 1108 1234 1143 qui
1257 1108 1369 1143 quidem
1385 1110 1470 1137 creati
1484 1114 1559 1143 sttnt,
1576 1115 1606 1138 ut
1617 1116 1643 1138 et
1656 1119 1701 1138 ar—

907 1152 1033 1187 changeli
1050 1160 1081 1179 ac
1098 1155 1225 1181 virtutes.
1255 1153 1337 1182 Pater
1363 1159 1454 1183 autem
1478 1157 1619 1184 increatus
1646 1162 1699 1190 est,

909 1197 1047 1227 increatus
1069 1198 1165 1231 Filius,
1185 1201 1325 1228 increatus
1343 1200 1464 1236 Spiritus
1480 1207 1605 1231 sanctus.
1623 1203 1698 1237 Qua-

909 1249 1022 1278 propter
1045 1245 1135 1280 angeli
1151 1245 1223 1273 diem
1239 1246 1314 1273 illam
1330 1251 1357 1273 et
1372 1247 1466 1274 horam
1482 1255 1572 1283 neque
1584 1249 1700 1276 scientia

909 1296 998 1323 neque
1013 1289 1123 1317 actione
1135 1297 1318 1325 cognoscunt.
1334 1291 1441 1327 Quippe
1455 1292 1628 1327 quandonam
1650 1293 1702 1320 Pa-

909 1340 952 1362 ter
970 1340 997 1362 et
1021 1335 1107 1364 Filius
1122 1343 1155 1363 ac
1171 1335 1294 1372 Spiritus
1308 1344 1421 1366 sanctus
1437 1338 1509 1366 dietn
1528 1339 1602 1366 illam
1622 1340 1701 1367 indu«

909 1388 973 1408 cere
989 1382 1085 1415 velint,
1103 1383 1232 1418 ignorant
1258 1383 1378 1418 penitus.
1402 1385 1437 1410 At
1464 1385 1582 1412 actionis
1605 1383 1700 1420 cogni-

908 1427 985 1456 tione
1010 1429 1097 1456 nihilo
1122 1429 1209 1465 magis
1233 1434 1356 1464 norunt;
1383 1438 1446 1457 nam
1475 1432 1597 1459 nondum
1625 1430 1700 1458 abire

908 1471 980 1508 ,ἱκαὶ
1005 1478 1076 1507 sunt,
1110 1479 1133 1501 et
1148 1475 1203 1502 lolii
1221 1477 1306 1504 instar
1325 1476 1408 1503 maloa
1427 1475 1511 1511 legere
1526 1481 1550 1502 et
1568 1477 1594 1502 in
1618 1478 1699 1512 [asci-

910 1522 983 1550 οιιιοε
994 1521 1126 1557 colligare,
1150 1523 1179 1547 ut
1201 1520 1367 1548 mcxstincto
1383 1521 1444 1556 igne
1459 1526 1667 1549 concrementur
1677 1522 1697 1550 ‘.

63 1557 161 1593 ἔπραξε
171 1566 178 1573 ⁸
194 1557 338 1585 τουτέστιν
348 1566 355 1572 ·
375 1559 410 1585 El
420 1558 464 1593 μὴ
483 1560 499 1586 ὁ
510 1559 613 1593 Πατὴρ
626 1560 732 1594 μόνος,
746 1560 816 1587 οὔτε
831 1561 856 1588 οί

911 1564 1030 1593 Proinde
1055 1573 1144 1601 neque
1169 1565 1294 1594 fecerunt
1315 1567 1407 1595 adhuc
1431 1567 1586 1602 quidpiam,
1615 1575 1702 1602 neque

63 1603 188 1639 ἄγγελοι,
203 1604 278 1632 οὔτε
293 1606 310 1631 ὁ
330 1605 406 1638 Υἱός.
431 1606 583 1641 Νοήσωμεν
602 1606 652 1641 τὴν
670 1605 786 1641 δύναμιν
807 1607 857 1642 τῆς

64 1649 180 1686 Γραφῆς,
195 1650 243 1677 ἵνα
268 1650 306 1687 μὴ
329 1651 441 1687 γένηται
461 1652 531 1687 ἡμῖν
543 1651 574 1678 τὺ
586 1651 705 1687 γράμμα
723 1651 855 1683 Θάνατος·

66 1696 98 1722 Τὸ
115 1695 236 1731 γράμμα
247 1697 312 1731 γὰρ,
327 1697 422 1733 φησὶν,
438 1698 621 1731 ἀποκτείνει,
645 1699 679 1725 τὸ
692 1697 726 1724 δὲ
739 1699 858 1733 πνεῦμα

63 1740 203 1771 ζωοποιεῖ.
226 1743 362 1779 Δάσωμεν
375 1744 406 1771 τὸ
428 1743 548 1779 πνεῦμα,
564 1744 608 1770 ἴνα
623 1744 810 1780 ὡφεληθῶμεν
822 1746 855 1772 ὲκ

63 1786 106 1813 τοῦ
121 1788 297 1824 γράμματος.
313 1788 350 1815 Οὑ
361 1788 479 1825 γράμμα
494 1788 662 1819 ἀποκτείνει,
674 1790 703 1816 ὲν
715 1789 754 1824 τῷ
768 1789 860 1824 γράμ-

66 1841 127 1866 ματι
146 1833 163 1868 ὴ
194 1834 269 1870 ζωήο
283 1834 439 1861 ἀποκτείνει
462 1834 492 1861 δὲ
509 1834 555 1861 τὸν
569 1834 708 1867 ἀσυνέτως
720 1835 758 1870 τῷ
770 1835 859 1870 γράμ-

66 1886 128 1912 ματι
137 1879 369 1915 προσερχόμενον,
381 1880 430 1906 καὶ
439 1881 476 1916 μὴ
485 1879 581 1916 ἔχοντα
587 1881 616 1908 τὸ
622 1880 726 1917 φράζον
734 1881 853 1916 πνεῦμα,

64 1924 93 1950 τὸ
105 1925 210 1959 ἀνοῖγον
223 1925 256 1951 τὸ
269 1925 397 1961 γράμμα,
415 1926 463 1952 καὶ
479 1926 671 1954 ἀποκαλύπτον
687 1926 718 1953 τὸ
729 1927 758 1953 ὲν
772 1926 857 1962 αὐτῷ.

66 1970 156 2004 Οὕτως
169 1971 216 2000 οὖν
230 1973 246 1999 6
256 1972 352 2008 Πατὴρ
363 1973 377 1999 6
391 1972 470 2007 ἆγιος
484 1973 530 2000 τὸν
549 1973 680 2009 μονογενῆ
698 1972 781 2000 αὑτοῦ
793 1973 858 2000 Υίὺν

67 2018 175 2053 γνήσιον
198 2019 400 2054 γεγεννημένον
427 2019 457 2051 ἐξ
471 2019 565 2052 αὐτοῦ,
581 2020 628 2046 καὶ
643 2019 672 2046 τὺ
682 2019 760 2053 ἅγιον
774 2018 857 2045 αὑτοῦ

65 2062 173 2099 Πνεῦμα
185 2063 270 2091 ἔδωκε
282 2065 315 2100 τῇ
332 2065 400 2100 ἁγίᾳ
410 2065 493 2092 αὑτοῦ
508 2065 669 2100 Ἑκκλησίᾳ,
687 2065 716 2091 ὲν
730 2065 779 2100 μιᾷ
788 2063 858 2098 γνώ-

66 2117 105 2136 σει
118 2111 256 2146 ὁμονοίας,
270 2111 299 2137 ἐν
320 2111 360 2137 ἐνὶ
378 2111 518 2146 συνδέσμῳ
535 2111 704 2146 τελειότητος
715 2119 722 2126 ·
737 2111 810 2142 ὅπως
828 2110 857 2137 ἐν

65 2155 173 2192 ὀνόματι
189 2157 298 2194 Πατρὸς
312 2157 416 2184 τελείου
429 2158 476 2184 καὶ
489 2158 558 2184 Θεοῦ
574 2158 623 2194 τὴν
633 2158 770 2194 σφραγῖδα
778 2166 858 2193 κομιο

66 2201 183 2237 σὼμεοα,
199 2203 248 2230 καὶ
271 2204 301 2229 ὲν
323 2203 434 2238 ὀνόματι
451 2203 516 2230 Υἱοῦ
529 2203 631 2230 τελείου
649 2204 696 2230 καὶ
709 2203 788 2235 Θεοῦ,
808 2204 856 2230 καὶ

65 2246 92 2272 ιν
120 2248 231 2284 ὀνόματι
261 2237 420 2284 Πνεύματος
438 2248 510 2276 θείου
524 2250 572 2276 καὶ
591 2249 707 2281 τελείου,
727 2249 854 2284 λάὸωμεν
871 2237 894 2266 D

65 2292 111 2328 τὴν
125 2294 270 2329 σφραγῖδα.
295 2292 330 2321 Ὠ
354 2294 439 2330 Τριὰς
460 2295 528 2328 ἁγία
549 2295 749 2330 ἀριθμουμένη,
772 2294 858 2330 Τριὰς

65 2338 92 2364 ιν
110 2340 149 2366 ἑνὶ
163 2341 275 2376 ὀνόματι
295 2341 500 2377 ἀριθμουμένηι
523 2341 560 2368 Οὑ
578 2342 634 2376 γὰρ
654 2341 763 2375 λέγεται
779 2341 853 2373 ένὰς,

66 2386 109 2412 καὶ
138 2387 214 2419 δυὰς,
243 2388 304 2414 οὐδὲ
332 2388 416 2423 μονὰς
435 2388 481 2415 καὶ
505 2389 605 2424 μονάς’
622 2387 701 2420 ἀλλὰ,
725 2387 808 2423 μονὰς
825 2389 854 2415 ὲν

65 2430 166 2466 Τριάδι,
177 2433 226 2459 καὶ
244 2433 328 2468 Totis;
343 2433 373 2460 ὲν
388 2433 494 2468 μονάδι,
514 2432 668 2468 μονοειδῶς,
677 2432 854 2468 μονωνύμως,

101 2521 178 2550 'Act.
197 2530 218 2555 ι,
237 2523 261 2551 7.
300 2522 416 2550 'Matth.
435 2531 496 2556 ιιιι,
512 2523 556 2551 50.
596 2523 638 2551 ‘ll
652 2523 715 2552 Cor.
733 2531 774 2556 ιιι,
793 2523 819 2551 6.

67 2617 178 2646 natum,
194 2617 242 2641 attt
257 2614 403 2651 humanae;
429 2615 476 2642 sed
501 2615 681 2650 οἰκονομικῶς
697 2623 726 2643 se
737 2615 857 2651 gessisse

67 2654 124 2674 cum
138 2657 167 2675 se
185 2651 290 2677 nescire
302 2649 382 2682 dixit,
395 2649 615 2678 dissimulatione
630 2649 749 2685 quatiant
762 2655 852 2684 utens,

67 2684 141 2715 quasi
167 2691 198 2711 se
215 2693 305 2712 revera
332 2685 438 2713 nescire
464 2686 596 2720 lingeret;
617 2686 674 2713 sive
696 2690 725 2712 ut
755 2687 787 2712 ad
805 2685 855 2712 Ρη-

68 2720 143 2756 trem.
180 2727 196 2756 τι
211 2728 264 2753 quo
292 2721 383 2747 omnia
405 2725 559 2755 acceperat,
580 2721 763 2756 cognitionem
780 2721 853 2748 illam

69 2752 264 2787 rel‘erretjuitta
279 2756 356 2787 illud,
372 2752 497 2784 Doctrina
505 2763 561 2782 mea
581 2752 633 2782 ηοῖι
649 2761 688 2782 est
700 2764 775 2787 mea;
793 2756 851 2783 sive

70 2790 97 2811 ut
112 2787 260 2825 discipulos
275 2791 309 2817 ab
326 2791 371 2817 illa
391 2792 566 2825 inquisitione
586 2792 770 2823 absterrcrct;
791 2791 849 2818 sive

69 2822 138 2855 quod
161 2822 336 2860 piatiil'estarc
353 2822 480 2857 noluerit,
501 2834 562 2854 nec.
579 2826 654 2860 juxta
671 2825 699 2853 S.
716 2826 846 2860 Augusti-

72 2863 146 2896 num,
160 2857 356 2896 farcientrnos
379 2862 528 2891 scit-cuuis;
544 2857 601 2888 sive
623 2862 694 2896 quod
717 2857 847 2887 intcrde.

70 2892 188 2921 mandati
202 2895 253 2922 Slbl
271 2903 284 2922 a
298 2895 377 2924 Patre
398 2897 517 2924 tnuncris
536 2892 638 2930 cilicia;
649 2896 714 2924 illud
730 2904 783 2924 nou
805 2903 844 2924 ro-

908 1617 1074 1648 cognorunt.
1096 1613 1177 1641 Pater
1191 1615 1267 1642 novit
1285 1618 1313 1642 et
1330 1615 1416 1647 fecit;
1435 1613 1521 1642 Filius
1543 1615 1630 1647 novit,
1654 1615 1701 1642 sed

908 1657 1031 1684 nondum
1044 1658 1120 1685 fecit.
1137 1659 1226 1694 Atque
1240 1659 1292 1686 hoc
1304 1660 1387 1687 modo
1401 1660 1579 1695 accipiendus
1598 1665 1641 1688 est
1657 1660 1702 1687 ille

907 1702 986 1730 locus
999 1711 1006 1729 :
1023 1703 1085 1730 Nisi
1098 1702 1180 1730 Pater
1191 1705 1274 1736 solus,
1291 1712 1373 1740 neque
1386 1705 1485 1740 angeli,
1507 1713 1586 1742 neque
1600 1704 1701 1734 Filius.

907 1747 998 1780 Quare
1022 1755 1165 1775 sacrarum
1190 1749 1346 1776 litterarum
1373 1750 1428 1777 vim
1452 1751 1648 1787 intelligamus,
1669 1761 1703 1780 ne

909 1793 991 1821 nobis
1022 1793 1050 1820 ιιι
1082 1798 1198 1822 tnortent
1235 1795 1326 1823 littera
1352 1795 1410 1831 ipsa
1438 1801 1583 1824 vertatur:
1601 1797 1703 1826 Littera

907 1839 987 1872 enim,
1012 1840 1050 1866 ait
1073 1840 1231 1875 Apostolus,
1247 1841 1353 1874 occidit,
1371 1843 1480 1876 spiritus
1503 1849 1590 1870 autent
1615 1844 1701 1878 viviﬁ-

907 1886 982 1921 (εαιδε
1010 1884 1186 1920 Excipiamus
1212 1886 1351 1921 spiritum,
1378 1892 1453 1914 utex
1471 1887 1560 1915 littera
1583 1887 1701 1915 fructum

911 1929 1031 1964 aliquetn
1055 1935 1270 1963 consequamur.
1298 1929 1460 1964 Quanquam
1486 1937 1542 1957 non
1570 1931 1628 1966 ipsa
1655 1937 1703 1965 per

908 1982 970 2002 sese
984 1974 1086 2001 occidit
1105 1974 1216 2007 littera;
1246 1973 1273 2000 in
1302 1981 1335 2001 ea
1357 1974 1459 2010 quippe
1481 1975 1535 2002 vita
1556 1975 1701 2008 consistit;

908 2016 956 2048 sed
969 2027 1031 2047 eum
1044 2019 1177 2046 duntaxat
1192 2018 1303 2051 occidit,
1322 2018 1370 2053 qui
1386 2018 1420 2046 ad
1438 2019 1556 2046 litteram
1575 2018 1702 2053 imperite

908 2070 936 2094 et
956 2073 1052 2101 parum
1074 2065 1212 2100 sapienter
1231 2064 1348 2097 accedit,
1374 2064 1421 2100 qui
1439 2065 1613 2100 eloquentem
1643 2064 1700 2099 spi-

908 2111 992 2138 ritum
1007 2117 1061 2137 non
1074 2110 1166 2143 habet,
1190 2117 1205 2137 a
1220 2117 1276 2144 quo
1290 2109 1380 2137 littera
1394 2109 1550 2137 declaratur
1581 2113 1608 2136 et
1621 2108 1702 2144 quiil-

908 2156 975 2191 quid
998 2156 1024 2183 in
1043 2163 1075 2184 ea
1093 2156 1159 2182 latet
1181 2155 1314 2190 aperitur.
1333 2154 1380 2183 Sic
1393 2156 1475 2191 igitur
1487 2159 1600 2183 sanctus
1620 2154 1701 2182 Pater

910 2202 1022 2229 unicum
1040 2199 1139 2228 Filium
1157 2208 1237 2228 suum
1257 2208 1289 2228 ac
1308 2208 1469 2236 germanum
1485 2205 1513 2228 et
1528 2208 1543 2227 a
1560 2207 1589 2227 se
1602 2207 1701 2235 proge—

907 2248 1011 2280 nitutn,
1041 2255 1148 2275 necnon
1171 2251 1198 2275 et
1225 2246 1358 2282 Spiritum
1387 2250 1514 2275 sanctum
1541 2253 1622 2272 suunt
1647 2244 1700 2272 Ec-

906 2294 998 2321 clesiae
1012 2297 1115 2321 sanctae
1133 2301 1200 2325 suae,
1216 2301 1278 2321 cuin
1293 2301 1347 2320 una
1365 2292 1550 2327 concordique
1571 2291 1700 2325 scientia,

907 2348 1017 2376 unoque
1039 2340 1220 2376 perfectionis
1247 2340 1357 2368 vinculo
1388 2340 1502 2375 largitus
1528 2344 1591 2372 est;
1622 2345 1652 2366 ut
1671 2339 1712 2379 in‘

907 2389 1019 2414 nomine
1045 2387 1159 2422 perfecti
1182 2386 1272 2414 Patris
1298 2394 1332 2414 ac
1356 2385 1403 2413 Dei
1419 2386 1492 2413 velut
1515 2386 1606 2420 sigillo
1627 2393 1698 2421 quo-

907 2433 970 2462 dam
989 2434 1181 2469 obsignetnur,
1208 2436 1291 2468 atque
1314 2432 1399 2460 etiatn
1415 2433 1442 2461 in
1460 2432 1571 2460 nomine
1584 2432 1700 2468 perfecti

909 2615 1033 2650 periatttr
1049 2614 1083 2642 de
1097 2612 1194 2649 iudicii
1214 2613 1266 2650 qdic
1283 2617 1309 2640 et
1324 2612 1395 2650 liora
1409 2612 1567 2650 hominibus
1584 2611 1701 2650 monile.

909 2645 1005 2678 stamla
1015 2659 1022 2683 ;
1034 2645 1166 2676 habemus
1176 2648 1248 2675 cnim
1258 2648 1466 2683 aptthoannetn
1480 2655 1528 2675 xit.
1538 2647 1581 2678 49,
1591 2645 1698 2683 Patrem

908 2686 1066 2712 mandatum
1098 2684 1207 2711 dedisse
1236 2682 1304 2710 Filio
1326 2683 1391 2718 quid
1420 2683 1574 2709 hominilms
1596 2682 1699 2708 diceret

908 2721 1008 2755 quidve
1023 2721 1188 2754 loqueretur.
1206 2718 1271 2746 Vide
1283 2723 1374 2746 tamen
1389 2727 1422 2745 tte
1447 2718 1593 2755 dunttalcs
1606 2723 1700 2750 seque-

908 2753 946 2783 ris
956 2753 1111 2791 opiniones,
1129 2754 1375 2791 mendaciirvitiunt
1392 2754 1418 2780 in
1432 2753 1577 2791 sanctitate
1592 2757 1698 2791 summa

907 2785 1055 2824 conti-ngas.
1077 2785 1110 2816 In
1129 2789 1395 2828 _l'2piphanii_‘porr_o
1421 2787 1564 2828 _sententia
1591 2785 1696 2812 nullum

901 2823 1012 2862 omnino
1029 2825 1148 2862 occurrit
1163 2823 1310 2862 illiusmodi
1327 2823 1493 2862 periculum,
1529 2856 1535 2862 ι
1605 2854 1622 2862 ﬁ
1681 2853 1687 2859 _

939 2861 995 2896 (‘22)
1017 2861 1177 2893 Ἀσϐέστφ,
1191 2859 1361 2893 inexuiucto,
1381 2858 1433 2885 hoc
1455 2861 1507 2890 cst,
1527 2858 1699 2890 inentingm-

904 2895 961 2922 bili.
