  <div class='ocr_page' id='page_1' title='image "/cluster/home/n/w/nwhite01/storage/ocr_20150623/43/njp.32101007506163/037.png"; bbox 0 0 1940 3043; ppageno 0'>
   <div class='ocr_carea' id='block_1_1' title="bbox 231 159 1863 191">
    <p class='ocr_par' dir='ltr' id='par_1_1' title="bbox 231 159 1863 191">
     <span class='ocr_line' id='line_1_1' title="bbox 231 159 1863 191; baseline -0.001 -2"><span class='ocrx_word' id='word_1_1' title='bbox 231 162 266 191; x_wconf 73' lang='lat'><strong>59</strong></span> <span class='ocrx_word' id='word_1_2' title='bbox 964 161 993 189; x_wconf 90' lang='lat' dir='ltr'><strong>S.</strong></span> <span class='ocrx_word' id='word_1_3' title='bbox 1014 160 1187 189; x_wconf 81' lang='lat' dir='ltr'><strong>EPIPIIANII</strong></span> <span class='ocrx_word' id='word_1_4' title='bbox 1831 159 1863 187; x_wconf 75' lang='lat'><strong>(30</strong></span> 
     </span>
    </p>
   </div>
   <div class='ocr_carea' id='block_1_2' title="bbox 231 219 1025 258">
    <p class='ocr_par' dir='ltr' id='par_1_2' title="bbox 231 221 1020 258">
     <span class='ocr_line' id='line_1_2' title="bbox 231 221 1020 258; baseline 0 -8"><span class='ocrx_word' id='word_1_5' title='bbox 231 221 291 250; x_wconf 64' lang='lat' dir='ltr'><strong>Fili!</strong></span> <span class='ocrx_word' id='word_1_6' title='bbox 323 230 354 250; x_wconf 84' lang='lat' dir='ltr'><strong>ac</strong></span> <span class='ocrx_word' id='word_1_7' title='bbox 385 222 450 256; x_wconf 84' lang='lat' dir='ltr'><strong>Dei,</strong></span> <span class='ocrx_word' id='word_1_8' title='bbox 479 227 506 251; x_wconf 92' lang='lat' dir='ltr'><strong>et</strong></span> <span class='ocrx_word' id='word_1_9' title='bbox 534 222 562 251; x_wconf 90' lang='lat' dir='ltr'><strong>in</strong></span> <span class='ocrx_word' id='word_1_10' title='bbox 590 223 701 250; x_wconf 80' lang='lat' dir='ltr'><strong>nomine</strong></span> <span class='ocrx_word' id='word_1_11' title='bbox 725 222 810 250; x_wconf 83' lang='lat' dir='ltr'><strong>divini</strong></span> <span class='ocrx_word' id='word_1_12' title='bbox 838 221 960 258; x_wconf 76' lang='lat' dir='ltr'><strong>Spiritus</strong></span> <span class='ocrx_word' id='word_1_13' title='bbox 987 230 1020 250; x_wconf 90' lang='lat' dir='ltr'><strong>ac</strong></span> 
     </span>
    </p>
   </div>
   <div class='ocr_carea' id='block_1_3' title="bbox 1080 219 1863 258">
    <p class='ocr_par' dir='ltr' id='par_1_3' title="bbox 1080 219 1863 258">
     <span class='ocr_line' id='line_1_3' title="bbox 1080 219 1863 258; baseline -0.004 -9"><span class='ocrx_word' id='word_1_14' title='bbox 1080 220 1113 254; x_wconf 76' lang='grc' dir='ltr'>;ίς</span> <span class='ocrx_word' id='word_1_15' title='bbox 1137 222 1203 254; x_wconf 80' lang='grc' dir='ltr'>Θεὸς</span> <span class='ocrx_word' id='word_1_16' title='bbox 1224 221 1320 258; x_wconf 76' lang='grc' dir='ltr'>Πατὴρ</span> <span class='ocrx_word' id='word_1_17' title='bbox 1345 221 1374 248; x_wconf 83' lang='grc' dir='ltr'>ὲν</span> <span class='ocrx_word' id='word_1_18' title='bbox 1397 220 1466 256; x_wconf 85' lang='grc' dir='ltr'><strong>Υίῷ,</strong></span> <span class='ocrx_word' id='word_1_19' title='bbox 1487 219 1552 252; x_wconf 75' lang='grc' dir='ltr'><strong>Υἱὸς</strong></span> <span class='ocrx_word' id='word_1_20' title='bbox 1571 221 1601 248; x_wconf 82' lang='grc' dir='ltr'>ὲν</span> <span class='ocrx_word' id='word_1_21' title='bbox 1626 219 1713 255; x_wconf 78' lang='grc' dir='ltr'>Πατρὶ</span> <span class='ocrx_word' id='word_1_22' title='bbox 1727 219 1778 247; x_wconf 71' lang='grc' dir='ltr'>σὺν</span> <span class='ocrx_word' id='word_1_23' title='bbox 1794 220 1863 255; x_wconf 79' lang='grc' dir='ltr'>ἁγίῳ</span> 
     </span>
    </p>
   </div>
   <div class='ocr_carea' id='block_1_4' title="bbox 231 268 1020 303">
    <p class='ocr_par' dir='ltr' id='par_1_4' title="bbox 231 268 1020 303">
     <span class='ocr_line' id='line_1_4' title="bbox 231 268 1020 303; baseline 0.003 -9"><span class='ocrx_word' id='word_1_24' title='bbox 231 268 355 303; x_wconf 76' lang='lat' dir='ltr'><strong>perfecti.</strong></span> <span class='ocrx_word' id='word_1_25' title='bbox 390 269 412 296; x_wconf 93' lang='lat'><strong>0</strong></span> <span class='ocrx_word' id='word_1_26' title='bbox 440 273 616 297; x_wconf 87' lang='lat' dir='ltr'><strong>sacrosancta</strong></span> <span class='ocrx_word' id='word_1_27' title='bbox 647 268 768 297; x_wconf 86' lang='lat' dir='ltr'><strong>Trinitas</strong></span> <span class='ocrx_word' id='word_1_28' title='bbox 795 277 828 296; x_wconf 89' lang='lat' dir='ltr'><strong>eo</strong></span> <span class='ocrx_word' id='word_1_29' title='bbox 863 269 945 296; x_wconf 90' lang='lat' dir='ltr'><strong>modo</strong></span> <span class='ocrx_word' id='word_1_30' title='bbox 968 277 1020 296; x_wconf 92' lang='lat' dir='ltr'><strong>nu-</strong></span> 
     </span>
    </p>
   </div>
   <div class='ocr_carea' id='block_1_5' title="bbox 1073 270 1223 305">
    <p class='ocr_par' dir='ltr' id='par_1_5' title="bbox 1073 270 1223 305">
     <span class='ocr_line' id='line_1_5' title="bbox 1073 270 1223 305; baseline 0 -9"><span class='ocrx_word' id='word_1_31' title='bbox 1073 270 1223 305; x_wconf 79' lang='grc' dir='ltr'>Πνεύματι.</span> 
     </span>
    </p>
   </div>
   <div class='ocr_carea' id='block_1_6' title="bbox 232 315 1864 351">
    <p class='ocr_par' dir='ltr' id='par_1_6' title="bbox 232 315 1864 351">
     <span class='ocr_line' id='line_1_6' title="bbox 232 315 1864 351; baseline 0 -9"><span class='ocrx_word' id='word_1_32' title='bbox 232 316 356 343; x_wconf 84' lang='lat' dir='ltr'><strong>meratat</strong></span> <span class='ocrx_word' id='word_1_33' title='bbox 392 315 414 343; x_wconf 93' lang='grc' dir='ltr'>Ο</span> <span class='ocrx_word' id='word_1_34' title='bbox 441 315 562 343; x_wconf 88' lang='lat' dir='ltr'><strong>Trinitas</strong></span> <span class='ocrx_word' id='word_1_35' title='bbox 586 323 640 343; x_wconf 93' lang='lat' dir='ltr'><strong>uno</strong></span> <span class='ocrx_word' id='word_1_36' title='bbox 667 316 778 344; x_wconf 85' lang='lat' dir='ltr'><strong>nomine</strong></span> <span class='ocrx_word' id='word_1_37' title='bbox 804 316 1019 351; x_wconf 86' lang='lat' dir='ltr'><strong>comprehensa!</strong></span> <span class='ocrx_word' id='word_1_38' title='bbox 1049 316 1110 345; x_wconf 86' lang='lat' dir='ltr'><strong>Non</strong></span> <span class='ocrx_word' id='word_1_39' title='bbox 1131 317 1204 344; x_wconf 90' lang='lat' dir='ltr'><strong>enim</strong></span> <span class='ocrx_word' id='word_1_40' title='bbox 1234 317 1326 345; x_wconf 88' lang='lat' dir='ltr'><strong>unitas</strong></span> <span class='ocrx_word' id='word_1_41' title='bbox 1350 320 1378 344; x_wconf 83' lang='lat' dir='ltr'><strong>et</strong></span> <span class='ocrx_word' id='word_1_42' title='bbox 1405 316 1529 343; x_wconf 85' lang='lat' dir='ltr'><strong>binarius</strong></span> <span class='ocrx_word' id='word_1_43' title='bbox 1554 315 1581 342; x_wconf 90' lang='lat' dir='ltr'><strong>in</strong></span> <span class='ocrx_word' id='word_1_44' title='bbox 1603 323 1635 342; x_wconf 83' lang='lat' dir='ltr'><strong>ea</strong></span> <span class='ocrx_word' id='word_1_45' title='bbox 1668 315 1778 347; x_wconf 84' lang='lat' dir='ltr'><strong>dicitur,</strong></span> <span class='ocrx_word' id='word_1_46' title='bbox 1808 315 1864 350; x_wconf 69' lang='lat'><strong>28</strong></span> 
     </span>
    </p>
   </div>
   <div class='ocr_carea' id='block_1_7' title="bbox 231 364 645 399">
    <p class='ocr_par' dir='ltr' id='par_1_7' title="bbox 231 364 645 399">
     <span class='ocr_line' id='line_1_7' title="bbox 231 364 645 399; baseline 0.005 -9"><span class='ocrx_word' id='word_1_47' title='bbox 231 371 320 399; x_wconf 84' lang='lat' dir='ltr'><strong>neque</strong></span> <span class='ocrx_word' id='word_1_48' title='bbox 342 364 431 391; x_wconf 85' lang='lat' dir='ltr'><strong>unitas</strong></span> <span class='ocrx_word' id='word_1_49' title='bbox 461 369 489 391; x_wconf 86' lang='lat' dir='ltr'><strong>et</strong></span> <span class='ocrx_word' id='word_1_50' title='bbox 518 365 609 392; x_wconf 86' lang='lat' dir='ltr'><strong>unitas</strong></span> <span class='ocrx_word' id='word_1_51' title='bbox 638 374 645 392; x_wconf 86' lang='lat'><strong>:</strong></span> 
     </span>
    </p>
   </div>
   <div class='ocr_carea' id='block_1_8' title="bbox 674 362 1864 398">
    <p class='ocr_par' dir='ltr' id='par_1_8' title="bbox 674 362 1864 398">
     <span class='ocr_line' id='line_1_8' title="bbox 674 362 1864 398; baseline -0.003 -6"><span class='ocrx_word' id='word_1_52' title='bbox 674 364 723 392; x_wconf 88' lang='lat' dir='ltr'><strong>sed</strong></span> <span class='ocrx_word' id='word_1_53' title='bbox 756 364 846 392; x_wconf 88' lang='lat' dir='ltr'><strong>unitas</strong></span> <span class='ocrx_word' id='word_1_54' title='bbox 876 364 904 391; x_wconf 91' lang='lat' dir='ltr'><strong>in</strong></span> <span class='ocrx_word' id='word_1_55' title='bbox 926 363 1073 396; x_wconf 82' lang='lat' dir='ltr'><strong>Trinitate.</strong></span> <span class='ocrx_word' id='word_1_56' title='bbox 1098 368 1126 392; x_wconf 90' lang='lat' dir='ltr'><strong>et</strong></span> <span class='ocrx_word' id='word_1_57' title='bbox 1147 364 1271 393; x_wconf 86' lang='lat' dir='ltr'><strong>Trinitas</strong></span> <span class='ocrx_word' id='word_1_58' title='bbox 1298 364 1327 391; x_wconf 93' lang='lat' dir='ltr'><strong>in</strong></span> <span class='ocrx_word' id='word_1_59' title='bbox 1371 364 1497 396; x_wconf 79' lang='lat' dir='ltr'><strong>unitate,</strong></span> <span class='ocrx_word' id='word_1_60' title='bbox 1528 362 1662 398; x_wconf 72' lang='lat' dir='ltr'><strong>singulari</strong></span> <span class='ocrx_word' id='word_1_61' title='bbox 1688 362 1798 395; x_wconf 76' lang='lat' dir='ltr'><strong>forma,</strong></span> <span class='ocrx_word' id='word_1_62' title='bbox 1836 367 1864 390; x_wconf 84' lang='lat' dir='ltr'><strong>et</strong></span> 
     </span>
    </p>
   </div>
   <div class='ocr_carea' id='block_1_9' title="bbox 231 408 1591 444">
    <p class='ocr_par' dir='ltr' id='par_1_9' title="bbox 231 408 1591 444">
     <span class='ocr_line' id='line_1_9' title="bbox 231 408 1591 444; baseline 0 -9"><span class='ocrx_word' id='word_1_63' title='bbox 231 409 412 443; x_wconf 74' lang='lat' dir='ltr'><strong>appellatione</strong></span> <span class='ocrx_word' id='word_1_64' title='bbox 433 409 575 444; x_wconf 75' lang='lat' dir='ltr'><strong>singulari,</strong></span> <span class='ocrx_word' id='word_1_65' title='bbox 603 417 675 438; x_wconf 87' lang='lat' dir='ltr'><strong>unus</strong></span> <span class='ocrx_word' id='word_1_66' title='bbox 698 409 769 437; x_wconf 83' lang='lat' dir='ltr'><strong>Deus</strong></span> <span class='ocrx_word' id='word_1_67' title='bbox 791 409 872 437; x_wconf 87' lang='lat' dir='ltr'><strong>Pater</strong></span> <span class='ocrx_word' id='word_1_68' title='bbox 886 410 915 436; x_wconf 88' lang='lat' dir='ltr'><strong>in</strong></span> <span class='ocrx_word' id='word_1_69' title='bbox 938 408 1019 443; x_wconf 77' lang='lat' dir='ltr'><strong>Filio,</strong></span> <span class='ocrx_word' id='word_1_70' title='bbox 1039 409 1128 438; x_wconf 88' lang='lat' dir='ltr'><strong>Filius</strong></span> <span class='ocrx_word' id='word_1_71' title='bbox 1145 410 1172 437; x_wconf 94' lang='lat' dir='ltr'><strong>in</strong></span> <span class='ocrx_word' id='word_1_72' title='bbox 1188 409 1270 437; x_wconf 87' lang='lat' dir='ltr'><strong>Patre</strong></span> <span class='ocrx_word' id='word_1_73' title='bbox 1284 417 1348 437; x_wconf 88' lang='lat' dir='ltr'><strong>cum</strong></span> <span class='ocrx_word' id='word_1_74' title='bbox 1366 413 1463 437; x_wconf 87' lang='lat' dir='ltr'><strong>sancto</strong></span> <span class='ocrx_word' id='word_1_75' title='bbox 1477 408 1591 444; x_wconf 86' lang='lat' dir='ltr'><strong>Spiritu.</strong></span> 
     </span>
    </p>
   </div>
   <div class='ocr_carea' id='block_1_10' title="bbox 265 452 1018 490">
    <p class='ocr_par' dir='ltr' id='par_1_10' title="bbox 265 452 1018 490">
     <span class='ocr_line' id='line_1_10' title="bbox 265 452 1018 490; baseline 0.005 -12"><span class='ocrx_word' id='word_1_76' title='bbox 265 452 360 480; x_wconf 76' lang='lat' dir='ltr'><strong>XXIII.</strong></span> <span class='ocrx_word' id='word_1_77' title='bbox 388 454 510 490; x_wconf 78' lang='lat' dir='ltr'><strong>Agedum</strong></span> <span class='ocrx_word' id='word_1_78' title='bbox 538 453 630 489; x_wconf 81' lang='lat' dir='ltr'><strong>profer</strong></span> <span class='ocrx_word' id='word_1_79' title='bbox 668 454 735 481; x_wconf 89' lang='lat' dir='ltr'><strong>mihi</strong></span> <span class='ocrx_word' id='word_1_80' title='bbox 766 454 893 482; x_wconf 78' lang='lat' dir='ltr'><strong>veritatis</strong></span> <span class='ocrx_word' id='word_1_81' title='bbox 920 458 1018 487; x_wconf 80' lang='lat' dir='ltr'><strong>testes,</strong></span> 
     </span>
    </p>
   </div>
   <div class='ocr_carea' id='block_1_11' title="bbox 231 499 1023 536">
    <p class='ocr_par' dir='ltr' id='par_1_11' title="bbox 231 499 1023 536">
     <span class='ocr_line' id='line_1_11' title="bbox 231 499 1023 536; baseline 0.004 -11"><span class='ocrx_word' id='word_1_82' title='bbox 231 506 343 534; x_wconf 87' lang='lat' dir='ltr'><strong>pueros,</strong></span> <span class='ocrx_word' id='word_1_83' title='bbox 371 499 495 534; x_wconf 85' lang='lat' dir='ltr'><strong>inquam,</strong></span> <span class='ocrx_word' id='word_1_84' title='bbox 525 499 599 531; x_wconf 85' lang='lat' dir='ltr'><strong>illos,</strong></span> <span class='ocrx_word' id='word_1_85' title='bbox 619 500 665 535; x_wconf 89' lang='lat' dir='ltr'><strong>qui</strong></span> <span class='ocrx_word' id='word_1_86' title='bbox 685 508 701 528; x_wconf 91' lang='lat' dir='ltr'><strong>e</strong></span> <span class='ocrx_word' id='word_1_87' title='bbox 717 499 883 536; x_wconf 88' lang='lat' dir='ltr'><strong>Babylonica</strong></span> <span class='ocrx_word' id='word_1_88' title='bbox 911 499 1023 528; x_wconf 78' lang='lat' dir='ltr'><strong>fornace</strong></span> 
     </span>
    </p>
   </div>
   <div class='ocr_carea' id='block_1_12' title="bbox 232 545 1022 581">
    <p class='ocr_par' dir='ltr' id='par_1_12' title="bbox 232 545 1022 581">
     <span class='ocr_line' id='line_1_12' title="bbox 232 545 1022 581; baseline 0.001 -10"><span class='ocrx_word' id='word_1_89' title='bbox 232 546 340 572; x_wconf 81' lang='lat' dir='ltr'><strong>liberati</strong></span> <span class='ocrx_word' id='word_1_90' title='bbox 367 550 443 578; x_wconf 88' lang='lat' dir='ltr'><strong>sunt,</strong></span> <span class='ocrx_word' id='word_1_91' title='bbox 468 546 496 573; x_wconf 88' lang='lat' dir='ltr'><strong>in</strong></span> <span class='ocrx_word' id='word_1_92' title='bbox 517 546 637 573; x_wconf 89' lang='lat' dir='ltr'><strong>medium</strong></span> <span class='ocrx_word' id='word_1_93' title='bbox 659 545 800 578; x_wconf 88' lang='lat' dir='ltr'><strong>adducito,</strong></span> <span class='ocrx_word' id='word_1_94' title='bbox 822 546 869 581; x_wconf 90' lang='lat' dir='ltr'><strong>qui</strong></span> <span class='ocrx_word' id='word_1_95' title='bbox 889 545 1022 581; x_wconf 75' lang='lat' dir='ltr'><strong>singulari</strong></span> 
     </span>
    </p>
   </div>
   <div class='ocr_carea' id='block_1_13' title="bbox 233 590 1021 627">
    <p class='ocr_par' dir='ltr' id='par_1_13' title="bbox 233 590 1021 627">
     <span class='ocr_line' id='line_1_13' title="bbox 233 590 1021 627; baseline 0 -10"><span class='ocrx_word' id='word_1_96' title='bbox 233 590 280 618; x_wconf 92' lang='lat' dir='ltr'><strong>Dei</strong></span> <span class='ocrx_word' id='word_1_97' title='bbox 304 591 436 619; x_wconf 80' lang='lat' dir='ltr'><strong>beneﬁcio</strong></span> <span class='ocrx_word' id='word_1_98' title='bbox 461 592 488 618; x_wconf 89' lang='lat' dir='ltr'><strong>in</strong></span> <span class='ocrx_word' id='word_1_99' title='bbox 510 592 600 627; x_wconf 90' lang='lat' dir='ltr'><strong>ignem</strong></span> <span class='ocrx_word' id='word_1_100' title='bbox 626 591 764 626; x_wconf 86' lang='lat' dir='ltr'><strong>conjecti,</strong></span> <span class='ocrx_word' id='word_1_101' title='bbox 790 599 845 619; x_wconf 93' lang='lat' dir='ltr'><strong>non</strong></span> <span class='ocrx_word' id='word_1_102' title='bbox 867 591 1021 626; x_wconf 89' lang='lat' dir='ltr'><strong>consumpti</strong></span> 
     </span>
    </p>
   </div>
   <div class='ocr_carea' id='block_1_14' title="bbox 232 636 1021 672">
    <p class='ocr_par' dir='ltr' id='par_1_14' title="bbox 232 636 1021 672">
     <span class='ocr_line' id='line_1_14' title="bbox 232 636 1021 672; baseline 0.001 -9"><span class='ocrx_word' id='word_1_103' title='bbox 232 641 308 664; x_wconf 87' lang='lat' dir='ltr'><strong>sunt.</strong></span> <span class='ocrx_word' id='word_1_104' title='bbox 327 636 421 672; x_wconf 83' lang='lat' dir='ltr'><strong>Neque</strong></span> <span class='ocrx_word' id='word_1_105' title='bbox 438 645 503 664; x_wconf 76' lang='lat' dir='ltr'><strong>vero</strong></span> <span class='ocrx_word' id='word_1_106' title='bbox 518 638 589 671; x_wconf 80' lang='lat' dir='ltr'><strong>ignis</strong></span> <span class='ocrx_word' id='word_1_107' title='bbox 603 637 649 664; x_wconf 89' lang='lat' dir='ltr'><strong>ille</strong></span> <span class='ocrx_word' id='word_1_108' title='bbox 666 637 816 665; x_wconf 86' lang='lat' dir='ltr'><strong>restinctus</strong></span> <span class='ocrx_word' id='word_1_109' title='bbox 833 641 886 669; x_wconf 86' lang='lat' dir='ltr'><strong>est,</strong></span> <span class='ocrx_word' id='word_1_110' title='bbox 901 645 935 664; x_wconf 89' lang='lat' dir='ltr'><strong>ne</strong></span> <span class='ocrx_word' id='word_1_111' title='bbox 950 644 1021 664; x_wconf 90' lang='lat' dir='ltr'><strong>novo</strong></span> 
     </span>
    </p>
   </div>
   <div class='ocr_carea' id='block_1_15' title="bbox 231 683 1021 718">
    <p class='ocr_par' dir='ltr' id='par_1_15' title="bbox 231 683 1021 718">
     <span class='ocr_line' id='line_1_15' title="bbox 231 683 1021 718; baseline 0 -8"><span class='ocrx_word' id='word_1_112' title='bbox 231 684 350 718; x_wconf 90' lang='lat' dir='ltr'><strong>quodam</strong></span> <span class='ocrx_word' id='word_1_113' title='bbox 367 685 483 711; x_wconf 87' lang='lat' dir='ltr'><strong>artilicio</strong></span> <span class='ocrx_word' id='word_1_114' title='bbox 497 683 613 711; x_wconf 64' lang='lat' dir='ltr'><strong>Ilaiiimze</strong></span> <span class='ocrx_word' id='word_1_115' title='bbox 629 684 763 711; x_wconf 78' lang='lat' dir='ltr'><strong>restitisse</strong></span> <span class='ocrx_word' id='word_1_116' title='bbox 778 683 953 715; x_wconf 75' lang='lat' dir='ltr'><strong>viderentur,</strong></span> <span class='ocrx_word' id='word_1_117' title='bbox 973 683 1021 711; x_wconf 85' lang='lat' dir='ltr'><strong>sed</strong></span> 
     </span>
    </p>
   </div>
   <div class='ocr_carea' id='block_1_16' title="bbox 233 728 1022 765">
    <p class='ocr_par' dir='ltr' id='par_1_16' title="bbox 233 728 1022 765">
     <span class='ocr_line' id='line_1_16' title="bbox 233 728 1022 765; baseline -0.003 -9"><span class='ocrx_word' id='word_1_118' title='bbox 233 730 270 757; x_wconf 91' lang='lat' dir='ltr'><strong>ita</strong></span> <span class='ocrx_word' id='word_1_119' title='bbox 297 734 327 756; x_wconf 90' lang='lat' dir='ltr'><strong>ut</strong></span> <span class='ocrx_word' id='word_1_120' title='bbox 354 729 380 756; x_wconf 92' lang='lat' dir='ltr'><strong>in</strong></span> <span class='ocrx_word' id='word_1_121' title='bbox 409 730 471 765; x_wconf 90' lang='lat' dir='ltr'><strong>igne</strong></span> <span class='ocrx_word' id='word_1_122' title='bbox 499 735 687 762; x_wconf 86' lang='lat' dir='ltr'><strong>versarentur,</strong></span> <span class='ocrx_word' id='word_1_123' title='bbox 720 730 755 758; x_wconf 88' lang='lat' dir='ltr'><strong>ab</strong></span> <span class='ocrx_word' id='word_1_124' title='bbox 778 737 812 757; x_wconf 91' lang='lat' dir='ltr'><strong>eo</strong></span> <span class='ocrx_word' id='word_1_125' title='bbox 837 733 927 756; x_wconf 86' lang='lat' dir='ltr'><strong>tamen</strong></span> <span class='ocrx_word' id='word_1_126' title='bbox 950 728 1022 755; x_wconf 85' lang='lat' dir='ltr'><strong>haud</strong></span> 
     </span>
    </p>
   </div>
   <div class='ocr_carea' id='block_1_17' title="bbox 232 774 1020 811">
    <p class='ocr_par' dir='ltr' id='par_1_17' title="bbox 232 774 1020 811">
     <span class='ocr_line' id='line_1_17' title="bbox 232 774 1020 811; baseline -0.003 -9"><span class='ocrx_word' id='word_1_127' title='bbox 232 775 445 803; x_wconf 78' lang='lat' dir='ltr'><strong>absumerentur</strong></span> <span class='ocrx_word' id='word_1_128' title='bbox 462 785 468 803; x_wconf 93' lang='lat'>:</span> <span class='ocrx_word' id='word_1_129' title='bbox 491 776 572 811; x_wconf 83' lang='lat' dir='ltr'><strong>idque</strong></span> <span class='ocrx_word' id='word_1_130' title='bbox 589 776 624 803; x_wconf 92' lang='lat' dir='ltr'><strong>ob</strong></span> <span class='ocrx_word' id='word_1_131' title='bbox 641 776 777 803; x_wconf 87' lang='lat' dir='ltr'><strong>sinceram</strong></span> <span class='ocrx_word' id='word_1_132' title='bbox 796 775 904 802; x_wconf 85' lang='lat' dir='ltr'><strong>illorum</strong></span> <span class='ocrx_word' id='word_1_133' title='bbox 921 774 1020 801; x_wconf 87' lang='lat' dir='ltr'><strong>Iidem:</strong></span> 
     </span>
    </p>
   </div>
   <div class='ocr_carea' id='block_1_18' title="bbox 1106 453 1863 490">
    <p class='ocr_par' dir='ltr' id='par_1_18' title="bbox 1106 453 1863 490">
     <span class='ocr_line' id='line_1_18' title="bbox 1106 453 1863 490; baseline -0.003 -8"><span class='ocrx_word' id='word_1_134' title='bbox 1106 455 1170 482; x_wconf 75' lang='lat' dir='ltr'><strong>Kl&quot;.</strong></span> <span class='ocrx_word' id='word_1_135' title='bbox 1185 455 1272 482; x_wconf 82' lang='grc' dir='ltr'>Κάλει</span> <span class='ocrx_word' id='word_1_136' title='bbox 1290 455 1319 481; x_wconf 83' lang='grc' dir='ltr'>δέ</span> <span class='ocrx_word' id='word_1_137' title='bbox 1335 463 1381 490; x_wconf 87' lang='grc' dir='ltr'><strong>μοι</strong></span> <span class='ocrx_word' id='word_1_138' title='bbox 1400 454 1543 490; x_wconf 84' lang='grc' dir='ltr'>μάρτυρας</span> <span class='ocrx_word' id='word_1_139' title='bbox 1564 454 1614 489; x_wconf 83' lang='grc' dir='ltr'>τῆς</span> <span class='ocrx_word' id='word_1_140' title='bbox 1629 453 1769 488; x_wconf 77' lang='grc' dir='ltr'>ἀληθείας,</span> <span class='ocrx_word' id='word_1_141' title='bbox 1785 453 1863 480; x_wconf 67' lang='grc' dir='ltr'>κάλει</span> 
     </span>
    </p>
   </div>
   <div class='ocr_carea' id='block_1_19' title="bbox 1073 499 1863 536">
    <p class='ocr_par' dir='ltr' id='par_1_19' title="bbox 1073 499 1863 536">
     <span class='ocr_line' id='line_1_19' title="bbox 1073 499 1863 536; baseline -0.001 -9"><span class='ocrx_word' id='word_1_142' title='bbox 1073 509 1118 536; x_wconf 88' lang='grc' dir='ltr'><strong>μοι</strong></span> <span class='ocrx_word' id='word_1_143' title='bbox 1134 502 1197 533; x_wconf 83' lang='grc' dir='ltr'>τοὺς</span> <span class='ocrx_word' id='word_1_144' title='bbox 1208 501 1305 532; x_wconf 82' lang='grc' dir='ltr'>παῖδας</span> <span class='ocrx_word' id='word_1_145' title='bbox 1326 501 1390 532; x_wconf 78' lang='grc' dir='ltr'>τοὺς</span> <span class='ocrx_word' id='word_1_146' title='bbox 1410 500 1464 527; x_wconf 76' lang='grc' dir='ltr'><strong>ἀπὸ</strong></span> <span class='ocrx_word' id='word_1_147' title='bbox 1477 501 1527 536; x_wconf 87' lang='grc' dir='ltr'>τῆς</span> <span class='ocrx_word' id='word_1_148' title='bbox 1537 499 1654 536; x_wconf 88' lang='grc' dir='ltr'>καμίνου</span> <span class='ocrx_word' id='word_1_149' title='bbox 1667 500 1717 535; x_wconf 81' lang='grc' dir='ltr'>τῆς</span> <span class='ocrx_word' id='word_1_150' title='bbox 1733 499 1863 526; x_wconf 77' lang='grc' dir='ltr'>Βαϐυλω-</span> 
     </span>
    </p>
   </div>
   <div class='ocr_carea' id='block_1_20' title="bbox 1071 545 1866 581">
    <p class='ocr_par' dir='ltr' id='par_1_20' title="bbox 1071 545 1866 581">
     <span class='ocr_line' id='line_1_20' title="bbox 1071 545 1866 581; baseline -0.003 -7"><span class='ocrx_word' id='word_1_151' title='bbox 1071 548 1138 579; x_wconf 70' lang='grc' dir='ltr'>νίας</span> <span class='ocrx_word' id='word_1_152' title='bbox 1146 547 1292 580; x_wconf 79' lang='grc' dir='ltr'><strong>σωθέντας,</strong></span> <span class='ocrx_word' id='word_1_153' title='bbox 1301 548 1365 579; x_wconf 79' lang='grc' dir='ltr'>τοὺς</span> <span class='ocrx_word' id='word_1_154' title='bbox 1380 546 1597 580; x_wconf 76' lang='grc' dir='ltr'>καταξιωθέντας</span> <span class='ocrx_word' id='word_1_155' title='bbox 1607 547 1636 573; x_wconf 81' lang='grc' dir='ltr'>ὲν</span> <span class='ocrx_word' id='word_1_156' title='bbox 1647 546 1714 581; x_wconf 78' lang='grc' dir='ltr'>πυρὶ</span> <span class='ocrx_word' id='word_1_157' title='bbox 1729 545 1866 581; x_wconf 77' lang='grc' dir='ltr'>καταϐλη-</span> 
     </span>
    </p>
   </div>
   <div class='ocr_carea' id='block_1_21' title="bbox 1073 591 1864 629">
    <p class='ocr_par' dir='ltr' id='par_1_21' title="bbox 1073 591 1864 629">
     <span class='ocr_line' id='line_1_21' title="bbox 1073 591 1864 629; baseline -0.003 -9"><span class='ocrx_word' id='word_1_158' title='bbox 1073 593 1161 628; x_wconf 80' lang='grc' dir='ltr'>θῆναι,</span> <span class='ocrx_word' id='word_1_159' title='bbox 1179 593 1217 629; x_wconf 84' lang='grc' dir='ltr'>μὴ</span> <span class='ocrx_word' id='word_1_160' title='bbox 1233 593 1403 628; x_wconf 82' lang='grc' dir='ltr'><strong>ἀναλωθῆναι</strong></span> <span class='ocrx_word' id='word_1_161' title='bbox 1417 593 1457 625; x_wconf 82' lang='grc' dir='ltr'><strong>δὲ,</strong></span> <span class='ocrx_word' id='word_1_162' title='bbox 1482 593 1513 619; x_wconf 82' lang='grc' dir='ltr'>οὐ</span> <span class='ocrx_word' id='word_1_163' title='bbox 1531 592 1626 619; x_wconf 81' lang='grc' dir='ltr'>σὸέσαι</span> <span class='ocrx_word' id='word_1_164' title='bbox 1642 591 1672 619; x_wconf 81' lang='grc' dir='ltr'>τὸ</span> <span class='ocrx_word' id='word_1_165' title='bbox 1683 591 1750 627; x_wconf 83' lang='grc' dir='ltr'><strong>πῦρ,</strong></span> <span class='ocrx_word' id='word_1_166' title='bbox 1767 592 1811 618; x_wconf 80' lang='grc' dir='ltr'>ἵνα</span> <span class='ocrx_word' id='word_1_167' title='bbox 1825 591 1864 627; x_wconf 81' lang='grc' dir='ltr'>μὴ</span> 
     </span>
    </p>
   </div>
   <div class='ocr_carea' id='block_1_22' title="bbox 1074 637 1864 674">
    <p class='ocr_par' dir='ltr' id='par_1_22' title="bbox 1074 637 1864 674">
     <span class='ocr_line' id='line_1_22' title="bbox 1074 637 1864 674; baseline -0.004 -8"><span class='ocrx_word' id='word_1_168' title='bbox 1074 639 1252 674; x_wconf 73' lang='grc' dir='ltr'>ὑποληφθῶσι</span> <span class='ocrx_word' id='word_1_169' title='bbox 1265 639 1347 666; x_wconf 79' lang='grc' dir='ltr'>καινὰ</span> <span class='ocrx_word' id='word_1_170' title='bbox 1362 638 1741 674; x_wconf 62' lang='grc' dir='ltr'>ἔργαιάντιμηχανησάμενοι.</span> <span class='ocrx_word' id='word_1_171' title='bbox 1759 637 1817 664; x_wconf 81' lang='grc' dir='ltr'>ἀλλ’</span> <span class='ocrx_word' id='word_1_172' title='bbox 1834 639 1864 664; x_wconf 80' lang='grc' dir='ltr'><strong>ἐν</strong></span> 
     </span>
    </p>
   </div>
   <div class='ocr_carea' id='block_1_23' title="bbox 1075 682 1864 720">
    <p class='ocr_par' dir='ltr' id='par_1_23' title="bbox 1075 682 1864 720">
     <span class='ocr_line' id='line_1_23' title="bbox 1075 682 1864 720; baseline -0.003 -9"><span class='ocrx_word' id='word_1_173' title='bbox 1075 685 1141 720; x_wconf 82' lang='grc' dir='ltr'>πυρὶ</span> <span class='ocrx_word' id='word_1_174' title='bbox 1170 684 1219 719; x_wconf 77' lang='grc' dir='ltr'>μὲν</span> <span class='ocrx_word' id='word_1_175' title='bbox 1240 682 1320 716; x_wconf 79' lang='grc' dir='ltr'>εῖναι,</span> <span class='ocrx_word' id='word_1_176' title='bbox 1340 685 1371 711; x_wconf 81' lang='grc' dir='ltr'>ὲν</span> <span class='ocrx_word' id='word_1_177' title='bbox 1392 684 1459 718; x_wconf 82' lang='grc' dir='ltr'>πυρὶ</span> <span class='ocrx_word' id='word_1_178' title='bbox 1474 684 1502 710; x_wconf 84' lang='grc' dir='ltr'><strong>δὲ</strong></span> <span class='ocrx_word' id='word_1_179' title='bbox 1520 683 1557 719; x_wconf 80' lang='grc' dir='ltr'>μὴ</span> <span class='ocrx_word' id='word_1_180' title='bbox 1574 683 1746 717; x_wconf 79' lang='grc' dir='ltr'><strong>ἀναλωθῆναι</strong></span> <span class='ocrx_word' id='word_1_181' title='bbox 1760 683 1804 710; x_wconf 82' lang='grc' dir='ltr'><strong>διὰ</strong></span> <span class='ocrx_word' id='word_1_182' title='bbox 1814 682 1864 718; x_wconf 79' lang='grc' dir='ltr'>τὴν</span> 
     </span>
    </p>
   </div>
   <div class='ocr_carea' id='block_1_24' title="bbox 1074 729 1866 766">
    <p class='ocr_par' dir='ltr' id='par_1_24' title="bbox 1074 729 1866 766">
     <span class='ocr_line' id='line_1_24' title="bbox 1074 729 1866 766; baseline -0.001 -10"><span class='ocrx_word' id='word_1_183' title='bbox 1074 730 1156 766; x_wconf 85' lang='grc' dir='ltr'>ὀρθὴν</span> <span class='ocrx_word' id='word_1_184' title='bbox 1186 730 1277 757; x_wconf 84' lang='grc' dir='ltr'>πίστιν</span> <span class='ocrx_word' id='word_1_185' title='bbox 1292 730 1392 764; x_wconf 81' lang='grc' dir='ltr'>αὐτῶν,</span> <span class='ocrx_word' id='word_1_186' title='bbox 1411 729 1458 756; x_wconf 80' lang='grc' dir='ltr'><strong>τοῦ</strong></span> <span class='ocrx_word' id='word_1_187' title='bbox 1474 729 1541 756; x_wconf 75' lang='grc' dir='ltr'>Θεοῦ</span> <span class='ocrx_word' id='word_1_188' title='bbox 1553 729 1586 756; x_wconf 83' lang='grc' dir='ltr'><strong>δι’</strong></span> <span class='ocrx_word' id='word_1_189' title='bbox 1601 729 1690 756; x_wconf 83' lang='grc' dir='ltr'>αὐτῶν</span> <span class='ocrx_word' id='word_1_190' title='bbox 1704 729 1777 764; x_wconf 79' lang='grc' dir='ltr'>ἡμᾶς</span> <span class='ocrx_word' id='word_1_191' title='bbox 1790 729 1866 756; x_wconf 78' lang='grc' dir='ltr'><strong>διδά-</strong></span> 
     </span>
    </p>
   </div>
   <div class='ocr_carea' id='block_1_25' title="bbox 1076 775 1864 811">
    <p class='ocr_par' dir='ltr' id='par_1_25' title="bbox 1076 775 1864 811">
     <span class='ocr_line' id='line_1_25' title="bbox 1076 775 1864 811; baseline -0.001 -9"><span class='ocrx_word' id='word_1_192' title='bbox 1076 783 1198 808; x_wconf 79' lang='grc' dir='ltr'>σκοντος,</span> <span class='ocrx_word' id='word_1_193' title='bbox 1210 775 1270 802; x_wconf 85' lang='grc' dir='ltr'>τινα</span> <span class='ocrx_word' id='word_1_194' title='bbox 1282 775 1330 811; x_wconf 82' lang='grc' dir='ltr'><strong>μέν</strong></span> <span class='ocrx_word' id='word_1_195' title='bbox 1339 776 1397 802; x_wconf 69' lang='grc' dir='ltr'>ἐστι</span> <span class='ocrx_word' id='word_1_196' title='bbox 1411 775 1445 802; x_wconf 81' lang='grc' dir='ltr'>τὰ</span> <span class='ocrx_word' id='word_1_197' title='bbox 1459 775 1567 807; x_wconf 83' lang='grc' dir='ltr'>κτιστὰ,</span> <span class='ocrx_word' id='word_1_198' title='bbox 1580 775 1639 802; x_wconf 89' lang='grc' dir='ltr'>τίνα</span> <span class='ocrx_word' id='word_1_199' title='bbox 1650 775 1678 802; x_wconf 80' lang='grc' dir='ltr'><strong>δὲ</strong></span> <span class='ocrx_word' id='word_1_200' title='bbox 1692 775 1727 801; x_wconf 86' lang='grc' dir='ltr'>τὰ</span> <span class='ocrx_word' id='word_1_201' title='bbox 1736 775 1864 807; x_wconf 74' lang='grc' dir='ltr'>ἄκτιστα,</span> 
     </span>
    </p>
   </div>
   <div class='ocr_carea' id='block_1_26' title="bbox 233 820 1025 858">
    <p class='ocr_par' dir='ltr' id='par_1_26' title="bbox 233 821 1021 856">
     <span class='ocr_line' id='line_1_26' title="bbox 233 821 1021 856; baseline -0.001 -8"><span class='ocrx_word' id='word_1_202' title='bbox 233 829 284 856; x_wconf 89' lang='lat' dir='ltr'><strong>per</strong></span> <span class='ocrx_word' id='word_1_203' title='bbox 299 829 369 856; x_wconf 89' lang='lat' dir='ltr'><strong>quos</strong></span> <span class='ocrx_word' id='word_1_204' title='bbox 382 821 482 849; x_wconf 88' lang='lat' dir='ltr'><strong>docere</strong></span> <span class='ocrx_word' id='word_1_205' title='bbox 504 830 555 849; x_wconf 88' lang='lat' dir='ltr'><strong>nos</strong></span> <span class='ocrx_word' id='word_1_206' title='bbox 574 822 662 849; x_wconf 86' lang='lat' dir='ltr'><strong>voluit</strong></span> <span class='ocrx_word' id='word_1_207' title='bbox 675 821 758 855; x_wconf 87' lang='lat' dir='ltr'><strong>Deus,</strong></span> <span class='ocrx_word' id='word_1_208' title='bbox 776 828 901 856; x_wconf 70' lang='lat' dir='ltr'><strong>quaenam</strong></span> <span class='ocrx_word' id='word_1_209' title='bbox 917 824 1021 852; x_wconf 78' lang='lat' dir='ltr'><strong>creata,</strong></span> 
     </span>
    </p>
   </div>
   <div class='ocr_carea' id='block_1_27' title="bbox 1080 820 1866 858">
    <p class='ocr_par' dir='ltr' id='par_1_27' title="bbox 1080 821 1866 858">
     <span class='ocr_line' id='line_1_27' title="bbox 1080 821 1866 858; baseline 0 -10"><span class='ocrx_word' id='word_1_210' title='bbox 1080 822 1134 849; x_wconf 74' lang='grc' dir='ltr'>τίνα</span> <span class='ocrx_word' id='word_1_211' title='bbox 1157 822 1217 848; x_wconf 72' lang='grc' dir='ltr'>ἐστὶ</span> <span class='ocrx_word' id='word_1_212' title='bbox 1233 822 1268 849; x_wconf 86' lang='grc' dir='ltr'>τὰ</span> <span class='ocrx_word' id='word_1_213' title='bbox 1290 822 1400 858; x_wconf 79' lang='grc' dir='ltr'>ποιητὰ,</span> <span class='ocrx_word' id='word_1_214' title='bbox 1421 822 1483 849; x_wconf 87' lang='grc' dir='ltr'>τίνα</span> <span class='ocrx_word' id='word_1_215' title='bbox 1495 823 1530 848; x_wconf 87' lang='grc' dir='ltr'><strong>τὰ</strong></span> <span class='ocrx_word' id='word_1_216' title='bbox 1545 821 1582 857; x_wconf 77' lang='grc' dir='ltr'>μὴ</span> <span class='ocrx_word' id='word_1_217' title='bbox 1594 822 1738 858; x_wconf 83' lang='grc' dir='ltr'>γενόμενα,</span> <span class='ocrx_word' id='word_1_218' title='bbox 1755 822 1816 848; x_wconf 91' lang='grc' dir='ltr'>τίνα</span> <span class='ocrx_word' id='word_1_219' title='bbox 1829 822 1866 848; x_wconf 81' lang='grc' dir='ltr'>τὰ</span> 
     </span>
    </p>
   </div>
   <div class='ocr_carea' id='block_1_28' title="bbox 233 867 1024 903">
    <p class='ocr_par' dir='ltr' id='par_1_28' title="bbox 233 867 1024 903">
     <span class='ocr_line' id='line_1_28' title="bbox 233 867 1024 903; baseline 0 -9"><span class='ocrx_word' id='word_1_220' title='bbox 233 875 359 902; x_wconf 73' lang='lat' dir='ltr'><strong>qua-nam</strong></span> <span class='ocrx_word' id='word_1_221' title='bbox 374 868 495 895; x_wconf 88' lang='lat' dir='ltr'><strong>increata</strong></span> <span class='ocrx_word' id='word_1_222' title='bbox 508 868 607 901; x_wconf 79' lang='lat' dir='ltr'><strong>forent,</strong></span> <span class='ocrx_word' id='word_1_223' title='bbox 631 876 692 903; x_wconf 69' lang='lat' dir='ltr'><strong>quze</strong></span> <span class='ocrx_word' id='word_1_224' title='bbox 703 867 784 900; x_wconf 82' lang='lat' dir='ltr'><strong>facta,</strong></span> <span class='ocrx_word' id='word_1_225' title='bbox 809 875 870 902; x_wconf 61' lang='lat' dir='ltr'><strong>quae</strong></span> <span class='ocrx_word' id='word_1_226' title='bbox 883 875 1024 903; x_wconf 87' lang='lat' dir='ltr'><strong>nunquam</strong></span> 
     </span>
    </p>
   </div>
   <div class='ocr_carea' id='block_1_29' title="bbox 235 913 1025 949">
    <p class='ocr_par' dir='ltr' id='par_1_29' title="bbox 235 913 1025 949">
     <span class='ocr_line' id='line_1_29' title="bbox 235 913 1025 949; baseline 0.001 -10"><span class='ocrx_word' id='word_1_227' title='bbox 235 915 316 947; x_wconf 77' lang='lat' dir='ltr'><strong>facta,</strong></span> <span class='ocrx_word' id='word_1_228' title='bbox 345 922 406 948; x_wconf 69' lang='lat' dir='ltr'><strong>quae</strong></span> <span class='ocrx_word' id='word_1_229' title='bbox 429 915 605 949; x_wconf 86' lang='lat' dir='ltr'><strong>sempiterna,</strong></span> <span class='ocrx_word' id='word_1_230' title='bbox 636 922 698 949; x_wconf 68' lang='lat' dir='ltr'><strong>qua:</strong></span> <span class='ocrx_word' id='word_1_231' title='bbox 721 921 737 940; x_wconf 92' lang='lat' dir='ltr'><strong>a</strong></span> <span class='ocrx_word' id='word_1_232' title='bbox 762 913 938 948; x_wconf 83' lang='lat' dir='ltr'><strong>sempiternis</strong></span> <span class='ocrx_word' id='word_1_233' title='bbox 963 913 1025 940; x_wconf 88' lang='lat' dir='ltr'><strong>istis</strong></span> 
     </span>
    </p>
   </div>
   <div class='ocr_carea' id='block_1_30' title="bbox 233 959 1024 996">
    <p class='ocr_par' dir='ltr' id='par_1_30' title="bbox 233 959 1024 996">
     <span class='ocr_line' id='line_1_30' title="bbox 233 959 1024 996; baseline -0.001 -9"><span class='ocrx_word' id='word_1_234' title='bbox 233 961 377 996; x_wconf 88' lang='lat' dir='ltr'><strong>producta.</strong></span> <span class='ocrx_word' id='word_1_235' title='bbox 393 961 434 988; x_wconf 90' lang='lat' dir='ltr'><strong>Illi</strong></span> <span class='ocrx_word' id='word_1_236' title='bbox 449 961 532 996; x_wconf 80' lang='lat' dir='ltr'><strong>igitur</strong></span> <span class='ocrx_word' id='word_1_237' title='bbox 547 961 581 988; x_wconf 85' lang='lat' dir='ltr'><strong>ab</strong></span> <span class='ocrx_word' id='word_1_238' title='bbox 593 961 655 996; x_wconf 79' lang='lat' dir='ltr'><strong>igne</strong></span> <span class='ocrx_word' id='word_1_239' title='bbox 670 961 770 988; x_wconf 86' lang='lat' dir='ltr'><strong>servati</strong></span> <span class='ocrx_word' id='word_1_240' title='bbox 784 960 861 995; x_wconf 88' lang='lat' dir='ltr'><strong>pueri</strong></span> <span class='ocrx_word' id='word_1_241' title='bbox 874 964 980 996; x_wconf 83' lang='lat' dir='ltr'><strong>gratum</strong></span> <span class='ocrx_word' id='word_1_242' title='bbox 997 959 1024 986; x_wconf 91' lang='lat' dir='ltr'><strong>in</strong></span> 
     </span>
    </p>
   </div>
   <div class='ocr_carea' id='block_1_31' title="bbox 235 1005 1025 1042">
    <p class='ocr_par' dir='ltr' id='par_1_31' title="bbox 235 1005 1025 1042">
     <span class='ocr_line' id='line_1_31' title="bbox 235 1005 1025 1042; baseline 0 -10"><span class='ocrx_word' id='word_1_243' title='bbox 235 1006 318 1034; x_wconf 85' lang='lat' dir='ltr'><strong>Deum</strong></span> <span class='ocrx_word' id='word_1_244' title='bbox 337 1015 352 1034; x_wconf 91' lang='lat' dir='ltr'><strong>a</strong></span> <span class='ocrx_word' id='word_1_245' title='bbox 368 1015 423 1042; x_wconf 92' lang='lat' dir='ltr'><strong>quo</strong></span> <span class='ocrx_word' id='word_1_246' title='bbox 436 1007 536 1035; x_wconf 88' lang='lat' dir='ltr'><strong>servati</strong></span> <span class='ocrx_word' id='word_1_247' title='bbox 564 1007 684 1039; x_wconf 80' lang='lat' dir='ltr'><strong>fuerant,</strong></span> <span class='ocrx_word' id='word_1_248' title='bbox 707 1010 734 1033; x_wconf 83' lang='lat' dir='ltr'><strong>et</strong></span> <span class='ocrx_word' id='word_1_249' title='bbox 759 1006 786 1033; x_wconf 92' lang='lat' dir='ltr'><strong>in</strong></span> <span class='ocrx_word' id='word_1_250' title='bbox 803 1013 884 1041; x_wconf 87' lang='lat' dir='ltr'><strong>quem</strong></span> <span class='ocrx_word' id='word_1_251' title='bbox 900 1006 933 1033; x_wconf 93' lang='lat' dir='ltr'><strong>ab</strong></span> <span class='ocrx_word' id='word_1_252' title='bbox 946 1005 1025 1033; x_wconf 87' lang='lat' dir='ltr'><strong>initio</strong></span> 
     </span>
    </p>
   </div>
   <div class='ocr_carea' id='block_1_32' title="bbox 234 1052 1025 1087">
    <p class='ocr_par' dir='ltr' id='par_1_32' title="bbox 234 1052 1025 1087">
     <span class='ocr_line' id='line_1_32' title="bbox 234 1052 1025 1087; baseline -0.003 -7"><span class='ocrx_word' id='word_1_253' title='bbox 234 1058 423 1087; x_wconf 86' lang='lat' dir='ltr'><strong>speraverant,</strong></span> <span class='ocrx_word' id='word_1_254' title='bbox 444 1053 566 1080; x_wconf 79' lang='lat' dir='ltr'><strong>aniinum</strong></span> <span class='ocrx_word' id='word_1_255' title='bbox 581 1060 613 1080; x_wconf 88' lang='lat' dir='ltr'><strong>ac</strong></span> <span class='ocrx_word' id='word_1_256' title='bbox 637 1060 749 1080; x_wconf 88' lang='lat' dir='ltr'><strong>sensum</strong></span> <span class='ocrx_word' id='word_1_257' title='bbox 773 1052 915 1079; x_wconf 65' lang='lat' dir='ltr'><strong>testiﬁcari</strong></span> <span class='ocrx_word' id='word_1_258' title='bbox 930 1052 1025 1079; x_wconf 87' lang='lat' dir='ltr'><strong>volue-</strong></span> 
     </span>
    </p>
   </div>
   <div class='ocr_carea' id='block_1_33' title="bbox 234 1097 1023 1133">
    <p class='ocr_par' dir='ltr' id='par_1_33' title="bbox 234 1097 1023 1133">
     <span class='ocr_line' id='line_1_33' title="bbox 234 1097 1023 1133; baseline -0.003 -7"><span class='ocrx_word' id='word_1_259' title='bbox 234 1103 309 1130; x_wconf 87' lang='lat' dir='ltr'><strong>runt,</strong></span> <span class='ocrx_word' id='word_1_260' title='bbox 327 1107 377 1126; x_wconf 87' lang='lat' dir='ltr'><strong>nec</strong></span> <span class='ocrx_word' id='word_1_261' title='bbox 392 1099 563 1131; x_wconf 74' lang='lat' dir='ltr'><strong>luesitaruut,</strong></span> <span class='ocrx_word' id='word_1_262' title='bbox 591 1106 680 1133; x_wconf 86' lang='lat' dir='ltr'><strong>neque</strong></span> <span class='ocrx_word' id='word_1_263' title='bbox 705 1098 839 1126; x_wconf 85' lang='lat' dir='ltr'><strong>cervicem</strong></span> <span class='ocrx_word' id='word_1_264' title='bbox 865 1097 1023 1129; x_wconf 86' lang='lat' dir='ltr'><strong>simulacro,</strong></span> 
     </span>
    </p>
   </div>
   <div class='ocr_carea' id='block_1_34' title="bbox 233 1144 1024 1179">
    <p class='ocr_par' dir='ltr' id='par_1_34' title="bbox 233 1144 1024 1179">
     <span class='ocr_line' id='line_1_34' title="bbox 233 1144 1024 1179; baseline 0 -9"><span class='ocrx_word' id='word_1_265' title='bbox 233 1145 276 1172; x_wconf 97' lang='lat' dir='ltr'><strong>vel</strong></span> <span class='ocrx_word' id='word_1_266' title='bbox 293 1145 365 1179; x_wconf 77' lang='lat' dir='ltr'><strong>regis</strong></span> <span class='ocrx_word' id='word_1_267' title='bbox 386 1144 507 1172; x_wconf 63' lang='lat' dir='ltr'><strong>audaciae</strong></span> <span class='ocrx_word' id='word_1_268' title='bbox 527 1152 559 1171; x_wconf 90' lang='lat' dir='ltr'><strong>ac</strong></span> <span class='ocrx_word' id='word_1_269' title='bbox 579 1144 716 1179; x_wconf 84' lang='lat' dir='ltr'><strong>tyrannidi</strong></span> <span class='ocrx_word' id='word_1_270' title='bbox 742 1144 887 1172; x_wconf 72' lang='lat' dir='ltr'><strong>ﬂexerunt.</strong></span> <span class='ocrx_word' id='word_1_271' title='bbox 907 1144 945 1171; x_wconf 84' lang='lat' dir='ltr'><strong>Ae</strong></span> <span class='ocrx_word' id='word_1_272' title='bbox 960 1151 1024 1170; x_wconf 90' lang='lat' dir='ltr'><strong>cum</strong></span> 
     </span>
    </p>
   </div>
   <div class='ocr_carea' id='block_1_35' title="bbox 234 1189 1026 1225">
    <p class='ocr_par' dir='ltr' id='par_1_35' title="bbox 234 1189 1026 1225">
     <span class='ocr_line' id='line_1_35' title="bbox 234 1189 1026 1225; baseline 0.001 -9"><span class='ocrx_word' id='word_1_273' title='bbox 234 1190 324 1217; x_wconf 90' lang='lat' dir='ltr'><strong>laudis</strong></span> <span class='ocrx_word' id='word_1_274' title='bbox 346 1190 449 1225; x_wconf 79' lang='lat' dir='ltr'><strong>aliquid</strong></span> <span class='ocrx_word' id='word_1_275' title='bbox 477 1190 533 1218; x_wconf 85' lang='lat' dir='ltr'><strong>Deo</strong></span> <span class='ocrx_word' id='word_1_276' title='bbox 557 1190 677 1218; x_wconf 85' lang='lat' dir='ltr'><strong>tribuere</strong></span> <span class='ocrx_word' id='word_1_277' title='bbox 710 1194 776 1217; x_wconf 89' lang='lat' dir='ltr'><strong>suut</strong></span> <span class='ocrx_word' id='word_1_278' title='bbox 798 1189 932 1225; x_wconf 77' lang='lat' dir='ltr'><strong>aggressi,</strong></span> <span class='ocrx_word' id='word_1_279' title='bbox 965 1197 1026 1224; x_wconf 90' lang='lat' dir='ltr'><strong>pro-</strong></span> 
     </span>
    </p>
   </div>
   <div class='ocr_carea' id='block_1_36' title="bbox 236 1235 1026 1271">
    <p class='ocr_par' dir='ltr' id='par_1_36' title="bbox 236 1235 1026 1271">
     <span class='ocr_line' id='line_1_36' title="bbox 236 1235 1026 1271; baseline 0 -9"><span class='ocrx_word' id='word_1_280' title='bbox 236 1235 320 1262; x_wconf 78' lang='lat' dir='ltr'><strong>funda</strong></span> <span class='ocrx_word' id='word_1_281' title='bbox 345 1243 461 1271; x_wconf 70' lang='lat' dir='ltr'><strong>qumque</strong></span> <span class='ocrx_word' id='word_1_282' title='bbox 485 1235 574 1263; x_wconf 86' lang='lat' dir='ltr'><strong>sancti</strong></span> <span class='ocrx_word' id='word_1_283' title='bbox 602 1236 722 1271; x_wconf 86' lang='lat' dir='ltr'><strong>Spiritus</strong></span> <span class='ocrx_word' id='word_1_284' title='bbox 746 1236 838 1263; x_wconf 87' lang='lat' dir='ltr'><strong>alllatu</strong></span> <span class='ocrx_word' id='word_1_285' title='bbox 861 1236 889 1263; x_wconf 93' lang='lat' dir='ltr'><strong>in</strong></span> <span class='ocrx_word' id='word_1_286' title='bbox 907 1235 962 1262; x_wconf 89' lang='lat' dir='ltr'><strong>imo</strong></span> <span class='ocrx_word' id='word_1_287' title='bbox 978 1243 1026 1270; x_wconf 77' lang='lat' dir='ltr'><strong>pe-</strong></span> 
     </span>
    </p>
   </div>
   <div class='ocr_carea' id='block_1_37' title="bbox 235 1280 1024 1316">
    <p class='ocr_par' dir='ltr' id='par_1_37' title="bbox 235 1280 1024 1316">
     <span class='ocr_line' id='line_1_37' title="bbox 235 1280 1024 1316; baseline 0 -9"><span class='ocrx_word' id='word_1_288' title='bbox 235 1285 312 1308; x_wconf 89' lang='lat' dir='ltr'><strong>ctore</strong></span> <span class='ocrx_word' id='word_1_289' title='bbox 328 1282 443 1308; x_wconf 82' lang='lat' dir='ltr'><strong>scrutati</strong></span> <span class='ocrx_word' id='word_1_290' title='bbox 468 1285 532 1309; x_wconf 84' lang='lat' dir='ltr'><strong>sunt</strong></span> <span class='ocrx_word' id='word_1_291' title='bbox 573 1281 703 1310; x_wconf 81' lang='lat' dir='ltr'><strong>homines</strong></span> <span class='ocrx_word' id='word_1_292' title='bbox 733 1281 813 1316; x_wconf 86' lang='lat' dir='ltr'><strong>longe</strong></span> <span class='ocrx_word' id='word_1_293' title='bbox 839 1280 1024 1308; x_wconf 83' lang='lat' dir='ltr'><strong>sanctissimi:</strong></span> 
     </span>
    </p>
   </div>
   <div class='ocr_carea' id='block_1_38' title="bbox 236 1327 1026 1363">
    <p class='ocr_par' dir='ltr' id='par_1_38' title="bbox 236 1327 1026 1363">
     <span class='ocr_line' id='line_1_38' title="bbox 236 1327 1026 1363; baseline 0 -10"><span class='ocrx_word' id='word_1_294' title='bbox 236 1327 282 1362; x_wconf 89' lang='lat' dir='ltr'><strong>qui</strong></span> <span class='ocrx_word' id='word_1_295' title='bbox 295 1328 425 1362; x_wconf 58' lang='lat' dir='ltr'><strong>praclare</strong></span> <span class='ocrx_word' id='word_1_296' title='bbox 440 1327 507 1354; x_wconf 88' lang='lat' dir='ltr'><strong>illud</strong></span> <span class='ocrx_word' id='word_1_297' title='bbox 523 1327 616 1355; x_wconf 88' lang='lat' dir='ltr'><strong>animo</strong></span> <span class='ocrx_word' id='word_1_298' title='bbox 633 1335 683 1355; x_wconf 91' lang='lat' dir='ltr'><strong>suo</strong></span> <span class='ocrx_word' id='word_1_299' title='bbox 698 1327 864 1363; x_wconf 79' lang='lat' dir='ltr'><strong>cogitaram,</strong></span> <span class='ocrx_word' id='word_1_300' title='bbox 880 1327 980 1354; x_wconf 63' lang='lat' dir='ltr'><strong>celum</strong></span> <span class='ocrx_word' id='word_1_301' title='bbox 993 1333 1026 1353; x_wconf 86' lang='lat' dir='ltr'><strong>ac</strong></span> 
     </span>
    </p>
   </div>
   <div class='ocr_carea' id='block_1_39' title="bbox 236 1372 1026 1409">
    <p class='ocr_par' dir='ltr' id='par_1_39' title="bbox 236 1372 1026 1409">
     <span class='ocr_line' id='line_1_39' title="bbox 236 1372 1026 1409; baseline -0.001 -9"><span class='ocrx_word' id='word_1_302' title='bbox 236 1381 406 1409; x_wconf 72' lang='lat' dir='ltr'><strong>quaecunque</strong></span> <span class='ocrx_word' id='word_1_303' title='bbox 423 1374 494 1401; x_wconf 78' lang='lat' dir='ltr'><strong>emlo</strong></span> <span class='ocrx_word' id='word_1_304' title='bbox 518 1375 707 1406; x_wconf 86' lang='lat' dir='ltr'><strong>continentur,</strong></span> <span class='ocrx_word' id='word_1_305' title='bbox 730 1376 757 1400; x_wconf 84' lang='lat' dir='ltr'><strong>et</strong></span> <span class='ocrx_word' id='word_1_306' title='bbox 783 1377 894 1406; x_wconf 87' lang='lat' dir='ltr'><strong>terram,</strong></span> <span class='ocrx_word' id='word_1_307' title='bbox 921 1372 1026 1399; x_wconf 85' lang='lat' dir='ltr'><strong>omnia-</strong></span> 
     </span>
    </p>
   </div>
   <div class='ocr_carea' id='block_1_40' title="bbox 237 1417 1024 1455">
    <p class='ocr_par' dir='ltr' id='par_1_40' title="bbox 237 1417 1024 1455">
     <span class='ocr_line' id='line_1_40' title="bbox 237 1417 1024 1455; baseline -0.003 -8"><span class='ocrx_word' id='word_1_308' title='bbox 237 1427 292 1454; x_wconf 90' lang='lat' dir='ltr'><strong>que</strong></span> <span class='ocrx_word' id='word_1_309' title='bbox 306 1428 367 1455; x_wconf 69' lang='lat' dir='ltr'><strong>quae</strong></span> <span class='ocrx_word' id='word_1_310' title='bbox 380 1420 451 1447; x_wconf 79' lang='lat' dir='ltr'><strong>infra</strong></span> <span class='ocrx_word' id='word_1_311' title='bbox 468 1425 569 1448; x_wconf 84' lang='lat' dir='ltr'><strong>terram</strong></span> <span class='ocrx_word' id='word_1_312' title='bbox 591 1423 666 1452; x_wconf 87' lang='lat' dir='ltr'><strong>sunt,</strong></span> <span class='ocrx_word' id='word_1_313' title='bbox 688 1427 721 1446; x_wconf 84' lang='lat' dir='ltr'><strong>ac</strong></span> <span class='ocrx_word' id='word_1_314' title='bbox 732 1425 901 1454; x_wconf 75' lang='lat' dir='ltr'><strong>quaecunque</strong></span> <span class='ocrx_word' id='word_1_315' title='bbox 915 1417 1024 1445; x_wconf 90' lang='lat' dir='ltr'><strong>demum</strong></span> 
     </span>
    </p>
   </div>
   <div class='ocr_carea' id='block_1_41' title="bbox 237 1464 1025 1502">
    <p class='ocr_par' dir='ltr' id='par_1_41' title="bbox 237 1464 1025 1502">
     <span class='ocr_line' id='line_1_41' title="bbox 237 1464 1025 1502; baseline -0.001 -9"><span class='ocrx_word' id='word_1_316' title='bbox 237 1466 344 1502; x_wconf 87' lang='lat' dir='ltr'><strong>uspiam</strong></span> <span class='ocrx_word' id='word_1_317' title='bbox 369 1470 443 1498; x_wconf 85' lang='lat' dir='ltr'><strong>sunt.</strong></span> <span class='ocrx_word' id='word_1_318' title='bbox 470 1466 551 1502; x_wconf 83' lang='lat' dir='ltr'><strong>digna</strong></span> <span class='ocrx_word' id='word_1_319' title='bbox 576 1474 631 1493; x_wconf 90' lang='lat' dir='ltr'><strong>non</strong></span> <span class='ocrx_word' id='word_1_320' title='bbox 653 1473 725 1498; x_wconf 83' lang='lat' dir='ltr'><strong>esse,</strong></span> <span class='ocrx_word' id='word_1_321' title='bbox 748 1472 809 1500; x_wconf 71' lang='lat' dir='ltr'><strong>qua:</strong></span> <span class='ocrx_word' id='word_1_322' title='bbox 834 1464 889 1492; x_wconf 86' lang='lat' dir='ltr'><strong>Deo</strong></span> <span class='ocrx_word' id='word_1_323' title='bbox 903 1464 1025 1493; x_wconf 87' lang='lat' dir='ltr'><strong>muneris</strong></span> 
     </span>
    </p>
   </div>
   <div class='ocr_carea' id='block_1_42' title="bbox 236 1510 1026 1546">
    <p class='ocr_par' dir='ltr' id='par_1_42' title="bbox 236 1510 1026 1546">
     <span class='ocr_line' id='line_1_42' title="bbox 236 1510 1026 1546; baseline -0.004 -6"><span class='ocrx_word' id='word_1_324' title='bbox 236 1513 324 1540; x_wconf 89' lang='lat' dir='ltr'><strong>instar</strong></span> <span class='ocrx_word' id='word_1_325' title='bbox 337 1512 499 1540; x_wconf 80' lang='lat' dir='ltr'><strong>oﬂ‘erantur.</strong></span> <span class='ocrx_word' id='word_1_326' title='bbox 522 1511 582 1539; x_wconf 87' lang='lat' dir='ltr'><strong>Non</strong></span> <span class='ocrx_word' id='word_1_327' title='bbox 600 1511 673 1539; x_wconf 84' lang='lat' dir='ltr'><strong>enim</strong></span> <span class='ocrx_word' id='word_1_328' title='bbox 693 1519 725 1539; x_wconf 89' lang='lat' dir='ltr'><strong>ea</strong></span> <span class='ocrx_word' id='word_1_329' title='bbox 750 1518 812 1546; x_wconf 60' lang='lat' dir='ltr'><strong>quae</strong></span> <span class='ocrx_word' id='word_1_330' title='bbox 828 1510 927 1545; x_wconf 81' lang='lat' dir='ltr'><strong>seipsis</strong></span> <span class='ocrx_word' id='word_1_331' title='bbox 939 1510 1026 1538; x_wconf 88' lang='lat' dir='ltr'><strong>subli-</strong></span> 
     </span>
    </p>
   </div>
   <div class='ocr_carea' id='block_1_43' title="bbox 236 1556 1026 1593">
    <p class='ocr_par' dir='ltr' id='par_1_43' title="bbox 236 1556 1026 1593">
     <span class='ocr_line' id='line_1_43' title="bbox 236 1556 1026 1593; baseline -0.004 -8"><span class='ocrx_word' id='word_1_332' title='bbox 236 1559 324 1586; x_wconf 88' lang='lat' dir='ltr'><strong>miora</strong></span> <span class='ocrx_word' id='word_1_333' title='bbox 345 1563 420 1592; x_wconf 89' lang='lat' dir='ltr'><strong>sunt,</strong></span> <span class='ocrx_word' id='word_1_334' title='bbox 437 1558 536 1586; x_wconf 78' lang='lat' dir='ltr'><strong>oIIerre</strong></span> <span class='ocrx_word' id='word_1_335' title='bbox 555 1561 694 1593; x_wconf 82' lang='lat' dir='ltr'><strong>poterant.</strong></span> <span class='ocrx_word' id='word_1_336' title='bbox 709 1564 772 1584; x_wconf 90' lang='lat' dir='ltr'><strong>cum</strong></span> <span class='ocrx_word' id='word_1_337' title='bbox 788 1561 816 1584; x_wconf 89' lang='lat' dir='ltr'><strong>et</strong></span> <span class='ocrx_word' id='word_1_338' title='bbox 832 1564 882 1592; x_wconf 85' lang='lat' dir='ltr'><strong>pro</strong></span> <span class='ocrx_word' id='word_1_339' title='bbox 892 1556 1026 1592; x_wconf 78' lang='lat' dir='ltr'><strong>dignitate</strong></span> 
     </span>
    </p>
   </div>
   <div class='ocr_carea' id='block_1_44' title="bbox 236 1602 1027 1640">
    <p class='ocr_par' dir='ltr' id='par_1_44' title="bbox 236 1602 1027 1640">
     <span class='ocr_line' id='line_1_44' title="bbox 236 1602 1027 1640; baseline -0.005 -8"><span class='ocrx_word' id='word_1_340' title='bbox 236 1608 264 1632; x_wconf 91' lang='lat' dir='ltr'><strong>et</strong></span> <span class='ocrx_word' id='word_1_341' title='bbox 288 1613 337 1640; x_wconf 91' lang='lat' dir='ltr'><strong>pro</strong></span> <span class='ocrx_word' id='word_1_342' title='bbox 358 1604 490 1631; x_wconf 79' lang='lat' dir='ltr'><strong>facultate</strong></span> <span class='ocrx_word' id='word_1_343' title='bbox 507 1611 557 1631; x_wconf 83' lang='lat' dir='ltr'><strong>sua</strong></span> <span class='ocrx_word' id='word_1_344' title='bbox 573 1603 662 1631; x_wconf 89' lang='lat' dir='ltr'><strong>solum</strong></span> <span class='ocrx_word' id='word_1_345' title='bbox 678 1603 806 1630; x_wconf 83' lang='lat' dir='ltr'><strong>laudibus</strong></span> <span class='ocrx_word' id='word_1_346' title='bbox 827 1602 910 1629; x_wconf 87' lang='lat' dir='ltr'><strong>Deum</strong></span> <span class='ocrx_word' id='word_1_347' title='bbox 931 1602 1027 1636; x_wconf 68' lang='lat' dir='ltr'><strong>praedi-</strong></span> 
     </span>
    </p>
   </div>
   <div class='ocr_carea' id='block_1_45' title="bbox 236 1646 1026 1682">
    <p class='ocr_par' dir='ltr' id='par_1_45' title="bbox 236 1646 1026 1682">
     <span class='ocr_line' id='line_1_45' title="bbox 236 1646 1026 1682; baseline -0.004 -5"><span class='ocrx_word' id='word_1_348' title='bbox 236 1658 301 1678; x_wconf 87' lang='lat' dir='ltr'><strong>care</strong></span> <span class='ocrx_word' id='word_1_349' title='bbox 326 1658 358 1678; x_wconf 91' lang='lat' dir='ltr'><strong>ac</strong></span> <span class='ocrx_word' id='word_1_350' title='bbox 383 1651 523 1678; x_wconf 87' lang='lat' dir='ltr'><strong>celebrare</strong></span> <span class='ocrx_word' id='word_1_351' title='bbox 543 1649 654 1677; x_wconf 83' lang='lat' dir='ltr'><strong>vellent.</strong></span> <span class='ocrx_word' id='word_1_352' title='bbox 680 1648 738 1676; x_wconf 88' lang='lat' dir='ltr'><strong>Hoc</strong></span> <span class='ocrx_word' id='word_1_353' title='bbox 757 1648 830 1676; x_wconf 89' lang='lat' dir='ltr'><strong>enim</strong></span> <span class='ocrx_word' id='word_1_354' title='bbox 846 1651 889 1675; x_wconf 86' lang='lat' dir='ltr'><strong>est</strong></span> <span class='ocrx_word' id='word_1_355' title='bbox 903 1646 978 1682; x_wconf 92' lang='lat' dir='ltr'><strong>quod</strong></span> <span class='ocrx_word' id='word_1_356' title='bbox 998 1647 1026 1675; x_wconf 94' lang='lat' dir='ltr'><strong>in</strong></span> 
     </span>
    </p>
   </div>
   <div class='ocr_carea' id='block_1_46' title="bbox 237 1693 1025 1730">
    <p class='ocr_par' dir='ltr' id='par_1_46' title="bbox 237 1693 1025 1730">
     <span class='ocr_line' id='line_1_46' title="bbox 237 1693 1025 1730; baseline -0.004 -7"><span class='ocrx_word' id='word_1_357' title='bbox 237 1696 346 1724; x_wconf 84' lang='lat' dir='ltr'><strong>Psalmo</strong></span> <span class='ocrx_word' id='word_1_358' title='bbox 355 1696 456 1723; x_wconf 89' lang='lat' dir='ltr'><strong>dicitur</strong></span> <span class='ocrx_word' id='word_1_359' title='bbox 471 1705 478 1723; x_wconf 87' lang='lat'>:</span> <span class='ocrx_word' id='word_1_360' title='bbox 494 1695 652 1730; x_wconf 81' lang='lat' dir='ltr'><strong>Sacriﬁcate</strong></span> <span class='ocrx_word' id='word_1_361' title='bbox 666 1695 827 1729; x_wconf 82' lang='lat' dir='ltr'><strong>sacri/icium</strong></span> <span class='ocrx_word' id='word_1_362' title='bbox 839 1693 928 1721; x_wconf 75' lang='lat' dir='ltr'><strong>laudis</strong></span> <span class='ocrx_word' id='word_1_363' title='bbox 943 1695 964 1726; x_wconf 83' lang='lat'><strong>&#39;;</strong></span> <span class='ocrx_word' id='word_1_364' title='bbox 981 1697 1025 1721; x_wconf 86' lang='lat' dir='ltr'><strong>et:</strong></span> 
     </span>
    </p>
   </div>
   <div class='ocr_carea' id='block_1_47' title="bbox 237 1739 1027 1776">
    <p class='ocr_par' dir='ltr' id='par_1_47' title="bbox 237 1739 1027 1776">
     <span class='ocr_line' id='line_1_47' title="bbox 237 1739 1027 1776; baseline -0.003 -8"><span class='ocrx_word' id='word_1_365' title='bbox 237 1741 408 1776; x_wconf 80' lang='lat' dir='ltr'><strong>Sacriﬁcium</strong></span> <span class='ocrx_word' id='word_1_366' title='bbox 433 1741 520 1768; x_wconf 68' lang='lat' dir='ltr'><strong>laudis</strong></span> <span class='ocrx_word' id='word_1_367' title='bbox 544 1741 728 1775; x_wconf 82' lang='lat' dir='ltr'><strong>honoriﬁcabit</strong></span> <span class='ocrx_word' id='word_1_368' title='bbox 757 1748 797 1767; x_wconf 84' lang='lat' dir='ltr'><strong>me</strong></span> <span class='ocrx_word' id='word_1_369' title='bbox 814 1741 835 1767; x_wconf 80' lang='grc'><strong>³.</strong></span> <span class='ocrx_word' id='word_1_370' title='bbox 882 1739 953 1774; x_wconf 83' lang='lat' dir='ltr'><strong>Ergo</strong></span> <span class='ocrx_word' id='word_1_371' title='bbox 987 1739 1027 1766; x_wconf 92' lang='lat' dir='ltr'><strong>illi</strong></span> 
     </span>
    </p>
   </div>
   <div class='ocr_carea' id='block_1_48' title="bbox 237 1786 1027 1818">
    <p class='ocr_par' dir='ltr' id='par_1_48' title="bbox 237 1786 1027 1818">
     <span class='ocr_line' id='line_1_48' title="bbox 237 1786 1027 1818; baseline 0.001 -5"><span class='ocrx_word' id='word_1_372' title='bbox 237 1786 322 1814; x_wconf 72' lang='lat' dir='ltr'><strong>Vetus</strong></span> <span class='ocrx_word' id='word_1_373' title='bbox 353 1787 558 1815; x_wconf 61' lang='lat' dir='ltr'><strong>Testamentum</strong></span> <span class='ocrx_word' id='word_1_374' title='bbox 579 1788 608 1814; x_wconf 91' lang='lat' dir='ltr'><strong>in</strong></span> <span class='ocrx_word' id='word_1_375' title='bbox 628 1786 732 1814; x_wconf 85' lang='lat' dir='ltr'><strong>Novum</strong></span> <span class='ocrx_word' id='word_1_376' title='bbox 755 1790 967 1818; x_wconf 88' lang='lat' dir='ltr'><strong>commutantes.</strong></span> <span class='ocrx_word' id='word_1_377' title='bbox 999 1790 1027 1814; x_wconf 90' lang='lat' dir='ltr'><strong>et</strong></span> 
     </span>
    </p>
   </div>
   <div class='ocr_carea' id='block_1_49' title="bbox 237 1832 1026 1869">
    <p class='ocr_par' dir='ltr' id='par_1_49' title="bbox 237 1832 1026 1869">
     <span class='ocr_line' id='line_1_49' title="bbox 237 1832 1026 1869; baseline -0.001 -10"><span class='ocrx_word' id='word_1_378' title='bbox 237 1833 328 1860; x_wconf 70' lang='lat' dir='ltr'><strong>:tlllzitu</strong></span> <span class='ocrx_word' id='word_1_379' title='bbox 345 1834 434 1861; x_wconf 84' lang='lat' dir='ltr'><strong>sancti</strong></span> <span class='ocrx_word' id='word_1_380' title='bbox 465 1832 585 1869; x_wconf 88' lang='lat' dir='ltr'><strong>Spiritus</strong></span> <span class='ocrx_word' id='word_1_381' title='bbox 612 1832 746 1865; x_wconf 84' lang='lat' dir='ltr'><strong>instincti,</strong></span> <span class='ocrx_word' id='word_1_382' title='bbox 771 1832 841 1859; x_wconf 87' lang='lat' dir='ltr'><strong>nihil</strong></span> <span class='ocrx_word' id='word_1_383' title='bbox 869 1832 1026 1859; x_wconf 87' lang='lat' dir='ltr'><strong>animaliqu</strong></span> 
     </span>
    </p>
   </div>
   <div class='ocr_carea' id='block_1_50' title="bbox 237 1876 1028 1915">
    <p class='ocr_par' dir='ltr' id='par_1_50' title="bbox 237 1876 1028 1915">
     <span class='ocr_line' id='line_1_50' title="bbox 237 1876 1028 1915; baseline -0.001 -11"><span class='ocrx_word' id='word_1_384' title='bbox 237 1877 372 1905; x_wconf 84' lang='lat' dir='ltr'><strong>sacriﬁcia</strong></span> <span class='ocrx_word' id='word_1_385' title='bbox 391 1878 434 1905; x_wconf 91' lang='lat' dir='ltr'><strong>vel</strong></span> <span class='ocrx_word' id='word_1_386' title='bbox 459 1877 621 1905; x_wconf 85' lang='lat' dir='ltr'><strong>holocausta</strong></span> <span class='ocrx_word' id='word_1_387' title='bbox 639 1876 831 1912; x_wconf 88' lang='lat' dir='ltr'><strong>requirebant;</strong></span> <span class='ocrx_word' id='word_1_388' title='bbox 846 1877 883 1904; x_wconf 91' lang='lat' dir='ltr'><strong>ita</strong></span> <span class='ocrx_word' id='word_1_389' title='bbox 897 1876 970 1915; x_wconf 83' lang='lat' dir='ltr'><strong>enim</strong></span> <span class='ocrx_word' id='word_1_390' title='bbox 991 1876 1028 1904; x_wconf 88' lang='lat' dir='ltr'><strong>lo-</strong></span> 
     </span>
    </p>
   </div>
   <div class='ocr_carea' id='block_1_51' title="bbox 236 1922 1026 1958">
    <p class='ocr_par' dir='ltr' id='par_1_51' title="bbox 236 1922 1026 1958">
     <span class='ocr_line' id='line_1_51' title="bbox 236 1922 1026 1958; baseline -0.001 -9"><span class='ocrx_word' id='word_1_391' title='bbox 236 1926 359 1957; x_wconf 89' lang='lat' dir='ltr'><strong>quuntur</strong></span> <span class='ocrx_word' id='word_1_392' title='bbox 373 1932 380 1950; x_wconf 91' lang='lat'><strong>:</strong></span> <span class='ocrx_word' id='word_1_393' title='bbox 403 1922 465 1950; x_wconf 87' lang='lat' dir='ltr'><strong>Non</strong></span> <span class='ocrx_word' id='word_1_394' title='bbox 480 1927 518 1950; x_wconf 73' lang='lat' dir='ltr'><strong>est</strong></span> <span class='ocrx_word' id='word_1_395' title='bbox 533 1923 605 1950; x_wconf 76' lang='lat' dir='ltr'><strong>locus</strong></span> <span class='ocrx_word' id='word_1_396' title='bbox 629 1922 813 1957; x_wconf 77' lang='lat' dir='ltr'><strong>sacriﬁcandi,</strong></span> <span class='ocrx_word' id='word_1_397' title='bbox 836 1930 916 1958; x_wconf 82' lang='lat' dir='ltr'><strong>neque</strong></span> <span class='ocrx_word' id='word_1_398' title='bbox 927 1922 1026 1955; x_wconf 76' lang='lat' dir='ltr'><strong>hostia,</strong></span> 
     </span>
    </p>
   </div>
   <div class='ocr_carea' id='block_1_52' title="bbox 237 1967 1028 2003">
    <p class='ocr_par' dir='ltr' id='par_1_52' title="bbox 237 1967 1028 2003">
     <span class='ocr_line' id='line_1_52' title="bbox 237 1967 1028 2003; baseline -0.001 -8"><span class='ocrx_word' id='word_1_399' title='bbox 237 1976 318 2002; x_wconf 82' lang='lat' dir='ltr'><strong>neque</strong></span> <span class='ocrx_word' id='word_1_400' title='bbox 340 1968 554 2003; x_wconf 73' lang='lat' dir='ltr'><strong>altare’:quod</strong></span> <span class='ocrx_word' id='word_1_401' title='bbox 576 1968 704 1996; x_wconf 86' lang='lat' dir='ltr'><strong>universa</strong></span> <span class='ocrx_word' id='word_1_402' title='bbox 722 1968 911 2003; x_wconf 86' lang='lat' dir='ltr'><strong>reliquissent.</strong></span> <span class='ocrx_word' id='word_1_403' title='bbox 936 1967 1028 2000; x_wconf 84' lang='lat' dir='ltr'><strong>Quare</strong></span> 
     </span>
    </p>
   </div>
   <div class='ocr_carea' id='block_1_53' title="bbox 237 2014 1027 2050">
    <p class='ocr_par' dir='ltr' id='par_1_53' title="bbox 237 2014 1027 2050">
     <span class='ocr_line' id='line_1_53' title="bbox 237 2014 1027 2050; baseline -0.003 -8"><span class='ocrx_word' id='word_1_404' title='bbox 237 2022 301 2042; x_wconf 86' lang='lat' dir='ltr'><strong>cum</strong></span> <span class='ocrx_word' id='word_1_405' title='bbox 322 2015 459 2050; x_wconf 86' lang='lat' dir='ltr'><strong>ejusmodi</strong></span> <span class='ocrx_word' id='word_1_406' title='bbox 482 2015 590 2043; x_wconf 88' lang='lat' dir='ltr'><strong>laudem</strong></span> <span class='ocrx_word' id='word_1_407' title='bbox 609 2015 708 2042; x_wconf 83' lang='lat' dir='ltr'><strong>oll‘erre</strong></span> <span class='ocrx_word' id='word_1_408' title='bbox 720 2015 831 2046; x_wconf 89' lang='lat' dir='ltr'><strong>vellent,</strong></span> <span class='ocrx_word' id='word_1_409' title='bbox 849 2014 924 2041; x_wconf 90' lang='lat' dir='ltr'><strong>nullo</strong></span> <span class='ocrx_word' id='word_1_410' title='bbox 936 2014 969 2040; x_wconf 87' lang='lat' dir='ltr'><strong>ad</strong></span> <span class='ocrx_word' id='word_1_411' title='bbox 985 2018 1027 2041; x_wconf 78' lang='lat' dir='ltr'><strong>te-</strong></span> 
     </span>
    </p>
   </div>
   <div class='ocr_carea' id='block_1_54' title="bbox 238 2060 1028 2096">
    <p class='ocr_par' dir='ltr' id='par_1_54' title="bbox 238 2060 1028 2096">
     <span class='ocr_line' id='line_1_54' title="bbox 238 2060 1028 2096; baseline -0.003 -9"><span class='ocrx_word' id='word_1_412' title='bbox 238 2061 370 2088; x_wconf 83' lang='lat' dir='ltr'><strong>nuitatem</strong></span> <span class='ocrx_word' id='word_1_413' title='bbox 399 2068 478 2088; x_wconf 90' lang='lat' dir='ltr'><strong>suam</strong></span> <span class='ocrx_word' id='word_1_414' title='bbox 506 2065 633 2096; x_wconf 88' lang='lat' dir='ltr'><strong>respectu</strong></span> <span class='ocrx_word' id='word_1_415' title='bbox 661 2060 773 2092; x_wconf 88' lang='lat' dir='ltr'><strong>habito,</strong></span> <span class='ocrx_word' id='word_1_416' title='bbox 802 2065 910 2087; x_wconf 84' lang='lat' dir='ltr'><strong>summa</strong></span> <span class='ocrx_word' id='word_1_417' title='bbox 936 2062 1028 2086; x_wconf 86' lang='lat' dir='ltr'><strong>tamen</strong></span> 
     </span>
    </p>
   </div>
   <div class='ocr_carea' id='block_1_55' title="bbox 238 2104 1066 2145">
    <p class='ocr_par' dir='ltr' id='par_1_55' title="bbox 238 2104 1066 2145">
     <span class='ocr_line' id='line_1_55' title="bbox 238 2104 1066 2145; baseline -0.004 -11"><span class='ocrx_word' id='word_1_418' title='bbox 238 2114 302 2134; x_wconf 89' lang='lat' dir='ltr'><strong>cum</strong></span> <span class='ocrx_word' id='word_1_419' title='bbox 326 2107 368 2135; x_wconf 90' lang='lat' dir='ltr'><strong>sui</strong></span> <span class='ocrx_word' id='word_1_420' title='bbox 394 2106 563 2134; x_wconf 82' lang='lat' dir='ltr'><strong>demissione</strong></span> <span class='ocrx_word' id='word_1_421' title='bbox 587 2106 696 2134; x_wconf 90' lang='lat' dir='ltr'><strong>divinas</strong></span> <span class='ocrx_word' id='word_1_422' title='bbox 717 2106 745 2133; x_wconf 91' lang='lat' dir='ltr'><strong>in</strong></span> <span class='ocrx_word' id='word_1_423' title='bbox 768 2104 864 2132; x_wconf 89' lang='lat' dir='ltr'><strong>laudes</strong></span> <span class='ocrx_word' id='word_1_424' title='bbox 880 2104 1026 2132; x_wconf 76' lang='lat' dir='ltr'><strong>feruntur:</strong></span> <span class='ocrx_word' id='word_1_425' title='bbox 1044 2117 1066 2145; x_wconf 69' lang='grc' dir='ltr'><strong>ι)</strong></span> 
     </span>
    </p>
   </div>
   <div class='ocr_carea' id='block_1_56' title="bbox 239 2151 1029 2187">
    <p class='ocr_par' dir='ltr' id='par_1_56' title="bbox 239 2151 1029 2187">
     <span class='ocr_line' id='line_1_56' title="bbox 239 2151 1029 2187; baseline 0.001 -9"><span class='ocrx_word' id='word_1_426' title='bbox 239 2152 333 2179; x_wconf 74' lang='lat' dir='ltr'><strong>Omnis</strong></span> <span class='ocrx_word' id='word_1_427' title='bbox 345 2153 415 2179; x_wconf 80' lang='lat' dir='ltr'><strong>enim</strong></span> <span class='ocrx_word' id='word_1_428' title='bbox 440 2153 485 2187; x_wconf 81' lang='lat' dir='ltr'><strong>qui</strong></span> <span class='ocrx_word' id='word_1_429' title='bbox 503 2161 530 2179; x_wconf 77' lang='lat' dir='ltr'><strong>se</strong></span> <span class='ocrx_word' id='word_1_430' title='bbox 549 2151 663 2184; x_wconf 75' lang='lat' dir='ltr'><strong>exultat,</strong></span> <span class='ocrx_word' id='word_1_431' title='bbox 686 2151 890 2183; x_wconf 81' lang='lat' dir='ltr'><strong>Immiliabitur;</strong></span> <span class='ocrx_word' id='word_1_432' title='bbox 909 2155 934 2178; x_wconf 82' lang='lat' dir='ltr'><strong>et</strong></span> <span class='ocrx_word' id='word_1_433' title='bbox 946 2151 1029 2186; x_wconf 79' lang='lat' dir='ltr'><strong>quise</strong></span> 
     </span>
    </p>
   </div>
   <div class='ocr_carea' id='block_1_57' title="bbox 238 2196 1030 2233">
    <p class='ocr_par' dir='ltr' id='par_1_57' title="bbox 238 2196 1030 2233">
     <span class='ocr_line' id='line_1_57' title="bbox 238 2196 1030 2233; baseline 0.001 -9"><span class='ocrx_word' id='word_1_434' title='bbox 238 2198 373 2230; x_wconf 79' lang='lat' dir='ltr'><strong>humiliat,</strong></span> <span class='ocrx_word' id='word_1_435' title='bbox 402 2197 567 2224; x_wconf 75' lang='lat' dir='ltr'><strong>exaltabitur</strong></span> <span class='ocrx_word' id='word_1_436' title='bbox 578 2198 598 2225; x_wconf 68' lang='lat'><strong>‘.</strong></span> <span class='ocrx_word' id='word_1_437' title='bbox 627 2197 685 2225; x_wconf 90' lang='lat' dir='ltr'><strong>lloc</strong></span> <span class='ocrx_word' id='word_1_438' title='bbox 710 2198 798 2233; x_wconf 88' lang='lat' dir='ltr'><strong>ipsum</strong></span> <span class='ocrx_word' id='word_1_439' title='bbox 822 2196 984 2225; x_wconf 83' lang='lat' dir='ltr'><strong>humilitatis</strong></span> <span class='ocrx_word' id='word_1_440' title='bbox 997 2205 1030 2225; x_wconf 87' lang='lat' dir='ltr'><strong>ac</strong></span> 
     </span>
    </p>
   </div>
   <div class='ocr_carea' id='block_1_58' title="bbox 239 2242 1030 2272">
    <p class='ocr_par' dir='ltr' id='par_1_58' title="bbox 239 2242 1030 2272">
     <span class='ocr_line' id='line_1_58' title="bbox 239 2242 1030 2272; baseline 0.001 -1"><span class='ocrx_word' id='word_1_441' title='bbox 239 2244 380 2272; x_wconf 52' lang='lat' dir='ltr'><strong>modestae</strong></span> <span class='ocrx_word' id='word_1_442' title='bbox 398 2244 501 2271; x_wconf 90' lang='lat' dir='ltr'><strong>donum</strong></span> <span class='ocrx_word' id='word_1_443' title='bbox 519 2251 582 2272; x_wconf 87' lang='lat' dir='ltr'><strong>cum</strong></span> <span class='ocrx_word' id='word_1_444' title='bbox 598 2243 696 2272; x_wconf 85' lang='lat' dir='ltr'><strong>salutis</strong></span> <span class='ocrx_word' id='word_1_445' title='bbox 711 2251 769 2271; x_wconf 74' lang='lat' dir='ltr'><strong>sua:</strong></span> <span class='ocrx_word' id='word_1_446' title='bbox 785 2242 919 2271; x_wconf 78' lang='lat' dir='ltr'><strong>beneﬁcio</strong></span> <span class='ocrx_word' id='word_1_447' title='bbox 934 2251 1030 2272; x_wconf 87' lang='lat' dir='ltr'><strong>conse-</strong></span> 
     </span>
    </p>
   </div>
   <div class='ocr_carea' id='block_1_59' title="bbox 1074 867 1865 904">
    <p class='ocr_par' dir='ltr' id='par_1_59' title="bbox 1074 867 1865 904">
     <span class='ocr_line' id='line_1_59' title="bbox 1074 867 1865 904; baseline -0.001 -9"><span class='ocrx_word' id='word_1_448' title='bbox 1074 869 1117 895; x_wconf 79' lang='grc' dir='ltr'>ἀεὶ</span> <span class='ocrx_word' id='word_1_449' title='bbox 1145 868 1220 900; x_wconf 73' lang='grc' dir='ltr'>ὄντα,</span> <span class='ocrx_word' id='word_1_450' title='bbox 1236 868 1296 895; x_wconf 86' lang='grc' dir='ltr'>τινα</span> <span class='ocrx_word' id='word_1_451' title='bbox 1311 869 1340 895; x_wconf 81' lang='grc' dir='ltr'><strong>δὲ</strong></span> <span class='ocrx_word' id='word_1_452' title='bbox 1355 868 1390 895; x_wconf 79' lang='grc' dir='ltr'>τὰ</span> <span class='ocrx_word' id='word_1_453' title='bbox 1412 868 1442 900; x_wconf 80' lang='grc' dir='ltr'>ὲξ</span> <span class='ocrx_word' id='word_1_454' title='bbox 1460 867 1551 896; x_wconf 78' lang='grc' dir='ltr'>αὐτῶν</span> <span class='ocrx_word' id='word_1_455' title='bbox 1578 868 1644 895; x_wconf 71' lang='grc' dir='ltr'>ὅντα</span> <span class='ocrx_word' id='word_1_456' title='bbox 1665 869 1808 904; x_wconf 85' lang='grc' dir='ltr'>γενόμενα.</span> <span class='ocrx_word' id='word_1_457' title='bbox 1832 869 1865 895; x_wconf 80' lang='lat' dir='ltr'><strong>0t</strong></span> 
     </span>
    </p>
   </div>
   <div class='ocr_carea' id='block_1_60' title="bbox 1075 914 1866 950">
    <p class='ocr_par' dir='ltr' id='par_1_60' title="bbox 1075 914 1866 950">
     <span class='ocr_line' id='line_1_60' title="bbox 1075 914 1866 950; baseline 0.001 -10"><span class='ocrx_word' id='word_1_458' title='bbox 1075 915 1190 940; x_wconf 74' lang='grc' dir='ltr'>τοιοῦτοι</span> <span class='ocrx_word' id='word_1_459' title='bbox 1214 914 1346 946; x_wconf 82' lang='grc' dir='ltr'><strong>σωθέντες</strong></span> <span class='ocrx_word' id='word_1_460' title='bbox 1362 915 1455 946; x_wconf 85' lang='grc' dir='ltr'>παῖδες</span> <span class='ocrx_word' id='word_1_461' title='bbox 1470 914 1606 950; x_wconf 74' lang='grc' dir='ltr'><strong>ἠθέλησαν</strong></span> <span class='ocrx_word' id='word_1_462' title='bbox 1623 914 1781 950; x_wconf 83' lang='grc' dir='ltr'><strong>εὐχάριστον</strong></span> <span class='ocrx_word' id='word_1_463' title='bbox 1797 915 1866 941; x_wconf 69' lang='grc' dir='ltr'><strong>ἀπεο-</strong></span> 
     </span>
    </p>
   </div>
   <div class='ocr_carea' id='block_1_61' title="bbox 1075 959 1867 996">
    <p class='ocr_par' dir='ltr' id='par_1_61' title="bbox 1075 959 1867 996">
     <span class='ocr_line' id='line_1_61' title="bbox 1075 959 1867 996; baseline 0 -10"><span class='ocrx_word' id='word_1_464' title='bbox 1075 960 1158 993; x_wconf 78' lang='grc' dir='ltr'>δεῖξαι</span> <span class='ocrx_word' id='word_1_465' title='bbox 1172 959 1284 996; x_wconf 87' lang='grc' dir='ltr'>γνώμην</span> <span class='ocrx_word' id='word_1_466' title='bbox 1303 961 1343 992; x_wconf 84' lang='grc' dir='ltr'><strong>είς</strong></span> <span class='ocrx_word' id='word_1_467' title='bbox 1358 960 1402 987; x_wconf 80' lang='grc' dir='ltr'>τὸν</span> <span class='ocrx_word' id='word_1_468' title='bbox 1419 960 1485 987; x_wconf 82' lang='grc' dir='ltr'>Θεὸν</span> <span class='ocrx_word' id='word_1_469' title='bbox 1504 959 1629 987; x_wconf 78' lang='grc' dir='ltr'><strong>σώσαντα</strong></span> <span class='ocrx_word' id='word_1_470' title='bbox 1644 960 1756 992; x_wconf 82' lang='grc' dir='ltr'>αὐτοὺς.</span> <span class='ocrx_word' id='word_1_471' title='bbox 1777 961 1817 992; x_wconf 85' lang='grc' dir='ltr'><strong>είς</strong></span> <span class='ocrx_word' id='word_1_472' title='bbox 1837 960 1867 987; x_wconf 76' lang='grc' dir='ltr'>ὂν</span> 
     </span>
    </p>
   </div>
   <div class='ocr_carea' id='block_1_62' title="bbox 1075 1005 1867 1041">
    <p class='ocr_par' dir='ltr' id='par_1_62' title="bbox 1075 1005 1867 1041">
     <span class='ocr_line' id='line_1_62' title="bbox 1075 1005 1867 1041; baseline 0 -9"><span class='ocrx_word' id='word_1_473' title='bbox 1075 1005 1204 1040; x_wconf 82' lang='grc' dir='ltr'>ἀπαρχῆς</span> <span class='ocrx_word' id='word_1_474' title='bbox 1229 1005 1359 1041; x_wconf 74' lang='grc' dir='ltr'>ἧλπισαν.</span> <span class='ocrx_word' id='word_1_475' title='bbox 1380 1005 1428 1032; x_wconf 81' lang='grc' dir='ltr'><strong>καὶ</strong></span> <span class='ocrx_word' id='word_1_476' title='bbox 1446 1005 1498 1033; x_wconf 77' lang='grc' dir='ltr'>οὐκ</span> <span class='ocrx_word' id='word_1_477' title='bbox 1510 1005 1664 1036; x_wconf 72' lang='grc' dir='ltr'>ἐδίστασαν.</span> <span class='ocrx_word' id='word_1_478' title='bbox 1688 1006 1739 1032; x_wconf 85' lang='grc' dir='ltr'>οὐκ</span> <span class='ocrx_word' id='word_1_479' title='bbox 1759 1005 1867 1033; x_wconf 82' lang='grc' dir='ltr'>έκλιναν</span> 
     </span>
    </p>
   </div>
   <div class='ocr_carea' id='block_1_63' title="bbox 1075 1050 1866 1087">
    <p class='ocr_par' dir='ltr' id='par_1_63' title="bbox 1075 1050 1866 1087">
     <span class='ocr_line' id='line_1_63' title="bbox 1075 1050 1866 1087; baseline 0.001 -10"><span class='ocrx_word' id='word_1_480' title='bbox 1075 1050 1177 1086; x_wconf 78' lang='grc' dir='ltr'>αὐχένα</span> <span class='ocrx_word' id='word_1_481' title='bbox 1197 1051 1292 1083; x_wconf 80' lang='grc' dir='ltr'>εἰκόνι,</span> <span class='ocrx_word' id='word_1_482' title='bbox 1322 1051 1370 1078; x_wconf 81' lang='grc' dir='ltr'>καὶ</span> <span class='ocrx_word' id='word_1_483' title='bbox 1387 1050 1483 1086; x_wconf 85' lang='grc' dir='ltr'>θράσει</span> <span class='ocrx_word' id='word_1_484' title='bbox 1502 1050 1633 1086; x_wconf 83' lang='grc' dir='ltr'>βασιλέως</span> <span class='ocrx_word' id='word_1_485' title='bbox 1649 1051 1698 1078; x_wconf 75' lang='grc' dir='ltr'><strong>καὶ</strong></span> <span class='ocrx_word' id='word_1_486' title='bbox 1718 1052 1866 1087; x_wconf 84' lang='grc' dir='ltr'>τυραννίδι.</span> 
     </span>
    </p>
   </div>
   <div class='ocr_carea' id='block_1_64' title="bbox 1075 1096 1868 1133">
    <p class='ocr_par' dir='ltr' id='par_1_64' title="bbox 1075 1096 1868 1133">
     <span class='ocr_line' id='line_1_64' title="bbox 1075 1096 1868 1133; baseline 0.003 -11"><span class='ocrx_word' id='word_1_487' title='bbox 1075 1096 1130 1122; x_wconf 79' lang='grc' dir='ltr'><strong>Καὶ</strong></span> <span class='ocrx_word' id='word_1_488' title='bbox 1145 1096 1189 1123; x_wconf 82' lang='grc' dir='ltr'><strong>ὅτε</strong></span> <span class='ocrx_word' id='word_1_489' title='bbox 1202 1096 1338 1131; x_wconf 72' lang='grc' dir='ltr'>ἠθέλησαν</span> <span class='ocrx_word' id='word_1_490' title='bbox 1351 1105 1377 1123; x_wconf 88' lang='grc' dir='ltr'><strong>τι</strong></span> <span class='ocrx_word' id='word_1_491' title='bbox 1393 1097 1539 1132; x_wconf 80' lang='grc' dir='ltr'>ἀπονεῖμαι</span> <span class='ocrx_word' id='word_1_492' title='bbox 1550 1097 1620 1132; x_wconf 84' lang='grc' dir='ltr'><strong>Θεῷ,</strong></span> <span class='ocrx_word' id='word_1_493' title='bbox 1636 1098 1868 1133; x_wconf 84' lang='grc' dir='ltr'>ἁνερευνήσαντες</span> 
     </span>
    </p>
   </div>
   <div class='ocr_carea' id='block_1_65' title="bbox 1075 1141 1866 1179">
    <p class='ocr_par' dir='ltr' id='par_1_65' title="bbox 1075 1141 1866 1179">
     <span class='ocr_line' id='line_1_65' title="bbox 1075 1141 1866 1179; baseline 0.001 -10"><span class='ocrx_word' id='word_1_494' title='bbox 1075 1142 1109 1169; x_wconf 80' lang='grc' dir='ltr'>τὰ</span> <span class='ocrx_word' id='word_1_495' title='bbox 1129 1142 1200 1178; x_wconf 81' lang='grc' dir='ltr'>βάθη</span> <span class='ocrx_word' id='word_1_496' title='bbox 1221 1141 1261 1177; x_wconf 78' lang='grc' dir='ltr'>τῷ</span> <span class='ocrx_word' id='word_1_497' title='bbox 1285 1143 1356 1178; x_wconf 82' lang='grc' dir='ltr'>ἁγίῳ</span> <span class='ocrx_word' id='word_1_498' title='bbox 1377 1143 1515 1178; x_wconf 86' lang='grc' dir='ltr'>Πνεύματι</span> <span class='ocrx_word' id='word_1_499' title='bbox 1541 1143 1570 1170; x_wconf 82' lang='grc' dir='ltr'>ὲν</span> <span class='ocrx_word' id='word_1_500' title='bbox 1593 1145 1627 1179; x_wconf 80' lang='grc' dir='ltr'>τῇ</span> <span class='ocrx_word' id='word_1_501' title='bbox 1653 1143 1766 1179; x_wconf 78' lang='grc' dir='ltr'><strong>καρδίᾳ,</strong></span> <span class='ocrx_word' id='word_1_502' title='bbox 1794 1145 1866 1177; x_wconf 83' lang='grc' dir='ltr'>ἃγιοι</span> 
     </span>
    </p>
   </div>
   <div class='ocr_carea' id='block_1_66' title="bbox 1075 1187 1868 1224">
    <p class='ocr_par' dir='ltr' id='par_1_66' title="bbox 1075 1187 1868 1224">
     <span class='ocr_line' id='line_1_66' title="bbox 1075 1187 1868 1224; baseline 0.001 -10"><span class='ocrx_word' id='word_1_503' title='bbox 1075 1187 1162 1220; x_wconf 75' lang='grc' dir='ltr'>ὅντες,</span> <span class='ocrx_word' id='word_1_504' title='bbox 1177 1187 1364 1223; x_wconf 77' lang='grc' dir='ltr'><strong>διανοηθέντες</strong></span> <span class='ocrx_word' id='word_1_505' title='bbox 1375 1196 1405 1214; x_wconf 87' lang='grc' dir='ltr'><strong>τε</strong></span> <span class='ocrx_word' id='word_1_506' title='bbox 1427 1187 1472 1215; x_wconf 79' lang='grc' dir='ltr'>τὸν</span> <span class='ocrx_word' id='word_1_507' title='bbox 1492 1188 1608 1224; x_wconf 73' lang='grc' dir='ltr'>οὐρανὸν</span> <span class='ocrx_word' id='word_1_508' title='bbox 1623 1188 1670 1215; x_wconf 74' lang='grc' dir='ltr'><strong>καὶ</strong></span> <span class='ocrx_word' id='word_1_509' title='bbox 1687 1189 1776 1216; x_wconf 82' lang='grc' dir='ltr'>πάντα</span> <span class='ocrx_word' id='word_1_510' title='bbox 1790 1189 1825 1215; x_wconf 82' lang='grc' dir='ltr'>τὰ</span> <span class='ocrx_word' id='word_1_511' title='bbox 1840 1190 1868 1215; x_wconf 82' lang='grc' dir='ltr'>ὲν</span> 
     </span>
    </p>
   </div>
   <div class='ocr_carea' id='block_1_67' title="bbox 1075 1233 1868 1270">
    <p class='ocr_par' dir='ltr' id='par_1_67' title="bbox 1075 1233 1868 1270">
     <span class='ocr_line' id='line_1_67' title="bbox 1075 1233 1868 1270; baseline 0.004 -11"><span class='ocrx_word' id='word_1_512' title='bbox 1075 1233 1162 1268; x_wconf 83' lang='grc' dir='ltr'>αὐτῷ,</span> <span class='ocrx_word' id='word_1_513' title='bbox 1176 1234 1226 1269; x_wconf 84' lang='grc' dir='ltr'>τήν</span> <span class='ocrx_word' id='word_1_514' title='bbox 1232 1241 1262 1260; x_wconf 82' lang='grc' dir='ltr'><strong>τε</strong></span> <span class='ocrx_word' id='word_1_515' title='bbox 1276 1234 1329 1269; x_wconf 85' lang='grc' dir='ltr'><strong>γῆν</strong></span> <span class='ocrx_word' id='word_1_516' title='bbox 1347 1235 1394 1261; x_wconf 78' lang='grc' dir='ltr'>καὶ</span> <span class='ocrx_word' id='word_1_517' title='bbox 1405 1234 1495 1262; x_wconf 81' lang='grc' dir='ltr'>πάντα</span> <span class='ocrx_word' id='word_1_518' title='bbox 1504 1234 1538 1261; x_wconf 83' lang='grc' dir='ltr'>τὰ</span> <span class='ocrx_word' id='word_1_519' title='bbox 1554 1234 1600 1260; x_wconf 82' lang='grc' dir='ltr'><strong>ὑπ’</strong></span> <span class='ocrx_word' id='word_1_520' title='bbox 1611 1234 1705 1270; x_wconf 81' lang='grc' dir='ltr'>αὐτὴν,</span> <span class='ocrx_word' id='word_1_521' title='bbox 1719 1234 1766 1262; x_wconf 74' lang='grc' dir='ltr'>καὶ</span> <span class='ocrx_word' id='word_1_522' title='bbox 1779 1235 1868 1262; x_wconf 74' lang='grc' dir='ltr'>πάντα</span> 
     </span>
    </p>
   </div>
   <div class='ocr_carea' id='block_1_68' title="bbox 1075 1278 1869 1317">
    <p class='ocr_par' dir='ltr' id='par_1_68' title="bbox 1075 1278 1869 1317">
     <span class='ocr_line' id='line_1_68' title="bbox 1075 1278 1869 1317; baseline 0.001 -10"><span class='ocrx_word' id='word_1_523' title='bbox 1075 1280 1126 1307; x_wconf 81' lang='grc' dir='ltr'><strong>ὅσα</strong></span> <span class='ocrx_word' id='word_1_524' title='bbox 1143 1280 1211 1314; x_wconf 80' lang='grc' dir='ltr'>ἐστὶ,</span> <span class='ocrx_word' id='word_1_525' title='bbox 1225 1281 1262 1316; x_wconf 86' lang='grc' dir='ltr'>μὴ</span> <span class='ocrx_word' id='word_1_526' title='bbox 1274 1280 1337 1313; x_wconf 75' lang='grc' dir='ltr'>ἄξια</span> <span class='ocrx_word' id='word_1_527' title='bbox 1352 1278 1422 1308; x_wconf 82' lang='grc' dir='ltr'>εἶναι</span> <span class='ocrx_word' id='word_1_528' title='bbox 1440 1282 1479 1313; x_wconf 82' lang='grc' dir='ltr'><strong>είς</strong></span> <span class='ocrx_word' id='word_1_529' title='bbox 1496 1281 1655 1317; x_wconf 83' lang='grc' dir='ltr'>προσφορὰν</span> <span class='ocrx_word' id='word_1_530' title='bbox 1668 1281 1728 1316; x_wconf 84' lang='grc' dir='ltr'><strong>Θεῷ</strong></span> <span class='ocrx_word' id='word_1_531' title='bbox 1739 1290 1869 1317; x_wconf 86' lang='grc' dir='ltr'>προσενε-</span> 
     </span>
    </p>
   </div>
   <div class='ocr_carea' id='block_1_69' title="bbox 1076 1324 1868 1363">
    <p class='ocr_par' dir='ltr' id='par_1_69' title="bbox 1076 1324 1868 1363">
     <span class='ocr_line' id='line_1_69' title="bbox 1076 1324 1868 1363; baseline 0.003 -11"><span class='ocrx_word' id='word_1_532' title='bbox 1076 1326 1173 1362; x_wconf 85' lang='grc' dir='ltr'>χθῆναι</span> <span class='ocrx_word' id='word_1_533' title='bbox 1190 1325 1263 1360; x_wconf 79' lang='grc' dir='ltr'>(οὒτε</span> <span class='ocrx_word' id='word_1_534' title='bbox 1273 1326 1327 1362; x_wconf 84' lang='grc' dir='ltr'>γὰρ</span> <span class='ocrx_word' id='word_1_535' title='bbox 1338 1324 1412 1362; x_wconf 77' lang='grc' dir='ltr'>εἶχον</span> <span class='ocrx_word' id='word_1_536' title='bbox 1427 1326 1552 1359; x_wconf 71' lang='grc' dir='ltr'>ἐξουσίαν</span> <span class='ocrx_word' id='word_1_537' title='bbox 1561 1327 1596 1354; x_wconf 82' lang='grc' dir='ltr'>τὰ</span> <span class='ocrx_word' id='word_1_538' title='bbox 1608 1327 1678 1362; x_wconf 80' lang='grc' dir='ltr'><strong>ὑπὲρ</strong></span> <span class='ocrx_word' id='word_1_539' title='bbox 1689 1328 1802 1359; x_wconf 77' lang='grc' dir='ltr'>ἑαυτοὺς</span> <span class='ocrx_word' id='word_1_540' title='bbox 1809 1327 1868 1363; x_wconf 82' lang='grc' dir='ltr'><strong>θεῷ</strong></span> 
     </span>
    </p>
   </div>
   <div class='ocr_carea' id='block_1_70' title="bbox 1076 1371 1868 1409">
    <p class='ocr_par' dir='ltr' id='par_1_70' title="bbox 1076 1371 1868 1409">
     <span class='ocr_line' id='line_1_70' title="bbox 1076 1371 1868 1409; baseline 0.004 -12"><span class='ocrx_word' id='word_1_541' title='bbox 1076 1371 1251 1407; x_wconf 79' lang='grc' dir='ltr'><strong>προσφέρειν)</strong></span> <span class='ocrx_word' id='word_1_542' title='bbox 1274 1372 1321 1399; x_wconf 78' lang='grc' dir='ltr'><strong>καὶ</strong></span> <span class='ocrx_word' id='word_1_543' title='bbox 1345 1372 1417 1399; x_wconf 85' lang='grc' dir='ltr'>κατὰ</span> <span class='ocrx_word' id='word_1_544' title='bbox 1434 1372 1483 1407; x_wconf 84' lang='grc' dir='ltr'>τὴν</span> <span class='ocrx_word' id='word_1_545' title='bbox 1503 1372 1582 1405; x_wconf 77' lang='grc' dir='ltr'>ἀξίαν</span> <span class='ocrx_word' id='word_1_546' title='bbox 1600 1373 1650 1408; x_wconf 77' lang='grc' dir='ltr'>μὲν</span> <span class='ocrx_word' id='word_1_547' title='bbox 1666 1373 1713 1399; x_wconf 80' lang='grc' dir='ltr'>καὶ</span> <span class='ocrx_word' id='word_1_548' title='bbox 1732 1373 1803 1400; x_wconf 79' lang='grc' dir='ltr'>κατὰ</span> <span class='ocrx_word' id='word_1_549' title='bbox 1819 1374 1868 1409; x_wconf 80' lang='grc' dir='ltr'>τὴν</span> 
     </span>
    </p>
   </div>
   <div class='ocr_carea' id='block_1_71' title="bbox 1077 1417 1868 1454">
    <p class='ocr_par' dir='ltr' id='par_1_71' title="bbox 1077 1417 1868 1454">
     <span class='ocr_line' id='line_1_71' title="bbox 1077 1417 1868 1454; baseline 0.003 -10"><span class='ocrx_word' id='word_1_550' title='bbox 1077 1417 1201 1450; x_wconf 74' lang='grc' dir='ltr'>ἐξουσίαν</span> <span class='ocrx_word' id='word_1_551' title='bbox 1227 1418 1352 1450; x_wconf 81' lang='grc' dir='ltr'>θέλοντες</span> <span class='ocrx_word' id='word_1_552' title='bbox 1383 1417 1463 1453; x_wconf 87' lang='grc' dir='ltr'>μόνον</span> <span class='ocrx_word' id='word_1_553' title='bbox 1493 1417 1588 1454; x_wconf 83' lang='grc' dir='ltr'>ὕμνοις</span> <span class='ocrx_word' id='word_1_554' title='bbox 1606 1419 1700 1454; x_wconf 84' lang='grc' dir='ltr'><strong>ὑμνεῖν</strong></span> <span class='ocrx_word' id='word_1_555' title='bbox 1723 1419 1769 1446; x_wconf 78' lang='grc' dir='ltr'>τὸν</span> <span class='ocrx_word' id='word_1_556' title='bbox 1791 1419 1868 1446; x_wconf 83' lang='grc' dir='ltr'>Θεόν.</span> 
     </span>
    </p>
   </div>
   <div class='ocr_carea' id='block_1_72' title="bbox 1079 1463 1871 1500">
    <p class='ocr_par' dir='ltr' id='par_1_72' title="bbox 1079 1463 1871 1500">
     <span class='ocr_line' id='line_1_72' title="bbox 1079 1463 1871 1500; baseline 0.001 -10"><span class='ocrx_word' id='word_1_557' title='bbox 1079 1463 1164 1490; x_wconf 80' lang='grc' dir='ltr'>Τοῦτο</span> <span class='ocrx_word' id='word_1_558' title='bbox 1178 1463 1232 1499; x_wconf 83' lang='grc' dir='ltr'><strong>γάρ</strong></span> <span class='ocrx_word' id='word_1_559' title='bbox 1259 1464 1318 1490; x_wconf 74' lang='grc' dir='ltr'>ἐστι.</span> <span class='ocrx_word' id='word_1_560' title='bbox 1338 1463 1369 1490; x_wconf 77' lang='grc' dir='ltr'>τὸ</span> <span class='ocrx_word' id='word_1_561' title='bbox 1398 1463 1605 1500; x_wconf 80' lang='grc' dir='ltr'><strong>γεγραμμένον⁶</strong></span> <span class='ocrx_word' id='word_1_562' title='bbox 1625 1464 1741 1491; x_wconf 75' lang='grc' dir='ltr'>Θύσατε</span> <span class='ocrx_word' id='word_1_563' title='bbox 1758 1465 1871 1492; x_wconf 84' lang='grc' dir='ltr'>θυσίαν</span> 
     </span>
    </p>
   </div>
   <div class='ocr_carea' id='block_1_73' title="bbox 1078 1510 1871 1547">
    <p class='ocr_par' dir='ltr' id='par_1_73' title="bbox 1078 1510 1871 1547">
     <span class='ocr_line' id='line_1_73' title="bbox 1078 1510 1871 1547; baseline 0 -9"><span class='ocrx_word' id='word_1_564' title='bbox 1078 1511 1234 1544; x_wconf 82' lang='grc' dir='ltr'>αίνέσεως·</span> <span class='ocrx_word' id='word_1_565' title='bbox 1257 1511 1314 1542; x_wconf 74' lang='grc' dir='ltr'>καὶ.</span> <span class='ocrx_word' id='word_1_566' title='bbox 1332 1511 1428 1538; x_wconf 84' lang='grc' dir='ltr'>Θυσία</span> <span class='ocrx_word' id='word_1_567' title='bbox 1446 1511 1590 1544; x_wconf 73' lang='grc' dir='ltr'>αἰνέσεως</span> <span class='ocrx_word' id='word_1_568' title='bbox 1604 1510 1726 1543; x_wconf 76' lang='grc' dir='ltr'>δοξάσει</span> <span class='ocrx_word' id='word_1_569' title='bbox 1739 1520 1787 1546; x_wconf 81' lang='grc' dir='ltr'><strong>με.</strong></span> <span class='ocrx_word' id='word_1_570' title='bbox 1799 1512 1871 1547; x_wconf 81' lang='grc' dir='ltr'><strong>Ἤδη</strong></span> 
     </span>
    </p>
   </div>
   <div class='ocr_carea' id='block_1_74' title="bbox 1079 1555 1869 1592">
    <p class='ocr_par' dir='ltr' id='par_1_74' title="bbox 1079 1555 1869 1592">
     <span class='ocr_line' id='line_1_74' title="bbox 1079 1555 1869 1592; baseline -0.001 -9"><span class='ocrx_word' id='word_1_571' title='bbox 1079 1556 1133 1592; x_wconf 85' lang='grc' dir='ltr'><strong>γὰρ</strong></span> <span class='ocrx_word' id='word_1_572' title='bbox 1148 1556 1346 1592; x_wconf 74' lang='grc' dir='ltr'>μεταϐαλόντες</span> <span class='ocrx_word' id='word_1_573' title='bbox 1361 1556 1410 1592; x_wconf 74' lang='grc' dir='ltr'>τὴν</span> <span class='ocrx_word' id='word_1_574' title='bbox 1421 1555 1542 1584; x_wconf 67' lang='grc' dir='ltr'>Παλαιὰν</span> <span class='ocrx_word' id='word_1_575' title='bbox 1561 1557 1601 1588; x_wconf 81' lang='grc' dir='ltr'><strong>είς</strong></span> <span class='ocrx_word' id='word_1_576' title='bbox 1611 1556 1716 1592; x_wconf 83' lang='grc' dir='ltr'>Καινὴν</span> <span class='ocrx_word' id='word_1_577' title='bbox 1727 1556 1869 1591; x_wconf 84' lang='grc' dir='ltr'>Διαθήκην</span> 
     </span>
    </p>
   </div>
   <div class='ocr_carea' id='block_1_75' title="bbox 1079 1601 1872 1637">
    <p class='ocr_par' dir='ltr' id='par_1_75' title="bbox 1079 1601 1872 1637">
     <span class='ocr_line' id='line_1_75' title="bbox 1079 1601 1872 1637; baseline 0.001 -10"><span class='ocrx_word' id='word_1_578' title='bbox 1079 1601 1220 1637; x_wconf 86' lang='grc' dir='ltr'>Πνεύματι</span> <span class='ocrx_word' id='word_1_579' title='bbox 1231 1601 1301 1636; x_wconf 82' lang='grc' dir='ltr'>ἁγίῳ</span> <span class='ocrx_word' id='word_1_580' title='bbox 1311 1601 1534 1636; x_wconf 84' lang='grc' dir='ltr'>ὑπονυττόμενοι,</span> <span class='ocrx_word' id='word_1_581' title='bbox 1548 1603 1579 1628; x_wconf 86' lang='grc' dir='ltr'>οὑ</span> <span class='ocrx_word' id='word_1_582' title='bbox 1594 1601 1672 1633; x_wconf 82' lang='grc' dir='ltr'>ζώων</span> <span class='ocrx_word' id='word_1_583' title='bbox 1688 1601 1793 1634; x_wconf 79' lang='grc' dir='ltr'>θυσίαν,</span> <span class='ocrx_word' id='word_1_584' title='bbox 1808 1601 1872 1628; x_wconf 73' lang='grc' dir='ltr'><strong>οὐδὲ</strong></span> 
     </span>
    </p>
   </div>
   <div class='ocr_carea' id='block_1_76' title="bbox 1078 1647 1873 1683">
    <p class='ocr_par' dir='ltr' id='par_1_76' title="bbox 1078 1647 1873 1683">
     <span class='ocr_line' id='line_1_76' title="bbox 1078 1647 1873 1683; baseline 0 -9"><span class='ocrx_word' id='word_1_585' title='bbox 1078 1647 1311 1683; x_wconf 80' lang='grc' dir='ltr'>ὁλοκαυτωμάτων</span> <span class='ocrx_word' id='word_1_586' title='bbox 1338 1648 1432 1682; x_wconf 79' lang='grc' dir='ltr'>χρείαν</span> <span class='ocrx_word' id='word_1_587' title='bbox 1455 1647 1579 1682; x_wconf 81' lang='grc' dir='ltr'>ἔχοντες·</span> <span class='ocrx_word' id='word_1_588' title='bbox 1609 1648 1675 1682; x_wconf 80' lang='grc' dir='ltr'>φασὶ</span> <span class='ocrx_word' id='word_1_589' title='bbox 1709 1647 1782 1683; x_wconf 83' lang='grc' dir='ltr'><strong>γάρ·</strong></span> <span class='ocrx_word' id='word_1_590' title='bbox 1810 1649 1873 1674; x_wconf 81' lang='grc' dir='ltr'><strong>Οὐκ</strong></span> 
     </span>
    </p>
   </div>
   <div class='ocr_carea' id='block_1_77' title="bbox 1079 1693 1873 1728">
    <p class='ocr_par' dir='ltr' id='par_1_77' title="bbox 1079 1693 1873 1728">
     <span class='ocr_line' id='line_1_77' title="bbox 1079 1693 1873 1728; baseline 0 -8"><span class='ocrx_word' id='word_1_591' title='bbox 1079 1694 1145 1721; x_wconf 80' lang='grc' dir='ltr'>ἐστι</span> <span class='ocrx_word' id='word_1_592' title='bbox 1160 1694 1252 1726; x_wconf 83' lang='grc' dir='ltr'>τόπος</span> <span class='ocrx_word' id='word_1_593' title='bbox 1262 1693 1315 1720; x_wconf 84' lang='grc' dir='ltr'>τοῦ</span> <span class='ocrx_word' id='word_1_594' title='bbox 1329 1693 1497 1728; x_wconf 77' lang='grc' dir='ltr'>καρπῶσαι,</span> <span class='ocrx_word' id='word_1_595' title='bbox 1514 1693 1585 1720; x_wconf 82' lang='grc' dir='ltr'><strong>οὐδὲ</strong></span> <span class='ocrx_word' id='word_1_596' title='bbox 1603 1693 1704 1725; x_wconf 80' lang='grc' dir='ltr'>θυσία,</span> <span class='ocrx_word' id='word_1_597' title='bbox 1726 1693 1798 1720; x_wconf 78' lang='grc' dir='ltr'><strong>οὐδὲ</strong></span> <span class='ocrx_word' id='word_1_598' title='bbox 1820 1695 1873 1720; x_wconf 88' lang='grc' dir='ltr'>θυ-</span> 
     </span>
    </p>
   </div>
   <div class='ocr_carea' id='block_1_78' title="bbox 1080 1739 1874 1775">
    <p class='ocr_par' dir='ltr' id='par_1_78' title="bbox 1080 1739 1874 1775">
     <span class='ocr_line' id='line_1_78' title="bbox 1080 1739 1874 1775; baseline -0.003 -8"><span class='ocrx_word' id='word_1_599' title='bbox 1080 1739 1267 1774; x_wconf 81' lang='grc' dir='ltr'>σιαστήριον,</span> <span class='ocrx_word' id='word_1_600' title='bbox 1283 1739 1320 1771; x_wconf 79' lang='grc' dir='ltr'><strong>ὡς</strong></span> <span class='ocrx_word' id='word_1_601' title='bbox 1331 1739 1384 1766; x_wconf 86' lang='grc' dir='ltr'>τῶν</span> <span class='ocrx_word' id='word_1_602' title='bbox 1393 1739 1501 1766; x_wconf 86' lang='grc' dir='ltr'>πάντων</span> <span class='ocrx_word' id='word_1_603' title='bbox 1517 1739 1745 1775; x_wconf 80' lang='grc' dir='ltr'>περιλειφθέντων</span> <span class='ocrx_word' id='word_1_604' title='bbox 1763 1739 1773 1754; x_wconf 84' lang='grc'><strong>⁸</strong></span> <span class='ocrx_word' id='word_1_605' title='bbox 1787 1747 1794 1753; x_wconf 91' lang='grc'><strong>·</strong></span> <span class='ocrx_word' id='word_1_606' title='bbox 1811 1739 1874 1774; x_wconf 83' lang='grc' dir='ltr'>βου-</span> 
     </span>
    </p>
   </div>
   <div class='ocr_carea' id='block_1_79' title="bbox 1080 1784 1874 1820">
    <p class='ocr_par' dir='ltr' id='par_1_79' title="bbox 1080 1784 1874 1820">
     <span class='ocr_line' id='line_1_79' title="bbox 1080 1784 1874 1820; baseline 0 -9"><span class='ocrx_word' id='word_1_607' title='bbox 1080 1785 1188 1820; x_wconf 86' lang='grc' dir='ltr'>λόμενοι</span> <span class='ocrx_word' id='word_1_608' title='bbox 1215 1785 1244 1811; x_wconf 77' lang='grc' dir='ltr'><strong>δὲ</strong></span> <span class='ocrx_word' id='word_1_609' title='bbox 1268 1784 1318 1820; x_wconf 80' lang='grc' dir='ltr'>τὴν</span> <span class='ocrx_word' id='word_1_610' title='bbox 1339 1784 1467 1820; x_wconf 84' lang='grc' dir='ltr'>τοιαύτην</span> <span class='ocrx_word' id='word_1_611' title='bbox 1490 1784 1593 1811; x_wconf 81' lang='grc' dir='ltr'>αίνεσιν</span> <span class='ocrx_word' id='word_1_612' title='bbox 1615 1784 1798 1820; x_wconf 75' lang='grc' dir='ltr'>προσφέρειν,</span> <span class='ocrx_word' id='word_1_613' title='bbox 1823 1785 1874 1812; x_wconf 79' lang='grc' dir='ltr'><strong>καὶ</strong></span> 
     </span>
    </p>
   </div>
   <div class='ocr_carea' id='block_1_80' title="bbox 1081 1831 1874 1867">
    <p class='ocr_par' dir='ltr' id='par_1_80' title="bbox 1081 1831 1874 1867">
     <span class='ocr_line' id='line_1_80' title="bbox 1081 1831 1874 1867; baseline -0.001 -9"><span class='ocrx_word' id='word_1_614' title='bbox 1081 1832 1210 1863; x_wconf 77' lang='grc' dir='ltr'>ἐάσαντες</span> <span class='ocrx_word' id='word_1_615' title='bbox 1230 1831 1280 1867; x_wconf 84' lang='grc' dir='ltr'>τὴν</span> <span class='ocrx_word' id='word_1_616' title='bbox 1300 1831 1404 1858; x_wconf 79' lang='grc' dir='ltr'>ἑαυτῶν</span> <span class='ocrx_word' id='word_1_617' title='bbox 1430 1831 1616 1867; x_wconf 77' lang='grc' dir='ltr'>σμικρότητα,</span> <span class='ocrx_word' id='word_1_618' title='bbox 1649 1831 1874 1867; x_wconf 83' lang='grc' dir='ltr'>ταπεινοφρόνως</span> 
     </span>
    </p>
   </div>
   <div class='ocr_carea' id='block_1_81' title="bbox 1081 1877 1872 1913">
    <p class='ocr_par' dir='ltr' id='par_1_81' title="bbox 1081 1877 1872 1913">
     <span class='ocr_line' id='line_1_81' title="bbox 1081 1877 1872 1913; baseline 0 -9"><span class='ocrx_word' id='word_1_619' title='bbox 1081 1877 1218 1913; x_wconf 76' lang='grc' dir='ltr'>φέρονται.</span> <span class='ocrx_word' id='word_1_620' title='bbox 1234 1877 1297 1911; x_wconf 83' lang='grc' dir='ltr'><strong>Πᾶς</strong></span> <span class='ocrx_word' id='word_1_621' title='bbox 1311 1877 1367 1912; x_wconf 76' lang='grc' dir='ltr'><strong>γὰρ</strong></span> <span class='ocrx_word' id='word_1_622' title='bbox 1387 1879 1403 1905; x_wconf 81' lang='grc' dir='ltr'><strong><em>ό</em></strong></span> <span class='ocrx_word' id='word_1_623' title='bbox 1417 1877 1506 1912; x_wconf 73' lang='grc' dir='ltr'><strong>ὑψῶν</strong></span> <span class='ocrx_word' id='word_1_624' title='bbox 1519 1877 1629 1904; x_wconf 79' lang='grc' dir='ltr'>ἑαυτὸν</span> <span class='ocrx_word' id='word_1_625' title='bbox 1650 1877 1872 1910; x_wconf 74' lang='grc' dir='ltr'>ταπεινωθήσε-</span> 
     </span>
    </p>
   </div>
   <div class='ocr_carea' id='block_1_82' title="bbox 1080 1922 1874 1957">
    <p class='ocr_par' dir='ltr' id='par_1_82' title="bbox 1080 1922 1874 1957">
     <span class='ocr_line' id='line_1_82' title="bbox 1080 1922 1874 1957; baseline -0.001 -7"><span class='ocrx_word' id='word_1_626' title='bbox 1080 1931 1147 1950; x_wconf 82' lang='grc' dir='ltr'>ται·</span> <span class='ocrx_word' id='word_1_627' title='bbox 1171 1924 1188 1951; x_wconf 84' lang='grc' dir='ltr'><em>ό</em></span> <span class='ocrx_word' id='word_1_628' title='bbox 1211 1923 1246 1950; x_wconf 84' lang='grc' dir='ltr'><strong>δὲ</strong></span> <span class='ocrx_word' id='word_1_629' title='bbox 1269 1922 1419 1951; x_wconf 75' lang='grc' dir='ltr'>ταπεινῶν</span> <span class='ocrx_word' id='word_1_630' title='bbox 1441 1922 1550 1950; x_wconf 78' lang='grc' dir='ltr'>ἑαυτὸν</span> <span class='ocrx_word' id='word_1_631' title='bbox 1573 1923 1775 1957; x_wconf 74' lang='grc' dir='ltr'>ὑψωθήσεται,</span> <span class='ocrx_word' id='word_1_632' title='bbox 1794 1923 1874 1950; x_wconf 81' lang='grc' dir='ltr'>Μετὰ</span> 
     </span>
    </p>
   </div>
   <div class='ocr_carea' id='block_1_83' title="bbox 1080 1968 1873 2005">
    <p class='ocr_par' dir='ltr' id='par_1_83' title="bbox 1080 1968 1873 2005">
     <span class='ocr_line' id='line_1_83' title="bbox 1080 1968 1873 2005; baseline 0 -10"><span class='ocrx_word' id='word_1_633' title='bbox 1080 1968 1127 1995; x_wconf 83' lang='grc' dir='ltr'><strong>τοῦ</strong></span> <span class='ocrx_word' id='word_1_634' title='bbox 1153 1969 1322 2005; x_wconf 84' lang='grc' dir='ltr'>χαρίσματος</span> <span class='ocrx_word' id='word_1_635' title='bbox 1345 1969 1394 2004; x_wconf 81' lang='grc' dir='ltr'>τῆς</span> <span class='ocrx_word' id='word_1_636' title='bbox 1413 1968 1497 1996; x_wconf 78' lang='grc' dir='ltr'>αὐτοῦ</span> <span class='ocrx_word' id='word_1_637' title='bbox 1525 1969 1673 2005; x_wconf 85' lang='grc' dir='ltr'>σωτηρίας,</span> <span class='ocrx_word' id='word_1_638' title='bbox 1701 1968 1873 2004; x_wconf 68' lang='grc' dir='ltr'>λαμὸάνουσι</span> 
     </span>
    </p>
   </div>
   <div class='ocr_carea' id='block_1_84' title="bbox 1081 2014 1873 2050">
    <p class='ocr_par' dir='ltr' id='par_1_84' title="bbox 1081 2014 1873 2050">
     <span class='ocr_line' id='line_1_84' title="bbox 1081 2014 1873 2050; baseline -0.001 -9"><span class='ocrx_word' id='word_1_639' title='bbox 1081 2014 1129 2041; x_wconf 73' lang='grc' dir='ltr'>καὶ</span> <span class='ocrx_word' id='word_1_640' title='bbox 1155 2014 1257 2050; x_wconf 87' lang='grc' dir='ltr'>ταύτην</span> <span class='ocrx_word' id='word_1_641' title='bbox 1280 2014 1329 2050; x_wconf 81' lang='grc' dir='ltr'>τὴν</span> <span class='ocrx_word' id='word_1_642' title='bbox 1356 2014 1461 2050; x_wconf 86' lang='grc' dir='ltr'>δωρεὰν</span> <span class='ocrx_word' id='word_1_643' title='bbox 1476 2014 1525 2050; x_wconf 87' lang='grc' dir='ltr'>τῆς</span> <span class='ocrx_word' id='word_1_644' title='bbox 1545 2014 1805 2050; x_wconf 81' lang='grc' dir='ltr'>ταπεινοφροσύνης,</span> <span class='ocrx_word' id='word_1_645' title='bbox 1826 2015 1873 2041; x_wconf 80' lang='grc' dir='ltr'><strong>καὶ</strong></span> 
     </span>
    </p>
   </div>
   <div class='ocr_carea' id='block_1_85' title="bbox 1082 2057 1874 2095">
    <p class='ocr_par' dir='ltr' id='par_1_85' title="bbox 1082 2057 1874 2095">
     <span class='ocr_line' id='line_1_85' title="bbox 1082 2057 1874 2095; baseline 0 -9"><span class='ocrx_word' id='word_1_646' title='bbox 1082 2059 1222 2094; x_wconf 84' lang='grc' dir='ltr'>βούλονται</span> <span class='ocrx_word' id='word_1_647' title='bbox 1241 2059 1287 2086; x_wconf 82' lang='grc' dir='ltr'>τὸν</span> <span class='ocrx_word' id='word_1_648' title='bbox 1314 2057 1389 2086; x_wconf 85' lang='grc' dir='ltr'>αῐνον</span> <span class='ocrx_word' id='word_1_649' title='bbox 1407 2059 1467 2095; x_wconf 87' lang='grc' dir='ltr'><strong>Θεῷ</strong></span> <span class='ocrx_word' id='word_1_650' title='bbox 1490 2059 1666 2095; x_wconf 75' lang='grc' dir='ltr'>προσφέρειν,</span> <span class='ocrx_word' id='word_1_651' title='bbox 1680 2060 1728 2086; x_wconf 81' lang='grc' dir='ltr'><strong>καὶ</strong></span> <span class='ocrx_word' id='word_1_652' title='bbox 1741 2059 1779 2094; x_wconf 87' lang='grc' dir='ltr'>μὴ</span> <span class='ocrx_word' id='word_1_653' title='bbox 1789 2060 1874 2086; x_wconf 76' lang='grc' dir='ltr'>ἐκκα-</span> 
     </span>
    </p>
   </div>
   <div class='ocr_carea' id='block_1_86' title="bbox 1081 2105 1873 2141">
    <p class='ocr_par' dir='ltr' id='par_1_86' title="bbox 1081 2105 1873 2141">
     <span class='ocr_line' id='line_1_86' title="bbox 1081 2105 1873 2141; baseline 0.001 -10"><span class='ocrx_word' id='word_1_654' title='bbox 1081 2106 1149 2138; x_wconf 85' lang='grc' dir='ltr'><strong>κείν,</strong></span> <span class='ocrx_word' id='word_1_655' title='bbox 1165 2105 1212 2132; x_wconf 71' lang='grc' dir='ltr'>καὶ</span> <span class='ocrx_word' id='word_1_656' title='bbox 1237 2106 1351 2137; x_wconf 78' lang='grc' dir='ltr'>ἑαυτοὺς</span> <span class='ocrx_word' id='word_1_657' title='bbox 1368 2105 1423 2141; x_wconf 79' lang='grc'><strong>(25)</strong></span> <span class='ocrx_word' id='word_1_658' title='bbox 1439 2105 1642 2141; x_wconf 84' lang='grc' dir='ltr'>δοκιμάσαντας</span> <span class='ocrx_word' id='word_1_659' title='bbox 1667 2105 1735 2141; x_wconf 84' lang='grc' dir='ltr'>πρὸς</span> <span class='ocrx_word' id='word_1_660' title='bbox 1759 2107 1810 2140; x_wconf 83' lang='grc' dir='ltr'>τὴν</span> <span class='ocrx_word' id='word_1_661' title='bbox 1825 2106 1873 2133; x_wconf 70' lang='grc' dir='ltr'>τοῦ</span> 
     </span>
    </p>
   </div>
   <div class='ocr_carea' id='block_1_87' title="bbox 1081 2151 1874 2188">
    <p class='ocr_par' dir='ltr' id='par_1_87' title="bbox 1081 2151 1874 2188">
     <span class='ocr_line' id='line_1_87' title="bbox 1081 2151 1874 2188; baseline 0 -10"><span class='ocrx_word' id='word_1_662' title='bbox 1081 2152 1149 2179; x_wconf 84' lang='grc' dir='ltr'>Θεοῦ</span> <span class='ocrx_word' id='word_1_663' title='bbox 1176 2152 1295 2188; x_wconf 82' lang='grc' dir='ltr'>ἄρῤητον</span> <span class='ocrx_word' id='word_1_664' title='bbox 1321 2151 1488 2186; x_wconf 78' lang='grc' dir='ltr'>δοξολογίαν,</span> <span class='ocrx_word' id='word_1_665' title='bbox 1505 2151 1612 2183; x_wconf 77' lang='grc' dir='ltr'>ἀξιοῦσι</span> <span class='ocrx_word' id='word_1_666' title='bbox 1645 2151 1874 2187; x_wconf 79' lang='grc' dir='ltr'>συμπαραλαϐεἰν</span> 
     </span>
    </p>
   </div>
   <div class='ocr_carea' id='block_1_88' title="bbox 1083 2196 1874 2233">
    <p class='ocr_par' dir='ltr' id='par_1_88' title="bbox 1083 2196 1874 2233">
     <span class='ocr_line' id='line_1_88' title="bbox 1083 2196 1874 2233; baseline 0 -9"><span class='ocrx_word' id='word_1_667' title='bbox 1083 2197 1142 2233; x_wconf 86' lang='grc' dir='ltr'>μεθ’</span> <span class='ocrx_word' id='word_1_668' title='bbox 1156 2198 1260 2225; x_wconf 78' lang='grc' dir='ltr'>ἑαυτῶν</span> <span class='ocrx_word' id='word_1_669' title='bbox 1274 2198 1322 2233; x_wconf 85' lang='grc' dir='ltr'>τὴν</span> <span class='ocrx_word' id='word_1_670' title='bbox 1347 2197 1436 2224; x_wconf 83' lang='grc' dir='ltr'>κτίσιν</span> <span class='ocrx_word' id='word_1_671' title='bbox 1446 2198 1486 2229; x_wconf 86' lang='grc' dir='ltr'><strong>είς</strong></span> <span class='ocrx_word' id='word_1_672' title='bbox 1505 2196 1669 2231; x_wconf 83' lang='grc' dir='ltr'>δοξολογίαν,</span> <span class='ocrx_word' id='word_1_673' title='bbox 1682 2197 1730 2224; x_wconf 80' lang='grc' dir='ltr'>καὶ</span> <span class='ocrx_word' id='word_1_674' title='bbox 1743 2197 1874 2233; x_wconf 84' lang='grc' dir='ltr'>ἄρχονται</span> 
     </span>
    </p>
   </div>
   <div class='ocr_carea' id='block_1_89' title="bbox 1080 2243 1734 2279">
    <p class='ocr_par' dir='ltr' id='par_1_89' title="bbox 1080 2243 1734 2279">
     <span class='ocr_line' id='line_1_89' title="bbox 1080 2243 1734 2279; baseline 0 -9"><span class='ocrx_word' id='word_1_675' title='bbox 1080 2243 1180 2278; x_wconf 83' lang='grc' dir='ltr'>λέγειν,</span> <span class='ocrx_word' id='word_1_676' title='bbox 1193 2252 1224 2270; x_wconf 89' lang='grc' dir='ltr'><strong>συ</strong></span> <span class='ocrx_word' id='word_1_677' title='bbox 1229 2243 1431 2279; x_wconf 80' lang='grc' dir='ltr'>μπεριληφότες</span> <span class='ocrx_word' id='word_1_678' title='bbox 1447 2245 1537 2270; x_wconf 84' lang='grc' dir='ltr'>πᾶσαν</span> <span class='ocrx_word' id='word_1_679' title='bbox 1551 2243 1601 2278; x_wconf 85' lang='grc' dir='ltr'>τὴν</span> <span class='ocrx_word' id='word_1_680' title='bbox 1616 2243 1734 2278; x_wconf 87' lang='grc' dir='ltr'>ποίησιν.</span> 
     </span>
    </p>
   </div>
   <div class='ocr_carea' id='block_1_90' title="bbox 238 2287 1873 2325">
    <p class='ocr_par' dir='ltr' id='par_1_90' title="bbox 238 2287 1873 2325">
     <span class='ocr_line' id='line_1_90' title="bbox 238 2287 1873 2325; baseline -0.002 -8"><span class='ocrx_word' id='word_1_681' title='bbox 238 2291 307 2321; x_wconf 88' lang='lat' dir='ltr'><strong>cuti,</strong></span> <span class='ocrx_word' id='word_1_682' title='bbox 325 2289 408 2318; x_wconf 87' lang='lat' dir='ltr'><strong>Deutn</strong></span> <span class='ocrx_word' id='word_1_683' title='bbox 431 2290 558 2318; x_wconf 85' lang='lat' dir='ltr'><strong>laudibus</strong></span> <span class='ocrx_word' id='word_1_684' title='bbox 574 2289 716 2325; x_wconf 88' lang='lat' dir='ltr'><strong>prosequi,</strong></span> <span class='ocrx_word' id='word_1_685' title='bbox 740 2297 829 2324; x_wconf 86' lang='lat' dir='ltr'><strong>neque</strong></span> <span class='ocrx_word' id='word_1_686' title='bbox 849 2289 972 2325; x_wconf 83' lang='lat' dir='ltr'><strong>ingratos</strong></span> <span class='ocrx_word' id='word_1_687' title='bbox 1008 2297 1039 2317; x_wconf 85' lang='lat' dir='ltr'><strong>se</strong></span> <span class='ocrx_word' id='word_1_688' title='bbox 1077 2289 1200 2324; x_wconf 59' lang='lat' dir='ltr'><strong>praebere</strong></span> <span class='ocrx_word' id='word_1_689' title='bbox 1229 2288 1366 2316; x_wconf 86' lang='lat' dir='ltr'><strong>student:</strong></span> <span class='ocrx_word' id='word_1_690' title='bbox 1385 2295 1505 2324; x_wconf 89' lang='lat' dir='ltr'><strong>cumque</strong></span> <span class='ocrx_word' id='word_1_691' title='bbox 1533 2296 1563 2316; x_wconf 89' lang='lat' dir='ltr'><strong>se</strong></span> <span class='ocrx_word' id='word_1_692' title='bbox 1586 2287 1621 2315; x_wconf 87' lang='lat' dir='ltr'><strong>ad</strong></span> <span class='ocrx_word' id='word_1_693' title='bbox 1651 2287 1873 2322; x_wconf 77' lang='lat' dir='ltr'><strong>inexplicabilem</strong></span> 
     </span>
    </p>
   </div>
   <div class='ocr_carea' id='block_1_91' title="bbox 239 2335 1873 2374">
    <p class='ocr_par' dir='ltr' id='par_1_91' title="bbox 239 2335 1873 2374">
     <span class='ocr_line' id='line_1_91' title="bbox 239 2335 1873 2374; baseline -0.002 -10"><span class='ocrx_word' id='word_1_694' title='bbox 239 2338 313 2365; x_wconf 88' lang='lat' dir='ltr'><strong>illam</strong></span> <span class='ocrx_word' id='word_1_695' title='bbox 331 2338 377 2366; x_wconf 86' lang='lat' dir='ltr'><strong>Dei</strong></span> <span class='ocrx_word' id='word_1_696' title='bbox 399 2338 513 2374; x_wconf 86' lang='lat' dir='ltr'><strong>gloriam</strong></span> <span class='ocrx_word' id='word_1_697' title='bbox 537 2338 728 2365; x_wconf 89' lang='lat' dir='ltr'><strong>celebrandam</strong></span> <span class='ocrx_word' id='word_1_698' title='bbox 740 2341 956 2372; x_wconf 85' lang='lat' dir='ltr'><strong>comparassent,</strong></span> <span class='ocrx_word' id='word_1_699' title='bbox 977 2337 1011 2364; x_wconf 85' lang='lat' dir='ltr'><strong>ad</strong></span> <span class='ocrx_word' id='word_1_700' title='bbox 1033 2336 1236 2372; x_wconf 59' lang='lat' dir='ltr'><strong>praedicationis</strong></span> <span class='ocrx_word' id='word_1_701' title='bbox 1249 2337 1324 2364; x_wconf 92' lang='lat' dir='ltr'><strong>illius</strong></span> <span class='ocrx_word' id='word_1_702' title='bbox 1339 2335 1561 2364; x_wconf 85' lang='lat' dir='ltr'><strong>communionem</strong></span> <span class='ocrx_word' id='word_1_703' title='bbox 1583 2340 1738 2363; x_wconf 86' lang='lat' dir='ltr'><strong>creaturam</strong></span> <span class='ocrx_word' id='word_1_704' title='bbox 1761 2342 1873 2362; x_wconf 90' lang='lat' dir='ltr'><strong>omnem</strong></span> 
     </span>
    </p>
   </div>
   <div class='ocr_carea' id='block_1_92' title="bbox 238 2385 1238 2420">
    <p class='ocr_par' dir='ltr' id='par_1_92' title="bbox 238 2385 1238 2420">
     <span class='ocr_line' id='line_1_92' title="bbox 238 2385 1238 2420; baseline 0 -8"><span class='ocrx_word' id='word_1_705' title='bbox 238 2385 386 2416; x_wconf 81' lang='lat' dir='ltr'><strong>advocant.</strong></span> <span class='ocrx_word' id='word_1_706' title='bbox 399 2389 426 2413; x_wconf 84' lang='lat' dir='ltr'><strong>et</strong></span> <span class='ocrx_word' id='word_1_707' title='bbox 441 2385 579 2420; x_wconf 83' lang='lat' dir='ltr'><strong>adjunctis</strong></span> <span class='ocrx_word' id='word_1_708' title='bbox 601 2385 653 2414; x_wconf 86' lang='lat' dir='ltr'><strong>sibi</strong></span> <span class='ocrx_word' id='word_1_709' title='bbox 679 2385 795 2420; x_wconf 88' lang='lat' dir='ltr'><strong>opiliciis</strong></span> <span class='ocrx_word' id='word_1_710' title='bbox 819 2386 948 2413; x_wconf 88' lang='lat' dir='ltr'><strong>omnibus</strong></span> <span class='ocrx_word' id='word_1_711' title='bbox 965 2393 1063 2414; x_wconf 79' lang='lat' dir='ltr'><strong>canere</strong></span> <span class='ocrx_word' id='word_1_712' title='bbox 1079 2386 1238 2413; x_wconf 81' lang='lat' dir='ltr'><strong>instituunt.</strong></span> 
     </span>
    </p>
   </div>
   <div class='ocr_carea' id='block_1_93' title="bbox 276 2433 1028 2469">
    <p class='ocr_par' dir='ltr' id='par_1_93' title="bbox 276 2433 1028 2469">
     <span class='ocr_line' id='line_1_93' title="bbox 276 2433 1028 2469; baseline 0.003 -10"><span class='ocrx_word' id='word_1_713' title='bbox 276 2433 331 2468; x_wconf 76' lang='lat'><strong>29</strong></span> <span class='ocrx_word' id='word_1_714' title='bbox 341 2433 436 2459; x_wconf 74' lang='lat' dir='ltr'><strong>XXIV.</strong></span> <span class='ocrx_word' id='word_1_715' title='bbox 449 2433 534 2460; x_wconf 85' lang='lat' dir='ltr'><strong>Porro</strong></span> <span class='ocrx_word' id='word_1_716' title='bbox 548 2441 630 2469; x_wconf 86' lang='lat' dir='ltr'><strong>opera</strong></span> <span class='ocrx_word' id='word_1_717' title='bbox 646 2433 680 2461; x_wconf 91' lang='lat' dir='ltr'><strong>ab</strong></span> <span class='ocrx_word' id='word_1_718' title='bbox 697 2433 803 2469; x_wconf 80' lang='lat' dir='ltr'><strong>opiﬁce,</strong></span> <span class='ocrx_word' id='word_1_719' title='bbox 816 2438 843 2461; x_wconf 88' lang='lat' dir='ltr'><strong>et</strong></span> <span class='ocrx_word' id='word_1_720' title='bbox 857 2439 998 2461; x_wconf 84' lang='lat' dir='ltr'><strong>creaturas</strong></span> <span class='ocrx_word' id='word_1_721' title='bbox 1014 2441 1028 2461; x_wconf 75' lang='grc' dir='ltr'><strong>ο</strong></span> 
     </span>
    </p>
   </div>
   <div class='ocr_carea' id='block_1_94' title="bbox 240 2479 1025 2508">
    <p class='ocr_par' dir='ltr' id='par_1_94' title="bbox 240 2479 1025 2508">
     <span class='ocr_line' id='line_1_94' title="bbox 240 2479 1025 2508; baseline 0.003 -2"><span class='ocrx_word' id='word_1_722' title='bbox 240 2483 366 2507; x_wconf 74' lang='lat' dir='ltr'><strong>creatore</strong></span> <span class='ocrx_word' id='word_1_723' title='bbox 382 2479 572 2508; x_wconf 84' lang='lat' dir='ltr'><strong>discernentes</strong></span> <span class='ocrx_word' id='word_1_724' title='bbox 590 2480 663 2507; x_wconf 91' lang='lat' dir='ltr'><strong>hunc</strong></span> <span class='ocrx_word' id='word_1_725' title='bbox 678 2480 705 2507; x_wconf 92' lang='lat' dir='ltr'><strong>in</strong></span> <span class='ocrx_word' id='word_1_726' title='bbox 721 2480 832 2508; x_wconf 88' lang='lat' dir='ltr'><strong>modum</strong></span> <span class='ocrx_word' id='word_1_727' title='bbox 844 2480 930 2508; x_wconf 90' lang='lat' dir='ltr'><strong>locuti</strong></span> <span class='ocrx_word' id='word_1_728' title='bbox 947 2484 1025 2508; x_wconf 79' lang='lat' dir='ltr'><strong>sunt:</strong></span> 
     </span>
    </p>
   </div>
   <div class='ocr_carea' id='block_1_95' title="bbox 242 2525 1030 2560">
    <p class='ocr_par' dir='ltr' id='par_1_95' title="bbox 242 2525 1030 2560">
     <span class='ocr_line' id='line_1_95' title="bbox 242 2525 1030 2560; baseline 0 -9"><span class='ocrx_word' id='word_1_729' title='bbox 242 2525 401 2558; x_wconf 76' lang='lat' dir='ltr'><strong>Benedicile,</strong></span> <span class='ocrx_word' id='word_1_730' title='bbox 417 2525 507 2552; x_wconf 84' lang='lat' dir='ltr'><strong>omnia</strong></span> <span class='ocrx_word' id='word_1_731' title='bbox 523 2533 601 2560; x_wconf 81' lang='lat' dir='ltr'><strong>opera</strong></span> <span class='ocrx_word' id='word_1_732' title='bbox 616 2525 733 2557; x_wconf 82' lang='lat' dir='ltr'><strong>Domini,</strong></span> <span class='ocrx_word' id='word_1_733' title='bbox 756 2526 868 2553; x_wconf 84' lang='lat' dir='ltr'><strong>Domino</strong></span> <span class='ocrx_word' id='word_1_734' title='bbox 883 2526 905 2552; x_wconf 89' lang='lat'><strong>&#39;.</strong></span> <span class='ocrx_word' id='word_1_735' title='bbox 930 2525 1030 2552; x_wconf 82' lang='lat' dir='ltr'><strong>Omnia</strong></span> 
     </span>
    </p>
   </div>
   <div class='ocr_carea' id='block_1_96' title="bbox 241 2571 1031 2608">
    <p class='ocr_par' dir='ltr' id='par_1_96' title="bbox 241 2571 1031 2608">
     <span class='ocr_line' id='line_1_96' title="bbox 241 2571 1031 2608; baseline -0.001 -9"><span class='ocrx_word' id='word_1_736' title='bbox 241 2572 382 2603; x_wconf 77' lang='lat' dir='ltr'><strong>dixerunt,</strong></span> <span class='ocrx_word' id='word_1_737' title='bbox 414 2579 504 2607; x_wconf 88' lang='lat' dir='ltr'><strong>neque</strong></span> <span class='ocrx_word' id='word_1_738' title='bbox 527 2572 676 2608; x_wconf 89' lang='lat' dir='ltr'><strong>quidquam</strong></span> <span class='ocrx_word' id='word_1_739' title='bbox 703 2573 887 2608; x_wconf 87' lang='lat' dir='ltr'><strong>reliquerunt.</strong></span> <span class='ocrx_word' id='word_1_740' title='bbox 917 2571 971 2599; x_wconf 88' lang='lat' dir='ltr'><strong>Sed</strong></span> <span class='ocrx_word' id='word_1_741' title='bbox 1001 2575 1031 2598; x_wconf 88' lang='lat' dir='ltr'><strong>ut</strong></span> 
     </span>
    </p>
   </div>
   <div class='ocr_carea' id='block_1_97' title="bbox 240 2617 1032 2659">
    <p class='ocr_par' dir='ltr' id='par_1_97' title="bbox 240 2617 1032 2659">
     <span class='ocr_line' id='line_1_97' title="bbox 240 2617 1032 2659; baseline -0.001 -13"><span class='ocrx_word' id='word_1_742' title='bbox 240 2617 362 2655; x_wconf 82' lang='lat' dir='ltr'><strong>Spiritus</strong></span> <span class='ocrx_word' id='word_1_743' title='bbox 375 2623 488 2648; x_wconf 87' lang='lat' dir='ltr'><strong>sanctus</strong></span> <span class='ocrx_word' id='word_1_744' title='bbox 507 2619 636 2655; x_wconf 70' lang='lat' dir='ltr'><strong>perfecta:</strong></span> <span class='ocrx_word' id='word_1_745' title='bbox 657 2620 779 2659; x_wconf 67' lang='lat' dir='ltr'><strong>scientia!</strong></span> <span class='ocrx_word' id='word_1_746' title='bbox 794 2618 956 2646; x_wconf 83' lang='lat' dir='ltr'><strong>informaret</strong></span> <span class='ocrx_word' id='word_1_747' title='bbox 970 2625 1032 2654; x_wconf 84' lang='lat' dir='ltr'><strong>spe-</strong></span> 
     </span>
    </p>
   </div>
   <div class='ocr_carea' id='block_1_98' title="bbox 279 2699 515 2732">
    <p class='ocr_par' dir='ltr' id='par_1_98' title="bbox 279 2699 515 2732">
     <span class='ocr_line' id='line_1_98' title="bbox 279 2699 515 2732; baseline 0.004 -6"><span class='ocrx_word' id='word_1_748' title='bbox 279 2699 288 2715; x_wconf 81' lang='grc'>¹</span> <span class='ocrx_word' id='word_1_749' title='bbox 302 2699 375 2727; x_wconf 85' lang='lat' dir='ltr'><strong>Psal.</strong></span> <span class='ocrx_word' id='word_1_750' title='bbox 400 2707 455 2732; x_wconf 74' lang='grc' dir='ltr'>ενι,</span> <span class='ocrx_word' id='word_1_751' title='bbox 470 2699 515 2728; x_wconf 74' lang='lat'><strong>&#39;22.</strong></span> 
     </span>
    </p>
   </div>
   <div class='ocr_carea' id='block_1_99' title="bbox 568 2698 817 2732">
    <p class='ocr_par' dir='ltr' id='par_1_99' title="bbox 568 2698 817 2732">
     <span class='ocr_line' id='line_1_99' title="bbox 568 2698 817 2732; baseline -0.008 -5"><span class='ocrx_word' id='word_1_752' title='bbox 568 2699 662 2728; x_wconf 72' lang='lat' dir='ltr'><strong>’I‘sal.</strong></span> <span class='ocrx_word' id='word_1_753' title='bbox 680 2707 756 2732; x_wconf 72' lang='lat' dir='ltr'><strong>nix,</strong></span> <span class='ocrx_word' id='word_1_754' title='bbox 770 2698 817 2726; x_wconf 74' lang='lat'><strong>‘23.</strong></span> 
     </span>
    </p>
   </div>
   <div class='ocr_carea' id='block_1_100' title="bbox 242 2733 408 2770">
    <p class='ocr_par' dir='ltr' id='par_1_100' title="bbox 242 2733 408 2770">
     <span class='ocr_line' id='line_1_100' title="bbox 242 2733 408 2770; baseline 0.012 -10"><span class='ocrx_word' id='word_1_755' title='bbox 242 2733 408 2770; x_wconf 72' lang='grc' dir='ltr'>ληφθέντων.</span> 
     </span>
    </p>
   </div>
   <div class='ocr_carea' id='block_1_101' title="bbox 875 2697 1091 2732">
    <p class='ocr_par' dir='ltr' id='par_1_101' title="bbox 875 2697 1091 2732">
     <span class='ocr_line' id='line_1_101' title="bbox 875 2697 1091 2732; baseline 0.005 -7"><span class='ocrx_word' id='word_1_756' title='bbox 875 2698 885 2714; x_wconf 94' lang='grc'>³</span> <span class='ocrx_word' id='word_1_757' title='bbox 905 2697 972 2726; x_wconf 88' lang='lat' dir='ltr'><strong>Dan.</strong></span> <span class='ocrx_word' id='word_1_758' title='bbox 988 2706 1029 2732; x_wconf 90' lang='lat' dir='ltr'><strong>Ill,</strong></span> <span class='ocrx_word' id='word_1_759' title='bbox 1045 2698 1091 2726; x_wconf 78' lang='lat'><strong>38.</strong></span> 
     </span>
    </p>
   </div>
   <div class='ocr_carea' id='block_1_102' title="bbox 1115 2430 1874 2466">
    <p class='ocr_par' dir='ltr' id='par_1_102' title="bbox 1115 2430 1874 2466">
     <span class='ocr_line' id='line_1_102' title="bbox 1115 2430 1874 2466; baseline -0.005 -6"><span class='ocrx_word' id='word_1_760' title='bbox 1115 2434 1177 2461; x_wconf 87' lang='grc' dir='ltr'><strong>ΚΔ’.</strong></span> <span class='ocrx_word' id='word_1_761' title='bbox 1189 2432 1326 2464; x_wconf 82' lang='grc' dir='ltr'>Διελόντες</span> <span class='ocrx_word' id='word_1_762' title='bbox 1337 2432 1365 2458; x_wconf 80' lang='grc' dir='ltr'><strong>δὲ</strong></span> <span class='ocrx_word' id='word_1_763' title='bbox 1378 2431 1412 2458; x_wconf 78' lang='grc' dir='ltr'>τὰ</span> <span class='ocrx_word' id='word_1_764' title='bbox 1424 2432 1562 2466; x_wconf 82' lang='grc' dir='ltr'>ποιήματα</span> <span class='ocrx_word' id='word_1_765' title='bbox 1575 2431 1628 2458; x_wconf 78' lang='grc' dir='ltr'><strong>ἀπὸ</strong></span> <span class='ocrx_word' id='word_1_766' title='bbox 1637 2430 1684 2457; x_wconf 80' lang='grc' dir='ltr'>τοῦ</span> <span class='ocrx_word' id='word_1_767' title='bbox 1698 2430 1874 2466; x_wconf 83' lang='grc' dir='ltr'>ποιήσαντος,</span> 
     </span>
    </p>
   </div>
   <div class='ocr_carea' id='block_1_103' title="bbox 1079 2476 1872 2512">
    <p class='ocr_par' dir='ltr' id='par_1_103' title="bbox 1079 2476 1872 2512">
     <span class='ocr_line' id='line_1_103' title="bbox 1079 2476 1872 2512; baseline -0.006 -5"><span class='ocrx_word' id='word_1_768' title='bbox 1079 2481 1126 2507; x_wconf 74' lang='grc' dir='ltr'>καὶ</span> <span class='ocrx_word' id='word_1_769' title='bbox 1142 2479 1177 2507; x_wconf 85' lang='grc' dir='ltr'>τὰ</span> <span class='ocrx_word' id='word_1_770' title='bbox 1191 2479 1287 2506; x_wconf 80' lang='grc' dir='ltr'>κτιστὰ</span> <span class='ocrx_word' id='word_1_771' title='bbox 1301 2478 1356 2505; x_wconf 76' lang='grc' dir='ltr'><strong>ἀπὸ</strong></span> <span class='ocrx_word' id='word_1_772' title='bbox 1367 2478 1415 2504; x_wconf 78' lang='grc' dir='ltr'>τοῦ</span> <span class='ocrx_word' id='word_1_773' title='bbox 1430 2478 1582 2510; x_wconf 82' lang='grc' dir='ltr'>κτίσαντος,</span> <span class='ocrx_word' id='word_1_774' title='bbox 1599 2477 1666 2512; x_wconf 77' lang='grc' dir='ltr'>φασί</span> <span class='ocrx_word' id='word_1_775' title='bbox 1676 2485 1682 2491; x_wconf 87' lang='grc'>·</span> <span class='ocrx_word' id='word_1_776' title='bbox 1698 2476 1872 2511; x_wconf 72' lang='grc' dir='ltr'><strong>Εὑλογεῖτε,</strong></span> 
     </span>
    </p>
   </div>
   <div class='ocr_carea' id='block_1_104' title="bbox 1079 2522 1871 2560">
    <p class='ocr_par' dir='ltr' id='par_1_104' title="bbox 1079 2522 1871 2560">
     <span class='ocr_line' id='line_1_104' title="bbox 1079 2522 1871 2560; baseline -0.005 -7"><span class='ocrx_word' id='word_1_777' title='bbox 1079 2526 1179 2553; x_wconf 71' lang='grc' dir='ltr'>πάντα</span> <span class='ocrx_word' id='word_1_778' title='bbox 1201 2525 1237 2552; x_wconf 84' lang='grc' dir='ltr'>τὰ</span> <span class='ocrx_word' id='word_1_779' title='bbox 1270 2525 1342 2560; x_wconf 74' lang='grc' dir='ltr'>ἔργα</span> <span class='ocrx_word' id='word_1_780' title='bbox 1382 2524 1511 2558; x_wconf 78' lang='lat' dir='ltr'><strong>Kvplov,</strong></span> <span class='ocrx_word' id='word_1_781' title='bbox 1535 2523 1589 2550; x_wconf 76' lang='grc' dir='ltr'><strong>τὸν</strong></span> <span class='ocrx_word' id='word_1_782' title='bbox 1619 2524 1739 2557; x_wconf 77' lang='grc' dir='ltr'><strong>Κύριον.</strong></span> <span class='ocrx_word' id='word_1_783' title='bbox 1768 2522 1871 2550; x_wconf 76' lang='grc' dir='ltr'>Πάντα</span> 
     </span>
    </p>
   </div>
   <div class='ocr_carea' id='block_1_105' title="bbox 1080 2570 1875 2606">
    <p class='ocr_par' dir='ltr' id='par_1_105' title="bbox 1080 2570 1875 2606">
     <span class='ocr_line' id='line_1_105' title="bbox 1080 2570 1875 2606; baseline -0.004 -7"><span class='ocrx_word' id='word_1_784' title='bbox 1080 2571 1167 2606; x_wconf 76' lang='grc' dir='ltr'>εἷπον,</span> <span class='ocrx_word' id='word_1_785' title='bbox 1181 2573 1257 2601; x_wconf 76' lang='grc' dir='ltr'>οὐδὲν</span> <span class='ocrx_word' id='word_1_786' title='bbox 1273 2572 1428 2600; x_wconf 84' lang='grc' dir='ltr'>κατέλιπον.</span> <span class='ocrx_word' id='word_1_787' title='bbox 1442 2572 1501 2598; x_wconf 87' lang='grc' dir='ltr'>Ἴνα</span> <span class='ocrx_word' id='word_1_788' title='bbox 1520 2571 1549 2597; x_wconf 80' lang='grc' dir='ltr'>δὲ</span> <span class='ocrx_word' id='word_1_789' title='bbox 1570 2571 1600 2598; x_wconf 81' lang='grc' dir='ltr'>τὸ</span> <span class='ocrx_word' id='word_1_790' title='bbox 1622 2570 1736 2605; x_wconf 82' lang='grc' dir='ltr'>Πνεῦμα</span> <span class='ocrx_word' id='word_1_791' title='bbox 1748 2570 1778 2596; x_wconf 80' lang='grc' dir='ltr'><strong>τδ</strong></span> <span class='ocrx_word' id='word_1_792' title='bbox 1796 2570 1875 2604; x_wconf 73' lang='grc' dir='ltr'>ἅγιον</span> 
     </span>
    </p>
   </div>
   <div class='ocr_carea' id='block_1_106' title="bbox 1079 2615 1875 2655">
    <p class='ocr_par' dir='ltr' id='par_1_106' title="bbox 1079 2615 1875 2655">
     <span class='ocr_line' id='line_1_106' title="bbox 1079 2615 1875 2655; baseline -0.005 -10"><span class='ocrx_word' id='word_1_793' title='bbox 1079 2618 1271 2655; x_wconf 82' lang='grc' dir='ltr'>χαρακτηρίσῃ</span> <span class='ocrx_word' id='word_1_794' title='bbox 1285 2618 1334 2653; x_wconf 82' lang='grc' dir='ltr'>τὴν</span> <span class='ocrx_word' id='word_1_795' title='bbox 1345 2617 1450 2644; x_wconf 75' lang='grc' dir='ltr'>τελείαν</span> <span class='ocrx_word' id='word_1_796' title='bbox 1462 2616 1574 2651; x_wconf 83' lang='grc' dir='ltr'>γνῶσιν,</span> <span class='ocrx_word' id='word_1_797' title='bbox 1589 2617 1629 2648; x_wconf 82' lang='grc' dir='ltr'>εἰς</span> <span class='ocrx_word' id='word_1_798' title='bbox 1642 2615 1673 2642; x_wconf 81' lang='grc' dir='ltr'>τὸ</span> <span class='ocrx_word' id='word_1_799' title='bbox 1685 2615 1783 2641; x_wconf 74' lang='grc' dir='ltr'>εἰδέναι</span> <span class='ocrx_word' id='word_1_800' title='bbox 1798 2616 1875 2641; x_wconf 71' lang='grc' dir='ltr'>ποῖον</span> 
     </span>
    </p>
   </div>
   <div class='ocr_carea' id='block_1_107' title="bbox 1140 2693 1874 2729">
    <p class='ocr_par' dir='ltr' id='par_1_107' title="bbox 1140 2693 1874 2729">
     <span class='ocr_line' id='line_1_107' title="bbox 1140 2693 1874 2729; baseline -0.005 -5"><span class='ocrx_word' id='word_1_801' title='bbox 1140 2699 1151 2714; x_wconf 68' lang='grc' dir='ltr'><strong>ι</strong></span> <span class='ocrx_word' id='word_1_802' title='bbox 1169 2698 1235 2726; x_wconf 85' lang='lat' dir='ltr'><strong>Luc.</strong></span> <span class='ocrx_word' id='word_1_803' title='bbox 1261 2705 1339 2729; x_wconf 80' lang='lat' dir='ltr'><strong>xvlu.</strong></span> <span class='ocrx_word' id='word_1_804' title='bbox 1356 2697 1399 2724; x_wconf 64' lang='lat' dir='ltr'><strong>Il.</strong></span> <span class='ocrx_word' id='word_1_805' title='bbox 1455 2696 1466 2712; x_wconf 88' lang='lat'>&#39;</span> <span class='ocrx_word' id='word_1_806' title='bbox 1485 2695 1551 2723; x_wconf 87' lang='lat' dir='ltr'><strong>Dan.</strong></span> <span class='ocrx_word' id='word_1_807' title='bbox 1565 2703 1606 2728; x_wconf 84' lang='grc' dir='ltr'>ιιι,</span> <span class='ocrx_word' id='word_1_808' title='bbox 1622 2695 1665 2723; x_wconf 81' lang='grc'><strong>5⁵1.</strong></span> <span class='ocrx_word' id='word_1_809' title='bbox 1705 2696 1715 2710; x_wconf 75' lang='grc' dir='ltr'><strong>θ</strong></span> <span class='ocrx_word' id='word_1_810' title='bbox 1730 2693 1793 2721; x_wconf 83' lang='lat' dir='ltr'><strong>For.</strong></span> <span class='ocrx_word' id='word_1_811' title='bbox 1807 2693 1874 2729; x_wconf 83' lang='grc' dir='ltr'>πυρὶ</span> 
     </span>
    </p>
   </div>
   <div class='ocr_carea' id='block_1_108' title="bbox 278 2805 1872 2846">
    <p class='ocr_par' dir='ltr' id='par_1_108' title="bbox 278 2805 1872 2846">
     <span class='ocr_line' id='line_1_108' title="bbox 278 2805 1872 2846; baseline -0.004 -7"><span class='ocrx_word' id='word_1_812' title='bbox 278 2812 334 2846; x_wconf 69' lang='lat'><strong>(23)</strong></span> <span class='ocrx_word' id='word_1_813' title='bbox 350 2812 403 2839; x_wconf 82' lang='lat' dir='ltr'><strong>Kal</strong></span> <span class='ocrx_word' id='word_1_814' title='bbox 426 2813 564 2844; x_wconf 74' lang='grc' dir='ltr'>ἑαυτούς.</span> <span class='ocrx_word' id='word_1_815' title='bbox 580 2815 634 2838; x_wconf 88' lang='lat' dir='ltr'><strong>etc.</strong></span> <span class='ocrx_word' id='word_1_816' title='bbox 664 2810 748 2838; x_wconf 77' lang='lat' dir='ltr'><strong>Recte</strong></span> <span class='ocrx_word' id='word_1_817' title='bbox 769 2810 933 2839; x_wconf 69' lang='lat' dir='ltr'><strong>Tltomas’us</strong></span> <span class='ocrx_word' id='word_1_818' title='bbox 952 2811 1035 2846; x_wconf 87' lang='lat' dir='ltr'><strong>hujus</strong></span> <span class='ocrx_word' id='word_1_819' title='bbox 1087 2811 1130 2838; x_wconf 83' lang='lat' dir='ltr'><strong>ria</strong></span> <span class='ocrx_word' id='word_1_820' title='bbox 1144 2815 1168 2837; x_wconf 77' lang='lat' dir='ltr'><strong>et</strong></span> <span class='ocrx_word' id='word_1_821' title='bbox 1184 2809 1323 2846; x_wconf 75' lang='lat' dir='ltr'><strong>majestate</strong></span> <span class='ocrx_word' id='word_1_822' title='bbox 1336 2813 1545 2843; x_wconf 73' lang='lat' dir='ltr'><strong>comparassent,</strong></span> <span class='ocrx_word' id='word_1_823' title='bbox 1565 2807 1598 2836; x_wconf 84' lang='lat' dir='ltr'><strong>ad</strong></span> <span class='ocrx_word' id='word_1_824' title='bbox 1621 2805 1823 2842; x_wconf 79' lang='lat' dir='ltr'><strong>przcdicationis</strong></span> <span class='ocrx_word' id='word_1_825' title='bbox 1839 2805 1872 2833; x_wconf 83' lang='lat' dir='ltr'><strong>il-</strong></span> 
     </span>
    </p>
   </div>
   <div class='ocr_carea' id='block_1_109' title="bbox 243 2846 1032 2881">
    <p class='ocr_par' dir='ltr' id='par_1_109' title="bbox 243 2846 1032 2881">
     <span class='ocr_line' id='line_1_109' title="bbox 243 2846 1032 2881; baseline -0.001 -7"><span class='ocrx_word' id='word_1_826' title='bbox 243 2847 296 2874; x_wconf 79' lang='lat' dir='ltr'><strong>loci</strong></span> <span class='ocrx_word' id='word_1_827' title='bbox 319 2848 444 2874; x_wconf 83' lang='lat' dir='ltr'><strong>Latinam</strong></span> <span class='ocrx_word' id='word_1_828' title='bbox 460 2847 563 2874; x_wconf 81' lang='lat' dir='ltr'><strong>Petavii</strong></span> <span class='ocrx_word' id='word_1_829' title='bbox 582 2846 834 2881; x_wconf 79' lang='lat' dir='ltr'><strong>interpretationem</strong></span> <span class='ocrx_word' id='word_1_830' title='bbox 852 2846 1008 2873; x_wconf 82' lang='lat' dir='ltr'><strong>emendavit</strong></span> <span class='ocrx_word' id='word_1_831' title='bbox 1026 2856 1032 2873; x_wconf 87' lang='lat'><strong>:</strong></span> 
     </span>
    </p>
   </div>
   <div class='ocr_carea' id='block_1_110' title="bbox 243 2881 1034 2917">
    <p class='ocr_par' dir='ltr' id='par_1_110' title="bbox 243 2881 1034 2917">
     <span class='ocr_line' id='line_1_110' title="bbox 243 2881 1034 2917; baseline -0.001 -8"><span class='ocrx_word' id='word_1_832' title='bbox 243 2882 288 2910; x_wconf 82' lang='lat' dir='ltr'><strong>illa</strong></span> <span class='ocrx_word' id='word_1_833' title='bbox 301 2882 372 2909; x_wconf 88' lang='lat' dir='ltr'><strong>enim</strong></span> <span class='ocrx_word' id='word_1_834' title='bbox 389 2882 437 2914; x_wconf 89' lang='lat' dir='ltr'><strong>ait,</strong></span> <span class='ocrx_word' id='word_1_835' title='bbox 454 2888 562 2915; x_wconf 79' lang='lat' dir='ltr'><strong>tumque</strong></span> <span class='ocrx_word' id='word_1_836' title='bbox 577 2888 637 2908; x_wconf 86' lang='lat' dir='ltr'><strong>cum</strong></span> <span class='ocrx_word' id='word_1_837' title='bbox 660 2881 840 2916; x_wconf 69' lang='lat' dir='ltr'><strong>inexplicabili</strong></span> <span class='ocrx_word' id='word_1_838' title='bbox 858 2881 906 2908; x_wconf 87' lang='lat' dir='ltr'><strong>illa</strong></span> <span class='ocrx_word' id='word_1_839' title='bbox 921 2881 1034 2917; x_wconf 72' lang='lat' dir='ltr'><strong>Deiglo-</strong></span> 
     </span>
    </p>
   </div>
   <div class='ocr_carea' id='block_1_111' title="bbox 1087 2844 1461 2878">
    <p class='ocr_par' dir='ltr' id='par_1_111' title="bbox 1087 2844 1461 2878">
     <span class='ocr_line' id='line_1_111' title="bbox 1087 2844 1461 2878; baseline -0.008 -4"><span class='ocrx_word' id='word_1_840' title='bbox 1087 2847 1141 2874; x_wconf 80' lang='lat' dir='ltr'><strong>lius</strong></span> <span class='ocrx_word' id='word_1_841' title='bbox 1161 2844 1393 2878; x_wconf 82' lang='lat' dir='ltr'><strong>communionem,</strong></span> <span class='ocrx_word' id='word_1_842' title='bbox 1409 2849 1461 2872; x_wconf 87' lang='lat' dir='ltr'><strong>etc.</strong></span> 
     </span>
    </p>
   </div>
  </div>
