1940 3043
63 174 93 203 σι
770 172 992 202 ANCORATUS.
1659 171 1696 199 62

64 231 93 259 τὸ
108 231 186 259 Θεῖον
196 250 204 263 ,
223 231 286 258 ποτα
301 230 328 257 δὲ
341 229 374 257 τὰ
389 229 442 257 ὑπὸ
459 229 507 257 τοῦ
522 229 590 257 Θεοῦ
604 230 747 266 γενόμενα,
764 229 806 256 ῐνα
819 230 856 266 μὴ

916 232 991 262 ciem,
1013 233 1042 258 ut
1057 229 1119 265 quis
1142 229 1214 257 Deus
1228 231 1312 260 esset,
1330 235 1423 263 quam:
1436 235 1451 255 ιι
1466 228 1522 257 Deo
1537 228 1620 261 facta,
1636 237 1698 264 per.

65 276 245 313 συμμίεωμεν
258 276 296 312 τῷ
308 276 386 311 ἀῖδίῳ
401 275 435 302 τὰ
451 276 482 309 ἐξ
496 277 547 303 οὐκ
559 276 643 303 ὄντων
657 276 800 311 γενόμενα,
811 277 856 303 ἴνα

66 321 103 358 μὴ
128 321 306 356 ἀπολέσωμεν
329 320 434 348 ἑαυτῶν
455 321 505 355 τὴν
525 321 664 352 διάνοιαν,
687 320 797 356 ἀριθμῷ
822 320 857 347 τὰ

65 368 152 395 πάντα
163 367 326 402 συνήγαγον.
336 366 526 393 Ἀπεκάλυπτε
535 366 589 402 γὰρ
600 366 692 398 αὐτοῖς
702 366 732 392 τὸ
743 366 856 402 Πνεῦμα

63 414 94 440 τὸ
110 414 197 448 ἄτιον,
210 414 248 445 ὡς
261 412 471 446 καταξιωθεϊσιν
485 412 543 448 ἅμα
557 412 685 447 ἀγγέλοις
700 411 780 444 εἶναι,
795 421 857 439 συν-

63 459 175 491 διαίτοις
189 458 346 494 γενομένοις
362 457 487 492 ἀγγέλων
497 457 533 484 τὰ
545 458 574 484 ὲν
586 459 709 494 οὐρανοῖς
720 458 766 484 καὶ
778 458 813 484 τὰ
827 459 855 484 ἐν

63 506 96 541 τῇ
111 506 165 540 γῇ,
190 505 238 532 καὶ
257 504 291 532 τὰ
311 504 441 531 ὑποκάτω
461 503 511 539 τῆς
528 503 596 539 γῆς’
625 504 671 530 καὶ
692 503 785 531 λοιπὸν
806 503 857 530 οὐχ

63 550 187 585 ἠγνόουν.
207 550 262 576 Καί
284 557 367 583 φασιν
379 548 404 575 οἱ
418 547 496 574 αὐτοὶ
515 547 587 582 ἃγιοι
605 549 717 579 παῖδες,
738 548 775 579 ὡς
788 556 857 583 προ-

64 598 155 622 εῖπον·
172 594 343 630 Εὑλογεῖτε,
353 594 452 621 πάντα
464 593 500 621 τὰ
515 594 587 629 ἔργα
603 593 656 620 τοῦ
668 593 791 627 Κυρίου,
804 593 857 620 τὸν

64 642 183 676 Κύριον.
197 641 252 668 Καὶ
266 641 399 676 ἄρχονται
416 641 543 676 ἀριθμεῖν
556 649 585 667 τε
602 640 650 667 καὶ
666 640 779 675 διαιρεῖν
793 641 857 666 ποῖα

64 687 98 714 τὰ
109 687 188 723 ἔργα,
202 687 268 714 ποῖα
278 685 313 713 τὰ
328 686 491 721 ποιήσαντα,
507 687 572 712 ποῖα
582 685 618 711 τὰ
629 685 778 720 ποιήματα,
794 685 858 711 ποῖα

63 734 98 761 τὰ
122 733 310 770 ἐργαζόμενα,
337 734 402 760 ποῖα
416 733 445 759 δὲ
462 733 498 760 τὰ
519 732 703 767 ὲργασθέντα·
729 732 776 759 καὶ
796 732 858 767 ἀρι-

65 779 180 815 θμυῦσιν
197 779 321 815 οὐρανὸν,
333 780 396 814 γῆν,
406 778 491 806 ὕδατα
504 778 597 805 ἐπάνω
608 777 653 805 τοῦ
665 777 792 814 οὐρανοῦ,
806 777 854 805 καὶ

66 824 208 859 ἀγγέλους,
230 825 335 851 κτιστοὶ
357 824 412 860 γὰρ
431 825 455 851 οι
476 823 603 858 ἄγγελοι·
621 823 668 850 καὶ
684 823 796 859 θρόνους
811 823 858 850 καὶ

64 871 204 906 δυνάμεις,
215 870 313 898 κτιστὰ
325 869 380 906 γὰρ
394 869 482 897 ταῦτα
493 878 500 885 ·
514 869 602 905 ἣλιον,
617 870 743 905 σελήνην,
757 870 858 905 ποιητὰ

65 915 130 951 γὰρ,
142 915 194 942 οὒκ
211 915 344 941 ἇκτιστα·
359 914 427 950 νέφη
447 914 495 941 καὶ
511 914 646 949 νιφετοὺς,
663 914 791 950 ἀνέμους,
806 914 859 950 χιό-
873 907 895 934 Β

65 970 124 993 νας.
147 959 309 996 ἀστραπὰς,
337 959 468 995 βροντὰς,
493 959 555 995 γῆν,
583 959 731 992 θάλασσαν,
755 959 859 995 πηγὰς,

65 1007 211 1039 ἀϐύσσους,
232 1005 388 1041 ποταμοὺς,
404 1006 494 1032 πᾶσαν
510 1005 718 1041 ἀνθρωπότητα,
734 1005 795 1040 θρη,
811 1013 860 1031 πε-

65 1053 141 1080 τεινὰ
156 1051 284 1088 οὐρανοῦ,
303 1052 388 1087 κτήνη
405 1051 453 1078 atat
467 1051 535 1084 ζῶα,
558 1050 648 1086 ψυχὰς
667 1051 760 1083 ὁσίων,
777 1051 860 1077 πνεύ-

67 1107 142 1134 ματα
157 1098 286 1130 δικαίων,
317 1097 452 1130 Ἀνανίαν,
475 1096 618 1131 1Λζαρίαν,
635 1096 752 1132 Μισαὴλ,
778 1097 860 1131 ἱερεῖς

67 1146 114 1172 καὶ
128 1144 238 1176 δούλους
250 1143 318 1171 Θεοῦ
329 1152 336 1159 ·
349 1143 439 1170 πάντα
452 1143 506 1179 γὰρ
521 1142 608 1170 ταῦτα
624 1143 723 1178 ποιητά
741 1143 799 1169 ἐστι
813 1142 861 1168 καὶ

67 1191 178 1222 κτιστὰ,
203 1190 257 1217 ὑπὸ
273 1188 339 1216 Θεοῦ
356 1190 489 1224 γεγονότα
502 1188 547 1216 διὰ
568 1188 615 1215 τοῦ
637 1189 724 1224 Λόγου
749 1187 797 1215 καὶ
812 1187 860 1214 τοῦ

66 1237 146 1272 ἁγίου
166 1236 344 1272 Πνεύματος⁸
362 1234 404 1268 Τῷ
424 1234 479 1269 γὰρ
495 1235 580 1269 Λόγῳ
598 1234 710 1268 Κυρίου
730 1236 756 1261 οι
773 1226 862 1268 οὐρα-

66 1283 114 1310 νο).
128 1281 366 1316 ἐστερεώθησαν,
381 1280 432 1307 καὶ
444 1280 485 1313 τῷ
499 1281 650 1314 Πνεύματι
670 1280 723 1307 τοῦ
747 1280 860 1314 στόμα-

67 1337 119 1361 τος
134 1327 228 1355 αὑτοῦ
245 1326 330 1354 πᾶσα
346 1326 365 1360 ἠ
382 1325 510 1360 δύναμις
526 1324 636 1352 αὐτῶν.
654 1324 725 1360 Ὅρα
740 1324 779 1356 δὲ,
794 1325 862 1359 ἀγα-

67 1374 138 1409 πητὲ
161 1371 278 1407 ἀδελῳὲ,
301 1371 361 1404 πῶς
377 1370 412 1398 τὰ
434 1371 523 1398 πάντα
544 1370 700 1407 ἠρίθμησαν
722 1370 863 1406 Πνεύματι

67 1419 139 1455 ἁγίῳ
163 1418 326 1454 φερόμενοι,
350 1417 398 1445 καὶ
421 1417 472 1443 οὐκ
491 1416 649 1452 ἠρίθμησαν
673 1416 738 1443 Υἱὺν
761 1417 790 1443 ὲν
805 1418 863 1449 τοῖς

68 1465 220 1500 ποιήμασιν
231 1484 238 1496 ,
264 1463 321 1490 ἀλλ’
345 1461 408 1489 οὔτε
422 1462 500 1497 ᾰγιον
515 1461 628 1497 Πνεῦμα
639 1470 646 1477 ·
661 1461 718 1489 ἀλλ’
741 1461 864 1497 ἔγνωσαν

68 1511 118 1546 τὴν
135 1510 221 1546 αὐτὴν
234 1509 355 1545 Θεότητα
372 1506 442 1535 εἶναι
463 1509 493 1535 ὲν
510 1508 618 1544 Τριάδι,
644 1507 692 1534 καὶ
715 1507 765 1544 τὴν
780 1508 865 1543 αὐτὴν

69 1556 175 1592 Τριάδα
199 1557 229 1583 ὲν
252 1556 302 1591 μιᾷ
328 1555 455 1590 Θεότητι·
477 1554 525 1580 καὶ
548 1553 678 1586 ἐδόξασαν
701 1554 812 1590 Πατέρα
836 1555 865 1581 ὲν

69 1586 129 1637 Υίῷ
141 1622 150 1633 ,
167 1601 215 1628 καὶ
318 1601 347 1627 ὲν
364 1586 453 1636 Πατρὶ
476 1599 524 1626 σὺν
539 1599 610 1634 ἁγίῳ
624 1586 782 1635 Πνεύματι,
798 1599 863 1635 μίαν
879 1586 900 1615 C

70 1646 227 1680 ἁγιαστίαν,
246 1645 311 1681 μίαν
328 1644 466 1680 λατρείαν,
480 1644 544 1679 μίαν
555 1643 685 1679 Θεότητα,
706 1645 770 1680 μίαν
783 1644 858 1678 8050-

69 1692 176 1726 λογίαν.

908 279 1034 312 spieuum
1047 276 1129 308 foret,
1153 283 1187 303 ne
1207 282 1269 302 cum
1289 278 1392 301 :rtcrno
1410 274 1456 301 illo
1470 282 1501 302 ea
1520 275 1698 310 permiscere-

908 331 969 350 mus
990 330 1053 361 quae.
1066 330 1081 350 e
1096 322 1183 349 nihilo
1209 320 1282 348 facta
1310 325 1385 353 sunt,
1413 327 1445 347 ac
1461 328 1495 347 ne
1514 321 1698 356 intelligentia:

908 374 1010 397 nostra:
1032 368 1183 404 perniciem
1201 366 1374 399 aﬂ‘erremus,
1393 373 1508 393 numcro
1523 366 1612 393 omnia
1624 375 1699 394 com-

908 415 980 450 plexi
997 418 1072 442 sunt.
1099 413 1204 441 Etenim
1228 411 1351 448 Spiritus
1371 416 1483 439 sanctus
1501 412 1553 443 his,
1573 412 1699 447 quicum

908 460 1012 495 angelis
1031 459 1137 487 versari
1155 463 1237 494 atque
1264 466 1358 485 eorum
1375 460 1503 485 convictu
1523 457 1576 484 frui
1594 465 1701 485 merue-

908 510 980 539 rant,
1000 513 1060 540 quae
1078 506 1105 532 in
1122 505 1192 532 cmlo
1222 510 1353 539 terraque
1371 510 1397 532 et
1413 504 1484 531 inira
1511 508 1613 531 terram
1637 509 1702 531 sunt

907 552 998 579 omnia
1010 551 1174 587 patefecerat
1184 560 1191 578 :
1201 551 1268 578 adeo
1278 554 1307 577 ut
1315 551 1381 577 nihil
1392 549 1520 585 deinceps
1532 550 1699 584 ignorarent.

908 598 1002 632 Itaque
1014 598 1100 625 sancti
1115 597 1152 624 illi
1166 597 1244 632 pueri
1259 597 1333 624 hunc
1347 597 1375 623 in
1390 597 1513 628 modum,
1525 597 1565 623 uti
1578 596 1647 628 dixi,
1659 604 1702 622 ca-

908 652 974 672 nere
988 644 1110 680 aggressi
1124 647 1202 671 sunt:
1212 642 1374 673 Benedicite,
1389 643 1478 669 omnia
1489 649 1567 676 opera
1582 641 1699 674 Domini,

909 690 1033 718 Domino.
1044 689 1146 717 Deinde
1159 693 1306 716 numerare
1321 696 1353 716 ac
1368 688 1539 723 distinguere
1553 688 1700 722 incipiunt,

909 743 1032 772 quaenam
1046 742 1128 771 opera
1137 735 1203 766 sint,
1215 735 1297 769 quive
1305 742 1417 769 operum
1429 738 1568 766 auctores,
1577 741 1700 768 quaenam

909 782 1028 818 opiiieia.
1043 781 1090 816 qui
1104 780 1227 816 opifices,
1240 787 1365 815 quaenam
1379 779 1498 814 denique
1511 778 1653 805 fabricata.
1664 777 1702 804 Ita

910 829 949 856 illi
964 830 1076 860 coelum,
1093 831 1194 854 terram
1208 847 1216 859 ,
1234 833 1318 860 aquas
1338 833 1398 860 qua:
1411 831 1494 859 supra
1511 824 1610 851 etelum
1627 828 1702 855 sunt,

910 874 1077 910 angelosquc
1090 875 1318 903 commemorant,
1337 871 1383 906 qui
1401 875 1428 898 et
1444 871 1496 906 ipsi
1513 870 1598 897 creali
1615 872 1679 900 sunt
1694 878 1701 896 :

910 918 972 946 inde
989 918 1104 945 thronos
1117 921 1145 945 et
1158 917 1285 948 virtutes,
1302 923 1362 951 qum
1377 915 1449 943 Deus
1460 914 1573 950 perinde
1582 921 1703 949 procrea-

909 964 966 996 vit;
983 963 1069 990 solem
1082 962 1223 997 deinceps,
1235 968 1266 988 ac
1283 961 1386 991 lunam,
1400 959 1472 986 facta
1487 959 1590 989 omnia,
1605 965 1655 985 nec
1667 958 1704 984 in-

910 1008 1064 1037 creatazad
1081 1008 1139 1035 haec
1153 1008 1253 1040 nubes,
1274 1007 1400 1038 nebulas,
1413 1009 1520 1037 ventos,
1541 1005 1629 1037 nives,
1649 1002 1704 1030 flii-

909 1061 988 1088 gura,
1001 1053 1134 1086 tonitrua,
1151 1056 1264 1083 terram,
1285 1058 1369 1082 mare,
1385 1050 1487 1081 fontes,
1503 1049 1629 1084 abyssos,
1647 1047 1698 1075 flu-

910 1099 980 1131 vios,
997 1107 1083 1134 genus
1097 1098 1238 1126 hominum
1255 1105 1345 1130 omne,
1357 1100 1476 1127 montes,
1489 1095 1613 1123 volucres
1625 1095 1700 1127 cteli,

912 1152 1011 1181 pecora
1029 1147 1056 1170 et
1069 1144 1211 1176 animalia,
1233 1148 1393 1171 sanctorum
1424 1141 1540 1174 animas,
1567 1141 1704 1176 iustorum

914 1191 1040 1227 spiritus,
1057 1190 1204 1221 Ananiam,
1220 1188 1357 1219 Azariam,
1370 1187 1524 1219 Misaelcm;
1542 1185 1701 1213 sacerdotes

913 1237 1030 1272 denique
1066 1236 1169 1271 Deique
1197 1242 1301 1262 servos.
1327 1233 1394 1260 Nam
1419 1232 1476 1259 haec
1503 1231 1596 1259 omnia
1635 1230 1706 1257 facta

916 1286 1116 1318 procreataque
1145 1285 1226 1313 sunt,
1254 1288 1286 1308 ac
1312 1287 1361 1315 per
1382 1279 1501 1306 Verbum
1525 1281 1553 1305 et
1572 1275 1706 1312 Spiritum

914 1333 1041 1357 sanctum
1062 1336 1077 1355 a
1098 1327 1154 1355 Deo
1185 1325 1454 1362 productazquippe
1485 1320 1569 1351 Verbo
1598 1322 1707 1350 Domini

916 1375 975 1402 mli
1004 1374 1106 1410 ﬁrmati
1129 1378 1201 1405 sunt,
1220 1377 1244 1399 et
1258 1372 1360 1407 Spiritu
1373 1371 1426 1398 oris
1447 1370 1504 1405 ejus
1516 1369 1602 1397 omnis
1618 1369 1702 1395 virtus

916 1420 1024 1448 illarum
1043 1420 1064 1446 ί.
1088 1418 1185 1450 Vides,
1210 1418 1295 1444 frater
1320 1415 1503 1447 charissime,
1529 1413 1708 1450 quemadmo-

919 1466 985 1493 dum
1010 1465 1047 1493 illi
1078 1465 1165 1493 sancti
1201 1463 1320 1499 Spiritus
1346 1463 1498 1493 instinctu,
1524 1469 1587 1488 cum
1611 1460 1705 1488 omnia

918 1515 1175 1544 commemorarent,
1200 1511 1270 1538 inter
1288 1517 1320 1538 ea
1340 1517 1402 1545 qua:
1418 1508 1490 1535 facta
1506 1512 1580 1539 sunt,
1597 1513 1702 1541 nequa-

916 1566 997 1594 quam
1009 1557 1180 1585 numerarint
1196 1555 1295 1583 Filium
1314 1563 1402 1590 neque
1416 1554 1549 1590 Spiritum
1569 1555 1706 1583 sanctum,

916 1604 964 1632 sed
984 1604 1054 1631 hanc
1076 1604 1162 1638 ipsam
1187 1602 1359 1629 Divinitatem
1382 1608 1445 1629 esse
1464 1600 1492 1628 in
1517 1599 1662 1631 Trinitate,
1682 1601 1710 1625 et

918 1650 988 1677 hanc
1022 1649 1109 1684 ipsam
1133 1648 1294 1676 Trinitatem
1325 1647 1353 1674 in
1381 1655 1434 1674 una
1469 1645 1616 1673 Divinitate
1647 1651 1711 1672 esse

923 1694 1111 1730 cognoverint,
1129 1697 1211 1729 atque
1231 1693 1270 1720 uti
1285 1692 1394 1720 Patrem
1411 1693 1439 1720 in
1464 1691 1544 1724 Filio,
1561 1695 1589 1718 et
1609 1690 1710 1717 Filium

70 1738 99 1767 in
121 1737 203 1766 Patre
224 1745 286 1766 cum
312 1737 414 1774 Spiritu
437 1741 533 1766 sancto
553 1738 761 1771 celebraverint,
790 1740 963 1770 sanctitatem
985 1750 1079 1776 unam,
1106 1749 1190 1770 unum
1212 1741 1393 1774 adorandum,
1410 1740 1585 1768 Divinitatem
1613 1745 1709 1771 unam,

71 1791 212 1820 unamque
226 1783 352 1819 gloriam.

108 1831 174 1859 KE’.
200 1829 272 1856 Δλλὰ
285 1828 394 1861 πάντως
410 1828 458 1856 καὶ
474 1827 553 1856 τοῦτο
566 1828 653 1865 τολμᾷ
663 1829 677 1856 ὀ
687 1828 810 1862 διάϐολος
823 1839 868 1857 κιε-

72 1876 128 1902 νεῖν
135 1875 165 1901 ὲν
172 1876 228 1907 τοῖς
233 1874 529 1911 ἀνθριῖηοις,ἀπιστίας
536 1874 688 1911 τολμηρίαν
696 1876 819 1911 καταψεὺ
824 1885 868 1903 σα-

73 1918 137 1945 σθαι
157 1917 212 1944 τῶν
243 1917 329 1951 ἁγίων
355 1916 458 1943 παίδων
478 1916 577 1944 πλάσαι
607 1917 654 1944 καὶ
680 1919 786 1945 εἰπεῖν·
807 1919 866 1945 Οὐκ

72 1964 184 2000 ᾔδεισαν
193 1964 279 1990 εἰπεῖν
296 1962 381 1998 ὖνομα
394 1962 473 1996 ἁγίου
487 1962 658 1998 Πνεύματος,
679 1963 799 1990 Ἰουδαῖοι
812 1963 867 2000 γὰρ

71 2008 161 2046 ἦσαν,
174 2008 222 2036 καὶ
238 2008 297 2035 οὐδὲ
317 2008 381 2035 Υίὺν
396 2008 521 2044 ᾔδεισαν,
539 2009 661 2036 Ἰουδαῖοι
674 2008 760 2041 ὅντες.
779 2010 867 2042 Εὐθὺς

71 2057 101 2083 δὲ
117 2057 144 2082 οἱ
159 2055 234 2089 λόγοι
251 2054 391 2089 ἐλέγχουσι
413 2054 468 2080 τῶν
494 2053 649 2087 κακοδόξων
661 2055 711 2091 τὴν
725 2056 866 2084 ἀπιστίαν.

71 2102 143 2136 Φησὶ
158 2100 229 2136 γάρ’
243 2100 297 2127 Καὶ
309 2097 349 2135 ἦν
368 2099 399 2126 τὸ
414 2100 578 2133 πρόσωπον
593 2099 647 2126 τοῦ
662 2101 814 2135 τετάρτου,
828 2101 868 2134 ὡς

71 2148 237 2183 πρόσωπον
257 2146 323 2173 Υἱοῦ
344 2146 418 2173 Θεοῦ
429 2154 435 2160 ·
455 2146 509 2173 ἰδοὺ
521 2147 607 2182 ὄνομα
624 2147 690 2174 Υἱοῦ
708 2147 776 2174 Θεοῦ
790 2145 861 2181 (24).

72 2193 129 2229 ἄρα
147 2192 198 2219 οὐκ
216 2191 288 2218 ἔστιν
312 2192 409 2226 ἄγνοια
433 2192 498 2228 περὶ
521 2191 628 2220 τούτου.
658 2193 713 2219 Καὶ
737 2193 791 2229 πρὸ
819 2192 868 2220 τοῦ

956 1828 1041 1856 XXV.
1066 1828 1164 1856 Verum
1193 1828 1238 1855 hic
1257 1828 1341 1856 etiam
1363 1827 1488 1854 nonnihil
1504 1827 1595 1854 moliri
1614 1827 1710 1855 turba-

919 1882 981 1902 rum
998 1882 1030 1902 ac
1046 1874 1186 1901 concitare
1203 1874 1360 1900 mortalium
1380 1873 1473 1907 generi
1485 1873 1611 1900 diabolus
1627 1880 1712 1901 ausus

920 1923 974 1953 est,
985 1923 1068 1954 atque
1097 1919 1269 1946 inﬁdelitatis
1298 1919 1480 1946 temeritatem
1509 1918 1579 1946 falso
1605 1919 1711 1947 sanctis

920 1967 976 1994 illis
1000 1965 1094 2001 pueris
1124 1965 1273 1999 ascribere,
1300 1972 1332 1992 ac
1358 1972 1408 2000 per
1432 1972 1570 1992 summum
1599 1964 1713 1992 menda-

919 2012 994 2039 cium
1019 2012 1072 2040 ista
1093 2010 1200 2046 jactare
1220 2021 1225 2037 :
1243 2009 1339 2037 Sancti
1360 2009 1491 2044 Spiritus,
1505 2009 1560 2045 3o
1573 2009 1711 2044 inquiunt,

918 2065 1020 2085 nomen
1041 2057 1221 2092 pronuntiare
1243 2056 1413 2087 nesciebant,
1438 2060 1532 2091 utpote
1555 2055 1660 2089 Judaei;
1680 2063 1713 2083 ac

919 2100 1006 2128 nihilo
1029 2100 1116 2136 magis
1134 2100 1246 2133 Filium,
1263 2100 1336 2136 quod
1351 2100 1437 2128 Judaei
1454 2105 1558 2135 essent,
1575 2108 1713 2136 cognove~

920 2150 992 2173 rant.
1010 2145 1064 2174 Sed
1088 2146 1238 2174 inﬁdelium
1263 2147 1378 2174 istorum
1403 2147 1546 2182 perﬁdiam
1564 2149 1632 2175 satis
1653 2147 1713 2182 ipsa

922 2191 1071 2227 Scriptura:
1094 2193 1177 2221 verba
1202 2198 1379 2228 coarguunt:
1397 2194 1474 2228 Erat,
1505 2195 1603 2229 inquit,
1622 2194 1713 2229 quarti

71 2239 172 2276 χρόνου
190 2237 237 2266 τοῦ
257 2238 308 2274 τῆς
321 2237 437 2274 καμίνου
449 2258 456 2271 ,
479 2238 520 2265 ὅτι
536 2238 659 2275 ἐπλήσθη
672 2239 771 2275 Δανιὴλ
783 2239 863 2266 Πνεύ-

921 2237 1014 2272 facies,
1034 2242 1161 2274 tanquam
1181 2239 1264 2273 [acies
1290 2239 1357 2266 Filii
1384 2239 1431 2266 Dei
1445 2241 1466 2267 '.
1496 2239 1567 2267 Ecce
1586 2239 1634 2266 tibi
1650 2238 1714 2266 Filii

74 2293 161 2321 ματος
175 2284 262 2318 ἁγίου,
277 2284 323 2311 καὶ
337 2281 399 2311 εῐπε
410 2293 416 2299 ·
434 2283 570 2319 Καθαρὸς
592 2284 649 2320 ἐγὼ
671 2285 730 2312 ἀπὸ
754 2285 808 2312 τοῦ
826 2287 868 2313 αῖ-

70 2338 168 2365 ματος
184 2327 290 2363 αὐτῆς,
306 2328 353 2355 καὶ
365 2327 536 2364 ἐπέστρεψαν
548 2328 588 2359 εἰς
602 2328 633 2355 τὺ
645 2329 785 2364 κριτήριον
795 2337 802 2345 ·
821 2329 868 2355 καὶ

71 2378 167 2413 ἔκρινε
178 2377 242 2408 τοὺς
258 2375 460 2412 πρεσϐυτέρους
476 2375 617 2410 Πνεύματι
639 2374 708 2410 ἁγίῳ
734 2376 870 2412 ἐμφορού-

73 2429 173 2457 μενος’
195 2420 251 2457 ἄρα
268 2418 314 2448 οὖν
330 2420 440 2456 ᾔδεισαν
455 2419 501 2447 τὸν
525 2419 601 2452 Υίὺν,
622 2420 670 2447 καὶ
690 2420 799 2455 ᾔδεισαν
822 2422 869 2447 τδν

72 2468 186 2503 Πατέρα
219 2466 267 2494 καὶ
296 2467 327 2493 τὸ
353 2466 466 2502 Πνεῦμα
494 2466 524 2493 τδ
550 2466 647 2501 ἆγιον·
665 2467 722 2502 (‘25)
745 2467 793 2494 καὶ
818 2468 869 2495 οὐκ

130 2547 137 2561 ¹
152 2544 226 2573 Psal.
242 2544 288 2577 52,
306 2544 330 2573 6.
371 2546 382 2560 ¹
395 2543 463 2571 Dan.
479 2552 519 2575 ιιι,
533 2543 579 2571 25.
631 2543 641 2559 ³
653 2543 720 2571 Dan.
734 2551 795 2574 xui.
810 2545 854 2572 46.

111 2601 171 2638 (24)
193 2600 300 2628 Rursus
314 2599 421 2638 _eo_loci
438 2598 602 2638 emendatur
619 2598 808 2633 interpretatio
825 2597 876 2625 Pe-

73 2634 142 2666 tavii
157 2634 167 2668 ζ
189 2644 250 2671 quae
267 2635 345 2671 rnalar
362 2634 584 2668 interpunctione
609 2638 688 2671 utens
705 2641 799 2671 repunt
819 2641 874 2671 non

73 2667 236 2707 assequitur
261 2670 348 2697 Graeci
375 2667 467 2707 tertiis
489 2676 612 2707 sensum.
645 2668 707 2700 Ait,
732 2667 804 2707 Ecce
825 2669 873 2707 λιιι

75 2703 157 2736 Ι·“ἰΙιὶ’
169 2707 215 2733 Dei
235 2713 328 2733 nomen
347 2713 357 2732 :
380 2704 497 2738 adeoque
516 2711 562 2731 nec
576 2704 713 2738 ignoratus
729 2704 776 2730 ille
791 2703 873 2738 fuerit

72 2745 158 2772 etiam
175 2746 237 2768 ante
256 2741 391 2776 fornacem
407 2739 494 2776 illam,
508 2747 567 2765 cum
581 2739 708 2776 scriptum
722 2738 871 2776 titubante-

74 2781 127 2806 lem
152 2773 366 2811 Spiritu'sancto
390 2774 514 2808 repletum
537 2773 727 2801 exclamasse:
752 2773 870 2801 Mundus

73 2821 122 2849 ego
139 2820 212 2849 sum“.
229 2816 291 2849 ξω.-
363 2845 374 2849 ‘
467 2843 474 2849 _
541 2843 567 2849 π

112 2848 172 2882 (25)
193 2846 246 2879 Qui
260 2845 293 2872 ad
305 2843 523 2873 confirmandum
541 2843 602 2882 Filii
616 2851 648 2882 ac
663 2844 783 2879 Spiritus
795 2851 868 2882 Asan-

77 2879 307 2912 ctt'drvinitatcm
330 2883 508 2916 argumento,
526 2879 598 2914 quod
625 2879 651 2906 in
673 2879 801 2915 pra-senti
821 2887 867 2906 ex—

921 2284 968 2312 Dci
996 2292 1115 2319 nomen;
1141 2285 1263 2321 adeoque
1298 2294 1349 2314 nec
1376 2286 1516 2321 ignoratus
1547 2285 1592 2313 ille
1619 2285 1711 2313 fuerit.

923 2329 1010 2357 Etiam
1026 2335 1091 2358 ante
1105 2331 1244 2359 fornacem
1267 2330 1342 2358 illam
1367 2331 1462 2358 Daniel
1489 2331 1593 2366 Spiritu
1616 2336 1718 2358 sancto

923 2376 1042 2411 repletus
1060 2378 1225 2405 exclamavit
1240 2387 1246 2405 :
1263 2377 1380 2404 Mundus
1405 2385 1452 2413 ego
1477 2386 1537 2404 sum
1553 2386 1568 2404 a
1586 2377 1715 2412 sanguine

923 2423 997 2453 illius
1007 2423 1028 2450 ³.
1047 2423 1081 2450 Et
1096 2424 1200 2451 reversi
1216 2428 1280 2451 sunt
1303 2423 1337 2450 ad
1356 2423 1491 2459 judicium
1506 2433 1513 2451 :
1528 2423 1715 2459 iudicavitque

924 2469 1059 2503 seniores,
1075 2470 1231 2505 impellente
1245 2469 1349 2505 Spiritu
1366 2475 1472 2499 sancto.
1485 2471 1602 2499 Proinde
1614 2470 1721 2498 Filium

927 2599 1004 2634 ponit
1020 2598 1197 2634 Epiphanius,
1211 2598 1250 2626 uti
1270 2598 1351 2630 velit,
1368 2598 1391 2627 is
1411 2605 1525 2627 necesse
1542 2601 1603 2634 est,
1617 2606 1717 2634 quem-

927 2633 1072 2661 admodum
1087 2635 1231 2662 manifeste
1253 2638 1337 2669 patet,
1354 2640 1383 2661 ut
1400 2635 1525 2661 admittat
1541 2633 1646 2662 Veteris
1662 2633 1718 2662 Te-

926 2670 1054 2696 stamenti
1079 2670 1247 2704 patriarchas
1262 2674 1289 2697 et
1306 2670 1463 2704 prophetas.
1494 2670 1567 2697 viros
1587 2670 1717 2696 doctrina

924 2709 951 2732 et
971 2705 1071 2739 pietate
1087 2706 1114 2731 in
1131 2704 1213 2731 Deum
1237 2706 1384 2736 clariores,
1407 2712 1477 2739 quos
1494 2705 1564 2731 inter
1579 2709 1653 2732 certe
1674 2705 1714 2730 lo-

924 2747 986 2767 cum
1013 2740 1137 2776 habuere
1156 2739 1295 2776 Babylonii
1319 2739 1560 2776 puer-irtttotitiam
1584 2740 1718 2766 habuisse

924 2775 1106 2803 sanctissian
1117 2774 1267 2803 Trinitatis.
1283 2775 1361 2808 Quod
1373 2775 1399 2801 ni
1416 2774 1509 2806 faciat,
1521 2780 1715 2809 argumentum

923 2811 1001 2872 nilliili
1020 2811 1173 2839 faciendum
1193 2819 1306 2846 prorsus
1328 2812 1391 2842 erit,
1417 2810 1455 2836 nil
1481 2810 1514 2836 ad
1532 2808 1718 2836 evincendum

923 2854 954 2872 va
967 2850 1034 2872 cret.

923 2850 1034 2874 valeret.
