1940 3043
240 167 275 195 63
324 202 336 209 ἢ
948 170 976 196 s.
997 169 1033 196 Et

1087 169 1166 203 mu
1839 175 1873 202 ct

239 225 294 260 jam
312 228 368 251 tum
383 228 528 257 noverant,
547 232 651 252 necnon
668 229 695 252 et
721 224 828 252 Patrem
845 233 876 253 ac
895 225 1028 261 Spiritum

1084 228 1198 262 ἀγνοίας
1214 228 1294 264 χάριν
1307 229 1357 256 οὐκ
1371 227 1449 256 εἷπον
1463 229 1498 256 τὰ
1508 230 1638 266 ὀνόματα,
1653 231 1875 266 ἁλλ’ἀσφαλείας

240 276 379 298 sanctum.
420 271 513 306 Neque
541 279 574 299 ex
606 272 770 306 ignorantia,
796 272 845 300 sed
871 274 1030 301 securitatis

239 317 434 352 eautionisque
450 317 536 352 gratia
558 319 720 345 nominatim
739 318 803 345 illos
823 319 960 353 appellare
982 326 1032 346 no-

240 362 551 394 lucrutitzlicnedirite,
573 363 718 398 inquiunt,
748 364 840 390 omnia
866 372 945 398 opera
977 365 1032 392 Do-

241 409 315 440 mini,
342 407 467 441 Domino,
491 412 518 435 et
540 416 594 435 non
619 408 737 437 dicunt:
761 409 889 442 Benedic,
904 407 954 436 Fili
971 409 1030 443 Dei,

240 454 378 486 Domino;
404 455 458 486 vel,
487 454 614 486 Benedic,
631 460 725 482 sancte
740 454 871 490 Spiritus,
895 455 1030 489 Domino;

239 499 298 532 sed,
325 499 486 532 Benedicite,
507 501 597 526 omnia
614 509 693 534 opera
711 500 830 532 Domini,
846 500 971 527 Domino.
992 501 1031 528 Ac

240 554 274 573 ne
284 545 347 580 quis
362 545 432 573 forte
454 545 632 573 occasionum
645 551 923 582 argumentorumque
937 551 1032 582 eaptor

239 591 351 626 objiciat
369 601 375 619 :
392 599 442 619 nec
459 592 600 618 cherubim
617 591 728 626 quidem
749 596 796 619 aut
818 593 955 628 seraphim
970 601 1032 621 esse

241 638 419 670 nominatos;
442 637 513 664 unde
537 645 710 672 consequens
738 637 835 670 videri,
861 642 890 665 ut
912 645 947 665 ne
972 638 1031 672 ipsa

240 683 351 718 quidem
365 691 447 718 opera
465 683 520 710 sint
537 682 603 716 Dei;
623 683 734 710 divinus
757 683 818 711 ideo
843 691 934 711 sermo
956 687 1031 710 tanto

239 731 304 755 ante
319 728 476 755 cautionem
493 727 634 759 adhibere,
651 731 678 755 et
692 735 726 755 ex
743 728 818 755 omni
834 731 912 763 parte
924 728 1032 755 munire

239 774 371 805 instituit,
397 781 459 801 eum
475 774 639 800 callidorum
662 774 778 801 istorum
797 781 830 801 ae
844 774 1031 809 captiosorum

239 825 295 846 tam
320 820 372 848 sibi
397 820 476 855 ipsis,
497 828 580 855 quam
604 828 752 855 puerorum
768 821 879 848 nomine
893 821 1031 855 pernicio-

239 873 298 891 sam
333 864 500 892 calumniam
534 865 706 900 praevideret.
746 865 811 892 Nam
846 865 1030 892 laudationem

239 919 318 939 suam
347 910 479 938 trifariam
504 911 591 938 sancti
619 911 657 938 illi
679 911 756 946 pueri
777 912 962 947 geminarunt,
983 911 1029 946 qui
1047 913 1067 940 Β

239 962 332 984 creata
358 957 484 992 factuque
508 957 601 984 omnia
632 956 666 984 ad
691 956 739 984 Dei
765 957 984 992 przedicationem
1002 957 1030 984 in

238 1003 357 1031 medium
382 1003 532 1030 attulerunt
553 1012 559 1030 :
578 1010 610 1030 ac
638 1003 757 1038 primum
783 1002 966 1030 :Bencdictus
991 1011 1029 1036 es,

239 1049 386 1084 inquiunt,
410 1048 524 1076 Domine
540 1049 610 1075 Deus
630 1053 739 1082 patrum
754 1054 919 1080 nostrorum,
932 1053 956 1076 et
969 1049 1031 1075 lau-

237 1094 327 1121 dabile
346 1103 377 1121 ac
399 1095 545 1130 gloriosum
558 1102 650 1121 nomen
666 1098 741 1120 tuum
760 1094 787 1120 in
807 1094 906 1121 awcula
920 1094 939 1121 '.
961 1093 1029 1121 Tum

237 1140 403 1176 quibusdam
433 1140 586 1175 interiectis
610 1149 616 1166 :
637 1139 795 1167 Benedictus
826 1148 864 1173 es,
890 1141 935 1176 qui
954 1140 1026 1167 sedes

239 1194 316 1220 super
329 1186 474 1213 cherubim.
492 1185 595 1214 Deinde
612 1196 618 1214 ε
632 1185 791 1213 Benedictus
809 1194 848 1216 es.
860 1185 986 1220 quisedes
1003 1186 1031 1212 in

239 1233 334 1260 throno
354 1232 448 1267 gloriae
465 1233 538 1267 regni
558 1233 612 1265 tui;
625 1237 652 1260 et
670 1241 676 1259 :
696 1232 853 1258 Benedictus
868 1239 908 1264 es,
929 1232 974 1266 qui
991 1232 1033 1258 in-

239 1279 322 1305 tueris
352 1278 474 1313 abyssos,
503 1277 577 1305 sedes
605 1286 684 1312 super
715 1277 851 1305 cherubim
880 1284 890 1303 :
912 1282 942 1304 ut
969 1285 1032 1304 eum

240 1323 365 1350 thronum
381 1323 461 1356 dixit,
483 1324 623 1359 seraphin:
643 1324 812 1358 iutelligeres
825 1327 853 1350 et
866 1323 1030 1351 cherubim:

239 1377 272 1396 ae
297 1374 351 1396 tam
368 1377 401 1397 ex
417 1369 628 1397 cherubinorum
643 1389 651 1401 ,
671 1376 752 1404 quam
768 1377 800 1396 ex
815 1369 987 1404 abyssorum,
1004 1371 1033 1395 et

240 1417 396 1444 consecrati
419 1416 522 1448 throni,
542 1424 574 1443 ae
594 1419 756 1443 cancrorum
772 1415 895 1442 onmium
911 1414 1031 1442 nomini-

241 1462 303 1495 bus,
319 1466 346 1490 et
361 1470 394 1489 ex
409 1469 505 1490 eorum
525 1469 586 1496 quae
609 1461 805 1493 nominantur,
829 1460 953 1488 omnium
979 1469 1032 1487 nu.

240 1517 315 1537 luero
340 1517 503 1546 cognoscas.
519 1509 592 1536 inter
608 1515 692 1543 opera
712 1507 880 1536 recensenda
897 1507 944 1535 illa
957 1515 1028 1540 esse,

1084 273 1176 300 ἕνεκα.
1189 274 1360 308 Εὐλογεῐτε,
1371 274 1436 310 γὰρ,
1446 275 1544 302 πάντα
1555 277 1591 304 τὰ
1605 276 1677 311 ἔργα
1688 278 1812 311 Κυρίου,
1822 278 1874 304 τὸν

1082 319 1192 352 Κύριον
1202 326 1208 334 ·
1223 319 1269 346 καὶ
1283 320 1334 346 οὐκ
1349 319 1426 348 εἷπον
1436 328 1443 337 ⁸
1460 321 1584 356 Εὑλόγει,
1600 322 1665 354 Υἱὸς
1675 322 1722 349 τοῦ
1736 322 1818 354 Θεοῦ,
1829 323 1874 349 τὸν

1082 364 1184 399 Κύριον
1195 372 1202 379 ·
1220 365 1286 398 οὐδ’,
1300 366 1412 400 Εὐλόγει
1423 387 1430 400 ,
1445 367 1522 401 ἅγιον
1545 367 1672 403 Πνεῦμα,
1691 368 1737 395 τὸν
1749 368 1854 403 Κύριον
1865 377 1872 384 ·

1082 410 1150 442 ἀλλ’,
1165 411 1338 446 Εὐλογεῖτε,
1356 412 1456 441 πάντα
1471 413 1507 440 τὰ
1519 413 1593 448 ἔργα
1610 413 1731 447 Κιφίου,
1748 414 1803 440 τὸν
1818 415 1874 441 Κύ-

1077 463 1156 488 ριον.
1170 455 1225 481 Καὶ
1239 456 1276 490 μή
1290 465 1332 492 τις
1349 457 1404 484 τῶν
1414 457 1566 493 προφάσεις
1583 459 1690 490 ἑαυτοῖς
1706 458 1875 494 θηρωμένων

1082 500 1157 536 εἴπῃ,
1187 502 1229 528 ὅτι
1254 501 1310 527 Οὐκ
1331 499 1408 528 εἷπον
1435 502 1569 537 χερουΰὶμ
1590 502 1606 538 ἢ
1625 503 1763 538 σεραφὶμ,
1782 503 1876 530 λοιπὸν

1081 545 1142 572 οὐδὲ
1164 545 1251 572 ταῦτά
1273 547 1346 573 ἐστιν
1370 546 1439 582 ἔργα
1460 547 1508 573 τοῦ
1529 547 1609 575 Θεοῦ.
1631 547 1771 583 ΙΙροέλαὸε
1789 549 1846 584 γὰρ
1861 550 1876 575 ὁ

1082 591 1153 622 θεῖος
1166 591 1242 626 λόγος
1263 592 1462 626 ἀσφαλίσασθαι
1483 593 1538 620 τῶν
1561 593 1612 624 τὰς
1629 593 1752 629 μηχανὰς
1768 595 1876 626 ἑαυτοῖς

1082 637 1270 670 ἐπινοούντων,
1292 638 1488 674 προγινώσκων
1504 639 1554 674 τὴν
1573 639 1613 670 εις
1627 639 1725 670 αὐτοὺς
1749 639 1797 666 καὶ
1812 640 1876 671 τοὺς

1082 685 1180 716 παῖδας
1191 684 1292 720 λύμην.
1305 684 1431 720 Τρισσῶς
1445 685 1498 721 γὰρ
1510 684 1556 711 τὸν
1573 684 1658 720 ὕμνον
1676 684 1876 712 ὲδιπλασῑασαν

1081 730 1106 755 οἱ
1122 729 1194 763 ἅγιοι
1214 729 1322 762 παῖδες,
1339 730 1363 756 οἱ
1378 730 1456 756 αὐτοὶ
1477 729 1511 756 τὰ
1528 729 1626 756 κτιστὰ
1641 730 1690 756 καὶ
1712 730 1814 765 ποιητὰ
1836 731 1878 763 εις

1083 773 1167 809 ὕμνον
1181 774 1250 801 Θεοῦ
1267 774 1496 810 προϐαλλόμενοι,
1520 775 1568 802 καὶ
1590 775 1699 811 πρῶτον
1719 776 1877 810 φήσαντεςο

1082 821 1255 854 Εὐλογητὸς
1272 819 1315 854 εἷ,
1331 821 1420 853 Κύριε
1435 822 1452 848 ό
1467 821 1539 854 Θεὸς
1554 820 1614 848 τῶν
1628 821 1763 856 πατέρων
1778 821 1877 856 ἡμῶν,

1082 867 1132 893 καὶ
1146 867 1267 893 uincor
1290 867 1340 894 καὶ
1356 867 1581 901 δεδοξασμένον
1595 867 1628 894 τὸ
1644 867 1738 902 ὄνομὰ
1753 875 1812 894 σου
1832 869 1878 900 εις

1082 911 1152 944 τοὺς
1166 911 1290 944 αἰῶνας·
1306 909 1366 939 εἶτα
1388 913 1448 948 μεθ’
1469 912 1551 948 ἕτερα
1561 921 1567 928 ·
1582 913 1796 947 Εὐλογημένος
1815 911 1847 940 εἴ
1860 915 1878 940 d

1085 957 1253 992 καθήμενος
1264 958 1313 985 ἐπὶ
1324 958 1384 986 τῶν
1398 959 1540 993 χερουϐίμ
1549 967 1556 974 ·
1569 959 1616 986 καὶ
1629 958 1723 985 πάλιν·
1738 959 1878 993 Εὐλογη-

1081 1003 1174 1038 μένος
1187 1001 1218 1030 ei
1227 1005 1243 1030 ό
1255 1003 1425 1038 καθήμενος
1437 1003 1486 1030 ἐπὶ
1496 1004 1605 1037 θρόνου
1617 1003 1710 1037 δόξης
1720 1003 1776 1037 τῆς
1785 1004 1878 1036 ,Βασι-

1082 1050 1166 1082 λείας
1181 1057 1239 1076 σου
1250 1057 1257 1064 ·
1276 1049 1334 1081 καὶ,
1349 1049 1562 1084 Εὐλογημένος
1574 1047 1604 1076 ετ
1617 1050 1633 1076 ό
1645 1049 1772 1081 ,βλέπων
1782 1049 1878 1076 ἀϐύσ-

1083 1103 1168 1128 σους,
1183 1094 1350 1129 καθήμενος
1363 1095 1412 1122 ἐπὶ
1427 1095 1582 1129 χερουϐΙμ’
1597 1095 1640 1121 ἵνα
1657 1094 1711 1121 άπὸ
1724 1094 1772 1121 τοῦ
1789 1096 1878 1122 εἰπεῖν

1081 1141 1128 1167 τὸν
1144 1140 1249 1176 θρόνον,
1272 1141 1374 1176 νοήσῃς
1391 1140 1512 1176 σεραφὶμ
1536 1141 1583 1167 καὶ
1597 1140 1743 1176 χερουϐιμ·
1758 1140 1804 1166 καὶ
1821 1140 1878 1166 ἀπὸ

1079 1185 1127 1212 τοῦ
1141 1186 1273 1221 ὀνόματος
1289 1186 1344 1212 τῶν
1358 1186 1508 1221 χερουσὶμ,
1523 1186 1571 1212 καὶ
1584 1186 1721 1219 ἀϐύσσων,
1743 1186 1791 1212 καὶ
1813 1185 1878 1221 θρό-

1082 1240 1128 1258 νου
1141 1232 1322 1267 ήγιασμένου,
1336 1232 1385 1258 καὶ
1402 1231 1505 1258 λοιπῶν
1520 1231 1630 1259 πάντων
1643 1231 1795 1266 ὀνομάτων,
1812 1232 1878 1267 νοήο

1083 1285 1133 1314 σῃς
1145 1277 1199 1303 ἀπὸ
1212 1277 1258 1303 τοῦ
1278 1276 1396 1312 ἀριθμοῦ
1411 1276 1521 1304 πάντων
1533 1276 1588 1303 τῶν
1604 1276 1815 1312 ὠνομασμένων,
1836 1277 1878 1303 ὅτι

1082 1323 1115 1349 ἐκ
1129 1322 1183 1349 τῶν
1200 1322 1289 1358 ἔργων
1305 1322 1359 1349 εἰσὶ
1372 1323 1428 1354 τοῖς
1441 1322 1533 1354 ἀλλοις
1547 1322 1797 1358 συναριθμούμενα.
1814 1323 1876 1349 Κα-

1083 1368 1212 1400 λέσαντες
1236 1368 1290 1404 γὰρ
1315 1369 1354 1400 εἰς
1376 1367 1461 1403 ὕμνον
1479 1368 1564 1394 ταῦτα
1588 1368 1678 1395 ⁸ιιάντα
1711 1368 1791 1400 εὐθὺς
1815 1368 1878 1394 ἑπι-

1084 1415 1197 1451 φέρουσι
1209 1414 1336 1449 λέγοντες
1347 1422 1354 1430 ’
1379 1414 1555 1450 Εὐλογεῖτε,
1572 1413 1671 1441 πάντα
1683 1415 1720 1441 τὰ
1731 1414 1805 1449 ἔργα
1820 1416 1878 1441 Κυ-

1080 1461 1159 1496 ρίου,
1169 1460 1224 1488 τὸν
1232 1461 1344 1494 Κύριον
1354 1469 1361 1476 ·
1372 1461 1415 1488 ἵνα
1424 1460 1546 1497 Γαΰριὴλ
1558 1461 1607 1488 καὶ
1620 1460 1729 1496 Μιχαὴλ
1741 1461 1878 1496 εὐλογήσῃ

1085 1508 1195 1544 Πατέρα
1207 1507 1255 1534 καὶ
1267 1507 1331 1534 Υἱὺν
1348 1507 1395 1534 καὶ
1412 1507 1490 1541 ἅγιον
1506 1506 1628 1542 Πνεῦμα.

239 1559 266 1581 et
296 1555 435 1582 numerari
461 1561 524 1581 eum
560 1553 622 1580 aliis
649 1557 787 1588 Oportere.
815 1551 884 1580 Nam
908 1560 971 1580 cum
998 1552 1032 1580 ad
1052 1552 1137 1580 Deum
1149 1551 1353 1588 praedicandum
1363 1552 1458 1580 omnia
1480 1552 1528 1579 illa
1541 1556 1749 1587 provocassem,
1783 1551 1878 1580 statim

240 1599 291 1626 ista
310 1601 461 1635 subjiciunt
474 1607 482 1628 :
494 1601 655 1635 Benedicite,
687 1603 778 1630 omnia
800 1609 880 1636 opera
911 1601 1030 1636 Domini,
1046 1601 1182 1635 Domino;
1208 1601 1340 1629 nimirum
1364 1604 1396 1628 ut
1411 1600 1522 1629 Gabriel
1540 1604 1568 1628 et
1589 1599 1704 1628 Michael
1722 1599 1833 1627 Patrem
1852 1604 1877 1627 et

241 1647 339 1674 Filium
357 1648 515 1676 collaudem
531 1657 564 1677 ac
580 1649 714 1686 Spiritum
732 1655 872 1678 sanetum.

275 1692 371 1722 XXVI.
391 1693 475 1722 Porro
497 1696 667 1724 venerabiles
694 1697 783 1732 angeli
812 1696 979 1732 triumphale
1004 1697 1031 1724 iu

1119 1695 1190 1728 KG’.
1208 1693 1307 1730 Σεμνοὶ
1331 1694 1359 1721 δὲ
1384 1693 1494 1728 ἄγγελοι
1519 1693 1548 1720 ὲν
1563 1692 1670 1729 οὐρανῷ
1685 1693 1731 1720 τὸν
1745 1693 1879 1721 ἐπινίκιον

241 1739 311 1767 coelo
322 1747 431 1768 carmen
440 1741 600 1775 coneinunt,
615 1750 669 1770 una
687 1750 750 1770 cum
768 1743 921 1779 seraphinis
930 1747 958 1771 et
967 1743 1034 1771 che-

241 1784 347 1812 rubinis
365 1785 416 1820 31
434 1786 584 1814 trinitatem
596 1787 690 1815 eadem
706 1788 802 1823 gloria,
814 1788 908 1816 eodem
926 1789 1033 1822 ordine,

241 1830 391 1866 eademque
406 1831 560 1859 substantia
575 1833 755 1868 praedicantes
787 1842 819 1861 ac
836 1834 1034 1867 vociferantes,

242 1876 370 1910 Sanctus,
387 1883 512 1912 sanctus,
534 1884 643 1907 sanctus
661 1881 683 1907 '.
700 1881 738 1908 Ac
753 1884 810 1908 tres
828 1881 939 1915 quidem
953 1890 1035 1910 voces

242 1922 394 1958 proferunt,
413 1923 460 1951 sed
485 1931 532 1952 eas
565 1925 752 1960 singulariter,
773 1933 828 1953 non
849 1927 1036 1961 multipliciter

241 1968 408 2003 exprimunt.
432 1969 525 2005 Neque
547 1975 657 2005 quarto,
673 1970 788 1999 Sanctus
803 1971 984 2003 addiderunt,
1002 1979 1036 1999 ne

243 2015 277 2042 ad
297 2014 440 2044 Trinitatis
466 2016 677 2051 appellationem
701 2017 806 2052 aliquid
829 2017 1033 2053 adiungerent:

242 2068 332 2096 neque
347 2061 389 2089 bis
405 2066 522 2094 tantum,
538 2062 652 2090 Sanctus
665 2064 769 2096 dicunt,
787 2071 822 2091 ne
838 2063 965 2098 perfecta:
979 2064 1036 2099 glo-

244 2106 292 2134 rias
315 2107 454 2142 quidpiam
477 2109 596 2136 deesset.
614 2109 667 2136 Sed
691 2117 751 2137 eam
775 2117 869 2136 vocem
891 2113 932 2137 ter
953 2117 1036 2138 usur-

244 2157 323 2188 pant,
340 2157 370 2180 ut
389 2152 507 2186 Patrem,
532 2153 630 2180 Filium
648 2157 675 2180 et
694 2153 827 2188 Spiritum
845 2159 970 2182 sanctum
988 2163 1036 2182 eo-

244 2199 306 2226 dem
331 2199 435 2226 honore
455 2202 661 2226 consecrarent.
676 2198 736 2226 Non
755 2198 862 2232 dicunt,
879 2198 993 2228 Sanctus
1009 2205 1038 2228 ct

245 2243 431 2275 seuiisauctus,
444 2250 539 2270 verum
556 2243 697 2276 aequaliter
711 2243 829 2278 ubique,
845 2243 961 2272 Sanctus
975 2253 1038 2280 pro-

249 2288 352 2321 ferunt,
373 2292 403 2315 ut
420 2295 474 2314 una
491 2295 571 2320 voce,
591 2295 701 2322 unoque
721 2296 858 2321 sermone,
883 2294 966 2326 atque
982 2299 1036 2319 una

245 2333 414 2369 perfectione
428 2336 454 2359 et
472 2331 631 2360 Trinitatem
644 2333 673 2360 in
688 2333 792 2362 unitate
818 2339 845 2362 et
861 2335 991 2363 unitatem
1007 2336 1034 2364 in

1086 1740 1170 1776 ὕμνον
1182 1740 1285 1776 ᾄδουσι,
1301 1741 1350 1767 σὺν
1369 1740 1491 1775 σεραφὶμ
1502 1739 1550 1767 καὶ
1564 1739 1698 1775 χερουϐὶμ
1709 1739 1758 1774 τὴν
1774 1739 1879 1775 Τριὰδα

1085 1786 1220 1822 όμοδόξως
1227 1786 1445 1822 καὶὸμοστοίχως
1453 1786 1501 1813 καὶ
1511 1784 1823 1821 ὀμοουσίωςδοξάζοντες
1831 1787 1879 1813 καὶ

1085 1832 1210 1867 λέγοντες
1232 1832 1262 1859 τὺ
1272 1852 1280 1865 ,
1304 1832 1401 1866 ’Ἄγιος
1412 1851 1420 1862 ,
1433 1831 1530 1866 Ἄγιος
1540 1851 1548 1863 .
1562 1831 1660 1865 ’Ἄγιος
1669 1850 1676 1862 ,
1695 1831 1770 1865 τρεῖς
1786 1831 1879 1864 φωνὰς

1085 1877 1291 1909 ἀποτελοῦντες,
1307 1877 1337 1904 ὲν
1353 1876 1460 1911 ἐνότητι
1483 1876 1512 1903 δὲ
1535 1876 1668 1910 λέγοντες,
1685 1875 1733 1902 καὶ
1751 1875 1783 1901 οὐ
1800 1875 1881 1901 πολυ-

1085 1922 1212 1958 ωνύμως.
1233 1923 1270 1949 Οὐ
1285 1922 1339 1958 γὰρ
1355 1922 1481 1956 λέγουσιν
1501 1921 1598 1956 Ἄγιος
1613 1921 1756 1956 τέταρτον,
1778 1921 1823 1948 ἴνα
1841 1922 1879 1957 μὴ

1086 1968 1224 2004 προσθῶσι
1241 1968 1274 2003 τῇ
1291 1968 1341 2002 τῆς
1365 1966 1481 2002 Τριάδος
1500 1966 1651 2001 ὀνομασίᾳ·
1664 1966 1695 1992 οὐ
1710 1965 1819 2000 λέγουσι
1838 1966 1879 1998 δὶς

1085 2013 1116 2039 τὸ
1128 2014 1235 2048 Ἄγιος,
1257 2013 1300 2039 ἴνα
1319 2012 1356 2048 μὴ
1370 2012 1482 2048 ἐλλιπὴς
1504 2013 1547 2047 εἴη
1564 2013 1581 2047 ἡ
1601 2011 1665 2043 δόξα
1677 2011 1727 2048 τῇς
1746 2011 1876 2046 τελειότη-

1085 2068 1146 2091 τος·
1172 2059 1241 2086 ἀλλὰ
1262 2059 1337 2095 τρὶς,
1362 2059 1406 2085 ἵνα
1432 2058 1544 2094 Πατέρα
1569 2058 1617 2085 καὶ
1643 2057 1707 2084 Υἱδν
1729 2057 1777 2084 καὶ
1802 2057 1879 2092 ἅγιον

1087 2105 1199 2142 Πνεῦμα
1213 2107 1243 2132 ὲν
1256 2107 1288 2141 τῇ
1300 2106 1369 2141 αὐτῇ
1384 2107 1451 2141 τιμῇ
1468 2106 1613 2139 ἁγιάσωσι.
1630 2105 1686 2132 Καὶ
1699 2105 1729 2131 οὐ
1741 2104 1877 2139 λέγουσιν·

1090 2150 1186 2186 Ἄγιος
1212 2151 1259 2178 καὶ
1279 2151 1432 2187 ήμιάγιος,
1457 2151 1514 2178 ἀλλ’
1528 2150 1594 2183 ἴσως
1607 2151 1716 2185 λέγουσι
1730 2150 1771 2182 τὸ,
1781 2151 1880 2185 ’Ἄγιος

1088 2198 1137 2232 μιᾷ
1148 2198 1234 2232 φωνῇ,
1250 2196 1298 2223 καὶ
1307 2196 1351 2233 ¹ὲνὶ
1369 2196 1454 2231 λόγῳ,
1472 2196 1518 2224 καὶ
1534 2197 1583 2232 μιᾷ
1598 2195 1759 2231 τελειότητι,
1769 2196 1876 2231 Τριάδα

1085 2243 1242 2276 δοξάζοντες
1259 2243 1326 2278 ὁμοῦ
1341 2243 1370 2270 ὲν
1384 2242 1492 2277 ὲνότὴτι
1502 2263 1509 2275 ,
1533 2243 1579 2270 καὶ
1598 2243 1712 2277 ἑνότητα
1727 2243 1756 2269 ἐν
1770 2242 1877 2278 Τριάδι.

1069 2319 1073 2322 ,
1086 2288 1193 2324 Ταύτην
1207 2288 1260 2324 γὰρ
1277 2289 1327 2324 τὴν
1343 2288 1444 2322 γνῶσιν
1459 2285 1540 2323 ἦλθεν
1559 2289 1573 2315 ό
1585 2287 1738 2323 Μονογενὴς
1750 2287 1797 2315 τοῦ
1809 2288 1879 2314 Θεοῦ

1087 2336 1160 2371 ἡμᾶς
1178 2335 1298 2368 διδάξαιο
1316 2335 1419 2370 ταύτην
1433 2335 1483 2370 τὴν
1504 2335 1612 2362 σύνεσιν
1628 2335 1694 2370 ἡμῖν
1718 2334 1835 2370 ἐκήρυξε
1849 2335 1880 2361 τὸ

246 2380 379 2408 Triuitate
400 2380 547 2408 celebrent.
565 2380 706 2415 Ejusmodi
728 2380 830 2416 quippe
848 2382 991 2409 scientiam
1006 2387 1033 2410 ut

1088 2383 1164 2417 ἆγιον
1187 2381 1317 2417 Πνεῦμα·
1342 2381 1444 2416 ταύτην
1458 2381 1508 2416 τὴν
1521 2381 1680 2416 τελειότητα
1701 2380 1880 2414 ἀπεκάλυψεν

246 2434 298 2454 nos
313 2426 421 2453 doceret
434 2426 532 2453 unicus
548 2425 595 2453 Dei
610 2425 696 2454 Filius
707 2427 834 2454 accessit.
857 2426 934 2454 llanc
947 2428 1035 2463 ipsam

246 2472 327 2500 nobis
359 2472 521 2507 sapientiam
557 2477 669 2500 sanctus
711 2472 831 2508 Spiritus
867 2475 1034 2509 pratdicavit.

248 2519 324 2546 llanc
357 2518 550 2554 perfectionem
577 2519 706 2554 patefecit
726 2519 816 2548 Pater.
843 2520 920 2548 Hanc
947 2521 1036 2556 ipsam

246 2564 330 2590 vitam
346 2564 518 2591 incarnatum
531 2563 650 2591 Verbum
664 2572 757 2592 revera
774 2566 900 2602 largitum
913 2571 971 2600 est;
984 2567 1036 2594 hoc

247 2609 393 2637 aedificium
412 2609 531 2644 Spiritus
547 2614 660 2638 sanctus
674 2611 753 2639 nobis
764 2612 918 2639 exstruxit:
934 2611 964 2639 Si
975 2612 1035 2646 quis

247 2656 317 2683 enim
338 2665 416 2692 super
432 2656 480 2683 Ιιοο
502 2656 705 2691 fundamentum
730 2658 908 2685 construxerit
927 2666 1033 2691 aurum,

249 2708 397 2738 argentum,
412 2703 512 2738 lapides
523 2704 661 2738 pretiosos,
680 2705 762 2739 ligna.
779 2704 877 2738 fenum,
897 2704 1034 2738 stipulam,

249 2750 288 2777 ait
308 2750 457 2784 Apostolus
468 2751 489 2778 ³.
502 2749 718 2782 Fundamentum
736 2750 808 2777 enim
829 2747 933 2775 nullum
958 2745 1032 2774 aliud

219 2804 233 2808 ·
246 2799 299 2824 est.
319 2795 459 2832 Siquidem
474 2795 672 2831 fundamentum
687 2795 761 2822 aliud
779 2803 854 2822 nemo
867 2803 962 2830 ponere
977 2799 1036 2830 pot-

288 2877 298 2894 ³
318 2877 384 2906 Dan.
398 2886 440 2914 iit,
459 2877 494 2906 52
508 2886 569 2914 sqq.
601 2879 611 2894 ¹¹
637 2877 689 2904 lsa.
707 2884 744 2909 va,
765 2876 790 2903 3.
831 2875 841 2890 ²
861 2874 946 2902 lCor.
968 2876 1009 2908 in,
1034 2875 1075 2902 l2.

1087 2430 1152 2464 ἡμῖν
1167 2430 1181 2454 ὁ
1195 2428 1305 2463 Πατήρ·
1327 2427 1357 2454 ἐν
1372 2427 1487 2463 ἀληθείᾳ
1507 2426 1610 2461 ταύτην
1630 2427 1681 2462 τὴν
1698 2426 1771 2460 ζωὴν
1789 2425 1881 2462 exapt-

1087 2483 1153 2502 σατο
1173 2476 1239 2510 ἡμῖν
1256 2474 1410 2509 σαρκωθεὶς
1429 2474 1444 2501 ό
1466 2474 1571 2508 Λόγοςι
1589 2472 1692 2510 ταύτηχ
1708 2472 1757 2507 τὴν
1775 2472 1880 2498 οἰκοδο-

1088 2521 1140 2556 μὴν
1154 2519 1328 2556 ᾠκοδόμησεν
1343 2521 1409 2555 ἡμῖν
1426 2520 1457 2546 τὸ
1478 2519 1556 2553 ἆγιον
1569 2518 1692 2553 Πνεῦμα.
1709 2517 1746 2544 El
1765 2526 1810 2550 τις
1824 2518 1880 2552 γὰρ

1085 2565 1274 2601 ἐποικοδομεῖ
1292 2565 1342 2592 ἐπὶ
1366 2565 1421 2592 τὸν
1447 2563 1584 2600 θεμέλιον
1605 2563 1713 2591 τοῦτον
1736 2564 1879 2597 χρυσίον,

1087 2611 1229 2646 ἄργυρον,
1244 2611 1350 2644 λίθους
1360 2611 1486 2645 τιμίους,
1498 2610 1586 2642 ξύλα,
1600 2608 1878 2644 χόρτον,καλάμην.

1088 2657 1126 2683 Οὑ
1143 2657 1197 2692 γάρ
1214 2658 1288 2684 ἐστιν
1301 2657 1381 2688 ἄλλος
1399 2656 1534 2692 θεμέλιος.
1552 2655 1696 2691 Θεμέλιον
1708 2654 1763 2688 γὰρ
1782 2654 1881 2681 ἄλλοι·

1088 2703 1188 2736 οὐδεὶς
1197 2703 1321 2730 δύναται
1332 2703 1426 2730 θεῖναι
1435 2703 1516 2738 παρὰ
1527 2703 1580 2729 τὸν
1592 2702 1740 2736 κείμενον,
1751 2700 1785 2733 ὅς
1795 2701 1881 2727 ἐστιν

1095 2749 1209 2784 Ἰησοῦς
1222 2749 1358 2783 Χριστὸς,
1381 2751 1397 2776 ὁ
1416 2749 1482 2782 Υἱὸς
1499 2749 1552 2776 τοῦ
1572 2748 1660 2780 Θεοῦ,
1677 2745 1712 2775 οὗ
1728 2747 1824 2781 ἐσμεν
1840 2747 1882 2773 οὶ-

1091 2795 1204 2831 κοδομὴ
1215 2816 1222 2829 ,
1237 2796 1285 2822 καὶ
1304 2794 1340 2824 οὗ
1363 2796 1458 2830 ἐσμεν
1470 2794 1620 2830 γεώργιον,
1636 2792 1881 2827 οἱκοδομηθένιες
