1940 3043
72 154 106 182 οδ
759 144 982 175 ΑΝΩΟΠΑΪυὸ.
1671 149 1709 178 eo

68 200 118 228 ἐπὶ
131 201 188 228 τὸν
210 199 349 236 θεμέλιον
363 203 526 238 προφητῶν
544 212 576 231 τε
591 204 639 231 καὶ
665 205 861 232 ἀποστόλων·

916 211 955 234 est
969 212 1066 242 prceter
1078 207 1106 235 id
1117 208 1187 243 quod
1197 209 1313 242 positum
1329 213 1368 237 est
1377 230 1384 243 ,
1398 209 1468 245 quod
1484 215 1522 238 est
1541 208 1621 238 Iesus
1632 209 1712 239 Chri-

68 246 115 273 τοῦ
132 247 232 274 εἰδέναι
253 247 303 283 τὴν
324 249 403 284 ήμῶν
419 249 564 285 οἰκοδομὴν
579 269 586 282 ,
606 251 721 285 στερεὰν
736 249 819 278 οὖσαν
835 252 864 279 ὲν

66 291 204 327 ἀληθείᾳ,
224 294 271 320 καὶ
291 293 338 320 τὸν
354 295 434 330 ἡμῶν
449 295 574 331 θεμέλιον
592 296 635 323 ἀεὶ
656 297 733 329 ὄντα,
759 298 807 324 καὶ
827 298 864 334 μὴ

66 337 222 373 ἀρξάμενον
247 338 293 365 τοῦ
319 337 399 367 εἶναι.
422 341 493 367 Ἀλλ·
508 342 558 368 οὐκ
574 342 603 368 ὲν
619 343 702 368 πᾶσιν
726 343 742 378 ἡ
765 343 865 377 γνῶσις

66 384 140 411 κατὰ
157 384 203 411 τὸν
219 384 398 412 ἁποστολικὸν
411 386 501 420 λόγον,
523 387 580 414 ἀλλ’
603 388 633 414 ὲν
653 389 710 419 τοῖς
733 388 866 422 καταξιωο

65 430 138 456 Θείσι
153 430 291 465 Πνεύματι
309 431 381 467 ἁγίῳ
404 432 440 458 τὰ
462 432 513 467 τῆς
534 433 665 468 ἀληθείας
687 433 788 460 εἰδέναι
815 443 866 470 μυ-

65 476 178 510 στήρια.
197 477 294 508 Αὐτοῖς
305 478 313 492 ί
342 477 397 513 γὰρ
413 478 427 504 ὁ
446 478 626 514 ἀποκαλύψας
641 479 738 507 ἑαυτὸν
756 480 803 507 καὶ
820 480 865 508 τὸν

64 520 164 547 ἑαυτοῦ
180 521 289 557 Πατέρα
304 522 350 548 xa‘t
367 522 397 549 τὺ
413 523 490 557 ἆγιον
503 523 626 559 Πνεῦμα,
640 525 865 562 ἐπιμεμφόμενός

62 576 143 599 τινας
166 567 220 594 τῶν
247 569 276 594 ὲν
302 569 426 604 ἀγνωσία
451 569 561 604 ἔλεγεν·
589 572 650 598 Οὐκ
686 571 787 598 οἴδατε
811 573 865 606 τὰς

64 615 202 649 Γραρὰς,
222 615 282 641 οὐδὲ
302 615 352 651 τὴν
366 615 481 651 δύναμιν
494 616 585 643 αὐτῶν
595 625 602 632 ·
622 617 670 644 καὶ
686 617 768 644 πάλιν
783 618 866 645 ἀλλα-

63 661 127 696 χόθι
137 670 144 676 ·
166 662 192 687 '0
206 663 286 696 ἔχων
306 660 366 689 ὦτα
382 662 514 695 ἀκούειν,
529 663 661 690 ἀκουέτω
672 672 680 679 ·
699 664 746 691 καὶ
766 664 846 691 πάλιν
856 673 863 681 ⁸

64 708 102 733 El
122 707 207 741 ᾕδεις
229 708 275 740 τίς
291 707 378 734 ἐστιν
392 709 409 734 ό
423 707 519 742 ζητῶν
535 709 615 743 παρὰ
633 709 692 736 σοῦ
712 710 806 743 πιεῖν,
824 710 864 737 σὺ

63 752 105 779 ἄν
121 753 250 787 ᾔτησας,
266 754 298 788 τῇ
316 753 494 788 Σαμαρείτιδι
511 753 602 788 ἔλεγε·
618 754 665 781 καὶ
682 755 763 782 πάλιν
774 763 780 769 ·
802 757 863 782 οὐκ

63 797 167 824 οἶδατε
187 798 253 824 οἵου
269 798 440 832 πνεύματός
460 798 541 825 ἐστε.
563 799 634 836 Ἀρα
655 797 701 826 οὖν
725 800 741 835 ἡ
765 800 865 834 γνῶσις

63 843 116 869 οὐκ
133 843 162 870 ὲν
177 844 262 870 πᾶσι’
282 844 442 879 χαρίσματα
459 845 514 880 γὰρ
525 844 582 880 ἔχει
603 845 636 871 ὲκ
652 844 720 872 Θεοῦ
736 845 863 881 διάφορα,

67 889 117 915 καί
130 897 215 924 φησιν
232 890 246 916 ὁ
261 889 337 924 ἅγιος
353 889 447 923 λόγος·
461 887 499 925 ’ῼ
512 890 625 917 δίδοται
637 891 862 926 περισσότερον,
880 886 900 914 Β

66 936 290 970 περισσότερον
305 936 533 970 ἀπαιτήσουσιν
546 937 640 964 αὐτόν
649 945 656 952 '
668 937 706 969 ὡς
718 937 799 964 τινῶν
815 938 864 973 μὲν

63 980 262 1016 λαμϐανόντων
281 981 379 1017 βραχὺ,
399 982 480 1009 τινῶν
498 982 527 1009 δὲ
549 983 603 1009 οὐδ’
623 983 701 1016 ὅλως,
725 983 812 1010 ἄλλων
834 984 863 1011 δὲ

63 1027 270 1062 περισσοτέρως
281 1027 442 1063 εἰληφότων.

917 257 974 280 slus
989 252 1077 280 Filius
1088 254 1138 281 Dei
1151 255 1161 270 ²
1179 264 1186 282 2
1203 255 1279 289 cujus
1290 255 1433 288 crdificatio
1449 265 1538 284 sttinus
1551 261 1576 283 et
1593 262 1711 292 agricul-

918 303 996 332 tura,
1012 299 1140 334 a'diﬁcati
1155 309 1237 336 supra
1261 301 1463 335 fundamentum
1485 302 1671 335 prop/telarum
1685 307 1711 329 et

917 345 1102 378 apostolorum
1120 345 1131 361 ³
1148 355 1154 372 :
1177 351 1206 372 ut
1223 351 1390 374 structuram
1408 351 1530 374 nostram
1547 348 1574 374 in
1596 348 1711 376 veritate

917 389 1038 424 ﬁrmam,
1056 398 1087 417 ac
1113 391 1322 419 fundamentum
1346 395 1470 419 nostrum
1489 396 1618 419 aeternum
1637 401 1709 425 esse,

917 443 967 462 uec
983 436 1071 462 ullum
1091 437 1198 464 initium
1218 437 1347 464 habuisse
1372 438 1516 465 sciremus.
1537 437 1635 465 Verum
1653 447 1709 466 non

916 481 987 508 inest
1004 482 1132 510 omnibus
1147 484 1275 515 scientia,
1293 487 1323 510 ut
1346 487 1464 511 testatur
1485 483 1644 519 Apostolus,
1661 485 1708 512 sed

916 526 952 554 iis
967 527 1110 561 duntaxat,
1129 529 1175 564 qui
1192 529 1314 557 veritatis
1338 530 1467 565 mysteria
1487 530 1574 556 sancti
1590 529 1712 565 Spiritus

917 573 1053 601 beneficio
1076 575 1220 610 percipere
1241 579 1411 603 meruerunt.
1432 576 1538 602 Etenim
1562 576 1608 604 ille
1631 576 1710 611 ipse,

916 619 962 654 qui
979 627 1010 647 se
1030 627 1061 647 ac
1086 619 1193 648 Patrem
1212 625 1239 648 et
1263 620 1394 656 Spiritum
1419 626 1543 649 sanctum
1564 621 1710 656 patefecit,

916 665 1065 693 nonnullos
1085 666 1132 701 qui
1150 667 1302 701 ignorantia
1317 667 1479 694 laborabant
1493 689 1500 700 ,
1517 668 1686 703 redarguens
1703 677 1710 695 :

917 709 1044 741 Nescitis.
1065 711 1164 746 inquit,
1184 711 1338 745 Scripturas
1354 716 1375 745 δ,
1398 720 1487 747 neque
1503 713 1556 739 vim
1574 713 1708 749 ipsarum.

916 755 986 782 Tum
1004 756 1058 783 alio
1071 757 1150 784 loco:
1166 757 1218 790 Qui
1233 757 1310 784 habet
1328 766 1405 784 aures
1422 757 1556 791 audiendi,
1575 758 1670 785 audiat
1687 758 1710 785 ⁵.

917 802 983 829 Item
999 802 1200 830 Samaritanam
1212 804 1374 839 alloquens:
1387 803 1417 831 Si
1431 805 1524 836 scires,
1541 804 1640 840 inquit,
1651 805 1710 839 quis

916 848 960 881 sit,
978 849 1023 884 qui
1036 857 1053 876 a
1068 853 1091 876 le
1106 854 1196 884 potum
1207 850 1331 886 ﬂagitat,
1351 855 1378 877 tu
1394 850 1426 876 ab
1444 851 1490 878 illa
1503 851 1622 885 petiisse;
1637 851 1656 878 ⁶.
1671 850 1711 877 Ac

916 901 1025 921 rursum
1043 904 1049 922 :
1080 894 1198 922 Nescitis
1223 896 1298 930 cujus
1321 897 1380 923 sitis
1393 897 1501 930 spiritus
1513 897 1534 924 ".
1551 897 1637 932 Igitur
1656 904 1711 924 non

917 945 1013 967 omnes
1033 940 1147 968 scientia
1160 941 1268 976 praediti
1284 946 1358 969 sunt.
1374 941 1441 969 Nam
1455 941 1565 970 diversa
1579 942 1712 970 divinitus

916 985 989 1012 dona
1007 987 1258 1019 communicantur,
1274 991 1366 1022 atque,
1379 993 1409 1014 ut
1421 986 1562 1021 Scriptura
1575 992 1710 1015 testatur:

916 1030 967 1059 Cui
987 1032 1102 1066 amplius
1125 1032 1218 1060 datum
1236 1038 1285 1065 est,
1306 1035 1420 1068 amplius
1440 1034 1473 1061 ab
1495 1043 1525 1061 eo
1544 1039 1659 1068 repetent
1676 1034 1709 1060 ":

64 1072 148 1107 quasi
187 1072 312 1100 nonnulli
340 1073 468 1110 exiguum
498 1074 627 1110 quiddam
654 1075 801 1111 accipiant,
830 1076 878 1104 alii
911 1078 1021 1113 penitus
1052 1079 1131 1112 nihil,
1154 1079 1200 1106 alii
1226 1080 1340 1108 uberius
1368 1083 1395 1108 et
1419 1080 1606 1108 abundantius
1638 1079 1711 1107 obti-

64 1123 160 1146 ncant.

99 1165 165 1191 KZ’.
176 1165 233 1192 Καὶ
248 1165 288 1192 ὅτι
305 1166 354 1201 μὲν
369 1166 455 1194 ταῦτα
469 1167 556 1199 οὕτως
576 1167 644 1203 ἔχει,
658 1167 687 1201 ἐξ
703 1167 759 1204 (26)
775 1168 864 1196 αὐτῶν

61 1210 118 1237 τῶν
136 1210 166 1236 ἐν
185 1211 244 1242 ταῖς
263 1211 350 1243 θείαις
365 1212 488 1248 Γραφαῖς
501 1213 655 1249 εἰρημένων
672 1214 746 1241 ἐστιν
761 1215 863 1250 εὑρεῖν.

62 1256 122 1291 Τῆς
128 1257 185 1292 γὰρ
192 1257 268 1289 θείας
275 1258 387 1294 Γραφῆς
394 1260 585 1295 πνευματικῶς
593 1260 781 1296 λεγομένηςτὰ
789 1261 865 1288 πλεῖ-

63 1311 115 1328 στα.
138 1303 257 1337 μάλιστα
281 1305 346 1339 περὶ
362 1304 412 1340 τῆς
429 1305 568 1341 ἡμετέρας
581 1306 664 1341 ζωῆς,
678 1306 806 1341 γνώσεώς
823 1315 864 1339 τε,

62 1349 137 1384 φημὶ
148 1369 155 1381 ,
173 1349 221 1376 τοῦ
238 1349 341 1385 Κυρίου
352 1358 358 1364 ·
372 1351 422 1377 ὅσα
443 1351 496 1387 γάρ
512 1351 570 1378 ἐστι
588 1352 736 1388 βαθύτερα,
754 1353 801 1380 καὶ
816 1361 865 1380 πε-

63 1395 234 1431 ρισσοτέρως
264 1397 315 1433 τὴν
338 1398 476 1433 ἡμετέραν
500 1398 591 1434 ψυχὴν
620 1398 865 1434 ἀπασφαλιζόμενα

64 1443 190 1478 ῥήματα,
203 1441 289 1470 ταῦτα
300 1443 341 1474 είς
356 1443 527 1479 πρόσκομμα
542 1445 599 1475 τοῖς
611 1444 661 1480 τὴν
675 1444 777 1478 γνῶσιν
791 1443 859 1470 Θεοῦ

63 1486 102 1521 μὴ
133 1486 314 1522 κατειληφόσι
341 1487 534 1523 συμϐέϐηκεν·
560 1487 599 1520 ὥς
628 1497 711 1524 φησιν
744 1489 823 1524 Ὠσηὲ
847 1490 861 1515 ὁ

63 1532 210 1567 προφήτης
220 1540 229 1548 σ
255 1531 303 1563 Τίς
326 1531 455 1566 συνετὸς
468 1532 517 1559 καί
531 1533 663 1567 συνήσει
677 1533 788 1566 ταῦτα;
810 1534 861 1560 καὶ

61 1574 86 1611 ᾦ
99 1578 192 1613 λόγος
210 1577 350 1610 γνώσεως
370 1579 482 1613 Κυρίου
497 1578 631 1611 δέδοται,
648 1579 697 1606 καί
716 1579 861 1614 γνώσεται

62 1624 159 1655 αὐτά;
188 1623 233 1650 ὅτι
257 1623 368 1650 εὐθεῖαι
393 1625 423 1650 al
449 1623 511 1651 ὁδοὶ
535 1624 656 1658 Kuplov,
682 1625 801 1658 ἀσεϐεῖς
828 1624 862 1651 δὲ

61 1670 299 1704 προσκόψουσιν
320 1670 355 1695 ἐν
369 1669 485 1702 αὐταῖς.
508 1669 618 1695 Εὐθεῖαι
643 1669 692 1705 μὲν
709 1669 762 1705 γάρ
780 1671 859 1702 εἰσιν,

60 1716 120 1743 ἀλλ’
149 1716 174 1742 οι
206 1715 316 1747 ἀσεϐεῖς
340 1715 544 1750 προσκόπτουσι
568 1716 629 1747 ταῖς
652 1716 721 1748 ὁδοῖς
742 1716 859 1752 Κυρίου,

60 1761 192 1788 ἀναιτίων
215 1760 320 1788 τούτων
342 1761 430 1787 οὐσῶν
454 1761 610 1797 ἀνθρώποις
636 1761 860 1797 προσκόμματος.

60 1808 92 1834 Ol
108 1807 166 1842 γὰρ
184 1807 403 1842 προσκόπτοντες
416 1806 456 1842 τῷ
478 1807 545 1842 λίθῳ
567 1806 614 1833 τοῦ
630 1807 842 1843 προσκόμματος
852 1828 859 1840 ,

60 1852 219 1888 ἀδιαφόρως
235 1852 449 1888 προσκόπτουσι.
472 1852 650 1888 Προσέκοψαν
666 1852 720 1888 γὰρ
741 1852 780 1888 τῷ
794 1853 860 1888 λίθῳ

59 1899 107 1926 τοῦ
123 1899 341 1934 προσκόμματος
351 1920 359 1932 ,
373 1899 421 1925 καὶ
435 1898 685 1935 ἐσκανδαλίσθησαν
694 1909 700 1915 ·
715 1899 796 1931 εὐθὺς
811 1900 860 1935 μὲν

59 1944 116 1980 γὰρ
135 1944 161 1971 ot
189 1944 310 1970 Ἰουδαῖοι
341 1944 458 1980 ὁρῶντες
485 1944 531 1971 τὸν
558 1944 690 1980 μονογενῆ
716 1944 780 1971 Υἱὸν
813 1941 859 1971 τοῦ

59 1990 130 2016 Θεοῦ
148 1991 178 2016 ὲν
194 1990 278 2024 σαρκὶ
297 1989 456 2025 ἐληλυθότα,
482 1989 645 2025 Θεοσημείας
664 1989 859 2025 ἐργαζόμενον,

59 2036 108 2063 καὶ
131 2035 391 2071 μὴ.κατηξιωμένοι
410 2036 459 2071 τῆς
474 2036 599 2070 γνώσεως
622 2037 671 2071 τῆς
685 2036 858 2071 ἐπουρανίου,

58 2081 164 2116 ἔλεγον·
181 2081 229 2114 Τίς
237 2081 323 2108 ἐστιν
330 2082 346 2108 ὀ
354 2081 508 2116 ἄνθρωπος
516 2080 615 2115 οὗτος,
624 2082 658 2115 ὃς
668 2081 858 2114 λαλεῐβλασ-

59 2127 196 2162 φημίας;
221 2127 269 2153 καὶ
298 2127 408 2154 ἄλλοτε·
433 2128 468 2154 Et
496 2125 536 2162 ἦν
555 2129 571 2154 ὀ
594 2127 749 2162 ἅνθρωπος
771 2125 860 2160 οὗτος

59 2174 94 2200 ἐκ
110 2172 199 2205 Θεοῦ,
215 2173 270 2200 οὐκ
292 2173 330 2199 ἂν
344 2172 417 2200 ἔλυε
434 2173 468 2200 τὸ
485 2173 648 2200 Σάϐϐατον.
668 2173 740 2209 Ἀρα
752 2171 798 2200 οὖν
809 2173 859 2209 τὴν
877 2186 900 2215 D

59 2219 198 2254 Θεὸτητα-
208 2219 339 2254 ἠγνόουν,
360 2219 502 2254 ἄνθρωπον
524 2219 551 2245 δὲ
575 2219 652 2254 ψιλὸν
677 2219 756 2254 μόνον
779 2219 859 2245 αὑτὸν

60 2263 199 2299 ἐνόμιζον.
224 2263 255 2289 Ol
277 2263 305 2290 δὲ
329 2263 377 2290 καὶ
397 2263 463 2290 Θεὸν
478 2263 560 2290 αὑτὸν
579 2263 739 2298 ἐγνωκότες,
758 2264 858 2300 ἀγνοήο

62 2318 160 2340 σαντες
177 2308 226 2344 τὴν
246 2308 352 2335 τελείαν
373 2309 455 2336 αὑτοῦ
472 2309 565 2342 δόξαν,
590 2309 756 2341 ἀκούσαντες
775 2310 809 2336 τὰ
828 2311 857 2336 ὲν

63 2354 142 2389 βάθει
159 2354 225 2389 περὶ
241 2353 323 2380 αὑτοῦ
346 2353 478 2389 εἰρημένα
501 2354 628 2389 ῥήματα,
648 2354 695 2380 καὶ
717 2354 789 2380 κατὰ
806 2354 856 2389 τὴν

62 2401 102 2432 εἰς
131 2400 212 2435 ἡμῶν
237 2399 499 2435 πραγματευθεῖσαν
525 2400 659 2435 σωτήριον
690 2400 857 2435 οἰκονομίαν,

63 2445 246 2481 σφαλλόμενοι
264 2446 303 2477 εἰς
321 2445 370 2480 τὴν
385 2445 469 2472 αὑτοῦ
489 2445 620 2480 Θεότητα,
647 2445 838 2478 κακοδοξοῦσιν
850 2454 857 2461 -

62 2492 166 2528 ἔσφηλε
181 2492 236 2528 γὰρ
251 2492 350 2527 αὐτοὺς
374 2492 390 2527 ἡ
413 2491 527 2518 διάνοια.
547 2491 592 2522 Ὠς
607 2491 662 2526 γὰρ
683 2492 707 2518 οῖ
736 2491 857 2518 Ἰουδαῖοι

63 2540 223 2575 ἐσφάλησαν
247 2538 424 2570 ἀκούσαντες,
447 2537 519 2564 οὕτω
542 2538 589 2564 καὶ
616 2537 692 2564 αὐτοὶ
713 2537 858 2569 ἀκούοντες

65 2585 227 2620 ἐσφάλοντο.
258 2585 371 2611 Ἐκεῖνοι
394 2584 449 2620 γὰρ
472 2583 566 2619 ἐώρων
593 2584 628 2610 τὰ
651 2584 680 2611 ἐν
703 2585 857 2620 προφήταις

65 2632 270 2668 προειρημένα.
295 2633 334 2663 εἰς
350 2631 379 2657 δὲ
401 2631 449 2666 τὴν
466 2631 598 2666 ἕνσαρκον
617 2630 734 2666 Χριστοῦ
753 2639 856 2666 παρου-

65 2678 125 2705 σίαν
139 2677 319 2713 πληρωθέντα
334 2676 495 2712 ἀγνοοῦντες
508 2676 698 2712 ἐταράχθησαν
708 2685 714 2692 '
724 2676 772 2703 καὶ
784 2674 856 2703 οὗτοι

954 1168 1007 1203 32
1028 1168 1133 1196 XXVII.
1155 1168 1232 1202 Quod
1248 1173 1339 1196 autem
1360 1169 1418 1197 haec
1442 1169 1479 1197 ita
1500 1177 1562 1198 sese
1579 1168 1710 1201 habeant,

918 1223 951 1242 ex
969 1215 1012 1242 his
1029 1223 1090 1250 qua:
1105 1215 1133 1242 in
1159 1216 1246 1243 sacris
1265 1215 1378 1243 Litteris
1395 1223 1525 1250 expressa
1551 1219 1625 1249 sunt,
1646 1216 1711 1244 licet

919 1261 1057 1296 colligere.
1073 1261 1141 1287 Nam
1157 1261 1299 1296 Scriptura
1316 1269 1395 1289 sacra
1412 1261 1528 1296 spiritali
1542 1269 1625 1289 sensu
1642 1269 1711 1289 con-

918 1300 1000 1342 cepta
1013 1307 1144 1341 pleraque
1165 1307 1197 1334 ad
1223 1307 1304 1333 vitam
1329 1307 1501 1342 salutemque
1533 1311 1653 1334 nostram
1679 1314 1712 1334 ac

920 1352 1025 1379 Domini
1040 1353 1225 1385 cognitionem
1241 1353 1361 1380 maxime
1379 1352 1532 1387 spectantia
1548 1353 1712 1387 complecti-

918 1402 974 1425 tur.
988 1398 1054 1431 Qum
1071 1399 1144 1425 enim
1169 1398 1267 1425 altiora
1285 1402 1358 1428 sunt.
1378 1405 1492 1434 qumque
1517 1399 1639 1426 animum
1659 1407 1712 1426 no-

914 1448 1002 1471 strum
1022 1444 1130 1471 muttire
1157 1452 1189 1471 ac
1217 1444 1341 1472 stabilire
1367 1444 1473 1480 Iirmius
1500 1449 1629 1480 possunt,
1653 1445 1712 1472 lucc

913 1488 968 1517 illis
987 1488 1133 1516 offensioni
1149 1497 1212 1517 esse
1227 1489 1317 1517 solent
1330 1473 1384 1524 qui
1395 1489 1442 1516 Dei
1459 1473 1604 1517 scientiam
1620 1490 1711 1525 adepti

916 1542 970 1562 non
990 1534 1112 1567 fuerint,
1132 1540 1162 1562 ut
1184 1533 1254 1561 Osee
1271 1535 1403 1569 propheta
1421 1538 1540 1562 testatur
1555 1544 1562 1562 :
1582 1534 1648 1568 Quis
1663 1543 1710 1562 sa-

915 1580 988 1614 piens
1003 1585 1026 1607 et
1047 1580 1173 1616 intelliget
1189 1581 1264 1608 lure?
1278 1585 1302 1608 et
1317 1582 1359 1608 cui
1369 1589 1455 1608 sermo
1468 1581 1585 1608 scientia?
1602 1580 1711 1608 Domini

915 1627 993 1653 datus
1007 1631 1056 1656 est.
1077 1631 1101 1653 et
1118 1632 1255 1661 cognoscet
1269 1627 1320 1653 ista
1332 1629 1344 1655 ?
1360 1628 1485 1662 quoniam
1502 1631 1579 1654 rectm
1590 1632 1651 1654 sunt
1662 1626 1711 1654 uite

915 1672 1037 1704 Domini,
1056 1677 1080 1699 et
1104 1673 1179 1707 impii
1206 1673 1240 1699 ad
1256 1681 1301 1700 cas
1317 1673 1450 1707 offendent
1463 1673 1484 1699 9.
1499 1673 1604 1708 Quippe
1629 1677 1712 1701 rectae

915 1723 990 1751 sunt,
1007 1719 1053 1747 sed
1068 1719 1100 1746 ad
1117 1719 1175 1747 vias
1187 1719 1247 1747 illas
1264 1718 1372 1746 Domini
1387 1719 1528 1747 otl'endunt
1542 1719 1629 1754 impii,
1642 1728 1706 1747 eum

915 1765 968 1792 ilhe
986 1773 1035 1800 per
1051 1773 1111 1793 sese
1136 1765 1171 1792 ab
1192 1764 1254 1800 ejus
1270 1764 1431 1792 otiensinnis
1447 1765 1562 1793 crimine
1584 1766 1640 1793 sint
1659 1766 1711 1794 im-

914 1819 1021 1838 munes.
1037 1811 1105 1838 Nam
1122 1811 1169 1846 qui
1186 1811 1219 1838 ad
1245 1812 1363 1847 lapidem
1388 1811 1464 1839 illum
1481 1811 1641 1839 oﬂ‘ensiouis
1658 1812 1710 1839 im-

915 1857 1045 1891 pingunt,
1070 1864 1119 1890 per
1148 1856 1275 1883 inertiam
1299 1863 1330 1882 ac
1359 1855 1535 1890 supinitatem
1556 1856 1706 1884 olTendunt.

914 1900 1091 1928 Offenderunt
1106 1901 1179 1927 enim
1200 1900 1234 1927 ad
1252 1899 1411 1927 oD‘cnsionis
1429 1900 1545 1935 lapidem
1557 1922 1564 1934 ,
1582 1906 1608 1928 et
1623 1909 1706 1929 scan-

915 1946 1007 1973 dalum
1024 1947 1098 1980 passi
1118 1949 1197 1980 sunt;
1229 1946 1364 1981 imprimis
1385 1945 1488 1978 Judmi,
1513 1955 1575 1973 cum
1595 1947 1707 1974 unicum

917 1990 962 2018 Dei
983 1990 1081 2018 Filium
1096 1998 1180 2018 carne
1195 1991 1338 2026 prmdilum
1355 1992 1498 2019 advenisse
1512 1996 1668 2024 cernerent,
1681 1997 1708 2020 et

915 2036 1047 2064 miracula
1066 2040 1240 2072 patrantem,
1270 2036 1376 2064 cmlesti
1396 2037 1555 2073 cognitione
1582 2037 1707 2065 destituti

914 2083 951 2109 ita
978 2082 1030 2110 sibi
1052 2086 1148 2110 mutuo
1163 2082 1314 2110 dicebant:
1338 2082 1404 2116 Quis
1421 2088 1460 2110 est
1476 2083 1553 2110 homo
1576 2084 1634 2116 iste,
1662 2084 1708 2118 qui

915 2127 1032 2162 loquitur
1049 2127 1226 2161 blasphemia:
1244 2128 1286 2155 “?
1303 2129 1379 2156 Alias
1404 2136 1468 2155 vero
1490 2138 1497 2156 :
1527 2127 1558 2155 Si
1571 2132 1638 2155 esset
1665 2127 1707 2154 hic

913 2172 990 2199 homo
1009 2181 1025 2200 a
1047 2172 1111 2206 Deo,
1127 2181 1179 2200 non
1201 2173 1310 2200 solveret
1327 2172 1474 2201 Sabbatum
1487 2173 1519 2199 υ.
1534 2172 1706 2200 Divinitatem

915 2219 998 2255 igitur
1026 2219 1201 2254 ignorantes,
1232 2220 1337 2247 nudum
1367 2219 1443 2247 illum
1480 2218 1616 2245 hominem
1644 2224 1707 2245 esse

913 2265 1134 2300 suspicabantur.
1168 2266 1202 2292 At
1230 2266 1274 2293 isti
1296 2265 1380 2293 Deum
1394 2272 1455 2292 esse
1474 2272 1536 2292 cum
1557 2264 1632 2290 illum
1651 2271 1706 2291 non

911 2312 1046 2343 nesciant.
1058 2312 1206 2347 perfectam
1223 2312 1309 2346 ipsius
1325 2311 1481 2346 ignorantes
1495 2309 1625 2345 gloriam,
1643 2317 1705 2337 cum

913 2364 943 2384 ea
959 2365 1020 2392 qua:
1043 2357 1076 2384 de
1099 2357 1145 2384 illo
1161 2357 1295 2384 altissimo
1323 2363 1408 2383 sensu
1428 2355 1501 2382 dicta
1520 2359 1585 2383 sunt
1610 2355 1706 2383 audie-

913 2403 978 2437 rint,
994 2403 1021 2430 in
1042 2402 1115 2430 illius
1140 2403 1283 2429 divinitate
1298 2402 1448 2430 titubantes
1467 2405 1493 2428 et
1512 2405 1653 2433 errantes,
1670 2402 1704 2429 ad

913 2448 1034 2476 nefarias
1047 2449 1193 2483 opiniones
1212 2447 1359 2475 deflectunt
1376 2457 1382 2474 :
1403 2455 1473 2482 quos
1493 2447 1601 2482 quidem
1626 2455 1704 2474 mens

912 2494 1146 2529 intelligentiaque
1160 2501 1209 2521 sua
1234 2498 1407 2521 transversos
1431 2493 1458 2520 in
1483 2500 1605 2520 errorem
1628 2492 1703 2520 abri-

912 2541 981 2576 puit.
995 2539 1063 2567 Nam
1079 2543 1109 2566 ut
1119 2539 1204 2566 Judzei
1217 2543 1394 2574 posteaquam
1409 2538 1563 2571 audierunt,
1576 2538 1704 2565 aberrare

911 2588 1053 2620 coeperunt
1068 2593 1073 2610 :
1101 2584 1140 2611 sic
1156 2588 1183 2610 et
1199 2584 1236 2610 illi
1257 2584 1408 2611 secundum
1434 2584 1601 2612 auditionem
1622 2584 1649 2610 in
1664 2591 1703 2610 cr-

911 2640 1000 2659 rorem
1023 2630 1142 2666 prolapsi
1154 2634 1227 2657 sunt.
1242 2629 1327 2657 Judmi
1343 2637 1404 2665 quae
1421 2637 1435 2656 a
1452 2629 1591 2665 prophetis
1606 2628 1702 2664 pracdi-

911 2681 955 2704 cla
972 2676 1081 2704 fuerant
1098 2675 1230 2708 videntes,
1251 2679 1279 2703 et
1298 2676 1326 2703 in
1343 2675 1453 2703 Christo
1472 2675 1505 2702 ad
1522 2675 1626 2703 exitum
1641 2681 1703 2710 per-

101 2756 152 2784 'F.
169 2756 262 2788 αὐτός.
299 2757 310 2772 ¹
330 2755 412 2783 lCor.
429 2764 470 2787 ιιι,
492 2756 535 2782 Η.
573 2756 583 2772 ³
603 2755 701 2790 Ephes.
724 2764 754 2787 ιι,
776 2755 819 2783 ΞΟ.
859 2756 861 2768 ¹

919 2755 984 2781 atth.
1006 2763 1074 2787 xxii,
1094 2755 1138 2782 29.
1178 2755 1189 2770 ³
1207 2754 1304 2790 Matth.
1326 2762 1369 2790 χι,
1385 2753 1430 2790 t5.
1467 2753 1478 2769 '
1497 2752 1578 2781 Joan.
1598 2758 1636 2784 tv,
1657 2750 1700 2777 to.

67 2793 74 2809 ’
97 2792 163 2820 Luc.
187 2800 224 2825 Ix,
245 2791 288 2819 55.
333 2792 344 2807 ⁸
364 2791 430 2818 [ΑΠ’.
451 2799 500 2824 xtl,
521 2791 565 2818 48.
621 2791 632 2807 ³
651 2790 715 2818 Osc.
738 2799 794 2822 xtv,
815 2790 858 2817 10.

898 2790 920 2805 ¹⁶
940 2789 1006 2817 Luc.
1028 2798 1054 2822 v,
1074 2790 1120 2817 21.

1160 2790 1180 2806 ¹¹
1201 2789 1278 2818 Joan.
1300 2797 1338 2822 lx,
1360 2789 1402 2817 16.

101 2851 158 2887 (26)
181 2849 313 2878 Voculam
394 2856 454 2884 que
468 2847 501 2876 de
516 2855 548 2876 co
563 2848 624 2877 loco
642 2847 802 2881 exciderat,
824 2847 913 2875 eidem
932 2846 1116 2875 restituimus.
