1940 3043
249 132 282 158 Μ
956 128 984 156 S.
1007 128 1179 158 EPIPIIANII
1853 131 1888 160 68

246 188 328 215 ducta
343 193 510 219 nescientes,
529 181 738 222 perturbatione
751 186 881 214 cummoti
896 191 977 221 sunt;
994 187 1038 214 isti

1093 188 1174 215 πάλιν
1202 188 1248 216 διὰ
1269 189 1321 224 τὴν
1344 189 1427 215 αὐτοῦ
1455 189 1613 224 οἰκονομίαν
1636 189 1670 216 τὰ
1696 189 1888 226 προειρημένα

246 240 263 260 e
278 232 419 259 contrario
437 239 498 266 qua:
513 231 547 258 ad
564 230 667 258 Christi
695 230 913 258 incarnationem
929 232 1040 258 oracula

247 278 395 313 pertinent,
412 277 564 309 audientes,
584 276 631 304 sed
650 276 743 311 jejunc
759 281 842 311 atque
868 277 977 304 exiliter
993 285 1040 304 ac-

247 325 391 359 cipientes,
409 330 535 358 peraeque
550 322 705 354 turbantur,
722 328 748 350 et
760 331 821 358 qua:
834 323 867 350 ad
883 323 1041 350 aediﬁcatio-

247 377 310 397 nem
344 373 467 397 nostram
497 368 602 403 scripta
620 373 696 401 sunt,
726 376 805 396 suam
829 369 863 396 ad
891 369 1040 404 perniciem

248 416 418 451 exitiumque
438 414 591 450 proferunt.
610 415 668 442 Hoc
682 415 756 443 enim
773 415 909 455 objiciunt
925 425 931 443 :
957 415 1040 451 Atqui

247 462 376 489 Christus
395 461 466 489 dixit
481 471 488 488 :
505 460 561 496 Ego
579 461 646 488 vada
661 462 694 488 ad
714 461 796 488 Deum
815 470 900 488 meum
914 466 939 489 et
959 461 1041 488 Deum

246 512 372 539 vestrum,
385 506 494 534 Patrem
508 515 594 534 meum
603 511 627 534 et
641 507 750 534 Patrem
762 507 909 535 vestrum‘.
923 506 1041 535 Videsne

246 558 277 580 ut
292 554 364 581 inter
389 556 496 580 creatas
518 561 562 580 res
585 553 630 580 ille
647 553 815 581 censeatur?
832 553 879 580 Sic
902 553 975 580 enim
992 561 1041 588 per

246 607 380 627 summam
395 599 422 626 in
437 598 522 626 Deum
535 600 731 627 contumeliam
745 599 883 635 jactitant.

280 645 335 681 33
355 644 478 672 XXVIII.
500 644 596 672 Jamnc
607 645 689 680 igitur
705 646 901 674 animadvertis
911 645 1042 681 quemad-
1074 668 1077 671 .

246 692 357 719 modum
374 691 529 718 Salvatoris
545 691 700 718 incarnatio
717 692 821 720 erroris
841 692 895 719 illis
916 692 1042 720 occasio-

247 747 308 765 nem
319 737 457 773 praebeat?
471 737 605 773 Repetam
619 739 692 766 enim
703 746 765 773 qua).
776 739 809 766 ab
824 739 903 766 initio
917 738 1040 772 fuerunt,

247 790 280 810 ac
292 783 326 810 de
339 785 511 820 temporibus
525 784 567 811 vel
584 784 794 819 tempestatibus
815 784 966 819 inquirant.
979 784 1042 811 Emi-

247 833 289 856 tus
314 831 394 863 enim,
415 831 514 866 inquit,
533 830 617 865 ipsius
641 830 760 858 adiebus
779 831 936 858 aeternitatis
951 832 973 857 ².
995 831 1042 858 Vi-

1091 233 1246 266 άκούοντες,
1258 233 1343 269 ψιλῶς
1359 234 1387 260 δὲ
1400 233 1470 260 αὐτὰ
1484 233 1618 267 νοοῦντες,
1635 234 1820 270 ταράσσονται
1842 235 1887 261 καὶ

1091 280 1290 316 προϐάλλονται
1313 281 1355 312 εἰς
1373 281 1422 314 τὴν
1441 280 1545 307 ἑαυτῶν
1565 281 1769 316 καταστροφὴν,
1795 281 1829 307 τὰ
1848 282 1887 313 εἰς

1091 326 1141 361 τὴν
1156 327 1173 362 ή
1179 326 1237 362 μῶν
1260 326 1405 361 οἰκοδομήν
1415 335 1421 341 ’
1437 326 1484 353 καί
1500 335 1582 360 φασιν
1592 335 1598 341 ·
1621 327 1690 353 Ἀλλ’
1703 325 1792 358 εἶπεν,
1813 326 1886 361 ‘E‘fc‘u

1091 373 1256 408 ἀπέρχομαι
1270 373 1344 408 πρὸς
1358 373 1412 400 τὸν
1422 374 1496 400 Θεόν
1506 382 1567 408 μου
1580 373 1628 400 καὶ
1642 373 1717 400 Θεὸν
1728 373 1824 408 ὑμῶν,
1836 374 1884 401 καὶ

1091 418 1208 453 Πιιτέρα
1224 428 1284 453 μου
1309 418 1358 445 καὶ
1379 417 1496 452 Πατέρα
1511 418 1603 453 ὑμῶν.
1627 419 1707 454 Ὁρᾷς
1722 419 1763 446 ὃτι
1778 419 1826 445 καὶ
1843 419 1887 444 αὑ-

1091 465 1136 497 τὸς
1148 465 1178 492 ἓν
1191 465 1250 492 ἐστι
1263 465 1318 492 τῶν
1329 464 1504 500 κτισμάτων;
1521 464 1749 500 βλασφημοῦντες
1764 464 1886 500 τολμῶσι

1091 511 1190 546 λέγειν.

1128 645 1196 672 KH'.
1217 646 1332 678 Βλέπεις
1345 647 1435 674 τοίνυν
1454 648 1494 674 ὅτι
1512 647 1624 682 σφάλλει
1637 646 1735 678 αὐτοὺς
1747 646 1763 681 ἡ
1776 645 1828 680 τῆς
1843 646 1884 672 ὲν-

1093 691 1195 728 σάρκου
1217 694 1367 729 παρουσίας
1383 693 1541 729 οἰκονομίας
1562 692 1760 721 Ἀναλάϐουσιο
1780 692 1836 727 γὰρ
1855 692 1885 725 ἐξ

1092 738 1221 774 ὑπαρχῆς
1238 759 1245 769 .
1285 739 1333 766 καὶ
1366 740 1534 776 ὲρωτήσουσι
1561 740 1673 775 χρόνους
1710 739 1728 774 ἢ
1759 737 1883 774 καιρούς.

1091 786 1126 812 Al
1141 783 1196 818 γὰρ
1208 784 1337 817 διέξοδοι
1350 786 1455 819 αὑτοῦ,
1469 785 1564 822 φησὶν,
1578 785 1628 820 ἀφ’
1638 783 1757 820 ἡμερῶν
1765 783 1882 816 αἰῶνος.

1094 832 1208 868 Ἴδωμεν
1233 831 1324 859 τοίνυν
1344 831 1378 859 τὰ
1405 832 1458 867 πρὸ
1480 831 1592 859 τούτων.
1617 831 1700 866 Φησὶν
1731 831 1745 857 ό
1770 830 1883 865 Πατήρ·

247 875 362 903 deamus
389 876 472 911 igitur
493 884 524 904 ea
543 884 605 911 quae
621 880 701 904 antea
725 880 935 911 praecesserunt.
960 876 1041 904 Pater

1093 878 1268 913 Ποιήσωμεν
1286 878 1442 912 ἄνθρωπον
1457 877 1521 904 κατ’
1543 876 1644 904 εικόνα
1664 875 1812 910 ἡμετέραν
1834 875 1884 901 καὶ

248 921 322 948 hunc
337 921 363 948 in
379 921 488 949 modum
505 922 613 949 locutus
626 926 669 949 est
687 931 693 949 :
706 921 851 949 Faciamus
861 922 992 949 hominem
1005 921 1040 948 ad

247 966 389 1001 imaginem
405 972 524 994 nostram
544 973 569 995 et
586 968 620 994 ad
643 967 854 995 similitudinem.
871 967 929 995 Non
944 967 1014 995 dixit
1032 975 1039 993 :

247 1012 358 1040 Faciam
374 1013 513 1041 hominem
527 1013 560 1041 ad
576 1013 722 1048 imaginem
734 1020 832 1040 meam.
844 1012 894 1041 Vel
909 1013 967 1041 haec
982 1013 1040 1048 ipsa

247 1062 274 1084 te
294 1059 376 1085 verba
390 1059 556 1095 redarguere
569 1059 686 1089 debent.
705 1059 862 1094 quicunque
877 1059 1039 1087 obduratum

246 1111 296 1130 cor
311 1104 396 1132 habes
410 1105 448 1131 uti
463 1104 596 1139 scriptum
613 1108 654 1131 est
677 1113 684 1131 :
702 1103 754 1131 Sed
769 1103 929 1132 obduratum
942 1110 980 1132 est
996 1113 1041 1131 car

245 1157 338 1176 eorum
354 1150 375 1176 ³.
399 1149 573 1177 Βίεοο.ἰιιίυο
591 1148 690 1176 Filium
713 1149 786 1184 apud
803 1149 910 1177 Patrem
933 1158 1041 1185 semper

246 1196 397 1224 exstitisse.
412 1195 480 1223 Nam
494 1196 547 1224 hoc
562 1195 674 1223 verbum
688 1205 695 1222 :
715 1194 874 1228 Faciamus,
887 1203 942 1223 non
956 1204 1039 1224 unum

247 1243 381 1269 duntaxat
404 1242 562 1278 signiﬁcat,
594 1241 642 1270 sed
658 1241 768 1269 Patrem
793 1249 852 1268 rum
874 1241 943 1269 Filio
957 1242 1041 1270 collu-

249 1292 378 1322 quentem
402 1287 542 1322 exprimit.
567 1286 669 1314 Eadem
689 1290 716 1314 te
736 1294 788 1314 vox
809 1286 855 1313 illa
874 1287 1039 1322 convincat,

1093 923 1158 950 καθ’
1180 922 1340 957 ὁμοίωσιν·
1361 922 1409 949 καὶ
1423 922 1473 949 οὐκ
1488 919 1548 948 εἷπε
1558 930 1564 936 ·
1583 921 1640 957 (27)
1655 921 1764 955 Ποιήσω
1782 919 1885 955 ἀνορω-

1091 976 1142 994 πον
1155 967 1214 993 κατ’
1228 967 1320 994 εἰκόνα
1333 967 1412 1002 ἐμήν.
1435 965 1594 1001 Ἐλέγχθητι
1604 966 1618 991 ὁ
1629 965 1698 1000 ἔχων
1718 963 1884 999 πεπωρωμέ-

1091 1021 1140 1047 νην
1174 1012 1223 1048 τὴν
1247 1012 1360 1048 καρδίαν
1388 1012 1459 1039 κατὰ
1488 1012 1519 1038 τὸ
1547 1010 1757 1048 γεγραμμένον·
1802 1009 1882 1049 ’ὕειον

1091 1058 1230 1093 ἐπωρώθη
1245 1059 1264 1092 ὴ
1278 1058 1386 1092 καρδία
1401 1057 1515 1085 αὐτῶν·
1528 1057 1575 1084 καὶ
1591 1056 1659 1092 μάθε
1678 1056 1721 1082 τὸν
1737 1055 1802 1082 Υἱὺν
1818 1055 1883 1081 ὄντα

1091 1104 1134 1130 ἀεὶ
1152 1104 1219 1140 πρὸς
1239 1103 1286 1130 τὸν
1307 1105 1426 1140 Πατέρα.
1447 1102 1484 1130 Τὸ
1496 1102 1550 1139 γὰρ
1573 1104 1677 1135 εἰπεῖν,
1693 1102 1881 1136 Ποιήσωμεν,

1091 1152 1140 1186 οὐχ
1163 1151 1222 1183 ἑνός
1243 1153 1300 1178 ἐστι
1325 1150 1511 1186 σημαντικδν,
1536 1150 1605 1177 ἀλλὰ
1629 1149 1736 1185 Πατρὺς
1758 1149 1882 1183 λέγοντος

1092 1196 1161 1232 πρὸς
1173 1196 1220 1223 τὸν
1237 1197 1310 1224 Υἱόν.
1324 1197 1481 1232 Ἐλέγχθητι
1490 1197 1504 1223 6
1518 1195 1604 1231 λέγων
1619 1196 1664 1223 τὸν
1679 1195 1744 1222 Υἱὸν
1757 1195 1882 1230 ἀνόμοιον

1091 1243 1130 1278 τῷ
1152 1243 1250 1280 Πατρί.
1271 1244 1314 1270 Ἐν
1336 1243 1375 1278 τῷ
1392 1243 1446 1279 γὰρ
1469 1243 1556 1269 εἰπεῖν
1576 1242 1675 1272 αὑτὸν,
1700 1242 1765 1268 κατ’
1780 1242 1884 1268 εἰκόνα

1092 1289 1250 1324 ἡμετέραν,
1273 1290 1302 1315 οὐ
1316 1289 1448 1326 διέκρινεν
1464 1289 1594 1324 ὁμοίωσιν
1611 1287 1677 1314 Υἱοῦ
1693 1287 1748 1314 ἀπὸ
1764 1287 1882 1323 Πατρδς.

245 1333 372 1369 quisquis
396 1332 469 1360 Patri
496 1332 658 1360 dissimilem
679 1339 743 1360 esse
763 1331 862 1359 Filium
889 1332 1039 1360 existimas.

1093 1334 1151 1361 οὐδὲ
1175 1334 1255 1361 διεῖλέ
1276 1343 1302 1360 τι
1317 1335 1366 1370 τῆς
1378 1334 1542 1369 ταυτότητος
1565 1333 1613 1360 τοῦ
1631 1332 1738 1369 Πατρὸς
1755 1333 1823 1369 πρὸς
1839 1333 1884 1360 τὸν

247 1380 304 1407 Hoc
330 1380 402 1407 enim
427 1379 486 1414 ipso
505 1379 576 1415 quod
597 1378 673 1411 dicit,
692 1378 727 1405 ad
742 1379 882 1414 imaginem
902 1383 1038 1411 nostram,

1093 1380 1168 1407 Υἱόν.
1182 1380 1219 1407 Οὐ
1233 1380 1288 1416 γὰρ
1309 1378 1381 1412 εἷπε,
1395 1381 1455 1407 κατ’
1467 1379 1560 1407 εἰκόνα
1580 1380 1660 1416 ἐμὴν,
1674 1380 1703 1415 ἢ,
1719 1379 1779 1406 κατ’
1792 1379 1884 1406 εἰκόνα

246 1424 309 1452 Filii
326 1425 534 1453 similitudinem
555 1432 570 1452 a
586 1423 667 1451 Patre
685 1431 739 1451 non
758 1423 903 1458 disjunxit,
916 1431 968 1451 nec
986 1424 1041 1451 ulla

1093 1426 1152 1462 σὴν,
1168 1426 1237 1453 ἀλλὰ
1251 1425 1299 1452 τοῦ
1319 1425 1427 1461 Πατρὸς
1449 1425 1557 1452 καὶτοῦ
1575 1425 1640 1452 Υἰοῦ
1666 1425 1713 1452 καὶ
1735 1425 1781 1452 τοῦ
1804 1426 1884 1460 ἁγίου

246 1478 276 1497 re
291 1469 381 1497 Patris
397 1466 573 1497 identitatenf
583 1475 647 1496 cum
659 1467 729 1495 Filio
742 1468 878 1495 distinxit.
897 1467 963 1495 Nam
985 1476 1038 1496 non

1093 1472 1251 1507 Πνεύματος
1271 1471 1336 1507 μίαν
1362 1472 1456 1499 οὐσίαν
1470 1471 1587 1508 ἐδήλωσε
1602 1472 1650 1498 καὶ
1665 1471 1785 1508 Θεότητα
1795 1480 1802 1487 '
1818 1472 1885 1507 φησί

246 1515 328 1548 dixit,
341 1515 375 1542 ad
392 1515 537 1550 imaginem
553 1521 653 1545 meam.
665 1513 719 1546 vel,
735 1513 769 1540 ad
781 1513 925 1549 imaginem
943 1518 1017 1541 tuam
1031 1523 1038 1542 :

1094 1517 1158 1553 γὰρ,
1175 1518 1239 1544 κατ’
1253 1518 1356 1544 εἰκόνα
1379 1517 1526 1552 ἡμετέραν
1540 1518 1590 1544 καὶ
1605 1518 1669 1545 καθ’
1681 1518 1835 1552 ὁμοίωσιν,
1847 1517 1884 1548 ὡς

245 1560 294 1588 sed
311 1559 401 1587 Patris
416 1563 443 1587 et
463 1558 523 1586 Filii
535 1562 562 1586 et
577 1557 696 1593 Spiritus
710 1558 798 1586 sancti
813 1566 894 1586 unam
911 1559 1040 1586 substan-

1093 1560 1161 1589 εἶναι
1185 1562 1234 1598 μὲν
1258 1562 1322 1597 μίαν
1348 1561 1394 1589 τοῦ
1412 1563 1519 1599 Πατρὸς
1541 1563 1588 1589 καὶ¹
1611 1562 1659 1589 τοῦ
1680 1561 1746 1589 Υιοῦ
1770 1563 1818 1589 καὶ
1838 1562 1884 1588 τοῦ

246 1606 313 1632 tiam
343 1604 572 1638 divinitatemque
598 1604 770 1631 monstravit.
789 1603 863 1631 Dixit
887 1604 977 1637 enim,
1004 1605 1038 1632 ad

1093 1609 1170 1643 ἁγίου
1185 1608 1348 1644 Πνεύματος
1364 1608 1413 1644 τὴν
1436 1609 1562 1644 θεότητα,
1584 1609 1727 1644 ἄνθρωπον
1737 1609 1765 1635 δὲ
1778 1609 1884 1642 γεγονέ

245 1649 389 1684 imaginem
411 1653 530 1676 nostram
548 1653 574 1676 et
597 1648 816 1681 similitudinem;
842 1655 872 1677 ut
885 1649 979 1678 eadem
998 1651 1040 1678 in-

1093 1662 1134 1680 ναι
1149 1654 1207 1680 κατ’
1221 1654 1313 1681 εἰκόνα
1331 1654 1382 1689 τῆς
1399 1654 1464 1689 μιᾶς
1483 1653 1609 1690 θεότητος
1623 1653 1731 1689 Πατρός
1751 1653 1800 1680 καὶ
1818 1653 1884 1679 Υἱοῦ

245 1695 385 1730 telligatur
403 1701 465 1722 esse
482 1693 584 1727 Patris,
602 1693 663 1721 Filii
677 1698 704 1722 et
719 1694 838 1729 Spiritus
861 1695 947 1723 sancti
975 1696 1041 1723 divi-

1093 1699 1137 1726 καὶ
1154 1699 1232 1734 ἁγίου
1258 1699 1426 1735 Πνεύματος.
1452 1699 1612 1736 Ἐλέγχθητι
1629 1699 1677 1726 καὶ
1703 1699 1754 1730 σὺ,
1777 1700 1883 1734 Ἀρειε,

245 1742 329 1772 nitas,
347 1741 380 1768 ad
405 1740 485 1775 cujus
502 1740 648 1775 imaginem
671 1740 753 1769 homo
772 1740 807 1768 sit
826 1748 983 1776 expressus.
1002 1741 1040 1769 Te

1093 1745 1137 1772 καὶ
1149 1746 1231 1773 ἄκουε
1245 1746 1290 1773 τὸν
1305 1746 1416 1781 Πατέρα
1429 1746 1544 1779 λέγοντα
1556 1746 1595 1781 τῷ
1610 1745 1677 1781 Υἱῷ,
1692 1745 1882 1780 Ποιήσωμεν,

244 1795 354 1822 quoque
371 1787 415 1814 hic
436 1786 480 1813 ille
498 1786 576 1813 locus
589 1806 596 1819 ,
612 1785 658 1812 Ari
669 1806 677 1819 ,
694 1785 860 1822 redarguat:
875 1794 907 1815 ac
929 1786 1038 1815 Patrem

1093 1791 1305 1827 συνδημιουργὸν
1326 1791 1461 1818 καλοῦντα
1486 1792 1531 1818 τὸν
1555 1791 1629 1819 Υἱόν.
1663 1791 1798 1823 Πολλάκις
1828 1791 1883 1826 γὰρ

245 1831 344 1858 Filium
359 1838 393 1858 ea
410 1838 479 1858 voce
506 1830 715 1866 compellantem
745 1831 855 1863 audias,
882 1830 1038 1859 Faciamus.

1093 1837 1198 1873 ἀκήκοά
1218 1846 1295 1870 τινας
1316 1838 1456 1873 λέγοντας,
1475 1838 1516 1864 ὅτι
1534 1838 1549 1864 ὁ
1565 1836 1630 1870 Υἱὸς
1649 1837 1777 1873 ἐποίησεν
1793 1837 1882 1869 οὐδὲν,

246 1879 303 1912 Qua
320 1885 386 1905 voce
404 1877 506 1912 opilicii
534 1877 694 1913 participem
713 1877 832 1912 appellat
854 1876 963 1906 Filium.
982 1879 1039 1906 Sae-

1093 1884 1158 1911 me
1177 1884 1210 1911 δι’
1229 1884 1311 1912 αὑτοῦ
1337 1884 1445 1919 ἐγένετο
1469 1884 1503 1911 τὰ
1523 1884 1668 1920 γενόμενα.
1694 1884 1725 1910 Et
1746 1884 1780 1911 δι’
1799 1884 1883 1911 αὑτοῦ

244 1931 396 1959 penumero
415 1923 489 1951 enim
506 1923 654 1951 nonnullos
668 1924 722 1951 ista
733 1923 869 1958 iactantes
883 1924 975 1956 audio,
991 1924 1038 1952 Fi-

1093 1930 1195 1964 γέγονε,
1209 1931 1256 1957 καὶ
1268 1930 1349 1962 αὐτὸς
1365 1929 1503 1966 ἐποίησεν,
1519 1930 1558 1962 ὼς
1572 1930 1666 1965 σαφῶς
1678 1930 1880 1958 ἀποδέδεικται.

243 1970 312 1997 lium
332 1969 445 1997 omnino
458 1969 556 1997 fecisse
569 1969 656 2002 nihil;
672 1969 720 1997 sed
735 1977 784 2004 per
799 1970 887 2004 ipsum
899 1970 1038 1997 nihilomi-

1095 1975 1124 2002 Ὀ
1137 1976 1192 2010 γὰρ
1209 1976 1374 2012 ὰρχιτέχνης
1391 1975 1479 2010 Λόγος
1494 1976 1603 2003 πάντων
1618 1976 1677 2002 ἐστὶ
1691 1977 1816 2010 ποιητὴς,
1835 1976 1882 2003 καὶ

243 2024 297 2044 nus
319 2016 412 2042 omnia
432 2023 494 2043 esse
521 2015 603 2042 facta.
623 2014 723 2043 Verum
747 2017 770 2043 si
796 2024 844 2051 per
859 2016 947 2050 ipsum
968 2015 1038 2043 facta

1093 2020 1122 2047 δι’
1139 2021 1221 2048 αὐτοῦ
1245 2022 1340 2057 Πατὴρ
1355 2021 1510 2058 ἐργάζεται.
1531 2022 1716 2048 ’Ᾱκουέτωσαν
1731 2021 1786 2057 γὰρ
1797 2021 1881 2049 αὑτοῦ

243 2065 320 2092 sunt,
337 2061 431 2096 utique
446 2066 474 2088 et
493 2061 551 2096 ipse
576 2061 639 2088 fecit
652 2081 660 2093 ,
681 2065 711 2088 ιιι
725 2065 819 2096 aperte
838 2062 1039 2089 demonstravi—

1093 2067 1184 2102 σαφῶς
1208 2067 1349 2102 λέγοντος·
1382 2068 1411 2095 '0
1436 2068 1538 2103 Πατήρ
1564 2077 1624 2103 μου
1649 2067 1799 2103 ἐργάζεται
1824 2068 1882 2101 ἕως

243 2115 315 2135 mus.
323 2107 429 2134 Etenim
449 2107 598 2142 primarius
613 2107 658 2135 ille
679 2107 777 2134 artifex
789 2106 800 2122 ⁸
810 2127 817 2139 ,
832 2106 954 2134 divinum
967 2107 1040 2135 vide-

1093 2115 1154 2148 ἄρτι
1164 2134 1172 2146 ,
1186 2114 1266 2149 κάγὼ
1279 2114 1434 2150 ἐργάζομαι
1445 2123 1451 2129 ·
1467 2116 1514 2142 καὶ
1528 2112 1579 2142 ὧδε
1597 2115 1644 2141 τὸν
1657 2113 1768 2149 Πατέρα
1782 2113 1880 2140 ἑαυτοῦ

243 2153 308 2180 licet
324 2152 455 2186 Verbum,
470 2153 663 2181 universorum
679 2152 791 2180 etl‘eclor
810 2156 869 2184 est,
889 2160 938 2188 per
957 2161 1037 2189 quem

1093 2161 1305 2197 πυνδημιουργὺν
1330 2161 1408 2188 καλεῖ
1423 2162 1453 2188 ὲν
1468 2160 1507 2196 τῷ
1519 2161 1609 2195 λέγειν
1622 2160 1711 2188 τοῦτο.
1733 2160 1814 2187 Ἀλλὰ
1831 2160 1881 2186 πά-

242 2197 325 2225 Pater
338 2198 431 2225 omnia
445 2199 567 2227 molitur.
588 2197 709 2225 Audiant
730 2198 803 2224 enim
826 2198 916 2233 ipsum
934 2200 1037 2228 diserte

1093 2207 1129 2232 λιν
1145 2207 1181 2242 μή
1198 2215 1228 2233 σε
1245 2206 1378 2234 ἀπατάτω
1391 2207 1407 2242 ἡ
1419 2206 1533 2236 διάνοια,
1547 2205 1594 2233 καὶ
1609 2204 1763 2242 προσέλθῃς
1773 2204 1812 2240 τῷ
1822 2205 1881 2241 Υἱῷ

244 2244 296 2271 ista
307 2244 443 2272 dicentem
460 2254 467 2272 :
485 2245 567 2272 Pater
582 2252 654 2271 meus
670 2249 804 2278 operatur,
817 2249 840 2272 et
852 2254 897 2280 ego
910 2254 1002 2281 operor
1012 2251 1034 2275 ι.

1093 2251 1125 2283 ὣς
1136 2252 1232 2288 δούλῳ,
1252 2253 1300 2279 καὶ
1322 2252 1359 2287 μὴ
1372 2252 1410 2284 ὼς
1426 2251 1546 2287 ἀληθινῷ
1559 2251 1694 2287 Δεσπότῃ.
1707 2252 1739 2278 Εἰ
1753 2251 1809 2287 γὰρ
1823 2251 1881 2278 δοῦ-

243 2289 350 2322 Quibus
376 2290 468 2318 verbis
493 2289 677 2317 communiter
698 2297 791 2317 secum
819 2291 924 2320 ellicere
943 2293 1036 2320 omnia

1093 2297 1133 2328 λος
1155 2295 1200 2332 ἦν,
1223 2298 1271 2324 καὶ
1291 2298 1342 2324 οὐκ
1362 2297 1487 2332 ἀληθινὸς
1502 2298 1660 2332 Δεσπότης,
1682 2297 1742 2328 πῶς
1756 2297 1879 2331 μορφὴν

243 2336 351 2363 Patrem
375 2336 519 2371 signiﬁcat.
536 2334 636 2362 Verum
659 2342 725 2363 cave
743 2343 777 2363 ne
800 2341 826 2364 te
849 2341 894 2364 tua
911 2345 988 2366 mens
1006 2338 1033 2366 in

1093 2342 1200 2370 δούλου
1216 2344 1364 2372 ἀνέλαϐεν
1387 2344 1473 2371 ἐλθὼν
1492 2345 1507 2371 ὁ
1528 2345 1563 2371 ἐν
1575 2343 1677 2379 μορφῇ
1693 2344 1768 2371 Θεοῦ
1783 2343 1880 2378 ὑπάρ-

241 2389 363 2409 eri-orem
375 2381 504 2412 abducat,
515 2384 544 2407 ut
558 2381 590 2408 ad
602 2380 711 2414 Filium,
724 2385 853 2417 tanquam
866 2383 899 2410 ad
913 2391 1032 2418 servum,

1093 2397 1168 2422 ζων;
1191 2389 1250 2422 πῶς
1273 2389 1302 2417 δὲ
1325 2390 1430 2418 ἐκείνου
1456 2390 1671 2426 συνδημιουργδν
1700 2389 1793 2417 ἐκάλει
1817 2391 1880 2417 ἐαυ-

243 2435 298 2455 non
314 2434 407 2454 verum
424 2434 456 2454 ac
475 2426 628 2462 legitimum
649 2427 794 2456 Dominum
817 2429 943 2459 accedas.
965 2431 1033 2459 Nam

1093 2434 1147 2468 τὸν,
1173 2436 1198 2461 εἰ
1225 2436 1262 2472 μὴ
1282 2434 1339 2472 εἶχε
1363 2437 1393 2463 τὸ
1418 2436 1537 2470 τέλειον;
1561 2435 1606 2469 Ὠς
1632 2435 1691 2470 Θεῷ
1715 2433 1762 2463 οὖν
1784 2436 1879 2470 τελείῳ

297 2516 471 2561 [ξοπηητῃ
493 2517 536 2545 I7.
578 2519 589 2534 ¹
609 2517 691 2545 Mich.
712 2527 739 2552 v,
757 2519 786 2546 2.
830 2519 840 2535 ⁸
859 2519 940 2549 Joan.
961 2530 1010 2557 xu,
1029 2523 1074 2553 40,
1113 2525 1123 2541 ι
1143 2525 1208 2561 Sap.
1229 2533 1279 2558 vn,
1296 2526 1340 2554 2|.
1379 2526 1477 2554 'Joan.
1497 2534 1525 2559 ν,
1547 2526 1590 2554 I7.

244 2560 281 2585 σι,
293 2556 320 2580 et
333 2553 504 2588 ἐρωτήσωσι.

1665 2527 1675 2542 ⁶
1686 2526 1718 2554 F.
1736 2525 1879 2554 ἀναλάεωο

353 2629 516 2671 Comm-unis.
536 2633 584 2671 est
600 2629 716 2671 Patrum
740 2633 875 2671 sententia
905 2639 1028 2671 sanctam
1081 2634 1243 2671 compendio
1268 2634 1342 2661 illam
1373 2635 1502 2670 expedire
1530 2643 1628 2668 areas,
1659 2636 1731 2671 inter
1758 2639 1875 2662 αριστοβ

242 2664 406 2692 Trinitatem
426 2665 472 2702 illo
490 2665 552 2702 libri
564 2665 702 2702 Gencseos
711 2667 780 2698 loco,
791 2666 932 2696 Faciamus
944 2670 1029 2695 Itomi-
1081 2664 1225 2697 cons'nlere
1245 2670 1345 2702 poteris
1365 2664 1506 2697 Pet'avium
1530 2672 1556 2698 in
1579 2664 1627 2698 lib;
1652 2679 1660 2698 I
1689 2670 1727 2699 De
1745 2671 1877 2699 Trinitatc

242 2707 322 2741 nem,‘
334 2699 571 2741 etc.,3dut_nbrari
586 2701 922 2741 significatipnequadam
947 2709 1030 2741 atque
1081 2704 1182 2741 c_ap.r7,
1193 2713 1207 2732 a
1219 2699 1334 2732 numero
1348 2705 1365 2732 ι
1377 2705 1411 2732 ad
1426 2706 1471 2733 I5.
1486 2705 1630 2734 Neminem
1645 2706 1712 2734 latet
1726 2708 1878 2734 catholicos

242 2734 380 2776 deputari.
403 2734 482 2776 ond
499 2736 545 2776 h_ic
561 2734 702 2776 coniendit
724 2734 903 2776 Epiphanius,
932 2734 1031 2776 repetit
1081 2734 1225 2776 theologos
1238 2740 1264 2767 in
1279 2741 1425 2775 praesentia
1441 2741 1616 2770 adversarios
1629 2742 1748 2776 experiri
1763 2750 1819 2769 non
1835 2750 1879 2769 su—

242 2768 341 2811 deinde
365 2769 392 2811 ip
417 2769 534 2811 Periuria
557 2775 584 2797 et
604 2768 801 2811 deuSamarit'a:
824 2768 909 2811 agean
922 2768 1029 2811 haeresi
1083 2774 1139 2811 lum
1156 2768 1347 2804 Ai'ianos'sive
1364 2780 1480 2810 veteres,
1502 2768 1560 2805 sive
1577 2768 1877 2811 τεέέιιίίοτέέζέὰιᾋι

242 2809 358 2832 numero
377 2805 404 2838 5,
419 2809 446 2832 et
462 2806 495 2833 de
517 2806 614 2834 haeresi
633 2806 680 2837 ‘25,
703 2815 818 2834 numero
833 2805 861 2834 Ξ.
879 2807 1032 2836 Videantur
1082 2807 1202 2837 Judaeos.

242 2842 274 2866 ea
287 2838 321 2868 de
335 2848 363 2868 re
381 2840 452 2868 sacri
465 2841 564 2868 divina:
579 2841 729 2876 Scripturze
744 2842 924 2876 interpretes;
940 2849 987 2871 aut
1006 2845 1030 2872 si
