1940 3043
83 149 121 178 U9
776 148 999 184 ANCORATUS.

1682 149 1716 180 70

85 208 221 244 πρόσελθε
251 208 290 244 τῷ
318 207 375 244 Υιῷ
411 209 460 236 καὶ
495 208 552 245 Υἱῷ
579 209 684 245 γνησίῳ
709 209 766 237 ὖντι
798 210 875 247 παρὰ

931 210 953 238 si
971 218 1080 244 servus,
1097 219 1152 239 non
1172 219 1253 240 verus
1269 217 1342 240 esset
1361 213 1506 246 Dominus,
1522 215 1590 242 servi
1605 215 1722 250 formant

86 255 204 289 Πατρός.

932 256 1068 292 quomodo
1089 258 1198 285 tandem
1226 259 1355 287 induisset
1379 261 1418 293 is,
1447 262 1536 295 quiin
1564 262 1651 297 forma
1673 263 1725 291 Dei

84 305 142 326 erat
161 300 194 327 *1
213 304 260 327 aut
275 300 412 334 quomodo
436 307 466 327 se
488 307 551 327 cum
572 300 618 327 illo
643 308 735 328 rerum
754 301 877 328 omnium
901 302 1026 337 opificem
1042 311 1104 331 esse
1123 303 1238 337 diceret,
1253 305 1307 332 nisi
1326 305 1447 340 perfecta
1476 310 1549 334 esset
1577 307 1721 336 divinitate

88 345 235 380 praeditus?
259 345 353 380 Itaque
376 346 409 372 ad
443 345 542 373 Filium
568 346 608 374 sic
635 350 765 382 tanquam
801 347 833 374 ad
858 347 1008 382 perfectum
1026 348 1109 377 Deum
1147 358 1180 378 ae
1209 351 1360 387 legitimum
1378 359 1393 378 a
1419 351 1501 380 Patre
1529 354 1719 388 procedentem

85 392 186 420 Filium
199 393 331 421 accedito.

120 437 186 466 KG'.
207 439 262 465 Καὶ
280 438 317 474 μὴ
331 438 375 465 διὰ
392 439 537 466 κακόνοιαν
554 440 650 476 εἴπῃς·
684 440 765 466 Ἀλλὰ
783 440 798 466 ὁ
819 441 877 467 Πα-

85 486 138 521 τὴρ
155 483 215 512 εἷπε
239 484 277 521 τῷ
295 485 361 521 Υἱῷ,
387 485 572 520 Ποιήσωμεν,
588 487 602 513 ό
624 487 652 513 δὲ
669 486 734 518 Υἱὸς
752 487 802 513 οὐκ
817 485 878 513 εἷπε

86 531 125 566 τῷ
142 532 242 568 Πατρὶ,
267 532 460 567 Ποιήσωμεν·
487 533 535 560 καὶ
554 534 568 560 ό
586 534 649 566 Υἱὸς
674 534 705 560 οὐ
727 534 812 569 λέγει,
836 535 878 561 ὅτι

91 577 164 612 Ἐγὼ
181 579 333 614 ἐργάζομαι
356 579 404 606 καὶ
423 580 437 606 ὁ
454 579 549 615 Πατήρ
570 588 620 615 μου
637 579 792 615 ἐργάζεται,
810 581 878 609 am

84 625 131 651 τὸν
149 625 260 660 Πατέρα
281 625 373 652 τάττει
391 625 499 658 πρῶτον
524 626 637 661 λέγοντα
653 632 700 653 και
723 627 877 663 ἐργαςόμε-

85 680 142 699 νον.
169 671 255 698 Τοῦτο
274 671 337 710 γὰρ
351 671 463 706 ἠλιθίως
479 671 578 706 λέγεις,
595 673 642 699 καὶ
668 673 768 706 πολλὰς
791 674 878 710 ἀρχὰς

84 718 175 749 θέλεις
190 719 260 744 νοεῖν
277 718 306 744 τὺ
319 709 396 745 όείον
406 727 413 734 ⁸
431 718 480 754 μία
496 719 524 745 δέ
537 720 610 746 ἐστιν
623 720 694 755 ἀρχὴ
711 720 758 746 καὶ
782 709 877 756 ὴαύτὴ

85 764 138 798 μία
161 763 279 800 Θεότης-
305 763 423 799 οὐδαμοῦ
446 764 474 791 δὲ
494 765 523 791 ὲν
539 764 578 800 τῷ
602 766 662 800 Θεῷ
678 767 692 792 ό
712 766 774 797 Υἱὸς
789 766 878 801 λέγει·

85 812 161 844 Θεός
172 820 243 846 μου,
258 811 308 837 οὐκ
321 810 489 846 ἀρνουμένου
501 811 530 837 δὲ
541 812 590 838 τοῦ
606 811 671 838 Υἱοῦ
686 812 735 848 τὴν
749 813 817 848 πρὸς
834 813 879 840 τὸν

86 857 198 892 Πατέρα
215 856 298 892 τιμὴν
318 856 400 890 λέγω,
419 856 486 884 ἀλλὰ
508 857 567 889 πῶς
582 857 638 893 ἔχει
658 858 674 893 ὴ
689 860 740 894 τῆς
753 859 879 895 θεότητος
896 865 917 894 ις

84 902 244 929 ἀκολουθία.
276 903 330 929 Καὶ
356 903 454 929 πάλιν·
477 904 629 930 Ἤκουσεν
665 904 771 940 Ἀδὰμ,
798 906 877 941 φησὶ,

84 947 140 974 τοῦ
169 947 243 974 Θεοῦ
267 948 503 982 περιπατοῦντος
529 948 564 975 ἐν
589 948 628 982 τῷ
650 950 822 984 παραδείσῳ
844 951 878 979 τὸ

83 992 236 1019 δειλινόν·
252 994 300 1022 καὶ
316 993 435 1029 οὐδαμοῦ
448 1003 529 1030 φησιν
549 995 564 1020 ὁ
580 996 652 1028 Υἱὸς,
672 997 746 1024 Θεόν
755 1006 815 1032 μου
829 998 878 1025 καὶ

85 1038 163 1065 Geor
185 1038 284 1074 ὑμῶν,
309 1039 377 1066 ἀλλὰ
400 1039 468 1066 Θεὸν
493 1041 625 1076 αὐτοτελῆ
652 1042 770 1069 ἐνταῦθα
794 1043 876 1077 λέγει.

83 1085 143 1112 Καὶ
166 1085 265 1113 πάλιν·
291 1086 345 1113 Kal
371 1087 528 1121 ἐλάλησεν
552 1090 569 1114 ὁ
593 1088 666 1121 Θεὸς
682 1088 722 1121 τῷ
736 1089 809 1120 Νῶε,
830 1091 878 1116 καὶ

83 1131 205 1166 οὐδαμοῦ
230 1132 380 1168 ἐμφέρεται
405 1133 421 1168 ἡ
450 1133 562 1169 τοιαύτη
587 1134 670 1167 λέξις.
699 1135 755 1162 Kal
781 1135 876 1170 ὤφθη.

85 1177 181 1212 φησὶν,
200 1179 217 1204 d
240 1177 311 1211 θεὸς
330 1178 371 1211 τῷ
400 1179 545 1215 Ἀϐραὰμ,
564 1179 760 1215 καθεζομένου
783 1181 877 1209 αὑτοῦ

83 1224 163 1257 πρὸς
177 1223 215 1257 τῇ
235 1223 304 1258 δρυῒ
318 1224 356 1259 τῇ
369 1224 507 1259 Μαμϐρῆ,
523 1225 573 1253 καὶ
587 1226 651 1253 ιδοὺ
665 1226 744 1260 τρεῖς
758 1226 876 1260 ἄνδρες.

83 1269 135 1298 καὶ
157 1269 285 1306 mlum
303 1271 348 1303 εἷς
365 1271 566 1305 συνάντησιν,
582 1272 631 1298 καὶ
646 1273 878 1306 προσεκύνησεν

81 1316 134 1342 ἐπὶ
151 1316 209 1351 τὴν
222 1317 291 1352 γῆν,
309 1319 359 1344 καὶ
373 1314 473 1345 siuei“
490 1318 525 1346 El
539 1315 629 1353 εὗρον
645 1318 733 1351 χάριν
750 1318 878 1346 ἐνώπιόν

81 1369 152 1389 σου.
182 1362 241 1389 Ἵνα
260 1362 306 1389 τὸν
327 1362 375 1390 ἕνα
394 1363 468 1400 δείξῃ
487 1364 565 1396 Θεδν,
590 1365 654 1396 τοὺς
675 1363 703 1391 δὲ
727 1363 877 1399 συνεπομέ-

81 1415 144 1438 νους
166 1407 241 1442 αὐτῷ
265 1407 361 1439 ἄλλους
384 1408 431 1435 δύο
453 1408 588 1442 ἀγγέλους
609 1408 704 1436 αὑτοῦ.
734 1407 803 1443 Περὶ
824 1407 877 1443 γὰρ

79 1452 179 1479 τούτου
199 1453 256 1486 καὶ,
283 1454 386 1488 Ἀνέϐη
412 1455 429 1481 δ
454 1454 526 1487 Θεὸς
546 1455 605 1482 ἀπὸ
628 1455 772 1490 Ἀϐραάμ·
795 1453 877 1488 αὐτὸς

80 1500 130 1526 καὶ
147 1500 161 1525 ό
175 1499 261 1526 ἐλθὼν
278 1499 348 1534 πρὸς
369 1500 450 1527 αὐτὸν
470 1499 562 1534 λέγει·
578 1500 627 1534 Μὴ
646 1502 750 1535 κρύψω
765 1509 794 1528 τι
817 1501 876 1528 ἀπὸ

966 437 1021 474 34
1039 437 1134 465 XXIX.
1155 438 1210 466 Nec
1234 439 1301 467 illud
1325 448 1357 467 ex
1382 441 1530 476 depravata
1554 444 1636 471 animi
1657 454 1719 473 sen-

932 485 1016 512 tentia
1031 485 1110 512 nobis
1126 485 1237 519 objicito
1252 495 1258 514 :
1276 486 1384 514 Patrem
1398 488 1506 523 quidem
1523 489 1592 517 Filio
1606 492 1719 525 dixisse,

931 528 1096 562 Faciamus;
1114 529 1213 557 Filium
1236 535 1325 559 autent
1342 532 1413 559 idern
1433 533 1553 561 vicissim
1570 534 1644 563 Patri
1665 545 1719 564 non

930 575 1046 604 dixisse.
1075 577 1310 610 Quemadmodum
1336 580 1407 607 idem
1437 580 1521 609 Filius
1550 590 1603 609 non
1629 583 1719 611 dicit:

931 620 987 656 Ego
1008 630 1117 657 operor,
1133 628 1160 651 et
1180 624 1261 652 Pater
1281 633 1358 653 meus
1381 631 1527 662 operatur;
1548 629 1595 656 sed
1613 629 1720 657 Patrem

931 667 1023 702 priore
1041 669 1102 696 loco
1120 670 1255 698 dicentem
1270 677 1484 708 operantemque
1503 675 1631 703 collocat.
1652 676 1720 703 Nam

931 712 983 740 hoc
1003 712 1172 748 ineptissime
1188 714 1303 749 dixeris,
1327 721 1353 744 et
1381 718 1408 744 in
1429 718 1507 752 plura
1523 720 1656 756 principia
1675 721 1720 748 Di-

932 758 1073 787 vinitalem
1099 761 1196 795 partiri
1223 762 1292 789 velle
1323 762 1469 792 videberis.
1497 764 1591 792 'Unum
1620 767 1720 802 quippe

931 806 1096 841 principium
1112 810 1155 834 est
1178 811 1204 835 et
1224 808 1317 835 cadem
1338 816 1371 836 ac
1399 810 1547 846 singularis
1573 811 1718 846 Divinitas.

932 860 1068 887 nusquam
1087 861 1152 881 vero
1171 855 1323 882 secundum
1344 854 1515 884 divinitatem
1532 857 1618 886 Filius
1633 858 1719 892 dixit,

931 899 1001 926 Deus
1017 907 1100 926 meus.
1118 899 1196 933 Quod
1217 908 1271 927 non
1291 908 1324 928 eo
1344 901 1417 934 dico,
1433 903 1510 937 quasi
1525 902 1612 932 Filius
1639 912 1720 932 suum

929 945 1004 973 Patri
1021 946 1152 973 honorem
1177 947 1311 982 deneget;
1336 948 1383 976 sed
1406 949 1478 983 quod
1494 949 1629 977 divinitati
1650 958 1720 978 con-

929 996 1090 1020 sentaneum
1118 995 1160 1020 est
1188 1000 1322 1027 propono.
1351 994 1472 1021 Rursus:
1499 994 1606 1022 Audiuit
1620 996 1718 1030 Adam,

928 1036 1035 1072 inquit,
1053 1037 1138 1064 Deum
1160 1039 1339 1066 ambulantem
1362 1040 1388 1072 in
1410 1041 1536 1074 paradiso
1560 1042 1607 1067 sub
1631 1050 1719 1076 vespe-

928 1091 986 1110 ram
1003 1085 1013 1099 ²
1031 1092 1037 1110 :
1062 1091 1113 1111 nec
1133 1091 1249 1119 usquam
1271 1085 1371 1119 Filius,
1390 1086 1475 1113 Deum
1489 1095 1574 1114 meum
1589 1096 1620 1114 ac
1634 1087 1718 1115 Deum

928 1135 1044 1157 vestrum
1061 1151 1069 1164 ,
1099 1130 1146 1158 sed
1176 1130 1261 1158 Deum
1277 1132 1402 1160 absolute
1424 1133 1504 1160 dixit.
1530 1133 1618 1161 Item:
1648 1134 1718 1162 Deus

929 1175 1031 1203 Noemo
1053 1176 1155 1204 locutus
1180 1182 1218 1204 est
1234 1177 1255 1209 ³,
1281 1185 1331 1205 nec
1353 1179 1458 1212 uspiam
1478 1186 1529 1206 vox
1545 1180 1591 1206 illa
1610 1180 1717 1215 legitur.

928 1220 964 1248 Et
981 1223 1119 1256 apparuit,
1140 1222 1227 1257 inquit
1239 1242 1247 1254 ,
1265 1223 1333 1250 Deus
1349 1223 1501 1251 Abra/tamo
1513 1244 1521 1256 ,
1535 1225 1641 1252 sedente
1662 1227 1718 1260 ipso

928 1266 964 1294 ad
983 1276 1107 1302 quercum
1123 1267 1244 1296 Mambre
1259 1277 1268 1295 :
1287 1273 1312 1296 et
1331 1278 1388 1297 ecce
1404 1273 1456 1297 tres
1476 1271 1540 1302 viri;
1561 1276 1585 1297 et
1601 1273 1719 1298 cucurrit

928 1313 1030 1340 obviam
1051 1307 1117 1345 illis,
1131 1318 1156 1340 et
1167 1313 1291 1341 adoravit
1304 1321 1403 1347 pronus
1418 1315 1445 1341 in
1459 1319 1557 1342 (errant
1573 1324 1604 1342 ac
1628 1316 1696 1343 dixit
1710 1326 1717 1344 :

928 1358 958 1386 Si
975 1359 1060 1386 inveni
1073 1359 1188 1394 gratiam
1207 1368 1298 1387 corant
1317 1365 1340 1387 te
1355 1359 1375 1387 ‘.
1398 1359 1503 1393 Quibus
1522 1362 1612 1390 verbis
1634 1370 1718 1390 unutn

928 1404 999 1431 inter
1014 1404 1075 1431 illos
1090 1412 1150 1432 esse
1160 1404 1255 1436 Deum,
1267 1405 1336 1433 alios
1350 1413 1414 1432 vero
1426 1405 1495 1433 duos
1506 1407 1620 1434 comites
1632 1407 1719 1442 ipsius

929 1449 1039 1485 angelos
1050 1457 1122 1477 esse.
1137 1448 1204 1476 Nam
1220 1454 1246 1477 et
1259 1450 1355 1478 eodem
1370 1451 1497 1486 pertinet,
1513 1451 1585 1487 quod
1597 1452 1718 1480 dicitur:

928 1493 1053 1524 Ascendit
1070 1494 1142 1525 Deus
1163 1494 1195 1524 ab
1217 1495 1379 1523 Abrahamo.
1407 1496 1460 1530 Qui
1483 1502 1573 1524 autent
1591 1498 1624 1525 ad
1642 1498 1718 1525 illum

80 1546 137 1573 τοῦ
154 1545 261 1579 παιδός
279 1555 340 1581 μου
368 1546 516 1581 ’Λϐραάμς
540 1546 673 1581 Κραυτὴ,
691 1548 768 1582 φησὶ,
783 1547 875 1575 Σοδό-

930 1546 1039 1570 venerat
1065 1543 1106 1571 sic
1131 1551 1195 1571 eum
1222 1542 1396 1576 alloquitur:
1421 1542 1494 1570 Num
1516 1543 1602 1570 celare
1625 1549 1718 1578 potero

79 1601 146 1626 μων
161 1592 211 1618 καὶ
227 1592 383 1626 Γομόρρας
395 1592 604 1626 πεπλήθυνται
622 1591 698 1626 πρὸς
711 1591 761 1627 μὲ,
774 1593 821 1619 καὶ
842 1593 876 1619 τὰ

80 1638 158 1673 ἑξῆς.
172 1638 238 1673 (Καὶ
250 1638 369 1673 οὐδαμοῦ
380 1639 529 1673 ἐμφέρεται
545 1639 573 1665 ὲν
586 1639 643 1670 τοῖς
656 1638 762 1674 χρόνοις
773 1638 876 1670 τούτοις

80 1684 198 1719 τδβεός
208 1692 268 1718 μου
283 1683 332 1710 καὶ
341 1684 413 1717 Θεὸς
427 1684 519 1719 ὑμῶν.
529 1684 538 1718 )
549 1684 603 1711 Καὶ
619 1684 765 1719 εἰσῆλθον
779 1686 806 1712 οι
821 1684 876 1712 δύο

79 1729 193 1763 ἄνδρες
207 1730 251 1762 εἰς
268 1729 386 1764 Σόδομα
396 1738 404 1745 ·
422 1729 459 1761 ὡς
473 1729 520 1756 τοῦ
537 1729 735 1765 ἀναϐεϐηκότος
749 1730 876 1766 ὑπεράνω

78 1775 129 1802 τοῦ
151 1774 278 1810 ’Λὸραὰμ
298 1774 508 1809 ἀπολειφθέντος
523 1775 577 1802 ἀπὸ
599 1775 652 1802 τῶν
674 1775 720 1803 δύο
741 1776 876 1804 εἰσελθόν-

79 1831 136 1849 των
152 1824 192 1852 εῑς
216 1821 318 1857 Σόδομα
347 1821 392 1848 ἐπὶ
408 1823 441 1857 τῇ
466 1823 656 1859 καταστροφῇ.
680 1822 748 1858 Περὶ
774 1822 803 1849 δὲ
827 1823 875 1849 τοῦ

80 1867 284 1902 ἀναϐεϐηκότος
300 1866 383 1902 φησὶν
405 1868 421 1903 ὴ
439 1868 534 1903 Γραφή
547 1875 554 1883 ·
570 1867 625 1895 Καὶ
645 1868 748 1902 ἔϐρεξε
766 1868 876 1902 Κύριος

80 1914 130 1941 ἐπὶ
157 1913 277 1948 Σόδομα
299 1913 348 1940 καὶ
365 1913 502 1948 Γόμορῤα
518 1915 598 1948 παρὰ
617 1915 729 1948 Κυρίου
749 1914 809 1948 πῦρ
826 1915 876 1942 καὶ

79 1961 171 1988 θεῖον.
204 1960 259 1987 Καὶ
282 1961 332 1987 οὐκ
344 1958 379 1996 ἦν
402 1961 452 1996 τῆς
476 1959 575 1992 λέξεως
599 1961 678 1996 χρεία
706 1961 754 1987 τοῦ
776 1961 874 1994 εἰπεῖν,

80 2007 157 2033 Θεόν
171 2015 232 2040 μου
248 2005 298 2032 καὶ
313 2006 387 2032 Θεὸν
402 2005 495 2040 ὑμῶν.
512 2006 567 2032 Καὶ
581 2006 683 2041 Μωσῆς
700 2015 782 2041 φησιν
798 2007 827 2034 ἐν
841 2008 874 2043 τῇ

79 2053 136 2088 ᾠδῇ
149 2061 156 2068 ·
172 2052 228 2079 Kal
250 2051 554 2085 προσκυνησάτωσαν
567 2051 647 2085 αὐτῷ
661 2052 772 2086 πάντες
791 2053 876 2088 ἄγγε-

78 2101 128 2126 λοι
142 2098 228 2126 Θεοῦ.
238 2098 300 2124 Ἐὰν
310 2098 339 2124 δὲ
350 2097 415 2134 εἴπῃ
427 2098 548 2133 ἀγγελοι
561 2098 646 2130 Θεοῦ,
657 2099 717 2133 πῦρ
731 2099 811 2132 παρὰ
817 2101 875 2126 Κυ-

78 2145 159 2178 ρίου,
180 2144 279 2179 καὶμὴ
295 2144 360 2179 εἴπῃ
382 2144 502 2178 ἄγγελοι
524 2143 614 2179 μόνον,
639 2144 712 2178 λέγει
728 2144 816 2176 τοῦτο,
834 2144 877 2171 ἵνα

79 2189 155 2225 δείξῃ
174 2190 221 2216 τοῦ
237 2189 343 2224 Πατρὺς
357 2189 462 2217 καὶτοῦ
476 2190 541 2216 Υἱοῠ
556 2189 586 2216 ἓν
601 2190 747 2225 βασίλειον,
764 2191 811 2217 καὶ
826 2190 876 2225 ἁγ-
891 2214 915 2243 D

79 2237 168 2271 γέλων
185 2236 223 2271 μὴ
239 2236 424 2272 μεριζομένων
435 2237 474 2268 εις
484 2235 581 2272 ἀρχὰς,
594 2236 662 2263 ἀλλὰ
673 2235 795 2270 ἀγγέλων
803 2237 877 2264 Θεοῦ

79 2283 177 2314 ὄντων,
197 2282 420 2318 προσκυνούντων
433 2282 462 2309 δὲ
478 2282 517 2318 τῷ
533 2282 590 2318 Υἱῷ
602 2283 649 2310 καὶ
671 2283 747 2317 Θεῷ·
763 2282 877 2317 ἄγγελος

81 2329 136 2365 γὰρ
147 2329 257 2364 ἀγγέλῳ
281 2329 312 2356 οὺ
338 2330 495 2365 προσκυνεῖ.
525 2330 581 2357 Καὶ
603 2329 723 2366 οὐδαμοῦ
748 2329 874 2362 ἐνταῦθα,

82 2376 156 2409 Θεός
164 2384 226 2411 μου
240 2375 291 2402 καὶ
301 2376 374 2409 Θεὸς
388 2375 482 2410 ὑμῶν.

117 2464 159 2491 Δν.
177 2462 260 2490 Δαϐὶδ
280 2463 307 2489 δέ
336 2472 403 2498 φησι
426 2471 433 2478 ·
447 2461 540 2490 Εἶπεν
563 2463 580 2489 d
601 2463 708 2497 Κύριος
720 2462 761 2495 τῷ
779 2462 876 2496 ΚιφΙῳ

81 2518 152 2544 μου,
168 2508 268 2536 Κάθου
285 2509 319 2535 ἐκ
344 2508 452 2541 δεξιῶν
464 2517 535 2543 μου,
551 2507 607 2541 ἓως
629 2507 668 2534 ἂν
686 2507 726 2534 θῶ
740 2507 812 2540 τοὺς
826 2508 876 2542 ἐχ-

83 2557 175 2591 θρούς
199 2563 259 2582 σου
282 2554 449 2582 ὑποπόδιον
475 2553 535 2581 τῶν
558 2553 659 2580 ποδῶν
684 2562 752 2581 σου.
769 2554 876 2588 Κύριος

82 2603 150 2638 γὰρ,
171 2602 249 2638 φησι,
276 2601 316 2634 τῷ
334 2601 432 2636 Κυρίῳ
453 2609 531 2635 μου·
552 2601 568 2636 ἡ
591 2600 644 2635 γὰρ
667 2600 809 2635 οἰκονομία
828 2599 877 2635 τῆς

83 2648 187 2684 σαρκὸς
207 2647 283 2675 οὔπω
298 2646 342 2683 ἦν,
367 2645 401 2683 ἦς
423 2647 504 2683 χάριν
528 2647 608 2683 χρεία
631 2644 665 2682 ἦν
681 2648 769 2673 εἰπεῖν
786 2646 877 2678 αὐτὸν,

84 2695 161 2722 Θεόν
176 2703 238 2729 μου
251 2694 300 2721 καὶ
312 2694 387 2721 Θεὸν
401 2693 492 2728 ὑμῶν.
513 2693 579 2726 Καὶ,
600 2692 678 2720 Ἰδοὺ
695 2693 714 2726 ἠ
730 2692 879 2726 παρθένος

83 2741 118 2768 ἐν
132 2740 240 2776 γαστρὶ
261 2739 400 2774 λήψεται,
424 2739 472 2766 καὶ
486 2739 601 2771 τέξεται
617 2738 685 2765 υἱόν
695 2746 701 2752 ·
716 2738 766 2764 καὶ
787 2737 878 2765 καλέ-

927 1587 1068 1624 quidquam
1084 1596 1195 1622 puerum
1215 1595 1302 1617 meum
1321 1587 1502 1618 Abrahamum
1515 1589 1657 1623 YClamar,
1674 1591 1717 1618 in-

926 1634 1002 1669 quit,
1028 1633 1204 1662 Sodomorum
1232 1641 1257 1663 et
1286 1635 1440 1664 Gomorrhw
1461 1636 1655 1673 multiplicatus
1678 1642 1718 1666 est

927 1680 997 1713 apud
1021 1687 1071 1707 me.
1096 1679 1137 1717 (In
1157 1681 1199 1709 liis
1226 1682 1354 1710 erunibus
1382 1684 1552 1718 temporibus
1581 1691 1717 1718 nusquam

927 1725 1000 1753 istud
1017 1726 1138 1762 legitur:
1162 1727 1233 1755 Deus
1252 1736 1324 1755 meus
1347 1733 1372 1756 et
1396 1728 1467 1756 Deus
1497 1729 1603 1764 vester.)
1623 1729 1657 1757 Et
1675 1730 1718 1757 in-

925 1774 1010 1809 gressi
1025 1777 1087 1801 sunt
1107 1773 1159 1800 duo
1183 1774 1234 1800 viri
1256 1773 1384 1801 Sodoma.
1409 1773 1557 1810 Propterea
1578 1775 1650 1810 quod
1671 1774 1717 1810 qui

927 1819 1070 1854 superiora
1091 1820 1282 1848 conscendens
1305 1820 1340 1847 ab
1361 1820 1519 1847 Abrahamo
1537 1820 1717 1853 discesserat,

926 1865 998 1892 duos
1018 1864 1081 1893 illos
1108 1865 1258 1900 reliquerat
1279 1865 1326 1900 qui
1349 1864 1467 1893 Sodoma
1490 1865 1524 1892 ad
1540 1866 1718 1893 evertendum

928 1910 1047 1945 ingressi
1071 1909 1199 1943 fuerant;
1224 1910 1258 1937 de
1277 1918 1331 1944 quo
1351 1910 1491 1944 Scriptura
1509 1910 1549 1937 sic
1569 1910 1691 1945 loquitur
1709 1920 1715 1938 :

928 1956 961 1982 Et
977 1956 1046 1991 pluit
1070 1955 1203 1982 Dominus
1227 1963 1305 1990 super
1325 1955 1470 1984 Sodomam
1493 1961 1518 1984 et
1543 1955 1718 1983 Gomorrlmm

927 2003 1012 2038 ignem
1028 2005 1053 2029 et
1072 2001 1184 2036 sulphur
1200 2010 1217 2028 a
1230 2001 1353 2029 Domino.
1374 2001 1468 2036 Neque
1484 2002 1527 2030 his
1545 2002 1635 2030 verbis
1653 2002 1719 2028 atti-

928 2048 1010 2076 nebat
1025 2048 1075 2081 uti,
1093 2046 1164 2074 Deut
1178 2054 1250 2074 meus
1263 2051 1288 2073 et
1301 2046 1369 2073 Deus
1380 2051 1474 2074 vester.
1494 2046 1547 2074 Sed
1565 2051 1591 2074 et
1610 2046 1719 2081 Moyses

928 2094 955 2121 in
970 2093 1092 2120 carmine
1115 2099 1183 2120 suo:
1205 2091 1239 2118 Et
1257 2091 1382 2124 adorent,
1406 2092 1513 2126 inquit,
1527 2093 1611 2125 ipsum
1628 2100 1719 2119 omnes

927 2139 1014 2174 angeli
1030 2138 1080 2166 Dei
1096 2137 1117 2166 '.
1130 2137 1208 2171 Quod
1227 2141 1317 2165 autem
1344 2138 1450 2173 angelo:
1468 2137 1515 2164 Dei
1537 2140 1565 2164 ct
1584 2137 1668 2171 ignem
1701 2144 1719 2162 ιι

930 2186 1043 2213 Domino
1056 2185 1143 2218 dicit,
1165 2191 1253 2220 neque
1272 2184 1359 2212 solum
1376 2183 1495 2220 angelos;
1525 2183 1577 2210 hoc
1589 2190 1622 2210 eo
1638 2182 1719 2217 perti-

927 2237 990 2266 net,
1006 2236 1036 2260 nt
1051 2239 1135 2259 unum
1155 2230 1246 2258 Patris
1258 2228 1376 2264 Filiique
1391 2236 1503 2264 regnum
1519 2235 1580 2256 esse
1599 2228 1717 2260 doceat;

927 2286 989 2306 cum
1005 2277 1095 2313 angeli
1111 2276 1223 2304 minime
1239 2276 1268 2303 in
1285 2276 1398 2311 imperia
1413 2274 1583 2305 dividantur,
1602 2273 1649 2301 sed
1666 2281 1718 2300 an-

927 2323 980 2359 geli
996 2323 1044 2350 Dei
1056 2323 1112 2351 sint
1130 2329 1162 2349 ac
1189 2321 1276 2348 Deum
1292 2321 1407 2348 adorent
1420 2323 1447 2347 et
1467 2319 1564 2346 Filium
1580 2328 1586 2346 :
1604 2318 1718 2353 angelus

927 2369 1028 2405 quippe
1041 2368 1167 2404 angelum
1183 2375 1237 2395 non
1253 2366 1358 2393 adorat.
1375 2364 1429 2391 Nec
1440 2364 1496 2391 ullo
1509 2367 1574 2391 sunt
1589 2364 1642 2392 ista
1657 2364 1720 2392 loeo

928 2415 1032 2451 posita:
1053 2414 1123 2441 Deus
1134 2421 1206 2440 meus
1220 2416 1245 2440 et
1266 2411 1336 2438 Deus
1351 2415 1445 2438 vester.

963 2459 1016 2495 35
1035 2457 1119 2486 XXX.
1146 2456 1188 2484 Ad
1207 2457 1265 2483 haec
1284 2454 1389 2482 David:
1414 2454 1490 2481 Dixit
1508 2452 1637 2481 Dominus
1667 2453 1720 2480 Do-

930 2506 1001 2533 mino
1017 2513 1074 2532 meo
1086 2512 1096 2532 :
1115 2503 1182 2531 Sede
1204 2511 1220 2529 a
1241 2501 1342 2529 dextris
1368 2501 1444 2532 meis,
1459 2499 1541 2527 donec
1554 2507 1652 2535 ponam
1665 2499 1720 2526 ini-

931 2553 1012 2579 micos
1034 2555 1092 2577 tuos
1116 2548 1260 2576 scubellum
1281 2547 1377 2582 pedum
1403 2551 1510 2574 tuorum
1524 2546 1545 2574 '.
1572 2545 1722 2578 Dominus,

930 2597 1031 2632 inquit,
1050 2595 1166 2623 Domino
1190 2601 1267 2621 meo:
1283 2593 1404 2620 nondum
1430 2592 1502 2620 enim
1526 2591 1646 2619 hominis
1662 2594 1722 2618 erat

931 2645 1060 2678 suscepta
1079 2645 1191 2672 natura,
1215 2640 1252 2668 ob
1266 2647 1348 2675 quam
1376 2646 1490 2667 necesse
1509 2638 1633 2669 haberet,
1651 2636 1724 2663 Deus

931 2698 1003 2717 meus
1019 2696 1050 2716 ac
1070 2687 1141 2715 Deus
1157 2692 1251 2719 vester,
1267 2687 1368 2714 dicere.
1382 2684 1448 2713 Item
1465 2694 1471 2712 :
1493 2684 1559 2711 Ecce
1573 2683 1646 2718 virgo
1658 2690 1721 2709 can-

931 2737 1020 2771 eipiel,
1042 2739 1068 2763 et
1086 2735 1171 2770 pariet
1185 2734 1287 2769 ﬁlium;
1307 2738 1332 2760 et
1350 2732 1454 2759 vocabis
1470 2738 1566 2758 nomen
1581 2729 1638 2765 ejus
1658 2727 1722 2755 Em-

130 2819 273 2854 ‘Philipp.
293 2828 322 2848 ιι.
343 2819 370 2846 6.
409 2821 419 2835 ²
440 2819 508 2847 Gen.
529 2827 569 2856 ni,
586 2819 613 2847 8.
652 2818 739 2846 ’Gen.
761 2826 800 2850 vt,
822 2818 856 2845 12
876 2824 937 2852 sqq.
976 2816 985 2833 ⁸
1003 2815 1070 2844 Gen.
1091 2822 1171 2848 xvm,
1198 2814 1209 2840 Ι
1233 2821 1294 2850 sqq.
1315 2813 1383 2841 Gen.
1404 2820 1461 2844 xix,
1480 2812 1491 2838 Ι
1511 2817 1572 2845 sqq.
1609 2808 1622 2824 ⁸
1643 2803 1722 2832 θεω-

79 2864 173 2888 ιλςχιι,
195 2856 239 2882 53.
279 2856 288 2870 ⁸
307 2855 379 2882 l’sal.
400 2863 454 2887 cu,
477 2855 504 2882 t.
