  <div class='ocr_page' id='page_1' title='image "/cluster/home/n/w/nwhite01/storage/ocr_20150623/43/njp.32101007506163/043.png"; bbox 0 0 1940 3043; ppageno 0'>
   <div class='ocr_carea' id='block_1_1' title="bbox 928 123 1856 163">
    <p class='ocr_par' dir='ltr' id='par_1_1' title="bbox 928 123 1856 163">
     <span class='ocr_line' id='line_1_1' title="bbox 928 123 1856 163; baseline -0.003 0"><span class='ocrx_word' id='word_1_1' title='bbox 928 136 957 163; x_wconf 91' lang='lat' dir='ltr'><strong>s.</strong></span> <span class='ocrx_word' id='word_1_2' title='bbox 978 133 1145 162; x_wconf 77' lang='lat' dir='ltr'><strong>EPIPIIANII</strong></span> <span class='ocrx_word' id='word_1_3' title='bbox 1825 123 1856 150; x_wconf 59' lang='lat' dir='ltr'><strong>7i</strong></span> 
     </span>
    </p>
   </div>
   <div class='ocr_carea' id='block_1_2' title="bbox 225 140 1025 219">
    <p class='ocr_par' dir='ltr' id='par_1_2' title="bbox 225 140 1025 219">
     <span class='ocr_line' id='line_1_2' title="bbox 225 140 1025 167; baseline -0.008 0"><span class='ocrx_word' id='word_1_4' title='bbox 225 140 256 167; x_wconf 80' lang='lat' dir='ltr'><strong>7t</strong></span> <span class='ocrx_word' id='word_1_5' title='bbox 928 140 957 163; x_wconf 78' lang='grc' dir='ltr'>δ.</span> <span class='ocrx_word' id='word_1_6' title='bbox 978 140 1025 162; x_wconf 64' lang='lat' dir='ltr'><strong>tum</strong></span> 
     </span>
     <span class='ocr_line' id='line_1_3' title="bbox 225 180 1017 219; baseline -0.006 -7"><span class='ocrx_word' id='word_1_7' title='bbox 225 184 331 213; x_wconf 77' lang='lat' dir='ltr'><strong>utanucl</strong></span> <span class='ocrx_word' id='word_1_8' title='bbox 347 192 356 211; x_wconf 87' lang='lat'><strong><em>:</em></strong></span> <span class='ocrx_word' id='word_1_9' title='bbox 373 184 442 219; x_wconf 74' lang='lat' dir='ltr'><strong>quod</strong></span> <span class='ocrx_word' id='word_1_10' title='bbox 458 188 496 210; x_wconf 84' lang='lat' dir='ltr'><strong>est</strong></span> <span class='ocrx_word' id='word_1_11' title='bbox 514 183 727 216; x_wconf 72' lang='lat' dir='ltr'><strong>interpretatum,</strong></span> <span class='ocrx_word' id='word_1_12' title='bbox 749 181 895 208; x_wconf 74' lang='lat' dir='ltr'><strong>Nobiscum</strong></span> <span class='ocrx_word' id='word_1_13' title='bbox 913 180 983 208; x_wconf 82' lang='lat' dir='ltr'><strong>Deus</strong></span> <span class='ocrx_word' id='word_1_14' title='bbox 996 181 1017 208; x_wconf 86' lang='grc'><strong>¹.</strong></span> 
     </span>
    </p>
   </div>
   <div class='ocr_carea' id='block_1_3' title="bbox 1077 140 1862 219">
    <p class='ocr_par' dir='ltr' id='par_1_3' title="bbox 1077 140 1862 212">
     <span class='ocr_line' id='line_1_4' title="bbox 1077 140 1862 212; baseline -0.004 -6"><span class='ocrx_word' id='word_1_15' title='bbox 1077 140 1182 212; x_wconf 46' lang='lat' dir='ltr'><strong>nitito</strong></span> <span class='ocrx_word' id='word_1_16' title='bbox 1205 178 1298 212; x_wconf 80' lang='grc' dir='ltr'>ὄνομα</span> <span class='ocrx_word' id='word_1_17' title='bbox 1322 175 1415 204; x_wconf 83' lang='grc' dir='ltr'>αὐτοῦ</span> <span class='ocrx_word' id='word_1_18' title='bbox 1447 176 1656 212; x_wconf 77' lang='grc' dir='ltr'><strong>Ἐμμανουήλ·</strong></span> <span class='ocrx_word' id='word_1_19' title='bbox 1681 176 1698 203; x_wconf 80' lang='grc' dir='ltr'><strong>ὅ</strong></span> <span class='ocrx_word' id='word_1_20' title='bbox 1714 176 1801 204; x_wconf 81' lang='grc' dir='ltr'><em>ἐστιν</em></span> <span class='ocrx_word' id='word_1_21' title='bbox 1816 175 1862 211; x_wconf 74' lang='grc' dir='ltr'><strong>ἐρ·</strong></span> 
     </span>
    </p>
   </div>
   <div class='ocr_carea' id='block_1_4' title="bbox 225 227 1018 264">
    <p class='ocr_par' dir='ltr' id='par_1_4' title="bbox 225 227 1018 264">
     <span class='ocr_line' id='line_1_5' title="bbox 225 227 1018 264; baseline -0.006 -6"><span class='ocrx_word' id='word_1_22' title='bbox 225 231 346 258; x_wconf 70' lang='grc' dir='ltr'>Νουᾱιιηι</span> <span class='ocrx_word' id='word_1_23' title='bbox 357 229 482 264; x_wconf 84' lang='lat' dir='ltr'><strong>usurpari</strong></span> <span class='ocrx_word' id='word_1_24' title='bbox 497 233 620 263; x_wconf 81' lang='lat' dir='ltr'><strong>poterat:</strong></span> <span class='ocrx_word' id='word_1_25' title='bbox 636 228 705 255; x_wconf 75' lang='lat' dir='ltr'><strong>Deus</strong></span> <span class='ocrx_word' id='word_1_26' title='bbox 717 235 788 254; x_wconf 80' lang='lat' dir='ltr'><strong>meus</strong></span> <span class='ocrx_word' id='word_1_27' title='bbox 803 233 826 254; x_wconf 83' lang='lat' dir='ltr'><strong>et</strong></span> <span class='ocrx_word' id='word_1_28' title='bbox 843 227 912 254; x_wconf 79' lang='lat' dir='ltr'><strong>Deus</strong></span> <span class='ocrx_word' id='word_1_29' title='bbox 925 232 1018 254; x_wconf 78' lang='lat' dir='ltr'><strong>vester.</strong></span> 
     </span>
    </p>
   </div>
   <div class='ocr_carea' id='block_1_5' title="bbox 225 273 1020 308">
    <p class='ocr_par' dir='ltr' id='par_1_5' title="bbox 225 273 1020 308">
     <span class='ocr_line' id='line_1_6' title="bbox 225 273 1020 308; baseline -0.004 -6"><span class='ocrx_word' id='word_1_30' title='bbox 225 275 380 303; x_wconf 66' lang='lat' dir='ltr'><strong>Praeterea:</strong></span> <span class='ocrx_word' id='word_1_31' title='bbox 396 274 546 302; x_wconf 83' lang='lat' dir='ltr'><strong>Bethlehcm</strong></span> <span class='ocrx_word' id='word_1_32' title='bbox 561 274 655 301; x_wconf 77' lang='lat' dir='ltr'><strong>donius</strong></span> <span class='ocrx_word' id='word_1_33' title='bbox 673 273 804 308; x_wconf 82' lang='lat' dir='ltr'><strong>Ephrata,</strong></span> <span class='ocrx_word' id='word_1_34' title='bbox 821 281 852 300; x_wconf 83' lang='lat' dir='ltr'><strong>ne</strong></span> <span class='ocrx_word' id='word_1_35' title='bbox 868 273 1020 300; x_wconf 77' lang='lat' dir='ltr'><strong>multesima</strong></span> 
     </span>
    </p>
   </div>
   <div class='ocr_carea' id='block_1_6' title="bbox 225 318 1022 359">
    <p class='ocr_par' dir='ltr' id='par_1_6' title="bbox 225 318 1022 359">
     <span class='ocr_line' id='line_1_7' title="bbox 225 318 1022 359; baseline -0.001 -12"><span class='ocrx_word' id='word_1_36' title='bbox 225 321 332 356; x_wconf 79' lang='lat' dir='ltr'><strong><em>quidem</em></strong></span> <span class='ocrx_word' id='word_1_37' title='bbox 348 329 375 347; x_wconf 80' lang='lat' dir='ltr'><strong>es</strong></span> <span class='ocrx_word' id='word_1_38' title='bbox 393 325 421 346; x_wconf 89' lang='lat' dir='ltr'><strong><em>ut</em></strong></span> <span class='ocrx_word' id='word_1_39' title='bbox 436 321 472 346; x_wconf 81' lang='lat' dir='ltr'><strong>sis</strong></span> <span class='ocrx_word' id='word_1_40' title='bbox 488 321 514 346; x_wconf 84' lang='lat' dir='ltr'><strong><em>iu</em></strong></span> <span class='ocrx_word' id='word_1_41' title='bbox 530 319 647 346; x_wconf 75' lang='lat' dir='ltr'><strong>millibus</strong></span> <span class='ocrx_word' id='word_1_42' title='bbox 667 319 746 346; x_wconf 71' lang='lat' dir='ltr'><strong>Iuda:</strong></span> <span class='ocrx_word' id='word_1_43' title='bbox 760 328 768 346; x_wconf 89' lang='lat'><em>:</em></span> <span class='ocrx_word' id='word_1_44' title='bbox 784 327 816 346; x_wconf 71' lang='lat' dir='ltr'><strong>ex</strong></span> <span class='ocrx_word' id='word_1_45' title='bbox 831 324 854 346; x_wconf 83' lang='lat' dir='ltr'><strong>te</strong></span> <span class='ocrx_word' id='word_1_46' title='bbox 867 320 936 346; x_wconf 85' lang='lat' dir='ltr'><strong>enim</strong></span> <span class='ocrx_word' id='word_1_47' title='bbox 956 318 1022 359; x_wconf 70' lang='lat' dir='ltr'><strong>mihi</strong></span> 
     </span>
    </p>
   </div>
   <div class='ocr_carea' id='block_1_7' title="bbox 225 364 1020 400">
    <p class='ocr_par' dir='ltr' id='par_1_7' title="bbox 225 364 1020 400">
     <span class='ocr_line' id='line_1_8' title="bbox 225 364 1020 400; baseline -0.004 -6"><span class='ocrx_word' id='word_1_48' title='bbox 225 367 294 394; x_wconf 68' lang='lat' dir='ltr'><strong>exiet</strong></span> <span class='ocrx_word' id='word_1_49' title='bbox 316 367 342 393; x_wconf 83' lang='lat' dir='ltr'><strong>in</strong></span> <span class='ocrx_word' id='word_1_50' title='bbox 362 366 507 400; x_wconf 74' lang='lat' dir='ltr'><strong>principem</strong></span> <span class='ocrx_word' id='word_1_51' title='bbox 527 365 596 399; x_wconf 86' lang='lat' dir='ltr'><strong>apud</strong></span> <span class='ocrx_word' id='word_1_52' title='bbox 620 364 771 392; x_wconf 79' lang='lat' dir='ltr'><strong>Israelem:</strong></span> <span class='ocrx_word' id='word_1_53' title='bbox 788 370 813 391; x_wconf 85' lang='lat' dir='ltr'><strong>et</strong></span> <span class='ocrx_word' id='word_1_54' title='bbox 832 366 918 392; x_wconf 68' lang='lat' dir='ltr'><strong>exitus</strong></span> <span class='ocrx_word' id='word_1_55' title='bbox 938 365 1020 399; x_wconf 79' lang='lat' dir='ltr'><strong>ipsius</strong></span> 
     </span>
    </p>
   </div>
   <div class='ocr_carea' id='block_1_8' title="bbox 227 410 1021 439">
    <p class='ocr_par' dir='ltr' id='par_1_8' title="bbox 227 410 1021 439">
     <span class='ocr_line' id='line_1_9' title="bbox 227 410 1021 439; baseline 0 -1"><span class='ocrx_word' id='word_1_56' title='bbox 227 413 260 438; x_wconf 84' lang='lat' dir='ltr'><strong>ab</strong></span> <span class='ocrx_word' id='word_1_57' title='bbox 286 412 362 438; x_wconf 86' lang='lat' dir='ltr'><strong>initio</strong></span> <span class='ocrx_word' id='word_1_58' title='bbox 387 420 403 438; x_wconf 87' lang='lat' dir='ltr'><strong>a</strong></span> <span class='ocrx_word' id='word_1_59' title='bbox 430 412 521 438; x_wconf 81' lang='lat' dir='ltr'><strong>diebus</strong></span> <span class='ocrx_word' id='word_1_60' title='bbox 547 411 706 438; x_wconf 55' lang='lat' dir='ltr'><strong>sucularum</strong></span> <span class='ocrx_word' id='word_1_61' title='bbox 717 411 739 438; x_wconf 90' lang='grc'><strong>¹.</strong></span> <span class='ocrx_word' id='word_1_62' title='bbox 766 410 814 438; x_wconf 79' lang='lat' dir='ltr'><strong>Vel</strong></span> <span class='ocrx_word' id='word_1_63' title='bbox 841 414 872 437; x_wconf 91' lang='lat' dir='ltr'><strong>ut</strong></span> <span class='ocrx_word' id='word_1_64' title='bbox 901 411 929 438; x_wconf 90' lang='lat' dir='ltr'><strong>in</strong></span> <span class='ocrx_word' id='word_1_65' title='bbox 960 411 1021 439; x_wconf 85' lang='lat' dir='ltr'><strong>aliis</strong></span> 
     </span>
    </p>
   </div>
   <div class='ocr_carea' id='block_1_9' title="bbox 227 456 1021 492">
    <p class='ocr_par' dir='ltr' id='par_1_9' title="bbox 227 456 1021 492">
     <span class='ocr_line' id='line_1_10' title="bbox 227 456 1021 492; baseline -0.003 -7"><span class='ocrx_word' id='word_1_66' title='bbox 227 457 430 492; x_wconf 80' lang='lat' dir='ltr'><strong>exemplaribus</strong></span> <span class='ocrx_word' id='word_1_67' title='bbox 448 457 548 492; x_wconf 72' lang='lat' dir='ltr'><strong>legitur</strong></span> <span class='ocrx_word' id='word_1_68' title='bbox 563 467 569 484; x_wconf 89' lang='lat'><strong>:</strong></span> <span class='ocrx_word' id='word_1_69' title='bbox 586 456 618 483; x_wconf 87' lang='lat' dir='ltr'><strong>Et</strong></span> <span class='ocrx_word' id='word_1_70' title='bbox 635 462 673 490; x_wconf 87' lang='lat' dir='ltr'><strong>tu,</strong></span> <span class='ocrx_word' id='word_1_71' title='bbox 687 456 847 490; x_wconf 74' lang='lat' dir='ltr'><strong>Bct/lleltem,</strong></span> <span class='ocrx_word' id='word_1_72' title='bbox 857 465 1021 492; x_wconf 74' lang='lat' dir='ltr'><strong>nequaquam</strong></span> 
     </span>
    </p>
   </div>
   <div class='ocr_carea' id='block_1_10' title="bbox 227 503 1020 536">
    <p class='ocr_par' dir='ltr' id='par_1_10' title="bbox 227 503 1020 536">
     <span class='ocr_line' id='line_1_11' title="bbox 227 503 1020 536; baseline 0 -6"><span class='ocrx_word' id='word_1_73' title='bbox 227 505 339 530; x_wconf 83' lang='lat' dir='ltr'><strong>minima</strong></span> <span class='ocrx_word' id='word_1_74' title='bbox 351 512 377 531; x_wconf 76' lang='lat' dir='ltr'><strong>es</strong></span> <span class='ocrx_word' id='word_1_75' title='bbox 394 505 419 531; x_wconf 85' lang='lat' dir='ltr'><strong>in</strong></span> <span class='ocrx_word' id='word_1_76' title='bbox 431 504 542 531; x_wconf 82' lang='lat' dir='ltr'><strong>ducibus</strong></span> <span class='ocrx_word' id='word_1_77' title='bbox 558 503 648 535; x_wconf 74' lang='lat' dir='ltr'><strong>Juda&#39;,</strong></span> <span class='ocrx_word' id='word_1_78' title='bbox 665 511 697 530; x_wconf 74' lang='lat' dir='ltr'><strong>ex</strong></span> <span class='ocrx_word' id='word_1_79' title='bbox 713 508 736 530; x_wconf 77' lang='lat' dir='ltr'><strong>te</strong></span> <span class='ocrx_word' id='word_1_80' title='bbox 747 503 815 530; x_wconf 83' lang='lat' dir='ltr'><strong>enim</strong></span> <span class='ocrx_word' id='word_1_81' title='bbox 833 504 901 531; x_wconf 71' lang='lat' dir='ltr'><strong>exiet</strong></span> <span class='ocrx_word' id='word_1_82' title='bbox 916 503 1020 536; x_wconf 83' lang='lat' dir='ltr'><strong>ductor,</strong></span> 
     </span>
    </p>
   </div>
   <div class='ocr_carea' id='block_1_11' title="bbox 227 547 1023 584">
    <p class='ocr_par' dir='ltr' id='par_1_11' title="bbox 227 547 1023 584">
     <span class='ocr_line' id='line_1_12' title="bbox 227 547 1023 584; baseline -0.003 -8"><span class='ocrx_word' id='word_1_83' title='bbox 227 552 252 576; x_wconf 83' lang='lat' dir='ltr'><strong>ct</strong></span> <span class='ocrx_word' id='word_1_84' title='bbox 273 555 362 583; x_wconf 80' lang='lat' dir='ltr'><strong>pascet</strong></span> <span class='ocrx_word' id='word_1_85' title='bbox 379 550 503 584; x_wconf 84' lang='lat' dir='ltr'><strong><em>populum</em></strong></span> <span class='ocrx_word' id='word_1_86' title='bbox 526 558 612 576; x_wconf 87' lang='lat' dir='ltr'><strong>meum</strong></span> <span class='ocrx_word' id='word_1_87' title='bbox 631 548 728 576; x_wconf 77' lang='lat' dir='ltr'><strong>Israel.</strong></span> <span class='ocrx_word' id='word_1_88' title='bbox 748 547 831 576; x_wconf 80' lang='lat' dir='ltr'><strong>Vides</strong></span> <span class='ocrx_word' id='word_1_89' title='bbox 846 549 942 575; x_wconf 88' lang='lat' dir='ltr'><strong>horqu</strong></span> <span class='ocrx_word' id='word_1_90' title='bbox 966 556 1023 575; x_wconf 89' lang='lat' dir='ltr'><strong>ver-</strong></span> 
     </span>
    </p>
   </div>
   <div class='ocr_carea' id='block_1_12' title="bbox 230 594 1022 627">
    <p class='ocr_par' dir='ltr' id='par_1_12' title="bbox 230 594 1022 627">
     <span class='ocr_line' id='line_1_13' title="bbox 230 594 1022 627; baseline -0.003 -5"><span class='ocrx_word' id='word_1_91' title='bbox 230 596 327 623; x_wconf 82' lang='lat' dir='ltr'><strong>borum</strong></span> <span class='ocrx_word' id='word_1_92' title='bbox 350 596 471 623; x_wconf 88' lang='lat' dir='ltr'><strong>nondum</strong></span> <span class='ocrx_word' id='word_1_93' title='bbox 503 603 581 623; x_wconf 86' lang='lat' dir='ltr'><strong>usum</strong></span> <span class='ocrx_word' id='word_1_94' title='bbox 607 594 795 622; x_wconf 80' lang='lat' dir='ltr'><strong>necessarium</strong></span> <span class='ocrx_word' id='word_1_95' title='bbox 821 594 925 627; x_wconf 85' lang='lat' dir='ltr'><strong>fuisse,</strong></span> <span class='ocrx_word' id='word_1_96' title='bbox 954 594 1022 620; x_wconf 77' lang='lat' dir='ltr'><strong>Deus</strong></span> 
     </span>
    </p>
   </div>
   <div class='ocr_carea' id='block_1_13' title="bbox 230 639 1024 675">
    <p class='ocr_par' dir='ltr' id='par_1_13' title="bbox 230 639 1024 675">
     <span class='ocr_line' id='line_1_14' title="bbox 230 639 1024 675; baseline -0.001 -7"><span class='ocrx_word' id='word_1_97' title='bbox 230 650 302 669; x_wconf 66' lang='lat' dir='ltr'><strong>meus</strong></span> <span class='ocrx_word' id='word_1_98' title='bbox 327 647 351 669; x_wconf 86' lang='lat' dir='ltr'><strong>ct</strong></span> <span class='ocrx_word' id='word_1_99' title='bbox 378 642 449 669; x_wconf 83' lang='lat' dir='ltr'><strong>Deus</strong></span> <span class='ocrx_word' id='word_1_100' title='bbox 473 643 578 670; x_wconf 76' lang='lat' dir='ltr'><strong>vester?</strong></span> <span class='ocrx_word' id='word_1_101' title='bbox 605 640 787 675; x_wconf 76' lang='lat' dir='ltr'><strong>Posteaquam</strong></span> <span class='ocrx_word' id='word_1_102' title='bbox 810 647 877 668; x_wconf 84' lang='lat' dir='ltr'><strong>vero</strong></span> <span class='ocrx_word' id='word_1_103' title='bbox 899 639 1024 667; x_wconf 67' lang='lat' dir='ltr'><strong>Jeremim</strong></span> 
     </span>
    </p>
   </div>
   <div class='ocr_carea' id='block_1_14' title="bbox 228 686 1023 723">
    <p class='ocr_par' dir='ltr' id='par_1_14' title="bbox 228 686 1023 723">
     <span class='ocr_line' id='line_1_15' title="bbox 228 686 1023 723; baseline -0.003 -7"><span class='ocrx_word' id='word_1_104' title='bbox 228 689 390 716; x_wconf 82' lang='lat' dir='ltr'><strong>vaticinium</strong></span> <span class='ocrx_word' id='word_1_105' title='bbox 415 689 556 723; x_wconf 72' lang='lat' dir='ltr'><strong>impletum</strong></span> <span class='ocrx_word' id='word_1_106' title='bbox 579 692 633 720; x_wconf 86' lang='lat' dir='ltr'><strong>est,</strong></span> <span class='ocrx_word' id='word_1_107' title='bbox 662 696 769 716; x_wconf 85' lang='lat' dir='ltr'><strong>necnon</strong></span> <span class='ocrx_word' id='word_1_108' title='bbox 800 690 828 714; x_wconf 87' lang='lat' dir='ltr'><strong>et</strong></span> <span class='ocrx_word' id='word_1_109' title='bbox 847 686 943 720; x_wconf 64' lang='lat' dir='ltr'><strong>Isaiae,</strong></span> <span class='ocrx_word' id='word_1_110' title='bbox 969 695 1023 722; x_wconf 91' lang='lat' dir='ltr'><strong>quo</strong></span> 
     </span>
    </p>
   </div>
   <div class='ocr_carea' id='block_1_15' title="bbox 229 733 1024 769">
    <p class='ocr_par' dir='ltr' id='par_1_15' title="bbox 229 733 1024 769">
     <span class='ocr_line' id='line_1_16' title="bbox 229 733 1024 769; baseline 0 -8"><span class='ocrx_word' id='word_1_111' title='bbox 229 734 349 761; x_wconf 77' lang='lat' dir='ltr'><strong>Verbum</strong></span> <span class='ocrx_word' id='word_1_112' title='bbox 365 742 380 761; x_wconf 85' lang='lat' dir='ltr'><strong>e</strong></span> <span class='ocrx_word' id='word_1_113' title='bbox 395 733 510 769; x_wconf 77' lang='lat' dir='ltr'><strong>Virgine</strong></span> <span class='ocrx_word' id='word_1_114' title='bbox 533 734 655 769; x_wconf 77' lang='lat' dir='ltr'><strong>genitum</strong></span> <span class='ocrx_word' id='word_1_115' title='bbox 674 733 720 766; x_wconf 90' lang='lat' dir='ltr'><strong>iri,</strong></span> <span class='ocrx_word' id='word_1_116' title='bbox 744 739 913 768; x_wconf 84' lang='lat' dir='ltr'><strong>carnemque</strong></span> <span class='ocrx_word' id='word_1_117' title='bbox 929 740 1024 761; x_wconf 80' lang='lat' dir='ltr'><strong>susce-</strong></span> 
     </span>
    </p>
   </div>
   <div class='ocr_carea' id='block_1_16' title="bbox 228 778 1022 815">
    <p class='ocr_par' dir='ltr' id='par_1_16' title="bbox 228 778 1022 815">
     <span class='ocr_line' id='line_1_17' title="bbox 228 778 1022 815; baseline 0 -8"><span class='ocrx_word' id='word_1_118' title='bbox 228 785 341 815; x_wconf 89' lang='lat' dir='ltr'><strong>pturum</strong></span> <span class='ocrx_word' id='word_1_119' title='bbox 361 788 423 808; x_wconf 83' lang='lat' dir='ltr'><strong>esse</strong></span> <span class='ocrx_word' id='word_1_120' title='bbox 443 779 654 814; x_wconf 56' lang='lat' dir='ltr'><strong>pradicebatur,</strong></span> <span class='ocrx_word' id='word_1_121' title='bbox 677 784 708 806; x_wconf 90' lang='lat' dir='ltr'><strong>ut</strong></span> <span class='ocrx_word' id='word_1_122' title='bbox 723 778 857 806; x_wconf 85' lang='lat' dir='ltr'><strong>Jeremias</strong></span> <span class='ocrx_word' id='word_1_123' title='bbox 875 779 998 814; x_wconf 91' lang='lat' dir='ltr'><strong>loquitur</strong></span> <span class='ocrx_word' id='word_1_124' title='bbox 1015 788 1022 807; x_wconf 92' lang='lat'><strong>:</strong></span> 
     </span>
    </p>
   </div>
   <div class='ocr_carea' id='block_1_17' title="bbox 229 825 1023 861">
    <p class='ocr_par' dir='ltr' id='par_1_17' title="bbox 229 825 1023 861">
     <span class='ocr_line' id='line_1_18' title="bbox 229 825 1023 861; baseline -0.001 -7"><span class='ocrx_word' id='word_1_125' title='bbox 229 827 265 854; x_wconf 85' lang='lat' dir='ltr'><strong>Et</strong></span> <span class='ocrx_word' id='word_1_126' title='bbox 285 827 362 853; x_wconf 82' lang='lat' dir='ltr'><strong>Immo</strong></span> <span class='ocrx_word' id='word_1_127' title='bbox 384 831 433 859; x_wconf 77' lang='lat' dir='ltr'><strong>est,</strong></span> <span class='ocrx_word' id='word_1_128' title='bbox 454 830 478 853; x_wconf 82' lang='lat' dir='ltr'><strong>et</strong></span> <span class='ocrx_word' id='word_1_129' title='bbox 503 827 560 861; x_wconf 75' lang='lat' dir='ltr'><strong>quis</strong></span> <span class='ocrx_word' id='word_1_130' title='bbox 584 829 721 860; x_wconf 82' lang='lat' dir='ltr'><strong>cognoscet</strong></span> <span class='ocrx_word' id='word_1_131' title='bbox 742 825 819 852; x_wconf 82' lang='lat' dir='ltr'><strong>illum</strong></span> <span class='ocrx_word' id='word_1_132' title='bbox 833 825 863 851; x_wconf 76' lang='lat'><strong>&#39;?</strong></span> <span class='ocrx_word' id='word_1_133' title='bbox 878 829 936 852; x_wconf 92' lang='lat' dir='ltr'><strong>tum</strong></span> <span class='ocrx_word' id='word_1_134' title='bbox 958 833 1023 853; x_wconf 79' lang='lat' dir='ltr'><strong>vero</strong></span> 
     </span>
    </p>
   </div>
   <div class='ocr_carea' id='block_1_18' title="bbox 229 871 1022 908">
    <p class='ocr_par' dir='ltr' id='par_1_18' title="bbox 229 871 1022 908">
     <span class='ocr_line' id='line_1_19' title="bbox 229 871 1022 908; baseline -0.003 -8"><span class='ocrx_word' id='word_1_135' title='bbox 229 873 275 900; x_wconf 87' lang='lat' dir='ltr'><strong>ubi</strong></span> <span class='ocrx_word' id='word_1_136' title='bbox 293 872 386 900; x_wconf 90' lang='lat' dir='ltr'><strong>carnis</strong></span> <span class='ocrx_word' id='word_1_137' title='bbox 399 873 538 908; x_wconf 71' lang='lat' dir='ltr'><strong>particeps</strong></span> <span class='ocrx_word' id='word_1_138' title='bbox 553 871 614 903; x_wconf 80' lang='lat' dir='ltr'><strong>fuit,</strong></span> <span class='ocrx_word' id='word_1_139' title='bbox 628 879 660 898; x_wconf 90' lang='lat' dir='ltr'><strong>ac</strong></span> <span class='ocrx_word' id='word_1_140' title='bbox 676 871 736 899; x_wconf 86' lang='lat' dir='ltr'><strong>sine</strong></span> <span class='ocrx_word' id='word_1_141' title='bbox 751 871 822 898; x_wconf 84' lang='lat' dir='ltr'><strong>virili</strong></span> <span class='ocrx_word' id='word_1_142' title='bbox 835 876 895 899; x_wconf 87' lang='lat' dir='ltr'><strong>satu</strong></span> <span class='ocrx_word' id='word_1_143' title='bbox 912 880 926 898; x_wconf 86' lang='lat' dir='ltr'><strong>e</strong></span> <span class='ocrx_word' id='word_1_144' title='bbox 938 871 1022 898; x_wconf 87' lang='lat' dir='ltr'><strong>Maria</strong></span> 
     </span>
    </p>
   </div>
   <div class='ocr_carea' id='block_1_19' title="bbox 230 916 1022 951">
    <p class='ocr_par' dir='ltr' id='par_1_19' title="bbox 230 916 1022 951">
     <span class='ocr_line' id='line_1_20' title="bbox 230 916 1022 951; baseline 0 -8"><span class='ocrx_word' id='word_1_145' title='bbox 230 916 277 944; x_wconf 87' lang='lat' dir='ltr'><strong>Dei</strong></span> <span class='ocrx_word' id='word_1_146' title='bbox 301 921 388 945; x_wconf 93' lang='lat' dir='ltr'><strong>matre</strong></span> <span class='ocrx_word' id='word_1_147' title='bbox 413 921 622 945; x_wconf 83' lang='lat' dir='ltr'><strong>sacrosanctum</strong></span> <span class='ocrx_word' id='word_1_148' title='bbox 650 916 702 944; x_wconf 86' lang='lat' dir='ltr'><strong>sibi</strong></span> <span class='ocrx_word' id='word_1_149' title='bbox 722 924 824 951; x_wconf 89' lang='lat' dir='ltr'><strong>corpus</strong></span> <span class='ocrx_word' id='word_1_150' title='bbox 847 916 959 948; x_wconf 76' lang='lat' dir='ltr'><strong>eﬂinxit,</strong></span> <span class='ocrx_word' id='word_1_151' title='bbox 983 917 1022 943; x_wconf 91' lang='lat' dir='ltr'><strong>uti</strong></span> 
     </span>
    </p>
   </div>
   <div class='ocr_carea' id='block_1_20' title="bbox 231 961 1022 997">
    <p class='ocr_par' dir='ltr' id='par_1_20' title="bbox 231 961 1022 997">
     <span class='ocr_line' id='line_1_21' title="bbox 231 961 1022 997; baseline -0.003 -7"><span class='ocrx_word' id='word_1_152' title='bbox 231 963 363 997; x_wconf 90' lang='lat' dir='ltr'><strong>scriptum</strong></span> <span class='ocrx_word' id='word_1_153' title='bbox 397 967 451 994; x_wconf 83' lang='lat' dir='ltr'><strong>est.</strong></span> <span class='ocrx_word' id='word_1_154' title='bbox 473 962 561 996; x_wconf 80' lang='lat' dir='ltr'><strong>factus</strong></span> <span class='ocrx_word' id='word_1_155' title='bbox 581 969 613 988; x_wconf 76' lang='lat' dir='ltr'><strong>ex</strong></span> <span class='ocrx_word' id='word_1_156' title='bbox 630 961 785 988; x_wconf 65' lang='lat' dir='ltr'><strong>muliere‘:</strong></span> <span class='ocrx_word' id='word_1_157' title='bbox 807 965 877 994; x_wconf 90' lang='lat' dir='ltr'><strong>tum,</strong></span> <span class='ocrx_word' id='word_1_158' title='bbox 900 961 1022 996; x_wconf 89' lang='lat' dir='ltr'><strong>inquam,</strong></span> 
     </span>
    </p>
   </div>
   <div class='ocr_carea' id='block_1_21' title="bbox 231 1007 1024 1044">
    <p class='ocr_par' dir='ltr' id='par_1_21' title="bbox 231 1007 1024 1044">
     <span class='ocr_line' id='line_1_22' title="bbox 231 1007 1024 1044; baseline -0.003 -8"><span class='ocrx_word' id='word_1_159' title='bbox 231 1013 336 1036; x_wconf 70' lang='lat' dir='ltr'><strong>natura:</strong></span> <span class='ocrx_word' id='word_1_160' title='bbox 353 1012 456 1036; x_wconf 68' lang='lat' dir='ltr'><strong>nostrae</strong></span> <span class='ocrx_word' id='word_1_161' title='bbox 472 1012 583 1044; x_wconf 79' lang='lat' dir='ltr'><strong>propter</strong></span> <span class='ocrx_word' id='word_1_162' title='bbox 603 1015 654 1035; x_wconf 89' lang='lat' dir='ltr'><strong>nos</strong></span> <span class='ocrx_word' id='word_1_163' title='bbox 671 1007 819 1043; x_wconf 74' lang='lat' dir='ltr'><strong>particeps,</strong></span> <span class='ocrx_word' id='word_1_164' title='bbox 838 1007 921 1034; x_wconf 86' lang='lat' dir='ltr'><strong>Deum</strong></span> <span class='ocrx_word' id='word_1_165' title='bbox 939 1015 1024 1034; x_wconf 87' lang='lat' dir='ltr'><strong>meum</strong></span> 
     </span>
    </p>
   </div>
   <div class='ocr_carea' id='block_1_22' title="bbox 231 1053 1025 1091">
    <p class='ocr_par' dir='ltr' id='par_1_22' title="bbox 231 1053 1025 1091">
     <span class='ocr_line' id='line_1_23' title="bbox 231 1053 1025 1091; baseline -0.003 -9"><span class='ocrx_word' id='word_1_166' title='bbox 231 1063 366 1091; x_wconf 82' lang='lat' dir='ltr'><strong>usurpare</strong></span> <span class='ocrx_word' id='word_1_167' title='bbox 388 1056 481 1089; x_wconf 75' lang='lat' dir='ltr'><strong>cmpit.</strong></span> <span class='ocrx_word' id='word_1_168' title='bbox 512 1053 548 1081; x_wconf 93' lang='lat' dir='ltr'><strong>Ut</strong></span> <span class='ocrx_word' id='word_1_169' title='bbox 569 1059 658 1082; x_wconf 80' lang='lat' dir='ltr'><strong>autent</strong></span> <span class='ocrx_word' id='word_1_170' title='bbox 681 1058 780 1081; x_wconf 88' lang='lat' dir='ltr'><strong>natura</strong></span> <span class='ocrx_word' id='word_1_171' title='bbox 813 1061 974 1089; x_wconf 78' lang='lat' dir='ltr'><strong>germanum</strong></span> <span class='ocrx_word' id='word_1_172' title='bbox 995 1061 1025 1081; x_wconf 85' lang='lat' dir='ltr'><strong>se</strong></span> 
     </span>
    </p>
   </div>
   <div class='ocr_carea' id='block_1_23' title="bbox 230 1099 1024 1137">
    <p class='ocr_par' dir='ltr' id='par_1_23' title="bbox 230 1099 1024 1137">
     <span class='ocr_line' id='line_1_24' title="bbox 230 1099 1024 1137; baseline -0.003 -8"><span class='ocrx_word' id='word_1_173' title='bbox 230 1109 263 1129; x_wconf 85' lang='lat' dir='ltr'><strong>ac</strong></span> <span class='ocrx_word' id='word_1_174' title='bbox 278 1102 474 1137; x_wconf 87' lang='lat' dir='ltr'><strong>sempiternum</strong></span> <span class='ocrx_word' id='word_1_175' title='bbox 493 1100 630 1132; x_wconf 80' lang='lat' dir='ltr'><strong>ostendat,</strong></span> <span class='ocrx_word' id='word_1_176' title='bbox 654 1099 763 1127; x_wconf 85' lang='lat' dir='ltr'><strong>Patrem</strong></span> <span class='ocrx_word' id='word_1_177' title='bbox 781 1108 866 1126; x_wconf 84' lang='lat' dir='ltr'><strong>meum</strong></span> <span class='ocrx_word' id='word_1_178' title='bbox 887 1099 972 1133; x_wconf 77' lang='lat' dir='ltr'><strong>dixit;</strong></span> <span class='ocrx_word' id='word_1_179' title='bbox 990 1100 1024 1127; x_wconf 87' lang='lat' dir='ltr'><strong>ad</strong></span> 
     </span>
    </p>
   </div>
   <div class='ocr_carea' id='block_1_24' title="bbox 230 1145 1025 1181">
    <p class='ocr_par' dir='ltr' id='par_1_24' title="bbox 230 1145 1025 1181">
     <span class='ocr_line' id='line_1_25' title="bbox 230 1145 1025 1181; baseline -0.003 -7"><span class='ocrx_word' id='word_1_180' title='bbox 230 1147 297 1174; x_wconf 84' lang='lat' dir='ltr'><strong>illud</strong></span> <span class='ocrx_word' id='word_1_181' title='bbox 314 1155 379 1174; x_wconf 84' lang='lat' dir='ltr'><strong>vero</strong></span> <span class='ocrx_word' id='word_1_182' title='bbox 395 1146 558 1174; x_wconf 81' lang='lat' dir='ltr'><strong>beneﬁcium</strong></span> <span class='ocrx_word' id='word_1_183' title='bbox 577 1145 786 1181; x_wconf 82' lang='lat' dir='ltr'><strong>signiﬁcandum</strong></span> <span class='ocrx_word' id='word_1_184' title='bbox 803 1153 858 1180; x_wconf 87' lang='lat' dir='ltr'><strong>quo</strong></span> <span class='ocrx_word' id='word_1_185' title='bbox 873 1146 1025 1180; x_wconf 89' lang='lat' dir='ltr'><strong>discipulos</strong></span> 
     </span>
    </p>
   </div>
   <div class='ocr_carea' id='block_1_25' title="bbox 233 1190 1024 1225">
    <p class='ocr_par' dir='ltr' id='par_1_25' title="bbox 233 1190 1024 1225">
     <span class='ocr_line' id='line_1_26' title="bbox 233 1190 1024 1225; baseline -0.001 -6"><span class='ocrx_word' id='word_1_186' title='bbox 233 1191 372 1224; x_wconf 73' lang='lat' dir='ltr'><strong>alfecerat,</strong></span> <span class='ocrx_word' id='word_1_187' title='bbox 388 1191 498 1218; x_wconf 84' lang='lat' dir='ltr'><strong>Patrem</strong></span> <span class='ocrx_word' id='word_1_188' title='bbox 510 1196 625 1218; x_wconf 73' lang='lat' dir='ltr'><strong>vestrum</strong></span> <span class='ocrx_word' id='word_1_189' title='bbox 640 1191 754 1219; x_wconf 82' lang='lat' dir='ltr'><strong>addidit.</strong></span> <span class='ocrx_word' id='word_1_190' title='bbox 773 1190 840 1217; x_wconf 80' lang='lat' dir='ltr'><strong>Nam</strong></span> <span class='ocrx_word' id='word_1_191' title='bbox 856 1191 928 1225; x_wconf 86' lang='lat' dir='ltr'><strong>quod</strong></span> <span class='ocrx_word' id='word_1_192' title='bbox 944 1190 1024 1223; x_wconf 81' lang='lat' dir='ltr'><strong>dixit,</strong></span> 
     </span>
    </p>
   </div>
   <div class='ocr_carea' id='block_1_26' title="bbox 235 1236 1026 1272">
    <p class='ocr_par' dir='ltr' id='par_1_26' title="bbox 235 1236 1026 1272">
     <span class='ocr_line' id='line_1_27' title="bbox 235 1236 1026 1272; baseline 0 -9"><span class='ocrx_word' id='word_1_193' title='bbox 235 1237 467 1269; x_wconf 77' lang='lat' dir='ltr'><strong>Deum&#39;uestrum,</strong></span> <span class='ocrx_word' id='word_1_194' title='bbox 490 1237 542 1264; x_wconf 87' lang='lat' dir='ltr'><strong>hoc</strong></span> <span class='ocrx_word' id='word_1_195' title='bbox 566 1237 640 1272; x_wconf 89' lang='lat' dir='ltr'><strong>quod</strong></span> <span class='ocrx_word' id='word_1_196' title='bbox 664 1237 808 1271; x_wconf 85' lang='lat' dir='ltr'><strong>discipulis</strong></span> <span class='ocrx_word' id='word_1_197' title='bbox 834 1236 868 1262; x_wconf 86' lang='lat' dir='ltr'><strong>ad</strong></span> <span class='ocrx_word' id='word_1_198' title='bbox 891 1244 968 1264; x_wconf 89' lang='lat' dir='ltr'><strong>suam</strong></span> <span class='ocrx_word' id='word_1_199' title='bbox 993 1243 1026 1263; x_wconf 86' lang='lat' dir='ltr'><strong>ac</strong></span> 
     </span>
    </p>
   </div>
   <div class='ocr_carea' id='block_1_27' title="bbox 230 1277 1026 1316">
    <p class='ocr_par' dir='ltr' id='par_1_27' title="bbox 230 1277 1026 1316">
     <span class='ocr_line' id='line_1_28' title="bbox 230 1277 1026 1316; baseline -0.001 -8"><span class='ocrx_word' id='word_1_200' title='bbox 230 1277 324 1309; x_wconf 74' lang='lat' dir='ltr'><strong>Patris</strong></span> <span class='ocrx_word' id='word_1_201' title='bbox 340 1282 434 1308; x_wconf 52' lang='lat' dir='ltr'><strong>aiterni</strong></span> <span class='ocrx_word' id='word_1_202' title='bbox 457 1281 630 1308; x_wconf 75' lang='lat' dir='ltr'><strong>divinitatem</strong></span> <span class='ocrx_word' id='word_1_203' title='bbox 649 1281 827 1316; x_wconf 79' lang='lat' dir='ltr'><strong>comparatis,</strong></span> <span class='ocrx_word' id='word_1_204' title='bbox 845 1285 945 1308; x_wconf 89' lang='lat' dir='ltr'><strong>natura</strong></span> <span class='ocrx_word' id='word_1_205' title='bbox 959 1288 1026 1308; x_wconf 88' lang='lat' dir='ltr'><strong>con-</strong></span> 
     </span>
    </p>
   </div>
   <div class='ocr_carea' id='block_1_28' title="bbox 233 1326 1026 1362">
    <p class='ocr_par' dir='ltr' id='par_1_28' title="bbox 233 1326 1026 1362">
     <span class='ocr_line' id='line_1_29' title="bbox 233 1326 1026 1362; baseline 0 -8"><span class='ocrx_word' id='word_1_206' title='bbox 233 1327 371 1359; x_wconf 75' lang='lat' dir='ltr'><strong>veniebat,</strong></span> <span class='ocrx_word' id='word_1_207' title='bbox 387 1326 529 1354; x_wconf 73' lang='lat' dir='ltr'><strong>declarare</strong></span> <span class='ocrx_word' id='word_1_208' title='bbox 542 1327 639 1354; x_wconf 89' lang='lat' dir='ltr'><strong>voluit.</strong></span> <span class='ocrx_word' id='word_1_209' title='bbox 655 1326 726 1354; x_wconf 87' lang='lat' dir='ltr'><strong>Deus</strong></span> <span class='ocrx_word' id='word_1_210' title='bbox 740 1326 812 1354; x_wconf 87' lang='lat' dir='ltr'><strong>enim</strong></span> <span class='ocrx_word' id='word_1_211' title='bbox 827 1327 1026 1362; x_wconf 89' lang='lat' dir='ltr'><strong>discipulorum</strong></span> 
     </span>
    </p>
   </div>
   <div class='ocr_carea' id='block_1_29' title="bbox 234 1371 1026 1407">
    <p class='ocr_par' dir='ltr' id='par_1_29' title="bbox 234 1371 1026 1407">
     <span class='ocr_line' id='line_1_30' title="bbox 234 1371 1026 1407; baseline 0 -7"><span class='ocrx_word' id='word_1_212' title='bbox 234 1376 305 1400; x_wconf 84' lang='lat' dir='ltr'><strong>est:</strong></span> <span class='ocrx_word' id='word_1_213' title='bbox 334 1371 417 1400; x_wconf 82' lang='lat' dir='ltr'><strong>Pater</strong></span> <span class='ocrx_word' id='word_1_214' title='bbox 442 1379 508 1400; x_wconf 87' lang='lat' dir='ltr'><strong>vero</strong></span> <span class='ocrx_word' id='word_1_215' title='bbox 531 1372 659 1404; x_wconf 89' lang='lat' dir='ltr'><strong>Domini,</strong></span> <span class='ocrx_word' id='word_1_216' title='bbox 688 1376 803 1405; x_wconf 85' lang='lat' dir='ltr'><strong>natura;</strong></span> <span class='ocrx_word' id='word_1_217' title='bbox 829 1372 1026 1407; x_wconf 87' lang='lat' dir='ltr'><strong>discipulorum</strong></span> 
     </span>
    </p>
   </div>
   <div class='ocr_carea' id='block_1_30' title="bbox 235 1417 1026 1454">
    <p class='ocr_par' dir='ltr' id='par_1_30' title="bbox 235 1417 1026 1454">
     <span class='ocr_line' id='line_1_31' title="bbox 235 1417 1026 1454; baseline -0.001 -8"><span class='ocrx_word' id='word_1_218' title='bbox 235 1425 319 1453; x_wconf 87' lang='lat' dir='ltr'><strong>porro</strong></span> <span class='ocrx_word' id='word_1_219' title='bbox 335 1418 427 1450; x_wconf 85' lang='lat' dir='ltr'><strong>Pater,</strong></span> <span class='ocrx_word' id='word_1_220' title='bbox 442 1418 529 1454; x_wconf 80' lang='lat' dir='ltr'><strong>gratia</strong></span> <span class='ocrx_word' id='word_1_221' title='bbox 545 1427 552 1445; x_wconf 88' lang='lat'><strong>:</strong></span> <span class='ocrx_word' id='word_1_222' title='bbox 571 1418 698 1453; x_wconf 81' lang='lat' dir='ltr'><strong>idemque</strong></span> <span class='ocrx_word' id='word_1_223' title='bbox 708 1417 770 1445; x_wconf 85' lang='lat' dir='ltr'><strong>Filii</strong></span> <span class='ocrx_word' id='word_1_224' title='bbox 786 1421 897 1453; x_wconf 84' lang='lat' dir='ltr'><strong>propter</strong></span> <span class='ocrx_word' id='word_1_225' title='bbox 915 1425 1026 1446; x_wconf 88' lang='lat' dir='ltr'><strong>carnem</strong></span> 
     </span>
    </p>
   </div>
   <div class='ocr_carea' id='block_1_31' title="bbox 236 1463 1027 1498">
    <p class='ocr_par' dir='ltr' id='par_1_31' title="bbox 236 1463 1027 1498">
     <span class='ocr_line' id='line_1_32' title="bbox 236 1463 1027 1498; baseline 0 -8"><span class='ocrx_word' id='word_1_226' title='bbox 236 1463 327 1497; x_wconf 83' lang='lat' dir='ltr'><strong>Deus;</strong></span> <span class='ocrx_word' id='word_1_227' title='bbox 354 1463 436 1490; x_wconf 88' lang='lat' dir='ltr'><strong>Pater</strong></span> <span class='ocrx_word' id='word_1_228' title='bbox 450 1470 515 1490; x_wconf 84' lang='lat' dir='ltr'><strong>vero</strong></span> <span class='ocrx_word' id='word_1_229' title='bbox 533 1467 646 1498; x_wconf 84' lang='lat' dir='ltr'><strong>propter</strong></span> <span class='ocrx_word' id='word_1_230' title='bbox 666 1463 859 1498; x_wconf 86' lang='lat' dir='ltr'><strong>sempiternam</strong></span> <span class='ocrx_word' id='word_1_231' title='bbox 875 1467 903 1491; x_wconf 88' lang='lat' dir='ltr'><strong>et</strong></span> <span class='ocrx_word' id='word_1_232' title='bbox 922 1463 1027 1490; x_wconf 89' lang='lat' dir='ltr'><strong>incom-</strong></span> 
     </span>
    </p>
   </div>
   <div class='ocr_carea' id='block_1_32' title="bbox 235 1509 1028 1545">
    <p class='ocr_par' dir='ltr' id='par_1_32' title="bbox 235 1509 1028 1545">
     <span class='ocr_line' id='line_1_33' title="bbox 235 1509 1028 1545; baseline 0 -8"><span class='ocrx_word' id='word_1_233' title='bbox 235 1510 400 1544; x_wconf 80' lang='lat' dir='ltr'><strong>prehensam</strong></span> <span class='ocrx_word' id='word_1_234' title='bbox 413 1509 487 1537; x_wconf 91' lang='lat' dir='ltr'><strong>illius</strong></span> <span class='ocrx_word' id='word_1_235' title='bbox 503 1509 636 1544; x_wconf 74' lang='lat' dir='ltr'><strong>originem</strong></span> <span class='ocrx_word' id='word_1_236' title='bbox 653 1516 684 1535; x_wconf 85' lang='lat' dir='ltr'><strong>ac</strong></span> <span class='ocrx_word' id='word_1_237' title='bbox 696 1509 925 1543; x_wconf 73' lang='lat' dir='ltr'><strong>germanitatem:</strong></span> <span class='ocrx_word' id='word_1_238' title='bbox 941 1517 1028 1545; x_wconf 89' lang='lat' dir='ltr'><strong>quan-</strong></span> 
     </span>
    </p>
   </div>
   <div class='ocr_carea' id='block_1_33' title="bbox 235 1555 1029 1591">
    <p class='ocr_par' dir='ltr' id='par_1_33' title="bbox 235 1555 1029 1591">
     <span class='ocr_line' id='line_1_34' title="bbox 235 1555 1029 1591; baseline 0.001 -9"><span class='ocrx_word' id='word_1_239' title='bbox 235 1556 383 1591; x_wconf 83' lang='lat' dir='ltr'><strong>doquidem</strong></span> <span class='ocrx_word' id='word_1_240' title='bbox 399 1563 463 1583; x_wconf 87' lang='lat' dir='ltr'><strong>vere</strong></span> <span class='ocrx_word' id='word_1_241' title='bbox 483 1556 570 1591; x_wconf 89' lang='lat' dir='ltr'><strong>ipsius</strong></span> <span class='ocrx_word' id='word_1_242' title='bbox 583 1555 666 1582; x_wconf 83' lang='lat' dir='ltr'><strong>Pater</strong></span> <span class='ocrx_word' id='word_1_243' title='bbox 679 1559 730 1587; x_wconf 82' lang='lat' dir='ltr'><strong>est,</strong></span> <span class='ocrx_word' id='word_1_244' title='bbox 746 1555 793 1590; x_wconf 93' lang='lat' dir='ltr'><strong>qui</strong></span> <span class='ocrx_word' id='word_1_245' title='bbox 805 1556 880 1582; x_wconf 92' lang='lat' dir='ltr'><strong>illum</strong></span> <span class='ocrx_word' id='word_1_246' title='bbox 892 1562 1029 1591; x_wconf 87' lang='lat' dir='ltr'><strong>quatenus</strong></span> 
     </span>
    </p>
   </div>
   <div class='ocr_carea' id='block_1_34' title="bbox 236 1601 1028 1636">
    <p class='ocr_par' dir='ltr' id='par_1_34' title="bbox 236 1601 1028 1636">
     <span class='ocr_line' id='line_1_35' title="bbox 236 1601 1028 1636; baseline 0.003 -8"><span class='ocrx_word' id='word_1_247' title='bbox 236 1601 309 1629; x_wconf 86' lang='lat' dir='ltr'><strong>Deus</strong></span> <span class='ocrx_word' id='word_1_248' title='bbox 324 1606 376 1634; x_wconf 90' lang='lat' dir='ltr'><strong>est,</strong></span> <span class='ocrx_word' id='word_1_249' title='bbox 392 1602 452 1629; x_wconf 87' lang='lat' dir='ltr'><strong>sine</strong></span> <span class='ocrx_word' id='word_1_250' title='bbox 466 1602 523 1628; x_wconf 93' lang='lat' dir='ltr'><strong>ullo</strong></span> <span class='ocrx_word' id='word_1_251' title='bbox 541 1605 662 1636; x_wconf 85' lang='lat' dir='ltr'><strong>tempore</strong></span> <span class='ocrx_word' id='word_1_252' title='bbox 679 1601 811 1635; x_wconf 88' lang='lat' dir='ltr'><strong>initioque</strong></span> <span class='ocrx_word' id='word_1_253' title='bbox 822 1601 926 1636; x_wconf 80' lang='lat' dir='ltr'><strong>genuit.</strong></span> <span class='ocrx_word' id='word_1_254' title='bbox 941 1601 1028 1635; x_wconf 86' lang='lat' dir='ltr'><strong>Quem</strong></span> 
     </span>
    </p>
   </div>
   <div class='ocr_carea' id='block_1_35' title="bbox 237 1647 1028 1683">
    <p class='ocr_par' dir='ltr' id='par_1_35' title="bbox 237 1647 1028 1683">
     <span class='ocr_line' id='line_1_36' title="bbox 237 1647 1028 1683; baseline 0 -8"><span class='ocrx_word' id='word_1_255' title='bbox 237 1648 348 1683; x_wconf 84' lang='lat' dir='ltr'><strong>quidem</strong></span> <span class='ocrx_word' id='word_1_256' title='bbox 364 1647 448 1675; x_wconf 87' lang='lat' dir='ltr'><strong>Deum</strong></span> <span class='ocrx_word' id='word_1_257' title='bbox 462 1656 539 1674; x_wconf 81' lang='lat' dir='ltr'><strong><em>suum</em></strong></span> <span class='ocrx_word' id='word_1_258' title='bbox 558 1647 696 1682; x_wconf 85' lang='lat' dir='ltr'><strong>appellare</strong></span> <span class='ocrx_word' id='word_1_259' title='bbox 711 1647 805 1675; x_wconf 87' lang='lat' dir='ltr'><strong>debuit</strong></span> <span class='ocrx_word' id='word_1_260' title='bbox 829 1647 864 1674; x_wconf 92' lang='lat' dir='ltr'><strong>ob</strong></span> <span class='ocrx_word' id='word_1_261' title='bbox 879 1647 1028 1675; x_wconf 82' lang='lat' dir='ltr'><strong>humanam</strong></span> 
     </span>
    </p>
   </div>
   <div class='ocr_carea' id='block_1_36' title="bbox 236 1696 1029 1727">
    <p class='ocr_par' dir='ltr' id='par_1_36' title="bbox 236 1696 1029 1727">
     <span class='ocr_line' id='line_1_37' title="bbox 236 1696 1029 1727; baseline 0 -7"><span class='ocrx_word' id='word_1_262' title='bbox 236 1696 365 1720; x_wconf 85' lang='lat' dir='ltr'><strong>naturam</strong></span> <span class='ocrx_word' id='word_1_263' title='bbox 388 1697 483 1720; x_wconf 87' lang='lat' dir='ltr'><strong>nostra</strong></span> <span class='ocrx_word' id='word_1_264' title='bbox 509 1700 592 1720; x_wconf 83' lang='lat' dir='ltr'><strong>causa</strong></span> <span class='ocrx_word' id='word_1_265' title='bbox 619 1696 788 1727; x_wconf 75' lang='lat' dir='ltr'><strong>susceptam,</strong></span> <span class='ocrx_word' id='word_1_266' title='bbox 810 1700 872 1719; x_wconf 93' lang='lat' dir='ltr'><strong>cum</strong></span> <span class='ocrx_word' id='word_1_267' title='bbox 898 1697 1029 1727; x_wconf 83' lang='lat' dir='ltr'><strong>perpetuo</strong></span> 
     </span>
    </p>
   </div>
   <div class='ocr_carea' id='block_1_37' title="bbox 237 1737 1030 1773">
    <p class='ocr_par' dir='ltr' id='par_1_37' title="bbox 237 1737 1030 1773">
     <span class='ocr_line' id='line_1_38' title="bbox 237 1737 1030 1773; baseline 0 -8"><span class='ocrx_word' id='word_1_268' title='bbox 237 1738 310 1773; x_wconf 87' lang='lat' dir='ltr'><strong>apud</strong></span> <span class='ocrx_word' id='word_1_269' title='bbox 322 1737 429 1765; x_wconf 82' lang='lat' dir='ltr'><strong>Patrem</strong></span> <span class='ocrx_word' id='word_1_270' title='bbox 443 1738 558 1765; x_wconf 75' lang='lat' dir='ltr'><strong>exsistat</strong></span> <span class='ocrx_word' id='word_1_271' title='bbox 582 1738 704 1772; x_wconf 75' lang='lat' dir='ltr'><strong>genitum</strong></span> <span class='ocrx_word' id='word_1_272' title='bbox 724 1737 784 1765; x_wconf 83' lang='lat' dir='ltr'><strong>sine</strong></span> <span class='ocrx_word' id='word_1_273' title='bbox 798 1737 853 1764; x_wconf 87' lang='lat' dir='ltr'><strong>ullo</strong></span> <span class='ocrx_word' id='word_1_274' title='bbox 871 1737 949 1765; x_wconf 85' lang='lat' dir='ltr'><strong>initio</strong></span> <span class='ocrx_word' id='word_1_275' title='bbox 963 1737 1030 1765; x_wconf 85' lang='lat' dir='ltr'><strong>Ver-</strong></span> 
     </span>
    </p>
   </div>
   <div class='ocr_carea' id='block_1_38' title="bbox 185 1783 1029 1818">
    <p class='ocr_par' dir='ltr' id='par_1_38' title="bbox 185 1783 1029 1818">
     <span class='ocr_line' id='line_1_39' title="bbox 185 1783 1029 1818; baseline 0.001 -7"><span class='ocrx_word' id='word_1_276' title='bbox 185 1815 187 1817; x_wconf 33' lang='lat'><strong>,</strong></span> <span class='ocrx_word' id='word_1_277' title='bbox 237 1785 314 1816; x_wconf 88' lang='lat' dir='ltr'><strong>hum,</strong></span> <span class='ocrx_word' id='word_1_278' title='bbox 332 1791 364 1811; x_wconf 85' lang='lat' dir='ltr'><strong>ac</strong></span> <span class='ocrx_word' id='word_1_279' title='bbox 384 1783 537 1811; x_wconf 87' lang='lat' dir='ltr'><strong>secundum</strong></span> <span class='ocrx_word' id='word_1_280' title='bbox 554 1790 665 1810; x_wconf 81' lang='lat' dir='ltr'><strong>carnem</strong></span> <span class='ocrx_word' id='word_1_281' title='bbox 691 1783 840 1817; x_wconf 85' lang='lat' dir='ltr'><strong>postremis</strong></span> <span class='ocrx_word' id='word_1_282' title='bbox 859 1783 1029 1818; x_wconf 85' lang='lat' dir='ltr'><strong>temporibus</strong></span> 
     </span>
    </p>
   </div>
   <div class='ocr_carea' id='block_1_39' title="bbox 236 1829 958 1865">
    <p class='ocr_par' dir='ltr' id='par_1_39' title="bbox 236 1829 958 1865">
     <span class='ocr_line' id='line_1_40' title="bbox 236 1829 958 1865; baseline 0 -7"><span class='ocrx_word' id='word_1_283' title='bbox 236 1837 252 1858; x_wconf 87' lang='lat' dir='ltr'><strong>e</strong></span> <span class='ocrx_word' id='word_1_284' title='bbox 268 1830 352 1857; x_wconf 74' lang='lat' dir='ltr'><strong>Maria</strong></span> <span class='ocrx_word' id='word_1_285' title='bbox 368 1829 481 1865; x_wconf 76' lang='lat' dir='ltr'><strong>Virgine</strong></span> <span class='ocrx_word' id='word_1_286' title='bbox 492 1830 526 1857; x_wconf 87' lang='lat' dir='ltr'><strong>de</strong></span> <span class='ocrx_word' id='word_1_287' title='bbox 543 1829 646 1864; x_wconf 85' lang='lat' dir='ltr'><strong>Spiritu</strong></span> <span class='ocrx_word' id='word_1_288' title='bbox 663 1834 759 1858; x_wconf 80' lang='lat' dir='ltr'><strong>sancto</strong></span> <span class='ocrx_word' id='word_1_289' title='bbox 775 1831 958 1865; x_wconf 80' lang='lat' dir='ltr'><strong>progenitum.</strong></span> 
     </span>
    </p>
   </div>
   <div class='ocr_carea' id='block_1_40' title="bbox 273 1874 1029 1911">
    <p class='ocr_par' dir='ltr' id='par_1_40' title="bbox 273 1874 1029 1911">
     <span class='ocr_line' id='line_1_41' title="bbox 273 1874 1029 1911; baseline 0.004 -10"><span class='ocrx_word' id='word_1_290' title='bbox 273 1875 328 1911; x_wconf 77' lang='lat'><strong>36</strong></span> <span class='ocrx_word' id='word_1_291' title='bbox 345 1874 443 1903; x_wconf 79' lang='lat' dir='ltr'><strong>XXXI.</strong></span> <span class='ocrx_word' id='word_1_292' title='bbox 464 1875 530 1908; x_wconf 70' lang='lat' dir='ltr'><strong>Quae</strong></span> <span class='ocrx_word' id='word_1_293' title='bbox 543 1883 606 1902; x_wconf 85' lang='lat' dir='ltr'><strong>cum</strong></span> <span class='ocrx_word' id='word_1_294' title='bbox 624 1875 662 1902; x_wconf 82' lang='lat' dir='ltr'><strong>ita</strong></span> <span class='ocrx_word' id='word_1_295' title='bbox 678 1877 744 1908; x_wconf 87' lang='lat' dir='ltr'><strong>sint,</strong></span> <span class='ocrx_word' id='word_1_296' title='bbox 763 1876 898 1904; x_wconf 86' lang='lat' dir='ltr'><strong>altissima</strong></span> <span class='ocrx_word' id='word_1_297' title='bbox 915 1876 961 1904; x_wconf 85' lang='lat' dir='ltr'><strong>illa</strong></span> <span class='ocrx_word' id='word_1_298' title='bbox 982 1875 1029 1904; x_wconf 88' lang='lat' dir='ltr'><strong>Dei</strong></span> 
     </span>
    </p>
   </div>
   <div class='ocr_carea' id='block_1_41' title="bbox 237 1921 1031 1957">
    <p class='ocr_par' dir='ltr' id='par_1_41' title="bbox 237 1921 1031 1957">
     <span class='ocr_line' id='line_1_42' title="bbox 237 1921 1031 1957; baseline 0.003 -9"><span class='ocrx_word' id='word_1_299' title='bbox 237 1921 369 1957; x_wconf 83' lang='lat' dir='ltr'><strong>mysteria</strong></span> <span class='ocrx_word' id='word_1_300' title='bbox 392 1921 550 1956; x_wconf 86' lang='lat' dir='ltr'><strong>concipiant</strong></span> <span class='ocrx_word' id='word_1_301' title='bbox 570 1922 672 1953; x_wconf 84' lang='lat' dir='ltr'><strong>animo,</strong></span> <span class='ocrx_word' id='word_1_302' title='bbox 698 1930 786 1957; x_wconf 83' lang='lat' dir='ltr'><strong>neque</strong></span> <span class='ocrx_word' id='word_1_303' title='bbox 807 1922 922 1957; x_wconf 83' lang='lat' dir='ltr'><strong>gratiam</strong></span> <span class='ocrx_word' id='word_1_304' title='bbox 938 1922 970 1949; x_wconf 90' lang='lat' dir='ltr'><strong>ad</strong></span> <span class='ocrx_word' id='word_1_305' title='bbox 989 1923 1031 1950; x_wconf 87' lang='lat' dir='ltr'><strong>in-</strong></span> 
     </span>
    </p>
   </div>
   <div class='ocr_carea' id='block_1_42' title="bbox 237 1967 1029 2002">
    <p class='ocr_par' dir='ltr' id='par_1_42' title="bbox 237 1967 1029 2002">
     <span class='ocr_line' id='line_1_43' title="bbox 237 1967 1029 2002; baseline 0 -8"><span class='ocrx_word' id='word_1_306' title='bbox 237 1967 308 2002; x_wconf 73' lang='lat' dir='ltr'><strong>grati</strong></span> <span class='ocrx_word' id='word_1_307' title='bbox 328 1967 413 1994; x_wconf 87' lang='lat' dir='ltr'><strong>animi</strong></span> <span class='ocrx_word' id='word_1_308' title='bbox 430 1967 526 1994; x_wconf 88' lang='lat' dir='ltr'><strong>vitium</strong></span> <span class='ocrx_word' id='word_1_309' title='bbox 551 1971 733 2000; x_wconf 88' lang='lat' dir='ltr'><strong>convertant,</strong></span> <span class='ocrx_word' id='word_1_310' title='bbox 758 1973 787 1995; x_wconf 87' lang='lat' dir='ltr'><strong>ut</strong></span> <span class='ocrx_word' id='word_1_311' title='bbox 810 1968 1029 1995; x_wconf 80' lang='lat' dir='ltr'><strong>administratam</strong></span> 
     </span>
    </p>
   </div>
   <div class='ocr_carea' id='block_1_43' title="bbox 238 2013 1031 2048">
    <p class='ocr_par' dir='ltr' id='par_1_43' title="bbox 238 2013 1031 2048">
     <span class='ocr_line' id='line_1_44' title="bbox 238 2013 1031 2048; baseline 0.003 -9"><span class='ocrx_word' id='word_1_312' title='bbox 238 2014 273 2041; x_wconf 86' lang='lat' dir='ltr'><strong>ab</strong></span> <span class='ocrx_word' id='word_1_313' title='bbox 288 2013 336 2040; x_wconf 93' lang='lat' dir='ltr'><strong>illo</strong></span> <span class='ocrx_word' id='word_1_314' title='bbox 352 2013 467 2040; x_wconf 88' lang='lat' dir='ltr'><strong>salutem</strong></span> <span class='ocrx_word' id='word_1_315' title='bbox 484 2017 607 2040; x_wconf 87' lang='lat' dir='ltr'><strong>nostram</strong></span> <span class='ocrx_word' id='word_1_316' title='bbox 623 2013 657 2040; x_wconf 90' lang='lat' dir='ltr'><strong>ad</strong></span> <span class='ocrx_word' id='word_1_317' title='bbox 670 2013 870 2048; x_wconf 78' lang='lat' dir='ltr'><strong>inexplicabilis</strong></span> <span class='ocrx_word' id='word_1_318' title='bbox 885 2018 912 2040; x_wconf 81' lang='lat' dir='ltr'><strong>et</strong></span> <span class='ocrx_word' id='word_1_319' title='bbox 925 2014 1031 2041; x_wconf 89' lang='lat' dir='ltr'><strong>incom-</strong></span> 
     </span>
    </p>
   </div>
   <div class='ocr_carea' id='block_1_44' title="bbox 238 2059 1029 2095">
    <p class='ocr_par' dir='ltr' id='par_1_44' title="bbox 238 2059 1029 2095">
     <span class='ocr_line' id='line_1_45' title="bbox 238 2059 1029 2095; baseline 0.003 -9"><span class='ocrx_word' id='word_1_320' title='bbox 238 2059 380 2094; x_wconf 73' lang='lat' dir='ltr'><strong>prehensze</strong></span> <span class='ocrx_word' id='word_1_321' title='bbox 392 2059 439 2086; x_wconf 88' lang='lat' dir='ltr'><strong>Dei</strong></span> <span class='ocrx_word' id='word_1_322' title='bbox 457 2064 561 2086; x_wconf 61' lang='lat' dir='ltr'><strong>natura;</strong></span> <span class='ocrx_word' id='word_1_323' title='bbox 578 2059 676 2087; x_wconf 84' lang='lat' dir='ltr'><strong>cedere</strong></span> <span class='ocrx_word' id='word_1_324' title='bbox 692 2060 874 2095; x_wconf 81' lang='lat' dir='ltr'><strong>ignominiam</strong></span> <span class='ocrx_word' id='word_1_325' title='bbox 890 2061 1029 2088; x_wconf 85' lang='lat' dir='ltr'><strong>arbitren-</strong></span> 
     </span>
    </p>
   </div>
   <div class='ocr_carea' id='block_1_45' title="bbox 238 2104 1031 2139">
    <p class='ocr_par' dir='ltr' id='par_1_45' title="bbox 238 2104 1031 2139">
     <span class='ocr_line' id='line_1_46' title="bbox 238 2104 1031 2139; baseline 0.004 -9"><span class='ocrx_word' id='word_1_326' title='bbox 238 2109 292 2131; x_wconf 89' lang='lat' dir='ltr'><strong>tur.</strong></span> <span class='ocrx_word' id='word_1_327' title='bbox 311 2104 344 2131; x_wconf 86' lang='lat' dir='ltr'><strong>At</strong></span> <span class='ocrx_word' id='word_1_328' title='bbox 359 2104 444 2136; x_wconf 88' lang='lat' dir='ltr'><strong>enim,</strong></span> <span class='ocrx_word' id='word_1_329' title='bbox 460 2104 598 2139; x_wconf 83' lang='lat' dir='ltr'><strong>inquiunt,</strong></span> <span class='ocrx_word' id='word_1_330' title='bbox 613 2104 647 2131; x_wconf 90' lang='lat' dir='ltr'><strong>de</strong></span> <span class='ocrx_word' id='word_1_331' title='bbox 662 2104 716 2132; x_wconf 89' lang='lat' dir='ltr'><strong>Deo</strong></span> <span class='ocrx_word' id='word_1_332' title='bbox 737 2105 870 2139; x_wconf 87' lang='lat' dir='ltr'><strong>scriptum</strong></span> <span class='ocrx_word' id='word_1_333' title='bbox 881 2109 923 2132; x_wconf 90' lang='lat' dir='ltr'><strong>est</strong></span> <span class='ocrx_word' id='word_1_334' title='bbox 939 2113 946 2133; x_wconf 86' lang='lat'><strong>:</strong></span> <span class='ocrx_word' id='word_1_335' title='bbox 968 2105 1031 2134; x_wconf 84' lang='lat' dir='ltr'><strong>Non</strong></span> 
     </span>
    </p>
   </div>
   <div class='ocr_carea' id='block_1_46' title="bbox 237 2150 1031 2185">
    <p class='ocr_par' dir='ltr' id='par_1_46' title="bbox 237 2150 1031 2185">
     <span class='ocr_line' id='line_1_47' title="bbox 237 2150 1031 2185; baseline 0.004 -9"><span class='ocrx_word' id='word_1_336' title='bbox 237 2150 347 2182; x_wconf 73' lang='lat' dir='ltr'><strong>esui-iet,</strong></span> <span class='ocrx_word' id='word_1_337' title='bbox 361 2158 442 2184; x_wconf 78' lang='lat' dir='ltr'><strong>neque</strong></span> <span class='ocrx_word' id='word_1_338' title='bbox 456 2150 525 2176; x_wconf 73' lang='lat' dir='ltr'><strong>sitiat</strong></span> <span class='ocrx_word' id='word_1_339' title='bbox 537 2157 546 2176; x_wconf 88' lang='lat'><em>:</em></span> <span class='ocrx_word' id='word_1_340' title='bbox 563 2157 643 2183; x_wconf 80' lang='lat' dir='ltr'><strong>neque</strong></span> <span class='ocrx_word' id='word_1_341' title='bbox 654 2155 693 2176; x_wconf 77' lang='lat' dir='ltr'><strong>est</strong></span> <span class='ocrx_word' id='word_1_342' title='bbox 707 2150 872 2185; x_wconf 77' lang='lat' dir='ltr'><strong>investigatio</strong></span> <span class='ocrx_word' id='word_1_343' title='bbox 883 2151 1031 2184; x_wconf 70' lang='lat' dir='ltr'><strong>prudentia!</strong></span> 
     </span>
    </p>
   </div>
   <div class='ocr_carea' id='block_1_47' title="bbox 1067 219 1862 259">
    <p class='ocr_par' dir='ltr' id='par_1_47' title="bbox 1067 219 1862 259">
     <span class='ocr_line' id='line_1_48' title="bbox 1067 219 1862 259; baseline -0.004 -8"><span class='ocrx_word' id='word_1_344' title='bbox 1067 224 1287 259; x_wconf 79' lang='grc' dir='ltr'><strong>μηνευόμενον,</strong></span> <span class='ocrx_word' id='word_1_345' title='bbox 1304 224 1375 250; x_wconf 78' lang='grc' dir='ltr'><strong>Μεθ’</strong></span> <span class='ocrx_word' id='word_1_346' title='bbox 1392 221 1477 257; x_wconf 76' lang='grc' dir='ltr'><strong>ἡμῶν</strong></span> <span class='ocrx_word' id='word_1_347' title='bbox 1497 224 1514 250; x_wconf 86' lang='grc' dir='ltr'><strong><em>ό</em></strong></span> <span class='ocrx_word' id='word_1_348' title='bbox 1541 223 1630 255; x_wconf 87' lang='grc' dir='ltr'><strong>Θεός·</strong></span> <span class='ocrx_word' id='word_1_349' title='bbox 1655 223 1705 249; x_wconf 64' lang='grc' dir='ltr'>’καὶ</span> <span class='ocrx_word' id='word_1_350' title='bbox 1729 223 1806 249; x_wconf 79' lang='grc' dir='ltr'>οὔπω</span> <span class='ocrx_word' id='word_1_351' title='bbox 1828 219 1862 258; x_wconf 78' lang='grc' dir='ltr'>ἦν</span> 
     </span>
    </p>
   </div>
   <div class='ocr_carea' id='block_1_48' title="bbox 1070 267 1859 304">
    <p class='ocr_par' dir='ltr' id='par_1_48' title="bbox 1070 267 1859 304">
     <span class='ocr_line' id='line_1_49' title="bbox 1070 267 1859 304; baseline -0.006 -8"><span class='ocrx_word' id='word_1_352' title='bbox 1070 271 1167 303; x_wconf 75' lang='grc' dir='ltr'>εἰπεῖν,</span> <span class='ocrx_word' id='word_1_353' title='bbox 1185 269 1256 302; x_wconf 83' lang='grc' dir='ltr'><strong>Θεός</strong></span> <span class='ocrx_word' id='word_1_354' title='bbox 1268 277 1327 304; x_wconf 85' lang='grc' dir='ltr'><strong>μου</strong></span> <span class='ocrx_word' id='word_1_355' title='bbox 1353 268 1401 296; x_wconf 80' lang='grc' dir='ltr'><strong>καὶ</strong></span> <span class='ocrx_word' id='word_1_356' title='bbox 1420 268 1491 301; x_wconf 82' lang='grc' dir='ltr'><strong>Θεὸς</strong></span> <span class='ocrx_word' id='word_1_357' title='bbox 1507 268 1600 302; x_wconf 75' lang='grc' dir='ltr'><em>ὑμῶν.</em></span> <span class='ocrx_word' id='word_1_358' title='bbox 1615 283 1649 288; x_wconf 87' lang='grc'><strong><em>-</em></strong></span> <span class='ocrx_word' id='word_1_359' title='bbox 1661 267 1715 295; x_wconf 85' lang='lat' dir='ltr'><strong>Kal</strong></span> <span class='ocrx_word' id='word_1_360' title='bbox 1731 268 1783 297; x_wconf 81' lang='grc' dir='ltr'><strong>σὺ,</strong></span> <span class='ocrx_word' id='word_1_361' title='bbox 1802 269 1859 301; x_wconf 57' lang='lat' dir='ltr'><strong>Br]-</strong></span> 
     </span>
    </p>
   </div>
   <div class='ocr_carea' id='block_1_49' title="bbox 1071 311 1863 348">
    <p class='ocr_par' dir='ltr' id='par_1_49' title="bbox 1071 311 1863 348">
     <span class='ocr_line' id='line_1_50' title="bbox 1071 311 1863 348; baseline -0.001 -7"><span class='ocrx_word' id='word_1_362' title='bbox 1071 314 1160 348; x_wconf 75' lang='grc' dir='ltr'><strong>θλεὲμ</strong></span> <span class='ocrx_word' id='word_1_363' title='bbox 1177 312 1259 346; x_wconf 76' lang='grc' dir='ltr'>οἶκος</span> <span class='ocrx_word' id='word_1_364' title='bbox 1272 313 1325 340; x_wconf 84' lang='grc' dir='ltr'><strong>τοῦ</strong></span> <span class='ocrx_word' id='word_1_365' title='bbox 1350 312 1503 347; x_wconf 68' lang='grc' dir='ltr'><strong>Εὐφραθᾶ,</strong></span> <span class='ocrx_word' id='word_1_366' title='bbox 1521 313 1577 340; x_wconf 81' lang='grc' dir='ltr'><strong>οὐκ</strong></span> <span class='ocrx_word' id='word_1_367' title='bbox 1594 313 1752 348; x_wconf 72' lang='grc' dir='ltr'><strong>ὀλιγοστὸς</strong></span> <span class='ocrx_word' id='word_1_368' title='bbox 1771 311 1800 340; x_wconf 77' lang='grc' dir='ltr'><strong>εἴ</strong></span> <span class='ocrx_word' id='word_1_369' title='bbox 1809 313 1863 340; x_wconf 82' lang='grc' dir='ltr'><strong>τοῦ</strong></span> 
     </span>
    </p>
   </div>
   <div class='ocr_carea' id='block_1_50' title="bbox 1075 359 1864 394">
    <p class='ocr_par' dir='ltr' id='par_1_50' title="bbox 1075 359 1864 394">
     <span class='ocr_line' id='line_1_51' title="bbox 1075 359 1864 394; baseline -0.001 -7"><span class='ocrx_word' id='word_1_370' title='bbox 1075 359 1151 387; x_wconf 75' lang='grc' dir='ltr'>εἶναι</span> <span class='ocrx_word' id='word_1_371' title='bbox 1169 360 1204 387; x_wconf 83' lang='grc' dir='ltr'><strong>ἐν</strong></span> <span class='ocrx_word' id='word_1_372' title='bbox 1230 359 1366 394; x_wconf 60' lang='grc' dir='ltr'>κακίων</span> <span class='ocrx_word' id='word_1_373' title='bbox 1389 359 1507 386; x_wconf 76' lang='grc' dir='ltr'><strong>Ἰούδα·</strong></span> <span class='ocrx_word' id='word_1_374' title='bbox 1527 359 1561 386; x_wconf 80' lang='grc' dir='ltr'><strong>ἐκ</strong></span> <span class='ocrx_word' id='word_1_375' title='bbox 1585 359 1644 386; x_wconf 83' lang='grc' dir='ltr'><strong>σοῦ</strong></span> <span class='ocrx_word' id='word_1_376' title='bbox 1669 359 1724 394; x_wconf 77' lang='grc' dir='ltr'><strong>γάρ</strong></span> <span class='ocrx_word' id='word_1_377' title='bbox 1738 368 1789 394; x_wconf 82' lang='grc' dir='ltr'><strong>μοι</strong></span> <span class='ocrx_word' id='word_1_378' title='bbox 1816 359 1864 391; x_wconf 81' lang='grc' dir='ltr'><strong>ἐξ·</strong></span> 
     </span>
    </p>
   </div>
   <div class='ocr_carea' id='block_1_51' title="bbox 1074 405 1864 440">
    <p class='ocr_par' dir='ltr' id='par_1_51' title="bbox 1074 405 1864 440">
     <span class='ocr_line' id='line_1_52' title="bbox 1074 405 1864 440; baseline 0 -8"><span class='ocrx_word' id='word_1_379' title='bbox 1074 406 1231 433; x_wconf 79' lang='grc' dir='ltr'><strong>ελεύσεται</strong></span> <span class='ocrx_word' id='word_1_380' title='bbox 1257 407 1300 438; x_wconf 85' lang='grc' dir='ltr'><strong>εὶς</strong></span> <span class='ocrx_word' id='word_1_381' title='bbox 1324 405 1456 440; x_wconf 78' lang='grc' dir='ltr'><strong>ἄρχοντα</strong></span> <span class='ocrx_word' id='word_1_382' title='bbox 1472 405 1507 432; x_wconf 86' lang='grc' dir='ltr'><strong>ἐν</strong></span> <span class='ocrx_word' id='word_1_383' title='bbox 1531 405 1571 438; x_wconf 79' lang='grc' dir='ltr'><strong>τῷ</strong></span> <span class='ocrx_word' id='word_1_384' title='bbox 1593 405 1733 440; x_wconf 75' lang='grc' dir='ltr'><strong>Ἰσραὴλ,</strong></span> <span class='ocrx_word' id='word_1_385' title='bbox 1758 406 1808 432; x_wconf 77' lang='grc' dir='ltr'><strong>καὶ</strong></span> <span class='ocrx_word' id='word_1_386' title='bbox 1835 407 1864 433; x_wconf 81' lang='grc' dir='ltr'>αι</span> 
     </span>
    </p>
   </div>
   <div class='ocr_carea' id='block_1_52' title="bbox 1071 449 1863 486">
    <p class='ocr_par' dir='ltr' id='par_1_52' title="bbox 1071 449 1863 486">
     <span class='ocr_line' id='line_1_53' title="bbox 1071 449 1863 486; baseline 0 -8"><span class='ocrx_word' id='word_1_387' title='bbox 1071 451 1202 484; x_wconf 79' lang='grc' dir='ltr'>διέξοδοι</span> <span class='ocrx_word' id='word_1_388' title='bbox 1225 451 1319 478; x_wconf 81' lang='grc' dir='ltr'>αὑτοῦ</span> <span class='ocrx_word' id='word_1_389' title='bbox 1335 451 1386 478; x_wconf 77' lang='grc' dir='ltr'><strong>ἀπ’</strong></span> <span class='ocrx_word' id='word_1_390' title='bbox 1403 449 1510 485; x_wconf 83' lang='grc' dir='ltr'><strong>ἀρχῆς,</strong></span> <span class='ocrx_word' id='word_1_391' title='bbox 1524 452 1575 486; x_wconf 65' lang='grc' dir='ltr'><strong>ἀφ’</strong></span> <span class='ocrx_word' id='word_1_392' title='bbox 1591 451 1709 486; x_wconf 74' lang='grc' dir='ltr'><strong>ἡμερῶν</strong></span> <span class='ocrx_word' id='word_1_393' title='bbox 1731 451 1863 478; x_wconf 73' lang='grc' dir='ltr'><strong>αἰώνων·</strong></span> 
     </span>
    </p>
   </div>
   <div class='ocr_carea' id='block_1_53' title="bbox 1071 497 1865 533">
    <p class='ocr_par' dir='ltr' id='par_1_53' title="bbox 1071 497 1865 533">
     <span class='ocr_line' id='line_1_54' title="bbox 1071 497 1865 533; baseline 0 -9"><span class='ocrx_word' id='word_1_394' title='bbox 1071 497 1118 524; x_wconf 73' lang='grc' dir='ltr'>καὶ</span> <span class='ocrx_word' id='word_1_395' title='bbox 1140 497 1212 524; x_wconf 82' lang='grc' dir='ltr'>κατὰ</span> <span class='ocrx_word' id='word_1_396' title='bbox 1229 498 1263 524; x_wconf 85' lang='grc' dir='ltr'><strong>τὰ</strong></span> <span class='ocrx_word' id='word_1_397' title='bbox 1289 497 1358 524; x_wconf 80' lang='grc' dir='ltr'>ἄλλα</span> <span class='ocrx_word' id='word_1_398' title='bbox 1382 498 1555 533; x_wconf 81' lang='grc' dir='ltr'>ἀντίγραφα·</span> <span class='ocrx_word' id='word_1_399' title='bbox 1578 497 1633 524; x_wconf 85' lang='lat' dir='ltr'><strong>Kal</strong></span> <span class='ocrx_word' id='word_1_400' title='bbox 1649 497 1700 530; x_wconf 83' lang='grc' dir='ltr'><strong>σὺ,</strong></span> <span class='ocrx_word' id='word_1_401' title='bbox 1717 498 1865 533; x_wconf 65' lang='grc' dir='ltr'><strong>Βηθλεὲμ,</strong></span> 
     </span>
    </p>
   </div>
   <div class='ocr_carea' id='block_1_54' title="bbox 1072 543 1867 578">
    <p class='ocr_par' dir='ltr' id='par_1_54' title="bbox 1072 543 1867 578">
     <span class='ocr_line' id='line_1_55' title="bbox 1072 543 1867 578; baseline -0.001 -7"><span class='ocrx_word' id='word_1_402' title='bbox 1072 543 1140 578; x_wconf 75' lang='grc' dir='ltr'><strong>οὐχὶ</strong></span> <span class='ocrx_word' id='word_1_403' title='bbox 1154 543 1302 578; x_wconf 73' lang='grc' dir='ltr'><strong>ἐλαχίστη</strong></span> <span class='ocrx_word' id='word_1_404' title='bbox 1322 543 1356 570; x_wconf 87' lang='grc' dir='ltr'><em>ὲν</em></span> <span class='ocrx_word' id='word_1_405' title='bbox 1373 543 1435 576; x_wconf 77' lang='grc' dir='ltr'><strong>τοῖς</strong></span> <span class='ocrx_word' id='word_1_406' title='bbox 1452 544 1598 578; x_wconf 78' lang='grc' dir='ltr'><strong>ἡγεμόσιν</strong></span> <span class='ocrx_word' id='word_1_407' title='bbox 1620 543 1712 570; x_wconf 82' lang='grc' dir='ltr'><strong>Ἰούδα</strong></span> <span class='ocrx_word' id='word_1_408' title='bbox 1725 551 1732 558; x_wconf 91' lang='grc'><strong>·</strong></span> <span class='ocrx_word' id='word_1_409' title='bbox 1756 543 1791 570; x_wconf 79' lang='grc' dir='ltr'><strong>ἐκ</strong></span> <span class='ocrx_word' id='word_1_410' title='bbox 1806 544 1867 571; x_wconf 83' lang='grc' dir='ltr'><strong>σοῦΙ</strong></span> 
     </span>
    </p>
   </div>
   <div class='ocr_carea' id='block_1_55' title="bbox 1073 588 1867 624">
    <p class='ocr_par' dir='ltr' id='par_1_55' title="bbox 1073 588 1867 624">
     <span class='ocr_line' id='line_1_56' title="bbox 1073 588 1867 624; baseline 0.001 -9"><span class='ocrx_word' id='word_1_411' title='bbox 1073 589 1128 624; x_wconf 78' lang='grc' dir='ltr'><strong>γὰρ</strong></span> <span class='ocrx_word' id='word_1_412' title='bbox 1155 589 1348 621; x_wconf 76' lang='grc' dir='ltr'><strong>ἐξελεύσεται</strong></span> <span class='ocrx_word' id='word_1_413' title='bbox 1371 589 1549 624; x_wconf 71' lang='grc' dir='ltr'><strong>ἡγούμενος,</strong></span> <span class='ocrx_word' id='word_1_414' title='bbox 1575 589 1623 616; x_wconf 79' lang='grc' dir='ltr'>καί</span> <span class='ocrx_word' id='word_1_415' title='bbox 1652 588 1793 624; x_wconf 80' lang='grc' dir='ltr'>ποιμανεῖ</span> <span class='ocrx_word' id='word_1_416' title='bbox 1813 590 1867 616; x_wconf 76' lang='grc' dir='ltr'><em>τὸν</em></span> 
     </span>
    </p>
   </div>
   <div class='ocr_carea' id='block_1_56' title="bbox 1072 633 1867 670">
    <p class='ocr_par' dir='ltr' id='par_1_56' title="bbox 1072 633 1867 670">
     <span class='ocr_line' id='line_1_57' title="bbox 1072 633 1867 670; baseline -0.001 -9"><span class='ocrx_word' id='word_1_417' title='bbox 1072 635 1150 662; x_wconf 73' lang='grc' dir='ltr'><strong>λαόν</strong></span> <span class='ocrx_word' id='word_1_418' title='bbox 1159 643 1219 669; x_wconf 81' lang='grc' dir='ltr'>μου</span> <span class='ocrx_word' id='word_1_419' title='bbox 1234 634 1288 660; x_wconf 86' lang='grc' dir='ltr'><strong>τὸν</strong></span> <span class='ocrx_word' id='word_1_420' title='bbox 1308 633 1443 668; x_wconf 74' lang='grc' dir='ltr'><strong>Ἰσραήλ.</strong></span> <span class='ocrx_word' id='word_1_421' title='bbox 1462 634 1516 660; x_wconf 79' lang='grc' dir='ltr'><strong>Καὶ</strong></span> <span class='ocrx_word' id='word_1_422' title='bbox 1533 634 1598 669; x_wconf 75' lang='grc' dir='ltr'><strong>ὁρᾷς</strong></span> <span class='ocrx_word' id='word_1_423' title='bbox 1609 634 1649 660; x_wconf 86' lang='grc' dir='ltr'><strong>ὃτι</strong></span> <span class='ocrx_word' id='word_1_424' title='bbox 1663 634 1768 660; x_wconf 75' lang='grc' dir='ltr'>οὐδέπω</span> <span class='ocrx_word' id='word_1_425' title='bbox 1787 634 1867 670; x_wconf 76' lang='grc' dir='ltr'>χρεία</span> 
     </span>
    </p>
   </div>
   <div class='ocr_carea' id='block_1_57' title="bbox 1072 678 1866 716">
    <p class='ocr_par' dir='ltr' id='par_1_57' title="bbox 1072 678 1866 716">
     <span class='ocr_line' id='line_1_58' title="bbox 1072 678 1866 716; baseline 0 -10"><span class='ocrx_word' id='word_1_426' title='bbox 1072 678 1106 716; x_wconf 74' lang='grc' dir='ltr'><strong>ἦν</strong></span> <span class='ocrx_word' id='word_1_427' title='bbox 1130 681 1228 712; x_wconf 84' lang='grc' dir='ltr'>εἰπεῖν,</span> <span class='ocrx_word' id='word_1_428' title='bbox 1252 680 1326 707; x_wconf 84' lang='grc' dir='ltr'><strong>Θεόν</strong></span> <span class='ocrx_word' id='word_1_429' title='bbox 1339 688 1399 714; x_wconf 86' lang='grc' dir='ltr'><strong>μου</strong></span> <span class='ocrx_word' id='word_1_430' title='bbox 1424 679 1473 706; x_wconf 81' lang='grc' dir='ltr'><strong>καὶ</strong></span> <span class='ocrx_word' id='word_1_431' title='bbox 1497 678 1572 706; x_wconf 84' lang='grc' dir='ltr'><em>Θεὸν</em></span> <span class='ocrx_word' id='word_1_432' title='bbox 1591 680 1693 714; x_wconf 85' lang='grc' dir='ltr'><strong>ὐμῶν;</strong></span> <span class='ocrx_word' id='word_1_433' title='bbox 1719 680 1785 706; x_wconf 84' lang='grc' dir='ltr'><strong>Ὅτε</strong></span> <span class='ocrx_word' id='word_1_434' title='bbox 1803 680 1834 706; x_wconf 81' lang='grc' dir='ltr'><strong>δὲ</strong></span> <span class='ocrx_word' id='word_1_435' title='bbox 1849 681 1866 716; x_wconf 89' lang='grc' dir='ltr'><strong>ή</strong></span> 
     </span>
    </p>
   </div>
   <div class='ocr_carea' id='block_1_58' title="bbox 1073 725 1869 762">
    <p class='ocr_par' dir='ltr' id='par_1_58' title="bbox 1073 725 1869 762">
     <span class='ocr_line' id='line_1_59' title="bbox 1073 725 1869 762; baseline 0.001 -9"><span class='ocrx_word' id='word_1_436' title='bbox 1073 726 1227 762; x_wconf 77' lang='grc' dir='ltr'><strong>προφητεία</strong></span> <span class='ocrx_word' id='word_1_437' title='bbox 1251 725 1402 761; x_wconf 73' lang='grc' dir='ltr'><strong>ἐπληροῦτο</strong></span> <span class='ocrx_word' id='word_1_438' title='bbox 1423 725 1553 761; x_wconf 83' lang='grc' dir='ltr'>Ἰερεμίου</span> <span class='ocrx_word' id='word_1_439' title='bbox 1576 727 1622 753; x_wconf 71' lang='grc' dir='ltr'><strong>καὶ</strong></span> <span class='ocrx_word' id='word_1_440' title='bbox 1643 726 1756 753; x_wconf 81' lang='grc' dir='ltr'><strong>Ἡσαΐου</strong></span> <span class='ocrx_word' id='word_1_441' title='bbox 1776 727 1869 754; x_wconf 82' lang='grc' dir='ltr'>ὡσαύ-</span> 
     </span>
    </p>
   </div>
   <div class='ocr_carea' id='block_1_59' title="bbox 1073 769 1869 806">
    <p class='ocr_par' dir='ltr' id='par_1_59' title="bbox 1073 769 1869 806">
     <span class='ocr_line' id='line_1_60' title="bbox 1073 769 1869 806; baseline 0.001 -9"><span class='ocrx_word' id='word_1_442' title='bbox 1073 779 1128 802; x_wconf 85' lang='grc' dir='ltr'><strong>τως</strong></span> <span class='ocrx_word' id='word_1_443' title='bbox 1147 771 1188 803; x_wconf 86' lang='grc' dir='ltr'>τὸ,</span> <span class='ocrx_word' id='word_1_444' title='bbox 1223 771 1255 797; x_wconf 86' lang='grc' dir='ltr'><strong>ὲκ</strong></span> <span class='ocrx_word' id='word_1_445' title='bbox 1281 769 1416 806; x_wconf 74' lang='grc' dir='ltr'><strong>παρθένου</strong></span> <span class='ocrx_word' id='word_1_446' title='bbox 1443 770 1606 805; x_wconf 75' lang='grc' dir='ltr'><strong>γεννηθῆναι</strong></span> <span class='ocrx_word' id='word_1_447' title='bbox 1630 770 1676 798; x_wconf 79' lang='grc' dir='ltr'><strong>τὸν</strong></span> <span class='ocrx_word' id='word_1_448' title='bbox 1694 771 1791 805; x_wconf 80' lang='grc' dir='ltr'><strong>Λόγον,</strong></span> <span class='ocrx_word' id='word_1_449' title='bbox 1820 773 1869 798; x_wconf 77' lang='grc' dir='ltr'><strong>καὶ</strong></span> 
     </span>
    </p>
   </div>
   <div class='ocr_carea' id='block_1_60' title="bbox 1075 815 1869 852">
    <p class='ocr_par' dir='ltr' id='par_1_60' title="bbox 1075 815 1869 852">
     <span class='ocr_line' id='line_1_61' title="bbox 1075 815 1869 852; baseline 0 -9"><span class='ocrx_word' id='word_1_450' title='bbox 1075 816 1164 852; x_wconf 81' lang='grc' dir='ltr'>σάρκα</span> <span class='ocrx_word' id='word_1_451' title='bbox 1181 817 1265 852; x_wconf 88' lang='grc' dir='ltr'>σχεῖν,</span> <span class='ocrx_word' id='word_1_452' title='bbox 1288 815 1414 851; x_wconf 83' lang='grc' dir='ltr'>καθάπερ</span> <span class='ocrx_word' id='word_1_453' title='bbox 1434 816 1569 851; x_wconf 80' lang='grc' dir='ltr'><strong>Ἱερεμίας</strong></span> <span class='ocrx_word' id='word_1_454' title='bbox 1586 816 1664 851; x_wconf 62' lang='grc' dir='ltr'>φησι,</span> <span class='ocrx_word' id='word_1_455' title='bbox 1679 817 1733 843; x_wconf 84' lang='lat' dir='ltr'><strong>Kal</strong></span> <span class='ocrx_word' id='word_1_456' title='bbox 1755 816 1869 851; x_wconf 79' lang='grc' dir='ltr'><strong>ἄνθρω-</strong></span> 
     </span>
    </p>
   </div>
   <div class='ocr_carea' id='block_1_61' title="bbox 1074 861 1868 898">
    <p class='ocr_par' dir='ltr' id='par_1_61' title="bbox 1074 861 1868 898">
     <span class='ocr_line' id='line_1_62' title="bbox 1074 861 1868 898; baseline 0.001 -9"><span class='ocrx_word' id='word_1_457' title='bbox 1074 864 1131 896; x_wconf 81' lang='grc' dir='ltr'><strong>πός</strong></span> <span class='ocrx_word' id='word_1_458' title='bbox 1146 863 1222 895; x_wconf 83' lang='grc' dir='ltr'><strong>ἐστι,</strong></span> <span class='ocrx_word' id='word_1_459' title='bbox 1237 862 1286 889; x_wconf 77' lang='grc' dir='ltr'><strong>καὶ</strong></span> <span class='ocrx_word' id='word_1_460' title='bbox 1302 862 1348 895; x_wconf 76' lang='grc' dir='ltr'><strong>τίς</strong></span> <span class='ocrx_word' id='word_1_461' title='bbox 1359 861 1505 896; x_wconf 75' lang='grc' dir='ltr'><strong>γνώσεται</strong></span> <span class='ocrx_word' id='word_1_462' title='bbox 1521 863 1631 894; x_wconf 78' lang='grc' dir='ltr'><strong>αὑτόν;</strong></span> <span class='ocrx_word' id='word_1_463' title='bbox 1646 862 1705 889; x_wconf 83' lang='grc' dir='ltr'><strong>τότε</strong></span> <span class='ocrx_word' id='word_1_464' title='bbox 1724 862 1868 898; x_wconf 79' lang='grc' dir='ltr'><strong>μετασχὼν</strong></span> 
     </span>
    </p>
   </div>
   <div class='ocr_carea' id='block_1_62' title="bbox 1073 907 1868 946">
    <p class='ocr_par' dir='ltr' id='par_1_62' title="bbox 1073 907 1868 946">
     <span class='ocr_line' id='line_1_63' title="bbox 1073 907 1868 946; baseline 0.003 -12"><span class='ocrx_word' id='word_1_465' title='bbox 1073 908 1123 943; x_wconf 83' lang='grc' dir='ltr'><strong>τῆς</strong></span> <span class='ocrx_word' id='word_1_466' title='bbox 1137 909 1247 943; x_wconf 77' lang='grc' dir='ltr'><strong>σαρκὸς,</strong></span> <span class='ocrx_word' id='word_1_467' title='bbox 1265 908 1311 934; x_wconf 79' lang='grc' dir='ltr'><strong>καὶ</strong></span> <span class='ocrx_word' id='word_1_468' title='bbox 1325 908 1365 939; x_wconf 74' lang='lat' dir='ltr'><strong>sl;</strong></span> <span class='ocrx_word' id='word_1_469' title='bbox 1378 907 1474 934; x_wconf 72' lang='grc' dir='ltr'><strong>ἑαυτὸν</strong></span> <span class='ocrx_word' id='word_1_470' title='bbox 1490 907 1574 943; x_wconf 76' lang='grc' dir='ltr'><strong>χωρὶς</strong></span> <span class='ocrx_word' id='word_1_471' title='bbox 1594 908 1752 944; x_wconf 84' lang='grc' dir='ltr'><strong>σπέρματος</strong></span> <span class='ocrx_word' id='word_1_472' title='bbox 1769 910 1868 946; x_wconf 82' lang='grc' dir='ltr'><strong>ἀνδρὸς</strong></span> 
     </span>
    </p>
   </div>
   <div class='ocr_carea' id='block_1_63' title="bbox 1074 953 1867 991">
    <p class='ocr_par' dir='ltr' id='par_1_63' title="bbox 1074 953 1867 991">
     <span class='ocr_line' id='line_1_64' title="bbox 1074 953 1867 991; baseline 0 -10"><span class='ocrx_word' id='word_1_473' title='bbox 1074 954 1129 981; x_wconf 82' lang='grc' dir='ltr'><strong>ἀπὸ</strong></span> <span class='ocrx_word' id='word_1_474' title='bbox 1153 954 1202 990; x_wconf 79' lang='grc' dir='ltr'><strong>τῆς</strong></span> <span class='ocrx_word' id='word_1_475' title='bbox 1232 953 1357 980; x_wconf 80' lang='grc' dir='ltr'><strong>θεοτόκου</strong></span> <span class='ocrx_word' id='word_1_476' title='bbox 1383 953 1492 989; x_wconf 81' lang='grc' dir='ltr'>Μαρίας</span> <span class='ocrx_word' id='word_1_477' title='bbox 1519 953 1680 986; x_wconf 78' lang='grc' dir='ltr'><strong>ἀναπλάσας</strong></span> <span class='ocrx_word' id='word_1_478' title='bbox 1703 954 1752 990; x_wconf 82' lang='grc' dir='ltr'><strong>τὴν</strong></span> <span class='ocrx_word' id='word_1_479' title='bbox 1783 956 1867 991; x_wconf 77' lang='grc' dir='ltr'>αὐτὴν</span> 
     </span>
    </p>
   </div>
   <div class='ocr_carea' id='block_1_64' title="bbox 1074 999 1867 1036">
    <p class='ocr_par' dir='ltr' id='par_1_64' title="bbox 1074 999 1867 1036">
     <span class='ocr_line' id='line_1_65' title="bbox 1074 999 1867 1036; baseline 0.003 -10"><span class='ocrx_word' id='word_1_480' title='bbox 1074 1000 1155 1034; x_wconf 86' lang='grc' dir='ltr'><strong>ἀγίαν</strong></span> <span class='ocrx_word' id='word_1_481' title='bbox 1181 999 1280 1036; x_wconf 82' lang='grc' dir='ltr'><strong>σάρκα,</strong></span> <span class='ocrx_word' id='word_1_482' title='bbox 1306 999 1377 1026; x_wconf 80' lang='grc' dir='ltr'>κατὰ</span> <span class='ocrx_word' id='word_1_483' title='bbox 1402 999 1432 1026; x_wconf 85' lang='grc' dir='ltr'><strong>τὸ</strong></span> <span class='ocrx_word' id='word_1_484' title='bbox 1456 1000 1618 1035; x_wconf 80' lang='grc' dir='ltr'><strong>εἰρημένον,</strong></span> <span class='ocrx_word' id='word_1_485' title='bbox 1650 1001 1812 1036; x_wconf 67' lang='grc' dir='ltr'><strong>γενόμενος</strong></span> <span class='ocrx_word' id='word_1_486' title='bbox 1834 1002 1867 1028; x_wconf 79' lang='grc' dir='ltr'><strong><em>ἐκ</em></strong></span> 
     </span>
    </p>
   </div>
   <div class='ocr_carea' id='block_1_65' title="bbox 1076 1044 1868 1082">
    <p class='ocr_par' dir='ltr' id='par_1_65' title="bbox 1076 1044 1868 1082">
     <span class='ocr_line' id='line_1_66' title="bbox 1076 1044 1868 1082; baseline 0.001 -10"><span class='ocrx_word' id='word_1_487' title='bbox 1076 1045 1230 1081; x_wconf 71' lang='grc' dir='ltr'><strong>γυναικὸς,</strong></span> <span class='ocrx_word' id='word_1_488' title='bbox 1257 1045 1304 1072; x_wconf 78' lang='grc' dir='ltr'><strong>καὶ</strong></span> <span class='ocrx_word' id='word_1_489' title='bbox 1328 1044 1471 1081; x_wconf 84' lang='grc' dir='ltr'><strong>μετασχὼν</strong></span> <span class='ocrx_word' id='word_1_490' title='bbox 1484 1045 1531 1072; x_wconf 81' lang='grc' dir='ltr'><strong>τοῦ</strong></span> <span class='ocrx_word' id='word_1_491' title='bbox 1549 1046 1683 1082; x_wconf 81' lang='grc' dir='ltr'><strong>ἡμετέρου</strong></span> <span class='ocrx_word' id='word_1_492' title='bbox 1697 1046 1741 1074; x_wconf 79' lang='grc' dir='ltr'>διὰ</span> <span class='ocrx_word' id='word_1_493' title='bbox 1755 1047 1785 1073; x_wconf 79' lang='grc' dir='ltr'><strong>τὸ</strong></span> <span class='ocrx_word' id='word_1_494' title='bbox 1802 1047 1868 1082; x_wconf 76' lang='grc' dir='ltr'>ἡμέ-</span> 
     </span>
    </p>
   </div>
   <div class='ocr_carea' id='block_1_66' title="bbox 1074 1091 1867 1128">
    <p class='ocr_par' dir='ltr' id='par_1_66' title="bbox 1074 1091 1867 1128">
     <span class='ocr_line' id='line_1_67' title="bbox 1074 1091 1867 1128; baseline 0.001 -10"><span class='ocrx_word' id='word_1_495' title='bbox 1074 1101 1163 1128; x_wconf 74' lang='grc' dir='ltr'>τερον,</span> <span class='ocrx_word' id='word_1_496' title='bbox 1181 1092 1258 1127; x_wconf 75' lang='grc' dir='ltr'>φησὶ,</span> <span class='ocrx_word' id='word_1_497' title='bbox 1278 1093 1353 1119; x_wconf 81' lang='grc' dir='ltr'><strong>Θεόν</strong></span> <span class='ocrx_word' id='word_1_498' title='bbox 1369 1100 1439 1127; x_wconf 87' lang='grc' dir='ltr'>μου.</span> <span class='ocrx_word' id='word_1_499' title='bbox 1456 1091 1505 1118; x_wconf 85' lang='grc' dir='ltr'>Διὰ</span> <span class='ocrx_word' id='word_1_500' title='bbox 1525 1091 1554 1118; x_wconf 80' lang='grc' dir='ltr'><strong>δὲ</strong></span> <span class='ocrx_word' id='word_1_501' title='bbox 1567 1091 1597 1118; x_wconf 85' lang='grc' dir='ltr'><strong>τὸ</strong></span> <span class='ocrx_word' id='word_1_502' title='bbox 1612 1092 1696 1119; x_wconf 78' lang='grc' dir='ltr'>ἀΐδιον</span> <span class='ocrx_word' id='word_1_503' title='bbox 1714 1092 1770 1128; x_wconf 69' lang='grc'><strong>(28)</strong></span> <span class='ocrx_word' id='word_1_504' title='bbox 1786 1093 1867 1119; x_wconf 76' lang='grc' dir='ltr'><strong>αὑτοῦ</strong></span> 
     </span>
    </p>
   </div>
   <div class='ocr_carea' id='block_1_67' title="bbox 1075 1137 1865 1173">
    <p class='ocr_par' dir='ltr' id='par_1_67' title="bbox 1075 1137 1865 1173">
     <span class='ocr_line' id='line_1_68' title="bbox 1075 1137 1865 1173; baseline 0.01 -15"><span class='ocrx_word' id='word_1_505' title='bbox 1075 1139 1125 1173; x_wconf 76' lang='grc' dir='ltr'><strong>τῆς</strong></span> <span class='ocrx_word' id='word_1_506' title='bbox 1141 1138 1319 1173; x_wconf 84' lang='grc' dir='ltr'><strong>γνησιότητος</strong></span> <span class='ocrx_word' id='word_1_507' title='bbox 1343 1137 1415 1164; x_wconf 83' lang='grc' dir='ltr'>κατὰ</span> <span class='ocrx_word' id='word_1_508' title='bbox 1435 1137 1527 1172; x_wconf 86' lang='grc' dir='ltr'>φύσιν,</span> <span class='ocrx_word' id='word_1_509' title='bbox 1545 1137 1628 1172; x_wconf 79' lang='grc' dir='ltr'>λέγει,</span> <span class='ocrx_word' id='word_1_510' title='bbox 1651 1139 1769 1172; x_wconf 79' lang='grc' dir='ltr'><strong>Πατέρα</strong></span> <span class='ocrx_word' id='word_1_511' title='bbox 1788 1146 1865 1173; x_wconf 79' lang='grc' dir='ltr'>μου·</span> 
     </span>
    </p>
   </div>
   <div class='ocr_carea' id='block_1_68' title="bbox 1076 1181 1867 1219">
    <p class='ocr_par' dir='ltr' id='par_1_68' title="bbox 1076 1181 1867 1219">
     <span class='ocr_line' id='line_1_69' title="bbox 1076 1181 1867 1219; baseline 0.001 -11"><span class='ocrx_word' id='word_1_512' title='bbox 1076 1183 1123 1209; x_wconf 80' lang='grc' dir='ltr'><strong>καὶ</strong></span> <span class='ocrx_word' id='word_1_513' title='bbox 1141 1182 1184 1209; x_wconf 80' lang='grc' dir='ltr'><strong>διὰ</strong></span> <span class='ocrx_word' id='word_1_514' title='bbox 1198 1182 1251 1217; x_wconf 82' lang='grc' dir='ltr'><strong>τὴν</strong></span> <span class='ocrx_word' id='word_1_515' title='bbox 1265 1181 1348 1209; x_wconf 84' lang='grc' dir='ltr'><strong>αὐτοῦ</strong></span> <span class='ocrx_word' id='word_1_516' title='bbox 1366 1182 1434 1217; x_wconf 77' lang='grc' dir='ltr'>πρὸς</span> <span class='ocrx_word' id='word_1_517' title='bbox 1449 1182 1511 1214; x_wconf 78' lang='grc' dir='ltr'>τοὺς</span> <span class='ocrx_word' id='word_1_518' title='bbox 1527 1182 1609 1209; x_wconf 76' lang='grc' dir='ltr'>αὐτοῦ</span> <span class='ocrx_word' id='word_1_519' title='bbox 1635 1182 1758 1218; x_wconf 78' lang='grc' dir='ltr'><strong>μαθητὰς</strong></span> <span class='ocrx_word' id='word_1_520' title='bbox 1778 1183 1867 1219; x_wconf 81' lang='grc' dir='ltr'><strong>χάριν,</strong></span> 
     </span>
    </p>
   </div>
   <div class='ocr_carea' id='block_1_69' title="bbox 1075 1228 1869 1264">
    <p class='ocr_par' dir='ltr' id='par_1_69' title="bbox 1075 1228 1869 1264">
     <span class='ocr_line' id='line_1_70' title="bbox 1075 1228 1869 1264; baseline 0.001 -10"><span class='ocrx_word' id='word_1_521' title='bbox 1075 1228 1193 1262; x_wconf 81' lang='grc' dir='ltr'><strong>Πατέρα</strong></span> <span class='ocrx_word' id='word_1_522' title='bbox 1207 1228 1300 1262; x_wconf 82' lang='grc' dir='ltr'><em>ὑμῶν,</em></span> <span class='ocrx_word' id='word_1_523' title='bbox 1317 1228 1361 1255; x_wconf 77' lang='grc' dir='ltr'>διὰ</span> <span class='ocrx_word' id='word_1_524' title='bbox 1377 1228 1406 1254; x_wconf 81' lang='grc' dir='ltr'><strong>δὲ</strong></span> <span class='ocrx_word' id='word_1_525' title='bbox 1420 1228 1450 1254; x_wconf 80' lang='grc' dir='ltr'>τὸ</span> <span class='ocrx_word' id='word_1_526' title='bbox 1463 1228 1534 1255; x_wconf 77' lang='grc' dir='ltr'>κατὰ</span> <span class='ocrx_word' id='word_1_527' title='bbox 1549 1228 1629 1262; x_wconf 81' lang='grc' dir='ltr'>φύσιν</span> <span class='ocrx_word' id='word_1_528' title='bbox 1643 1228 1731 1255; x_wconf 82' lang='grc' dir='ltr'><strong>αὐτῶν</strong></span> <span class='ocrx_word' id='word_1_529' title='bbox 1744 1229 1800 1255; x_wconf 87' lang='grc' dir='ltr'><strong>τῶν</strong></span> <span class='ocrx_word' id='word_1_530' title='bbox 1817 1238 1869 1264; x_wconf 77' lang='grc' dir='ltr'>μα-</span> 
     </span>
    </p>
   </div>
   <div class='ocr_carea' id='block_1_70' title="bbox 1077 1273 1870 1310">
    <p class='ocr_par' dir='ltr' id='par_1_70' title="bbox 1077 1273 1870 1310">
     <span class='ocr_line' id='line_1_71' title="bbox 1077 1273 1870 1310; baseline 0.003 -10"><span class='ocrx_word' id='word_1_531' title='bbox 1077 1274 1167 1309; x_wconf 83' lang='grc' dir='ltr'><strong>θητῶν</strong></span> <span class='ocrx_word' id='word_1_532' title='bbox 1184 1274 1253 1310; x_wconf 73' lang='grc' dir='ltr'>πρὸς</span> <span class='ocrx_word' id='word_1_533' title='bbox 1267 1273 1316 1309; x_wconf 83' lang='grc' dir='ltr'><strong>τὴν</strong></span> <span class='ocrx_word' id='word_1_534' title='bbox 1331 1274 1413 1300; x_wconf 82' lang='grc' dir='ltr'>αὑτοῦ</span> <span class='ocrx_word' id='word_1_535' title='bbox 1428 1273 1543 1309; x_wconf 79' lang='grc' dir='ltr'><strong>θεότητα</strong></span> <span class='ocrx_word' id='word_1_536' title='bbox 1558 1274 1606 1301; x_wconf 74' lang='grc' dir='ltr'><strong>καὶ</strong></span> <span class='ocrx_word' id='word_1_537' title='bbox 1623 1273 1669 1300; x_wconf 81' lang='grc' dir='ltr'><strong>τοῦ</strong></span> <span class='ocrx_word' id='word_1_538' title='bbox 1686 1274 1773 1301; x_wconf 78' lang='grc' dir='ltr'><strong>ἀϊδίου</strong></span> <span class='ocrx_word' id='word_1_539' title='bbox 1788 1275 1870 1303; x_wconf 77' lang='grc' dir='ltr'>αὑτοῦ</span> 
     </span>
    </p>
   </div>
   <div class='ocr_carea' id='block_1_71' title="bbox 1078 1319 1870 1358">
    <p class='ocr_par' dir='ltr' id='par_1_71' title="bbox 1078 1319 1870 1358">
     <span class='ocr_line' id='line_1_72' title="bbox 1078 1319 1870 1358; baseline 0.003 -12"><span class='ocrx_word' id='word_1_540' title='bbox 1078 1320 1195 1358; x_wconf 77' lang='grc' dir='ltr'>Πατρδς,</span> <span class='ocrx_word' id='word_1_541' title='bbox 1219 1320 1294 1347; x_wconf 83' lang='grc' dir='ltr'><strong>Θεὸν</strong></span> <span class='ocrx_word' id='word_1_542' title='bbox 1307 1319 1402 1355; x_wconf 81' lang='grc' dir='ltr'><strong>ὑμῶν.</strong></span> <span class='ocrx_word' id='word_1_543' title='bbox 1417 1319 1483 1351; x_wconf 80' lang='grc' dir='ltr'><strong>Θεὸς</strong></span> <span class='ocrx_word' id='word_1_544' title='bbox 1499 1320 1552 1355; x_wconf 86' lang='grc' dir='ltr'><strong>γὰρ</strong></span> <span class='ocrx_word' id='word_1_545' title='bbox 1565 1320 1619 1347; x_wconf 80' lang='grc' dir='ltr'>τῶν</span> <span class='ocrx_word' id='word_1_546' title='bbox 1644 1320 1790 1356; x_wconf 83' lang='grc' dir='ltr'><strong>μαθητῶν·</strong></span> <span class='ocrx_word' id='word_1_547' title='bbox 1816 1322 1870 1348; x_wconf 88' lang='grc' dir='ltr'><strong>Πα-</strong></span> 
     </span>
    </p>
   </div>
   <div class='ocr_carea' id='block_1_72' title="bbox 1077 1365 1872 1402">
    <p class='ocr_par' dir='ltr' id='par_1_72' title="bbox 1077 1365 1872 1402">
     <span class='ocr_line' id='line_1_73' title="bbox 1077 1365 1872 1402; baseline 0 -10"><span class='ocrx_word' id='word_1_548' title='bbox 1077 1367 1130 1402; x_wconf 75' lang='grc' dir='ltr'><strong>τὴρ</strong></span> <span class='ocrx_word' id='word_1_549' title='bbox 1154 1366 1182 1393; x_wconf 86' lang='grc' dir='ltr'><strong>δὲ</strong></span> <span class='ocrx_word' id='word_1_550' title='bbox 1204 1367 1251 1393; x_wconf 80' lang='grc' dir='ltr'><strong>τοῦ</strong></span> <span class='ocrx_word' id='word_1_551' title='bbox 1274 1366 1378 1402; x_wconf 80' lang='grc' dir='ltr'><strong>Κυρίου</strong></span> <span class='ocrx_word' id='word_1_552' title='bbox 1406 1365 1477 1392; x_wconf 81' lang='grc' dir='ltr'>κατὰ</span> <span class='ocrx_word' id='word_1_553' title='bbox 1499 1366 1589 1401; x_wconf 75' lang='grc' dir='ltr'>φύσιν,</span> <span class='ocrx_word' id='word_1_554' title='bbox 1611 1366 1665 1393; x_wconf 80' lang='grc' dir='ltr'><strong>τῶν</strong></span> <span class='ocrx_word' id='word_1_555' title='bbox 1692 1366 1720 1392; x_wconf 78' lang='grc' dir='ltr'><strong>δὲ</strong></span> <span class='ocrx_word' id='word_1_556' title='bbox 1741 1366 1872 1402; x_wconf 71' lang='grc' dir='ltr'>μαθητιῖν</span> 
     </span>
    </p>
   </div>
   <div class='ocr_carea' id='block_1_73' title="bbox 1077 1411 1872 1448">
    <p class='ocr_par' dir='ltr' id='par_1_73' title="bbox 1077 1411 1872 1448">
     <span class='ocr_line' id='line_1_74' title="bbox 1077 1411 1872 1448; baseline -0.001 -9"><span class='ocrx_word' id='word_1_557' title='bbox 1077 1412 1172 1448; x_wconf 82' lang='grc' dir='ltr'>Πατὴρ</span> <span class='ocrx_word' id='word_1_558' title='bbox 1192 1412 1263 1440; x_wconf 86' lang='grc' dir='ltr'>κατὰ</span> <span class='ocrx_word' id='word_1_559' title='bbox 1277 1412 1356 1448; x_wconf 82' lang='grc' dir='ltr'><strong>χάριν</strong></span> <span class='ocrx_word' id='word_1_560' title='bbox 1367 1420 1374 1427; x_wconf 90' lang='grc'>·</span> <span class='ocrx_word' id='word_1_561' title='bbox 1392 1412 1458 1444; x_wconf 81' lang='grc' dir='ltr'>Θεὸς</span> <span class='ocrx_word' id='word_1_562' title='bbox 1473 1412 1501 1438; x_wconf 82' lang='grc' dir='ltr'>δὲ</span> <span class='ocrx_word' id='word_1_563' title='bbox 1520 1411 1567 1438; x_wconf 83' lang='grc' dir='ltr'><strong>τοῦ</strong></span> <span class='ocrx_word' id='word_1_564' title='bbox 1580 1411 1645 1438; x_wconf 83' lang='grc' dir='ltr'><strong>Υἱοῦ</strong></span> <span class='ocrx_word' id='word_1_565' title='bbox 1662 1412 1736 1438; x_wconf 77' lang='grc' dir='ltr'>ἔστιν</span> <span class='ocrx_word' id='word_1_566' title='bbox 1750 1412 1765 1438; x_wconf 84' lang='grc' dir='ltr'><strong>ό</strong></span> <span class='ocrx_word' id='word_1_567' title='bbox 1778 1412 1872 1448; x_wconf 74' lang='grc' dir='ltr'>Πατὴρ</span> 
     </span>
    </p>
   </div>
   <div class='ocr_carea' id='block_1_74' title="bbox 1077 1458 1874 1495">
    <p class='ocr_par' dir='ltr' id='par_1_74' title="bbox 1077 1458 1874 1495">
     <span class='ocr_line' id='line_1_75' title="bbox 1077 1458 1874 1495; baseline 0 -9"><span class='ocrx_word' id='word_1_568' title='bbox 1077 1459 1121 1486; x_wconf 78' lang='grc' dir='ltr'>διὰ</span> <span class='ocrx_word' id='word_1_569' title='bbox 1134 1459 1184 1495; x_wconf 84' lang='grc' dir='ltr'><strong>τὴν</strong></span> <span class='ocrx_word' id='word_1_570' title='bbox 1201 1458 1301 1494; x_wconf 82' lang='grc' dir='ltr'>σάρκα,</span> <span class='ocrx_word' id='word_1_571' title='bbox 1318 1458 1412 1494; x_wconf 80' lang='grc' dir='ltr'>Πατὴρ</span> <span class='ocrx_word' id='word_1_572' title='bbox 1436 1459 1465 1485; x_wconf 84' lang='grc' dir='ltr'><strong>δὲ</strong></span> <span class='ocrx_word' id='word_1_573' title='bbox 1486 1458 1530 1485; x_wconf 83' lang='grc' dir='ltr'>διὰ</span> <span class='ocrx_word' id='word_1_574' title='bbox 1550 1458 1582 1485; x_wconf 82' lang='grc' dir='ltr'><strong>τὺ</strong></span> <span class='ocrx_word' id='word_1_575' title='bbox 1597 1458 1682 1485; x_wconf 80' lang='grc' dir='ltr'><strong>ἀΐδιον</strong></span> <span class='ocrx_word' id='word_1_576' title='bbox 1702 1459 1750 1485; x_wconf 79' lang='grc' dir='ltr'><strong>καὶ</strong></span> <span class='ocrx_word' id='word_1_577' title='bbox 1769 1459 1874 1486; x_wconf 78' lang='grc' dir='ltr'><strong>ἀκατά-</strong></span> 
     </span>
    </p>
   </div>
   <div class='ocr_carea' id='block_1_75' title="bbox 1078 1507 1874 1543">
    <p class='ocr_par' dir='ltr' id='par_1_75' title="bbox 1078 1507 1874 1543">
     <span class='ocr_line' id='line_1_76' title="bbox 1078 1507 1874 1543; baseline 0.001 -9"><span class='ocrx_word' id='word_1_578' title='bbox 1078 1507 1180 1543; x_wconf 79' lang='grc' dir='ltr'>ληπτον</span> <span class='ocrx_word' id='word_1_579' title='bbox 1195 1508 1246 1543; x_wconf 78' lang='grc' dir='ltr'><strong>τῆς</strong></span> <span class='ocrx_word' id='word_1_580' title='bbox 1269 1507 1352 1534; x_wconf 80' lang='grc' dir='ltr'>αὑτοῦ</span> <span class='ocrx_word' id='word_1_581' title='bbox 1376 1508 1529 1543; x_wconf 81' lang='grc' dir='ltr'><strong>γεννήσεως</strong></span> <span class='ocrx_word' id='word_1_582' title='bbox 1543 1507 1591 1534; x_wconf 76' lang='grc' dir='ltr'>καὶ</span> <span class='ocrx_word' id='word_1_583' title='bbox 1609 1507 1790 1543; x_wconf 82' lang='grc' dir='ltr'><strong>γνησιότητος</strong></span> <span class='ocrx_word' id='word_1_584' title='bbox 1801 1517 1808 1524; x_wconf 85' lang='grc'>·</span> <span class='ocrx_word' id='word_1_585' title='bbox 1833 1508 1874 1535; x_wconf 75' lang='grc' dir='ltr'><strong>ὅτι</strong></span> 
     </span>
    </p>
   </div>
   <div class='ocr_carea' id='block_1_76' title="bbox 1080 1553 1875 1589">
    <p class='ocr_par' dir='ltr' id='par_1_76' title="bbox 1080 1553 1875 1589">
     <span class='ocr_line' id='line_1_77' title="bbox 1080 1553 1875 1589; baseline 0 -9"><span class='ocrx_word' id='word_1_586' title='bbox 1080 1555 1109 1581; x_wconf 88' lang='grc' dir='ltr'><strong>ὲν</strong></span> <span class='ocrx_word' id='word_1_587' title='bbox 1124 1554 1240 1589; x_wconf 79' lang='grc' dir='ltr'><strong>ἀληθείᾳ</strong></span> <span class='ocrx_word' id='word_1_588' title='bbox 1254 1554 1327 1580; x_wconf 73' lang='grc' dir='ltr'><strong>ἐστὶν</strong></span> <span class='ocrx_word' id='word_1_589' title='bbox 1338 1553 1421 1580; x_wconf 80' lang='grc' dir='ltr'>αὑτοῦ</span> <span class='ocrx_word' id='word_1_590' title='bbox 1435 1553 1540 1588; x_wconf 80' lang='grc' dir='ltr'>Πατὴρ,</span> <span class='ocrx_word' id='word_1_591' title='bbox 1558 1553 1692 1588; x_wconf 81' lang='grc' dir='ltr'><strong>γεννήσας</strong></span> <span class='ocrx_word' id='word_1_592' title='bbox 1703 1553 1786 1579; x_wconf 78' lang='grc' dir='ltr'>αὑτὸν</span> <span class='ocrx_word' id='word_1_593' title='bbox 1797 1553 1875 1588; x_wconf 80' lang='grc' dir='ltr'>ἀχρό-</span> 
     </span>
    </p>
   </div>
   <div class='ocr_carea' id='block_1_77' title="bbox 1079 1598 1876 1635">
    <p class='ocr_par' dir='ltr' id='par_1_77' title="bbox 1079 1598 1876 1635">
     <span class='ocr_line' id='line_1_78' title="bbox 1079 1598 1876 1635; baseline -0.001 -9"><span class='ocrx_word' id='word_1_594' title='bbox 1079 1609 1132 1631; x_wconf 84' lang='grc' dir='ltr'><strong>νως</strong></span> <span class='ocrx_word' id='word_1_595' title='bbox 1145 1600 1192 1626; x_wconf 78' lang='grc' dir='ltr'>καὶ</span> <span class='ocrx_word' id='word_1_596' title='bbox 1203 1600 1328 1635; x_wconf 79' lang='grc' dir='ltr'><strong>ὰνάρχως</strong></span> <span class='ocrx_word' id='word_1_597' title='bbox 1343 1599 1414 1626; x_wconf 80' lang='grc' dir='ltr'>κατὰ</span> <span class='ocrx_word' id='word_1_598' title='bbox 1431 1599 1480 1634; x_wconf 79' lang='grc' dir='ltr'><strong>τὴν</strong></span> <span class='ocrx_word' id='word_1_599' title='bbox 1494 1599 1620 1634; x_wconf 84' lang='grc' dir='ltr'><strong>Θεότητα.</strong></span> <span class='ocrx_word' id='word_1_600' title='bbox 1634 1598 1700 1625; x_wconf 79' lang='grc' dir='ltr'>Θεὸν</span> <span class='ocrx_word' id='word_1_601' title='bbox 1720 1598 1749 1625; x_wconf 86' lang='grc' dir='ltr'><strong>δὲ</strong></span> <span class='ocrx_word' id='word_1_602' title='bbox 1764 1599 1876 1635; x_wconf 76' lang='grc' dir='ltr'><strong>ἐδέησεν</strong></span> 
     </span>
    </p>
   </div>
   <div class='ocr_carea' id='block_1_78' title="bbox 1080 1644 1874 1680">
    <p class='ocr_par' dir='ltr' id='par_1_78' title="bbox 1080 1644 1874 1680">
     <span class='ocr_line' id='line_1_79' title="bbox 1080 1644 1874 1680; baseline -0.001 -8"><span class='ocrx_word' id='word_1_603' title='bbox 1080 1647 1168 1673; x_wconf 83' lang='grc' dir='ltr'>εἰπεῖν</span> <span class='ocrx_word' id='word_1_604' title='bbox 1188 1644 1283 1678; x_wconf 82' lang='grc' dir='ltr'>αὑτοῦ,</span> <span class='ocrx_word' id='word_1_605' title='bbox 1304 1645 1337 1672; x_wconf 85' lang='grc' dir='ltr'><strong>δι’</strong></span> <span class='ocrx_word' id='word_1_606' title='bbox 1352 1645 1385 1680; x_wconf 82' lang='grc' dir='ltr'><strong>ἣν</strong></span> <span class='ocrx_word' id='word_1_607' title='bbox 1409 1645 1443 1671; x_wconf 81' lang='grc' dir='ltr'>δι’</span> <span class='ocrx_word' id='word_1_608' title='bbox 1457 1645 1530 1680; x_wconf 81' lang='grc' dir='ltr'>ἡμᾶς</span> <span class='ocrx_word' id='word_1_609' title='bbox 1552 1645 1682 1680; x_wconf 74' lang='grc' dir='ltr'>ἐποίησεν</span> <span class='ocrx_word' id='word_1_610' title='bbox 1705 1645 1874 1680; x_wconf 72' lang='grc' dir='ltr'>οἰκονομίαν,</span> 
     </span>
    </p>
   </div>
   <div class='ocr_carea' id='block_1_79' title="bbox 1079 1690 1876 1728">
    <p class='ocr_par' dir='ltr' id='par_1_79' title="bbox 1079 1690 1876 1728">
     <span class='ocr_line' id='line_1_80' title="bbox 1079 1690 1876 1728; baseline -0.004 -9"><span class='ocrx_word' id='word_1_611' title='bbox 1079 1693 1117 1719; x_wconf 80' lang='grc' dir='ltr'><strong>ὢν</strong></span> <span class='ocrx_word' id='word_1_612' title='bbox 1139 1692 1183 1719; x_wconf 77' lang='grc' dir='ltr'><strong>ἀεὶ</strong></span> <span class='ocrx_word' id='word_1_613' title='bbox 1199 1691 1267 1728; x_wconf 84' lang='grc' dir='ltr'>πρὸς</span> <span class='ocrx_word' id='word_1_614' title='bbox 1287 1691 1326 1727; x_wconf 85' lang='grc' dir='ltr'><strong>τῷ</strong></span> <span class='ocrx_word' id='word_1_615' title='bbox 1350 1691 1438 1727; x_wconf 80' lang='grc' dir='ltr'>Πατρὶ</span> <span class='ocrx_word' id='word_1_616' title='bbox 1462 1690 1604 1726; x_wconf 69' lang='grc' dir='ltr'><strong>γεννηθεὶς</strong></span> <span class='ocrx_word' id='word_1_617' title='bbox 1629 1690 1756 1726; x_wconf 83' lang='grc' dir='ltr'><strong>ἀνάρχως</strong></span> <span class='ocrx_word' id='word_1_618' title='bbox 1777 1691 1876 1725; x_wconf 77' lang='grc' dir='ltr'><strong>Λόγος,</strong></span> 
     </span>
    </p>
   </div>
   <div class='ocr_carea' id='block_1_80' title="bbox 1079 1737 1877 1774">
    <p class='ocr_par' dir='ltr' id='par_1_80' title="bbox 1079 1737 1877 1774">
     <span class='ocr_line' id='line_1_81' title="bbox 1079 1737 1877 1774; baseline -0.001 -9"><span class='ocrx_word' id='word_1_619' title='bbox 1079 1740 1108 1765; x_wconf 81' lang='grc' dir='ltr'><strong>ὲν</strong></span> <span class='ocrx_word' id='word_1_620' title='bbox 1126 1739 1208 1774; x_wconf 71' lang='grc' dir='ltr'>σαρκὶ</span> <span class='ocrx_word' id='word_1_621' title='bbox 1229 1738 1258 1765; x_wconf 78' lang='grc' dir='ltr'><strong>δὲ</strong></span> <span class='ocrx_word' id='word_1_622' title='bbox 1281 1737 1335 1764; x_wconf 78' lang='grc' dir='ltr'><strong>ἀπὸ</strong></span> <span class='ocrx_word' id='word_1_623' title='bbox 1359 1738 1470 1772; x_wconf 76' lang='grc' dir='ltr'>Μαρίας</span> <span class='ocrx_word' id='word_1_624' title='bbox 1492 1738 1535 1764; x_wconf 81' lang='grc' dir='ltr'><strong>ἐπ’</strong></span> <span class='ocrx_word' id='word_1_625' title='bbox 1550 1737 1668 1773; x_wconf 72' lang='grc' dir='ltr'>ἐσχάτου</span> <span class='ocrx_word' id='word_1_626' title='bbox 1692 1737 1746 1764; x_wconf 85' lang='grc' dir='ltr'><strong>τῶν</strong></span> <span class='ocrx_word' id='word_1_627' title='bbox 1762 1738 1877 1774; x_wconf 77' lang='grc' dir='ltr'>ἡμερῶν</span> 
     </span>
    </p>
   </div>
   <div class='ocr_carea' id='block_1_81' title="bbox 1079 1783 1876 1820">
    <p class='ocr_par' dir='ltr' id='par_1_81' title="bbox 1079 1783 1876 1820">
     <span class='ocr_line' id='line_1_82' title="bbox 1079 1783 1876 1820; baseline -0.003 -9"><span class='ocrx_word' id='word_1_628' title='bbox 1079 1784 1220 1820; x_wconf 75' lang='grc' dir='ltr'><strong>γεννηθεὶς</strong></span> <span class='ocrx_word' id='word_1_629' title='bbox 1245 1783 1317 1811; x_wconf 84' lang='grc' dir='ltr'>κατὰ</span> <span class='ocrx_word' id='word_1_630' title='bbox 1339 1783 1438 1819; x_wconf 85' lang='grc' dir='ltr'><strong>σάρκα,</strong></span> <span class='ocrx_word' id='word_1_631' title='bbox 1466 1784 1498 1809; x_wconf 83' lang='grc' dir='ltr'><strong>ὲκ</strong></span> <span class='ocrx_word' id='word_1_632' title='bbox 1521 1783 1631 1818; x_wconf 78' lang='grc' dir='ltr'>Μαρίας</span> <span class='ocrx_word' id='word_1_633' title='bbox 1659 1783 1688 1810; x_wconf 78' lang='grc' dir='ltr'><strong>δὲ</strong></span> <span class='ocrx_word' id='word_1_634' title='bbox 1712 1784 1763 1819; x_wconf 85' lang='grc' dir='ltr'><strong>τῆς</strong></span> <span class='ocrx_word' id='word_1_635' title='bbox 1790 1783 1876 1818; x_wconf 77' lang='grc' dir='ltr'><strong>αὐτῆς</strong></span> 
     </span>
    </p>
   </div>
   <div class='ocr_carea' id='block_1_82' title="bbox 1080 1828 1655 1865">
    <p class='ocr_par' dir='ltr' id='par_1_82' title="bbox 1080 1828 1655 1865">
     <span class='ocr_line' id='line_1_83' title="bbox 1080 1828 1655 1865; baseline -0.002 -9"><span class='ocrx_word' id='word_1_636' title='bbox 1080 1830 1161 1864; x_wconf 83' lang='grc' dir='ltr'><strong>ἁγίας</strong></span> <span class='ocrx_word' id='word_1_637' title='bbox 1175 1828 1315 1865; x_wconf 82' lang='grc' dir='ltr'><strong>Παρθένου</strong></span> <span class='ocrx_word' id='word_1_638' title='bbox 1333 1829 1377 1856; x_wconf 83' lang='grc' dir='ltr'><strong>διὰ</strong></span> <span class='ocrx_word' id='word_1_639' title='bbox 1394 1829 1553 1864; x_wconf 81' lang='grc' dir='ltr'>Πνεύματος</span> <span class='ocrx_word' id='word_1_640' title='bbox 1565 1829 1655 1863; x_wconf 85' lang='grc' dir='ltr'>ἁγίου.</span> 
     </span>
    </p>
   </div>
   <div class='ocr_carea' id='block_1_83' title="bbox 1114 1875 1882 1910">
    <p class='ocr_par' dir='ltr' id='par_1_83' title="bbox 1114 1875 1882 1910">
     <span class='ocr_line' id='line_1_84' title="bbox 1114 1875 1882 1910; baseline -0.001 -7"><span class='ocrx_word' id='word_1_641' title='bbox 1114 1876 1177 1903; x_wconf 84' lang='lat' dir='ltr'><strong>AA’.</strong></span> <span class='ocrx_word' id='word_1_642' title='bbox 1206 1875 1361 1902; x_wconf 86' lang='grc' dir='ltr'><strong>Νοείτωσαν</strong></span> <span class='ocrx_word' id='word_1_643' title='bbox 1384 1875 1475 1902; x_wconf 84' lang='grc' dir='ltr'>τοίνυν</span> <span class='ocrx_word' id='word_1_644' title='bbox 1497 1875 1532 1902; x_wconf 80' lang='grc' dir='ltr'><strong>τὰ</strong></span> <span class='ocrx_word' id='word_1_645' title='bbox 1555 1875 1639 1910; x_wconf 79' lang='grc' dir='ltr'>βαθέα</span> <span class='ocrx_word' id='word_1_646' title='bbox 1662 1875 1712 1910; x_wconf 82' lang='grc' dir='ltr'><strong>τῆς</strong></span> <span class='ocrx_word' id='word_1_647' title='bbox 1735 1884 1779 1902; x_wconf 76' lang='grc' dir='ltr'><strong>το.</strong></span> <span class='ocrx_word' id='word_1_648' title='bbox 1796 1875 1882 1902; x_wconf 46' lang='lat' dir='ltr'><strong>“&quot;«r.</strong></span> 
     </span>
    </p>
   </div>
   <div class='ocr_carea' id='block_1_84' title="bbox 1080 1921 1877 1959">
    <p class='ocr_par' dir='ltr' id='par_1_84' title="bbox 1080 1921 1877 1959">
     <span class='ocr_line' id='line_1_85' title="bbox 1080 1921 1877 1959; baseline -0.001 -10"><span class='ocrx_word' id='word_1_649' title='bbox 1080 1922 1282 1959; x_wconf 78' lang='grc' dir='ltr'>πραγματείας,</span> <span class='ocrx_word' id='word_1_650' title='bbox 1295 1922 1342 1949; x_wconf 69' lang='grc' dir='ltr'><strong>καὶ</strong></span> <span class='ocrx_word' id='word_1_651' title='bbox 1359 1922 1396 1957; x_wconf 83' lang='grc' dir='ltr'>μὴ</span> <span class='ocrx_word' id='word_1_652' title='bbox 1411 1921 1460 1958; x_wconf 83' lang='grc' dir='ltr'><strong>τὴν</strong></span> <span class='ocrx_word' id='word_1_653' title='bbox 1481 1921 1561 1958; x_wconf 82' lang='grc' dir='ltr'>χάριν</span> <span class='ocrx_word' id='word_1_654' title='bbox 1585 1922 1626 1954; x_wconf 81' lang='grc' dir='ltr'><strong>είς</strong></span> <span class='ocrx_word' id='word_1_655' title='bbox 1639 1922 1802 1957; x_wconf 83' lang='grc' dir='ltr'><strong>ἀχαριστίαν</strong></span> <span class='ocrx_word' id='word_1_656' title='bbox 1815 1922 1877 1958; x_wconf 78' lang='grc' dir='ltr'><strong>τρέ-</strong></span> 
     </span>
    </p>
   </div>
   <div class='ocr_carea' id='block_1_85' title="bbox 1079 1966 1876 2003">
    <p class='ocr_par' dir='ltr' id='par_1_85' title="bbox 1079 1966 1876 2003">
     <span class='ocr_line' id='line_1_86' title="bbox 1079 1966 1876 2003; baseline 0 -9"><span class='ocrx_word' id='word_1_657' title='bbox 1079 1968 1176 2003; x_wconf 72' lang='grc' dir='ltr'><strong>ψωσιν,</strong></span> <span class='ocrx_word' id='word_1_658' title='bbox 1202 1967 1310 2001; x_wconf 82' lang='grc' dir='ltr'>ἀδοξίαν</span> <span class='ocrx_word' id='word_1_659' title='bbox 1332 1966 1505 2003; x_wconf 76' lang='grc' dir='ltr'><strong>λογιζόμενοι</strong></span> <span class='ocrx_word' id='word_1_660' title='bbox 1534 1967 1575 1999; x_wconf 83' lang='grc' dir='ltr'><strong>είς</strong></span> <span class='ocrx_word' id='word_1_661' title='bbox 1596 1967 1645 2003; x_wconf 81' lang='grc' dir='ltr'><strong>τὴν</strong></span> <span class='ocrx_word' id='word_1_662' title='bbox 1670 1967 1810 2002; x_wconf 82' lang='grc' dir='ltr'><strong>ἄφραστον</strong></span> <span class='ocrx_word' id='word_1_663' title='bbox 1832 1967 1876 1994; x_wconf 62' lang='grc' dir='ltr'><strong>καὶ</strong></span> 
     </span>
    </p>
   </div>
   <div class='ocr_carea' id='block_1_86' title="bbox 1080 2013 1878 2049">
    <p class='ocr_par' dir='ltr' id='par_1_86' title="bbox 1080 2013 1878 2049">
     <span class='ocr_line' id='line_1_87' title="bbox 1080 2013 1878 2049; baseline -0.001 -9"><span class='ocrx_word' id='word_1_664' title='bbox 1080 2014 1271 2049; x_wconf 79' lang='grc' dir='ltr'><strong>ἀκατάληπτον</strong></span> <span class='ocrx_word' id='word_1_665' title='bbox 1288 2013 1335 2040; x_wconf 82' lang='grc' dir='ltr'><strong>τοῦ</strong></span> <span class='ocrx_word' id='word_1_666' title='bbox 1360 2013 1428 2040; x_wconf 81' lang='grc' dir='ltr'>Θεοῦ</span> <span class='ocrx_word' id='word_1_667' title='bbox 1455 2013 1536 2047; x_wconf 82' lang='grc' dir='ltr'>φύσιν</span> <span class='ocrx_word' id='word_1_668' title='bbox 1555 2013 1604 2048; x_wconf 79' lang='grc' dir='ltr'>τὴν</span> <span class='ocrx_word' id='word_1_669' title='bbox 1631 2013 1669 2044; x_wconf 84' lang='grc' dir='ltr'><strong>εἰς</strong></span> <span class='ocrx_word' id='word_1_670' title='bbox 1692 2013 1768 2047; x_wconf 83' lang='grc' dir='ltr'>ἡμᾶς</span> <span class='ocrx_word' id='word_1_671' title='bbox 1787 2021 1878 2047; x_wconf 83' lang='grc' dir='ltr'><strong>σωτη-</strong></span> 
     </span>
    </p>
   </div>
   <div class='ocr_carea' id='block_1_87' title="bbox 1082 2057 1879 2094">
    <p class='ocr_par' dir='ltr' id='par_1_87' title="bbox 1082 2057 1879 2094">
     <span class='ocr_line' id='line_1_88' title="bbox 1082 2057 1879 2094; baseline 0.003 -10"><span class='ocrx_word' id='word_1_672' title='bbox 1082 2059 1153 2094; x_wconf 89' lang='grc' dir='ltr'>ρίαν.</span> <span class='ocrx_word' id='word_1_673' title='bbox 1184 2058 1274 2090; x_wconf 74' lang='grc' dir='ltr'>Ἀλλὰ,</span> <span class='ocrx_word' id='word_1_674' title='bbox 1299 2058 1375 2090; x_wconf 75' lang='grc' dir='ltr'>φασὶ,</span> <span class='ocrx_word' id='word_1_675' title='bbox 1397 2059 1462 2094; x_wconf 78' lang='grc' dir='ltr'>περὶ</span> <span class='ocrx_word' id='word_1_676' title='bbox 1483 2058 1530 2085; x_wconf 79' lang='grc' dir='ltr'><strong>τοῦ</strong></span> <span class='ocrx_word' id='word_1_677' title='bbox 1547 2058 1615 2084; x_wconf 82' lang='grc' dir='ltr'>Θεοῦ</span> <span class='ocrx_word' id='word_1_678' title='bbox 1630 2057 1785 2093; x_wconf 83' lang='grc' dir='ltr'>γέγραπται</span> <span class='ocrx_word' id='word_1_679' title='bbox 1798 2066 1805 2073; x_wconf 88' lang='grc'><strong>·</strong></span> <span class='ocrx_word' id='word_1_680' title='bbox 1836 2059 1879 2086; x_wconf 83' lang='grc' dir='ltr'>οὐ</span> 
     </span>
    </p>
   </div>
   <div class='ocr_carea' id='block_1_88' title="bbox 1081 2103 1876 2139">
    <p class='ocr_par' dir='ltr' id='par_1_88' title="bbox 1081 2103 1876 2139">
     <span class='ocr_line' id='line_1_89' title="bbox 1081 2103 1876 2139; baseline 0 -8"><span class='ocrx_word' id='word_1_681' title='bbox 1081 2103 1228 2137; x_wconf 81' lang='grc' dir='ltr'>πεινάσει,</span> <span class='ocrx_word' id='word_1_682' title='bbox 1243 2104 1313 2131; x_wconf 81' lang='grc' dir='ltr'>οὐδὲ</span> <span class='ocrx_word' id='word_1_683' title='bbox 1322 2104 1457 2139; x_wconf 73' lang='grc' dir='ltr'><strong>διψήσει,</strong></span> <span class='ocrx_word' id='word_1_684' title='bbox 1472 2104 1544 2132; x_wconf 81' lang='grc' dir='ltr'><strong>οὐδέ</strong></span> <span class='ocrx_word' id='word_1_685' title='bbox 1557 2104 1644 2131; x_wconf 78' lang='grc' dir='ltr'><em>ἐστιν</em></span> <span class='ocrx_word' id='word_1_686' title='bbox 1655 2104 1811 2138; x_wconf 71' lang='grc' dir='ltr'><strong>ὲξεύρεσις</strong></span> <span class='ocrx_word' id='word_1_687' title='bbox 1823 2104 1876 2138; x_wconf 73' lang='grc' dir='ltr'><strong>τῆς</strong></span> 
     </span>
    </p>
   </div>
   <div class='ocr_carea' id='block_1_89' title="bbox 1081 2149 1879 2186">
    <p class='ocr_par' dir='ltr' id='par_1_89' title="bbox 1081 2149 1879 2186">
     <span class='ocr_line' id='line_1_90' title="bbox 1081 2149 1879 2186; baseline -0.001 -9"><span class='ocrx_word' id='word_1_688' title='bbox 1081 2150 1257 2185; x_wconf 71' lang='grc' dir='ltr'><strong>φρονήσεως</strong></span> <span class='ocrx_word' id='word_1_689' title='bbox 1273 2150 1383 2177; x_wconf 76' lang='grc' dir='ltr'><strong>αὐτοῦ’</strong></span> <span class='ocrx_word' id='word_1_690' title='bbox 1400 2151 1465 2186; x_wconf 77' lang='grc' dir='ltr'>περὶ</span> <span class='ocrx_word' id='word_1_691' title='bbox 1481 2150 1510 2177; x_wconf 80' lang='grc' dir='ltr'>δὲ</span> <span class='ocrx_word' id='word_1_692' title='bbox 1523 2150 1569 2176; x_wconf 83' lang='grc' dir='ltr'><strong>τοῦ</strong></span> <span class='ocrx_word' id='word_1_693' title='bbox 1586 2149 1662 2182; x_wconf 83' lang='grc' dir='ltr'>Υἱοῦ,</span> <span class='ocrx_word' id='word_1_694' title='bbox 1678 2150 1719 2176; x_wconf 84' lang='grc' dir='ltr'><strong>ὅτι</strong></span> <span class='ocrx_word' id='word_1_695' title='bbox 1734 2150 1879 2177; x_wconf 76' lang='grc' dir='ltr'>ἐπείνασεν</span> 
     </span>
    </p>
   </div>
   <div class='ocr_carea' id='block_1_90' title="bbox 238 2194 1025 2232">
    <p class='ocr_par' dir='ltr' id='par_1_90' title="bbox 238 2194 1025 2231">
     <span class='ocr_line' id='line_1_91' title="bbox 238 2194 1025 2231; baseline 0.003 -9"><span class='ocrx_word' id='word_1_696' title='bbox 238 2196 363 2229; x_wconf 70' lang='lat' dir='ltr'><strong>ipsius&#39;;</strong></span> <span class='ocrx_word' id='word_1_697' title='bbox 386 2200 482 2223; x_wconf 84' lang='lat' dir='ltr'><strong>contra</strong></span> <span class='ocrx_word' id='word_1_698' title='bbox 510 2202 577 2222; x_wconf 82' lang='lat' dir='ltr'><strong>vero</strong></span> <span class='ocrx_word' id='word_1_699' title='bbox 598 2194 632 2221; x_wconf 86' lang='lat' dir='ltr'><strong>de</strong></span> <span class='ocrx_word' id='word_1_700' title='bbox 658 2194 728 2222; x_wconf 81' lang='lat' dir='ltr'><strong>Filio</strong></span> <span class='ocrx_word' id='word_1_701' title='bbox 752 2196 878 2231; x_wconf 79' lang='lat' dir='ltr'><strong>legimus,</strong></span> <span class='ocrx_word' id='word_1_702' title='bbox 902 2197 978 2224; x_wconf 90' lang='lat' dir='ltr'><strong>illum</strong></span> <span class='ocrx_word' id='word_1_703' title='bbox 1002 2198 1025 2224; x_wconf 83' lang='lat' dir='ltr'><strong>in</strong></span> 
     </span>
    </p>
   </div>
   <div class='ocr_carea' id='block_1_91' title="bbox 1077 2194 1879 2232">
    <p class='ocr_par' dir='ltr' id='par_1_91' title="bbox 1083 2195 1879 2232">
     <span class='ocr_line' id='line_1_92' title="bbox 1083 2195 1879 2232; baseline 0 -10"><span class='ocrx_word' id='word_1_704' title='bbox 1083 2197 1112 2222; x_wconf 80' lang='grc' dir='ltr'><strong>ὲν</strong></span> <span class='ocrx_word' id='word_1_705' title='bbox 1129 2197 1162 2232; x_wconf 81' lang='grc' dir='ltr'><strong>τῇ</strong></span> <span class='ocrx_word' id='word_1_706' title='bbox 1188 2196 1284 2232; x_wconf 82' lang='grc' dir='ltr'>ὲρήμω</span> <span class='ocrx_word' id='word_1_707' title='bbox 1306 2196 1377 2223; x_wconf 76' lang='grc' dir='ltr'>κατὰ</span> <span class='ocrx_word' id='word_1_708' title='bbox 1389 2197 1435 2223; x_wconf 74' lang='grc' dir='ltr'><strong>τὸν</strong></span> <span class='ocrx_word' id='word_1_709' title='bbox 1462 2196 1625 2232; x_wconf 80' lang='grc' dir='ltr'>πειρασμόν.</span> <span class='ocrx_word' id='word_1_710' title='bbox 1640 2195 1694 2222; x_wconf 85' lang='grc' dir='ltr'>Καί</span> <span class='ocrx_word' id='word_1_711' title='bbox 1717 2204 1822 2231; x_wconf 71' lang='grc' dir='ltr'><strong>φησιν·</strong></span> <span class='ocrx_word' id='word_1_712' title='bbox 1847 2196 1879 2222; x_wconf 92' lang='lat'><em>&#39;0</em></span> 
     </span>
    </p>
   </div>
   <div class='ocr_carea' id='block_1_92' title="bbox 239 2239 1031 2275">
    <p class='ocr_par' dir='ltr' id='par_1_92' title="bbox 239 2239 1031 2275">
     <span class='ocr_line' id='line_1_93' title="bbox 239 2239 1031 2275; baseline 0 -6"><span class='ocrx_word' id='word_1_713' title='bbox 239 2241 388 2269; x_wconf 79' lang='lat' dir='ltr'><strong>Solitudine</strong></span> <span class='ocrx_word' id='word_1_714' title='bbox 418 2244 478 2275; x_wconf 91' lang='lat' dir='ltr'><strong>post</strong></span> <span class='ocrx_word' id='word_1_715' title='bbox 508 2239 684 2266; x_wconf 87' lang='lat' dir='ltr'><strong>tentationem</strong></span> <span class='ocrx_word' id='word_1_716' title='bbox 711 2241 855 2269; x_wconf 74' lang='lat' dir='ltr'><strong>esurisse“.</strong></span> <span class='ocrx_word' id='word_1_717' title='bbox 876 2241 1031 2270; x_wconf 86' lang='lat' dir='ltr'><strong>Similiter:</strong></span> 
     </span>
    </p>
   </div>
   <div class='ocr_carea' id='block_1_93' title="bbox 239 2283 1031 2321">
    <p class='ocr_par' dir='ltr' id='par_1_93' title="bbox 239 2283 1031 2321">
     <span class='ocr_line' id='line_1_94' title="bbox 239 2283 1031 2321; baseline 0.003 -7"><span class='ocrx_word' id='word_1_718' title='bbox 239 2287 320 2319; x_wconf 79' lang='lat' dir='ltr'><strong>Deus,</strong></span> <span class='ocrx_word' id='word_1_719' title='bbox 335 2287 435 2321; x_wconf 89' lang='lat' dir='ltr'><strong>inquit,</strong></span> <span class='ocrx_word' id='word_1_720' title='bbox 452 2292 504 2311; x_wconf 83' lang='lat' dir='ltr'><strong>non</strong></span> <span class='ocrx_word' id='word_1_721' title='bbox 521 2283 710 2319; x_wconf 82' lang='lat' dir='ltr'><strong>fatigabitur&quot;.</strong></span> <span class='ocrx_word' id='word_1_722' title='bbox 728 2285 860 2314; x_wconf 88' lang='lat' dir='ltr'><strong>Dominus</strong></span> <span class='ocrx_word' id='word_1_723' title='bbox 876 2294 938 2314; x_wconf 82' lang='lat' dir='ltr'><strong>vero</strong></span> <span class='ocrx_word' id='word_1_724' title='bbox 951 2286 1031 2316; x_wconf 71' lang='lat' dir='ltr'><strong>Jesus</strong></span> 
     </span>
    </p>
   </div>
   <div class='ocr_carea' id='block_1_94' title="bbox 238 2330 1030 2366">
    <p class='ocr_par' dir='ltr' id='par_1_94' title="bbox 238 2330 1030 2366">
     <span class='ocr_line' id='line_1_95' title="bbox 238 2330 1030 2366; baseline 0 -6"><span class='ocrx_word' id='word_1_725' title='bbox 238 2333 265 2360; x_wconf 84' lang='lat' dir='ltr'><strong>in</strong></span> <span class='ocrx_word' id='word_1_726' title='bbox 291 2333 389 2360; x_wconf 89' lang='lat' dir='ltr'><strong>itinere</strong></span> <span class='ocrx_word' id='word_1_727' title='bbox 410 2330 540 2365; x_wconf 77' lang='lat' dir='ltr'><strong>fatigatus</strong></span> <span class='ocrx_word' id='word_1_728' title='bbox 567 2330 644 2358; x_wconf 82' lang='lat' dir='ltr'><strong>cst&#39;.</strong></span> <span class='ocrx_word' id='word_1_729' title='bbox 674 2331 752 2363; x_wconf 89' lang='lat' dir='ltr'><strong>ltcm,</strong></span> <span class='ocrx_word' id='word_1_730' title='bbox 780 2331 840 2359; x_wconf 88' lang='lat' dir='ltr'><strong>Non</strong></span> <span class='ocrx_word' id='word_1_731' title='bbox 863 2332 1030 2366; x_wconf 83' lang='lat' dir='ltr'><strong>dormitabit,</strong></span> 
     </span>
    </p>
   </div>
   <div class='ocr_carea' id='block_1_95' title="bbox 238 2375 1030 2411">
    <p class='ocr_par' dir='ltr' id='par_1_95' title="bbox 238 2375 1030 2411">
     <span class='ocr_line' id='line_1_96' title="bbox 238 2375 1030 2411; baseline 0.003 -6"><span class='ocrx_word' id='word_1_732' title='bbox 238 2387 319 2407; x_wconf 75' lang='grc' dir='ltr'>ποοιιε</span> <span class='ocrx_word' id='word_1_733' title='bbox 338 2377 450 2404; x_wconf 83' lang='lat' dir='ltr'><strong>dormiet</strong></span> <span class='ocrx_word' id='word_1_734' title='bbox 469 2376 514 2411; x_wconf 72' lang='lat' dir='ltr'><strong>qui</strong></span> <span class='ocrx_word' id='word_1_735' title='bbox 530 2376 646 2403; x_wconf 75' lang='lat' dir='ltr'><strong>custodit</strong></span> <span class='ocrx_word' id='word_1_736' title='bbox 664 2375 751 2404; x_wconf 75' lang='lat' dir='ltr'><strong>Israel</strong></span> <span class='ocrx_word' id='word_1_737' title='bbox 763 2378 784 2404; x_wconf 73' lang='grc' dir='ltr'><strong>θ.</strong></span> <span class='ocrx_word' id='word_1_738' title='bbox 800 2377 836 2405; x_wconf 76' lang='lat' dir='ltr'><strong>At</strong></span> <span class='ocrx_word' id='word_1_739' title='bbox 854 2377 986 2407; x_wconf 88' lang='lat' dir='ltr'><strong>Dominus</strong></span> <span class='ocrx_word' id='word_1_740' title='bbox 1002 2380 1030 2408; x_wconf 90' lang='lat' dir='ltr'><strong>in</strong></span> 
     </span>
    </p>
   </div>
   <div class='ocr_carea' id='block_1_96' title="bbox 239 2419 1029 2459">
    <p class='ocr_par' dir='ltr' id='par_1_96' title="bbox 239 2419 1029 2459">
     <span class='ocr_line' id='line_1_97' title="bbox 239 2419 1029 2459; baseline 0.001 -9"><span class='ocrx_word' id='word_1_741' title='bbox 239 2431 299 2450; x_wconf 75' lang='lat' dir='ltr'><strong>IIavt</strong></span> <span class='ocrx_word' id='word_1_742' title='bbox 312 2422 446 2449; x_wconf 89' lang='lat' dir='ltr'><strong>dormisse</strong></span> <span class='ocrx_word' id='word_1_743' title='bbox 467 2424 597 2448; x_wconf 85' lang='lat' dir='ltr'><strong>narratur</strong></span> <span class='ocrx_word' id='word_1_744' title='bbox 611 2419 674 2448; x_wconf 83' lang='lat'><strong>&quot;.0</strong></span> <span class='ocrx_word' id='word_1_745' title='bbox 692 2422 788 2450; x_wconf 86' lang='lat' dir='ltr'><strong>inanes</strong></span> <span class='ocrx_word' id='word_1_746' title='bbox 806 2430 901 2450; x_wconf 89' lang='lat' dir='ltr'><strong>eorum</strong></span> <span class='ocrx_word' id='word_1_747' title='bbox 921 2424 1029 2459; x_wconf 77' lang='lat' dir='ltr'><strong>cogita-</strong></span> 
     </span>
    </p>
   </div>
   <div class='ocr_carea' id='block_1_97' title="bbox 1085 2242 1879 2278">
    <p class='ocr_par' dir='ltr' id='par_1_97' title="bbox 1085 2242 1879 2278">
     <span class='ocr_line' id='line_1_98' title="bbox 1085 2242 1879 2278; baseline -0.001 -9"><span class='ocrx_word' id='word_1_748' title='bbox 1085 2242 1157 2275; x_wconf 82' lang='grc' dir='ltr'><strong>Θεὸς</strong></span> <span class='ocrx_word' id='word_1_749' title='bbox 1171 2242 1254 2277; x_wconf 81' lang='grc' dir='ltr'><strong>ὑμῶν</strong></span> <span class='ocrx_word' id='word_1_750' title='bbox 1269 2244 1304 2270; x_wconf 74' lang='grc' dir='ltr'><strong>οὐ</strong></span> <span class='ocrx_word' id='word_1_751' title='bbox 1318 2242 1457 2269; x_wconf 77' lang='grc' dir='ltr'><strong>κοπιάσει</strong></span> <span class='ocrx_word' id='word_1_752' title='bbox 1469 2251 1475 2258; x_wconf 74' lang='grc'><em>’</em></span> <span class='ocrx_word' id='word_1_753' title='bbox 1496 2243 1510 2268; x_wconf 80' lang='grc' dir='ltr'>ὁ</span> <span class='ocrx_word' id='word_1_754' title='bbox 1524 2242 1552 2268; x_wconf 80' lang='grc' dir='ltr'><strong>δὲ</strong></span> <span class='ocrx_word' id='word_1_755' title='bbox 1567 2242 1668 2278; x_wconf 78' lang='grc' dir='ltr'>Κύριος</span> <span class='ocrx_word' id='word_1_756' title='bbox 1695 2242 1800 2277; x_wconf 78' lang='grc' dir='ltr'><strong>Ἰησοῦς</strong></span> <span class='ocrx_word' id='word_1_757' title='bbox 1815 2243 1879 2268; x_wconf 62' lang='grc' dir='ltr'><strong>ἐκος</strong></span> 
     </span>
    </p>
   </div>
   <div class='ocr_carea' id='block_1_98' title="bbox 1082 2287 1879 2325">
    <p class='ocr_par' dir='ltr' id='par_1_98' title="bbox 1082 2287 1879 2325">
     <span class='ocr_line' id='line_1_99' title="bbox 1082 2287 1879 2325; baseline 0 -11"><span class='ocrx_word' id='word_1_758' title='bbox 1082 2288 1180 2315; x_wconf 78' lang='grc' dir='ltr'>πίασεν</span> <span class='ocrx_word' id='word_1_759' title='bbox 1206 2289 1238 2314; x_wconf 75' lang='grc' dir='ltr'><strong>ὲν·</strong></span> <span class='ocrx_word' id='word_1_760' title='bbox 1257 2290 1289 2324; x_wconf 83' lang='grc' dir='ltr'><strong>τῇ</strong></span> <span class='ocrx_word' id='word_1_761' title='bbox 1314 2289 1464 2325; x_wconf 75' lang='grc' dir='ltr'>ὁδοιπορίᾳ.</span> <span class='ocrx_word' id='word_1_762' title='bbox 1488 2289 1560 2320; x_wconf 76' lang='grc' dir='ltr'>Καὶ,</span> <span class='ocrx_word' id='word_1_763' title='bbox 1580 2289 1621 2315; x_wconf 81' lang='grc' dir='ltr'><strong>Οὐ</strong></span> <span class='ocrx_word' id='word_1_764' title='bbox 1641 2287 1793 2322; x_wconf 76' lang='grc' dir='ltr'><strong>νυστάζει,</strong></span> <span class='ocrx_word' id='word_1_765' title='bbox 1807 2287 1879 2315; x_wconf 79' lang='grc' dir='ltr'><strong>οὐδὲ</strong></span> 
     </span>
    </p>
   </div>
   <div class='ocr_carea' id='block_1_99' title="bbox 1079 2333 1878 2368">
    <p class='ocr_par' dir='ltr' id='par_1_99' title="bbox 1079 2333 1878 2368">
     <span class='ocr_line' id='line_1_100' title="bbox 1079 2333 1878 2368; baseline -0.001 -7"><span class='ocrx_word' id='word_1_766' title='bbox 1079 2333 1213 2361; x_wconf 78' lang='grc' dir='ltr'>ὐπνώσει</span> <span class='ocrx_word' id='word_1_767' title='bbox 1237 2335 1254 2361; x_wconf 81' lang='grc' dir='ltr'><em>ὁ</em></span> <span class='ocrx_word' id='word_1_768' title='bbox 1273 2334 1445 2368; x_wconf 73' lang='grc' dir='ltr'><em>φυλάσσων</em></span> <span class='ocrx_word' id='word_1_769' title='bbox 1467 2334 1524 2360; x_wconf 79' lang='grc' dir='ltr'><strong>τὸν</strong></span> <span class='ocrx_word' id='word_1_770' title='bbox 1546 2334 1682 2368; x_wconf 70' lang='grc' dir='ltr'><strong>Ἰσραήλ·</strong></span> <span class='ocrx_word' id='word_1_771' title='bbox 1702 2333 1812 2360; x_wconf 71' lang='grc' dir='ltr'>’ὁπνωπ</span> <span class='ocrx_word' id='word_1_772' title='bbox 1837 2333 1878 2365; x_wconf 84' lang='grc' dir='ltr'><strong>δὲ,</strong></span> 
     </span>
    </p>
   </div>
   <div class='ocr_carea' id='block_1_100' title="bbox 1089 2378 1880 2416">
    <p class='ocr_par' dir='ltr' id='par_1_100' title="bbox 1089 2378 1880 2416">
     <span class='ocr_line' id='line_1_101' title="bbox 1089 2378 1880 2416; baseline 0 -11"><span class='ocrx_word' id='word_1_773' title='bbox 1089 2379 1183 2415; x_wconf 75' lang='grc' dir='ltr'><strong>φησὶν,</strong></span> <span class='ocrx_word' id='word_1_774' title='bbox 1201 2381 1215 2406; x_wconf 80' lang='grc' dir='ltr'>ὁ</span> <span class='ocrx_word' id='word_1_775' title='bbox 1228 2379 1331 2416; x_wconf 79' lang='grc' dir='ltr'><strong>Κύριος</strong></span> <span class='ocrx_word' id='word_1_776' title='bbox 1347 2381 1376 2407; x_wconf 84' lang='grc' dir='ltr'><strong>ὲν</strong></span> <span class='ocrx_word' id='word_1_777' title='bbox 1391 2382 1423 2416; x_wconf 79' lang='grc' dir='ltr'><strong>τῇ</strong></span> <span class='ocrx_word' id='word_1_778' title='bbox 1439 2381 1494 2416; x_wconf 80' lang='grc' dir='ltr'>νηῖ.</span> <span class='ocrx_word' id='word_1_779' title='bbox 1511 2378 1546 2406; x_wconf 84' lang='grc' dir='ltr'><strong><em>Ὦ</em></strong></span> <span class='ocrx_word' id='word_1_780' title='bbox 1563 2380 1676 2415; x_wconf 81' lang='grc' dir='ltr'><strong>μάταιαι</strong></span> <span class='ocrx_word' id='word_1_781' title='bbox 1690 2379 1812 2406; x_wconf 80' lang='grc' dir='ltr'>ὑπόνοιαι</span> <span class='ocrx_word' id='word_1_782' title='bbox 1825 2379 1880 2406; x_wconf 75' lang='grc' dir='ltr'><strong>τῶν</strong></span> 
     </span>
    </p>
   </div>
   <div class='ocr_carea' id='block_1_101' title="bbox 1080 2425 1878 2461">
    <p class='ocr_par' dir='ltr' id='par_1_101' title="bbox 1080 2425 1878 2461">
     <span class='ocr_line' id='line_1_102' title="bbox 1080 2425 1878 2461; baseline -0.003 -9"><span class='ocrx_word' id='word_1_783' title='bbox 1080 2425 1114 2452; x_wconf 74' lang='grc' dir='ltr'><strong>τὰ</strong></span> <span class='ocrx_word' id='word_1_784' title='bbox 1130 2426 1243 2453; x_wconf 80' lang='grc' dir='ltr'>τοιαῦτα</span> <span class='ocrx_word' id='word_1_785' title='bbox 1261 2426 1460 2461; x_wconf 78' lang='grc' dir='ltr'>λογιζομένωνί</span> <span class='ocrx_word' id='word_1_786' title='bbox 1487 2425 1524 2452; x_wconf 80' lang='grc' dir='ltr'><strong>Οὐ</strong></span> <span class='ocrx_word' id='word_1_787' title='bbox 1551 2425 1631 2460; x_wconf 87' lang='grc' dir='ltr'>μόνον</span> <span class='ocrx_word' id='word_1_788' title='bbox 1660 2425 1715 2460; x_wconf 79' lang='grc' dir='ltr'><strong>γὰρ</strong></span> <span class='ocrx_word' id='word_1_789' title='bbox 1736 2425 1771 2451; x_wconf 78' lang='grc' dir='ltr'><strong>τὰ</strong></span> <span class='ocrx_word' id='word_1_790' title='bbox 1796 2425 1878 2460; x_wconf 76' lang='grc' dir='ltr'>ἡμῶν</span> 
     </span>
    </p>
   </div>
   <div class='ocr_carea' id='block_1_102' title="bbox 239 2467 1025 2508">
    <p class='ocr_par' dir='ltr' id='par_1_102' title="bbox 239 2467 1025 2503">
     <span class='ocr_line' id='line_1_103' title="bbox 239 2467 1025 2503; baseline 0.004 -9"><span class='ocrx_word' id='word_1_791' title='bbox 239 2469 338 2500; x_wconf 83' lang='lat' dir='ltr'><strong>tiones,</strong></span> <span class='ocrx_word' id='word_1_792' title='bbox 357 2468 403 2502; x_wconf 84' lang='lat' dir='ltr'><strong>qui</strong></span> <span class='ocrx_word' id='word_1_793' title='bbox 423 2468 479 2494; x_wconf 71' lang='lat' dir='ltr'><strong>tunc</strong></span> <span class='ocrx_word' id='word_1_794' title='bbox 497 2467 591 2493; x_wconf 90' lang='lat' dir='ltr'><strong>animo</strong></span> <span class='ocrx_word' id='word_1_795' title='bbox 607 2474 657 2494; x_wconf 91' lang='lat' dir='ltr'><strong>suo</strong></span> <span class='ocrx_word' id='word_1_796' title='bbox 673 2469 856 2503; x_wconf 84' lang='lat' dir='ltr'><strong>pertractant!</strong></span> <span class='ocrx_word' id='word_1_797' title='bbox 878 2468 938 2496; x_wconf 87' lang='lat' dir='ltr'><strong>Non</strong></span> <span class='ocrx_word' id='word_1_798' title='bbox 953 2470 1025 2498; x_wconf 85' lang='lat' dir='ltr'><strong>enim</strong></span> 
     </span>
    </p>
   </div>
   <div class='ocr_carea' id='block_1_103' title="bbox 1077 2467 1878 2508">
    <p class='ocr_par' dir='ltr' id='par_1_103' title="bbox 1082 2470 1878 2508">
     <span class='ocr_line' id='line_1_104' title="bbox 1082 2470 1878 2508; baseline -0.003 -10"><span class='ocrx_word' id='word_1_799' title='bbox 1082 2471 1153 2508; x_wconf 80' lang='grc' dir='ltr'>βάρη</span> <span class='ocrx_word' id='word_1_800' title='bbox 1176 2472 1318 2504; x_wconf 81' lang='grc' dir='ltr'><strong>ἀνεδέξατο</strong></span> <span class='ocrx_word' id='word_1_801' title='bbox 1342 2472 1411 2507; x_wconf 85' lang='grc' dir='ltr'>ὑπὲρ</span> <span class='ocrx_word' id='word_1_802' title='bbox 1435 2471 1514 2506; x_wconf 79' lang='grc' dir='ltr'>ἡμῶν</span> <span class='ocrx_word' id='word_1_803' title='bbox 1538 2470 1622 2497; x_wconf 79' lang='grc' dir='ltr'>ἐλθὼν</span> <span class='ocrx_word' id='word_1_804' title='bbox 1641 2471 1656 2497; x_wconf 78' lang='grc' dir='ltr'>ὁ</span> <span class='ocrx_word' id='word_1_805' title='bbox 1678 2470 1756 2504; x_wconf 76' lang='grc' dir='ltr'><strong>ἅγιος</strong></span> <span class='ocrx_word' id='word_1_806' title='bbox 1778 2471 1878 2504; x_wconf 80' lang='grc' dir='ltr'><strong>Λόγος,</strong></span> 
     </span>
    </p>
   </div>
   <div class='ocr_carea' id='block_1_104' title="bbox 239 2513 1025 2553">
    <p class='ocr_par' dir='ltr' id='par_1_104' title="bbox 239 2513 1025 2548">
     <span class='ocr_line' id='line_1_105' title="bbox 239 2513 1025 2548; baseline 0.005 -7"><span class='ocrx_word' id='word_1_807' title='bbox 239 2522 322 2542; x_wconf 87' lang='lat' dir='ltr'><strong>onera</strong></span> <span class='ocrx_word' id='word_1_808' title='bbox 333 2513 465 2541; x_wconf 83' lang='lat' dir='ltr'><strong>duntaxat</strong></span> <span class='ocrx_word' id='word_1_809' title='bbox 481 2518 574 2541; x_wconf 83' lang='lat' dir='ltr'><strong>nostra</strong></span> <span class='ocrx_word' id='word_1_810' title='bbox 591 2521 640 2548; x_wconf 89' lang='lat' dir='ltr'><strong>pro</strong></span> <span class='ocrx_word' id='word_1_811' title='bbox 656 2515 735 2542; x_wconf 91' lang='lat' dir='ltr'><strong>nobis</strong></span> <span class='ocrx_word' id='word_1_812' title='bbox 747 2514 895 2544; x_wconf 83' lang='lat' dir='ltr'><strong>adveniens</strong></span> <span class='ocrx_word' id='word_1_813' title='bbox 907 2515 1025 2545; x_wconf 85' lang='lat' dir='ltr'><strong>Verbum</strong></span> 
     </span>
    </p>
   </div>
   <div class='ocr_carea' id='block_1_105' title="bbox 1077 2513 1879 2553">
    <p class='ocr_par' dir='ltr' id='par_1_105' title="bbox 1081 2516 1879 2553">
     <span class='ocr_line' id='line_1_106' title="bbox 1081 2516 1879 2553; baseline -0.003 -9"><span class='ocrx_word' id='word_1_814' title='bbox 1081 2517 1149 2544; x_wconf 78' lang='grc' dir='ltr'>ἀλλὰ</span> <span class='ocrx_word' id='word_1_815' title='bbox 1166 2518 1213 2545; x_wconf 77' lang='grc' dir='ltr'><strong>καὶ</strong></span> <span class='ocrx_word' id='word_1_816' title='bbox 1235 2518 1287 2545; x_wconf 72' lang='grc' dir='ltr'><strong>ὑπὸ</strong></span> <span class='ocrx_word' id='word_1_817' title='bbox 1300 2517 1371 2553; x_wconf 73' lang='grc' dir='ltr'><strong>ἁφὴν</strong></span> <span class='ocrx_word' id='word_1_818' title='bbox 1394 2517 1512 2552; x_wconf 83' lang='grc' dir='ltr'><strong>ἐγένετο,</strong></span> <span class='ocrx_word' id='word_1_819' title='bbox 1539 2517 1587 2543; x_wconf 77' lang='grc' dir='ltr'>καὶ</span> <span class='ocrx_word' id='word_1_820' title='bbox 1614 2517 1705 2552; x_wconf 81' lang='grc' dir='ltr'>σάρκα</span> <span class='ocrx_word' id='word_1_821' title='bbox 1720 2516 1813 2548; x_wconf 71' lang='grc' dir='ltr'>ἔλαϐε,</span> <span class='ocrx_word' id='word_1_822' title='bbox 1831 2517 1879 2542; x_wconf 76' lang='grc' dir='ltr'><strong>καὶ</strong></span> 
     </span>
    </p>
   </div>
   <div class='ocr_carea' id='block_1_106' title="bbox 238 2582 1025 2629">
    <p class='ocr_par' dir='ltr' id='par_1_106' title="bbox 238 2582 991 2629">
     <span class='ocr_line' id='line_1_107' title="bbox 238 2582 991 2629; baseline 0.007 -10"><span class='ocrx_word' id='word_1_823' title='bbox 238 2582 250 2629; x_wconf 27' lang='grc'><strong>4-</strong></span> <span class='ocrx_word' id='word_1_824' title='bbox 270 2593 292 2629; x_wconf 48' lang='grc' dir='ltr'><strong>-ξ</strong></span> <span class='ocrx_word' id='word_1_825' title='bbox 313 2592 365 2619; x_wconf 88' lang='lat' dir='ltr'><strong>Isa.</strong></span> <span class='ocrx_word' id='word_1_826' title='bbox 386 2600 436 2625; x_wconf 88' lang='lat' dir='ltr'><strong>vn,</strong></span> <span class='ocrx_word' id='word_1_827' title='bbox 457 2593 507 2629; x_wconf 56' lang='grc' dir='ltr'><strong>υἱ</strong></span> <span class='ocrx_word' id='word_1_828' title='bbox 533 2592 630 2629; x_wconf 78' lang='lat' dir='ltr'><strong>Matth.</strong></span> <span class='ocrx_word' id='word_1_829' title='bbox 652 2601 671 2623; x_wconf 85' lang='grc' dir='ltr'>ι,</span> <span class='ocrx_word' id='word_1_830' title='bbox 692 2593 738 2620; x_wconf 69' lang='lat'><strong>25.</strong></span> <span class='ocrx_word' id='word_1_831' title='bbox 784 2596 793 2610; x_wconf 85' lang='lat'><strong><em>‘</em></strong></span> <span class='ocrx_word' id='word_1_832' title='bbox 815 2595 896 2623; x_wconf 75' lang='lat' dir='ltr'><strong>Mll&#39;ll.</strong></span> <span class='ocrx_word' id='word_1_833' title='bbox 917 2604 943 2627; x_wconf 80' lang='grc' dir='ltr'>ν,</span> <span class='ocrx_word' id='word_1_834' title='bbox 963 2596 991 2624; x_wconf 78' lang='lat'><strong>2.</strong></span> 
     </span>
    </p>
   </div>
   <div class='ocr_carea' id='block_1_107' title="bbox 1077 2582 1305 2629">
    <p class='ocr_par' dir='ltr' id='par_1_107' title="bbox 1077 2596 1305 2629">
     <span class='ocr_line' id='line_1_108' title="bbox 1077 2596 1305 2629; baseline 0 -5"><span class='ocrx_word' id='word_1_835' title='bbox 1077 2596 1168 2624; x_wconf 82' lang='lat' dir='ltr'><strong>lercm.</strong></span> <span class='ocrx_word' id='word_1_836' title='bbox 1190 2605 1258 2629; x_wconf 87' lang='lat' dir='ltr'><strong>xvu,</strong></span> <span class='ocrx_word' id='word_1_837' title='bbox 1278 2597 1305 2624; x_wconf 90' lang='lat'><strong>9.</strong></span> 
     </span>
    </p>
   </div>
   <div class='ocr_carea' id='block_1_108' title="bbox 1363 2595 1877 2627">
    <p class='ocr_par' dir='ltr' id='par_1_108' title="bbox 1363 2595 1877 2627">
     <span class='ocr_line' id='line_1_109' title="bbox 1363 2595 1877 2627; baseline -0.002 -4"><span class='ocrx_word' id='word_1_838' title='bbox 1363 2598 1374 2613; x_wconf 71' lang='grc' dir='ltr'>δ</span> <span class='ocrx_word' id='word_1_839' title='bbox 1393 2597 1482 2624; x_wconf 88' lang='lat' dir='ltr'><strong>Galat.</strong></span> <span class='ocrx_word' id='word_1_840' title='bbox 1505 2605 1541 2625; x_wconf 79' lang='lat' dir='ltr'><strong>iv.</strong></span> <span class='ocrx_word' id='word_1_841' title='bbox 1561 2596 1588 2623; x_wconf 68' lang='grc'><strong>4.</strong></span> <span class='ocrx_word' id='word_1_842' title='bbox 1632 2595 1642 2611; x_wconf 81' lang='grc'><em>⁸</em></span> <span class='ocrx_word' id='word_1_843' title='bbox 1664 2595 1715 2622; x_wconf 85' lang='lat' dir='ltr'><strong>lsa.</strong></span> <span class='ocrx_word' id='word_1_844' title='bbox 1752 2603 1797 2627; x_wconf 69' lang='lat' dir='ltr'><strong>XL,</strong></span> <span class='ocrx_word' id='word_1_845' title='bbox 1831 2595 1877 2623; x_wconf 77' lang='lat'><strong>28.</strong></span> 
     </span>
    </p>
   </div>
   <div class='ocr_carea' id='block_1_109' title="bbox 241 2627 1239 2667">
    <p class='ocr_par' dir='ltr' id='par_1_109' title="bbox 241 2627 1239 2667">
     <span class='ocr_line' id='line_1_110' title="bbox 241 2627 1239 2667; baseline 0.006 -13"><span class='ocrx_word' id='word_1_846' title='bbox 241 2627 252 2643; x_wconf 89' lang='grc'>⁶</span> <span class='ocrx_word' id='word_1_847' title='bbox 269 2627 365 2655; x_wconf 75' lang='lat' dir='ltr'><strong>Matth.</strong></span> <span class='ocrx_word' id='word_1_848' title='bbox 389 2636 425 2659; x_wconf 81' lang='lat' dir='ltr'><strong>Iv,</strong></span> <span class='ocrx_word' id='word_1_849' title='bbox 443 2629 471 2655; x_wconf 65' lang='lat'><strong>‘2.</strong></span> <span class='ocrx_word' id='word_1_850' title='bbox 504 2628 526 2643; x_wconf 81' lang='grc'><strong>“⁷</strong></span> <span class='ocrx_word' id='word_1_851' title='bbox 549 2628 601 2656; x_wconf 85' lang='lat' dir='ltr'><strong>lsa.</strong></span> <span class='ocrx_word' id='word_1_852' title='bbox 616 2637 659 2661; x_wconf 66' lang='lat' dir='ltr'><strong>xu,</strong></span> <span class='ocrx_word' id='word_1_853' title='bbox 673 2629 717 2655; x_wconf 62' lang='grc' dir='ltr'><strong>εδ.</strong></span> <span class='ocrx_word' id='word_1_854' title='bbox 758 2629 768 2644; x_wconf 76' lang='grc'><strong><em>⁸</em></strong></span> <span class='ocrx_word' id='word_1_855' title='bbox 783 2630 864 2658; x_wconf 81' lang='lat' dir='ltr'><strong>Joan.</strong></span> <span class='ocrx_word' id='word_1_856' title='bbox 888 2639 924 2664; x_wconf 80' lang='lat' dir='ltr'><strong>Iv,</strong></span> <span class='ocrx_word' id='word_1_857' title='bbox 944 2632 971 2659; x_wconf 83' lang='lat'><strong>6.</strong></span> <span class='ocrx_word' id='word_1_858' title='bbox 1010 2632 1019 2647; x_wconf 78' lang='lat'><strong><em>°</em></strong></span> <span class='ocrx_word' id='word_1_859' title='bbox 1034 2631 1106 2660; x_wconf 82' lang='lat' dir='ltr'><strong>Psal.</strong></span> <span class='ocrx_word' id='word_1_860' title='bbox 1127 2640 1191 2667; x_wconf 76' lang='lat' dir='ltr'><strong>cxx,</strong></span> <span class='ocrx_word' id='word_1_861' title='bbox 1215 2633 1239 2660; x_wconf 81' lang='grc' dir='ltr'>ι.</span> 
     </span>
    </p>
   </div>
   <div class='ocr_carea' id='block_1_110' title="bbox 1286 2632 1575 2665">
    <p class='ocr_par' dir='ltr' id='par_1_110' title="bbox 1286 2632 1575 2665">
     <span class='ocr_line' id='line_1_111' title="bbox 1286 2632 1575 2665; baseline -0.007 -6"><span class='ocrx_word' id='word_1_862' title='bbox 1286 2634 1307 2649; x_wconf 85' lang='grc'><strong>¹⁰</strong></span> <span class='ocrx_word' id='word_1_863' title='bbox 1330 2632 1427 2660; x_wconf 77' lang='lat' dir='ltr'><strong>Matth.</strong></span> <span class='ocrx_word' id='word_1_864' title='bbox 1449 2640 1509 2665; x_wconf 82' lang='lat' dir='ltr'><strong>vui,</strong></span> <span class='ocrx_word' id='word_1_865' title='bbox 1531 2632 1575 2658; x_wconf 67' lang='grc'><strong>24.</strong></span> 
     </span>
    </p>
   </div>
   <div class='ocr_carea' id='block_1_111' title="bbox 275 2731 1879 2770">
    <p class='ocr_par' dir='ltr' id='par_1_111' title="bbox 275 2731 1879 2770">
     <span class='ocr_line' id='line_1_112' title="bbox 275 2731 1879 2770; baseline 0.001 -11"><span class='ocrx_word' id='word_1_866' title='bbox 275 2732 401 2770; x_wconf 29' lang='grc' dir='ltr'><strong>(ἓὸξίΔιὰ</strong></span> <span class='ocrx_word' id='word_1_867' title='bbox 415 2732 449 2759; x_wconf 78' lang='grc' dir='ltr'><em>δὲ</em></span> <span class='ocrx_word' id='word_1_868' title='bbox 469 2733 500 2759; x_wconf 84' lang='grc' dir='ltr'><strong>τὸ</strong></span> <span class='ocrx_word' id='word_1_869' title='bbox 514 2731 621 2763; x_wconf 83' lang='grc' dir='ltr'><strong>ἀΐδιον,</strong></span> <span class='ocrx_word' id='word_1_870' title='bbox 639 2737 691 2760; x_wconf 78' lang='lat' dir='ltr'><strong>etc.</strong></span> <span class='ocrx_word' id='word_1_871' title='bbox 714 2732 842 2760; x_wconf 84' lang='lat' dir='ltr'><strong>Petavius</strong></span> <span class='ocrx_word' id='word_1_872' title='bbox 865 2734 1030 2770; x_wconf 79' lang='lat' dir='ltr'><strong>interpreta-</strong></span> <span class='ocrx_word' id='word_1_873' title='bbox 1085 2733 1339 2770; x_wconf 29' lang='lat' dir='ltr'><strong>vestrumiadilidit.</strong></span> <span class='ocrx_word' id='word_1_874' title='bbox 1362 2733 1448 2761; x_wconf 64' lang='lat' dir='ltr'><strong>Graeci</strong></span> <span class='ocrx_word' id='word_1_875' title='bbox 1469 2738 1559 2762; x_wconf 80' lang='lat' dir='ltr'><strong>textus</strong></span> <span class='ocrx_word' id='word_1_876' title='bbox 1575 2734 1640 2767; x_wconf 88' lang='lat' dir='ltr'><strong>vim,</strong></span> <span class='ocrx_word' id='word_1_877' title='bbox 1661 2734 1828 2770; x_wconf 21' lang='lat' dir='ltr'><strong>argumenti?</strong></span> <span class='ocrx_word' id='word_1_878' title='bbox 1838 2741 1879 2761; x_wconf 84' lang='lat' dir='ltr'><strong>ro-</strong></span> 
     </span>
    </p>
   </div>
   <div class='ocr_carea' id='block_1_112' title="bbox 240 2766 1880 2806">
    <p class='ocr_par' dir='ltr' id='par_1_112' title="bbox 240 2766 1880 2806">
     <span class='ocr_line' id='line_1_113' title="bbox 240 2766 1880 2806; baseline 0.002 -11"><span class='ocrx_word' id='word_1_879' title='bbox 240 2766 304 2795; x_wconf 84' lang='lat' dir='ltr'><strong>lur:</strong></span> <span class='ocrx_word' id='word_1_880' title='bbox 320 2766 353 2806; x_wconf 59' lang='lat' dir='ltr'><strong>{1t</strong></span> <span class='ocrx_word' id='word_1_881' title='bbox 368 2773 454 2806; x_wconf 63' lang='lat' dir='ltr'><strong>algent</strong></span> <span class='ocrx_word' id='word_1_882' title='bbox 469 2773 564 2795; x_wconf 88' lang='lat' dir='ltr'><strong>natura</strong></span> <span class='ocrx_word' id='word_1_883' title='bbox 575 2771 731 2806; x_wconf 70' lang='lat' dir='ltr'><strong>germanum</strong></span> <span class='ocrx_word' id='word_1_884' title='bbox 744 2776 771 2806; x_wconf 77' lang='lat' dir='ltr'><strong>se</strong></span> <span class='ocrx_word' id='word_1_885' title='bbox 788 2776 818 2794; x_wconf 78' lang='lat' dir='ltr'><strong>ac</strong></span> <span class='ocrx_word' id='word_1_886' title='bbox 843 2768 1030 2806; x_wconf 59' lang='lat' dir='ltr'><strong>sculpiteruum</strong></span> <span class='ocrx_word' id='word_1_887' title='bbox 1085 2768 1136 2794; x_wconf 89' lang='lat' dir='ltr'><strong>bur</strong></span> <span class='ocrx_word' id='word_1_888' title='bbox 1148 2775 1179 2806; x_wconf 72' lang='lat' dir='ltr'><strong>et</strong></span> <span class='ocrx_word' id='word_1_889' title='bbox 1203 2769 1348 2805; x_wconf 83' lang='lat' dir='ltr'><strong>Epiphanii</strong></span> <span class='ocrx_word' id='word_1_890' title='bbox 1374 2774 1494 2798; x_wconf 86' lang='lat' dir='ltr'><strong>mentem</strong></span> <span class='ocrx_word' id='word_1_891' title='bbox 1516 2770 1638 2806; x_wconf 80' lang='lat' dir='ltr'><strong>apertius</strong></span> <span class='ocrx_word' id='word_1_892' title='bbox 1662 2766 1792 2806; x_wconf 67' lang='lat' dir='ltr'><strong>exprimit</strong></span> <span class='ocrx_word' id='word_1_893' title='bbox 1809 2769 1880 2798; x_wconf 77' lang='lat' dir='ltr'><strong>Thu-</strong></span> 
     </span>
    </p>
   </div>
   <div class='ocr_carea' id='block_1_113' title="bbox 242 2802 1199 2833">
    <p class='ocr_par' dir='ltr' id='par_1_113' title="bbox 242 2802 1199 2833">
     <span class='ocr_line' id='line_1_114' title="bbox 242 2802 1199 2833; baseline 0.004 -4"><span class='ocrx_word' id='word_1_894' title='bbox 242 2802 374 2833; x_wconf 71' lang='lat' dir='ltr'><strong>ouendat,</strong></span> <span class='ocrx_word' id='word_1_895' title='bbox 392 2802 498 2830; x_wconf 83' lang='lat' dir='ltr'><strong>Patrem</strong></span> <span class='ocrx_word' id='word_1_896' title='bbox 514 2802 604 2831; x_wconf 82' lang='lat' dir='ltr'><strong>meum</strong></span> <span class='ocrx_word' id='word_1_897' title='bbox 621 2803 711 2830; x_wconf 66' lang='lat' dir='ltr'><strong>dixit:</strong></span> <span class='ocrx_word' id='word_1_898' title='bbox 729 2803 798 2829; x_wconf 75' lang='lat' dir='ltr'><strong>velut</strong></span> <span class='ocrx_word' id='word_1_899' title='bbox 819 2803 853 2829; x_wconf 87' lang='lat' dir='ltr'><strong>ad</strong></span> <span class='ocrx_word' id='word_1_900' title='bbox 871 2803 938 2829; x_wconf 86' lang='lat' dir='ltr'><strong>illud</strong></span> <span class='ocrx_word' id='word_1_901' title='bbox 951 2803 1029 2829; x_wconf 86' lang='lat' dir='ltr'><strong>bene-</strong></span> <span class='ocrx_word' id='word_1_902' title='bbox 1086 2804 1199 2833; x_wconf 84' lang='lat' dir='ltr'><strong>masius.</strong></span> 
     </span>
    </p>
   </div>
   <div class='ocr_carea' id='block_1_114' title="bbox 245 2837 1030 2874">
    <p class='ocr_par' dir='ltr' id='par_1_114' title="bbox 245 2837 1030 2874">
     <span class='ocr_line' id='line_1_115' title="bbox 245 2837 1030 2874; baseline 0.001 -10"><span class='ocrx_word' id='word_1_903' title='bbox 245 2837 333 2872; x_wconf 73' lang='lat' dir='ltr'><strong>[cium</strong></span> <span class='ocrx_word' id='word_1_904' title='bbox 348 2838 560 2874; x_wconf 75' lang='lat' dir='ltr'><strong>signiﬁcandum,</strong></span> <span class='ocrx_word' id='word_1_905' title='bbox 575 2847 626 2874; x_wconf 85' lang='lat' dir='ltr'><strong>quo</strong></span> <span class='ocrx_word' id='word_1_906' title='bbox 645 2838 778 2873; x_wconf 75' lang='lat' dir='ltr'><strong>apostolos</strong></span> <span class='ocrx_word' id='word_1_907' title='bbox 796 2838 929 2872; x_wconf 75' lang='lat' dir='ltr'><strong>n/fererut,</strong></span> <span class='ocrx_word' id='word_1_908' title='bbox 943 2837 1030 2865; x_wconf 85' lang='lat' dir='ltr'><strong>Deum</strong></span> 
     </span>
    </p>
   </div>
  </div>
