  <div class='ocr_page' id='page_1' title='image "/cluster/home/n/w/nwhite01/storage/ocr_20150623/43/njp.32101007506163/049.png"; bbox 0 0 1940 3043; ppageno 0'>
   <div class='ocr_carea' id='block_1_1' title="bbox 220 137 251 164">
    <p class='ocr_par' dir='ltr' id='par_1_1' title="bbox 220 137 251 164">
     <span class='ocr_line' id='line_1_1' title="bbox 220 137 251 164; baseline 0 0"><span class='ocrx_word' id='word_1_1' title='bbox 220 137 251 164; x_wconf 79' lang='grc' dir='ltr'>Ἠ</span> 
     </span>
    </p>
   </div>
   <div class='ocr_carea' id='block_1_2' title="bbox 220 177 1050 216">
    <p class='ocr_par' dir='ltr' id='par_1_2' title="bbox 220 177 1050 216">
     <span class='ocr_line' id='line_1_2' title="bbox 220 177 1050 216; baseline -0.004 -7"><span class='ocrx_word' id='word_1_2' title='bbox 220 181 326 210; x_wconf 74' lang='lat' dir='ltr'><strong>manuel</strong></span> <span class='ocrx_word' id='word_1_3' title='bbox 341 189 351 208; x_wconf 89' lang='lat'><strong><em>:</em></strong></span> <span class='ocrx_word' id='word_1_4' title='bbox 368 182 437 216; x_wconf 68' lang='lat' dir='ltr'><strong>quod</strong></span> <span class='ocrx_word' id='word_1_5' title='bbox 453 185 491 208; x_wconf 77' lang='lat' dir='ltr'><strong>est</strong></span> <span class='ocrx_word' id='word_1_6' title='bbox 509 180 722 213; x_wconf 69' lang='lat' dir='ltr'><strong>interpretatum,</strong></span> <span class='ocrx_word' id='word_1_7' title='bbox 744 178 890 206; x_wconf 81' lang='lat' dir='ltr'><strong>Nobiscum</strong></span> <span class='ocrx_word' id='word_1_8' title='bbox 908 177 978 205; x_wconf 80' lang='lat' dir='ltr'><strong>Deus</strong></span> <span class='ocrx_word' id='word_1_9' title='bbox 991 178 1012 206; x_wconf 72' lang='grc' dir='ltr'><strong>ί.</strong></span> <span class='ocrx_word' id='word_1_10' title='bbox 1028 184 1050 208; x_wconf 77' lang='grc' dir='ltr'>Α</span> 
     </span>
    </p>
   </div>
   <div class='ocr_carea' id='block_1_3' title="bbox 220 224 1012 262">
    <p class='ocr_par' dir='ltr' id='par_1_3' title="bbox 220 224 1012 262">
     <span class='ocr_line' id='line_1_3' title="bbox 220 224 1012 262; baseline -0.005 -7"><span class='ocrx_word' id='word_1_11' title='bbox 220 227 341 255; x_wconf 81' lang='lat' dir='ltr'><strong>Necdum</strong></span> <span class='ocrx_word' id='word_1_12' title='bbox 352 227 477 262; x_wconf 83' lang='lat' dir='ltr'><strong>usurpari</strong></span> <span class='ocrx_word' id='word_1_13' title='bbox 491 231 615 261; x_wconf 82' lang='lat' dir='ltr'><strong>poterat:</strong></span> <span class='ocrx_word' id='word_1_14' title='bbox 631 225 700 252; x_wconf 74' lang='lat' dir='ltr'><strong>Deus</strong></span> <span class='ocrx_word' id='word_1_15' title='bbox 712 233 782 252; x_wconf 79' lang='lat' dir='ltr'><strong>meus</strong></span> <span class='ocrx_word' id='word_1_16' title='bbox 797 230 821 252; x_wconf 81' lang='lat' dir='ltr'><strong>ct</strong></span> <span class='ocrx_word' id='word_1_17' title='bbox 837 224 907 252; x_wconf 74' lang='lat' dir='ltr'><strong>Deus</strong></span> <span class='ocrx_word' id='word_1_18' title='bbox 919 229 1012 251; x_wconf 70' lang='lat' dir='ltr'><strong>vester.</strong></span> 
     </span>
    </p>
   </div>
   <div class='ocr_carea' id='block_1_4' title="bbox 220 270 1014 305">
    <p class='ocr_par' dir='ltr' id='par_1_4' title="bbox 220 270 1014 305">
     <span class='ocr_line' id='line_1_4' title="bbox 220 270 1014 305; baseline -0.005 -5"><span class='ocrx_word' id='word_1_19' title='bbox 220 273 375 300; x_wconf 63' lang='lat' dir='ltr'><strong>Prwtcrea:</strong></span> <span class='ocrx_word' id='word_1_20' title='bbox 390 271 541 299; x_wconf 77' lang='lat' dir='ltr'><strong>Bethlelwm</strong></span> <span class='ocrx_word' id='word_1_21' title='bbox 556 271 650 298; x_wconf 81' lang='lat' dir='ltr'><strong>domus</strong></span> <span class='ocrx_word' id='word_1_22' title='bbox 668 270 798 305; x_wconf 80' lang='lat' dir='ltr'><strong>Ephrata,</strong></span> <span class='ocrx_word' id='word_1_23' title='bbox 816 278 847 297; x_wconf 82' lang='lat' dir='ltr'><strong>ne</strong></span> <span class='ocrx_word' id='word_1_24' title='bbox 863 270 1014 297; x_wconf 74' lang='lat' dir='ltr'><strong>multesima</strong></span> 
     </span>
    </p>
   </div>
   <div class='ocr_carea' id='block_1_5' title="bbox 220 316 1017 353">
    <p class='ocr_par' dir='ltr' id='par_1_5' title="bbox 220 316 1017 353">
     <span class='ocr_line' id='line_1_5' title="bbox 220 316 1017 353; baseline -0.001 -9"><span class='ocrx_word' id='word_1_25' title='bbox 220 317 327 353; x_wconf 82' lang='lat' dir='ltr'><strong>quidem</strong></span> <span class='ocrx_word' id='word_1_26' title='bbox 344 326 370 344; x_wconf 75' lang='lat' dir='ltr'><strong>es</strong></span> <span class='ocrx_word' id='word_1_27' title='bbox 388 321 416 343; x_wconf 85' lang='lat' dir='ltr'><strong>ut</strong></span> <span class='ocrx_word' id='word_1_28' title='bbox 431 318 467 344; x_wconf 76' lang='lat' dir='ltr'><strong>sis</strong></span> <span class='ocrx_word' id='word_1_29' title='bbox 483 318 509 343; x_wconf 85' lang='lat' dir='ltr'><strong>in</strong></span> <span class='ocrx_word' id='word_1_30' title='bbox 525 316 642 343; x_wconf 76' lang='lat' dir='ltr'><strong>millibus</strong></span> <span class='ocrx_word' id='word_1_31' title='bbox 662 316 740 343; x_wconf 72' lang='lat' dir='ltr'><strong>Judaz</strong></span> <span class='ocrx_word' id='word_1_32' title='bbox 755 324 763 343; x_wconf 95' lang='lat'><strong><em>:</em></strong></span> <span class='ocrx_word' id='word_1_33' title='bbox 779 324 811 343; x_wconf 73' lang='grc' dir='ltr'><em>η</em></span> <span class='ocrx_word' id='word_1_34' title='bbox 825 321 849 344; x_wconf 79' lang='lat' dir='ltr'><strong>te</strong></span> <span class='ocrx_word' id='word_1_35' title='bbox 861 317 931 343; x_wconf 81' lang='lat' dir='ltr'><strong>enim</strong></span> <span class='ocrx_word' id='word_1_36' title='bbox 951 316 1017 353; x_wconf 19' lang='lat' dir='ltr'><strong>mir/ti</strong></span> 
     </span>
    </p>
   </div>
   <div class='ocr_carea' id='block_1_6' title="bbox 220 352 1015 397">
    <p class='ocr_par' dir='ltr' id='par_1_6' title="bbox 220 352 1015 397">
     <span class='ocr_line' id='line_1_6' title="bbox 220 352 1015 397; baseline -0.004 -6"><span class='ocrx_word' id='word_1_37' title='bbox 220 352 289 391; x_wconf 71' lang='lat' dir='ltr'><strong>exiet</strong></span> <span class='ocrx_word' id='word_1_38' title='bbox 311 363 337 389; x_wconf 81' lang='lat' dir='ltr'><strong>in</strong></span> <span class='ocrx_word' id='word_1_39' title='bbox 357 363 501 397; x_wconf 79' lang='lat' dir='ltr'><strong>principem</strong></span> <span class='ocrx_word' id='word_1_40' title='bbox 521 362 591 396; x_wconf 85' lang='lat' dir='ltr'><strong>apud</strong></span> <span class='ocrx_word' id='word_1_41' title='bbox 615 361 766 389; x_wconf 80' lang='lat' dir='ltr'><strong>Israelem:</strong></span> <span class='ocrx_word' id='word_1_42' title='bbox 783 367 807 388; x_wconf 85' lang='lat' dir='ltr'><strong>et</strong></span> <span class='ocrx_word' id='word_1_43' title='bbox 827 363 913 389; x_wconf 75' lang='lat' dir='ltr'><strong>exitus</strong></span> <span class='ocrx_word' id='word_1_44' title='bbox 932 352 1015 396; x_wconf 73' lang='lat' dir='ltr'><strong>ipsius</strong></span> 
     </span>
    </p>
   </div>
   <div class='ocr_carea' id='block_1_7' title="bbox 221 407 1016 436">
    <p class='ocr_par' dir='ltr' id='par_1_7' title="bbox 221 407 1016 436">
     <span class='ocr_line' id='line_1_7' title="bbox 221 407 1016 436; baseline 0.001 -1"><span class='ocrx_word' id='word_1_45' title='bbox 221 410 254 436; x_wconf 78' lang='lat' dir='ltr'><strong>ab</strong></span> <span class='ocrx_word' id='word_1_46' title='bbox 281 409 357 435; x_wconf 82' lang='lat' dir='ltr'><strong>initio</strong></span> <span class='ocrx_word' id='word_1_47' title='bbox 382 417 398 435; x_wconf 88' lang='lat' dir='ltr'><strong>a</strong></span> <span class='ocrx_word' id='word_1_48' title='bbox 425 409 516 435; x_wconf 78' lang='lat' dir='ltr'><strong>diebus</strong></span> <span class='ocrx_word' id='word_1_49' title='bbox 542 408 733 436; x_wconf 73' lang='lat' dir='ltr'><strong>sazculornm&#39;.</strong></span> <span class='ocrx_word' id='word_1_50' title='bbox 760 407 809 435; x_wconf 86' lang='lat' dir='ltr'><strong>Vel</strong></span> <span class='ocrx_word' id='word_1_51' title='bbox 836 412 867 435; x_wconf 89' lang='lat' dir='ltr'><strong>ut</strong></span> <span class='ocrx_word' id='word_1_52' title='bbox 896 408 924 435; x_wconf 89' lang='lat' dir='ltr'><strong>in</strong></span> <span class='ocrx_word' id='word_1_53' title='bbox 955 409 1016 436; x_wconf 85' lang='lat' dir='ltr'><strong>aliis</strong></span> 
     </span>
    </p>
   </div>
   <div class='ocr_carea' id='block_1_8' title="bbox 221 453 1016 489">
    <p class='ocr_par' dir='ltr' id='par_1_8' title="bbox 221 453 1016 489">
     <span class='ocr_line' id='line_1_8' title="bbox 221 453 1016 489; baseline -0.001 -8"><span class='ocrx_word' id='word_1_54' title='bbox 221 454 425 489; x_wconf 87' lang='lat' dir='ltr'><strong>exemplaribus</strong></span> <span class='ocrx_word' id='word_1_55' title='bbox 443 454 542 489; x_wconf 76' lang='lat' dir='ltr'><strong>legitur</strong></span> <span class='ocrx_word' id='word_1_56' title='bbox 558 463 563 482; x_wconf 92' lang='lat'>:</span> <span class='ocrx_word' id='word_1_57' title='bbox 580 453 613 480; x_wconf 87' lang='lat' dir='ltr'><strong>Et</strong></span> <span class='ocrx_word' id='word_1_58' title='bbox 629 458 668 487; x_wconf 89' lang='lat' dir='ltr'><strong>tu,</strong></span> <span class='ocrx_word' id='word_1_59' title='bbox 681 453 1016 489; x_wconf 77' lang='lat' dir='ltr'><strong>Betlzle/tem,nequaquam</strong></span> 
     </span>
    </p>
   </div>
   <div class='ocr_carea' id='block_1_9' title="bbox 222 500 1015 533">
    <p class='ocr_par' dir='ltr' id='par_1_9' title="bbox 222 500 1015 533">
     <span class='ocr_line' id='line_1_9' title="bbox 222 500 1015 533; baseline 0 -6"><span class='ocrx_word' id='word_1_60' title='bbox 222 501 334 527; x_wconf 85' lang='lat' dir='ltr'><strong>minima</strong></span> <span class='ocrx_word' id='word_1_61' title='bbox 346 509 372 528; x_wconf 79' lang='lat' dir='ltr'><strong>es</strong></span> <span class='ocrx_word' id='word_1_62' title='bbox 388 501 414 527; x_wconf 85' lang='lat' dir='ltr'><strong>in</strong></span> <span class='ocrx_word' id='word_1_63' title='bbox 425 501 536 528; x_wconf 78' lang='lat' dir='ltr'><strong>ducibus</strong></span> <span class='ocrx_word' id='word_1_64' title='bbox 553 500 643 532; x_wconf 73' lang='lat' dir='ltr'><strong>Judcv,</strong></span> <span class='ocrx_word' id='word_1_65' title='bbox 660 508 692 527; x_wconf 72' lang='lat' dir='ltr'><strong>ea:</strong></span> <span class='ocrx_word' id='word_1_66' title='bbox 707 504 731 527; x_wconf 86' lang='lat' dir='ltr'><strong>te</strong></span> <span class='ocrx_word' id='word_1_67' title='bbox 742 501 810 527; x_wconf 84' lang='lat' dir='ltr'><strong>enim</strong></span> <span class='ocrx_word' id='word_1_68' title='bbox 828 501 895 528; x_wconf 76' lang='lat' dir='ltr'><strong>exiet</strong></span> <span class='ocrx_word' id='word_1_69' title='bbox 911 500 1015 533; x_wconf 84' lang='lat' dir='ltr'><strong>ductor,</strong></span> 
     </span>
    </p>
   </div>
   <div class='ocr_carea' id='block_1_10' title="bbox 221 544 1017 580">
    <p class='ocr_par' dir='ltr' id='par_1_10' title="bbox 221 544 1017 580">
     <span class='ocr_line' id='line_1_10' title="bbox 221 544 1017 580; baseline -0.001 -8"><span class='ocrx_word' id='word_1_70' title='bbox 221 549 246 572; x_wconf 79' lang='lat' dir='ltr'><strong>et</strong></span> <span class='ocrx_word' id='word_1_71' title='bbox 268 552 356 580; x_wconf 74' lang='lat' dir='ltr'><strong>pascet</strong></span> <span class='ocrx_word' id='word_1_72' title='bbox 373 547 498 580; x_wconf 83' lang='lat' dir='ltr'><strong>populum</strong></span> <span class='ocrx_word' id='word_1_73' title='bbox 520 554 606 573; x_wconf 90' lang='lat' dir='ltr'><strong>meum</strong></span> <span class='ocrx_word' id='word_1_74' title='bbox 625 545 723 573; x_wconf 80' lang='lat' dir='ltr'><strong>Israel.</strong></span> <span class='ocrx_word' id='word_1_75' title='bbox 743 544 825 573; x_wconf 77' lang='lat' dir='ltr'><strong>Vides</strong></span> <span class='ocrx_word' id='word_1_76' title='bbox 840 545 937 572; x_wconf 79' lang='lat' dir='ltr'><strong>horum</strong></span> <span class='ocrx_word' id='word_1_77' title='bbox 961 553 1017 572; x_wconf 89' lang='lat' dir='ltr'><strong>ver-</strong></span> 
     </span>
    </p>
   </div>
   <div class='ocr_carea' id='block_1_11' title="bbox 224 591 1017 624">
    <p class='ocr_par' dir='ltr' id='par_1_11' title="bbox 224 591 1017 624">
     <span class='ocr_line' id='line_1_11' title="bbox 224 591 1017 624; baseline 0 -6"><span class='ocrx_word' id='word_1_78' title='bbox 224 592 321 619; x_wconf 89' lang='lat' dir='ltr'><strong>borum</strong></span> <span class='ocrx_word' id='word_1_79' title='bbox 345 593 466 619; x_wconf 87' lang='lat' dir='ltr'><strong>nondum</strong></span> <span class='ocrx_word' id='word_1_80' title='bbox 497 600 576 620; x_wconf 85' lang='lat' dir='ltr'><strong>usum</strong></span> <span class='ocrx_word' id='word_1_81' title='bbox 602 591 789 619; x_wconf 83' lang='lat' dir='ltr'><strong>necessarium</strong></span> <span class='ocrx_word' id='word_1_82' title='bbox 816 591 920 624; x_wconf 84' lang='lat' dir='ltr'><strong>fuisse,</strong></span> <span class='ocrx_word' id='word_1_83' title='bbox 948 591 1017 618; x_wconf 74' lang='lat' dir='ltr'><strong>Deus</strong></span> 
     </span>
    </p>
   </div>
   <div class='ocr_carea' id='block_1_12' title="bbox 224 636 1018 672">
    <p class='ocr_par' dir='ltr' id='par_1_12' title="bbox 224 636 1018 672">
     <span class='ocr_line' id='line_1_12' title="bbox 224 636 1018 672; baseline 0.001 -9"><span class='ocrx_word' id='word_1_84' title='bbox 224 646 297 666; x_wconf 76' lang='lat' dir='ltr'><strong>meus</strong></span> <span class='ocrx_word' id='word_1_85' title='bbox 322 644 346 666; x_wconf 90' lang='lat' dir='ltr'><strong>ct</strong></span> <span class='ocrx_word' id='word_1_86' title='bbox 372 639 443 666; x_wconf 82' lang='lat' dir='ltr'><strong>Deus</strong></span> <span class='ocrx_word' id='word_1_87' title='bbox 467 639 573 666; x_wconf 76' lang='lat' dir='ltr'><strong>vester?</strong></span> <span class='ocrx_word' id='word_1_88' title='bbox 599 637 782 672; x_wconf 86' lang='lat' dir='ltr'><strong>Posteaquam</strong></span> <span class='ocrx_word' id='word_1_89' title='bbox 805 644 872 665; x_wconf 87' lang='lat' dir='ltr'><strong>vero</strong></span> <span class='ocrx_word' id='word_1_90' title='bbox 893 636 1018 664; x_wconf 55' lang='lat' dir='ltr'><strong>Ieremia}</strong></span> 
     </span>
    </p>
   </div>
   <div class='ocr_carea' id='block_1_13' title="bbox 223 683 1018 720">
    <p class='ocr_par' dir='ltr' id='par_1_13' title="bbox 223 683 1018 720">
     <span class='ocr_line' id='line_1_13' title="bbox 223 683 1018 720; baseline -0.003 -8"><span class='ocrx_word' id='word_1_91' title='bbox 223 686 384 713; x_wconf 89' lang='lat' dir='ltr'><strong>vaticinium</strong></span> <span class='ocrx_word' id='word_1_92' title='bbox 409 686 550 720; x_wconf 75' lang='lat' dir='ltr'><strong>impletum</strong></span> <span class='ocrx_word' id='word_1_93' title='bbox 573 689 628 718; x_wconf 82' lang='lat' dir='ltr'><strong>est,</strong></span> <span class='ocrx_word' id='word_1_94' title='bbox 657 692 764 713; x_wconf 85' lang='lat' dir='ltr'><strong>necnon</strong></span> <span class='ocrx_word' id='word_1_95' title='bbox 795 687 822 711; x_wconf 89' lang='lat' dir='ltr'><strong>et</strong></span> <span class='ocrx_word' id='word_1_96' title='bbox 841 683 937 717; x_wconf 58' lang='lat' dir='ltr'><strong>Isaias,</strong></span> <span class='ocrx_word' id='word_1_97' title='bbox 963 691 1018 719; x_wconf 90' lang='lat' dir='ltr'><strong>quo</strong></span> 
     </span>
    </p>
   </div>
   <div class='ocr_carea' id='block_1_14' title="bbox 223 729 1019 766">
    <p class='ocr_par' dir='ltr' id='par_1_14' title="bbox 223 729 1019 766">
     <span class='ocr_line' id='line_1_14' title="bbox 223 729 1019 766; baseline 0 -8"><span class='ocrx_word' id='word_1_98' title='bbox 223 731 343 758; x_wconf 82' lang='lat' dir='ltr'><strong>Verbum</strong></span> <span class='ocrx_word' id='word_1_99' title='bbox 359 739 374 758; x_wconf 91' lang='lat' dir='ltr'><strong>e</strong></span> <span class='ocrx_word' id='word_1_100' title='bbox 390 730 504 766; x_wconf 68' lang='lat' dir='ltr'><strong>Virgine</strong></span> <span class='ocrx_word' id='word_1_101' title='bbox 527 731 650 766; x_wconf 78' lang='lat' dir='ltr'><strong>genitum</strong></span> <span class='ocrx_word' id='word_1_102' title='bbox 668 729 714 762; x_wconf 91' lang='lat' dir='ltr'><strong>iri,</strong></span> <span class='ocrx_word' id='word_1_103' title='bbox 738 735 907 765; x_wconf 82' lang='lat' dir='ltr'><strong>carnemque</strong></span> <span class='ocrx_word' id='word_1_104' title='bbox 923 737 1019 758; x_wconf 81' lang='lat' dir='ltr'><strong>susce-</strong></span> 
     </span>
    </p>
   </div>
   <div class='ocr_carea' id='block_1_15' title="bbox 223 775 1017 812">
    <p class='ocr_par' dir='ltr' id='par_1_15' title="bbox 223 775 1017 812">
     <span class='ocr_line' id='line_1_15' title="bbox 223 775 1017 812; baseline 0 -8"><span class='ocrx_word' id='word_1_105' title='bbox 223 782 336 812; x_wconf 90' lang='lat' dir='ltr'><strong>pturum</strong></span> <span class='ocrx_word' id='word_1_106' title='bbox 356 784 417 805; x_wconf 84' lang='lat' dir='ltr'><strong>esse</strong></span> <span class='ocrx_word' id='word_1_107' title='bbox 437 777 649 811; x_wconf 64' lang='lat' dir='ltr'><strong>pratdicebatur,</strong></span> <span class='ocrx_word' id='word_1_108' title='bbox 671 780 703 803; x_wconf 88' lang='lat' dir='ltr'><strong>ut</strong></span> <span class='ocrx_word' id='word_1_109' title='bbox 717 775 851 803; x_wconf 85' lang='lat' dir='ltr'><strong>Jeremias</strong></span> <span class='ocrx_word' id='word_1_110' title='bbox 870 776 993 811; x_wconf 77' lang='lat' dir='ltr'><strong>loquitur</strong></span> <span class='ocrx_word' id='word_1_111' title='bbox 1009 785 1017 804; x_wconf 86' lang='lat'><strong>:</strong></span> 
     </span>
    </p>
   </div>
   <div class='ocr_carea' id='block_1_16' title="bbox 224 821 1018 858">
    <p class='ocr_par' dir='ltr' id='par_1_16' title="bbox 224 821 1018 858">
     <span class='ocr_line' id='line_1_16' title="bbox 224 821 1018 858; baseline 0 -8"><span class='ocrx_word' id='word_1_112' title='bbox 224 823 259 850; x_wconf 85' lang='lat' dir='ltr'><strong>Et</strong></span> <span class='ocrx_word' id='word_1_113' title='bbox 280 823 356 850; x_wconf 83' lang='lat' dir='ltr'><strong>homo</strong></span> <span class='ocrx_word' id='word_1_114' title='bbox 378 828 427 855; x_wconf 81' lang='lat' dir='ltr'><strong>est,</strong></span> <span class='ocrx_word' id='word_1_115' title='bbox 448 827 472 850; x_wconf 82' lang='lat' dir='ltr'><strong>et</strong></span> <span class='ocrx_word' id='word_1_116' title='bbox 497 823 555 858; x_wconf 76' lang='lat' dir='ltr'><strong>quis</strong></span> <span class='ocrx_word' id='word_1_117' title='bbox 578 826 715 857; x_wconf 78' lang='lat' dir='ltr'><strong>cognoscet</strong></span> <span class='ocrx_word' id='word_1_118' title='bbox 736 821 813 848; x_wconf 80' lang='lat' dir='ltr'><strong>illum</strong></span> <span class='ocrx_word' id='word_1_119' title='bbox 827 822 857 848; x_wconf 76' lang='lat' dir='ltr'><strong>l?</strong></span> <span class='ocrx_word' id='word_1_120' title='bbox 872 826 930 849; x_wconf 90' lang='lat' dir='ltr'><strong>tum</strong></span> <span class='ocrx_word' id='word_1_121' title='bbox 952 830 1018 850; x_wconf 85' lang='lat' dir='ltr'><strong>vero</strong></span> 
     </span>
    </p>
   </div>
   <div class='ocr_carea' id='block_1_17' title="bbox 223 867 1016 904">
    <p class='ocr_par' dir='ltr' id='par_1_17' title="bbox 223 867 1016 904">
     <span class='ocr_line' id='line_1_17' title="bbox 223 867 1016 904; baseline -0.001 -8"><span class='ocrx_word' id='word_1_122' title='bbox 223 869 270 896; x_wconf 85' lang='lat' dir='ltr'><strong>ubi</strong></span> <span class='ocrx_word' id='word_1_123' title='bbox 287 869 381 896; x_wconf 86' lang='lat' dir='ltr'><strong>carnis</strong></span> <span class='ocrx_word' id='word_1_124' title='bbox 393 869 532 904; x_wconf 85' lang='lat' dir='ltr'><strong>particeps</strong></span> <span class='ocrx_word' id='word_1_125' title='bbox 547 868 608 900; x_wconf 87' lang='lat' dir='ltr'><strong>fuit,</strong></span> <span class='ocrx_word' id='word_1_126' title='bbox 622 876 654 895; x_wconf 87' lang='lat' dir='ltr'><strong>ac</strong></span> <span class='ocrx_word' id='word_1_127' title='bbox 670 867 731 895; x_wconf 87' lang='lat' dir='ltr'><strong>sine</strong></span> <span class='ocrx_word' id='word_1_128' title='bbox 745 868 816 895; x_wconf 83' lang='lat' dir='ltr'><strong>virili</strong></span> <span class='ocrx_word' id='word_1_129' title='bbox 829 873 889 895; x_wconf 87' lang='lat' dir='ltr'><strong>satu</strong></span> <span class='ocrx_word' id='word_1_130' title='bbox 906 876 921 895; x_wconf 86' lang='lat' dir='ltr'><strong>e</strong></span> <span class='ocrx_word' id='word_1_131' title='bbox 933 867 1016 895; x_wconf 83' lang='lat' dir='ltr'><strong>Maria</strong></span> 
     </span>
    </p>
   </div>
   <div class='ocr_carea' id='block_1_18' title="bbox 224 913 1017 948">
    <p class='ocr_par' dir='ltr' id='par_1_18' title="bbox 224 913 1017 948">
     <span class='ocr_line' id='line_1_18' title="bbox 224 913 1017 948; baseline 0 -8"><span class='ocrx_word' id='word_1_132' title='bbox 224 913 272 941; x_wconf 90' lang='lat' dir='ltr'><strong>Dei</strong></span> <span class='ocrx_word' id='word_1_133' title='bbox 295 918 383 942; x_wconf 87' lang='lat' dir='ltr'><strong>matre</strong></span> <span class='ocrx_word' id='word_1_134' title='bbox 407 917 616 942; x_wconf 86' lang='lat' dir='ltr'><strong>sacrosanctum</strong></span> <span class='ocrx_word' id='word_1_135' title='bbox 644 913 696 941; x_wconf 88' lang='lat' dir='ltr'><strong>sibi</strong></span> <span class='ocrx_word' id='word_1_136' title='bbox 716 921 818 948; x_wconf 90' lang='lat' dir='ltr'><strong>corpus</strong></span> <span class='ocrx_word' id='word_1_137' title='bbox 841 913 954 946; x_wconf 83' lang='lat' dir='ltr'><strong>eilinxit,</strong></span> <span class='ocrx_word' id='word_1_138' title='bbox 978 913 1017 940; x_wconf 93' lang='lat' dir='ltr'><strong>uti</strong></span> 
     </span>
    </p>
   </div>
   <div class='ocr_carea' id='block_1_19' title="bbox 225 957 1016 994">
    <p class='ocr_par' dir='ltr' id='par_1_19' title="bbox 225 957 1016 994">
     <span class='ocr_line' id='line_1_19' title="bbox 225 957 1016 994; baseline -0.004 -7"><span class='ocrx_word' id='word_1_139' title='bbox 225 959 357 994; x_wconf 88' lang='lat' dir='ltr'><strong>scriptum</strong></span> <span class='ocrx_word' id='word_1_140' title='bbox 391 963 445 991; x_wconf 83' lang='lat' dir='ltr'><strong>est,</strong></span> <span class='ocrx_word' id='word_1_141' title='bbox 467 959 556 993; x_wconf 81' lang='lat' dir='ltr'><strong>factus</strong></span> <span class='ocrx_word' id='word_1_142' title='bbox 575 966 607 985; x_wconf 74' lang='lat' dir='ltr'><strong>ex</strong></span> <span class='ocrx_word' id='word_1_143' title='bbox 624 957 756 985; x_wconf 65' lang='lat' dir='ltr'><strong>muliere‘</strong></span> <span class='ocrx_word' id='word_1_144' title='bbox 773 967 779 984; x_wconf 93' lang='lat'>:</span> <span class='ocrx_word' id='word_1_145' title='bbox 802 961 871 991; x_wconf 87' lang='lat' dir='ltr'><strong>tum,</strong></span> <span class='ocrx_word' id='word_1_146' title='bbox 893 958 1016 993; x_wconf 87' lang='lat' dir='ltr'><strong>inquam,</strong></span> 
     </span>
    </p>
   </div>
   <div class='ocr_carea' id='block_1_20' title="bbox 225 1004 1018 1040">
    <p class='ocr_par' dir='ltr' id='par_1_20' title="bbox 225 1004 1018 1040">
     <span class='ocr_line' id='line_1_20' title="bbox 225 1004 1018 1040; baseline -0.004 -7"><span class='ocrx_word' id='word_1_147' title='bbox 225 1009 330 1033; x_wconf 64' lang='lat' dir='ltr'><strong>natura:</strong></span> <span class='ocrx_word' id='word_1_148' title='bbox 347 1009 450 1033; x_wconf 76' lang='lat' dir='ltr'><strong>nostrze</strong></span> <span class='ocrx_word' id='word_1_149' title='bbox 466 1009 578 1040; x_wconf 83' lang='lat' dir='ltr'><strong>propter</strong></span> <span class='ocrx_word' id='word_1_150' title='bbox 597 1012 649 1032; x_wconf 89' lang='lat' dir='ltr'><strong>nos</strong></span> <span class='ocrx_word' id='word_1_151' title='bbox 665 1004 814 1039; x_wconf 86' lang='lat' dir='ltr'><strong>particeps,</strong></span> <span class='ocrx_word' id='word_1_152' title='bbox 833 1004 915 1031; x_wconf 88' lang='lat' dir='ltr'><strong>Deum</strong></span> <span class='ocrx_word' id='word_1_153' title='bbox 934 1011 1018 1031; x_wconf 85' lang='lat' dir='ltr'><strong>meum</strong></span> 
     </span>
    </p>
   </div>
   <div class='ocr_carea' id='block_1_21' title="bbox 225 1049 1019 1088">
    <p class='ocr_par' dir='ltr' id='par_1_21' title="bbox 225 1049 1019 1088">
     <span class='ocr_line' id='line_1_21' title="bbox 225 1049 1019 1088; baseline -0.001 -9"><span class='ocrx_word' id='word_1_154' title='bbox 225 1059 360 1088; x_wconf 85' lang='lat' dir='ltr'><strong>usurpare</strong></span> <span class='ocrx_word' id='word_1_155' title='bbox 383 1053 476 1086; x_wconf 77' lang='lat' dir='ltr'><strong>cmpit.</strong></span> <span class='ocrx_word' id='word_1_156' title='bbox 506 1049 542 1078; x_wconf 88' lang='lat' dir='ltr'><strong>Ut</strong></span> <span class='ocrx_word' id='word_1_157' title='bbox 563 1056 652 1078; x_wconf 81' lang='lat' dir='ltr'><strong>autent</strong></span> <span class='ocrx_word' id='word_1_158' title='bbox 676 1054 775 1077; x_wconf 88' lang='lat' dir='ltr'><strong>natura</strong></span> <span class='ocrx_word' id='word_1_159' title='bbox 807 1058 968 1086; x_wconf 75' lang='lat' dir='ltr'><strong>germanum</strong></span> <span class='ocrx_word' id='word_1_160' title='bbox 989 1058 1019 1078; x_wconf 89' lang='lat' dir='ltr'><strong>se</strong></span> 
     </span>
    </p>
   </div>
   <div class='ocr_carea' id='block_1_22' title="bbox 224 1096 1018 1133">
    <p class='ocr_par' dir='ltr' id='par_1_22' title="bbox 224 1096 1018 1133">
     <span class='ocr_line' id='line_1_22' title="bbox 224 1096 1018 1133; baseline 0 -9"><span class='ocrx_word' id='word_1_161' title='bbox 224 1106 257 1126; x_wconf 84' lang='lat' dir='ltr'><strong>ac</strong></span> <span class='ocrx_word' id='word_1_162' title='bbox 273 1099 468 1133; x_wconf 87' lang='lat' dir='ltr'><strong>sempiternum</strong></span> <span class='ocrx_word' id='word_1_163' title='bbox 487 1097 624 1128; x_wconf 79' lang='lat' dir='ltr'><strong>ostendat,</strong></span> <span class='ocrx_word' id='word_1_164' title='bbox 648 1096 757 1124; x_wconf 76' lang='lat' dir='ltr'><strong>Patrem</strong></span> <span class='ocrx_word' id='word_1_165' title='bbox 775 1105 861 1123; x_wconf 80' lang='lat' dir='ltr'><strong>meum</strong></span> <span class='ocrx_word' id='word_1_166' title='bbox 881 1096 965 1130; x_wconf 80' lang='lat' dir='ltr'><strong>dixit;</strong></span> <span class='ocrx_word' id='word_1_167' title='bbox 985 1097 1018 1124; x_wconf 88' lang='lat' dir='ltr'><strong>ad</strong></span> 
     </span>
    </p>
   </div>
   <div class='ocr_carea' id='block_1_23' title="bbox 225 1142 1019 1178">
    <p class='ocr_par' dir='ltr' id='par_1_23' title="bbox 225 1142 1019 1178">
     <span class='ocr_line' id='line_1_23' title="bbox 225 1142 1019 1178; baseline -0.003 -7"><span class='ocrx_word' id='word_1_168' title='bbox 225 1144 292 1171; x_wconf 85' lang='lat' dir='ltr'><strong>illud</strong></span> <span class='ocrx_word' id='word_1_169' title='bbox 309 1152 374 1171; x_wconf 83' lang='lat' dir='ltr'><strong>vero</strong></span> <span class='ocrx_word' id='word_1_170' title='bbox 389 1143 552 1171; x_wconf 81' lang='lat' dir='ltr'><strong>beneﬁcium</strong></span> <span class='ocrx_word' id='word_1_171' title='bbox 571 1142 780 1178; x_wconf 80' lang='lat' dir='ltr'><strong>signiﬁcandum</strong></span> <span class='ocrx_word' id='word_1_172' title='bbox 798 1150 852 1177; x_wconf 84' lang='lat' dir='ltr'><strong>quo</strong></span> <span class='ocrx_word' id='word_1_173' title='bbox 867 1142 1019 1177; x_wconf 86' lang='lat' dir='ltr'><strong>discipulos</strong></span> 
     </span>
    </p>
   </div>
   <div class='ocr_carea' id='block_1_24' title="bbox 227 1187 1018 1222">
    <p class='ocr_par' dir='ltr' id='par_1_24' title="bbox 227 1187 1018 1222">
     <span class='ocr_line' id='line_1_24' title="bbox 227 1187 1018 1222; baseline 0 -7"><span class='ocrx_word' id='word_1_174' title='bbox 227 1188 366 1220; x_wconf 80' lang='lat' dir='ltr'><strong>all&#39;ecerat.</strong></span> <span class='ocrx_word' id='word_1_175' title='bbox 382 1188 492 1215; x_wconf 86' lang='lat' dir='ltr'><strong>Patrem</strong></span> <span class='ocrx_word' id='word_1_176' title='bbox 505 1193 619 1215; x_wconf 80' lang='lat' dir='ltr'><strong>vestrum</strong></span> <span class='ocrx_word' id='word_1_177' title='bbox 635 1187 749 1215; x_wconf 87' lang='lat' dir='ltr'><strong>addidit.</strong></span> <span class='ocrx_word' id='word_1_178' title='bbox 767 1187 834 1214; x_wconf 88' lang='lat' dir='ltr'><strong>Nam</strong></span> <span class='ocrx_word' id='word_1_179' title='bbox 849 1187 922 1222; x_wconf 83' lang='lat' dir='ltr'><strong>quod</strong></span> <span class='ocrx_word' id='word_1_180' title='bbox 938 1187 1018 1220; x_wconf 81' lang='lat' dir='ltr'><strong>dixit,</strong></span> 
     </span>
    </p>
   </div>
   <div class='ocr_carea' id='block_1_25' title="bbox 229 1233 1020 1269">
    <p class='ocr_par' dir='ltr' id='par_1_25' title="bbox 229 1233 1020 1269">
     <span class='ocr_line' id='line_1_25' title="bbox 229 1233 1020 1269; baseline -0.001 -9"><span class='ocrx_word' id='word_1_181' title='bbox 229 1234 461 1266; x_wconf 75' lang='lat' dir='ltr'><strong>Deum‘vestrum,</strong></span> <span class='ocrx_word' id='word_1_182' title='bbox 484 1233 536 1260; x_wconf 84' lang='lat' dir='ltr'><strong>hoc</strong></span> <span class='ocrx_word' id='word_1_183' title='bbox 560 1233 634 1269; x_wconf 90' lang='lat' dir='ltr'><strong>quod</strong></span> <span class='ocrx_word' id='word_1_184' title='bbox 658 1233 802 1268; x_wconf 86' lang='lat' dir='ltr'><strong>discipulis</strong></span> <span class='ocrx_word' id='word_1_185' title='bbox 827 1233 862 1260; x_wconf 77' lang='lat' dir='ltr'><strong>ad</strong></span> <span class='ocrx_word' id='word_1_186' title='bbox 885 1240 962 1260; x_wconf 90' lang='lat' dir='ltr'><strong>suam</strong></span> <span class='ocrx_word' id='word_1_187' title='bbox 988 1239 1020 1260; x_wconf 88' lang='lat' dir='ltr'><strong>ac</strong></span> 
     </span>
    </p>
   </div>
   <div class='ocr_carea' id='block_1_26' title="bbox 226 1276 1020 1312">
    <p class='ocr_par' dir='ltr' id='par_1_26' title="bbox 226 1276 1020 1312">
     <span class='ocr_line' id='line_1_26' title="bbox 226 1276 1020 1312; baseline -0.001 -7"><span class='ocrx_word' id='word_1_188' title='bbox 226 1276 318 1306; x_wconf 82' lang='lat' dir='ltr'><strong>Patris</strong></span> <span class='ocrx_word' id='word_1_189' title='bbox 334 1278 428 1306; x_wconf 53' lang='lat' dir='ltr'><strong>aiterni</strong></span> <span class='ocrx_word' id='word_1_190' title='bbox 451 1279 624 1305; x_wconf 86' lang='lat' dir='ltr'><strong>divinitatem</strong></span> <span class='ocrx_word' id='word_1_191' title='bbox 643 1278 821 1312; x_wconf 84' lang='lat' dir='ltr'><strong>comparatis,</strong></span> <span class='ocrx_word' id='word_1_192' title='bbox 839 1281 939 1304; x_wconf 87' lang='lat' dir='ltr'><strong>natura</strong></span> <span class='ocrx_word' id='word_1_193' title='bbox 953 1285 1020 1304; x_wconf 86' lang='lat' dir='ltr'><strong>con-</strong></span> 
     </span>
    </p>
   </div>
   <div class='ocr_carea' id='block_1_27' title="bbox 227 1323 1019 1359">
    <p class='ocr_par' dir='ltr' id='par_1_27' title="bbox 227 1323 1019 1359">
     <span class='ocr_line' id='line_1_27' title="bbox 227 1323 1019 1359; baseline -0.003 -7"><span class='ocrx_word' id='word_1_194' title='bbox 227 1324 365 1356; x_wconf 78' lang='lat' dir='ltr'><strong>veniebat,</strong></span> <span class='ocrx_word' id='word_1_195' title='bbox 381 1323 523 1351; x_wconf 76' lang='lat' dir='ltr'><strong>declarare</strong></span> <span class='ocrx_word' id='word_1_196' title='bbox 536 1324 633 1350; x_wconf 87' lang='lat' dir='ltr'><strong>voluit.</strong></span> <span class='ocrx_word' id='word_1_197' title='bbox 648 1323 720 1351; x_wconf 87' lang='lat' dir='ltr'><strong>Deus</strong></span> <span class='ocrx_word' id='word_1_198' title='bbox 734 1323 806 1350; x_wconf 90' lang='lat' dir='ltr'><strong>enim</strong></span> <span class='ocrx_word' id='word_1_199' title='bbox 821 1323 1019 1359; x_wconf 88' lang='lat' dir='ltr'><strong>discipulorum</strong></span> 
     </span>
    </p>
   </div>
   <div class='ocr_carea' id='block_1_28' title="bbox 228 1369 1019 1404">
    <p class='ocr_par' dir='ltr' id='par_1_28' title="bbox 228 1369 1019 1404">
     <span class='ocr_line' id='line_1_28' title="bbox 228 1369 1019 1404; baseline 0 -8"><span class='ocrx_word' id='word_1_200' title='bbox 228 1373 299 1397; x_wconf 84' lang='lat' dir='ltr'><strong>est:</strong></span> <span class='ocrx_word' id='word_1_201' title='bbox 328 1369 411 1396; x_wconf 85' lang='lat' dir='ltr'><strong>Pater</strong></span> <span class='ocrx_word' id='word_1_202' title='bbox 436 1376 502 1397; x_wconf 87' lang='lat' dir='ltr'><strong>vero</strong></span> <span class='ocrx_word' id='word_1_203' title='bbox 525 1369 653 1401; x_wconf 88' lang='lat' dir='ltr'><strong>Domini,</strong></span> <span class='ocrx_word' id='word_1_204' title='bbox 682 1372 797 1402; x_wconf 87' lang='lat' dir='ltr'><strong>natura;</strong></span> <span class='ocrx_word' id='word_1_205' title='bbox 823 1369 1019 1404; x_wconf 87' lang='lat' dir='ltr'><strong>discipulorum</strong></span> 
     </span>
    </p>
   </div>
   <div class='ocr_carea' id='block_1_29' title="bbox 229 1414 1020 1450">
    <p class='ocr_par' dir='ltr' id='par_1_29' title="bbox 229 1414 1020 1450">
     <span class='ocr_line' id='line_1_29' title="bbox 229 1414 1020 1450; baseline -0.001 -8"><span class='ocrx_word' id='word_1_206' title='bbox 229 1422 313 1450; x_wconf 91' lang='lat' dir='ltr'><strong>porro</strong></span> <span class='ocrx_word' id='word_1_207' title='bbox 329 1414 421 1447; x_wconf 86' lang='lat' dir='ltr'><strong>Pater,</strong></span> <span class='ocrx_word' id='word_1_208' title='bbox 436 1415 522 1450; x_wconf 79' lang='lat' dir='ltr'><strong>gratia</strong></span> <span class='ocrx_word' id='word_1_209' title='bbox 539 1423 546 1442; x_wconf 88' lang='lat'><strong>:</strong></span> <span class='ocrx_word' id='word_1_210' title='bbox 565 1415 692 1450; x_wconf 88' lang='lat' dir='ltr'><strong>idemque</strong></span> <span class='ocrx_word' id='word_1_211' title='bbox 702 1414 764 1441; x_wconf 82' lang='lat' dir='ltr'><strong>Filii</strong></span> <span class='ocrx_word' id='word_1_212' title='bbox 780 1419 891 1450; x_wconf 88' lang='lat' dir='ltr'><strong>propter</strong></span> <span class='ocrx_word' id='word_1_213' title='bbox 909 1422 1020 1442; x_wconf 84' lang='lat' dir='ltr'><strong>carnem</strong></span> 
     </span>
    </p>
   </div>
   <div class='ocr_carea' id='block_1_30' title="bbox 1033 854 1053 882">
    <p class='ocr_par' dir='ltr' id='par_1_30' title="bbox 1033 854 1053 882">
     <span class='ocr_line' id='line_1_30' title="bbox 1033 854 1053 882; baseline 0 0"><span class='ocrx_word' id='word_1_214' title='bbox 1033 854 1053 882; x_wconf 86' lang='grc' dir='ltr'>Β</span> 
     </span>
    </p>
   </div>
   <div class='ocr_carea' id='block_1_31' title="bbox 231 1459 1021 1495">
    <p class='ocr_par' dir='ltr' id='par_1_31' title="bbox 231 1459 1021 1495">
     <span class='ocr_line' id='line_1_31' title="bbox 231 1459 1021 1495; baseline -0.001 -8"><span class='ocrx_word' id='word_1_215' title='bbox 231 1460 320 1493; x_wconf 86' lang='lat' dir='ltr'><strong>Deus;</strong></span> <span class='ocrx_word' id='word_1_216' title='bbox 348 1460 429 1487; x_wconf 86' lang='lat' dir='ltr'><strong>Pater</strong></span> <span class='ocrx_word' id='word_1_217' title='bbox 444 1467 509 1487; x_wconf 85' lang='lat' dir='ltr'><strong>vero</strong></span> <span class='ocrx_word' id='word_1_218' title='bbox 527 1464 639 1495; x_wconf 87' lang='lat' dir='ltr'><strong>propter</strong></span> <span class='ocrx_word' id='word_1_219' title='bbox 659 1459 853 1494; x_wconf 86' lang='lat' dir='ltr'><strong>sempiternam</strong></span> <span class='ocrx_word' id='word_1_220' title='bbox 869 1463 897 1487; x_wconf 84' lang='lat' dir='ltr'><strong>et</strong></span> <span class='ocrx_word' id='word_1_221' title='bbox 916 1460 1021 1487; x_wconf 90' lang='lat' dir='ltr'><strong>incom-</strong></span> 
     </span>
    </p>
   </div>
   <div class='ocr_carea' id='block_1_32' title="bbox 229 1506 1022 1541">
    <p class='ocr_par' dir='ltr' id='par_1_32' title="bbox 229 1506 1022 1541">
     <span class='ocr_line' id='line_1_32' title="bbox 229 1506 1022 1541; baseline -0.001 -7"><span class='ocrx_word' id='word_1_222' title='bbox 229 1506 394 1541; x_wconf 84' lang='lat' dir='ltr'><strong>prehensam</strong></span> <span class='ocrx_word' id='word_1_223' title='bbox 407 1506 481 1534; x_wconf 89' lang='lat' dir='ltr'><strong>illius</strong></span> <span class='ocrx_word' id='word_1_224' title='bbox 497 1506 630 1541; x_wconf 79' lang='lat' dir='ltr'><strong>originem</strong></span> <span class='ocrx_word' id='word_1_225' title='bbox 647 1512 678 1532; x_wconf 88' lang='lat' dir='ltr'><strong>ac</strong></span> <span class='ocrx_word' id='word_1_226' title='bbox 689 1506 919 1540; x_wconf 75' lang='lat' dir='ltr'><strong>germanitatem:</strong></span> <span class='ocrx_word' id='word_1_227' title='bbox 935 1514 1022 1541; x_wconf 90' lang='lat' dir='ltr'><strong>quan-</strong></span> 
     </span>
    </p>
   </div>
   <div class='ocr_carea' id='block_1_33' title="bbox 229 1552 1023 1588">
    <p class='ocr_par' dir='ltr' id='par_1_33' title="bbox 229 1552 1023 1588">
     <span class='ocr_line' id='line_1_33' title="bbox 229 1552 1023 1588; baseline 0.001 -9"><span class='ocrx_word' id='word_1_228' title='bbox 229 1553 377 1588; x_wconf 83' lang='lat' dir='ltr'><strong>doquidem</strong></span> <span class='ocrx_word' id='word_1_229' title='bbox 393 1561 458 1580; x_wconf 85' lang='lat' dir='ltr'><strong>vere</strong></span> <span class='ocrx_word' id='word_1_230' title='bbox 477 1552 564 1588; x_wconf 91' lang='lat' dir='ltr'><strong>ipsius</strong></span> <span class='ocrx_word' id='word_1_231' title='bbox 578 1552 660 1579; x_wconf 87' lang='lat' dir='ltr'><strong>Pater</strong></span> <span class='ocrx_word' id='word_1_232' title='bbox 673 1555 724 1585; x_wconf 81' lang='lat' dir='ltr'><strong>est,</strong></span> <span class='ocrx_word' id='word_1_233' title='bbox 740 1552 787 1587; x_wconf 86' lang='lat' dir='ltr'><strong>qui</strong></span> <span class='ocrx_word' id='word_1_234' title='bbox 799 1552 874 1579; x_wconf 88' lang='lat' dir='ltr'><strong>illum</strong></span> <span class='ocrx_word' id='word_1_235' title='bbox 886 1558 1023 1587; x_wconf 88' lang='lat' dir='ltr'><strong>quatenus</strong></span> 
     </span>
    </p>
   </div>
   <div class='ocr_carea' id='block_1_34' title="bbox 231 1597 1022 1632">
    <p class='ocr_par' dir='ltr' id='par_1_34' title="bbox 231 1597 1022 1632">
     <span class='ocr_line' id='line_1_34' title="bbox 231 1597 1022 1632; baseline 0.001 -7"><span class='ocrx_word' id='word_1_236' title='bbox 231 1597 303 1626; x_wconf 85' lang='lat' dir='ltr'><strong>Deus</strong></span> <span class='ocrx_word' id='word_1_237' title='bbox 318 1603 370 1630; x_wconf 85' lang='lat' dir='ltr'><strong>est,</strong></span> <span class='ocrx_word' id='word_1_238' title='bbox 387 1598 446 1626; x_wconf 88' lang='lat' dir='ltr'><strong>sine</strong></span> <span class='ocrx_word' id='word_1_239' title='bbox 460 1599 517 1625; x_wconf 89' lang='lat' dir='ltr'><strong>ullo</strong></span> <span class='ocrx_word' id='word_1_240' title='bbox 535 1603 656 1632; x_wconf 85' lang='lat' dir='ltr'><strong>tempore</strong></span> <span class='ocrx_word' id='word_1_241' title='bbox 673 1598 806 1632; x_wconf 85' lang='lat' dir='ltr'><strong>initioque</strong></span> <span class='ocrx_word' id='word_1_242' title='bbox 817 1598 920 1632; x_wconf 78' lang='lat' dir='ltr'><strong>genuit.</strong></span> <span class='ocrx_word' id='word_1_243' title='bbox 935 1598 1022 1631; x_wconf 84' lang='lat' dir='ltr'><strong>Quem</strong></span> 
     </span>
    </p>
   </div>
   <div class='ocr_carea' id='block_1_35' title="bbox 231 1643 1022 1680">
    <p class='ocr_par' dir='ltr' id='par_1_35' title="bbox 231 1643 1022 1680">
     <span class='ocr_line' id='line_1_35' title="bbox 231 1643 1022 1680; baseline 0 -8"><span class='ocrx_word' id='word_1_244' title='bbox 231 1645 343 1680; x_wconf 84' lang='lat' dir='ltr'><strong>quidem</strong></span> <span class='ocrx_word' id='word_1_245' title='bbox 358 1644 442 1672; x_wconf 86' lang='lat' dir='ltr'><strong>Deum</strong></span> <span class='ocrx_word' id='word_1_246' title='bbox 456 1652 533 1671; x_wconf 76' lang='lat' dir='ltr'><strong>suum</strong></span> <span class='ocrx_word' id='word_1_247' title='bbox 553 1644 691 1679; x_wconf 86' lang='lat' dir='ltr'><strong>appellare</strong></span> <span class='ocrx_word' id='word_1_248' title='bbox 704 1643 799 1671; x_wconf 86' lang='lat' dir='ltr'><strong>debuit</strong></span> <span class='ocrx_word' id='word_1_249' title='bbox 823 1644 858 1671; x_wconf 90' lang='lat' dir='ltr'><strong>ob</strong></span> <span class='ocrx_word' id='word_1_250' title='bbox 874 1644 1022 1672; x_wconf 79' lang='lat' dir='ltr'><strong>humanam</strong></span> 
     </span>
    </p>
   </div>
   <div class='ocr_carea' id='block_1_36' title="bbox 231 1693 1023 1724">
    <p class='ocr_par' dir='ltr' id='par_1_36' title="bbox 231 1693 1023 1724">
     <span class='ocr_line' id='line_1_36' title="bbox 231 1693 1023 1724; baseline 0.001 -8"><span class='ocrx_word' id='word_1_251' title='bbox 231 1693 359 1716; x_wconf 84' lang='lat' dir='ltr'><strong>naturam</strong></span> <span class='ocrx_word' id='word_1_252' title='bbox 381 1694 477 1716; x_wconf 73' lang='lat' dir='ltr'><strong>DOSll‘a</strong></span> <span class='ocrx_word' id='word_1_253' title='bbox 503 1696 586 1717; x_wconf 78' lang='lat' dir='ltr'><strong>causa</strong></span> <span class='ocrx_word' id='word_1_254' title='bbox 613 1693 782 1724; x_wconf 76' lang='lat' dir='ltr'><strong>susceptam,</strong></span> <span class='ocrx_word' id='word_1_255' title='bbox 804 1696 867 1716; x_wconf 88' lang='lat' dir='ltr'><strong>cum</strong></span> <span class='ocrx_word' id='word_1_256' title='bbox 892 1693 1023 1724; x_wconf 82' lang='lat' dir='ltr'><strong>perpetuo</strong></span> 
     </span>
    </p>
   </div>
   <div class='ocr_carea' id='block_1_37' title="bbox 231 1733 1023 1770">
    <p class='ocr_par' dir='ltr' id='par_1_37' title="bbox 231 1733 1023 1770">
     <span class='ocr_line' id='line_1_37' title="bbox 231 1733 1023 1770; baseline -0.001 -8"><span class='ocrx_word' id='word_1_257' title='bbox 231 1735 304 1770; x_wconf 81' lang='lat' dir='ltr'><strong>apud</strong></span> <span class='ocrx_word' id='word_1_258' title='bbox 316 1734 424 1761; x_wconf 80' lang='lat' dir='ltr'><strong>Patrem</strong></span> <span class='ocrx_word' id='word_1_259' title='bbox 437 1734 552 1762; x_wconf 80' lang='lat' dir='ltr'><strong>exsistat</strong></span> <span class='ocrx_word' id='word_1_260' title='bbox 577 1735 698 1769; x_wconf 79' lang='lat' dir='ltr'><strong>genitum</strong></span> <span class='ocrx_word' id='word_1_261' title='bbox 718 1734 778 1761; x_wconf 89' lang='lat' dir='ltr'><strong>sine</strong></span> <span class='ocrx_word' id='word_1_262' title='bbox 793 1734 847 1761; x_wconf 90' lang='lat' dir='ltr'><strong>ullo</strong></span> <span class='ocrx_word' id='word_1_263' title='bbox 865 1734 944 1761; x_wconf 85' lang='lat' dir='ltr'><strong>initio</strong></span> <span class='ocrx_word' id='word_1_264' title='bbox 957 1733 1023 1761; x_wconf 80' lang='lat' dir='ltr'><strong>Ver-</strong></span> 
     </span>
    </p>
   </div>
   <div class='ocr_carea' id='block_1_38' title="bbox 179 1779 1023 1814">
    <p class='ocr_par' dir='ltr' id='par_1_38' title="bbox 179 1779 1023 1814">
     <span class='ocr_line' id='line_1_38' title="bbox 179 1779 1023 1814; baseline 0 -6"><span class='ocrx_word' id='word_1_265' title='bbox 179 1812 181 1814; x_wconf 33' lang='grc' dir='ltr'><strong>η</strong></span> <span class='ocrx_word' id='word_1_266' title='bbox 231 1781 307 1813; x_wconf 81' lang='lat' dir='ltr'><strong>bum,</strong></span> <span class='ocrx_word' id='word_1_267' title='bbox 326 1787 358 1808; x_wconf 86' lang='lat' dir='ltr'><strong>ac</strong></span> <span class='ocrx_word' id='word_1_268' title='bbox 378 1780 530 1807; x_wconf 85' lang='lat' dir='ltr'><strong>secundum</strong></span> <span class='ocrx_word' id='word_1_269' title='bbox 548 1787 659 1807; x_wconf 78' lang='lat' dir='ltr'><strong>carnem</strong></span> <span class='ocrx_word' id='word_1_270' title='bbox 685 1780 834 1814; x_wconf 86' lang='lat' dir='ltr'><strong>postremis</strong></span> <span class='ocrx_word' id='word_1_271' title='bbox 853 1779 1023 1814; x_wconf 85' lang='lat' dir='ltr'><strong>temporibus</strong></span> 
     </span>
    </p>
   </div>
   <div class='ocr_carea' id='block_1_39' title="bbox 230 1825 953 1862">
    <p class='ocr_par' dir='ltr' id='par_1_39' title="bbox 230 1825 953 1862">
     <span class='ocr_line' id='line_1_39' title="bbox 230 1825 953 1862; baseline 0 -8"><span class='ocrx_word' id='word_1_272' title='bbox 230 1834 246 1854; x_wconf 76' lang='grc' dir='ltr'><strong>ο</strong></span> <span class='ocrx_word' id='word_1_273' title='bbox 262 1827 346 1853; x_wconf 73' lang='lat' dir='ltr'><strong>Maria</strong></span> <span class='ocrx_word' id='word_1_274' title='bbox 363 1825 475 1862; x_wconf 71' lang='lat' dir='ltr'><strong>Virgine</strong></span> <span class='ocrx_word' id='word_1_275' title='bbox 487 1826 520 1854; x_wconf 92' lang='lat' dir='ltr'><strong>de</strong></span> <span class='ocrx_word' id='word_1_276' title='bbox 537 1825 641 1861; x_wconf 87' lang='lat' dir='ltr'><strong>Spiritu</strong></span> <span class='ocrx_word' id='word_1_277' title='bbox 657 1831 754 1854; x_wconf 84' lang='lat' dir='ltr'><strong>saneto</strong></span> <span class='ocrx_word' id='word_1_278' title='bbox 769 1828 953 1862; x_wconf 81' lang='lat' dir='ltr'><strong>progenitum.</strong></span> 
     </span>
    </p>
   </div>
   <div class='ocr_carea' id='block_1_40' title="bbox 267 1871 1023 1907">
    <p class='ocr_par' dir='ltr' id='par_1_40' title="bbox 267 1871 1023 1907">
     <span class='ocr_line' id='line_1_40' title="bbox 267 1871 1023 1907; baseline 0.003 -9"><span class='ocrx_word' id='word_1_279' title='bbox 267 1872 322 1907; x_wconf 79' lang='lat'><strong>36</strong></span> <span class='ocrx_word' id='word_1_280' title='bbox 340 1871 437 1900; x_wconf 80' lang='lat' dir='ltr'><strong>XXXI.</strong></span> <span class='ocrx_word' id='word_1_281' title='bbox 459 1871 524 1904; x_wconf 68' lang='lat' dir='ltr'><strong>Qua:</strong></span> <span class='ocrx_word' id='word_1_282' title='bbox 538 1879 600 1899; x_wconf 84' lang='lat' dir='ltr'><strong>cum</strong></span> <span class='ocrx_word' id='word_1_283' title='bbox 618 1872 656 1899; x_wconf 87' lang='lat' dir='ltr'><strong>ila</strong></span> <span class='ocrx_word' id='word_1_284' title='bbox 673 1873 739 1904; x_wconf 89' lang='lat' dir='ltr'><strong>sint,</strong></span> <span class='ocrx_word' id='word_1_285' title='bbox 757 1873 892 1901; x_wconf 88' lang='lat' dir='ltr'><strong>altissima</strong></span> <span class='ocrx_word' id='word_1_286' title='bbox 909 1873 955 1901; x_wconf 86' lang='lat' dir='ltr'><strong>illa</strong></span> <span class='ocrx_word' id='word_1_287' title='bbox 975 1873 1023 1901; x_wconf 89' lang='lat' dir='ltr'><strong>Dei</strong></span> 
     </span>
    </p>
   </div>
   <div class='ocr_carea' id='block_1_41' title="bbox 231 1918 1024 1954">
    <p class='ocr_par' dir='ltr' id='par_1_41' title="bbox 231 1918 1024 1954">
     <span class='ocr_line' id='line_1_41' title="bbox 231 1918 1024 1954; baseline 0.001 -9"><span class='ocrx_word' id='word_1_288' title='bbox 231 1918 363 1953; x_wconf 82' lang='lat' dir='ltr'><strong>mysteria</strong></span> <span class='ocrx_word' id='word_1_289' title='bbox 386 1918 544 1953; x_wconf 85' lang='lat' dir='ltr'><strong>concipiant</strong></span> <span class='ocrx_word' id='word_1_290' title='bbox 565 1918 667 1950; x_wconf 88' lang='lat' dir='ltr'><strong>animo,</strong></span> <span class='ocrx_word' id='word_1_291' title='bbox 693 1927 780 1954; x_wconf 82' lang='lat' dir='ltr'><strong>neque</strong></span> <span class='ocrx_word' id='word_1_292' title='bbox 802 1919 915 1954; x_wconf 79' lang='lat' dir='ltr'><strong>gratiam</strong></span> <span class='ocrx_word' id='word_1_293' title='bbox 932 1919 964 1946; x_wconf 90' lang='lat' dir='ltr'><strong>ad</strong></span> <span class='ocrx_word' id='word_1_294' title='bbox 983 1920 1024 1946; x_wconf 92' lang='lat' dir='ltr'><strong>in-</strong></span> 
     </span>
    </p>
   </div>
   <div class='ocr_carea' id='block_1_42' title="bbox 232 1963 1023 1999">
    <p class='ocr_par' dir='ltr' id='par_1_42' title="bbox 232 1963 1023 1999">
     <span class='ocr_line' id='line_1_42' title="bbox 232 1963 1023 1999; baseline 0.003 -9"><span class='ocrx_word' id='word_1_295' title='bbox 232 1964 302 1999; x_wconf 70' lang='lat' dir='ltr'><strong>grati</strong></span> <span class='ocrx_word' id='word_1_296' title='bbox 322 1963 407 1990; x_wconf 90' lang='lat' dir='ltr'><strong>animi</strong></span> <span class='ocrx_word' id='word_1_297' title='bbox 424 1964 520 1990; x_wconf 92' lang='lat' dir='ltr'><strong>vitium</strong></span> <span class='ocrx_word' id='word_1_298' title='bbox 545 1968 727 1996; x_wconf 87' lang='lat' dir='ltr'><strong>convertant,</strong></span> <span class='ocrx_word' id='word_1_299' title='bbox 751 1970 781 1992; x_wconf 90' lang='lat' dir='ltr'><strong>ut</strong></span> <span class='ocrx_word' id='word_1_300' title='bbox 804 1964 1023 1992; x_wconf 84' lang='lat' dir='ltr'><strong>administratam</strong></span> 
     </span>
    </p>
   </div>
   <div class='ocr_carea' id='block_1_43' title="bbox 232 2009 1024 2045">
    <p class='ocr_par' dir='ltr' id='par_1_43' title="bbox 232 2009 1024 2045">
     <span class='ocr_line' id='line_1_43' title="bbox 232 2009 1024 2045; baseline 0.001 -9"><span class='ocrx_word' id='word_1_301' title='bbox 232 2010 267 2037; x_wconf 88' lang='lat' dir='ltr'><strong>ab</strong></span> <span class='ocrx_word' id='word_1_302' title='bbox 283 2010 330 2036; x_wconf 95' lang='lat' dir='ltr'><strong>illo</strong></span> <span class='ocrx_word' id='word_1_303' title='bbox 346 2009 462 2037; x_wconf 89' lang='lat' dir='ltr'><strong>salutem</strong></span> <span class='ocrx_word' id='word_1_304' title='bbox 479 2014 602 2037; x_wconf 85' lang='lat' dir='ltr'><strong>nostram</strong></span> <span class='ocrx_word' id='word_1_305' title='bbox 617 2010 651 2037; x_wconf 91' lang='lat' dir='ltr'><strong>ad</strong></span> <span class='ocrx_word' id='word_1_306' title='bbox 665 2010 864 2045; x_wconf 83' lang='lat' dir='ltr'><strong>inexplicabilis</strong></span> <span class='ocrx_word' id='word_1_307' title='bbox 880 2015 906 2037; x_wconf 82' lang='lat' dir='ltr'><strong>et</strong></span> <span class='ocrx_word' id='word_1_308' title='bbox 919 2011 1024 2037; x_wconf 88' lang='lat' dir='ltr'><strong>incom-</strong></span> 
     </span>
    </p>
   </div>
   <div class='ocr_carea' id='block_1_44' title="bbox 232 2055 1023 2092">
    <p class='ocr_par' dir='ltr' id='par_1_44' title="bbox 232 2055 1023 2092">
     <span class='ocr_line' id='line_1_44' title="bbox 232 2055 1023 2092; baseline 0.003 -9"><span class='ocrx_word' id='word_1_309' title='bbox 232 2056 374 2090; x_wconf 74' lang='lat' dir='ltr'><strong>prehensze</strong></span> <span class='ocrx_word' id='word_1_310' title='bbox 387 2055 432 2083; x_wconf 88' lang='lat' dir='ltr'><strong>Dei</strong></span> <span class='ocrx_word' id='word_1_311' title='bbox 450 2061 556 2083; x_wconf 55' lang='lat' dir='ltr'><strong>natura</strong></span> <span class='ocrx_word' id='word_1_312' title='bbox 572 2056 670 2084; x_wconf 87' lang='lat' dir='ltr'><strong>cedere</strong></span> <span class='ocrx_word' id='word_1_313' title='bbox 686 2057 868 2092; x_wconf 77' lang='lat' dir='ltr'><strong>ignominiam</strong></span> <span class='ocrx_word' id='word_1_314' title='bbox 884 2057 1023 2085; x_wconf 89' lang='lat' dir='ltr'><strong>arbitren-</strong></span> 
     </span>
    </p>
   </div>
   <div class='ocr_carea' id='block_1_45' title="bbox 232 2101 1024 2136">
    <p class='ocr_par' dir='ltr' id='par_1_45' title="bbox 232 2101 1024 2136">
     <span class='ocr_line' id='line_1_45' title="bbox 232 2101 1024 2136; baseline 0.004 -9"><span class='ocrx_word' id='word_1_315' title='bbox 232 2106 286 2128; x_wconf 91' lang='lat' dir='ltr'><strong>tur.</strong></span> <span class='ocrx_word' id='word_1_316' title='bbox 304 2101 338 2128; x_wconf 89' lang='lat' dir='ltr'><strong>At</strong></span> <span class='ocrx_word' id='word_1_317' title='bbox 353 2101 438 2132; x_wconf 90' lang='lat' dir='ltr'><strong>enim,</strong></span> <span class='ocrx_word' id='word_1_318' title='bbox 454 2101 592 2136; x_wconf 87' lang='lat' dir='ltr'><strong>inquiunt,</strong></span> <span class='ocrx_word' id='word_1_319' title='bbox 608 2101 642 2128; x_wconf 88' lang='lat' dir='ltr'><strong>de</strong></span> <span class='ocrx_word' id='word_1_320' title='bbox 656 2101 711 2128; x_wconf 88' lang='lat' dir='ltr'><strong>Deo</strong></span> <span class='ocrx_word' id='word_1_321' title='bbox 731 2101 864 2136; x_wconf 86' lang='lat' dir='ltr'><strong>scriptum</strong></span> <span class='ocrx_word' id='word_1_322' title='bbox 875 2106 917 2129; x_wconf 88' lang='lat' dir='ltr'><strong>est</strong></span> <span class='ocrx_word' id='word_1_323' title='bbox 933 2110 940 2130; x_wconf 84' lang='lat'><strong>:</strong></span> <span class='ocrx_word' id='word_1_324' title='bbox 962 2102 1024 2130; x_wconf 88' lang='lat' dir='ltr'><strong>Non</strong></span> 
     </span>
    </p>
   </div>
   <div class='ocr_carea' id='block_1_46' title="bbox 231 2147 1024 2181">
    <p class='ocr_par' dir='ltr' id='par_1_46' title="bbox 231 2147 1024 2181">
     <span class='ocr_line' id='line_1_46' title="bbox 231 2147 1024 2181; baseline 0.001 -7"><span class='ocrx_word' id='word_1_325' title='bbox 231 2147 341 2178; x_wconf 72' lang='lat' dir='ltr'><strong>esui-iet,</strong></span> <span class='ocrx_word' id='word_1_326' title='bbox 355 2155 436 2181; x_wconf 80' lang='lat' dir='ltr'><strong>neque</strong></span> <span class='ocrx_word' id='word_1_327' title='bbox 450 2147 520 2173; x_wconf 74' lang='lat' dir='ltr'><strong>sitiet</strong></span> <span class='ocrx_word' id='word_1_328' title='bbox 532 2154 540 2172; x_wconf 80' lang='lat'>.&#39;</span> <span class='ocrx_word' id='word_1_329' title='bbox 558 2154 638 2180; x_wconf 84' lang='lat' dir='ltr'><strong>neque</strong></span> <span class='ocrx_word' id='word_1_330' title='bbox 648 2151 687 2173; x_wconf 81' lang='lat' dir='ltr'><strong>est</strong></span> <span class='ocrx_word' id='word_1_331' title='bbox 701 2147 866 2181; x_wconf 78' lang='lat' dir='ltr'><strong>investigatio</strong></span> <span class='ocrx_word' id='word_1_332' title='bbox 877 2147 1024 2180; x_wconf 75' lang='lat' dir='ltr'><strong>prudentia:</strong></span> 
     </span>
    </p>
   </div>
   <div class='ocr_carea' id='block_1_47' title="bbox 923 131 1140 159">
    <p class='ocr_par' dir='ltr' id='par_1_47' title="bbox 923 131 1140 159">
     <span class='ocr_line' id='line_1_47' title="bbox 923 131 1140 159; baseline -0.005 0"><span class='ocrx_word' id='word_1_333' title='bbox 923 133 952 159; x_wconf 89' lang='lat' dir='ltr'><strong>S.</strong></span> <span class='ocrx_word' id='word_1_334' title='bbox 973 131 1140 159; x_wconf 68' lang='lat' dir='ltr'><strong>EPIPIIANII</strong></span> 
     </span>
    </p>
   </div>
   <div class='ocr_carea' id='block_1_48' title="bbox 1826 121 1858 146">
    <p class='ocr_par' dir='ltr' id='par_1_48' title="bbox 1826 121 1858 146">
     <span class='ocr_line' id='line_1_48' title="bbox 1826 121 1858 146; baseline 0 0"><span class='ocrx_word' id='word_1_335' title='bbox 1826 121 1858 146; x_wconf 70' lang='lat'><strong>72</strong></span> 
     </span>
    </p>
   </div>
   <div class='ocr_carea' id='block_1_49' title="bbox 1065 173 1862 210">
    <p class='ocr_par' dir='ltr' id='par_1_49' title="bbox 1065 173 1862 210">
     <span class='ocr_line' id='line_1_49' title="bbox 1065 173 1862 210; baseline -0.005 -6"><span class='ocrx_word' id='word_1_336' title='bbox 1065 184 1130 210; x_wconf 84' lang='grc' dir='ltr'>σεις</span> <span class='ocrx_word' id='word_1_337' title='bbox 1143 176 1177 203; x_wconf 83' lang='grc' dir='ltr'>τὸ</span> <span class='ocrx_word' id='word_1_338' title='bbox 1199 175 1293 210; x_wconf 80' lang='grc' dir='ltr'>ὄνομα</span> <span class='ocrx_word' id='word_1_339' title='bbox 1317 173 1410 202; x_wconf 82' lang='grc' dir='ltr'>αὑτοῦ</span> <span class='ocrx_word' id='word_1_340' title='bbox 1442 174 1650 209; x_wconf 69' lang='grc' dir='ltr'>Ἐμμανουήλ·</span> <span class='ocrx_word' id='word_1_341' title='bbox 1677 174 1694 201; x_wconf 86' lang='grc' dir='ltr'><em>ὅ</em></span> <span class='ocrx_word' id='word_1_342' title='bbox 1711 173 1802 201; x_wconf 80' lang='grc' dir='ltr'>ἐστιν</span> <span class='ocrx_word' id='word_1_343' title='bbox 1817 173 1862 208; x_wconf 73' lang='grc' dir='ltr'><strong>ἐρ·</strong></span> 
     </span>
    </p>
   </div>
   <div class='ocr_carea' id='block_1_50' title="bbox 1062 215 1862 256">
    <p class='ocr_par' dir='ltr' id='par_1_50' title="bbox 1062 215 1862 256">
     <span class='ocr_line' id='line_1_50' title="bbox 1062 215 1862 256; baseline -0.004 -8"><span class='ocrx_word' id='word_1_344' title='bbox 1062 222 1282 256; x_wconf 78' lang='grc' dir='ltr'>μηνευόμενον,</span> <span class='ocrx_word' id='word_1_345' title='bbox 1299 222 1370 248; x_wconf 77' lang='grc' dir='ltr'><strong>Μεθ’</strong></span> <span class='ocrx_word' id='word_1_346' title='bbox 1387 219 1472 255; x_wconf 70' lang='grc' dir='ltr'><strong>’ἡμῶν</strong></span> <span class='ocrx_word' id='word_1_347' title='bbox 1492 222 1509 247; x_wconf 83' lang='grc' dir='ltr'><em>ὁ</em></span> <span class='ocrx_word' id='word_1_348' title='bbox 1536 220 1624 252; x_wconf 75' lang='grc' dir='ltr'>Θεός*</span> <span class='ocrx_word' id='word_1_349' title='bbox 1650 220 1702 246; x_wconf 69' lang='grc' dir='ltr'>’καὶ</span> <span class='ocrx_word' id='word_1_350' title='bbox 1728 220 1807 246; x_wconf 74' lang='grc' dir='ltr'>οὕπω</span> <span class='ocrx_word' id='word_1_351' title='bbox 1829 215 1862 255; x_wconf 78' lang='grc' dir='ltr'><strong>ἧν</strong></span> 
     </span>
    </p>
   </div>
   <div class='ocr_carea' id='block_1_51' title="bbox 1065 265 1860 301">
    <p class='ocr_par' dir='ltr' id='par_1_51' title="bbox 1065 265 1860 301">
     <span class='ocr_line' id='line_1_51' title="bbox 1065 265 1860 301; baseline -0.003 -8"><span class='ocrx_word' id='word_1_352' title='bbox 1065 268 1162 300; x_wconf 77' lang='grc' dir='ltr'>εἰπεῖν,</span> <span class='ocrx_word' id='word_1_353' title='bbox 1179 267 1251 300; x_wconf 85' lang='grc' dir='ltr'>Θεός</span> <span class='ocrx_word' id='word_1_354' title='bbox 1263 275 1322 301; x_wconf 84' lang='grc' dir='ltr'><strong>μου</strong></span> <span class='ocrx_word' id='word_1_355' title='bbox 1347 266 1395 294; x_wconf 77' lang='grc' dir='ltr'>καὶ</span> <span class='ocrx_word' id='word_1_356' title='bbox 1414 265 1486 299; x_wconf 78' lang='grc' dir='ltr'>Θεὸς</span> <span class='ocrx_word' id='word_1_357' title='bbox 1502 265 1594 300; x_wconf 72' lang='grc' dir='ltr'><strong>ὑμῶν.</strong></span> <span class='ocrx_word' id='word_1_358' title='bbox 1610 281 1644 286; x_wconf 91' lang='lat'><strong>-—</strong></span> <span class='ocrx_word' id='word_1_359' title='bbox 1655 265 1712 292; x_wconf 72' lang='grc' dir='ltr'><strong>Καὶ</strong></span> <span class='ocrx_word' id='word_1_360' title='bbox 1729 265 1783 294; x_wconf 80' lang='grc' dir='ltr'><strong>σὺ,</strong></span> <span class='ocrx_word' id='word_1_361' title='bbox 1803 266 1860 298; x_wconf 88' lang='grc' dir='ltr'><strong>Βη-</strong></span> 
     </span>
    </p>
   </div>
   <div class='ocr_carea' id='block_1_52' title="bbox 1066 307 1863 346">
    <p class='ocr_par' dir='ltr' id='par_1_52' title="bbox 1066 307 1863 346">
     <span class='ocr_line' id='line_1_52' title="bbox 1066 307 1863 346; baseline -0.003 -7"><span class='ocrx_word' id='word_1_362' title='bbox 1066 312 1155 346; x_wconf 73' lang='grc' dir='ltr'>θλεὲμ</span> <span class='ocrx_word' id='word_1_363' title='bbox 1172 309 1254 344; x_wconf 77' lang='grc' dir='ltr'>οἶκος</span> <span class='ocrx_word' id='word_1_364' title='bbox 1267 311 1320 338; x_wconf 78' lang='grc' dir='ltr'><strong>τοῦ</strong></span> <span class='ocrx_word' id='word_1_365' title='bbox 1345 309 1498 345; x_wconf 67' lang='grc' dir='ltr'><strong>Εὑφραθᾶ,</strong></span> <span class='ocrx_word' id='word_1_366' title='bbox 1516 311 1572 338; x_wconf 81' lang='grc' dir='ltr'>οὐκ</span> <span class='ocrx_word' id='word_1_367' title='bbox 1588 309 1752 345; x_wconf 77' lang='grc' dir='ltr'><strong>ὀλιγοστὸς</strong></span> <span class='ocrx_word' id='word_1_368' title='bbox 1772 307 1801 338; x_wconf 72' lang='grc' dir='ltr'>εἴ</span> <span class='ocrx_word' id='word_1_369' title='bbox 1811 309 1863 337; x_wconf 86' lang='grc' dir='ltr'><strong>τοῦ</strong></span> 
     </span>
    </p>
   </div>
   <div class='ocr_carea' id='block_1_53' title="bbox 1070 355 1864 392">
    <p class='ocr_par' dir='ltr' id='par_1_53' title="bbox 1070 355 1864 392">
     <span class='ocr_line' id='line_1_53' title="bbox 1070 355 1864 392; baseline -0.001 -8"><span class='ocrx_word' id='word_1_370' title='bbox 1070 356 1146 385; x_wconf 78' lang='grc' dir='ltr'>εἶναι</span> <span class='ocrx_word' id='word_1_371' title='bbox 1164 357 1199 384; x_wconf 80' lang='grc' dir='ltr'><strong>ἐν</strong></span> <span class='ocrx_word' id='word_1_372' title='bbox 1225 357 1360 392; x_wconf 71' lang='grc' dir='ltr'>χιλιάσιν</span> <span class='ocrx_word' id='word_1_373' title='bbox 1384 357 1501 384; x_wconf 77' lang='grc' dir='ltr'>’Ῑούδαο</span> <span class='ocrx_word' id='word_1_374' title='bbox 1522 357 1556 383; x_wconf 85' lang='grc' dir='ltr'>ἐκ</span> <span class='ocrx_word' id='word_1_375' title='bbox 1580 356 1638 383; x_wconf 86' lang='grc' dir='ltr'><strong>σοῦ</strong></span> <span class='ocrx_word' id='word_1_376' title='bbox 1663 355 1723 391; x_wconf 77' lang='grc' dir='ltr'>γάρ</span> <span class='ocrx_word' id='word_1_377' title='bbox 1737 365 1791 391; x_wconf 85' lang='grc' dir='ltr'><strong>μοι</strong></span> <span class='ocrx_word' id='word_1_378' title='bbox 1817 356 1864 389; x_wconf 75' lang='grc' dir='ltr'><strong>ἐξ·</strong></span> 
     </span>
    </p>
   </div>
   <div class='ocr_carea' id='block_1_54' title="bbox 1069 402 1864 437">
    <p class='ocr_par' dir='ltr' id='par_1_54' title="bbox 1069 402 1864 437">
     <span class='ocr_line' id='line_1_54' title="bbox 1069 402 1864 437; baseline 0.001 -8"><span class='ocrx_word' id='word_1_379' title='bbox 1069 404 1226 430; x_wconf 60' lang='grc' dir='ltr'>ενῑεύσετιιι</span> <span class='ocrx_word' id='word_1_380' title='bbox 1252 404 1295 436; x_wconf 81' lang='grc' dir='ltr'><strong>είς</strong></span> <span class='ocrx_word' id='word_1_381' title='bbox 1319 403 1451 437; x_wconf 73' lang='grc' dir='ltr'>ἄρχοντα</span> <span class='ocrx_word' id='word_1_382' title='bbox 1467 403 1502 429; x_wconf 77' lang='grc' dir='ltr'><strong>ἐν</strong></span> <span class='ocrx_word' id='word_1_383' title='bbox 1525 402 1565 435; x_wconf 80' lang='grc' dir='ltr'>τῷ</span> <span class='ocrx_word' id='word_1_384' title='bbox 1588 402 1732 437; x_wconf 78' lang='grc' dir='ltr'><strong>Ἰσραὴλ,</strong></span> <span class='ocrx_word' id='word_1_385' title='bbox 1759 402 1810 430; x_wconf 74' lang='grc' dir='ltr'><strong>καί</strong></span> <span class='ocrx_word' id='word_1_386' title='bbox 1836 404 1864 430; x_wconf 81' lang='grc' dir='ltr'>ιιι</span> 
     </span>
    </p>
   </div>
   <div class='ocr_carea' id='block_1_55' title="bbox 1066 447 1863 483">
    <p class='ocr_par' dir='ltr' id='par_1_55' title="bbox 1066 447 1863 483">
     <span class='ocr_line' id='line_1_55' title="bbox 1066 447 1863 483; baseline 0.001 -8"><span class='ocrx_word' id='word_1_387' title='bbox 1066 448 1196 481; x_wconf 82' lang='grc' dir='ltr'>διέξοδοι</span> <span class='ocrx_word' id='word_1_388' title='bbox 1219 448 1314 475; x_wconf 82' lang='grc' dir='ltr'>αὑτοῦ</span> <span class='ocrx_word' id='word_1_389' title='bbox 1329 449 1380 475; x_wconf 77' lang='grc' dir='ltr'><strong>ἀπ’</strong></span> <span class='ocrx_word' id='word_1_390' title='bbox 1398 447 1504 483; x_wconf 74' lang='grc' dir='ltr'>ἀρχῆς,</span> <span class='ocrx_word' id='word_1_391' title='bbox 1518 448 1569 483; x_wconf 67' lang='grc' dir='ltr'><strong>ἀφ’</strong></span> <span class='ocrx_word' id='word_1_392' title='bbox 1585 448 1706 483; x_wconf 68' lang='grc' dir='ltr'>ἡμερῶν</span> <span class='ocrx_word' id='word_1_393' title='bbox 1730 447 1863 476; x_wconf 67' lang='grc' dir='ltr'><strong>αἰώνων-θ</strong></span> 
     </span>
    </p>
   </div>
   <div class='ocr_carea' id='block_1_56' title="bbox 1066 494 1864 530">
    <p class='ocr_par' dir='ltr' id='par_1_56' title="bbox 1066 494 1864 530">
     <span class='ocr_line' id='line_1_56' title="bbox 1066 494 1864 530; baseline 0.001 -9"><span class='ocrx_word' id='word_1_394' title='bbox 1066 495 1113 521; x_wconf 77' lang='grc' dir='ltr'><strong>καὶ</strong></span> <span class='ocrx_word' id='word_1_395' title='bbox 1135 494 1206 522; x_wconf 80' lang='grc' dir='ltr'>κατὰ</span> <span class='ocrx_word' id='word_1_396' title='bbox 1223 494 1258 521; x_wconf 81' lang='grc' dir='ltr'><strong>τὰ</strong></span> <span class='ocrx_word' id='word_1_397' title='bbox 1284 495 1352 521; x_wconf 83' lang='grc' dir='ltr'>ἀλλα</span> <span class='ocrx_word' id='word_1_398' title='bbox 1377 495 1549 530; x_wconf 79' lang='grc' dir='ltr'>ἀντίγραφα’</span> <span class='ocrx_word' id='word_1_399' title='bbox 1573 495 1627 522; x_wconf 81' lang='lat' dir='ltr'><strong>Kal</strong></span> <span class='ocrx_word' id='word_1_400' title='bbox 1643 495 1697 527; x_wconf 86' lang='grc' dir='ltr'><strong>σὺ,</strong></span> <span class='ocrx_word' id='word_1_401' title='bbox 1715 495 1864 530; x_wconf 63' lang='grc' dir='ltr'><strong>Βηθλεὲμ,</strong></span> 
     </span>
    </p>
   </div>
   <div class='ocr_carea' id='block_1_57' title="bbox 1067 540 1865 576">
    <p class='ocr_par' dir='ltr' id='par_1_57' title="bbox 1067 540 1865 576">
     <span class='ocr_line' id='line_1_57' title="bbox 1067 540 1865 576; baseline 0 -8"><span class='ocrx_word' id='word_1_402' title='bbox 1067 541 1134 576; x_wconf 76' lang='grc' dir='ltr'><strong>οὐχι</strong></span> <span class='ocrx_word' id='word_1_403' title='bbox 1149 541 1296 575; x_wconf 74' lang='grc' dir='ltr'><strong>ἐλαχίστη</strong></span> <span class='ocrx_word' id='word_1_404' title='bbox 1316 540 1350 567; x_wconf 83' lang='grc' dir='ltr'><strong>ἐν</strong></span> <span class='ocrx_word' id='word_1_405' title='bbox 1367 540 1429 573; x_wconf 82' lang='grc' dir='ltr'>τοῖς</span> <span class='ocrx_word' id='word_1_406' title='bbox 1447 541 1592 575; x_wconf 77' lang='grc' dir='ltr'><strong>ἡγεμόσιν</strong></span> <span class='ocrx_word' id='word_1_407' title='bbox 1614 541 1710 568; x_wconf 80' lang='grc' dir='ltr'><em>Ἰούδα</em></span> <span class='ocrx_word' id='word_1_408' title='bbox 1723 548 1731 556; x_wconf 68' lang='grc' dir='ltr'><strong>θ</strong></span> <span class='ocrx_word' id='word_1_409' title='bbox 1757 541 1793 567; x_wconf 87' lang='grc' dir='ltr'>ἐκ</span> <span class='ocrx_word' id='word_1_410' title='bbox 1808 541 1865 568; x_wconf 86' lang='grc' dir='ltr'><strong>σοῦ</strong></span> 
     </span>
    </p>
   </div>
   <div class='ocr_carea' id='block_1_58' title="bbox 1067 586 1866 621">
    <p class='ocr_par' dir='ltr' id='par_1_58' title="bbox 1067 586 1866 621">
     <span class='ocr_line' id='line_1_58' title="bbox 1067 586 1866 621; baseline 0.001 -9"><span class='ocrx_word' id='word_1_411' title='bbox 1067 586 1122 621; x_wconf 72' lang='grc' dir='ltr'><strong>γὰρ</strong></span> <span class='ocrx_word' id='word_1_412' title='bbox 1150 586 1343 618; x_wconf 76' lang='grc' dir='ltr'>ἐξελεύσεται</span> <span class='ocrx_word' id='word_1_413' title='bbox 1365 586 1543 621; x_wconf 73' lang='grc' dir='ltr'>ἡγούμενος,</span> <span class='ocrx_word' id='word_1_414' title='bbox 1569 586 1618 613; x_wconf 77' lang='grc' dir='ltr'><strong>καὶ</strong></span> <span class='ocrx_word' id='word_1_415' title='bbox 1646 586 1795 620; x_wconf 82' lang='grc' dir='ltr'><strong>ποιμανεῖ</strong></span> <span class='ocrx_word' id='word_1_416' title='bbox 1815 587 1866 613; x_wconf 78' lang='grc' dir='ltr'>τὸν</span> 
     </span>
    </p>
   </div>
   <div class='ocr_carea' id='block_1_59' title="bbox 1067 630 1866 667">
    <p class='ocr_par' dir='ltr' id='par_1_59' title="bbox 1067 630 1866 667">
     <span class='ocr_line' id='line_1_59' title="bbox 1067 630 1866 667; baseline 0 -9"><span class='ocrx_word' id='word_1_417' title='bbox 1067 632 1144 659; x_wconf 77' lang='grc' dir='ltr'>λαόν</span> <span class='ocrx_word' id='word_1_418' title='bbox 1154 640 1214 666; x_wconf 82' lang='grc' dir='ltr'><strong>μου</strong></span> <span class='ocrx_word' id='word_1_419' title='bbox 1228 631 1282 658; x_wconf 82' lang='grc' dir='ltr'><strong>τὸν</strong></span> <span class='ocrx_word' id='word_1_420' title='bbox 1302 630 1437 665; x_wconf 79' lang='grc' dir='ltr'><strong>Ἰσραήλ.</strong></span> <span class='ocrx_word' id='word_1_421' title='bbox 1456 631 1511 658; x_wconf 77' lang='grc' dir='ltr'><strong>Καὶ</strong></span> <span class='ocrx_word' id='word_1_422' title='bbox 1527 631 1593 666; x_wconf 80' lang='grc' dir='ltr'>ὁρᾷς</span> <span class='ocrx_word' id='word_1_423' title='bbox 1603 631 1644 658; x_wconf 82' lang='grc' dir='ltr'>ὃτι</span> <span class='ocrx_word' id='word_1_424' title='bbox 1657 631 1769 658; x_wconf 77' lang='grc' dir='ltr'><strong>οὐδέπω</strong></span> <span class='ocrx_word' id='word_1_425' title='bbox 1788 631 1866 667; x_wconf 80' lang='grc' dir='ltr'>χρεία</span> 
     </span>
    </p>
   </div>
   <div class='ocr_carea' id='block_1_60' title="bbox 1066 675 1865 713">
    <p class='ocr_par' dir='ltr' id='par_1_60' title="bbox 1066 675 1865 713">
     <span class='ocr_line' id='line_1_60' title="bbox 1066 675 1865 713; baseline 0 -9"><span class='ocrx_word' id='word_1_426' title='bbox 1066 675 1101 713; x_wconf 78' lang='grc' dir='ltr'>ἦν</span> <span class='ocrx_word' id='word_1_427' title='bbox 1124 679 1222 709; x_wconf 83' lang='grc' dir='ltr'>εἰπεῖν,</span> <span class='ocrx_word' id='word_1_428' title='bbox 1246 677 1320 704; x_wconf 81' lang='grc' dir='ltr'>Θεόν</span> <span class='ocrx_word' id='word_1_429' title='bbox 1333 685 1393 711; x_wconf 83' lang='grc' dir='ltr'><strong>μου</strong></span> <span class='ocrx_word' id='word_1_430' title='bbox 1419 676 1467 703; x_wconf 79' lang='grc' dir='ltr'><strong>καὶ</strong></span> <span class='ocrx_word' id='word_1_431' title='bbox 1491 676 1565 703; x_wconf 77' lang='grc' dir='ltr'>Θεὸν</span> <span class='ocrx_word' id='word_1_432' title='bbox 1586 677 1689 712; x_wconf 55' lang='lat' dir='ltr'><strong>spor,-</strong></span> <span class='ocrx_word' id='word_1_433' title='bbox 1718 677 1786 704; x_wconf 87' lang='grc' dir='ltr'><strong>Ὅτε</strong></span> <span class='ocrx_word' id='word_1_434' title='bbox 1805 677 1865 713; x_wconf 80' lang='grc' dir='ltr'><strong>δὲὴ</strong></span> 
     </span>
    </p>
   </div>
   <div class='ocr_carea' id='block_1_61' title="bbox 1068 722 1867 760">
    <p class='ocr_par' dir='ltr' id='par_1_61' title="bbox 1068 722 1867 760">
     <span class='ocr_line' id='line_1_61' title="bbox 1068 722 1867 760; baseline 0.001 -10"><span class='ocrx_word' id='word_1_435' title='bbox 1068 724 1221 760; x_wconf 77' lang='grc' dir='ltr'><strong>προφητεία</strong></span> <span class='ocrx_word' id='word_1_436' title='bbox 1245 722 1396 758; x_wconf 77' lang='grc' dir='ltr'><strong>ἐπληροῦτο</strong></span> <span class='ocrx_word' id='word_1_437' title='bbox 1417 722 1548 758; x_wconf 83' lang='grc' dir='ltr'>Ἰερεμίου</span> <span class='ocrx_word' id='word_1_438' title='bbox 1571 724 1617 750; x_wconf 72' lang='grc' dir='ltr'><strong>καὶ</strong></span> <span class='ocrx_word' id='word_1_439' title='bbox 1637 723 1757 750; x_wconf 83' lang='grc' dir='ltr'>Ἢσαῖου</span> <span class='ocrx_word' id='word_1_440' title='bbox 1778 724 1867 751; x_wconf 85' lang='grc' dir='ltr'>ὡσαύ-</span> 
     </span>
    </p>
   </div>
   <div class='ocr_carea' id='block_1_62' title="bbox 1067 767 1867 804">
    <p class='ocr_par' dir='ltr' id='par_1_62' title="bbox 1067 767 1867 804">
     <span class='ocr_line' id='line_1_62' title="bbox 1067 767 1867 804; baseline 0.001 -10"><span class='ocrx_word' id='word_1_441' title='bbox 1067 776 1122 799; x_wconf 86' lang='grc' dir='ltr'>τως</span> <span class='ocrx_word' id='word_1_442' title='bbox 1142 768 1183 800; x_wconf 82' lang='grc' dir='ltr'><strong>τὸ,</strong></span> <span class='ocrx_word' id='word_1_443' title='bbox 1217 768 1250 794; x_wconf 83' lang='grc' dir='ltr'>ὲκ</span> <span class='ocrx_word' id='word_1_444' title='bbox 1275 767 1411 804; x_wconf 80' lang='grc' dir='ltr'>παρθένου</span> <span class='ocrx_word' id='word_1_445' title='bbox 1438 767 1601 802; x_wconf 77' lang='grc' dir='ltr'><strong>γεννηθῆναι</strong></span> <span class='ocrx_word' id='word_1_446' title='bbox 1625 768 1670 794; x_wconf 79' lang='grc' dir='ltr'><strong>τὸν</strong></span> <span class='ocrx_word' id='word_1_447' title='bbox 1690 768 1793 802; x_wconf 75' lang='grc' dir='ltr'>Λόγον,</span> <span class='ocrx_word' id='word_1_448' title='bbox 1821 769 1867 795; x_wconf 72' lang='grc' dir='ltr'><strong>καὶ</strong></span> 
     </span>
    </p>
   </div>
   <div class='ocr_carea' id='block_1_63' title="bbox 1069 813 1868 849">
    <p class='ocr_par' dir='ltr' id='par_1_63' title="bbox 1069 813 1868 849">
     <span class='ocr_line' id='line_1_63' title="bbox 1069 813 1868 849; baseline 0 -9"><span class='ocrx_word' id='word_1_449' title='bbox 1069 814 1158 849; x_wconf 81' lang='grc' dir='ltr'>σάρκα</span> <span class='ocrx_word' id='word_1_450' title='bbox 1175 815 1259 849; x_wconf 81' lang='grc' dir='ltr'>σχεῖν,</span> <span class='ocrx_word' id='word_1_451' title='bbox 1282 813 1409 848; x_wconf 82' lang='grc' dir='ltr'>καθάπερ</span> <span class='ocrx_word' id='word_1_452' title='bbox 1429 813 1563 848; x_wconf 77' lang='grc' dir='ltr'><strong>Ἱερεμίας</strong></span> <span class='ocrx_word' id='word_1_453' title='bbox 1581 813 1658 848; x_wconf 72' lang='grc' dir='ltr'>φησὶ,</span> <span class='ocrx_word' id='word_1_454' title='bbox 1674 814 1732 840; x_wconf 77' lang='grc' dir='ltr'><strong>Καὶ</strong></span> <span class='ocrx_word' id='word_1_455' title='bbox 1755 813 1868 848; x_wconf 79' lang='grc' dir='ltr'><strong>ἄνθρω-</strong></span> 
     </span>
    </p>
   </div>
   <div class='ocr_carea' id='block_1_64' title="bbox 1068 858 1867 895">
    <p class='ocr_par' dir='ltr' id='par_1_64' title="bbox 1068 858 1867 895">
     <span class='ocr_line' id='line_1_64' title="bbox 1068 858 1867 895; baseline 0 -9"><span class='ocrx_word' id='word_1_456' title='bbox 1068 861 1126 893; x_wconf 82' lang='grc' dir='ltr'>πός</span> <span class='ocrx_word' id='word_1_457' title='bbox 1140 860 1216 893; x_wconf 82' lang='grc' dir='ltr'>ἐστι,</span> <span class='ocrx_word' id='word_1_458' title='bbox 1232 859 1280 886; x_wconf 75' lang='grc' dir='ltr'>καὶ</span> <span class='ocrx_word' id='word_1_459' title='bbox 1296 859 1342 892; x_wconf 81' lang='grc' dir='ltr'><strong>τίς</strong></span> <span class='ocrx_word' id='word_1_460' title='bbox 1353 858 1499 894; x_wconf 76' lang='grc' dir='ltr'>γνώσεται</span> <span class='ocrx_word' id='word_1_461' title='bbox 1515 860 1626 891; x_wconf 83' lang='grc' dir='ltr'><strong>αῠτόν;</strong></span> <span class='ocrx_word' id='word_1_462' title='bbox 1641 860 1703 886; x_wconf 83' lang='grc' dir='ltr'>τότε</span> <span class='ocrx_word' id='word_1_463' title='bbox 1722 859 1867 895; x_wconf 82' lang='grc' dir='ltr'>μετασχὼν</span> 
     </span>
    </p>
   </div>
   <div class='ocr_carea' id='block_1_65' title="bbox 1067 904 1868 943">
    <p class='ocr_par' dir='ltr' id='par_1_65' title="bbox 1067 904 1868 943">
     <span class='ocr_line' id='line_1_65' title="bbox 1067 904 1868 943; baseline 0.002 -11"><span class='ocrx_word' id='word_1_464' title='bbox 1067 905 1117 940; x_wconf 79' lang='grc' dir='ltr'>τῆς</span> <span class='ocrx_word' id='word_1_465' title='bbox 1131 906 1241 940; x_wconf 76' lang='grc' dir='ltr'>σαρκὸς,</span> <span class='ocrx_word' id='word_1_466' title='bbox 1259 905 1305 932; x_wconf 71' lang='grc' dir='ltr'>καὶ</span> <span class='ocrx_word' id='word_1_467' title='bbox 1319 905 1359 936; x_wconf 75' lang='grc' dir='ltr'><strong>είς</strong></span> <span class='ocrx_word' id='word_1_468' title='bbox 1372 904 1468 931; x_wconf 74' lang='grc' dir='ltr'>ἑαυτὸν</span> <span class='ocrx_word' id='word_1_469' title='bbox 1483 905 1568 940; x_wconf 80' lang='grc' dir='ltr'>χωρὶς</span> <span class='ocrx_word' id='word_1_470' title='bbox 1588 905 1752 941; x_wconf 84' lang='grc' dir='ltr'>σπέρματος</span> <span class='ocrx_word' id='word_1_471' title='bbox 1770 907 1868 943; x_wconf 79' lang='grc' dir='ltr'>ἀνδρὸς</span> 
     </span>
    </p>
   </div>
   <div class='ocr_carea' id='block_1_66' title="bbox 1068 950 1867 988">
    <p class='ocr_par' dir='ltr' id='par_1_66' title="bbox 1068 950 1867 988">
     <span class='ocr_line' id='line_1_66' title="bbox 1068 950 1867 988; baseline 0.001 -10"><span class='ocrx_word' id='word_1_472' title='bbox 1068 951 1123 978; x_wconf 83' lang='grc' dir='ltr'>ἀπὸ</span> <span class='ocrx_word' id='word_1_473' title='bbox 1147 951 1196 987; x_wconf 85' lang='grc' dir='ltr'><strong>τῆς</strong></span> <span class='ocrx_word' id='word_1_474' title='bbox 1225 950 1351 977; x_wconf 83' lang='grc' dir='ltr'>Θεοτόκου</span> <span class='ocrx_word' id='word_1_475' title='bbox 1377 950 1487 986; x_wconf 80' lang='grc' dir='ltr'>Μαρίας</span> <span class='ocrx_word' id='word_1_476' title='bbox 1513 950 1674 983; x_wconf 78' lang='grc' dir='ltr'><strong>ἀναπλάσας</strong></span> <span class='ocrx_word' id='word_1_477' title='bbox 1700 952 1753 987; x_wconf 84' lang='grc' dir='ltr'>τὴν</span> <span class='ocrx_word' id='word_1_478' title='bbox 1784 953 1867 988; x_wconf 81' lang='grc' dir='ltr'>αὐτὴν</span> 
     </span>
    </p>
   </div>
   <div class='ocr_carea' id='block_1_67' title="bbox 1068 996 1867 1033">
    <p class='ocr_par' dir='ltr' id='par_1_67' title="bbox 1068 996 1867 1033">
     <span class='ocr_line' id='line_1_67' title="bbox 1068 996 1867 1033; baseline 0.003 -10"><span class='ocrx_word' id='word_1_479' title='bbox 1068 997 1149 1031; x_wconf 82' lang='grc' dir='ltr'>ἁγίαν</span> <span class='ocrx_word' id='word_1_480' title='bbox 1175 996 1274 1033; x_wconf 80' lang='grc' dir='ltr'><strong>σάρκα,</strong></span> <span class='ocrx_word' id='word_1_481' title='bbox 1300 997 1371 1023; x_wconf 86' lang='grc' dir='ltr'>κατὰ</span> <span class='ocrx_word' id='word_1_482' title='bbox 1396 997 1426 1023; x_wconf 82' lang='grc' dir='ltr'>τὸ</span> <span class='ocrx_word' id='word_1_483' title='bbox 1451 997 1613 1033; x_wconf 82' lang='grc' dir='ltr'><strong>εἰρημένον,</strong></span> <span class='ocrx_word' id='word_1_484' title='bbox 1645 999 1812 1033; x_wconf 74' lang='grc' dir='ltr'>γενόμενος</span> <span class='ocrx_word' id='word_1_485' title='bbox 1834 999 1867 1024; x_wconf 82' lang='grc' dir='ltr'>ἐκ</span> 
     </span>
    </p>
   </div>
   <div class='ocr_carea' id='block_1_68' title="bbox 1070 1042 1868 1079">
    <p class='ocr_par' dir='ltr' id='par_1_68' title="bbox 1070 1042 1868 1079">
     <span class='ocr_line' id='line_1_68' title="bbox 1070 1042 1868 1079; baseline 0 -9"><span class='ocrx_word' id='word_1_486' title='bbox 1070 1043 1225 1078; x_wconf 71' lang='grc' dir='ltr'>γυναικὸς,</span> <span class='ocrx_word' id='word_1_487' title='bbox 1251 1043 1299 1070; x_wconf 84' lang='grc' dir='ltr'><strong>καὶ</strong></span> <span class='ocrx_word' id='word_1_488' title='bbox 1323 1042 1465 1078; x_wconf 84' lang='grc' dir='ltr'>μετασχὼν</span> <span class='ocrx_word' id='word_1_489' title='bbox 1478 1042 1526 1069; x_wconf 86' lang='grc' dir='ltr'><strong>τοῦ</strong></span> <span class='ocrx_word' id='word_1_490' title='bbox 1543 1043 1679 1079; x_wconf 82' lang='grc' dir='ltr'><strong>ἡμετέρου</strong></span> <span class='ocrx_word' id='word_1_491' title='bbox 1693 1043 1740 1071; x_wconf 79' lang='grc' dir='ltr'><strong>διὰ</strong></span> <span class='ocrx_word' id='word_1_492' title='bbox 1754 1044 1786 1070; x_wconf 75' lang='grc' dir='ltr'><strong>τὸ</strong></span> <span class='ocrx_word' id='word_1_493' title='bbox 1803 1044 1868 1079; x_wconf 78' lang='grc' dir='ltr'>ἡμέ-</span> 
     </span>
    </p>
   </div>
   <div class='ocr_carea' id='block_1_69' title="bbox 1069 1088 1867 1126">
    <p class='ocr_par' dir='ltr' id='par_1_69' title="bbox 1069 1088 1867 1126">
     <span class='ocr_line' id='line_1_69' title="bbox 1069 1088 1867 1126; baseline 0 -10"><span class='ocrx_word' id='word_1_494' title='bbox 1069 1098 1158 1125; x_wconf 81' lang='grc' dir='ltr'>τερον,</span> <span class='ocrx_word' id='word_1_495' title='bbox 1175 1089 1253 1124; x_wconf 77' lang='grc' dir='ltr'>φησὶ,</span> <span class='ocrx_word' id='word_1_496' title='bbox 1273 1090 1347 1117; x_wconf 79' lang='grc' dir='ltr'><strong>Θεόν</strong></span> <span class='ocrx_word' id='word_1_497' title='bbox 1363 1098 1433 1124; x_wconf 85' lang='grc' dir='ltr'>μου.</span> <span class='ocrx_word' id='word_1_498' title='bbox 1451 1088 1499 1116; x_wconf 88' lang='grc' dir='ltr'>Διά</span> <span class='ocrx_word' id='word_1_499' title='bbox 1520 1089 1548 1116; x_wconf 85' lang='grc' dir='ltr'><strong>δὲ</strong></span> <span class='ocrx_word' id='word_1_500' title='bbox 1561 1089 1592 1115; x_wconf 81' lang='grc' dir='ltr'>τὸ</span> <span class='ocrx_word' id='word_1_501' title='bbox 1607 1089 1692 1116; x_wconf 79' lang='grc' dir='ltr'>ἀΐδιον</span> <span class='ocrx_word' id='word_1_502' title='bbox 1712 1090 1771 1126; x_wconf 66' lang='grc' dir='ltr'><strong>(ἓ8)</strong></span> <span class='ocrx_word' id='word_1_503' title='bbox 1786 1089 1867 1116; x_wconf 77' lang='grc' dir='ltr'>αὑτοῦ</span> 
     </span>
    </p>
   </div>
   <div class='ocr_carea' id='block_1_70' title="bbox 1069 1134 1865 1170">
    <p class='ocr_par' dir='ltr' id='par_1_70' title="bbox 1069 1134 1865 1170">
     <span class='ocr_line' id='line_1_70' title="bbox 1069 1134 1865 1170; baseline 0.001 -9"><span class='ocrx_word' id='word_1_504' title='bbox 1069 1136 1119 1170; x_wconf 79' lang='grc' dir='ltr'>τῆς</span> <span class='ocrx_word' id='word_1_505' title='bbox 1135 1135 1313 1170; x_wconf 84' lang='grc' dir='ltr'>γνησιότητος</span> <span class='ocrx_word' id='word_1_506' title='bbox 1337 1134 1410 1161; x_wconf 86' lang='grc' dir='ltr'>κατὰ</span> <span class='ocrx_word' id='word_1_507' title='bbox 1430 1134 1521 1169; x_wconf 78' lang='grc' dir='ltr'>φύσιν,</span> <span class='ocrx_word' id='word_1_508' title='bbox 1539 1134 1622 1168; x_wconf 82' lang='grc' dir='ltr'><strong>λέγει,</strong></span> <span class='ocrx_word' id='word_1_509' title='bbox 1646 1136 1769 1170; x_wconf 76' lang='grc' dir='ltr'>Πατέρα</span> <span class='ocrx_word' id='word_1_510' title='bbox 1789 1143 1865 1170; x_wconf 86' lang='grc' dir='ltr'>μου·</span> 
     </span>
    </p>
   </div>
   <div class='ocr_carea' id='block_1_71' title="bbox 1070 1179 1866 1216">
    <p class='ocr_par' dir='ltr' id='par_1_71' title="bbox 1070 1179 1866 1216">
     <span class='ocr_line' id='line_1_71' title="bbox 1070 1179 1866 1216; baseline -0.001 -10"><span class='ocrx_word' id='word_1_511' title='bbox 1070 1180 1117 1206; x_wconf 80' lang='grc' dir='ltr'><strong>καὶ</strong></span> <span class='ocrx_word' id='word_1_512' title='bbox 1135 1179 1178 1206; x_wconf 75' lang='grc' dir='ltr'><strong>διὰ</strong></span> <span class='ocrx_word' id='word_1_513' title='bbox 1192 1180 1245 1214; x_wconf 83' lang='grc' dir='ltr'>τὴν</span> <span class='ocrx_word' id='word_1_514' title='bbox 1259 1179 1343 1206; x_wconf 80' lang='grc' dir='ltr'>αὐτοῦ</span> <span class='ocrx_word' id='word_1_515' title='bbox 1360 1179 1428 1214; x_wconf 84' lang='grc' dir='ltr'>πρὸς</span> <span class='ocrx_word' id='word_1_516' title='bbox 1443 1179 1506 1210; x_wconf 78' lang='grc' dir='ltr'>τοὺς</span> <span class='ocrx_word' id='word_1_517' title='bbox 1521 1179 1604 1205; x_wconf 81' lang='grc' dir='ltr'>αὑτοῦ</span> <span class='ocrx_word' id='word_1_518' title='bbox 1629 1179 1758 1215; x_wconf 82' lang='grc' dir='ltr'>μαθητὰς</span> <span class='ocrx_word' id='word_1_519' title='bbox 1779 1180 1866 1216; x_wconf 80' lang='grc' dir='ltr'><strong>χάριν,</strong></span> 
     </span>
    </p>
   </div>
   <div class='ocr_carea' id='block_1_72' title="bbox 1070 1225 1867 1261">
    <p class='ocr_par' dir='ltr' id='par_1_72' title="bbox 1070 1225 1867 1261">
     <span class='ocr_line' id='line_1_72' title="bbox 1070 1225 1867 1261; baseline 0.001 -9"><span class='ocrx_word' id='word_1_520' title='bbox 1070 1225 1187 1259; x_wconf 81' lang='grc' dir='ltr'>Πατέρα</span> <span class='ocrx_word' id='word_1_521' title='bbox 1201 1225 1294 1259; x_wconf 83' lang='grc' dir='ltr'>ὑμῶν,</span> <span class='ocrx_word' id='word_1_522' title='bbox 1311 1225 1355 1252; x_wconf 77' lang='grc' dir='ltr'>διὰ</span> <span class='ocrx_word' id='word_1_523' title='bbox 1371 1225 1400 1251; x_wconf 81' lang='grc' dir='ltr'><strong>δὲ</strong></span> <span class='ocrx_word' id='word_1_524' title='bbox 1414 1225 1444 1251; x_wconf 79' lang='grc' dir='ltr'>τὸ</span> <span class='ocrx_word' id='word_1_525' title='bbox 1457 1225 1528 1252; x_wconf 76' lang='grc' dir='ltr'>κατὰ</span> <span class='ocrx_word' id='word_1_526' title='bbox 1543 1225 1624 1259; x_wconf 80' lang='grc' dir='ltr'>φύσιν</span> <span class='ocrx_word' id='word_1_527' title='bbox 1637 1225 1729 1252; x_wconf 84' lang='grc' dir='ltr'>αὐτῶν</span> <span class='ocrx_word' id='word_1_528' title='bbox 1743 1226 1800 1253; x_wconf 86' lang='grc' dir='ltr'>τῶν</span> <span class='ocrx_word' id='word_1_529' title='bbox 1817 1235 1867 1261; x_wconf 87' lang='grc' dir='ltr'><strong>μα-</strong></span> 
     </span>
    </p>
   </div>
   <div class='ocr_carea' id='block_1_73' title="bbox 1071 1269 1867 1306">
    <p class='ocr_par' dir='ltr' id='par_1_73' title="bbox 1071 1269 1867 1306">
     <span class='ocr_line' id='line_1_73' title="bbox 1071 1269 1867 1306; baseline 0 -8"><span class='ocrx_word' id='word_1_530' title='bbox 1071 1270 1160 1306; x_wconf 79' lang='grc' dir='ltr'>θητῶν</span> <span class='ocrx_word' id='word_1_531' title='bbox 1178 1271 1247 1306; x_wconf 68' lang='grc' dir='ltr'>πρὸς</span> <span class='ocrx_word' id='word_1_532' title='bbox 1261 1271 1310 1305; x_wconf 84' lang='grc' dir='ltr'>τὴν</span> <span class='ocrx_word' id='word_1_533' title='bbox 1325 1270 1406 1297; x_wconf 84' lang='grc' dir='ltr'>αὐτοῦ</span> <span class='ocrx_word' id='word_1_534' title='bbox 1422 1269 1538 1306; x_wconf 79' lang='grc' dir='ltr'>θεύτητα</span> <span class='ocrx_word' id='word_1_535' title='bbox 1552 1271 1600 1297; x_wconf 79' lang='grc' dir='ltr'><strong>καὶ</strong></span> <span class='ocrx_word' id='word_1_536' title='bbox 1617 1270 1663 1297; x_wconf 85' lang='grc' dir='ltr'><strong>τοῦ</strong></span> <span class='ocrx_word' id='word_1_537' title='bbox 1681 1271 1773 1298; x_wconf 82' lang='grc' dir='ltr'><strong>ἀϊδίου</strong></span> <span class='ocrx_word' id='word_1_538' title='bbox 1788 1272 1867 1299; x_wconf 81' lang='grc' dir='ltr'>αὐτοῦ</span> 
     </span>
    </p>
   </div>
   <div class='ocr_carea' id='block_1_74' title="bbox 1071 1315 1866 1354">
    <p class='ocr_par' dir='ltr' id='par_1_74' title="bbox 1071 1315 1866 1354">
     <span class='ocr_line' id='line_1_74' title="bbox 1071 1315 1866 1354; baseline 0.003 -11"><span class='ocrx_word' id='word_1_539' title='bbox 1071 1317 1188 1354; x_wconf 80' lang='grc' dir='ltr'>Πατρὺς,</span> <span class='ocrx_word' id='word_1_540' title='bbox 1213 1316 1288 1344; x_wconf 85' lang='grc' dir='ltr'>Θεὸν</span> <span class='ocrx_word' id='word_1_541' title='bbox 1301 1316 1396 1351; x_wconf 80' lang='grc' dir='ltr'><strong>ὑμῶν.</strong></span> <span class='ocrx_word' id='word_1_542' title='bbox 1411 1315 1477 1348; x_wconf 83' lang='grc' dir='ltr'>Θεὸς</span> <span class='ocrx_word' id='word_1_543' title='bbox 1493 1316 1546 1352; x_wconf 82' lang='grc' dir='ltr'>γὰρ</span> <span class='ocrx_word' id='word_1_544' title='bbox 1559 1317 1613 1343; x_wconf 84' lang='grc' dir='ltr'>τῶν</span> <span class='ocrx_word' id='word_1_545' title='bbox 1638 1317 1790 1352; x_wconf 80' lang='grc' dir='ltr'><strong>μαθητῶν·</strong></span> <span class='ocrx_word' id='word_1_546' title='bbox 1815 1319 1866 1345; x_wconf 90' lang='grc' dir='ltr'><strong>Πα-</strong></span> 
     </span>
    </p>
   </div>
   <div class='ocr_carea' id='block_1_75' title="bbox 1071 1362 1869 1399">
    <p class='ocr_par' dir='ltr' id='par_1_75' title="bbox 1071 1362 1869 1399">
     <span class='ocr_line' id='line_1_75' title="bbox 1071 1362 1869 1399; baseline 0 -10"><span class='ocrx_word' id='word_1_547' title='bbox 1071 1363 1124 1398; x_wconf 83' lang='grc' dir='ltr'>τὴρ</span> <span class='ocrx_word' id='word_1_548' title='bbox 1147 1363 1176 1389; x_wconf 77' lang='grc' dir='ltr'><strong>δὲ</strong></span> <span class='ocrx_word' id='word_1_549' title='bbox 1197 1364 1245 1389; x_wconf 83' lang='grc' dir='ltr'><strong>τοῦ</strong></span> <span class='ocrx_word' id='word_1_550' title='bbox 1268 1362 1372 1398; x_wconf 82' lang='grc' dir='ltr'><strong>Κυρίου</strong></span> <span class='ocrx_word' id='word_1_551' title='bbox 1399 1362 1471 1389; x_wconf 77' lang='grc' dir='ltr'>κατὰ</span> <span class='ocrx_word' id='word_1_552' title='bbox 1493 1363 1583 1397; x_wconf 80' lang='grc' dir='ltr'>φύσιν,</span> <span class='ocrx_word' id='word_1_553' title='bbox 1605 1362 1659 1389; x_wconf 81' lang='grc' dir='ltr'><strong>τῶν</strong></span> <span class='ocrx_word' id='word_1_554' title='bbox 1687 1363 1717 1390; x_wconf 85' lang='grc' dir='ltr'>δὲ</span> <span class='ocrx_word' id='word_1_555' title='bbox 1740 1363 1869 1399; x_wconf 68' lang='grc' dir='ltr'>μαθητῶν</span> 
     </span>
    </p>
   </div>
   <div class='ocr_carea' id='block_1_76' title="bbox 1072 1408 1868 1445">
    <p class='ocr_par' dir='ltr' id='par_1_76' title="bbox 1072 1408 1868 1445">
     <span class='ocr_line' id='line_1_76' title="bbox 1072 1408 1868 1445; baseline -0.001 -9"><span class='ocrx_word' id='word_1_556' title='bbox 1072 1409 1167 1445; x_wconf 82' lang='grc' dir='ltr'>Πατὴρ</span> <span class='ocrx_word' id='word_1_557' title='bbox 1186 1409 1257 1436; x_wconf 85' lang='grc' dir='ltr'><strong>κατά</strong></span> <span class='ocrx_word' id='word_1_558' title='bbox 1271 1409 1350 1444; x_wconf 80' lang='grc' dir='ltr'>χάριν</span> <span class='ocrx_word' id='word_1_559' title='bbox 1361 1416 1368 1424; x_wconf 90' lang='grc'><strong>·</strong></span> <span class='ocrx_word' id='word_1_560' title='bbox 1386 1408 1452 1440; x_wconf 79' lang='grc' dir='ltr'>Θεὸς</span> <span class='ocrx_word' id='word_1_561' title='bbox 1467 1408 1495 1435; x_wconf 80' lang='grc' dir='ltr'><strong>δὲ</strong></span> <span class='ocrx_word' id='word_1_562' title='bbox 1514 1408 1561 1435; x_wconf 81' lang='grc' dir='ltr'><strong>τοῦ</strong></span> <span class='ocrx_word' id='word_1_563' title='bbox 1574 1408 1639 1435; x_wconf 80' lang='grc' dir='ltr'>Υίοῦ</span> <span class='ocrx_word' id='word_1_564' title='bbox 1656 1409 1733 1436; x_wconf 83' lang='grc' dir='ltr'>ἐστιν</span> <span class='ocrx_word' id='word_1_565' title='bbox 1749 1409 1763 1434; x_wconf 84' lang='grc' dir='ltr'>ὁ</span> <span class='ocrx_word' id='word_1_566' title='bbox 1777 1408 1868 1444; x_wconf 75' lang='grc' dir='ltr'>Πατὴρ</span> 
     </span>
    </p>
   </div>
   <div class='ocr_carea' id='block_1_77' title="bbox 1071 1454 1869 1491">
    <p class='ocr_par' dir='ltr' id='par_1_77' title="bbox 1071 1454 1869 1491">
     <span class='ocr_line' id='line_1_77' title="bbox 1071 1454 1869 1491; baseline 0 -9"><span class='ocrx_word' id='word_1_567' title='bbox 1071 1455 1116 1482; x_wconf 84' lang='grc' dir='ltr'>διὰ</span> <span class='ocrx_word' id='word_1_568' title='bbox 1127 1455 1178 1491; x_wconf 83' lang='grc' dir='ltr'><strong>τὴν</strong></span> <span class='ocrx_word' id='word_1_569' title='bbox 1195 1455 1295 1490; x_wconf 80' lang='grc' dir='ltr'><strong>σάρκα,</strong></span> <span class='ocrx_word' id='word_1_570' title='bbox 1312 1455 1406 1491; x_wconf 84' lang='grc' dir='ltr'>Πατὴρ</span> <span class='ocrx_word' id='word_1_571' title='bbox 1430 1455 1458 1482; x_wconf 79' lang='grc' dir='ltr'>δὲ</span> <span class='ocrx_word' id='word_1_572' title='bbox 1480 1454 1524 1482; x_wconf 81' lang='grc' dir='ltr'>διὰ</span> <span class='ocrx_word' id='word_1_573' title='bbox 1545 1455 1577 1481; x_wconf 80' lang='grc' dir='ltr'>τὸ</span> <span class='ocrx_word' id='word_1_574' title='bbox 1591 1455 1676 1482; x_wconf 82' lang='grc' dir='ltr'>ἀΐδιον</span> <span class='ocrx_word' id='word_1_575' title='bbox 1698 1456 1748 1482; x_wconf 78' lang='grc' dir='ltr'>καὶ</span> <span class='ocrx_word' id='word_1_576' title='bbox 1767 1455 1869 1483; x_wconf 81' lang='grc' dir='ltr'>ἀκατά-</span> 
     </span>
    </p>
   </div>
   <div class='ocr_carea' id='block_1_78' title="bbox 1072 1503 1869 1540">
    <p class='ocr_par' dir='ltr' id='par_1_78' title="bbox 1072 1503 1869 1540">
     <span class='ocr_line' id='line_1_78' title="bbox 1072 1503 1869 1540; baseline 0 -10"><span class='ocrx_word' id='word_1_577' title='bbox 1072 1504 1174 1539; x_wconf 85' lang='grc' dir='ltr'>ληπτον</span> <span class='ocrx_word' id='word_1_578' title='bbox 1190 1504 1240 1539; x_wconf 83' lang='grc' dir='ltr'><strong>τῆς</strong></span> <span class='ocrx_word' id='word_1_579' title='bbox 1263 1503 1346 1531; x_wconf 78' lang='grc' dir='ltr'>αὐτοῦ</span> <span class='ocrx_word' id='word_1_580' title='bbox 1370 1504 1523 1540; x_wconf 79' lang='grc' dir='ltr'>γεννήσεως</span> <span class='ocrx_word' id='word_1_581' title='bbox 1538 1504 1586 1530; x_wconf 72' lang='grc' dir='ltr'><strong>καὶ</strong></span> <span class='ocrx_word' id='word_1_582' title='bbox 1604 1504 1805 1540; x_wconf 86' lang='grc' dir='ltr'>γνησιότητος·</span> <span class='ocrx_word' id='word_1_583' title='bbox 1830 1504 1869 1531; x_wconf 76' lang='grc' dir='ltr'>ὅτι</span> 
     </span>
    </p>
   </div>
   <div class='ocr_carea' id='block_1_79' title="bbox 1074 1548 1869 1585">
    <p class='ocr_par' dir='ltr' id='par_1_79' title="bbox 1074 1548 1869 1585">
     <span class='ocr_line' id='line_1_79' title="bbox 1074 1548 1869 1585; baseline 0 -9"><span class='ocrx_word' id='word_1_584' title='bbox 1074 1551 1103 1577; x_wconf 82' lang='grc' dir='ltr'>ἐν</span> <span class='ocrx_word' id='word_1_585' title='bbox 1118 1550 1233 1585; x_wconf 77' lang='grc' dir='ltr'><strong>ἀληθείᾳ</strong></span> <span class='ocrx_word' id='word_1_586' title='bbox 1248 1551 1321 1577; x_wconf 72' lang='grc' dir='ltr'>ἐστὶν</span> <span class='ocrx_word' id='word_1_587' title='bbox 1333 1549 1415 1576; x_wconf 83' lang='grc' dir='ltr'>αὑτοῦ</span> <span class='ocrx_word' id='word_1_588' title='bbox 1429 1550 1535 1585; x_wconf 73' lang='grc' dir='ltr'>Πατὴρ,</span> <span class='ocrx_word' id='word_1_589' title='bbox 1552 1549 1687 1584; x_wconf 83' lang='grc' dir='ltr'>γεννήσας</span> <span class='ocrx_word' id='word_1_590' title='bbox 1700 1550 1784 1576; x_wconf 81' lang='grc' dir='ltr'>αὑτὸν</span> <span class='ocrx_word' id='word_1_591' title='bbox 1795 1548 1869 1585; x_wconf 80' lang='grc' dir='ltr'>ἀχρό-</span> 
     </span>
    </p>
   </div>
   <div class='ocr_carea' id='block_1_80' title="bbox 1073 1595 1870 1632">
    <p class='ocr_par' dir='ltr' id='par_1_80' title="bbox 1073 1595 1870 1632">
     <span class='ocr_line' id='line_1_80' title="bbox 1073 1595 1870 1632; baseline -0.001 -9"><span class='ocrx_word' id='word_1_592' title='bbox 1073 1605 1126 1628; x_wconf 79' lang='grc' dir='ltr'><strong>νως</strong></span> <span class='ocrx_word' id='word_1_593' title='bbox 1139 1597 1186 1623; x_wconf 79' lang='grc' dir='ltr'>καὶ</span> <span class='ocrx_word' id='word_1_594' title='bbox 1197 1596 1323 1632; x_wconf 81' lang='grc' dir='ltr'>ἀνάρχως</span> <span class='ocrx_word' id='word_1_595' title='bbox 1338 1595 1408 1622; x_wconf 86' lang='grc' dir='ltr'>κατὰ</span> <span class='ocrx_word' id='word_1_596' title='bbox 1425 1595 1474 1631; x_wconf 87' lang='grc' dir='ltr'>τὴν</span> <span class='ocrx_word' id='word_1_597' title='bbox 1488 1595 1614 1631; x_wconf 83' lang='grc' dir='ltr'>ϐεότητα.</span> <span class='ocrx_word' id='word_1_598' title='bbox 1628 1595 1696 1622; x_wconf 78' lang='grc' dir='ltr'>Θεὸν</span> <span class='ocrx_word' id='word_1_599' title='bbox 1717 1595 1747 1622; x_wconf 82' lang='grc' dir='ltr'><strong>δὲ</strong></span> <span class='ocrx_word' id='word_1_600' title='bbox 1762 1596 1870 1631; x_wconf 81' lang='grc' dir='ltr'>ἐδέησεν</span> 
     </span>
    </p>
   </div>
   <div class='ocr_carea' id='block_1_81' title="bbox 1074 1641 1868 1677">
    <p class='ocr_par' dir='ltr' id='par_1_81' title="bbox 1074 1641 1868 1677">
     <span class='ocr_line' id='line_1_81' title="bbox 1074 1641 1868 1677; baseline -0.001 -8"><span class='ocrx_word' id='word_1_601' title='bbox 1074 1643 1162 1669; x_wconf 80' lang='grc' dir='ltr'>εἰπεῖν</span> <span class='ocrx_word' id='word_1_602' title='bbox 1183 1641 1278 1675; x_wconf 81' lang='grc' dir='ltr'>αὐτοῦ,</span> <span class='ocrx_word' id='word_1_603' title='bbox 1298 1642 1332 1668; x_wconf 86' lang='grc' dir='ltr'><strong>δι’</strong></span> <span class='ocrx_word' id='word_1_604' title='bbox 1346 1642 1380 1676; x_wconf 83' lang='grc' dir='ltr'>ἣν</span> <span class='ocrx_word' id='word_1_605' title='bbox 1403 1642 1437 1667; x_wconf 88' lang='grc' dir='ltr'><strong>δι’</strong></span> <span class='ocrx_word' id='word_1_606' title='bbox 1451 1643 1524 1677; x_wconf 82' lang='grc' dir='ltr'>ἡμᾶς</span> <span class='ocrx_word' id='word_1_607' title='bbox 1546 1641 1678 1676; x_wconf 68' lang='grc' dir='ltr'>εποίησεν</span> <span class='ocrx_word' id='word_1_608' title='bbox 1702 1642 1868 1677; x_wconf 84' lang='grc' dir='ltr'>οίκονομίαν,</span> 
     </span>
    </p>
   </div>
   <div class='ocr_carea' id='block_1_82' title="bbox 1073 1687 1869 1724">
    <p class='ocr_par' dir='ltr' id='par_1_82' title="bbox 1073 1687 1869 1724">
     <span class='ocr_line' id='line_1_82' title="bbox 1073 1687 1869 1724; baseline -0.004 -8"><span class='ocrx_word' id='word_1_609' title='bbox 1073 1689 1111 1715; x_wconf 83' lang='grc' dir='ltr'>ὣν</span> <span class='ocrx_word' id='word_1_610' title='bbox 1133 1689 1177 1716; x_wconf 75' lang='grc' dir='ltr'>ἀεὶ</span> <span class='ocrx_word' id='word_1_611' title='bbox 1193 1688 1261 1724; x_wconf 80' lang='grc' dir='ltr'>πρὸς</span> <span class='ocrx_word' id='word_1_612' title='bbox 1282 1688 1321 1723; x_wconf 82' lang='grc' dir='ltr'>τῷ</span> <span class='ocrx_word' id='word_1_613' title='bbox 1344 1688 1433 1723; x_wconf 75' lang='grc' dir='ltr'>Πατρὶ</span> <span class='ocrx_word' id='word_1_614' title='bbox 1457 1687 1598 1722; x_wconf 81' lang='grc' dir='ltr'>γεννηθεὶς</span> <span class='ocrx_word' id='word_1_615' title='bbox 1623 1687 1754 1723; x_wconf 84' lang='grc' dir='ltr'><strong>ἁνάρχως</strong></span> <span class='ocrx_word' id='word_1_616' title='bbox 1775 1687 1869 1721; x_wconf 81' lang='grc' dir='ltr'>Λόγος,</span> 
     </span>
    </p>
   </div>
   <div class='ocr_carea' id='block_1_83' title="bbox 1073 1734 1870 1771">
    <p class='ocr_par' dir='ltr' id='par_1_83' title="bbox 1073 1734 1870 1771">
     <span class='ocr_line' id='line_1_83' title="bbox 1073 1734 1870 1771; baseline -0.004 -9"><span class='ocrx_word' id='word_1_617' title='bbox 1073 1737 1102 1762; x_wconf 80' lang='grc' dir='ltr'>ὲν</span> <span class='ocrx_word' id='word_1_618' title='bbox 1120 1736 1203 1771; x_wconf 73' lang='grc' dir='ltr'>σαρκὶ</span> <span class='ocrx_word' id='word_1_619' title='bbox 1224 1735 1252 1762; x_wconf 83' lang='grc' dir='ltr'><strong>δὲ</strong></span> <span class='ocrx_word' id='word_1_620' title='bbox 1275 1734 1329 1761; x_wconf 77' lang='grc' dir='ltr'>ἀπὸ</span> <span class='ocrx_word' id='word_1_621' title='bbox 1353 1734 1464 1769; x_wconf 84' lang='grc' dir='ltr'>Μαρίας</span> <span class='ocrx_word' id='word_1_622' title='bbox 1486 1735 1530 1760; x_wconf 74' lang='grc' dir='ltr'><strong>ἐπ’</strong></span> <span class='ocrx_word' id='word_1_623' title='bbox 1544 1734 1662 1769; x_wconf 76' lang='grc' dir='ltr'><strong>ἐσχάτου</strong></span> <span class='ocrx_word' id='word_1_624' title='bbox 1688 1734 1744 1762; x_wconf 87' lang='grc' dir='ltr'>τῶν</span> <span class='ocrx_word' id='word_1_625' title='bbox 1760 1734 1870 1770; x_wconf 84' lang='grc' dir='ltr'>ἡμερῶν</span> 
     </span>
    </p>
   </div>
   <div class='ocr_carea' id='block_1_84' title="bbox 1073 1779 1869 1816">
    <p class='ocr_par' dir='ltr' id='par_1_84' title="bbox 1073 1779 1869 1816">
     <span class='ocr_line' id='line_1_84' title="bbox 1073 1779 1869 1816; baseline -0.001 -9"><span class='ocrx_word' id='word_1_626' title='bbox 1073 1781 1214 1816; x_wconf 74' lang='grc' dir='ltr'>γεννηθεὶς</span> <span class='ocrx_word' id='word_1_627' title='bbox 1239 1779 1312 1807; x_wconf 85' lang='grc' dir='ltr'><strong>κατά</strong></span> <span class='ocrx_word' id='word_1_628' title='bbox 1333 1779 1432 1815; x_wconf 85' lang='grc' dir='ltr'>σάρκα,</span> <span class='ocrx_word' id='word_1_629' title='bbox 1460 1780 1493 1806; x_wconf 80' lang='grc' dir='ltr'>ὲκ</span> <span class='ocrx_word' id='word_1_630' title='bbox 1515 1780 1626 1815; x_wconf 78' lang='grc' dir='ltr'>Μαρίας</span> <span class='ocrx_word' id='word_1_631' title='bbox 1653 1780 1684 1806; x_wconf 82' lang='grc' dir='ltr'>δὲ</span> <span class='ocrx_word' id='word_1_632' title='bbox 1708 1781 1760 1816; x_wconf 81' lang='grc' dir='ltr'>τῆς</span> <span class='ocrx_word' id='word_1_633' title='bbox 1787 1779 1869 1814; x_wconf 79' lang='grc' dir='ltr'>αὐτῆς</span> 
     </span>
    </p>
   </div>
   <div class='ocr_carea' id='block_1_85' title="bbox 1073 1825 1649 1861">
    <p class='ocr_par' dir='ltr' id='par_1_85' title="bbox 1073 1825 1649 1861">
     <span class='ocr_line' id='line_1_85' title="bbox 1073 1825 1649 1861; baseline 0 -8"><span class='ocrx_word' id='word_1_634' title='bbox 1073 1827 1155 1861; x_wconf 84' lang='grc' dir='ltr'>ἁγίας</span> <span class='ocrx_word' id='word_1_635' title='bbox 1170 1825 1309 1861; x_wconf 80' lang='grc' dir='ltr'>Παρθένου</span> <span class='ocrx_word' id='word_1_636' title='bbox 1327 1825 1371 1852; x_wconf 77' lang='grc' dir='ltr'><strong>διὰ</strong></span> <span class='ocrx_word' id='word_1_637' title='bbox 1388 1825 1547 1860; x_wconf 78' lang='grc' dir='ltr'>Πνεύματος</span> <span class='ocrx_word' id='word_1_638' title='bbox 1560 1826 1649 1860; x_wconf 85' lang='grc' dir='ltr'>ἁγίου.</span> 
     </span>
    </p>
   </div>
   <div class='ocr_carea' id='block_1_86' title="bbox 1108 1870 1874 1908">
    <p class='ocr_par' dir='ltr' id='par_1_86' title="bbox 1108 1870 1874 1908">
     <span class='ocr_line' id='line_1_86' title="bbox 1108 1870 1874 1908; baseline -0.005 -9"><span class='ocrx_word' id='word_1_639' title='bbox 1108 1873 1171 1899; x_wconf 87' lang='lat' dir='ltr'><strong>AA&#39;.</strong></span> <span class='ocrx_word' id='word_1_640' title='bbox 1200 1871 1355 1898; x_wconf 82' lang='grc' dir='ltr'>Νοείτωσαν</span> <span class='ocrx_word' id='word_1_641' title='bbox 1378 1871 1469 1898; x_wconf 84' lang='grc' dir='ltr'>τοίνυν</span> <span class='ocrx_word' id='word_1_642' title='bbox 1491 1872 1526 1898; x_wconf 82' lang='grc' dir='ltr'><strong>τὰ</strong></span> <span class='ocrx_word' id='word_1_643' title='bbox 1550 1871 1633 1907; x_wconf 81' lang='grc' dir='ltr'>βαθέα</span> <span class='ocrx_word' id='word_1_644' title='bbox 1656 1873 1708 1908; x_wconf 85' lang='grc' dir='ltr'>τῆς</span> <span class='ocrx_word' id='word_1_645' title='bbox 1731 1881 1775 1899; x_wconf 84' lang='grc' dir='ltr'>το.</span> <span class='ocrx_word' id='word_1_646' title='bbox 1793 1870 1874 1896; x_wconf 49' lang='lat' dir='ltr'><strong>“MK:</strong></span> 
     </span>
    </p>
   </div>
   <div class='ocr_carea' id='block_1_87' title="bbox 1074 1916 1868 1955">
    <p class='ocr_par' dir='ltr' id='par_1_87' title="bbox 1074 1916 1868 1955">
     <span class='ocr_line' id='line_1_87' title="bbox 1074 1916 1868 1955; baseline -0.001 -10"><span class='ocrx_word' id='word_1_647' title='bbox 1074 1918 1276 1955; x_wconf 80' lang='grc' dir='ltr'>πραγματείας,</span> <span class='ocrx_word' id='word_1_648' title='bbox 1290 1918 1337 1945; x_wconf 80' lang='grc' dir='ltr'><strong>καὶ</strong></span> <span class='ocrx_word' id='word_1_649' title='bbox 1353 1918 1390 1954; x_wconf 83' lang='grc' dir='ltr'>μὴ</span> <span class='ocrx_word' id='word_1_650' title='bbox 1405 1918 1454 1954; x_wconf 84' lang='grc' dir='ltr'>τὴν</span> <span class='ocrx_word' id='word_1_651' title='bbox 1475 1918 1555 1954; x_wconf 80' lang='grc' dir='ltr'>χάριν</span> <span class='ocrx_word' id='word_1_652' title='bbox 1580 1919 1620 1950; x_wconf 80' lang='grc' dir='ltr'><strong>είς</strong></span> <span class='ocrx_word' id='word_1_653' title='bbox 1634 1919 1798 1955; x_wconf 83' lang='grc' dir='ltr'>ἀχαριστίαν</span> <span class='ocrx_word' id='word_1_654' title='bbox 1811 1916 1868 1953; x_wconf 80' lang='grc' dir='ltr'>τρέ-</span> 
     </span>
    </p>
   </div>
   <div class='ocr_carea' id='block_1_88' title="bbox 1073 1961 1868 2000">
    <p class='ocr_par' dir='ltr' id='par_1_88' title="bbox 1073 1961 1868 2000">
     <span class='ocr_line' id='line_1_88' title="bbox 1073 1961 1868 2000; baseline -0.004 -9"><span class='ocrx_word' id='word_1_655' title='bbox 1073 1964 1171 1999; x_wconf 73' lang='grc' dir='ltr'>ψωσιν,</span> <span class='ocrx_word' id='word_1_656' title='bbox 1196 1964 1304 1998; x_wconf 75' lang='grc' dir='ltr'><strong>ἀδοξίαν</strong></span> <span class='ocrx_word' id='word_1_657' title='bbox 1327 1963 1499 2000; x_wconf 80' lang='grc' dir='ltr'>λογιζόμενοι</span> <span class='ocrx_word' id='word_1_658' title='bbox 1529 1965 1570 1996; x_wconf 84' lang='grc' dir='ltr'><strong>είς</strong></span> <span class='ocrx_word' id='word_1_659' title='bbox 1590 1963 1639 1999; x_wconf 82' lang='grc' dir='ltr'>τὴν</span> <span class='ocrx_word' id='word_1_660' title='bbox 1665 1965 1806 1999; x_wconf 77' lang='grc' dir='ltr'>ἄφραστον</span> <span class='ocrx_word' id='word_1_661' title='bbox 1826 1961 1868 1988; x_wconf 71' lang='grc' dir='ltr'><strong>καὶ</strong></span> 
     </span>
    </p>
   </div>
   <div class='ocr_carea' id='block_1_89' title="bbox 1074 2009 1868 2046">
    <p class='ocr_par' dir='ltr' id='par_1_89' title="bbox 1074 2009 1868 2046">
     <span class='ocr_line' id='line_1_89' title="bbox 1074 2009 1868 2046; baseline -0.003 -9"><span class='ocrx_word' id='word_1_662' title='bbox 1074 2011 1266 2046; x_wconf 75' lang='grc' dir='ltr'>ἀκατάληπτον</span> <span class='ocrx_word' id='word_1_663' title='bbox 1283 2009 1330 2037; x_wconf 84' lang='grc' dir='ltr'><strong>τοῦ</strong></span> <span class='ocrx_word' id='word_1_664' title='bbox 1355 2009 1422 2036; x_wconf 86' lang='grc' dir='ltr'>Θεοῦ</span> <span class='ocrx_word' id='word_1_665' title='bbox 1450 2010 1530 2044; x_wconf 84' lang='grc' dir='ltr'>φύσιν</span> <span class='ocrx_word' id='word_1_666' title='bbox 1549 2010 1599 2045; x_wconf 83' lang='grc' dir='ltr'>τὴν</span> <span class='ocrx_word' id='word_1_667' title='bbox 1625 2010 1664 2041; x_wconf 84' lang='grc' dir='ltr'><strong>είς</strong></span> <span class='ocrx_word' id='word_1_668' title='bbox 1687 2010 1765 2045; x_wconf 81' lang='grc' dir='ltr'>ἡμᾶς</span> <span class='ocrx_word' id='word_1_669' title='bbox 1784 2015 1868 2042; x_wconf 78' lang='grc' dir='ltr'>σωτη-</span> 
     </span>
    </p>
   </div>
   <div class='ocr_carea' id='block_1_90' title="bbox 1076 2053 1869 2091">
    <p class='ocr_par' dir='ltr' id='par_1_90' title="bbox 1076 2053 1869 2091">
     <span class='ocr_line' id='line_1_90' title="bbox 1076 2053 1869 2091; baseline -0.003 -10"><span class='ocrx_word' id='word_1_670' title='bbox 1076 2055 1147 2090; x_wconf 84' lang='grc' dir='ltr'>ρίαν.</span> <span class='ocrx_word' id='word_1_671' title='bbox 1178 2055 1268 2087; x_wconf 82' lang='grc' dir='ltr'>Ἀλλὰ,</span> <span class='ocrx_word' id='word_1_672' title='bbox 1293 2055 1370 2088; x_wconf 77' lang='grc' dir='ltr'>φασὶ,</span> <span class='ocrx_word' id='word_1_673' title='bbox 1392 2055 1457 2091; x_wconf 75' lang='grc' dir='ltr'>περὶ</span> <span class='ocrx_word' id='word_1_674' title='bbox 1478 2055 1524 2082; x_wconf 84' lang='grc' dir='ltr'><strong>τοῦ</strong></span> <span class='ocrx_word' id='word_1_675' title='bbox 1542 2054 1609 2081; x_wconf 84' lang='grc' dir='ltr'>Θεοῦ</span> <span class='ocrx_word' id='word_1_676' title='bbox 1624 2054 1801 2090; x_wconf 78' lang='grc' dir='ltr'>γέγραπται·</span> <span class='ocrx_word' id='word_1_677' title='bbox 1830 2053 1869 2079; x_wconf 80' lang='grc' dir='ltr'><strong>Οὐ</strong></span> 
     </span>
    </p>
   </div>
   <div class='ocr_carea' id='block_1_91' title="bbox 1075 2099 1866 2135">
    <p class='ocr_par' dir='ltr' id='par_1_91' title="bbox 1075 2099 1866 2135">
     <span class='ocr_line' id='line_1_91' title="bbox 1075 2099 1866 2135; baseline -0.003 -7"><span class='ocrx_word' id='word_1_678' title='bbox 1075 2100 1222 2134; x_wconf 78' lang='grc' dir='ltr'>πεινάσει,</span> <span class='ocrx_word' id='word_1_679' title='bbox 1237 2101 1307 2128; x_wconf 82' lang='grc' dir='ltr'><strong>οὐδὲ</strong></span> <span class='ocrx_word' id='word_1_680' title='bbox 1317 2101 1452 2135; x_wconf 68' lang='grc' dir='ltr'><strong>διψήσει,</strong></span> <span class='ocrx_word' id='word_1_681' title='bbox 1467 2101 1538 2128; x_wconf 80' lang='grc' dir='ltr'>οὐδέ</span> <span class='ocrx_word' id='word_1_682' title='bbox 1552 2101 1638 2127; x_wconf 81' lang='grc' dir='ltr'>ἐστιν</span> <span class='ocrx_word' id='word_1_683' title='bbox 1649 2101 1806 2135; x_wconf 68' lang='grc' dir='ltr'>ἐξεύρεσις</span> <span class='ocrx_word' id='word_1_684' title='bbox 1817 2099 1866 2132; x_wconf 72' lang='grc' dir='ltr'>τῆς</span> 
     </span>
    </p>
   </div>
   <div class='ocr_carea' id='block_1_92' title="bbox 1075 2145 1869 2183">
    <p class='ocr_par' dir='ltr' id='par_1_92' title="bbox 1075 2145 1869 2183">
     <span class='ocr_line' id='line_1_92' title="bbox 1075 2145 1869 2183; baseline -0.004 -9"><span class='ocrx_word' id='word_1_685' title='bbox 1075 2147 1251 2182; x_wconf 66' lang='grc' dir='ltr'>φρονήσεως</span> <span class='ocrx_word' id='word_1_686' title='bbox 1267 2147 1360 2174; x_wconf 81' lang='grc' dir='ltr'>αὑτοῦ</span> <span class='ocrx_word' id='word_1_687' title='bbox 1371 2154 1377 2161; x_wconf 91' lang='grc'>·</span> <span class='ocrx_word' id='word_1_688' title='bbox 1394 2147 1460 2183; x_wconf 78' lang='grc' dir='ltr'>περὶ</span> <span class='ocrx_word' id='word_1_689' title='bbox 1476 2147 1503 2173; x_wconf 83' lang='grc' dir='ltr'><strong>δὲ</strong></span> <span class='ocrx_word' id='word_1_690' title='bbox 1517 2146 1564 2172; x_wconf 84' lang='grc' dir='ltr'><strong>τοῦ</strong></span> <span class='ocrx_word' id='word_1_691' title='bbox 1580 2145 1656 2178; x_wconf 86' lang='grc' dir='ltr'>Υἱοῦ,</span> <span class='ocrx_word' id='word_1_692' title='bbox 1672 2147 1715 2173; x_wconf 86' lang='grc' dir='ltr'>ὅτι</span> <span class='ocrx_word' id='word_1_693' title='bbox 1730 2145 1869 2172; x_wconf 67' lang='grc' dir='ltr'>ἐπείνασεν</span> 
     </span>
    </p>
   </div>
   <div class='ocr_carea' id='block_1_93' title="bbox 232 2190 1019 2228">
    <p class='ocr_par' dir='ltr' id='par_1_93' title="bbox 232 2191 1019 2227">
     <span class='ocr_line' id='line_1_93' title="bbox 232 2191 1019 2227; baseline 0.003 -9"><span class='ocrx_word' id='word_1_694' title='bbox 232 2193 357 2226; x_wconf 76' lang='lat' dir='ltr'><strong>ipsius&#39;;</strong></span> <span class='ocrx_word' id='word_1_695' title='bbox 380 2196 477 2219; x_wconf 84' lang='lat' dir='ltr'><strong>contra</strong></span> <span class='ocrx_word' id='word_1_696' title='bbox 505 2198 571 2219; x_wconf 89' lang='lat' dir='ltr'><strong>vero</strong></span> <span class='ocrx_word' id='word_1_697' title='bbox 593 2191 626 2218; x_wconf 90' lang='lat' dir='ltr'><strong>de</strong></span> <span class='ocrx_word' id='word_1_698' title='bbox 652 2191 722 2218; x_wconf 78' lang='lat' dir='ltr'><strong>Filio</strong></span> <span class='ocrx_word' id='word_1_699' title='bbox 746 2192 872 2227; x_wconf 73' lang='lat' dir='ltr'><strong>legimus,</strong></span> <span class='ocrx_word' id='word_1_700' title='bbox 896 2193 972 2220; x_wconf 88' lang='lat' dir='ltr'><strong>illum</strong></span> <span class='ocrx_word' id='word_1_701' title='bbox 995 2195 1019 2221; x_wconf 87' lang='lat' dir='ltr'><strong>in</strong></span> 
     </span>
    </p>
   </div>
   <div class='ocr_carea' id='block_1_94' title="bbox 1071 2190 1868 2228">
    <p class='ocr_par' dir='ltr' id='par_1_94' title="bbox 1077 2190 1868 2228">
     <span class='ocr_line' id='line_1_94' title="bbox 1077 2190 1868 2228; baseline -0.001 -9"><span class='ocrx_word' id='word_1_702' title='bbox 1077 2193 1106 2219; x_wconf 82' lang='grc' dir='ltr'>ὲν</span> <span class='ocrx_word' id='word_1_703' title='bbox 1123 2194 1156 2228; x_wconf 83' lang='grc' dir='ltr'>τῇ</span> <span class='ocrx_word' id='word_1_704' title='bbox 1182 2193 1278 2228; x_wconf 81' lang='grc' dir='ltr'>ὲρήμω</span> <span class='ocrx_word' id='word_1_705' title='bbox 1300 2192 1371 2219; x_wconf 85' lang='grc' dir='ltr'><strong>κατά</strong></span> <span class='ocrx_word' id='word_1_706' title='bbox 1383 2193 1429 2219; x_wconf 78' lang='grc' dir='ltr'>τὸν</span> <span class='ocrx_word' id='word_1_707' title='bbox 1456 2191 1618 2227; x_wconf 80' lang='grc' dir='ltr'>πειρασμόν.</span> <span class='ocrx_word' id='word_1_708' title='bbox 1634 2192 1689 2218; x_wconf 82' lang='grc' dir='ltr'>Καί</span> <span class='ocrx_word' id='word_1_709' title='bbox 1714 2199 1816 2228; x_wconf 78' lang='grc' dir='ltr'>φησιν’</span> <span class='ocrx_word' id='word_1_710' title='bbox 1839 2190 1868 2215; x_wconf 88' lang='grc'><strong>’0</strong></span> 
     </span>
    </p>
   </div>
   <div class='ocr_carea' id='block_1_95' title="bbox 233 2236 1025 2272">
    <p class='ocr_par' dir='ltr' id='par_1_95' title="bbox 233 2236 1025 2272">
     <span class='ocr_line' id='line_1_95' title="bbox 233 2236 1025 2272; baseline 0.001 -7"><span class='ocrx_word' id='word_1_711' title='bbox 233 2238 382 2265; x_wconf 76' lang='grc' dir='ltr'>ευίίιυιίίηο</span> <span class='ocrx_word' id='word_1_712' title='bbox 412 2241 472 2272; x_wconf 91' lang='lat' dir='ltr'><strong>post</strong></span> <span class='ocrx_word' id='word_1_713' title='bbox 502 2236 679 2263; x_wconf 86' lang='lat' dir='ltr'><strong>tentationem</strong></span> <span class='ocrx_word' id='word_1_714' title='bbox 705 2237 849 2265; x_wconf 68' lang='lat' dir='ltr'><strong>esurisse‘.</strong></span> <span class='ocrx_word' id='word_1_715' title='bbox 870 2238 1025 2266; x_wconf 88' lang='lat' dir='ltr'><strong>Similiter:</strong></span> 
     </span>
    </p>
   </div>
   <div class='ocr_carea' id='block_1_96' title="bbox 233 2281 1025 2317">
    <p class='ocr_par' dir='ltr' id='par_1_96' title="bbox 233 2281 1025 2317">
     <span class='ocr_line' id='line_1_96' title="bbox 233 2281 1025 2317; baseline 0.003 -7"><span class='ocrx_word' id='word_1_716' title='bbox 233 2283 314 2316; x_wconf 79' lang='lat' dir='ltr'><strong>Deus,</strong></span> <span class='ocrx_word' id='word_1_717' title='bbox 329 2283 429 2317; x_wconf 88' lang='lat' dir='ltr'><strong>inquit,</strong></span> <span class='ocrx_word' id='word_1_718' title='bbox 446 2290 498 2309; x_wconf 81' lang='lat' dir='ltr'><strong>non</strong></span> <span class='ocrx_word' id='word_1_719' title='bbox 516 2281 704 2316; x_wconf 77' lang='lat' dir='ltr'><strong>fatigabitur&#39;.</strong></span> <span class='ocrx_word' id='word_1_720' title='bbox 722 2281 854 2310; x_wconf 90' lang='lat' dir='ltr'><strong>Dominus</strong></span> <span class='ocrx_word' id='word_1_721' title='bbox 870 2290 933 2310; x_wconf 85' lang='lat' dir='ltr'><strong>vero</strong></span> <span class='ocrx_word' id='word_1_722' title='bbox 945 2283 1025 2312; x_wconf 70' lang='lat' dir='ltr'><strong>Iesus</strong></span> 
     </span>
    </p>
   </div>
   <div class='ocr_carea' id='block_1_97' title="bbox 232 2327 1023 2363">
    <p class='ocr_par' dir='ltr' id='par_1_97' title="bbox 232 2327 1023 2363">
     <span class='ocr_line' id='line_1_97' title="bbox 232 2327 1023 2363; baseline 0.001 -8"><span class='ocrx_word' id='word_1_723' title='bbox 232 2329 259 2356; x_wconf 86' lang='lat' dir='ltr'><strong>in</strong></span> <span class='ocrx_word' id='word_1_724' title='bbox 286 2330 383 2356; x_wconf 87' lang='lat' dir='ltr'><strong>itinere</strong></span> <span class='ocrx_word' id='word_1_725' title='bbox 405 2328 534 2363; x_wconf 79' lang='lat' dir='ltr'><strong>fatigatus</strong></span> <span class='ocrx_word' id='word_1_726' title='bbox 561 2331 603 2354; x_wconf 88' lang='lat' dir='ltr'><strong>est</strong></span> <span class='ocrx_word' id='word_1_727' title='bbox 617 2327 638 2353; x_wconf 85' lang='grc'>⁸.</span> <span class='ocrx_word' id='word_1_728' title='bbox 668 2328 746 2359; x_wconf 82' lang='lat' dir='ltr'><strong>item,</strong></span> <span class='ocrx_word' id='word_1_729' title='bbox 774 2327 834 2355; x_wconf 88' lang='lat' dir='ltr'><strong>Non</strong></span> <span class='ocrx_word' id='word_1_730' title='bbox 857 2328 1023 2362; x_wconf 82' lang='lat' dir='ltr'><strong>dormitabit,</strong></span> 
     </span>
    </p>
   </div>
   <div class='ocr_carea' id='block_1_98' title="bbox 232 2371 1024 2408">
    <p class='ocr_par' dir='ltr' id='par_1_98' title="bbox 232 2371 1024 2408">
     <span class='ocr_line' id='line_1_98' title="bbox 232 2371 1024 2408; baseline 0.001 -6"><span class='ocrx_word' id='word_1_731' title='bbox 232 2383 313 2404; x_wconf 73' lang='lat' dir='ltr'><strong>mane</strong></span> <span class='ocrx_word' id='word_1_732' title='bbox 332 2374 444 2401; x_wconf 83' lang='lat' dir='ltr'><strong>dormiet</strong></span> <span class='ocrx_word' id='word_1_733' title='bbox 463 2373 508 2408; x_wconf 81' lang='lat' dir='ltr'><strong>qui</strong></span> <span class='ocrx_word' id='word_1_734' title='bbox 525 2371 640 2399; x_wconf 77' lang='lat' dir='ltr'><strong>custodit</strong></span> <span class='ocrx_word' id='word_1_735' title='bbox 658 2371 745 2400; x_wconf 68' lang='lat' dir='ltr'><strong>Israel</strong></span> <span class='ocrx_word' id='word_1_736' title='bbox 757 2374 778 2400; x_wconf 66' lang='grc' dir='ltr'><strong>ν.</strong></span> <span class='ocrx_word' id='word_1_737' title='bbox 794 2373 830 2400; x_wconf 78' lang='lat' dir='ltr'><strong>At</strong></span> <span class='ocrx_word' id='word_1_738' title='bbox 849 2373 980 2403; x_wconf 90' lang='lat' dir='ltr'><strong>Dominus</strong></span> <span class='ocrx_word' id='word_1_739' title='bbox 996 2376 1024 2403; x_wconf 90' lang='lat' dir='ltr'><strong>in</strong></span> 
     </span>
    </p>
   </div>
   <div class='ocr_carea' id='block_1_99' title="bbox 233 2415 1023 2454">
    <p class='ocr_par' dir='ltr' id='par_1_99' title="bbox 233 2415 1023 2454">
     <span class='ocr_line' id='line_1_99' title="bbox 233 2415 1023 2454; baseline 0 -7"><span class='ocrx_word' id='word_1_740' title='bbox 233 2428 294 2447; x_wconf 78' lang='lat' dir='ltr'><strong>navi</strong></span> <span class='ocrx_word' id='word_1_741' title='bbox 307 2419 440 2446; x_wconf 88' lang='lat' dir='ltr'><strong>dormisse</strong></span> <span class='ocrx_word' id='word_1_742' title='bbox 461 2420 591 2444; x_wconf 90' lang='lat' dir='ltr'><strong>narratur</strong></span> <span class='ocrx_word' id='word_1_743' title='bbox 605 2415 669 2444; x_wconf 83' lang='lat'><strong>&quot;.0</strong></span> <span class='ocrx_word' id='word_1_744' title='bbox 686 2417 782 2445; x_wconf 87' lang='lat' dir='ltr'><strong>inanes</strong></span> <span class='ocrx_word' id='word_1_745' title='bbox 800 2426 895 2446; x_wconf 86' lang='lat' dir='ltr'><strong>eorum</strong></span> <span class='ocrx_word' id='word_1_746' title='bbox 915 2420 1023 2454; x_wconf 82' lang='lat' dir='ltr'><strong>cogita-</strong></span> 
     </span>
    </p>
   </div>
   <div class='ocr_carea' id='block_1_100' title="bbox 233 2462 1022 2498">
    <p class='ocr_par' dir='ltr' id='par_1_100' title="bbox 233 2462 1022 2498">
     <span class='ocr_line' id='line_1_100' title="bbox 233 2462 1022 2498; baseline 0.003 -7"><span class='ocrx_word' id='word_1_747' title='bbox 233 2466 333 2496; x_wconf 88' lang='lat' dir='ltr'><strong>tiones,</strong></span> <span class='ocrx_word' id='word_1_748' title='bbox 351 2464 397 2498; x_wconf 85' lang='lat' dir='ltr'><strong>qui</strong></span> <span class='ocrx_word' id='word_1_749' title='bbox 416 2465 473 2490; x_wconf 60' lang='lat' dir='ltr'><strong>baac</strong></span> <span class='ocrx_word' id='word_1_750' title='bbox 492 2462 585 2489; x_wconf 89' lang='lat' dir='ltr'><strong>animo</strong></span> <span class='ocrx_word' id='word_1_751' title='bbox 601 2470 652 2489; x_wconf 90' lang='lat' dir='ltr'><strong>suo</strong></span> <span class='ocrx_word' id='word_1_752' title='bbox 668 2465 851 2498; x_wconf 82' lang='lat' dir='ltr'><strong>pertractant!</strong></span> <span class='ocrx_word' id='word_1_753' title='bbox 872 2463 932 2492; x_wconf 87' lang='lat' dir='ltr'><strong>Non</strong></span> <span class='ocrx_word' id='word_1_754' title='bbox 948 2466 1022 2493; x_wconf 90' lang='lat' dir='ltr'><strong>enim</strong></span> 
     </span>
    </p>
   </div>
   <div class='ocr_carea' id='block_1_101' title="bbox 233 2510 1021 2544">
    <p class='ocr_par' dir='ltr' id='par_1_101' title="bbox 233 2510 1021 2544">
     <span class='ocr_line' id='line_1_101' title="bbox 233 2510 1021 2544; baseline 0.003 -6"><span class='ocrx_word' id='word_1_755' title='bbox 233 2518 316 2538; x_wconf 86' lang='lat' dir='ltr'><strong>onera</strong></span> <span class='ocrx_word' id='word_1_756' title='bbox 328 2510 459 2537; x_wconf 82' lang='lat' dir='ltr'><strong>duntaxat</strong></span> <span class='ocrx_word' id='word_1_757' title='bbox 475 2514 568 2536; x_wconf 87' lang='lat' dir='ltr'><strong>nostra</strong></span> <span class='ocrx_word' id='word_1_758' title='bbox 585 2517 634 2544; x_wconf 89' lang='lat' dir='ltr'><strong>pro</strong></span> <span class='ocrx_word' id='word_1_759' title='bbox 650 2510 729 2538; x_wconf 89' lang='lat' dir='ltr'><strong>nobis</strong></span> <span class='ocrx_word' id='word_1_760' title='bbox 742 2510 889 2540; x_wconf 80' lang='lat' dir='ltr'><strong>adveniens</strong></span> <span class='ocrx_word' id='word_1_761' title='bbox 902 2511 1021 2541; x_wconf 86' lang='lat' dir='ltr'><strong>Verbum</strong></span> 
     </span>
    </p>
   </div>
   <div class='ocr_carea' id='block_1_102' title="bbox 233 2578 986 2622">
    <p class='ocr_par' dir='ltr' id='par_1_102' title="bbox 233 2578 986 2622">
     <span class='ocr_line' id='line_1_102' title="bbox 233 2578 986 2622; baseline 0.007 -8"><span class='ocrx_word' id='word_1_762' title='bbox 233 2578 238 2582; x_wconf 58' lang='grc'><strong>’</strong></span> <span class='ocrx_word' id='word_1_763' title='bbox 277 2588 285 2604; x_wconf 78' lang='grc'><strong><em>³</em></strong></span> <span class='ocrx_word' id='word_1_764' title='bbox 307 2587 359 2615; x_wconf 85' lang='lat' dir='ltr'><strong>Isa.</strong></span> <span class='ocrx_word' id='word_1_765' title='bbox 380 2596 430 2620; x_wconf 86' lang='lat' dir='ltr'><strong>vn,</strong></span> <span class='ocrx_word' id='word_1_766' title='bbox 451 2589 500 2621; x_wconf 79' lang='lat' dir='ltr'><strong>M;</strong></span> <span class='ocrx_word' id='word_1_767' title='bbox 528 2588 624 2616; x_wconf 81' lang='lat' dir='ltr'><strong>Matth.</strong></span> <span class='ocrx_word' id='word_1_768' title='bbox 646 2597 666 2620; x_wconf 83' lang='grc' dir='ltr'><strong>ι,</strong></span> <span class='ocrx_word' id='word_1_769' title='bbox 687 2589 732 2616; x_wconf 72' lang='grc'><strong>25.</strong></span> <span class='ocrx_word' id='word_1_770' title='bbox 778 2592 788 2606; x_wconf 78' lang='grc'>⁸</span> <span class='ocrx_word' id='word_1_771' title='bbox 809 2591 890 2619; x_wconf 78' lang='lat' dir='ltr'><strong>Mirb.</strong></span> <span class='ocrx_word' id='word_1_772' title='bbox 911 2600 938 2622; x_wconf 83' lang='grc' dir='ltr'>ν,</span> <span class='ocrx_word' id='word_1_773' title='bbox 957 2592 986 2620; x_wconf 78' lang='lat'><strong>2.</strong></span> 
     </span>
    </p>
   </div>
   <div class='ocr_carea' id='block_1_103' title="bbox 269 2727 1024 2764">
    <p class='ocr_par' dir='ltr' id='par_1_103' title="bbox 269 2727 1024 2764">
     <span class='ocr_line' id='line_1_103' title="bbox 269 2727 1024 2764; baseline 0 -9"><span class='ocrx_word' id='word_1_774' title='bbox 269 2728 395 2764; x_wconf 48' lang='lat' dir='ltr'><strong>(asiam</strong></span> <span class='ocrx_word' id='word_1_775' title='bbox 409 2728 443 2755; x_wconf 82' lang='grc' dir='ltr'><strong>δὲ</strong></span> <span class='ocrx_word' id='word_1_776' title='bbox 463 2730 494 2756; x_wconf 84' lang='grc' dir='ltr'>τὸ</span> <span class='ocrx_word' id='word_1_777' title='bbox 508 2727 616 2760; x_wconf 79' lang='grc' dir='ltr'>ἀΐδιον.</span> <span class='ocrx_word' id='word_1_778' title='bbox 633 2733 686 2756; x_wconf 88' lang='lat' dir='ltr'><strong>etc.</strong></span> <span class='ocrx_word' id='word_1_779' title='bbox 708 2728 836 2756; x_wconf 83' lang='lat' dir='ltr'><strong>Petavius</strong></span> <span class='ocrx_word' id='word_1_780' title='bbox 860 2729 1024 2763; x_wconf 85' lang='lat' dir='ltr'><strong>interpreta-</strong></span> 
     </span>
    </p>
   </div>
   <div class='ocr_carea' id='block_1_104' title="bbox 235 2762 1024 2800">
    <p class='ocr_par' dir='ltr' id='par_1_104' title="bbox 235 2762 1024 2800">
     <span class='ocr_line' id='line_1_104' title="bbox 235 2762 1024 2800; baseline -0.001 -9"><span class='ocrx_word' id='word_1_781' title='bbox 235 2762 280 2792; x_wconf 81' lang='lat' dir='ltr'><strong>tur</strong></span> <span class='ocrx_word' id='word_1_782' title='bbox 293 2773 298 2790; x_wconf 87' lang='lat'><strong>:</strong></span> <span class='ocrx_word' id='word_1_783' title='bbox 314 2762 347 2800; x_wconf 82' lang='lat' dir='ltr'><strong>Ut</strong></span> <span class='ocrx_word' id='word_1_784' title='bbox 363 2769 448 2800; x_wconf 73' lang='lat' dir='ltr'><strong>autem</strong></span> <span class='ocrx_word' id='word_1_785' title='bbox 463 2770 559 2791; x_wconf 84' lang='lat' dir='ltr'><strong>natura</strong></span> <span class='ocrx_word' id='word_1_786' title='bbox 573 2772 726 2800; x_wconf 78' lang='lat' dir='ltr'><strong>germanum</strong></span> <span class='ocrx_word' id='word_1_787' title='bbox 739 2773 765 2791; x_wconf 78' lang='lat' dir='ltr'><strong>se</strong></span> <span class='ocrx_word' id='word_1_788' title='bbox 782 2772 813 2790; x_wconf 80' lang='lat' dir='ltr'><strong>ac</strong></span> <span class='ocrx_word' id='word_1_789' title='bbox 838 2764 1024 2800; x_wconf 61' lang='lat' dir='ltr'><strong>seritpiteritutrt</strong></span> 
     </span>
    </p>
   </div>
   <div class='ocr_carea' id='block_1_105' title="bbox 236 2799 1024 2829">
    <p class='ocr_par' dir='ltr' id='par_1_105' title="bbox 236 2799 1024 2829">
     <span class='ocr_line' id='line_1_105' title="bbox 236 2799 1024 2829; baseline 0.001 -4"><span class='ocrx_word' id='word_1_790' title='bbox 236 2799 367 2829; x_wconf 71' lang='lat' dir='ltr'><strong>ostendat.</strong></span> <span class='ocrx_word' id='word_1_791' title='bbox 386 2799 493 2826; x_wconf 83' lang='lat' dir='ltr'><strong>Patrem</strong></span> <span class='ocrx_word' id='word_1_792' title='bbox 509 2807 598 2827; x_wconf 88' lang='lat' dir='ltr'><strong>meum</strong></span> <span class='ocrx_word' id='word_1_793' title='bbox 616 2799 683 2826; x_wconf 69' lang='lat' dir='ltr'><strong>dixit</strong></span> <span class='ocrx_word' id='word_1_794' title='bbox 698 2807 705 2826; x_wconf 95' lang='lat'><em>:</em></span> <span class='ocrx_word' id='word_1_795' title='bbox 723 2799 793 2826; x_wconf 77' lang='lat' dir='ltr'><strong>velut</strong></span> <span class='ocrx_word' id='word_1_796' title='bbox 813 2799 847 2825; x_wconf 85' lang='lat' dir='ltr'><strong>ad</strong></span> <span class='ocrx_word' id='word_1_797' title='bbox 865 2799 931 2825; x_wconf 83' lang='lat' dir='ltr'><strong>illud</strong></span> <span class='ocrx_word' id='word_1_798' title='bbox 945 2799 1024 2826; x_wconf 84' lang='lat' dir='ltr'><strong>bene-</strong></span> 
     </span>
    </p>
   </div>
   <div class='ocr_carea' id='block_1_106' title="bbox 240 2833 1024 2870">
    <p class='ocr_par' dir='ltr' id='par_1_106' title="bbox 240 2833 1024 2870">
     <span class='ocr_line' id='line_1_106' title="bbox 240 2833 1024 2870; baseline -0.003 -8"><span class='ocrx_word' id='word_1_799' title='bbox 240 2835 328 2870; x_wconf 73' lang='lat' dir='ltr'><strong>fcium</strong></span> <span class='ocrx_word' id='word_1_800' title='bbox 342 2834 555 2869; x_wconf 75' lang='lat' dir='ltr'><strong>signiﬁcandum,</strong></span> <span class='ocrx_word' id='word_1_801' title='bbox 570 2843 620 2870; x_wconf 84' lang='lat' dir='ltr'><strong>quo</strong></span> <span class='ocrx_word' id='word_1_802' title='bbox 640 2834 772 2869; x_wconf 79' lang='lat' dir='ltr'><strong>apostolos</strong></span> <span class='ocrx_word' id='word_1_803' title='bbox 790 2834 924 2869; x_wconf 66' lang='lat' dir='ltr'><strong>n/I‘eceral,</strong></span> <span class='ocrx_word' id='word_1_804' title='bbox 938 2833 1024 2862; x_wconf 85' lang='lat' dir='ltr'><strong>Deum</strong></span> 
     </span>
    </p>
   </div>
   <div class='ocr_carea' id='block_1_107' title="bbox 1032 2592 1299 2626">
    <p class='ocr_par' dir='ltr' id='par_1_107' title="bbox 1032 2592 1299 2626">
     <span class='ocr_line' id='line_1_107' title="bbox 1032 2592 1299 2626; baseline 0.004 -6"><span class='ocrx_word' id='word_1_805' title='bbox 1032 2593 1042 2608; x_wconf 83' lang='grc'><em>³</em></span> <span class='ocrx_word' id='word_1_806' title='bbox 1061 2592 1162 2620; x_wconf 81' lang='lat' dir='ltr'><strong>Jerem.</strong></span> <span class='ocrx_word' id='word_1_807' title='bbox 1184 2601 1252 2626; x_wconf 86' lang='lat' dir='ltr'><strong>xvn,</strong></span> <span class='ocrx_word' id='word_1_808' title='bbox 1273 2593 1299 2621; x_wconf 88' lang='lat'><strong>9.</strong></span> 
     </span>
    </p>
   </div>
   <div class='ocr_carea' id='block_1_108' title="bbox 235 2623 1019 2663">
    <p class='ocr_par' dir='ltr' id='par_1_108' title="bbox 235 2623 1014 2659">
     <span class='ocr_line' id='line_1_108' title="bbox 235 2623 1014 2659; baseline 0.006 -9"><span class='ocrx_word' id='word_1_809' title='bbox 235 2624 246 2640; x_wconf 87' lang='grc'><strong><em>⁸</em></strong></span> <span class='ocrx_word' id='word_1_810' title='bbox 263 2623 360 2650; x_wconf 77' lang='lat' dir='ltr'><strong>Matth.</strong></span> <span class='ocrx_word' id='word_1_811' title='bbox 382 2632 419 2656; x_wconf 74' lang='grc' dir='ltr'><strong>ιγ,</strong></span> <span class='ocrx_word' id='word_1_812' title='bbox 437 2625 465 2651; x_wconf 74' lang='lat'><strong>&#39;2.</strong></span> <span class='ocrx_word' id='word_1_813' title='bbox 499 2625 521 2639; x_wconf 77' lang='grc'><strong>“⁷</strong></span> <span class='ocrx_word' id='word_1_814' title='bbox 542 2625 595 2652; x_wconf 84' lang='lat' dir='ltr'><strong>lsa.</strong></span> <span class='ocrx_word' id='word_1_815' title='bbox 610 2633 653 2658; x_wconf 81' lang='lat' dir='ltr'><strong>xL,</strong></span> <span class='ocrx_word' id='word_1_816' title='bbox 667 2626 712 2651; x_wconf 62' lang='lat'><strong>28.</strong></span> <span class='ocrx_word' id='word_1_817' title='bbox 752 2625 763 2640; x_wconf 77' lang='grc'>⁸</span> <span class='ocrx_word' id='word_1_818' title='bbox 778 2626 858 2654; x_wconf 85' lang='lat' dir='ltr'><strong>Juan.</strong></span> <span class='ocrx_word' id='word_1_819' title='bbox 882 2635 919 2659; x_wconf 81' lang='lat' dir='ltr'><strong>Iv,</strong></span> <span class='ocrx_word' id='word_1_820' title='bbox 938 2627 965 2654; x_wconf 80' lang='grc'><strong>6.</strong></span> <span class='ocrx_word' id='word_1_821' title='bbox 1004 2628 1014 2642; x_wconf 81' lang='grc'>⁹</span> 
     </span>
    </p>
   </div>
   <div class='ocr_carea' id='block_1_109' title="bbox 1071 2623 1233 2663">
    <p class='ocr_par' dir='ltr' id='par_1_109' title="bbox 1071 2629 1233 2663">
     <span class='ocr_line' id='line_1_109' title="bbox 1071 2629 1233 2663; baseline 0.012 -8"><span class='ocrx_word' id='word_1_822' title='bbox 1071 2629 1100 2656; x_wconf 80' lang='lat' dir='ltr'><strong>il.</strong></span> <span class='ocrx_word' id='word_1_823' title='bbox 1121 2636 1185 2663; x_wconf 82' lang='lat' dir='ltr'><strong>cxx,</strong></span> <span class='ocrx_word' id='word_1_824' title='bbox 1210 2630 1233 2657; x_wconf 84' lang='grc' dir='ltr'><strong>ι.</strong></span> 
     </span>
    </p>
   </div>
   <div class='ocr_carea' id='block_1_110' title="bbox 1079 2237 1868 2274">
    <p class='ocr_par' dir='ltr' id='par_1_110' title="bbox 1079 2237 1868 2274">
     <span class='ocr_line' id='line_1_110' title="bbox 1079 2237 1868 2274; baseline -0.003 -9"><span class='ocrx_word' id='word_1_825' title='bbox 1079 2238 1151 2271; x_wconf 81' lang='grc' dir='ltr'>Θεὸς</span> <span class='ocrx_word' id='word_1_826' title='bbox 1165 2239 1248 2273; x_wconf 82' lang='grc' dir='ltr'><strong>ὑμῶν</strong></span> <span class='ocrx_word' id='word_1_827' title='bbox 1263 2240 1298 2266; x_wconf 78' lang='grc' dir='ltr'>οὐ</span> <span class='ocrx_word' id='word_1_828' title='bbox 1312 2237 1450 2265; x_wconf 79' lang='grc' dir='ltr'>κοπιάσει</span> <span class='ocrx_word' id='word_1_829' title='bbox 1463 2247 1469 2253; x_wconf 90' lang='grc'><strong>·</strong></span> <span class='ocrx_word' id='word_1_830' title='bbox 1490 2239 1505 2264; x_wconf 79' lang='grc' dir='ltr'>ὁ</span> <span class='ocrx_word' id='word_1_831' title='bbox 1518 2238 1546 2264; x_wconf 80' lang='grc' dir='ltr'><strong>δὲ</strong></span> <span class='ocrx_word' id='word_1_832' title='bbox 1562 2239 1662 2274; x_wconf 79' lang='grc' dir='ltr'>Κύριος</span> <span class='ocrx_word' id='word_1_833' title='bbox 1690 2238 1796 2274; x_wconf 74' lang='grc' dir='ltr'>Ἰησοῦς</span> <span class='ocrx_word' id='word_1_834' title='bbox 1809 2238 1868 2263; x_wconf 82' lang='grc' dir='ltr'>ἐκο-</span> 
     </span>
    </p>
   </div>
   <div class='ocr_carea' id='block_1_111' title="bbox 1076 2280 1868 2320">
    <p class='ocr_par' dir='ltr' id='par_1_111' title="bbox 1076 2280 1868 2320">
     <span class='ocr_line' id='line_1_111' title="bbox 1076 2280 1868 2320; baseline -0.001 -10"><span class='ocrx_word' id='word_1_835' title='bbox 1076 2285 1174 2310; x_wconf 84' lang='grc' dir='ltr'>πίασεν</span> <span class='ocrx_word' id='word_1_836' title='bbox 1200 2285 1232 2311; x_wconf 78' lang='grc' dir='ltr'><strong>ἐν’</strong></span> <span class='ocrx_word' id='word_1_837' title='bbox 1252 2286 1283 2319; x_wconf 85' lang='grc' dir='ltr'><strong>τῇ</strong></span> <span class='ocrx_word' id='word_1_838' title='bbox 1308 2284 1458 2320; x_wconf 73' lang='grc' dir='ltr'>ὁδοιπορία.</span> <span class='ocrx_word' id='word_1_839' title='bbox 1482 2284 1554 2316; x_wconf 76' lang='grc' dir='ltr'><strong>Καὶ,</strong></span> <span class='ocrx_word' id='word_1_840' title='bbox 1573 2285 1615 2311; x_wconf 89' lang='grc' dir='ltr'><strong>Οὐ</strong></span> <span class='ocrx_word' id='word_1_841' title='bbox 1636 2284 1788 2317; x_wconf 71' lang='grc' dir='ltr'>νυστάζει,</span> <span class='ocrx_word' id='word_1_842' title='bbox 1800 2280 1868 2309; x_wconf 79' lang='grc' dir='ltr'><strong>οὐδέ</strong></span> 
     </span>
    </p>
   </div>
   <div class='ocr_carea' id='block_1_112' title="bbox 1074 2326 1867 2364">
    <p class='ocr_par' dir='ltr' id='par_1_112' title="bbox 1074 2326 1867 2364">
     <span class='ocr_line' id='line_1_112' title="bbox 1074 2326 1867 2364; baseline 0.003 -9"><span class='ocrx_word' id='word_1_843' title='bbox 1074 2329 1207 2356; x_wconf 83' lang='grc' dir='ltr'><strong>ὑπνώσει</strong></span> <span class='ocrx_word' id='word_1_844' title='bbox 1231 2331 1247 2356; x_wconf 85' lang='grc' dir='ltr'>ό</span> <span class='ocrx_word' id='word_1_845' title='bbox 1267 2329 1439 2364; x_wconf 73' lang='grc' dir='ltr'>φυλάσσων</span> <span class='ocrx_word' id='word_1_846' title='bbox 1462 2330 1517 2356; x_wconf 82' lang='grc' dir='ltr'><strong>τὸν</strong></span> <span class='ocrx_word' id='word_1_847' title='bbox 1541 2330 1677 2364; x_wconf 69' lang='grc' dir='ltr'><strong>Ἰσραήλ·</strong></span> <span class='ocrx_word' id='word_1_848' title='bbox 1697 2330 1806 2356; x_wconf 72' lang='grc' dir='ltr'>ὕπνωσε</span> <span class='ocrx_word' id='word_1_849' title='bbox 1829 2326 1867 2357; x_wconf 72' lang='grc' dir='ltr'><strong>δὲ,</strong></span> 
     </span>
    </p>
   </div>
   <div class='ocr_carea' id='block_1_113' title="bbox 1083 2372 1868 2412">
    <p class='ocr_par' dir='ltr' id='par_1_113' title="bbox 1083 2372 1868 2412">
     <span class='ocr_line' id='line_1_113' title="bbox 1083 2372 1868 2412; baseline -0.004 -11"><span class='ocrx_word' id='word_1_850' title='bbox 1083 2375 1177 2410; x_wconf 74' lang='grc' dir='ltr'>φησὶν,</span> <span class='ocrx_word' id='word_1_851' title='bbox 1195 2377 1209 2402; x_wconf 85' lang='grc' dir='ltr'><strong>ὁ</strong></span> <span class='ocrx_word' id='word_1_852' title='bbox 1222 2375 1325 2412; x_wconf 80' lang='grc' dir='ltr'>Κύριος</span> <span class='ocrx_word' id='word_1_853' title='bbox 1340 2377 1370 2402; x_wconf 85' lang='grc' dir='ltr'>ὲν</span> <span class='ocrx_word' id='word_1_854' title='bbox 1385 2377 1417 2412; x_wconf 82' lang='grc' dir='ltr'>τῇ</span> <span class='ocrx_word' id='word_1_855' title='bbox 1432 2377 1488 2412; x_wconf 78' lang='grc' dir='ltr'>νηῒ.</span> <span class='ocrx_word' id='word_1_856' title='bbox 1505 2373 1540 2402; x_wconf 83' lang='grc' dir='ltr'><strong><em>Ὦ</em></strong></span> <span class='ocrx_word' id='word_1_857' title='bbox 1557 2376 1670 2412; x_wconf 83' lang='grc' dir='ltr'>μάταιαι</span> <span class='ocrx_word' id='word_1_858' title='bbox 1685 2376 1804 2402; x_wconf 78' lang='grc' dir='ltr'>ὑπόνοιαι</span> <span class='ocrx_word' id='word_1_859' title='bbox 1817 2372 1868 2399; x_wconf 74' lang='grc' dir='ltr'>τῶν</span> 
     </span>
    </p>
   </div>
   <div class='ocr_carea' id='block_1_114' title="bbox 1075 2417 1866 2457">
    <p class='ocr_par' dir='ltr' id='par_1_114' title="bbox 1075 2417 1866 2457">
     <span class='ocr_line' id='line_1_114' title="bbox 1075 2417 1866 2457; baseline -0.003 -9"><span class='ocrx_word' id='word_1_860' title='bbox 1075 2421 1108 2448; x_wconf 75' lang='grc' dir='ltr'><strong>τὰ</strong></span> <span class='ocrx_word' id='word_1_861' title='bbox 1124 2422 1238 2448; x_wconf 82' lang='grc' dir='ltr'>τοιαῦτα</span> <span class='ocrx_word' id='word_1_862' title='bbox 1255 2422 1453 2457; x_wconf 73' lang='grc' dir='ltr'>λογιζομένων]</span> <span class='ocrx_word' id='word_1_863' title='bbox 1481 2421 1519 2448; x_wconf 81' lang='grc' dir='ltr'>οὐ</span> <span class='ocrx_word' id='word_1_864' title='bbox 1546 2421 1625 2456; x_wconf 78' lang='grc' dir='ltr'>μόνον</span> <span class='ocrx_word' id='word_1_865' title='bbox 1654 2422 1709 2457; x_wconf 80' lang='grc' dir='ltr'>γὰρ</span> <span class='ocrx_word' id='word_1_866' title='bbox 1731 2420 1765 2447; x_wconf 82' lang='grc' dir='ltr'><strong>τὰ</strong></span> <span class='ocrx_word' id='word_1_867' title='bbox 1790 2417 1866 2454; x_wconf 85' lang='grc' dir='ltr'>ἡμῶν</span> 
     </span>
    </p>
   </div>
   <div class='ocr_carea' id='block_1_115' title="bbox 1076 2465 1865 2504">
    <p class='ocr_par' dir='ltr' id='par_1_115' title="bbox 1076 2465 1865 2504">
     <span class='ocr_line' id='line_1_115' title="bbox 1076 2465 1865 2504; baseline -0.008 -9"><span class='ocrx_word' id='word_1_868' title='bbox 1076 2467 1146 2503; x_wconf 79' lang='grc' dir='ltr'><strong>βάρη</strong></span> <span class='ocrx_word' id='word_1_869' title='bbox 1170 2467 1312 2500; x_wconf 82' lang='grc' dir='ltr'>ἀνεδέξατο</span> <span class='ocrx_word' id='word_1_870' title='bbox 1336 2468 1406 2504; x_wconf 81' lang='grc' dir='ltr'>ὑπὲρ</span> <span class='ocrx_word' id='word_1_871' title='bbox 1429 2467 1508 2503; x_wconf 76' lang='grc' dir='ltr'>ἡμῶν</span> <span class='ocrx_word' id='word_1_872' title='bbox 1532 2467 1617 2493; x_wconf 80' lang='grc' dir='ltr'>ἐλθὼν</span> <span class='ocrx_word' id='word_1_873' title='bbox 1635 2467 1649 2494; x_wconf 76' lang='grc' dir='ltr'>ὁ</span> <span class='ocrx_word' id='word_1_874' title='bbox 1672 2467 1749 2501; x_wconf 79' lang='grc' dir='ltr'>ἅγιος</span> <span class='ocrx_word' id='word_1_875' title='bbox 1772 2465 1865 2498; x_wconf 80' lang='grc' dir='ltr'>Λόγος,</span> 
     </span>
    </p>
   </div>
   <div class='ocr_carea' id='block_1_116' title="bbox 1076 2508 1866 2550">
    <p class='ocr_par' dir='ltr' id='par_1_116' title="bbox 1076 2508 1866 2550">
     <span class='ocr_line' id='line_1_116' title="bbox 1076 2508 1866 2550; baseline -0.001 -10"><span class='ocrx_word' id='word_1_876' title='bbox 1076 2513 1143 2540; x_wconf 79' lang='grc' dir='ltr'>ἀλλὰ</span> <span class='ocrx_word' id='word_1_877' title='bbox 1160 2514 1207 2541; x_wconf 77' lang='grc' dir='ltr'><strong>καὶ</strong></span> <span class='ocrx_word' id='word_1_878' title='bbox 1229 2514 1281 2541; x_wconf 71' lang='grc' dir='ltr'>ὑπὸ</span> <span class='ocrx_word' id='word_1_879' title='bbox 1294 2513 1365 2550; x_wconf 69' lang='grc' dir='ltr'><strong>ἁφὴν</strong></span> <span class='ocrx_word' id='word_1_880' title='bbox 1389 2513 1506 2548; x_wconf 79' lang='grc' dir='ltr'>ἐγένετο,</span> <span class='ocrx_word' id='word_1_881' title='bbox 1533 2513 1581 2540; x_wconf 76' lang='grc' dir='ltr'>καὶ</span> <span class='ocrx_word' id='word_1_882' title='bbox 1608 2513 1699 2548; x_wconf 73' lang='grc' dir='ltr'>σάρκα</span> <span class='ocrx_word' id='word_1_883' title='bbox 1714 2511 1805 2542; x_wconf 75' lang='grc' dir='ltr'>ἔλαϐε,</span> <span class='ocrx_word' id='word_1_884' title='bbox 1822 2508 1866 2535; x_wconf 70' lang='grc' dir='ltr'><strong>καὶ</strong></span> 
     </span>
    </p>
   </div>
   <div class='ocr_carea' id='block_1_117' title="bbox 1357 2586 1863 2621">
    <p class='ocr_par' dir='ltr' id='par_1_117' title="bbox 1357 2586 1863 2621">
     <span class='ocr_line' id='line_1_117' title="bbox 1357 2586 1863 2621; baseline -0.014 0"><span class='ocrx_word' id='word_1_885' title='bbox 1357 2594 1369 2609; x_wconf 71' lang='grc' dir='ltr'>δ</span> <span class='ocrx_word' id='word_1_886' title='bbox 1387 2593 1476 2620; x_wconf 87' lang='lat' dir='ltr'><strong>Galat.</strong></span> <span class='ocrx_word' id='word_1_887' title='bbox 1499 2601 1535 2621; x_wconf 84' lang='lat' dir='ltr'><strong>IV.</strong></span> <span class='ocrx_word' id='word_1_888' title='bbox 1555 2593 1582 2619; x_wconf 65' lang='grc' dir='ltr'><strong>Δ.</strong></span> <span class='ocrx_word' id='word_1_889' title='bbox 1626 2591 1636 2607; x_wconf 81' lang='grc'><strong><em>⁸</em></strong></span> <span class='ocrx_word' id='word_1_890' title='bbox 1658 2591 1709 2619; x_wconf 89' lang='lat' dir='ltr'><strong>lsa.</strong></span> <span class='ocrx_word' id='word_1_891' title='bbox 1744 2597 1788 2620; x_wconf 75' lang='lat' dir='ltr'><strong>XL.</strong></span> <span class='ocrx_word' id='word_1_892' title='bbox 1821 2586 1863 2615; x_wconf 75' lang='lat'><strong>28.</strong></span> 
     </span>
    </p>
   </div>
   <div class='ocr_carea' id='block_1_118' title="bbox 1280 2628 1569 2662">
    <p class='ocr_par' dir='ltr' id='par_1_118' title="bbox 1280 2628 1569 2662">
     <span class='ocr_line' id='line_1_118' title="bbox 1280 2628 1569 2662; baseline -0.007 -6"><span class='ocrx_word' id='word_1_893' title='bbox 1280 2630 1301 2646; x_wconf 82' lang='grc'><strong>¹⁰</strong></span> <span class='ocrx_word' id='word_1_894' title='bbox 1324 2628 1422 2656; x_wconf 75' lang='lat' dir='ltr'><strong>Matth.</strong></span> <span class='ocrx_word' id='word_1_895' title='bbox 1444 2636 1504 2662; x_wconf 86' lang='lat' dir='ltr'><strong>vtu,</strong></span> <span class='ocrx_word' id='word_1_896' title='bbox 1526 2628 1569 2655; x_wconf 68' lang='grc'><strong>24.</strong></span> 
     </span>
    </p>
   </div>
   <div class='ocr_carea' id='block_1_119' title="bbox 1079 2726 1863 2765">
    <p class='ocr_par' dir='ltr' id='par_1_119' title="bbox 1079 2726 1863 2765">
     <span class='ocr_line' id='line_1_119' title="bbox 1079 2726 1863 2765; baseline -0.004 -9"><span class='ocrx_word' id='word_1_897' title='bbox 1079 2733 1201 2757; x_wconf 89' lang='lat' dir='ltr'><strong>vestrum</strong></span> <span class='ocrx_word' id='word_1_898' title='bbox 1219 2730 1333 2757; x_wconf 80' lang='lat' dir='ltr'><strong>addidit.</strong></span> <span class='ocrx_word' id='word_1_899' title='bbox 1356 2729 1442 2758; x_wconf 67' lang='grc' dir='ltr'><strong>ϐινωεί</strong></span> <span class='ocrx_word' id='word_1_900' title='bbox 1463 2735 1554 2759; x_wconf 85' lang='lat' dir='ltr'><strong>textus</strong></span> <span class='ocrx_word' id='word_1_901' title='bbox 1569 2731 1634 2762; x_wconf 91' lang='lat' dir='ltr'><strong>vim,</strong></span> <span class='ocrx_word' id='word_1_902' title='bbox 1655 2726 1863 2765; x_wconf 63' lang='lat' dir='ltr'><strong>argumenter</strong></span> 
     </span>
    </p>
   </div>
   <div class='ocr_carea' id='block_1_120' title="bbox 1079 2761 1865 2806">
    <p class='ocr_par' dir='ltr' id='par_1_120' title="bbox 1079 2761 1865 2806">
     <span class='ocr_line' id='line_1_120' title="bbox 1079 2761 1865 2806; baseline -0.004 -15"><span class='ocrx_word' id='word_1_903' title='bbox 1079 2765 1130 2792; x_wconf 86' lang='lat' dir='ltr'><strong>bur</strong></span> <span class='ocrx_word' id='word_1_904' title='bbox 1142 2771 1173 2806; x_wconf 71' lang='lat' dir='ltr'><strong>et</strong></span> <span class='ocrx_word' id='word_1_905' title='bbox 1197 2765 1342 2802; x_wconf 85' lang='lat' dir='ltr'><strong>Epiphanii</strong></span> <span class='ocrx_word' id='word_1_906' title='bbox 1369 2770 1489 2794; x_wconf 84' lang='lat' dir='ltr'><strong>mentem</strong></span> <span class='ocrx_word' id='word_1_907' title='bbox 1511 2766 1631 2802; x_wconf 85' lang='lat' dir='ltr'><strong>apertius</strong></span> <span class='ocrx_word' id='word_1_908' title='bbox 1656 2761 1782 2800; x_wconf 68' lang='lat' dir='ltr'><strong>exprimit</strong></span> <span class='ocrx_word' id='word_1_909' title='bbox 1799 2761 1865 2789; x_wconf 84' lang='lat' dir='ltr'><strong>Tho-</strong></span> 
     </span>
    </p>
   </div>
   <div class='ocr_carea' id='block_1_121' title="bbox 1080 2808 1193 2830">
    <p class='ocr_par' dir='ltr' id='par_1_121' title="bbox 1080 2808 1193 2830">
     <span class='ocr_line' id='line_1_121' title="bbox 1080 2808 1193 2830; baseline 0 -2"><span class='ocrx_word' id='word_1_910' title='bbox 1080 2808 1193 2830; x_wconf 84' lang='lat' dir='ltr'><strong>masms.</strong></span> 
     </span>
    </p>
   </div>
  </div>
