1940 3043
203 2710 214 2753 ἓ

231 127 276 157 79.

927 125 955 154 S.
976 125 1147 154 EPlPlIANIl

1830 133 1870 162 80

230 194 289 214 mea
302 185 409 214 turbata
416 189 465 219 est,
484 184 582 221 inquit,
598 189 623 212 et
637 185 700 221 quid
710 185 810 213 dicam‘
823 187 835 214 ?
851 185 914 214 Haec
928 191 1019 215 autem

1072 197 1132 223 τερ,
1152 188 1256 216 σῶσόν
1271 198 1310 225 με
1325 190 1383 218 ἀπὸ
1401 191 1457 226 τῆς
1475 191 1553 226 ὧρας
1570 192 1691 227 ταύτης.
1713 193 1802 221 Ἀλλὰ
1816 193 1869 221 διὰ

231 233 328 261 verba:
340 232 411 266 Quid
425 232 534 261 dicam?
546 232 658 260 dubium
673 237 701 260 et
715 229 872 269 ambiguum
889 234 1019 269 quiddam

230 274 286 315 pra:
312 286 342 307 se
368 279 469 305 ferunt.
486 277 578 311 Pater,
593 286 669 305 serva
693 287 733 306 me
753 279 785 306 ab
806 274 858 306 hac.
875 279 951 307 hora.
967 279 1019 307 Sed

229 329 366 359 propterea
386 324 442 352 ueni
460 325 486 351 in
502 325 570 351 lianc
585 324 679 351 horam
696 325 717 357 ',
737 329 766 352 ut
781 325 938 354 ostenderet
951 325 1020 353 divi-

230 371 344 398 nitatem
360 370 448 405 ipsius
468 374 566 405 sponte
585 369 619 397 ad
635 370 689 398 ista
715 370 834 398 veniSse.
857 370 926 398 Nam
953 371 1019 398 illud

229 411 356 447 verbum,
387 414 497 441 turbata
511 419 567 446 est,
591 418 753 450 usurpatum
780 414 839 442 ideo
861 420 912 448 est,
932 419 963 442 ut
986 423 1020 443 ne

229 454 364 495 suscepta:
386 452 506 487 hominis
533 463 639 487 natura?
664 466 727 487 vera
750 467 782 487 ac
806 461 916 495 propria
933 460 1018 487 forum

229 506 436 541 perturbaretur
454 515 460 533 :
475 505 611 540 siquidem
635 513 690 533 non
708 506 800 541 specie
820 510 901 534 tenus
924 506 1020 533 adiun-

230 551 308 578 brata
324 550 476 578 incarnatio
493 550 538 577 illa
553 549 613 577 fuit.
635 549 688 577 Sed
705 550 933 585 quemadmodum
952 558 1020 585 pne-

230 600 327 631 potens
342 596 479 631 quispiam
499 603 547 623 rex
565 603 627 623 cum
651 595 782 623 inferiore
804 595 898 630 aliquo
917 595 1019 622 bellum

230 650 338 677 gerens,
360 649 449 676 neque
469 641 599 670 dubitans
618 641 684 676 quin
697 641 719 668 si
737 648 799 668 cum
817 641 904 675 copiis
916 641 974 668 suis
989 648 1020 667 ac

230 683 337 724 magnis
355 688 459 716 viribus
475 688 626 715 irruentem
645 694 706 715 sese
722 687 809 714 hostis
824 687 869 714 ille
886 686 1016 719 senserit,

230 734 433 762 detrectaturus
448 734 484 762 sit
505 734 627 769 praelium
638 754 646 766 ,
664 741 696 760 ac
711 734 793 761 saluti
809 741 866 761 suae
880 732 942 768 luga
958 741 1021 760 con-

231 780 370 813 sulturus,
404 780 560 815 multasque
585 779 758 814 subditorum
786 778 837 806 sibi
864 779 1020 814 provincias

230 829 389 852 vastaturus
405 834 410 852 :
427 832 489 852 cum
505 825 574 857 haec,
591 824 713 859 inquam,
736 823 853 856 noverit,
872 823 1021 859 prudenter

1070 235 1158 262 τοῦτο
1174 233 1271 272 ἦλθον
1286 237 1330 270 εὶς
1346 237 1405 271 τὴν
1420 237 1501 272 ὥραν
1520 238 1643 273 ταύτην·
1665 239 1710 266 ῐνα
1727 239 1803 277 δείξῃ
1824 241 1868 267 ὅτι

1070 280 1171 307 ἑκοῦσα
1188 282 1204 316 ἡ
1221 281 1303 308 αὑτοῦ
1327 282 1421 318 θεότης
1435 283 1475 315 εἰς
1493 283 1571 310 τοῦτο
1583 284 1704 319 ἐλήλυθε.
1719 284 1755 311 Τὸ
1765 285 1804 317 δὲ,
1818 294 1867 312 τε-

1070 325 1223 359 τάρακται,
1245 326 1289 353 ἵνα
1309 327 1340 353 τὸ
1360 325 1430 360 εἶδος
1447 328 1496 363 τῆς
1511 328 1640 364 ἀληθείας
1660 329 1710 364 τῆς
1730 330 1866 366 ὲνσάρκου

1070 371 1153 398 αὐτοῦ
1173 373 1326 408 παρουσίας
1349 373 1386 409 μὴ
1406 374 1541 409 ταραχθῇ·
1556 363 1589 401 οὐ
1605 375 1659 410 γὰρ
1677 363 1788 411 δοκήσει
1800 363 1835 411 ῆν
1848 377 1866 411 ἡ

1070 417 1201 454 ἐνσαρκος
1224 419 1373 454 παρουσία.
1395 419 1476 446 Ἀλλὰ
1493 420 1572 455 δίκην
1589 420 1724 455 βασιλέως
1745 422 1865 457 μεγάλου

1071 463 1188 498 πόλεμον
1203 463 1308 499 ἔχοντος
1324 464 1391 500 πρὸς
1405 465 1607 502 ὑποδεέστερον,
1622 466 1669 493 καὶ
1681 466 1863 501 γινώσκοντος

1069 510 1111 536 ὅτι
1125 511 1139 536 ὁ
1154 509 1250 546 ἐχθρὸς
1264 509 1346 536 αὐτοῦ
1364 510 1444 545 είπερ
1462 510 1504 546 ἴδῃ
1519 511 1601 537 αὐτὸν
1616 511 1645 538 ὲν
1657 511 1771 547 δυνάμει
1787 512 1866 547 ἐρχό-

1072 563 1151 590 μενον
1162 555 1209 582 καὶ
1223 555 1295 590 ἰσχύϊ
1310 555 1405 591 πολλῇ,
1420 547 1619 593 παραιτήσεται
1636 557 1684 584 καὶ
1693 558 1867 592 τραπήσεται

1071 601 1139 636 πρὸς
1154 601 1254 637 φυγὴν,
1267 602 1314 628 καὶ
1330 602 1430 634 πολλὰς
1444 602 1537 638 χώρας
1554 602 1607 628 τῶν
1625 603 1789 638 ὑποχειρίων
1799 604 1868 638 ἀφα-

1070 646 1150 679 νίσει,
1166 647 1213 674 καὶ
1226 647 1276 684 διὰ
1299 647 1378 674 τοῦτο
1401 648 1637 683 σχηματιζομένου
1659 650 1693 683 τῇ
1712 648 1766 684 ἰδίᾳ
1784 649 1869 684 σοφίᾳ

1071 693 1233 729 προφάσεις,
1255 694 1303 720 καὶ
1321 694 1394 721 νῶτα
1414 694 1531 726 διδόντος
1548 695 1596 720 καὶ
1610 694 1867 730 ἁποδιδράσκοντος,

1070 737 1123 770 ἕως
1141 739 1269 774 ὸ.ὲχθρὺς
1285 739 1375 765 λαϐὼν
1391 738 1492 775 Θάρσος
1512 740 1703 775 κατεπιθῆται,
1721 740 1759 772 ὼς
1777 740 1869 766 δειλοῦ

1071 785 1119 812 καὶ
1136 785 1267 822 ἀδυνάτου
1282 785 1330 812 τοῦ
1353 785 1497 821 βασιλέως,
1518 786 1566 813 καὶ
1587 785 1678 818 διώξει
1694 786 1822 813 αὐτόννό
1840 787 1869 813 δὲ

1072 830 1198 866 βασιλεὺς
1217 831 1348 866 στραφεὶς
1365 831 1506 865 αἰφνιδίως
1528 830 1598 866 μετὰ
1616 831 1667 865 τῆς
1686 831 1769 858 αὐτοῦ
1784 831 1870 859 δυνά-

231 872 308 899 illum
324 871 429 898 artibus
446 870 504 898 suis
521 877 553 897 ac
568 870 659 905 specie
674 869 795 902 deludit,
819 873 896 904 terga
912 875 1020 897 vertens

1073 885 1146 911 μεως
1163 877 1222 903 ὅλον
1244 876 1401 912 ὑποχείριον
1415 876 1519 908 δέξεται
1536 876 1582 904 τὸν
1600 877 1701 912 ἀσθενῆ
1718 877 1766 903 καὶ
1785 877 1871 904 ὑπεν-

230 921 258 944 et
273 915 390 952 fugiens,
405 916 492 943 donec
505 915 592 942 hostis
606 909 768 942 conﬁrmato
780 914 873 941 animo
887 913 915 941 in
930 914 1020 949 ipsum

230 962 306 990 velut
329 961 454 989 timidum
472 965 499 989 et
516 961 683 988 imbecillum
707 960 916 995 impressionem
939 959 1021 987 iaciat

231 1016 265 1036 ae
295 1012 496 1043 persequatur:
522 1010 580 1034 tum
603 1014 650 1033 rex
674 1006 720 1033 ille
743 1009 854 1040 repente
872 1012 1022 1033 conversus

230 1053 397 1081 imbecillum
416 1052 497 1080 istum
513 1055 594 1087 atque
607 1051 713 1079 hostem
727 1051 788 1078 suis
802 1051 889 1086 copiis
903 1050 1022 1078 circum-

229 1095 344 1126 ventum
364 1098 392 1125 in
408 1101 571 1133 potestatem
586 1097 704 1132 redigit:
724 1097 761 1123 ita
778 1096 911 1124 Dominus
929 1100 1023 1124 noster

232 1148 349 1172 mortem
365 1143 476 1171 minime
488 1142 637 1178 pertimuit,
653 1142 700 1178 qui
716 1142 753 1175 id,
770 1139 916 1177 antequam
929 1141 961 1168 ad
974 1149 1022 1176 pa-

231 1184 356 1218 tiendum
376 1189 528 1223 accederet,
545 1188 573 1215 in
589 1188 688 1216 itinere
705 1187 884 1223 significaret,
898 1186 1022 1214 futurum

231 1228 358 1263 videlicet
375 1239 405 1262 ut
426 1234 511 1262 Filius
527 1228 647 1262 hominis
666 1233 819 1260 traderetur
836 1237 863 1260 et
879 1232 1020 1266 cruciﬁge-

232 1275 318 1314 retur,
335 1288 367 1308 ac
387 1281 467 1308 tertia
483 1280 528 1307 die
540 1278 706 1314 resurgeret.
726 1277 808 1305 Petro
823 1284 888 1305 vero
903 1277 1020 1309 dicente,

231 1320 287 1364 ω
305 1327 441 1361 Propitius
455 1326 502 1352 tibi
517 1326 563 1359 sit,
582 1322 708 1356 Domine';
725 1323 772 1350 hoc
786 1322 832 1365 tibi
843 1322 949 1364 minime
959 1317 1024 1349 con-4

232 1368 314 1408 tinget
328 1372 353 1405 ³;
369 1371 496 1399 Christus
519 1370 562 1399 his
577 1368 654 1397 illurn
671 1369 760 1397 verbis
776 1368 898 1403 increpat
914 1376 922 1395 :
951 1367 1023 1395 Vade

230 1415 289 1451 post
304 1426 356 1451 me,
375 1412 487 1449 satana,
502 1416 565 1452 quia
578 1411 635 1442 non'
646 1414 717 1449 sapis
740 1411 862 1448 quw'Dei
882 1418 960 1446 sunt,
977 1413 1022 1440 sed

231 1453 289 1500 quo;
310 1468 371 1491 sunt
395 1463 539 1490 hominum.
568 1461 620 1494 Qui
645 1460 702 1487 htee
724 1459 807 1494 igitur
838 1458 929 1486 futura
954 1466 1023 1494 prae-

231 1505 354 1540 dixerat,
379 1508 427 1543 qui
454 1507 536 1542 hujus
561 1506 599 1534 rei
620 1505 705 1533 causa
729 1508 858 1538 venerat,
885 1505 1022 1540 quomodo

233 1551 326 1590 pestea
339 1538 458 1581 iransire
472 1538 531 1580 a'se
543 1552 654 1580 calicem
669 1554 797 1585 precatur
808 1554 838 1576 ut
852 1557 886 1577 ne
893 1538 1021 1577 biberet?
1036 1538 1058 1568 ο

232 1602 284 1636 (ξιιὶ
299 1593 335 1628 δέ
352 1603 440 1627 morte
461 1607 522 1631 sua,
548 1599 707 1633 priusquam
730 1600 893 1628 moreretur,
917 1603 1022 1623 sermo-

233 1644 294 1685 nem
311 1642 462 1677 habuerat,
483 1645 525 1672 vel
545 1645 579 1672 ob
598 1644 623 1671 id
647 1637 731 1670 unum
753 1650 787 1670 ne
803 1641 940 1670 mendacii
956 1650 1022 1669 con-

232 1684 305 1723 rinci
324 1684 428 1727 posset,
445 1695 474 1718 ut
487 1697 502 1717 a
516 1697 546 1718 se
565 1689 635 1717 calix
650 1685 858 1723 ille'praeteriret
874 1695 953 1715 orare
967 1695 1022 1715 non

233 1730 349 1775 poterat.
369 1738 467 1765 Verum
481 1736 532 1763 hac
545 1735 734 1763 adversarium
749 1742 829 1762 suum
844 1734 951 1761 ratione
962 1741 1023 1769 pro‘

232 1778 324 1817 vocat,
340 1788 370 1811 ut
385 1791 447 1810 eum
463 1782 507 1810 ille
522 1776 691 1809 Salvatorem
707 1784 821 1807 mortem
838 1784 957 1807 metuere
969 1779 1022 1807 sibi

233 1830 427 1866 persuasisset,
445 1828 516 1855 hanc
533 1828 585 1863 ipsi
603 1826 636 1854 ad
650 1825 744 1854 eorum
762 1827 808 1861 qui
830 1827 954 1854 morituri
977 1835 1022 1854 es-

232 1874 304 1909 sent,
322 1868 437 1904 salutem
458 1874 612 1910 indigeret:
628 1873 654 1900 id
668 1873 740 1908 quod
756 1873 887 1908 singulari
903 1873 1022 1908 quadam

231 1927 273 1951 est
289 1922 438 1963 prudentia
460 1920 621 1956 perfectum.
642 1919 718 1953 Quod
739 1919 762 1947 si
784 1919 857 1947 istud
874 1920 957 1947 etiam
971 1916 1034 1946 au-'

232 1967 293 1997 dias
303 1972 441 1996 mortuum
450 1974 511 1995 esse
524 1966 679 1997 Dominum,
695 1965 770 1993 disce
778 1965 823 1992 ubi
836 1965 871 1992 sit
886 1973 960 1993 mors
977 1965 1022 1992 illa

232 2019 370 2050 suscepta.
379 2014 438 2041 Tibi
452 2013 523 2042 enim
542 2012 725 2047 apostolorum
736 2012 863 2046 princeps
875 2011 970 2038 Petrus
981 2014 1022 2037 to-

1070 922 1171 949 αντίον·
1188 921 1274 954 οὕτως
1291 922 1338 948 καὶ
1358 923 1372 948 ὁ
1395 921 1497 957 Κύριος
1515 922 1595 957 ἡμῶν
1611 922 1661 949 οὐκ
1680 922 1802 958 ἐφοϐήθη
1820 923 1869 950 τὸν

1071 967 1197 1001 θάνατον,
1212 968 1226 993 ὁ
1238 967 1291 1002 πρὸ
1304 966 1351 993 τοῦ
1368 967 1455 994 ὲλθεῖν
1471 967 1551 994 αὑτὸν
1567 968 1607 998 εἰς
1619 966 1650 993 τδ
1662 967 1758 994 παθεῖν
1776 968 1870 1003 σημά-

1071 1020 1118 1044 νας
1132 1012 1161 1039 ἐν
1178 1013 1212 1048 τῇ
1225 1011 1366 1048 ὁδοιπορίᾳ
1380 1012 1420 1038 ὅτι
1439 1011 1531 1047 μέλλει
1546 1012 1560 1039 ὁ
1577 1011 1642 1044 Υίδς
1657 1012 1704 1039 τοῦ
1718 1013 1869 1049 ἀνθρώπου

1071 1056 1267 1092 παραδίδοσθαι
1283 1057 1331 1084 καὶ
1346 1056 1547 1092 σταυρωθῆναι,
1563 1056 1611 1083 καὶ
1625 1057 1658 1092 τῇ
1678 1056 1870 1094 τρίτῃ-ἡμέρᾳ

1071 1101 1228 1137 ἀναστῆναι·
1253 1101 1300 1127 καὶ
1322 1101 1370 1127 τοῦ
1396 1101 1499 1136 Πέτρου
1522 1100 1658 1135 λέγοντος·
1678 1101 1783 1134 Ἵλεώς
1804 1109 1869 1136 σοι,

1071 1147 1170 1181 Κύριε,
1185 1139 1221 1174 οὗ
1231 1146 1274 1181 μὴ
1288 1147 1374 1173 ἔσται
1388 1154 1437 1173 σοι
1452 1146 1551 1179 τοῦτο,
1564 1147 1741 1182 ἐπιτιμήσας,
1755 1147 1870 1184 Ὕπατς

1072 1193 1168 1219 ὀπίσω
1182 1201 1253 1227 μου,
1271 1192 1399 1225 Σατανᾶ,
1419 1192 1514 1225 εἰπὼν,
1526 1194 1571 1220 ὅτι
1584 1195 1619 1220 οὐ
1630 1194 1751 1228 φρονεῖς
1764 1195 1801 1221 τὰ
1814 1195 1869 1222 τοῦ

1073 1237 1159 1269 Θεοῦ,
1173 1237 1255 1264 ἀλλὰ
1269 1238 1305 1264 τὰ
1321 1237 1380 1264 τῶν
1393 1237 1567 1272 ἀνθρώπιον.
1595 1239 1623 1265 '0
1635 1237 1681 1265 οὖν
1698 1239 1784 1265 ταῦτα
1800 1249 1869 1275 προ-

1072 1281 1169 1316 λέγων,
1185 1283 1232 1309 καὶ
1246 1282 1291 1309 διὰ
1305 1282 1384 1309 τοῦτο
1400 1283 1466 1310 αὐτὸ
1479 1284 1565 1319 ἥκων,
1583 1284 1643 1316 πῶς
1660 1283 1774 1321 ὕστερον
1787 1286 1868 1322 εὔχε-

1072 1337 1117 1355 ται
1131 1328 1276 1364 παρελθεῖν
1284 1328 1315 1355 τὺ
1326 1329 1468 1365 ποτήριον,
1480 1330 1523 1356 ἵνα
1535 1330 1573 1366 μὴ
1587 1331 1653 1366 irin;
1672 1331 1701 1357 '0
1715 1331 1800 1358 εἰπὼν
1814 1331 1870 1368 πρὸ

1071 1373 1119 1400 τοῦ
1133 1373 1223 1400 θανεῖν
1237 1373 1301 1409 περὶ
1318 1374 1366 1401 τοῦ
1388 1374 1513 1407 θανάτου,
1533 1375 1585 1402 κᾶν
1605 1376 1649 1403 διὰ
1668 1376 1698 1403 τὸ
1714 1377 1751 1412 μὴ
1763 1377 1869 1413 ὑπολη-

1073 1418 1174 1453 φθῆναι
1186 1418 1306 1455 ψεύστην
1319 1419 1412 1453 αὑτδν,
1426 1420 1476 1447 οὐκ
1490 1420 1606 1455 ἠδύνατο
1621 1421 1751 1454 εὔξασθαι
1763 1423 1870 1458 παρελ-

1073 1464 1129 1490 θεῖν
1139 1464 1170 1490 τὸ
1181 1465 1320 1500 ποτήριον.
1341 1465 1422 1491 Ἀλλά
1434 1466 1612 1502 προκαλεῖται
1625 1467 1670 1494 διὰ
1683 1468 1730 1494 τοῦ
1744 1469 1870 1496 τοιούτου

1073 1509 1175 1545 τρόπου
1186 1510 1231 1536 τὸν
1244 1510 1390 1544 ἀντίδικον,
1406 1511 1449 1537 ῖνα
1468 1511 1573 1551 εκείνου
1587 1504 1767 1545 ὑπολαὸόντος
1783 1514 1871 1541 δεδιέ-

1073 1564 1116 1581 ναι
1132 1555 1178 1582 τὸν
1195 1555 1310 1591 Σωτῆρα
1324 1555 1370 1582 τὸν
1385 1556 1510 1589 θάνατον,
1525 1557 1654 1594 ἐπαγάγῃ
1665 1559 1740 1594 αὺτῷ
1751 1559 1870 1586 θάνατον

1072 1602 1113 1632 εἰς
1128 1601 1263 1636 σωτηρίαν
1275 1602 1331 1633 τοῖς
1343 1601 1491 1636 θνήσκουσι
1506 1602 1551 1629 διά
1563 1603 1613 1638 τῆς
1627 1604 1792 1640 οἰκονομίας.
1813 1605 1870 1632 Ἀλ-

1072 1646 1106 1673 λὰ
1117 1646 1168 1673 κᾶν
1181 1647 1300 1683 ἀκούσῃς
1315 1647 1356 1674 ’ότι
1371 1647 1502 1683 τέθνηκεν
1517 1648 1531 1674 ὁ
1546 1648 1662 1684 Κύριος,
1678 1650 1763 1684 γνῶθι
1775 1651 1807 1678 τὸ
1818 1652 1870 1678 πά-

1074 1691 1120 1724 θος
1138 1692 1185 1718 τοῦ
1203 1692 1317 1720 θανάτου
1339 1693 1392 1720 ποῦ
1417 1694 1605 1729 πεπλήρωται.
1631 1696 1793 1732 Ἐρμηνεὺει
1814 1698 1870 1733 γάρ

1073 1746 1113 1764 σοι
1122 1736 1140 1764 ’ὀ
1153 1738 1368 1773 κορυφαιότατος
1383 1739 1437 1766 τῶν
1453 1735 1611 1768 ἀποστόλων
1622 1741 1726 1779 Πέτρος
1739 1743 1789 1778 τὴν
1805 1745 1871 1779 περὶ

1071 1783 1118 1810 τοῦ
1142 1783 1257 1810 θανάτου
1281 1783 1364 1810 αὑτοῦ
1391 1784 1533 1818 ὑπόθεσιν,
1559 1786 1656 1821 λέγων·
1684 1789 1871 1822 Θανατωθεις

1071 1828 1172 1862 σαρκὶ,
1199 1828 1387 1863 ζωοποιηθεὶς
1411 1830 1446 1857 δὲ
1469 1832 1625 1866 πνεύματι.
1653 1833 1685 1860 Ἡ
1707 1834 1761 1869 γὰρ
1780 1836 1867 1863 αὑτοῦ

1072 1875 1167 1911 θεότης
1191 1876 1377 1912 ἀναδεξαμένη
1404 1877 1434 1904 τὺ
1460 1878 1489 1905 ὲν
1517 1880 1599 1914 σαρκὶ
1625 1880 1729 1912 παθεῖν,
1759 1882 1872 1919 ἀπαθής

1075 1921 1143 1965 εστι,
1160 1922 1206 1948 καὶ
1224 1922 1331 1957 ἀπαθὴς
1351 1920 1396 1957 ῆν,
1414 1923 1461 1949 καὶ
1479 1924 1588 1960 ἀπαθὴς
1599 1925 1726 1960 διέμεινε,
1745 1927 1784 1963 μὴ
1800 1936 1872 1962 τρα-

1076 1966 1174 2002 πείσης
1192 1968 1242 2004 τῆς
1262 1967 1405 2002 ἀπαθείας,
1421 1969 1489 2004 μηδὲ
1507 1970 1706 2007 ἁχρειωθείσης
1719 1974 1769 2008 τῆς
1791 1973 1872 2001 castra

1076 2021 1165 2046 Ιτητος.

232 2057 290 2089 tum
302 2049 368 2088 illud
383 2060 478 2087 mortis
492 2059 629 2094 negotium
656 2058 699 2085 his
710 2058 800 2085 verbis
826 2057 937 2092 exponit
960 2066 967 2084 :
991 2049 1171 2092 Mortiﬁcatus
1194 2066 1284 2093 carne,
1309 2058 1457 2095 vivi/iratus
1487 2065 1575 2089 autent
1597 2063 1692 2097 spiritu
1716 2064 1736 2091 ³.
1760 2064 1871 2093 Etenim

231 2109 362 2136 divinitas
381 2107 467 2142 ipsius
485 2097 695 2142 perpessionem.
707 2105 800 2133 carnis
816 2104 940 2137 subiens,
962 2105 1150 2140 perpessiouis
1164 2106 1343 2135 nihilominus
1364 2111 1407 2135 est
1439 2115 1548 2142 expers,
1566 2112 1592 2135 et
1621 2116 1718 2144 expers
1751 2114 1822 2144 erat,
1845 2116 1872 2139 et

231 2162 330 2190 expers
349 2153 510 2189 permansit,
527 2161 588 2180 cum
607 2159 696 2188 neque
715 2151 751 2179 sit
768 2152 814 2179 illa
827 2159 883 2179 non
898 2151 1020 2187 patiendi
1033 2157 1137 2181 mutata
1154 2154 1287 2188 conditio,
1303 2163 1354 2183 nec
1368 2154 1509 2183 aeternitas
1523 2156 1670 2184 exstincta.

266 2201 375 2228 XXXV.
397 2198 432 2228 At
452 2201 525 2228 enim
549 2199 703 2227 inanissimi
727 2199 851 2226 homines
865 2199 1020 2234 objiciunt:

1109 2202 1171 2230 AE’.
1196 2203 1282 2230 Πάλιν
1298 2211 1328 2230 τε
1347 2203 1396 2230 ἐὰν
1409 2203 1522 2230 εἴπωσιν
1537 2204 1561 2230 οἱ
1577 2191 1720 2236 κενόδοξοι·
1742 2205 1799 2232 Οὐκ
1817 2206 1873 2233 ἀπὸ

231 2247 372 2276 Christum
393 2247 483 2274 anima
505 2246 591 2274 fuisse
606 2245 767 2280 praeditum,
788 2245 831 2272 his
851 2246 943 2274 verbis
963 2254 1025 2282 per-

234 2293 350 2321 suadere
385 2300 440 2320 non
477 2295 567 2327 potes,
594 2290 727 2325 siquidem
748 2290 775 2317 in
797 2291 885 2318 sacris
916 2288 1027 2321 Litteris

233 2339 331 2367 Isaiam
345 2347 377 2367 ex
388 2338 436 2366 Dei
445 2345 477 2365 ac
488 2337 576 2365 Patris
590 2343 706 2371 persona
718 2336 752 2364 de
764 2336 909 2372 Unigenito
922 2338 1026 2366 dixisse

233 2384 367 2421 legimus:
384 2384 434 2411 Hic
447 2389 486 2411 est
502 2382 589 2410 Filius
602 2390 673 2409 meus
689 2381 800 2409 dilectus
812 2403 820 2415 ,
839 2383 867 2410 in
887 2392 938 2419 quo
959 2384 1024 2411 mihi

233 2431 323 2466 placui
335 2434 434 2466 :‘quem
446 2428 539 2456 dilexit
554 2428 645 2455 anima
664 2436 722 2455 mea
734 2428 755 2455 ³.
774 2428 825 2456 Ubi
841 2430 907 2464 quid
924 2430 957 2458 de
970 2429 1023 2457 Pa-

233 2481 275 2504 tre
295 2476 405 2504 tandem
428 2473 665 2502 existimabimus?
682 2477 839 2501 utrumnam
863 2476 980 2503 animam
995 2477 1024 2504 in

233 2522 326 2558 seipso
344 2520 484 2553 habuisse,
507 2523 554 2546 aut
568 2520 716 2547 etiamnum
734 2520 854 2549 habere?
872 2523 934 2558 quis
956 2523 1024 2551 adeo

233 2568 345 2596 demens
361 2570 413 2599 est,
429 2569 460 2593 ut
479 2565 537 2593 haec
551 2566 584 2593 de
597 2565 676 2594 Patre
698 2567 872 2602 suspicetur?
887 2568 956 2601 Quid
973 2569 1024 2604 igi-

1077 2247 1132 2275 τῶν
1142 2248 1271 2276 τοιούτων
1289 2249 1344 2284 (55)
1358 2249 1470 2276 δύνασαι
1487 2250 1560 2285 ἡμᾶς
1584 2251 1676 2277 πεῖσαι
1691 2250 1738 2277 τὸν
1752 2251 1872 2287 Χριστὸν

1079 2292 1167 2328 ψυχὴν
1180 2293 1335 2328 ἐσχηκέναιο
1353 2294 1510 2330 εὑρήκαμεν
1529 2295 1585 2330 γὰρ
1598 2295 1654 2322 ἀνω
1670 2297 1699 2323 ἐν
1714 2297 1773 2328 ταῖς
1785 2297 1873 2330 θείαις

1080 2338 1210 2374 Γραφαῖς,
1226 2338 1263 2371 ὥς
1278 2347 1362 2374 φησιν
1381 2340 1494 2372 Ἡσαΐας
1508 2340 1563 2375 (54)
1586 2341 1640 2368 ἀπὸ
1659 2341 1805 2378 προσώπου
1823 2343 1872 2370 τοῦ

1081 2383 1150 2410 Θεοῦ
1163 2384 1208 2410 καὶ
1225 2385 1332 2421 Πατρδς
1345 2385 1409 2422 περὶ
1422 2385 1470 2412 τοῦ
1480 2386 1659 2420 Μονογενοῦς”
1677 2384 1773 2421 Οὗτός
1785 2388 1873 2416 ἐστιν

1078 2431 1095 2456 ὁ
1114 2430 1180 2463 Υἱός
1191 2439 1251 2466 μου
1265 2432 1282 2458 ὁ
1295 2431 1458 2467 ἀγαπητὸς,
1473 2432 1517 2464 είς
1533 2431 1570 2458 ὃν
1581 2432 1639 2470 ἐγὼ
1654 2432 1824 2467 ηὑδόκησα,
1836 2434 1874 2461 ὃν

1076 2476 1236 2511 ἠγάπησεν
1248 2478 1268 2511 ἡ
1281 2477 1366 2513 ψυχή
1384 2487 1455 2512 μου.
1473 2477 1505 2505 Τί
1532 2479 1665 2514 νοήσομεν
1680 2480 1744 2515 περὶ
1753 2480 1871 2516 Πατρὸς,

1076 2523 1165 2559 ψυχὴν
1188 2524 1329 2559 εἰληφέναι
1352 2525 1380 2550 ὲν
1405 2523 1504 2559 ἑαυτῷ,
1528 2524 1544 2559 ἦ
1569 2523 1658 2560 ψυχὴν
1674 2524 1763 2559 ἕχεινς
1780 2526 1830 2557 Τίς
1843 2527 1871 2553 δὲ

1077 2569 1168 2604 ληρῶν
1186 2570 1264 2597 τοῦτο
1280 2571 1372 2605 νοήσει
1388 2570 1452 2605 περὶ
1463 2570 1509 2598 τὸν
1526 2572 1651 2606 Πατέρα;
1672 2571 1705 2598 Τί
1722 2570 1772 2599 οὖν
1789 2582 1871 2608 φασι;

271 2645 279 2660 ¹
291 2644 371 2672 Joan.
387 2652 435 2677 xu,
450 2644 496 2672 27.
526 2643 686 2677 ’Joan.xu,
700 2644 746 2672 27.
785 2645 796 2661 ³
813 2644 908 2673 Matth.
929 2654 985 2678 xvr,
1005 2645 1041 2672 22
1059 2654 1120 2682 sqq.
1160 2646 1191 2673 ⁸1
1208 2647 1282 2676 Petr.
1294 2649 1388 2682 "1,18.
1426 2649 1436 2665 ⁸
1454 2650 1506 2677 lsa.
1526 2658 1593 2683 XLII,
1610 2641 1753 2682 l;Mattli.
1772 2651 1870 2684 "1,17.

269 2721 326 2763 (515)
348 2721 427 2749 Edita
450 2729 465 2749 a
489 2721 600 2750 Petavio
615 2722 727 2757 habent,
748 2723 803 2750 ἀπὸ
821 2723 874 2750 τῶν
895 2722 1022 2750 τοιούτων

235 2759 426 2826 ρηίέἷξαίῖὲειο
437 2792 482 2821 hic
495 2793 655 2821 emendatur
665 2792 761 2820 Latina
777 2792 878 2820 Petavii
892 2793 1022 2827 interpre-

238 2827 315 2862 tatio,
334 2835 394 2863 quae
418 2828 508 2863 habet,
528 2836 561 2856 ex
588 2828 637 2856 Dei
653 2837 691 2864 uc
707 2828 799 2856 Patris
815 2828 942 2863 πνείειεηίιὶ
960 2827 1028 2855 Filii

1076 2731 1191 2758 persona
1212 2723 1323 2755 dixisse,
1347 2729 1413 2756 εις..
1436 2734 1491 2753 non
1515 2726 1588 2754 enim
1613 2727 1694 2754 habet
1714 2727 1769 2754 ullo
1790 2729 1872 2756 modo

1076 2759 1201 2797 Graecum
1217 2761 1434 2797 esemplumma‘t
1451 2762 1560 2797 [Ιατρὸς
1569 2761 1615 2789 τοῦ
1627 2763 1806 2797 Μονογενοῦς·
1823 2765 1872 2792 Sed

1076 2794 1244 2830 soluntﬁtspt
1259 2794 1307 2822 τοῦ
1318 2795 1497 2831 Μονογενοῦς,
