1940 3043
1561 112 1577 124 ρ

66 137 100 165 85
759 154 768 165 .~
788 139 1002 169 ANCORA'I‘US.
1672 145 1707 173 86

67 194 222 230 συντρῖψαι
243 194 273 222 τὸ
285 194 400 230 κέντρον
423 195 518 228 αὐτοῦ,
541 196 590 223 καὶ
609 196 735 224 ἐκϐαλεῖν
755 198 810 225 ἀπὸ
822 199 870 234 τῆς

924 199 1100 227 vehementer
1119 200 1311 233 admiraretur,
1327 209 1382 236 quo
1397 206 1425 230 et
1436 202 1594 238 proﬂigatus
1609 203 1707 231 diabo-

67 241 118 268 ἀνθ
123 240 301 276 ρωπὸτητος.

923 244 977 277 lus,
991 247 1019 272 ct
1036 245 1172 274 contritus
1186 246 1283 274 mortis
1297 246 1422 279 aculeus,
1437 251 1464 274 et
1480 248 1653 283 principatus
1674 256 1707 277 ac

68 290 230 321 potestates
250 287 325 314 velut
349 287 377 314 in
402 287 542 323 triumpho
567 289 698 322 traducti,
723 294 750 317 et
772 291 877 325 peccati
903 291 947 319 vis
975 291 1094 319 infracta
1113 292 1213 326 fuerat,
1228 301 1284 328 prae
1300 293 1422 328 stuporis
1446 295 1631 329 magnitudine
1657 297 1707 323 ad-

69 332 242 360 orabundus
267 333 380 368 angelus
408 333 435 360 in
465 334 511 361 illa
535 342 585 362 sua
609 335 801 370 praedicatione
825 336 961 365 clamabat
985 346 992 364 :
1026 337 1083 365 Tua
1113 339 1149 365 vis
1175 343 1231 372 est,
1259 338 1379 366 Domine.
1409 338 1450 366 Tu
1475 340 1547 367 enim
1563 346 1650 368 morte
1679 346 1708 369 et

70 377 170 406 inferis
197 386 232 405 ac
255 379 367 406 diabolo
395 381 521 414 superior
549 381 648 412 fuisti:
677 381 794 417 ejusque
817 382 958 411 stimulum
978 383 1130 419 infregisti,
1155 389 1182 412 et
1198 384 1233 412 ab
1248 384 1368 412 humano
1382 392 1481 420 genere
1497 385 1635 420 depulisti.

104 424 172 451 ΑΠ’.
203 424 268 451 Ἐὰν
288 425 318 451 δὲ
332 425 413 452 πάλιν
433 426 512 462 εἴπῃ,
535 427 599 454 Ποῦ
613 428 762 455 τεθείκατε
778 428 871 459 Λάζα-

67 478 142 505 ρον;
162 470 391 506 ὰνθρωτωπαθῶς
405 479 411 487 υ
436 472 484 499 καὶ
502 473 566 508 περὶ
585 473 635 508 τῆς
657 474 869 509 αἱμοῤῥοούσης,

73 516 122 550 Τίς
131 525 194 551 μου
207 517 308 551 ἥψατο
317 526 327 550 ;
350 517 385 553 ἦ,
401 518 470 545 Τίνα
485 518 611 552 (negito;
630 519 664 554 ἦ,
689 520 759 546 Τίνα
773 529 810 554 με
821 520 872 547 λέ-

72 570 181 597 γουσιν
197 564 226 589 οι
240 562 388 597 ἅνθρωποι
398 562 474 591 εἶναι
488 565 541 592 τὸν
553 565 622 591 Υιὸν
634 565 687 592 τοῦ
697 565 853 599 ἀνθρώπου
860 573 871 597 ;

71 607 103 640 ἥ,
123 606 159 634 Τὸ
180 607 304 635 παιδίον
320 607 437 642 ηὔξανε
450 606 498 636 iul
517 609 707 643 ἐκραταιοῦτο
719 619 726 626 ’
742 611 758 645 ἦ
772 631 779 642 ,
795 613 869 644 Προ-

72 652 202 680 έκοπτεν
217 653 321 687 ἡλικίᾳ
337 654 386 680 καὶ
404 655 498 689 σοφίᾳ
510 663 517 670 ·
543 655 559 690 ἢ
572 675 579 688 ,
607 655 667 689 Πρὸ
683 656 737 683 τοῦ
757 656 868 690 »βιῶναι

73 697 105 725 τὸ
118 698 246 726 παιδίον
260 699 363 726 καλεῖν
377 700 490 734 πατέρα
506 700 524 735 ἣ
539 700 653 735 μητέρα
663 709 670 716 ·
683 701 732 737 οὐχ
745 702 811 738 ὁρᾷς
821 702 868 728 ἀπ’

74 744 158 778 αὐτῆς
182 744 235 779 τῆς
258 743 415 776 ὑποθέσεως
432 745 463 771 τὺ
482 745 651 782 ὑπερϐάλλον
667 747 716 782 τῆς
729 747 868 781 γνώσεως,

73 791 112 817 ὅτι
140 790 174 816 ὲκ
197 789 300 825 σαρκὸς
329 790 376 816 καὶ
401 789 611 826 ἀνθρωπότητος
634 791 668 818 τὰ
694 792 866 828 διηγήματα;

76 836 145 862 Ὅσα
161 835 219 871 γὰρ
233 836 264 862 ὲν
279 837 311 871 τῇ
326 836 433 872 Παλαιᾷ
447 836 570 873 Διαθήκῃ
592 837 646 864 ἀπὸ
663 838 808 873 προσώπου
819 837 866 865 τοῦ

75 877 154 914 Θεοῦ,
170 882 220 908 καὶ
242 882 349 916 Πατρὸς
365 882 609 918 ὑποκατερχόμενά
628 883 696 910 εἰσιν
719 884 760 915 εἰς
779 883 865 910 πειθὼ
880 885 900 913 Β

76 926 126 953 τῶν
152 926 323 961 ἀνθρώπων,
353 927 491 961 ἀγνωσίας
515 927 648 962 ἐχόμενα,
676 928 725 954 οὐκ
750 927 815 954 ὄντα
839 928 884 955 δὲ’

77 971 201 1005 ἄγνωστα
215 971 256 1006 τῷ
266 971 336 1007 Θεῷ,
353 971 439 998 ταῦτα
451 971 536 999 ἐλθὼν
549 973 562 999 ὁ
575 973 660 1007 Λόγος
676 973 867 1009 πεπλήρωκεν,

77 1017 117 1043 ἵνα
132 1017 268 1054 πληρώσῃ
282 1017 313 1044 τὺ
325 1018 469 1053 εἰρημένον
484 1026 490 1033 ·
513 1018 539 1044 '0
548 1015 648 1053 Πατήρ
664 1028 723 1053 μου
737 1019 792 1052 ἕως
802 1019 868 1053 ἄρτι

77 1061 232 1096 ἐργάζεται,
256 1062 337 1097 κάγὼ
350 1061 512 1098 ἐργάζομαι.
528 1077 564 1082 ——
578 1063 641 1090 Ποῦ
657 1064 804 1090 τεθείκατε
816 1063 870 1090 τὸν

78 1107 227 1141 Λάζαρονς
248 1107 355 1143 ἠρώτα,
370 1109 452 1142 ἐγγὺς
472 1108 519 1135 τοῦ
535 1108 618 1135 τόπου
633 1108 779 1143 γενόμενος
790 1116 797 1123 ”
816 1107 869 1144 πρὸ

77 1153 104 1179 δὲ
122 1154 167 1180 τοῦ
187 1153 278 1180 ἐλθεῖν
300 1154 340 1185 είς
356 1154 400 1180 τὸν
417 1154 510 1187 τόπον,
532 1154 585 1181 ὑπὸ
607 1154 721 1190 μηδενὸς
739 1153 867 1185 ἀκούσας,

77 1197 149 1232 ἔλεγε
164 1199 223 1230 τοῖς
239 1198 374 1233 μαθηταῖς
390 1199 472 1225 αὑτοῦ
483 1208 490 1214 ·
510 1199 642 1232 Λάζαρος
656 1200 672 1226 ό
686 1199 774 1232 φίλος
785 1197 870 1232 ἡμῶν

79 1243 261 1278 κεκοίμηται.
281 1244 310 1270 Ὀ
328 1244 418 1271 τοίνυν
431 1244 484 1271 ἀπὸ
503 1244 638 1277 τοᾳούτων
651 1245 701 1279 τῆς
716 1244 869 1279 ὁδοιπορίας

77 1288 186 1320 διεστὼς
217 1288 268 1316 τοῦ
293 1289 392 1322 τόπου,
421 1290 501 1323 γνοὺς
529 1290 569 1316 ὅτι
596 1289 710 1324 τέθνηκε
735 1289 868 1324 Λάζαρος,

74 1334 169 1369 ’παρὼν
181 1335 210 1361 ὲν
221 1335 263 1371 τῷ
273 1335 348 1370 τόπῳ
360 1336 468 1371 inmeiat;
485 1335 593 1362 οὒκουν.
616 1335 684 1362 Ἀλλ’
696 1335 774 1371 ἤθελε
787 1335 870 1368 δεῖξαι

80 1379 118 1405 ὅτι
136 1379 222 1406 ταῦτα
248 1381 337 1407 πάντα
362 1381 459 1414 ἐποίει,
484 1381 531 1408 καὶ
551 1380 627 1407 οὔπω
648 1381 736 1412 οὐδεὶς
758 1380 870 1411 τελείως

81 1424 149 1459 αὐτῷ
161 1425 306 1452 ἐπίστευεν
315 1433 322 1440 ·
338 1425 381 1452 ἵνα
395 1424 545 1460 ἐνδείξηται
558 1425 607 1460 τῆς
618 1424 700 1451 αὑτοῦ
718 1423 785 1459 πρὸς
797 1424 871 1459 ἡμᾶς

82 1468 182 1501 φειδοῦς
195 1469 247 1505 τὴν
264 1469 364 1505 πολλὴν
376 1469 591 1505 φιλανθρωπίαν.
608 1469 682 1496 Ἔδει
695 1468 750 1505 γὰρ
765 1468 871 1500 ὲκείνας

84 1514 118 1549 μὴ
132 1515 233 1541 εἰπεῖν·
255 1515 428 1549 Τεταρταῖός
443 1515 542 1547 ἐστιν,
566 1514 623 1548 ἤδη
646 1513 717 1546 ὄζει,
733 1513 799 1549 μηδὲ
817 1515 871 1541 ἁπ-

83 1559 175 1592 ελοδεῖν,
193 1562 241 1588 καὶ
253 1561 336 1593 δεῖξαι
347 1569 354 1574 ·
371 1561 428 1587 ἀλλ’
441 1561 528 1587 εἰπεῖν
539 1569 546 1576 ”
562 1560 653 1587 Πάντα
670 1558 753 1592 οἶδας,
766 1559 813 1586 καὶ
824 1559 871 1586 ἐὰν

85 1603 168 1641 θέλῃς,
187 1604 313 1641 ζήσεται.
342 1606 441 1642 Διόπερ
466 1606 512 1632 καὶ
535 1605 684 1641 ἐδάκρυσεν
703 1605 749 1631 ἐπὶ
768 1605 800 1639 τῇ
817 1604 871 1630 τῶν

84 1649 229 1686 ἀνθρώπων
245 1650 383 1687 πωρώσει,
401 1651 456 1678 Οὐκ
468 1650 572 1685 ἀγνοῶν
588 1651 677 1677 τοίνυν
691 1650 784 1686 ἠρώτα
794 1658 800 1666 ·
814 1649 870 1676 ἀλλ’

85 1694 183 1730 ἐλέγχει
207 1695 365 1731 πειράζων,
384 1696 429 1722 καὶ
448 1695 710 1731 φιλανθρωπεύεται.
735 1695 799 1728 Καὶ,
824 1696 872 1728 Τίς

84 1748 136 1773 μου
148 1740 245 1774 ἥψατο
257 1749 266 1773 ;
280 1740 356 1776 φησὶ,
375 1741 424 1776 οὐχ
435 1741 474 1768 ὅτι
487 1741 536 1767 οὐκ
549 1740 608 1776 ᾔδει
620 1740 661 1772 τίς
673 1741 754 1767 αὐτοῦ
769 1740 869 1776 ἥψατο·

87 1785 138 1811 ἀλλ’
161 1786 204 1813 ἵνα
226 1787 266 1822 μὴ
288 1787 352 1823 εῐπῃ
373 1787 407 1813 δι’
429 1786 527 1813 ἑαυτοῦ
545 1786 575 1813 τὺ
598 1787 743 1821 γενόμενον
763 1786 870 1822 θαῦμα·

87 1830 137 1857 ἀλλ’
158 1831 230 1864 ὅπως
254 1832 344 1867 ἐκείνη
367 1831 508 1858 ἀκούσασα
528 1831 713 1867 προτελοοῦςα
733 1832 805 1858 εἴποι
821 1832 871 1866 τὴν

88 1877 123 1906 εἰς
135 1876 215 1912 αὐτὴν
226 1878 377 1913 γενομένην
389 1877 480 1913 χάριν,
492 1877 539 1903 καὶ
552 1876 744 1912 ὀμολογήσασα
756 1876 871 1912 ἀκούσῃ,

92 1921 118 1948 Ἡ
134 1923 231 1956 πίστις
250 1931 309 1950 σου
325 1923 443 1950 σέσωκέ
460 1931 512 1955 σε,
533 1923 606 1954 ὅπως
624 1922 811 1958 προτρέψηται
827 1922 873 1947 καὶ

88 1967 175 1999 ἄλλους
193 1969 340 2001 πιστεύειν,
357 1969 399 1995 ἵνα
418 1968 523 1995 moon.
541 1969 609 1995 Τίνα
619 1976 666 2003 με,
678 1967 755 2003 φησὶ,
770 1967 873 2001 λέγου-

90 2020 135 2039 σιν
148 2011 220 2041 εἶναι
239 2015 293 2041 τὸν
312 2014 380 2041 Υίὸν
397 2014 450 2041 τοῦ
466 2013 641 2048 ἀ-›·θρώπου;
664 2013 701 2045 ὡς
726 2012 773 2039 καὶ
792 2013 820 2038 ὲν
838 2013 871 2048 τῇ

91 2058 188 2095 Παλαιᾷ
200 2060 254 2086 ἀπὸ
270 2059 415 2095 προσώπου
428 2059 475 2086 τοῦ
487 2059 593 2095 Πατρὸς
606 2059 691 2093 λέγει,
708 2058 804 2092 Ἀδὰμ,
813 2057 872 2084 ποῦ

91 2100 130 2135 ei;
152 2104 206 2139 ᾔδει
222 2106 251 2131 δὲ
267 2105 349 2132 αὑτὸν
363 2105 414 2132 ποῦ
436 2105 524 2137 ἔστιν,
548 2105 587 2131 διὸ
609 2105 655 2131 καὶ
675 2104 780 2139 ἐλέγχει
793 2103 872 2130 αὑτὸν

93 2150 229 2183 μετέπειτα
243 2152 346 2186 λέγων·
369 2152 420 2178 Ἐκ
437 2151 489 2178 τοῦ
507 2151 602 2183 ξύλου
619 2151 738 2185 ἔφαγες.
765 2149 821 2176 Καὶ
834 2148 873 2184 τῷ

91 2193 154 2242 ίὶάξν
165 2203 171 2210 ·
185 2196 247 2223 Ποῦ
264 2197 349 2223 Ἅϐελ
366 2197 382 2223 ό
394 2196 524 2231 ἀδελφός
541 2204 598 2223 σου
607 2204 616 2228 ;
635 2196 682 2223 καὶ
702 2195 751 2224 οὐκ
765 2195 870 2242 arvo—("0v
885 2213 907 2242 Β

91 2239 183 2273 indu.
203 2242 284 2276 Λέγει
295 2242 348 2277 γάρ
358 2251 365 2258 ·
386 2241 614 2276 Ἐπικατάρατος
624 2241 665 2268 σὺ
676 2241 724 2267 ἐπὶ
737 2241 792 2274 τῆς
801 2239 864 2276 γῆς,

93 2282 109 2316 ἦ
126 2285 209 2319 ἔκανε
224 2287 368 2319 δέξασθαι
384 2287 418 2313 τὸ
440 2285 512 2321 uiua
530 2287 584 2314 τοῦ
602 2287 736 2322 ἀδελφοῦ
755 2294 812 2314 σου
832 2287 867 2313 ἐκ

92 2327 141 2362 τῆς
157 2332 251 2365 χειρός
270 2339 338 2359 σου.
377 2331 453 2358 Ἰδοὺ
472 2332 527 2366 γὰρ
548 2331 580 2358 τὸ
603 2331 675 2366 αἷμα
698 2332 792 2359 αὑτοῦ
808 2331 869 2365 ,βοᾷ

93 2375 158 2408 πρός
173 2385 219 2411 με.
239 2377 296 2404 Οὐκ
317 2377 410 2412 ἠγνόει
428 2377 518 2405 τοίνυν
540 2379 553 2404 ὁ
569 2377 665 2412 λέγων,
687 2379 727 2405 ὅτι
746 2378 780 2405 Τὸ
799 2375 871 2412 antu

91 2419 157 2454 ,ϐεᾷ-
171 2422 226 2449 ἀλλ’
237 2424 309 2455 ὅπως
318 2423 395 2454 δοὺς¹
411 2422 485 2458 αὐτῷ
495 2423 577 2450 τόπον
592 2423 736 2458 μετανοίας
747 2425 787 2455 εἰς
801 2423 868 2450 ἀπο-

94 2463 185 2499 λογίαν,
197 2467 240 2495 διὰ
252 2466 331 2496 τοῦτο
342 2468 446 2504 ἠρώτα.

954 429 1098 457 XXXVIII.
1120 430 1199 463 Quod
1222 438 1288 458 vero
1311 431 1346 458 ab
1370 431 1425 458 illis
1450 431 1563 459 all'ertur
1589 432 1709 460 humano

917 483 992 503 more
1016 475 1117 503 dictum
1133 485 1139 503 :
1155 475 1205 504 Ubi
1234 477 1360 510 posuistis
1381 476 1559 504 Lazarum“?
1592 481 1649 504 tum
1676 478 1710 505 de

895 521 1035 549 smuliere
1065 521 1208 557 sanguinis
1232 521 1366 556 proiluvio
1391 522 1556 550 laborante:
1578 523 1646 556 Quis
1669 531 1710 550 me

919 566 1039 601 tetigit‘?
1055 567 1107 599 vel,
1130 567 1212 599 Quem
1227 569 1346 603 quaeritis
1357 568 1380 594 ‘?
1398 569 1449 599 vel,
1466 568 1549 601 Quem
1566 577 1606 595 me
1617 568 1710 595 dicunt

921 611 1037 639 homines
1053 620 1108 639 esse
1127 612 1226 639 Filium
1241 613 1354 640 hominis
1370 613 1394 640 “?
1418 613 1470 645 vel,
1490 613 1560 640 Puer
1576 613 1710 640 crescebat

919 661 944 684 et
964 657 1193 692 conﬁrmabatur“
1207 666 1213 685 ι
1228 659 1298 692 sive,
1319 658 1482 686 Procedebat
1511 664 1589 686 (etate
1614 664 1639 686 et
1665 668 1710 686 sa-

920 702 1019 734 rientia
1033 703 1061 734 ";
1088 702 1147 731 sive
1166 703 1282 739 denique
1299 713 1306 731 :
1323 704 1469 739 Antequam
1490 706 1562 732 norit
1586 713 1650 740 puer
1667 713 1710 732 uo-

920 755 980 774 care
998 753 1099 781 patrem
1115 754 1161 775 aut
1181 754 1290 776 matrem
1301 750 1329 783 ⁸;
1344 758 1435 778 nonne
1452 750 1493 778 vel
1506 758 1539 778 cx
1555 751 1614 786 ipso
1628 758 1710 786 argu-

920 798 1012 821 monto
1023 795 1201 823 excellentem
1219 796 1374 830 scientiam,
1389 804 1470 832 quam
1488 796 1532 824 hic
1551 797 1628 825 locus
1643 804 1709 832 sup-

920 839 1035 873 peditat,
1052 841 1269 874 animadvertis;
1290 846 1374 876 utque
1388 842 1421 869 ad
1440 849 1551 870 carnem
1567 846 1594 870 et
1610 843 1708 869 huma-

915 893 977 912 nam
995 889 1120 912 naturam
1136 887 1307 914 narrationes
1323 887 1374 914 illm
1389 887 1545 915 referantur
1556 888 1569 915 ἲ
1600 887 1707 915 Etenim

918 939 1086 966 qrtaecunque
1099 931 1126 958 in
1140 931 1236 960 Vetere
1254 932 1429 960 Testamento
1446 941 1478 960 cx
1497 933 1543 960 Dei
1565 941 1597 960 ac
1617 932 1709 960 Patris

918 985 1034 1012 persona
1056 977 1097 1004 sic
1118 981 1298 1012 usurpantur,
1323 981 1353 1005 ut
1378 978 1412 1005 ad
1437 978 1576 1005 hominum
1592 986 1692 1013 persua

918 1022 1022 1050 sionem
1048 1025 1076 1049 et
1100 1022 1257 1049 illecebram
1284 1021 1356 1048 infra
1379 1021 1426 1049 Dei
1449 1022 1622 1056 majestatem
1646 1029 1709 1049 esse

920 1065 1075 1098 videantur,
1093 1070 1120 1092 ct
1136 1065 1170 1092 ad
1186 1066 1382 1100 ignorationem
1399 1066 1539 1098 accedere,
1561 1073 1623 1093 cum
1640 1067 1709 1094 alio-

919 1110 964 1146 qui
983 1111 1085 1137 nullam
1102 1111 1129 1138 in
1146 1110 1201 1138 Deo
1217 1111 1399 1146 ignorantiam
1415 1115 1547 1146 arguant;
1571 1111 1630 1139 haec
1645 1119 1708 1139 om-

919 1156 965 1182 nia
993 1155 1116 1183 divinum
1141 1157 1168 1183 in
1190 1164 1253 1185 sese
1282 1156 1402 1184 Verbum
1431 1157 1564 1192 implevit,
1583 1161 1612 1184 ut
1635 1156 1709 1192 quod

920 1202 1052 1236 scriptum
1067 1205 1118 1234 est,
1143 1210 1174 1230 re
1191 1203 1249 1237 ipsa
1273 1206 1415 1238 praestaret
1429 1211 1435 1230 :
1453 1201 1536 1229 Pater
1557 1210 1628 1229 meus
1644 1202 1709 1228 lme-

919 1251 1000 1277 usque
1025 1248 1158 1277 operatur,
1182 1249 1206 1270 et
1224 1252 1270 1278 ego
1284 1252 1376 1278 operor
1389 1245 1410 1272 '.
1427 1259 1462 1264 -—-
1484 1243 1597 1271 Ubinam
1620 1243 1709 1270 Laza-

920 1296 978 1314 rum
996 1288 1152 1323 deposuistis
1163 1289 1203 1315 "‘?
1217 1290 1339 1324 rogabat,
1366 1297 1427 1317 cum
1445 1289 1557 1324 propius
1572 1289 1605 1316 ad
1619 1289 1710 1316 locum

920 1334 1070 1361 accederet.
1088 1334 1170 1369 Atqui
1183 1334 1344 1369 priusquam
1357 1342 1391 1362 eo
1405 1334 1536 1366 venisset,
1553 1337 1600 1360 aut
1614 1341 1629 1360 a
1643 1341 1712 1368 quo-

921 1386 1001 1413 quam
1026 1378 1192 1411 iuaudissct,
1208 1378 1351 1413 discipulis
1369 1378 1428 1405 suis
1445 1378 1553 1405 dixerat
1567 1387 1573 1405 :
1588 1377 1710 1405 Lazarus

921 1424 1021 1451 amicus
1045 1428 1133 1450 noster
1149 1423 1246 1450 dormit
1262 1424 1294 1450 “.
1313 1417 1383 1458 Ergo
1400 1424 1446 1458 qui
1465 1426 1541 1450 tanto
1557 1423 1610 1449 loci
1627 1423 1710 1449 inter-

922 1470 995 1496 vallo
1019 1470 1134 1497 dissitus
1157 1469 1291 1496 Lazarum
1316 1473 1455 1496 mortuum
1478 1476 1540 1497 esse
1567 1473 1708 1504 cognorat,

922 1520 1065 1550 postquam
1091 1515 1119 1542 in
1140 1523 1198 1542 rem
1221 1519 1383 1549 praesentem
1402 1515 1484 1546 venit,
1513 1515 1639 1550 ignorare
1661 1522 1710 1550 po-

922 1561 994 1587 tuit?
1026 1561 1214 1596 Nequaquam,
1231 1561 1339 1596 opinor.
1369 1560 1421 1588 Sed
1450 1561 1580 1588 nimirum
1601 1560 1713 1587 demon-

923 1610 1011 1634 sti-are
1042 1606 1108 1634 illud
1139 1607 1235 1638 voluit,
1265 1605 1401 1633 neminem
1431 1605 1530 1638 adhuc,
1557 1609 1620 1632 cum
1653 1605 1712 1633 haec

922 1653 1014 1680 omnia
1037 1657 1090 1679 tam
1116 1652 1276 1679 admiranda
1304 1651 1416 1683 faceret,
1434 1653 1461 1678 in
1481 1652 1570 1686 ipsum
1586 1651 1708 1686 perfecte

921 1698 1045 1731 credere,
1074 1698 1113 1725 uti
1146 1706 1202 1726 sua:
1219 1698 1246 1724 in
1271 1706 1322 1726 nos
1363 1697 1538 1733 indulgentiae
1567 1697 1710 1725 miriﬁcam

922 1744 1066 1778 quamdam
1095 1743 1290 1778 benignitatem
1314 1747 1341 1770 et
1367 1743 1564 1770 humanitatem
1585 1743 1712 1771 ostende-

923 1792 986 1816 ret:
1005 1789 1107 1823 quippe
1123 1795 1233 1816 sororcs
1261 1788 1322 1815 illas
1349 1789 1491 1823 oportebat
1512 1796 1566 1816 non
1596 1789 1648 1816 ista
1673 1789 1713 1823 ja-

923 1839 998 1861 ctare
1015 1844 1021 1861 :
1041 1834 1243 1866 Qnalritluauus
1269 1834 1389 1868 cst,jam
1411 1834 1472 1868 fetet
1487 1834 1525 1866 “;
1550 1841 1601 1860 ncc
1625 1834 1710 1866 abire,

923 1887 955 1906 ac
970 1883 1136 1910 monstrare;
1150 1877 1197 1905 sed
1213 1878 1249 1905 ita
1266 1879 1356 1913 potius
1374 1878 1474 1912 alloqui
1491 1887 1497 1904 :
1511 1877 1587 1904 Nosti
1602 1878 1707 1909 omnia,

923 1928 950 1951 ct
980 1924 1003 1951 si
1028 1924 1149 1951 volucris
1176 1923 1333 1951 reviviscet.
1357 1923 1462 1956 Quibus
1484 1923 1517 1950 de
1536 1922 1629 1949 causis
1656 1927 1711 1949 tam

923 1970 1063 1996 olnluralte
1094 1969 1234 1996 hominum
1265 1969 1382 1996 cmcitati
1410 1968 1709 2004 Cln-istusillacrymat.

923 2014 980 2042 Non
995 2015 1078 2050 igitur
1095 2014 1225 2049 ignorans
1241 2014 1409 2049 interrogat;
1433 2014 1479 2041 sed
1496 2014 1653 2049 periclitans
1669 2021 1711 2040 ar-

923 2059 990 2094 guit,
1006 2067 1037 2086 ac
1053 2059 1258 2094 perhumaniter
1273 2062 1383 2086 tractat.
1402 2058 1470 2085 Nam
1491 2058 1568 2091 illud,
1585 2059 1650 2092 Quis
1671 2067 1712 2085 me

924 2104 1006 2138 tetigit
1022 2103 1063 2131 "7
1078 2111 1133 2130 non
1152 2111 1185 2130 co
1198 2103 1273 2136 dicit,
1301 2104 1372 2138 quod
1397 2111 1411 2131 a
1426 2104 1481 2140 44
1496 2111 1550 2139 quo
1570 2108 1713 2132 contactus

924 2153 998 2177 esset
1028 2149 1180 2184 ignoraret,
1208 2149 1255 2177 sed
1283 2153 1312 2177 ut
1338 2158 1372 2177 ne
1394 2150 1556 2177 miraculum
1576 2149 1648 2177 isuul
1664 2157 1712 2184 pcr

923 2203 984 2222 sese
1000 2195 1170 2230 divulgaret;
1184 2199 1268 2230 utque
1280 2195 1393 2224 audiens
1407 2196 1503 2223 mulier
1520 2199 1546 2223 et
1562 2196 1706 2228 accedens.

921 2245 977 2268 tam
1002 2241 1143 2276 singulare
1165 2241 1326 2269 beneficium
1348 2249 1403 2277 quo
1417 2246 1476 2269 erat
1491 2241 1599 2272 atl'ccta,
1619 2241 1714 2269 testifi-

921 2292 1041 2320 caretur,
1070 2295 1101 2314 ac
1128 2288 1279 2315 secundum
1302 2287 1361 2321 ejus
1383 2287 1582 2322 professionem
1605 2287 1712 2314 audiret

923 2333 1014 2360 statim
1030 2342 1036 2360 :
1054 2332 1135 2360 Fides
1161 2337 1205 2359 tua
1231 2337 1255 2359 te
1281 2333 1381 2360 salvam
1406 2332 1466 2366 fecit
1480 2332 1513 2364 ιδ,
1528 2340 1583 2367 quo
1598 2336 1712 2361 cmteros

923 2378 956 2406 ad
974 2378 1138 2406 credendum
1162 2378 1298 2410 incitaret,
1323 2381 1353 2404 ut
1375 2377 1565 2412 mgritudinum
1592 2378 1711 2406 remedia

921 2426 1163 2457 consequerentur.
1176 2422 1327 2449 Praeterea:
1344 2421 1426 2454 Quem
1440 2429 1488 2452 me,
1505 2421 1606 2456 inquit,
1620 2421 1712 2448 dicunt

918 2477 974 2495 esse
1005 2467 1106 2494 Filium
1136 2467 1248 2494 hominis
1264 2467 1303 2493 ‘5?
1323 2467 1552 2501 quemadmodum
1572 2468 1599 2494 in
1617 2467 1712 2496 Vetere

94 2508 255 2541 Testamento
283 2514 398 2549 loquens
424 2513 505 2541 Pater
528 2513 690 2541 inducitur:
708 2514 793 2542 Adam
815 2514 860 2540 ubi
886 2522 914 2541 es
927 2514 970 2540 '°?
1001 2513 1068 2540 Nam
1099 2513 1144 2540 ubi
1173 2517 1246 2540 esset
1268 2516 1400 2545 noverat;
1425 2513 1497 2540 unde
1519 2514 1610 2540 statim
1635 2513 1711 2540 illum

94 2554 131 2581 his
143 2558 227 2587 verbis
250 2559 409 2596 redarguit:
428 2559 464 2586 De
483 2559 553 2594 tigno
567 2559 703 2586 comedisti
723 2560 755 2586 ".
776 2559 829 2587 Sed
851 2563 878 2586 et
894 2559 1008 2586 Cainum
1036 2559 1178 2593 alloquens

96 2602 197 2630 tuus”?
214 2603 306 2639 Neque
322 2613 386 2632 vero
415 2613 463 2640 per
493 2605 671 2640 ignorantiam
693 2605 900 2633 sciscitabatur.

1208 2568 1214 2585 :
1245 2557 1295 2584 Ubi
1319 2563 1375 2590 est,
1408 2558 1510 2593 inquit,
1536 2558 1602 2585 Abel
1630 2559 1712 2593 frater

928 2603 974 2631 Sic
1001 2603 1073 2630 enim
1097 2607 1191 2638 postea
1214 2603 1323 2630 locutus
1350 2607 1391 2630 cst
1413 2612 1420 2630 ε
1447 2602 1606 2630 Illaledictus
1633 2607 1660 2629 tu
1684 2603 1712 2629 in

96 2648 165 2682 terra,
179 2657 233 2684 quae
245 2650 379 2679 dehiscens
397 2652 551 2686 sanguinem
571 2652 665 2686 fratris
679 2651 718 2678 tui
730 2652 829 2686 excepit
847 2659 861 2678 e
877 2659 956 2677 manu
971 2654 1027 2678 tua.
1051 2649 1118 2676 Ecce
1138 2651 1206 2676 enim
1233 2649 1340 2684 sanguis
1362 2649 1435 2676 illius
1447 2649 1546 2676 clamat
1571 2647 1606 2675 ad
1631 2647 1711 2675 me".

124 2735 139 2776 δ.
194 2739 257 2776 δῴη-

96 2768 106 2784 ,
293 2740 418 2784 _"Joan.
439 2741 541 2784 XL'SI.

124 2770 184 2801 ibid.
200 2770 243 2803 ιιοξ

595 2741 605 2757 ³
625 2740 692 2768 an.
722 2749 782 2773 rm,
810 2741 856 2768 45.

293 2776 304 2792 ⁸
323 2776 373 2803 Isa.
402 2784 461 2806 vui,
481 2776 506 2802 ἀι

555 2776 565 2791 ⁹
584 2775 663 2803 Jenn.
686 2785 710 2804 v.
733 2777 776 2803 I7.

894 2739 904 2754 ⁸
922 2739 1001 2767 Joan.
1023 2747 1100 2772 xvut,

832 2776 853 2791 ¹⁰
872 2774 950 2802 Jnau.
971 2784 1009 2807 XI,
1030 2775 1074 2800 Si.

99 2811 149 2836 rut.
165 2807 206 2836 45.
243 2812 264 2827 ιδ
282 2811 347 2840 ibid.
368 2812 412 2839 IS.
452 2812 472 2827 ”
496 2811 587 2838 .‘ilatth.
610 2820 664 2839 .\‘\'I.
689 2812 729 2839 I5.
769 2812 790 2828 ¹⁶
809 2810 870 2838 Gen

921 2818 938 2842 I,
960 2810 985 2838 9.
1026 2811 1045 2826 ¹⁷
1067 2809 1132 2838 ibid.
1156 2810 1198 2837 II.

1135 2739 1161 2766 4.
1199 2739 1209 2754 ⁵
1231 2738 1323 2766 Matth.
1346 2747 1400 2769 xvr.
1423 2738 1466 2766 I5.
1506 2737 1590 2765 ‘Luc.
1612 2744 1643 2763 ll.
1665 2734 1710 2764 52.

1131 2774 1151 2790 "
1174 2774 1240 2801 ibid.
1264 2774 1306 2800 II.
1365 2774 1386 2789 ¹¹
1406 2773 1472 2801 ibid.
1495 2772 1540 2799 39.
1597 2771 1618 2787 ”
1640 2769 1708 2800 Luc,

1237 2810 1258 2825 ¹⁸
1276 2808 1344 2836 Gen.
1361 2816 1397 2842 IV,
1413 2808 1439 2836 9.
1480 2806 1582 2835 "ibid.
1603 2806 1645 2839 II,
1664 2804 1708 2835 I0,
