1940 3043
82 170 120 200 89
795 172 878 201 ΑΝΕ(

931 174 1016 202 ιτυδ.
1603 183 1607 203 t
1683 177 1720 206 DG

83 228 140 264 γαρ
155 227 325 256 dum”?
341 227 435 263 ὄνομά
454 235 515 262 σοι,
535 227 618 264 φησίν
627 228 690 256 ὀὒκ
711 228 799 263 εἶπεν,
815 241 824 256 ι
835 232 878 258 ἐκ·

933 232 1044 260 οωιὶιυε
1059 230 1136 258 illum
1160 230 1188 258 in
1207 229 1333 258 homines
1351 229 1466 258 ellusum
1494 235 1576 266 atque
1595 232 1721 260 exinanic

84 274 176 309 χυθὲν,
190 283 200 300 ι
217 273 275 300 ἀλλ’
293 273 472 307 ὲκκενωθὲν,
487 274 536 301 ἀπ’
555 274 672 310 οὐρανοῦ
693 275 737 306 εὶς-
747 275 799 311 γῆν
810 284 817 291 ·
833 276 876 303 ἵνα

83 320 140 346 ἀπὸ
152 320 204 356 γῆς
217 320 260 352 εις
271 320 392 355 Μαρίαν,
406 321 454 347 καὶ
467 320 521 351 ἀπὸ
531 321 641 356 Μαρίας
651 321 719 357 σὰρξ
732 321 877 357 γενόμενος

84 366 239 398 κυΐσκεται,
257 366 297 398 είς
311 366 435 402 Βηθλεὲμ
458 367 601 401 γεννᾶται,
621 367 675 394 ἀπὺ
691 367 815 404 Βηθλεὲμ
837 369 877 401 εις

83 410 214 446 Ναζαρὲτ
229 411 398 447 μεταϐαίνει,
413 411 467 438 ἀπὸ
479 411 608 448 Ναζαρὲτ
627 413 666 444 είς
677 413 874 448 Καπερναοὺμ,

84 457 140 486 ἀπὺ
154 457 344 493 Καπερναοὺμ
363 458 404 489 εἰς
435 457 613 493 Ἰερουσαλὴμ
632 457 680 484 καὶ
696 454 833 484 Θάλασσαν
847 459 876 484 ὲν

83 503 124 538 τῷ
147 502 266 538 βαδίζειν
295 503 376 530 αὐτὸν
392 503 440 530 ἐπὶ
465 503 520 530 τῶν
534 503 655 536 ὑδάτων,
680 504 728 531 καὶ
744 504 780 531 τὰ
805 504 880 540 μέρη

82 547 187 583 Τύρου,
199 548 248 574 καὶ
262 547 342 580 Ναΐν,
357 548 406 575 καὶ
418 548 468 584 τὴν
485 544 615 575 Ἰουδαὲαν
627 544 679 575 ’καὶ
696 549 810 585 Ὶεριχὼ,
828 550 875 576 καὶ

83 594 126 625 εις
140 593 274 629 Βηθφαγὴ
287 593 341 624 καὶ
356 593 503 629 Βηρανίαν,
526 594 568 625 εἰς
587 594 765 630 Ἰερουσαλήμ
784 603 814 621 τε
827 594 874 622 τὸν

82 639 159 671 ναὸν,
175 640 224 666 καὶ
239 639 270 665 τὸ
282 639 345 675 ὅρος
359 638 414 666 τῶν
436 639 561 673 Ἐλαιῶν,
574 640 622 666 καὶ
641 640 813 676 Γεθσημανῆ,
835 642 874 673 εἰς

82 683 158 712 οἶκον
171 685 294 719 Καῑάφα,
307 686 347 717 είς
358 684 389 711 τὸ
402 685 579 721 πραιτώριον,
592 686 639 712 καὶ
651 686 720 722 πρὸς
734 687 856 723 Ἡρώδην
865 708 874 720 ,

83 732 124 763 εἰς
140 731 223 758 τόπον
236 731 365 765 Γολγοθᾶ,
380 732 420 763 είς
435 731 466 758 τὸ
485 731 590 766 μνῆμα,
608 732 654 759 καὶ
670 732 722 764 ἕως
736 732 783 759 τοῦ
798 732 873 768 ᾅδου,

82 777 190 812 εἰςγγῆν
204 776 274 812 μετὰ
287 777 337 812 τὴν
348 775 508 809 ἀνάστασιν,
522 777 569 803 καὶ
581 778 621 809 εἰς
632 777 772 813 οὐρανούς.
782 779 876 814 Μύρον

82 821 139 857 γὰρ
162 821 314 848 ὲκκενωθὲν
339 821 393 848 ἀπὸ
420 821 524 856 ἇγγους
541 822 582 854 είς
603 821 704 857 ἄγγος,
727 823 816 850 πάντα
841 824 876 851 τὰ

83 868 157 903 ἄγγη
178 868 296 906 μυρίζει.
313 869 369 895 Καὶ
384 868 502 904 Χριστοῦ
517 870 533 904 ἡ
551 869 686 904 παρουσία
702 869 749 896 ἀπ’
760 870 874 905 οὐρανοῦ

931 283 988 305 tum
1005 277 1105 309 fuisse,
1121 276 1174 304 hoc
1185 280 1238 309 est,
1264 277 1291 303 in
1317 276 1462 311 quamdam
1488 277 1578 305 Maria:
1603 278 1718 314 virginis

930 323 1075 350 ollicinam.
1095 321 1262 358 Unguentum
1279 322 1364 355 enim,
1377 321 1476 356 inquit,
1490 323 1651 351 exinanitum
1672 332 1718 350 nec

930 377 989 395 men
1008 372 1081 394 tuum
1094 368 1116 395 '.
1134 367 1192 394 Non
1210 367 1279 394 dixit
1295 376 1305 392 ι
1317 367 1460 397 είῐιιευηι,»
1481 367 1528 394 sed
1542 369 1716 402 exinanitum,

930 422 945 442 e
957 414 1028 442 celo
1044 413 1173 441 videlicet
1192 413 1220 440 in
1235 416 1355 447 terram;
1371 412 1421 440 ubi
1431 420 1446 440 e
1457 416 1530 440 terra
1545 413 1572 440 in
1590 413 1715 445 Mariam,

930 464 957 488 et
974 468 1006 488 ex
1037 459 1121 487 Maria
1143 466 1209 487 caro
1231 458 1334 486 factum
1355 459 1382 486 in
1399 462 1480 486 utero
1495 458 1625 494 gignitur,
1639 458 1721 486 Belit-

929 506 1030 534 lehemi
1058 506 1199 538 nascitur,
1222 505 1286 532 inde
1313 504 1479 532 Nazarctum
1505 505 1716 539 transgreditur,

928 552 1062 580 Nazareto
1077 551 1282 587 Capharnaum,
1305 551 1370 578 hinc
1390 558 1473 587 porro
1488 550 1718 586 Hierosolymam,

928 603 956 627 et
969 598 1002 625 ad
1018 605 1093 626 mare
1107 597 1285 628 transfertur.
1302 591 1438 624 tumcum
1457 594 1542 631 supra
1559 604 1645 631 aquas
1660 604 1718 623 am-

929 645 1045 677 hulavit,
1059 647 1086 671 et
1099 643 1132 670 ad
1151 646 1244 678 partes
1262 642 1338 679 Tyri,
1357 642 1390 669 ad
1407 642 1487 674 Nain,
1505 641 1626 669 Judmam
1640 642 1716 675 item,

935 690 1134 723 Jerichuntem,
1162 689 1350 724 Bethphagen,
1377 687 1548 720 Bethaniam,
1571 688 1604 715 ad
1627 687 1720 715 lliero-

929 735 1124 771 solymitanum
1151 734 1295 769 templum,
1320 733 1354 760 ad
1378 733 1517 761 Olivarum
1536 738 1666 766 montem,
1689 734 1718 761 in

927 782 1020 809 villam
1041 780 1228 812 Gethsemani,
1247 780 1275 807 in
1291 779 1402 815 Caiphae
1420 780 1542 815 domum,
1565 780 1599 806 ad
1620 783 1719 814 prteto—

927 827 1009 859 rium,
1023 826 1056 854 ad
1072 821 1216 858 Herodem,
1237 820 1271 853 ad
1294 825 1427 853 Calvariae
1449 817 1553 857 locum,
1572 825 1606 852 ad
1621 819 1718 860 sepub-

930 879 1020 904 crum,
1043 871 1078 898 ad
1101 861 1217 902 inferos,
1232 874 1294 905 post
1307 870 1539 898 resurrectionem
1555 869 1588 896 ad
1605 874 1717 904 terram,

83 913 147 949 ὃλην
166 914 218 948 τὴν
248 913 436 957 γῆνιὴγίασε,
454 915 517 946 τοὺς
534 914 615 941 αὑτὸν
637 914 823 950 λαμϐάνοντας
847 916 876 943 ὲν

931 921 953 944 et
970 917 997 943 in
1014 917 1114 944 coelum
1136 916 1254 951 denique
1274 919 1481 950 transportatus
1503 919 1556 942 est.
1582 914 1650 942 Nam
1668 923 1720 942 un-

83 958 216 995 ἀληθείᾳ·
233 959 248 986 ὃ
261 959 324 995 ὅρος
336 959 397 986 ι’ὢν
412 980 419 992 ,
436 960 474 992 ὡς
489 960 517 986 ἐν
539 959 578 995 τῷ
602 960 716 996 Δανιὴλ,
739 961 786 987 καὶ
806 961 877 996 μέγα

86 1005 150 1041 ὅρος
161 1013 168 1019 ·
181 1005 273 1038 Λίθος
290 1005 471 1039 τεμνόμενος
489 1005 562 1032 ἄνευ
580 1005 697 1040 χειρῶν,
713 1006 777 1032 ἄνευ
794 1007 878 1042 σπέρ-

86 1059 172 1086 ματος
183 1051 281 1086 ἀνδρὸς
291 1051 514 1086 ὑπαινιττόμενος
525 1058 532 1065 ·
543 1051 574 1077 τὸ
587 1050 678 1086 μεῖζον
690 1049 768 1083 αὖθις
781 1051 879 1087 μικρὸν

85 1095 280 1132 εὑρισκόμενον
291 1103 298 1111 ·
312 1096 397 1129 λίθος
408 1096 488 1122 πάλιν
499 1088 700 1132 ἀναλαμὸἆνων
713 1097 743 1123 τὺ
753 1097 876 1132 μέγεθος,

85 1142 133 1169 καὶ
148 1142 293 1178 γινόμενος
306 1140 384 1174 αὖθις
400 1142 463 1178 ὅρος
479 1142 550 1178 μέγα
561 1152 568 1159 υ
584 1143 632 1169 καὶ
645 1143 685 1170 ὅτι
699 1143 729 1169 τὸ
749 1144 811 1179 ligo;
828 1144 878 1170 οὐκ

85 1187 125 1213 ενι
155 1186 247 1222 τόπῳ,
263 1186 331 1213 ἀλλὰ
358 1187 472 1222 πληρῶν
497 1187 607 1214 ἅπασαν
628 1187 677 1222 τὴν
703 1188 876 1224 οἰκουμένην.

85 1227 172 1262 οὗτος
188 1232 202 1258 ὁ
228 1231 309 1266 σοφία
328 1231 382 1263 ὢν,
403 1232 450 1258 καὶ
475 1231 621 1267 γενόμενος
641 1231 794 1268 ἇνθρωὴτος,
827 1234 878 1260 ὲπ-

85 1277 216 1304 εκτείνων
225 1276 322 1304 ἑαυτοῦ
337 1272 386 1313 τὴν
396 1277 511 1313 δύναμιν
520 1278 558 1313 τῷ
573 1278 678 1314 κόσμῳ,
690 1279 734 1305 ἴνα
746 1278 799 1314 πλη
803 1278 878 1314 ρώσῃ

85 1323 137 1359 τὴν
161 1324 328 1359 οἰκουμένην
351 1323 480 1359 χάριτος,
507 1323 693 1358 προέκοπτεν
709 1324 813 1358 ἡλικίᾳ
828 1325 879 1351 καὶ

85 1369 189 1403 σοφίᾳ.
208 1367 285 1394 Ἐπεὶ
303 1368 384 1402 σοφία
406 1367 444 1394 ὢν
458 1368 506 1395 τοῦ
533 1368 650 1404 Πατρδς,
673 1369 721 1395 καὶ
746 1368 881 1396 διδάσκων

85 1413 249 1450 ἀνθρώπους
259 1413 360 1447 λαλεῖν,
374 1414 587 1450 καὶ”ἀνθρώποις
603 1414 777 1450 διαρορὼσας
789 1414 879 1449 γλῶσ-

86 1468 152 1491 σαν,
169 1460 218 1486 καί
238 1458 375 1494 φυτεύσας
400 1459 430 1486 τὸ
452 1457 498 1491 οὖς
524 1460 580 1491 τοῖς
596 1459 743 1493 ἀκούουσι,
758 1459 817 1491 πῶς
829 1460 880 1486 οὐκ

927 965 1059 998 guentum
1076 961 1314 989 'deuno'vasein
1339 960 1414 987 aliud
1440 959 1624 992 exinanitum,
1654 966 1720 987 vasa

930 1007 1023 1034 omnia
1041 1006 1085 1034 sui
1107 1006 1258 1041 fragrantia
1273 1005 1429 1041 periundit;
1448 1005 1484 1032 ita
1501 1005 1603 1032 Christi
1619 1013 1634 1032 e
1649 1005 1720 1032 coelo

928 1052 1068 1085 delapsus,
1083 1055 1185 1077 terram
1199 1057 1308 1078 omnem
1321 1050 1438 1085 quadam
1457 1050 1604 1077 sanctitate
1622 1056 1721 1077 conse-

928 1098 1026 1129 cravit,
1043 1097 1095 1124 hoc
1106 1101 1158 1130 est,
1180 1104 1228 1124 eos
1243 1097 1289 1131 qui
1305 1097 1413 1124 sincere
1429 1100 1456 1123 et
1473 1103 1506 1123 ex
1523 1095 1614 1123 animo
1628 1095 1719 1130 ipsum

927 1144 1096 1178 exciperent.
1123 1142 1173 1169 Hic
1198 1147 1240 1179 est
1264 1141 1411 1173 illemons,
1428 1140 1578 1175 etquidem
1592 1134 1719 1174 niagnus.

928 1189 1008 1223 cujus
1020 1188 1115 1216 Daniel
1130 1187 1255 1215 meminit
1268 1196 1275 1213 :
1287 1186 1370 1221 Lapis
1384 1187 1440 1214 sine
1451 1185 1572 1213 manibus
1584 1186 1688 1212 excisus
1698 1185 1720 1216 ',

929 1233 985 1271 46
1000 1233 1052 1260 hoc
1066 1236 1118 1264 est,
1133 1233 1194 1260 sine
1208 1232 1281 1259 virili
1297 1236 1358 1258 satu
1375 1231 1496 1267 genitus.
1512 1230 1563 1263 Qui
1582 1237 1644 1257 cum
1659 1237 1723 1264 par-

929 1286 980 1307 vus
999 1282 1083 1311 esset,
1099 1278 1189 1312 major
1208 1281 1251 1305 est
1273 1280 1367 1312 postea
1390 1281 1532 1312 repertus;
1560 1275 1630 1309 lapis
1643 1295 1651 1306 .
1679 1275 1723 1301 in-

929 1332 1025 1360 quam,
1052 1324 1100 1360 qui
1124 1324 1158 1351 ad
1182 1323 1398 1360 magnitudinem
1427 1326 1522 1358 postea
1544 1322 1679 1357 pervenit,
1696 1325 1724 1349 ct
1759 1351 1761 1353 ,

930 1372 957 1399 in
973 1372 1092 1399 montem
1110 1369 1233 1398 “arduum
1258 1370 1417 1404 succrevit,
1442 1369 1488 1405 qui
1507 1364 1618 1404 quidem
1643 1376 1725 1395 mons

930 1425 986 1445 non
1002 1421 1078 1444 certo
1101 1417 1161 1444 loco
1179 1415 1409 1450 circumscriptus
1428 1419 1480 1447 est,
1498 1414 1545 1442 sed
1562 1414 1724 1442 universum

931 1465 1066 1489 terrarum
1090 1461 1183 1490 orbem
1207 1461 1388 1496 amplitudine
1415 1468 1464 1488 sua
1481 1460 1639 1495 complevit.
1668 1458 1716 1485 Ille

85 1506 143 1542 ᾔδει
159 1506 254 1533 καλεῖν
270 1505 376 1541 πατέρα
395 1505 411 1541 ἢ
429 1505 549 1541 μητέρα;
568 1505 623 1541 (58)
640 1506 755 1541 λήψεται
767 1506 878 1541 δύναμιν

931 1515 994 1535 eum
1015 1507 1151 1543 sapientia
1176 1507 1224 1540 sit,
1249 1507 1332 1534 homo
1349 1506 1438 1534 factus
1457 1506 1513 1533 vim
1534 1513 1611 1533 suam
1631 1512 1663 1532 ac
1678 1512 1725 1540 po-

85 1550 251 1585 Δαμασκοῦ,
272 1550 320 1576 καὶ
341 1549 377 1576 τὰ
396 1549 482 1576 σκύλα
496 1550 668 1586 Σαμαρείας,
681 1551 728 1577 καὶ
750 1551 783 1577 τὰ
805 1550 878 1586 ἑξῆς.

932 1554 1046 1591 tentiam
1070 1555 1243 1582 toto’mundi
1257 1548 1364 1581 ambitu
1382 1554 1563 1590 propagavit;
1582 1559 1612 1580 ut
1627 1553 1724 1580 orhcm

91 1580 161 1622 ἱΛλλ*
177 1594 274 1630 ἐπειδὴ
290 1594 432 1633 γεννηθεὶς
447 1594 501 1621 ἀπὸ
514 1580 629 1627 κοιλίας,
644 1580 727 1627 eiei);
740 1580 878 1637 λαλῶνϊεξ

932 1603 1069 1626 terrarum
1087 1599 1176 1635 gratia
1197 1607 1247 1626 sua
1267 1599 1428 1634 compleret,
1444 1603 1522 1626 atate
1550 1606 1581 1625 ac
1591 1598 1723 1632 sapientia

84 1642 236 1673 ἐδείκνυτο,
251 1641 300 1667 καὶ
313 1640 442 1677 καθαρῶς
462 1638 703 1681 οἷα’δὴ’ἀρτίπαις
719 1641 878 1676 ἐφθέγγετο,

931 1652 1086 1679 progressus
1110 1649 1148 1672 est
1163 1663 1169 1670 .
1190 1643 1242 1677 Qui
1265 1643 1339 1671 enim
1362 1643 1463 1678 alioqui
1477 1643 1618 1675 convenit,
1633 1645 1663 1669 ut
1677 1641 1726 1677 qui

85 1687 223 1728 φαντασία
238 1687 272 1714 ἂν
297 1687 447 1723 ἐνομίσθη,
466 1688 513 1714 καὶ
532 1688 583 1714 οὐκ
606 1688 720 1725 ἀληθὴς,
740 1689 756 1725 ἢ
780 1689 878 1724 μᾶλλον

934 1689 1024 1718 Patris
1049 1690 1182 1725 sapientia
1209 1691 1256 1722 sit,
1280 1693 1308 1716 et
1327 1689 1502 1717 articulatam
1522 1689 1662 1728 hominum
1678 1688 1726 1715 lin-

84 1727 195 1769 δοκήσει
223 1733 242 1771 ἠ
263 1732 395 1769 ἐνσαρκος
419 1732 503 1759 αὐτοῦ
525 1733 634 1768 κύησις.
658 1734 708 1760 Διά
728 1743 768 1760 τοι
800 1734 878 1764 τοῦτο

933 1743 1014 1771 gnam
1034 1735 1140 1769 fecerit,
1165 1730 1192 1763 et
1213 1732 1389 1763 audientibus
1413 1728 1495 1763 aures
1513 1727 1655 1767 inseverit,
1674 1741 1725 1770 pa-

85 1780 219 1816 ὐπομὲνει
235 1779 265 1806 τὸ
282 1778 372 1814 ὀλίγον
393 1779 444 1814 τῆς
461 1779 580 1818 ἡλικίας,
595 1779 638 1810 ἶνα
657 1779 695 1816 μὴ
715 1781 834 1818 ἀφανίσῃ
849 1781 878 1808 τὸ

933 1785 1002 1809 trem
1017 1786 1064 1808 aut
1076 1785 1189 1808 matrem
1205 1789 1258 1808 non
1270 1781 1347 1816 prius
1356 1781 1494 1816 appellare
1509 1781 1630 1811 sciverit,
1642 1787 1727 1815 quam

83 1825 185 1861 ἀληθὲς
199 1825 251 1861 τῆς
266 1825 440 1856 ἀκολουθίας.
543 1834 546 1836 '
618 1828 620 1831 '
663 1826 667 1829 ‘

935 1826 1063 1855 Damasci
1076 1827 1132 1853 vim
1145 1833 1176 1853 ac
1191 1825 1323 1852 Samaria:
1338 1825 1424 1860 spolia
1443 1825 1590 1859 diriperet?
1600 1829 1653 1851 etc.
1666 1823 1727 1850 Ve-

83 1880 146 1899 rum
160 1871 291 1907 quoniam
303 1871 325 1900 si
342 1875 469 1900 ex’utero
480 1871 576 1900 matris
588 1871 678 1899 editus
693 1872 786 1899 statim
801 1871 972 1906 loqueretur,
986 1879 1017 1900 ac
1030 1876 1159 1907 tanquam
1180 1871 1292 1898 adultus
1307 1878 1375 1906 puer
1388 1870 1533 1897 articulate
1549 1877 1580 1897 ac
1594 1870 1727 1896 distincte

84 1917 169 1946 verba
195 1912 342 1948 formaret;
356 1923 410 1943 non
424 1924 487 1944 vera
505 1917 598 1944 carnis
614 1917 687 1944 illius
696 1917 783 1952 origo,
798 1917 845 1944 sed
863 1917 1037 1944 adumbrata
1051 1917 1199 1952 specieque
1221 1915 1280 1943 sola
1303 1919 1435 1942 constans
1460 1914 1546 1942 videri
1576 1915 1724 1949 potuisset;

83 1963 176 1994 aetatis
199 1963 261 1991 ideo
278 1963 440 2000 parvitatem
457 1965 586 1998 sustinet,
602 1972 636 1992 ne
650 1964 709 1999 ejus
722 1964 795 1999 quod
812 1968 1028 1993 consentaneum
1044 1971 1077 1992 ac
1091 1972 1265 2000 consequens
1281 1966 1351 1997 erat,
1370 1962 1512 1990 veritatem
1525 1962 1690 1989 destrueret.

121 2009 192 2037 ΜΝ.
216 2009 329 2044 Ἐτέρας
341 2009 370 2036 δὲ
384 2009 465 2036 πάλιν
484 2010 623 2049 οηίρῶνται
640 2011 756 2046 ματαίας
776 2011 878 2047 ὑπολή-

968 2010 1037 2040 XLI.
1057 2010 1178 2048 Pergunt
1201 2009 1240 2036 illi
1261 2015 1336 2040 vero,
1363 2016 1395 2034 ac
1419 2007 1520 2035 divinis
1546 2007 1656 2034 Litteris
1677 2006 1725 2033 ah-

84 2055 148 2090 ψεις
164 2055 355 2090 παραπλέκειν
375 2056 432 2086 τοῖς
450 2055 532 2087 θείοις
551 2055 649 2090 λόγοις.
671 2056 727 2082 Καὶ
749 2057 878 2089 ἐναντίως

934 2058 1034 2086 surdas
1049 2056 1183 2093 quasdam
1197 2055 1342 2091 opiniones
1360 2054 1466 2088 iiligare
1482 2057 1629 2084 conantur,
1644 2056 1727 2087 atque

85 2100 269 2133 διανοοῦνται,
289 2100 339 2127 καί
359 2109 426 2135 φασι
437 2109 443 2116 ·
459 2101 522 2133 Πῶς
536 2099 582 2128 οὖν
607 2101 773 2138 γέγραπται,
789 2102 880 2134 Δέξα-

87 2148 144 2174 alia
159 2146 213 2173 τὸν
228 2144 365 2181 ἀρχιερέα
381 2147 543 2181 ὁμολογίας
562 2147 657 2181 ἡμῶν,
683 2148 793 2174 πιστὸν
808 2147 881 2175 ὄντα

934 2102 1007 2131 istud
1030 2101 1164 2136 ohjiciunt
1180 2110 1187 2128 :
1202 2100 1269 2128 Illud
1300 2108 1366 2135 ergo
1390 2107 1444 2135 qua
1470 2099 1575 2126 ratione
1595 2098 1725 2132 scriptum

934 2152 991 2176 est:
1009 2147 1138 2181 Suscipite
1151 2147 1301 2181 pontiﬁcem
1315 2145 1486 2180 confessionis
1501 2149 1608 2175 uostra‘,
1623 2142 1726 2177 ﬁdelem

86 2191 128 2224 τῷ
142 2192 304 2224 ποιήσαντι
317 2193 430 2225 αῠτόν;
448 2192 515 2224 Καὶ,
535 2193 680 2220 Γνωστὸν
701 2193 771 2228 ὑμῖν
791 2193 878 2226 ἔστω,

933 2194 957 2220 ei
970 2193 1014 2228 qui
1031 2201 1059 2219 se
1074 2192 1135 2226 fecit
1147 2190 1173 2216 ⁸9
1184 2191 1217 2218 Et
1236 2201 1243 2218 :
1259 2191 1359 2218 Notum
1379 2191 1413 2217 sit
1428 2190 1512 2223 vobis,
1529 2187 1613 2216 omnis
1633 2188 1726 2215 domus

87 2237 148 2270 πᾶς
167 2237 252 2270 οἶκος
271 2237 410 2272 Ἰσραὴλ,
433 2238 478 2265 ὅτι
499 2238 608 2265 τοῦτον
631 2239 685 2265 τὸν
711 2239 830 2272 Ἰησοῦν
845 2239 882 2265 ὃν

87 2283 173 2318 ὑμεῖς
191 2283 412 2318 earatwdio’are,
430 2284 542 2318 Κύριον
568 2283 619 2313 καὶ
639 2284 768 2320 Χριστὸν
790 2284 883 2313 αὑτὸν

88 2331 105 2356 d
119 2329 194 2362 Θεὸς
209 2329 354 2363 ἐποίησε;
371 2329 427 2356 Καὶ
448 2329 542 2365 Θαῠμά
561 2338 607 2365 μοι
627 2329 699 2365 μέγα
723 2330 881 2366 ἐπέρχεται,

40 2389 45 2393 -
88 2375 148 2406 πῶς
161 2375 188 2401 οἱ
207 2374 261 2401 τῶν
278 2374 445 2402 ἀκολουϐιῶν
461 2375 656 2410 ἐφαπτόμενοι,
673 2375 724 2410 τὴν
740 2376 769 2402 ἐν
791 2376 884 2407 αὐτοῖς

89 2421 267 2460 ςραξομένην
290 2421 406 2456 δύναμιν
425 2420 570 2455 ἀγνοοῦσι.’
587 2421 624 2447 Τὸ
644 2421 700 2456 γὰρ
719 2421 817 2453 εἰπεῖν,
833 2421 884 2448 Δέ-

88 2468 185 2499 fucos
209 2462 420 2501 τὸνῆρχιερέα
436 2467 548 2497 πιστὸν
573 2466 645 2496 ὄντα
666 2466 706 2500 τῷ
723 2466 883 2500 ποιήσαντι

87 2514 194 2546 αἰτόν,
204 2513 236 2540 οὐ
257 2513 321 2549 περὶ
338 2513 387 2548 τῆς
412 2513 538 2548 Θεότητος
554 2512 672 2548 εἴρηται.
695 2512 724 2539 Ὁ
745 2512 812 2544 Θεὸς
827 2512 883 2548 γὰρ

87 2557 217 2595 ἧλϐεριαὶ
226 2560 266 2591 εις
276 2559 365 2586 πάντα
373 2559 439 2594 ἡμῖν
451 2558 642 2594 σαφηνίζουσιν
652 2559 680 2586 αι
687 2559 758 2584 θεῖαι
766 2557 883 2594 Γραφαί·

89 2605 166 2631 οὐδὲν
179 2605 234 2639 γὰρ
254 2606 283 2630 ὲν
302 2604 399 2636 αὑταῖς
416 2605 474 2631 ἐστι
491 2604 598 2631 σκολιὸν
613 2603 630 2639 ἢ
651 2598 883 2639 στραγγαλιῶδες,

89 2649 193 2677 Πάντα
218 2649 248 2675 δὲ
270 2648 382 2676 ἐνώπια
402 2649 465 2682 τοῖς
478 2649 640 2683 συνιοῦσι,
656 2649 707 2676 καὶ
732 2649 805 2683 ὀρθὰ
822 2648 884 2681 τοῖς

91 2697 271 2731 sep/amovet
286 2695 410 2730 γνῶσιν.
432 2695 544 2724 Λάϐετε
560 2695 625 2732 γὰρ,
641 2695 720 2731 φησι,
734 2694 884 2728 παιδείαν,

127 2774 180 2807 ¹Ε.
198 2775 212 2802 ὁ
227 2774 302 2810 ὄρος.
344 2775 354 2791 ¹
372 2774 451 2803 Cant.
473 2783 492 2807 I,
513 2775 541 2802 2.
581 2775 591 2792 ³
612 2774 680 2802 Dan.
701 2781 732 2808 ll,
753 2773 799 2802 55.
837 2773 849 2789 ⁵
867 2772 875 2799 l

931 2779 950 2800 r.
968 2777 1010 2805 Ill,
1031 2771 1057 2798 l.

125 2853 183 2891 (δε)
206 2852 308 2881 Deesse
323 2853 428 2882 videtur
447 2852 581 2882 nonnihil.

935 2237 1031 2268 Israel,
1051 2237 1119 2272 quod
1130 2236 1198 2263 hunc
1208 2235 1299 2263 Iesum
1313 2243 1388 2270 quem
1405 2235 1432 2261 in
1446 2231 1549 2261 ﬂuitem
1563 2232 1723 2264 sustulistis,

934 2284 1076 2312 Dominum
1090 2288 1114 2310 ct
1136 2282 1271 2310 Christum
1285 2283 1370 2316 ipsum
1390 2275 1465 2306 υευέ
1475 2280 1536 2314 fecit
1547 2278 1574 2304 ‘1'
1587 2277 1639 2305 Sed
1661 2277 1727 2315 illud

935 2336 1101 2365 magnopere
1115 2328 1180 2354 mihi
1200 2325 1393 2354 admirandum
1407 2318 1525 2355 videtur.
1542 2322 1680 2358 quomodo
1696 2322 1726 2354 ii,

936 2376 984 2410 qui
1002 2375 1153 2409 Scriptura:
1168 2374 1290 2400 locorum
1316 2370 1539 2405 consequentiam
1562 2373 1681 2396 tractare
1698 2376 1728 2396 se

937 2420 1110 2454 proﬁtentur,
1129 2419 1185 2445 vim
1201 2425 1233 2444 ac
1249 2424 1361 2444 sensum
1378 2415 1427 2451 qui
1442 2415 1469 2442 in
1486 2415 1540 2443 illis
1559 2415 1726 2453 continetur,

936 2467 1072 2501 ignorent.
1104 2464 1167 2492 Haec
1187 2464 1258 2491 enim
1274 2462 1356 2490 verba
1379 2470 1386 2489 :
1406 2461 1538 2496 Suscipite
1566 2461 1726 2495 pontiﬁcem,

936 2512 1039 2548 fidelem
1063 2511 1087 2538 ei
1108 2510 1152 2545 qui
1176 2517 1204 2537 se
1227 2509 1299 2543 (erit,
1321 2508 1390 2535 nihil
1417 2507 1451 2535 ad
1479 2507 1649 2535 divinitatem
1666 2513 1729 2541 spe-

936 2561 1023 2584 ctant.
1044 2555 1184 2591 Siquidem
1206 2553 1278 2582 Deus
1306 2553 1427 2585 advenit,
1455 2553 1603 2588 omniaque
1622 2551 1728 2588 perspi-

938 2611 991 2631 cue
1010 2602 1090 2630 nobis
1107 2601 1194 2629 sacris
1208 2601 1236 2628 in
1252 2600 1364 2628 Litteris
1381 2592 1573 2634 explicantur:
1588 2598 1614 2625 in
1629 2597 1732 2632 quibus

938 2648 1077 2682 obliquum
1095 2646 1163 2674 nihil
1182 2638 1225 2674 est
1247 2651 1293 2674 aut
1309 2645 1478 2681 perplexum,
1494 2643 1542 2672 sed
1556 2643 1646 2670 omnia
1659 2649 1730 2675 prce-

938 2694 1023 2720 sentia
1041 2692 1268 2728 intelligentibus;
1289 2695 1315 2719 et
1335 2695 1408 2718 recta
1438 2688 1627 2718 invenientibus
1642 2687 1727 2714 scien-

1101 2771 1111 2787 '
1131 2770 1192 2799 Act.
1215 2777 1251 2803 tv,
1273 2769 1317 2806 l0.
