1940 3043
80 137 114 166 97
791 131 1020 160 ANCORATUS.
1656 126 1666 137 κ
1689 132 1725 163 93

78 193 136 221 λιν·
161 192 295 228 Χριστοῦ
320 188 378 220 οὖν
391 191 467 226 ὑπὲρ
491 190 577 226 ἡμῶν
598 192 749 224 παθόντος
767 192 877 226 σαρκία

939 191 964 218 ul
979 198 1039 218 eam
1055 190 1128 226 quod
1144 190 1322 218 interfectum
1340 190 1452 226 dicitur,
1466 192 1549 221 debet
1569 191 1678 226 referri,
1696 198 1725 222 ut

79 239 128 267 καὶ
143 239 226 266 πάλιν
238 247 244 254 ·
270 239 320 271 Ἐξ
332 235 376 266 ὧν
391 240 408 265 ὁ
419 238 548 272 Χριστὸς
565 238 597 265 τὸ
614 237 691 264 κατὰ
712 236 822 272 σάρκα,
840 237 878 270 ὥς

80 294 147 321 φησει
177 283 296 316 Παῦλος.
321 284 377 311 Καὶ
405 283 486 315 αὐτὸς
508 285 522 310 ὁ
541 283 637 319 Σωτὴρ
668 284 762 318 ἔλεγεν
792 285 821 311 ὲν
841 284 879 320 τῷ

79 330 240 366 Εὐαγγελίῳ
253 338 260 345 ⁸
273 329 338 357 Νῦν
355 329 388 356 δέ
401 338 440 364 με
455 328 568 363 ζητεῖτε
579 330 756 357 ἀποκτεῖναι
767 330 880 365 ἀνθρω-

80 386 150 408 πον,
166 377 201 410 ὃς
210 377 269 410 τὴν
279 377 426 410 ἀλήθειαν
439 376 512 411 ὑμῖν
521 375 692 410 λελάληκα,
700 376 750 402 καὶ
760 376 881 411 ἤκουσα

79 423 161 457 παρὰ
174 423 227 450 τοῦ
241 423 369 457 Πατρός,
384 423 428 449 ἵνα
445 421 521 458 δείξῃ
535 421 565 448 τὸ
583 421 668 453 πάθος
682 423 735 450 ἀπὸ
757 422 807 457 τῆς
833 423 880 449 ἀν-

80 468 265 505 θρωπότητος,
276 468 359 494 αὑτὸν
376 467 512 494 δὲεξδέναι
530 468 536 482 ¹
555 467 667 501 φυσικὸν
688 467 747 494 Υἰὺν
764 467 809 494 τοῦ
823 469 881 494 Πα-

81 514 147 550 τρὺς
159 514 215 551 ἀπὸ
226 514 283 540 τῶν
297 513 410 540 ἄνωθεν.
428 513 540 548 Συνᾲδει
554 512 582 538 δὲ
591 512 639 539 καὶ
652 512 740 547 τούτῳ
756 512 794 548 τῷ
809 512 881 548 λόγῳ

81 561 195 595 φάσκων
215 561 229 587 ὁ
260 559 338 594 ἅγιος
353 559 502 589 ἀπόστολος
522 558 627 590 Παῦλος
639 566 645 573 ·
670 556 721 590 Εἷς
735 558 817 590 Θεὸς,
837 556 882 590 εἷς

79 605 131 632 καὶ
141 605 266 640 μεσίτης
291 604 366 631 Θεοῦ
387 604 435 630 καὶ
452 603 626 637 ἀνθρώπων,
647 603 802 637 ἅνθρωπος
828 603 883 636 Ἰη-

81 651 159 684 σοῦς
189 651 334 685 Χριστός·
365 650 395 683 ὃς
425 649 482 683 οὺχ
509 648 669 683 ἀρπαπμὸν
690 648 826 682 ᾐτήσατο
848 648 882 676 τὸ

80 695 158 724 εἶναι
173 697 226 724 ισα
239 695 310 728 Θεῷ,
319 696 388 722 ἀλλ’
404 694 514 721 ἑαυτὸν
526 693 668 724 ὲκένωσε,
682 692 804 727 μορφὴν
815 693 883 719 δού-

79 742 261 770 λουλαόών.
286 742 368 777 Ὁρᾷς
390 740 428 772 ὡς
446 739 591 774 ἄνθρωπον
612 739 694 766 αὐτον
713 740 881 774 ἀπεφήνατο,

81 788 141 816 ἀλλ’
155 788 187 814 οὐ
202 787 298 823 ψιλόν;
321 787 358 813 Τὸ
379 786 446 823 γὰρ,
465 786 600 819 Μεσίτης
618 785 692 812 Θεοῦ
705 785 754 812 καὶ
771 784 883 819 ἀνθρώ-

81 843 158 866 πων,
177 833 287 860 ἐπειδὰν
296 834 353 864 τοῖς
368 832 508 867 ἑκατέροις
524 831 663 866 μεσιτεύει
679 831 747 867 πρὸς
763 831 809 858 τὸν
824 832 882 858 Πα-

931 235 1028 263 Pctrus
1050 239 1166 264 testatur
1182 245 1189 262 :
1205 235 1397 270 Morti/italus,
1411 238 1510 272 inquit,
1527 247 1606 266 came
1617 258 1624 271 ,
1639 239 1725 273 viviﬁ-

931 287 1007 308 ratus
1022 285 1110 308 autem
1127 281 1224 315 spiritu
1234 281 1255 307 '.
1269 280 1336 309 Item
1354 290 1360 308 :
1374 281 1480 309 Christo
1493 283 1574 317 igitur
1587 292 1634 318 pro
1650 284 1724 310 nobis

931 335 1010 355 carne
1029 326 1140 362 passo‘.
1159 326 1228 354 Tum
1245 327 1311 354 illud
1328 336 1335 354 :
1351 326 1375 353 E
1388 327 1482 362 quibus
1495 327 1616 355 Christus
1631 337 1725 355 secun-

935 373 998 399 dum
1014 381 1130 406 carnem,
1147 372 1184 399 ait
1202 372 1350 408 Apostolus
1362 373 1384 398 ⁸.
1403 373 1475 414 Quin
1491 377 1516 400 et
1531 372 1655 400 Salvator
1667 375 1725 408 ipse

931 420 959 446 in
988 419 1135 454 Evangelio
1158 419 1265 446 dicebat
1284 418 1385 446 :Ntmc
1413 425 1500 445 autem
1517 419 1663 452 interﬁcere
1686 427 1726 444 me

931 465 1021 497 uultis,
1043 465 1174 492 hominem
1194 466 1238 500 qui
1261 473 1321 492 vera
1339 464 1397 491 dixi
1420 465 1491 491 vobis
1503 465 1524 491 ⁸.
1554 464 1589 491 Et
1607 464 1695 490 audivi
1710 471 1726 490 α

932 511 1043 538 Patre".
1068 511 1173 544 Quibus
1201 511 1292 538 verbis
1330 515 1357 538 et
1384 511 1587 545 perpessionem
1611 510 1645 536 ab
1673 509 1726 536 hu-

933 564 1013 584 mana
1041 564 1102 585 esse
1125 559 1235 588 natura,
1259 560 1286 583 et
1309 556 1461 583 naturalem
1484 555 1575 582 Patris
1590 554 1689 582 Filium
1712 561 1728 581 e

932 603 1002 629 coelo
1033 602 1150 637 lapsum,
1179 603 1250 629 seire
1274 609 1303 629 se
1332 601 1514 628 demonstrat.
1540 600 1590 627 Cui
1613 599 1726 635 quidem

932 648 1075 675 sententia:
1098 648 1240 683 apostolus
1255 646 1357 674 Paulus
1375 639 1540 682 suﬂragatur
1554 646 1596 673 his
1613 645 1725 673 verbis:

935 693 1007 721 Unus
1033 694 1114 725 Deus,
1135 701 1202 720 unus
1218 692 1351 720 Mediator
1366 691 1415 718 Dei
1440 697 1465 718 et
1488 692 1633 724 hominum,
1650 691 1728 718 homo

932 738 1010 766 Iasus
1035 738 1158 766 Christus
1170 739 1192 766 ⁸.
1231 739 1284 772 Qui
1305 747 1357 766 non
1374 739 1495 773 rapinam
1522 736 1667 764 arbitratus
1688 739 1729 763 est

933 785 1061 820 wqualem
1073 794 1100 811 se
1111 794 1167 812 esse
1181 785 1232 812 Deo
1242 805 1249 814 ,
1263 785 1306 812 sed
1319 785 1435 819 seipsum
1446 783 1602 814 exinaniril,
1612 782 1728 817 formam

933 831 1000 858 servi
1030 831 1192 866 accipiens’.
1221 829 1342 858 Videsne
1371 830 1409 857 uti
1436 837 1466 857 se
1495 829 1632 857 hominem
1655 835 1728 860 esse,

83 880 150 915 τέρα
167 879 261 912 αὑτοῦ,
279 878 346 910 Θεὸς
374 877 412 904 ὢν
435 877 515 912 φύσει
538 877 650 912 γνήσιος
671 877 882 912 γεγεννημένος.

939 885 989 904 non
1019 881 1109 903 tamen
1139 877 1242 904 nudum
1262 877 1471 911 simplicemque
1492 875 1637 902 docuerit?
1660 873 1729 900 Nam

83 925 157 961 Πρὸς
176 925 205 951 δὲ
221 925 283 956 τοὺς
311 917 483 959 ἀνθρώπου-ιζ,
508 922 652 958 ἄνθρωπος
672 922 795 956 φυσικὸς,
814 922 881 957 γνή-

85 980 142 1003 σιος
161 971 194 997 ὲκ
216 969 326 1006 Μαρίας
347 969 409 1004 δίχα
427 968 585 1004 σπέρματος
603 968 699 1004 ἀνδρὸς
714 967 883 1003 γεγεννημέ-

83 1025 140 1049 νος.
154 1015 234 1043 Οὕτω
249 1016 304 1051 γάρ
331 1015 531 1048 ὲστιΜεσίτης
551 1013 625 1041 Θεοῦ
645 1014 694 1042 καὶ
706 1013 882 1047 ἀνθρώπων,

83 1062 152 1094 Θεὸς
171 1061 220 1094 ὣν,
247 1061 295 1088 καὶ
312 1060 454 1096 ἄνθρωπος
469 1059 608 1094 γεγονὼς,
630 1059 661 1085 οὐ
690 1059 804 1094 τραπεὶς
835 1058 884 1094 τὴν

85 1107 178 1143 φύσιν,
197 1106 268 1134 ἀλλὰ
287 1106 359 1134 κατὰ
384 1106 504 1141 ἑκάτερα
519 1105 588 1140 πρὸς
598 1104 633 1132 τὰ
646 1104 792 1140 ἀμφότερα.
808 1113 884 1140 μεσι-

84 1153 181 1180 τεύων.

932 923 1006 958 quod
1022 923 1069 950 Dei
1084 928 1108 950 et
1130 923 1266 950 hominum
1281 922 1414 949 Mediator
1434 922 1548 953 dicitur,
1567 920 1672 948 idcirco
1689 919 1730 946 di-

933 969 1016 1002 citur,
1035 969 1106 1004 quod
1121 969 1266 1003 utriusque
1281 968 1366 1002 partis
1381 968 1416 994 ita
1432 971 1576 1002 sequester
1589 967 1636 998 sit,
1650 969 1680 992 ut
1693 965 1729 992 ad

935 1013 1043 1042 Patrem
1062 1018 1251 1049 comparatus,
1271 1018 1369 1041 natura
1391 1013 1462 1041 Deus
1489 1013 1525 1040 sit
1543 1020 1575 1040 ac
1590 1012 1729 1047 legitimus

937 1061 971 1088 ab
985 1068 1018 1088 eo
1033 1061 1142 1096 genitus
1157 1071 1163 1088 :
1181 1058 1215 1088 ad
1230 1061 1354 1088 homines
1372 1067 1454 1095 porro
1473 1059 1496 1086 si
1517 1057 1662 1090 referatur,
1680 1064 1730 1084 na-

937 1107 1035 1133 turalis
1062 1107 1144 1134 homo
1171 1108 1218 1138 sit,
1237 1106 1290 1141 50
1301 1109 1329 1133 et
1349 1113 1383 1132 ex
1403 1105 1489 1131 Maria
1511 1105 1647 1139 legitimus
1670 1103 1731 1129 sine

938 1153 994 1180 ullo
1009 1153 1060 1180 viri
1078 1157 1139 1180 salu
1163 1155 1320 1187 susceptus.
1336 1151 1376 1178 Ila
1398 1151 1498 1185 quippe
1519 1149 1566 1178 Dei
1579 1149 1727 1177 hominum-

85 1201 284 1237 quedledialar
299 1199 347 1238 eiu,
370 1200 417 1235 qui
433 1207 496 1226 cum
508 1201 582 1226 esset
598 1198 681 1232 Deus,
694 1198 777 1225 homo
789 1196 878 1225 factus
897 1203 956 1233 est;
979 1208 1033 1227 non
1057 1205 1155 1227 natura
1178 1202 1311 1230 mutatus,
1337 1197 1385 1225 sed
1421 1200 1539 1231 utraque
1564 1201 1641 1231 parte
1675 1200 1732 1220 me-

85 1247 150 1275 dius
164 1247 262 1274 ambos
281 1246 363 1277 inter,
379 1252 412 1272 ac
427 1245 501 1272 velut
520 1245 668 1279 interpres.

121 1293 191 1321 ME’.
215 1292 296 1319 ’Δλλὰ
315 1292 362 1320 καὶ
387 1292 468 1319 πάλιν
492 1291 608 1327 ἀμαθῶς
627 1299 725 1325 φασιν·
751 1291 833 1326 Ὁρᾷς
845 1290 887 1318 ὅτι

85 1340 145 1374 οὐχ
175 1339 334 1373 ἁρπαγμὸν
361 1338 500 1373 ἡγήσατο
525 1338 558 1364 τὸ
571 1334 649 1363 εἶναι
673 1336 726 1363 ἴσα
744 1336 888 1369 Θεῷ;καὶ

87 1385 149 1413 οὐδὲ
164 1385 215 1420 τὴν
232 1383 328 1419 κλῆσιν
343 1383 444 1410 οἴδασιν
459 1383 482 1409 oi
500 1382 658 1417 φιλόνεικοι.
673 1381 710 1408 Οὐ
728 1381 783 1417 γὰρ
798 1379 885 1414 εἶπεν,

88 1432 146 1458 Οὐκ
175 1429 293 1465 ἠθέλησε
323 1428 452 1464 γενέσθαι
482 1428 540 1460 tuo;
570 1426 630 1462 Θεῷ
654 1427 688 1453 δι’
717 1426 887 1462 ἀρπαγμοῦ·

88 1477 157 1509 ἀλλ’,
176 1477 239 1525 οῡέ
261 1475 420 1510 ἁρπαγμὸν
438 1473 576 1525 ἠὲδήσατο
597 1471 673 1499 εἶναι
688 1471 751 1525 τι’σα
771 1471 841 1504 Θεῷ,
858 1470 889 1497 τὺ
901 1496 922 1525 C

89 1523 158 1550 Θεοῦ
175 1524 186 1538 ³
202 1519 275 1549 εἶναι
288 1521 379 1555 φύσει,
397 1521 438 1548 ὅτι
452 1517 496 1554 ἦν.
514 1520 546 1546 Εἰ
564 1518 601 1554 μὴ
618 1518 672 1553 γὰρ
687 1515 732 1553 ἦν,
748 1517 806 1549 πῶς
820 1527 891 1554 μορ-

87 1568 152 1603 ςτὴν
158 1567 271 1595 δούλου
279 1568 367 1595 ἔλαϐε
374 1575 384 1600 ;
396 1567 449 1594 Καὶ
464 1565 494 1591 τὸ
517 1564 677 1600 πρόσφατον
693 1563 825 1598 ὲσήμανε,
840 1561 888 1589 καὶ

89 1614 121 1640 ἐκ
133 1612 229 1640 τούτου
249 1613 298 1648 τὴν
313 1606 466 1647 ὑπερὸολὴν
485 1609 635 1645 θαυμάζων
653 1609 806 1636 ἐδείκνυτο·
825 1608 886 1635 καί-

90 1666 144 1694 περ
166 1657 205 1684 ὢν
237 1657 294 1689 ἴσος
318 1656 389 1692 Θεῷ,
407 1655 504 1682 ἑαυτὸν
525 1655 654 1686 ὲκένωσε,
672 1654 778 1689 μορφὴν
796 1651 888 1679 δούλου

90 1703 193 1736 λαϐὼν,
222 1703 271 1738 οὺχ
305 1703 349 1729 ἵνα
367 1701 398 1728 τὺ
427 1701 568 1736 ὲλεύοερον
595 1699 725 1735 δουλώαῃ,
741 1699 798 1726 ἀλλ’
824 1695 888 1734 ὲνῇ

92 1749 184 1784 μορφῇ
200 1748 280 1774 ἕλαᾶε
291 1748 353 1779 τοὺς
372 1745 559 1776 ὑπακούοντας
575 1744 685 1777 δούλους
705 1743 886 1780 ἐλευθερώσῃ.

91 1796 147 1822 Καὶ
173 1794 357 1831 μαρτυροῦσιν
376 1794 498 1820 Ἰουδαῖοι
531 1793 572 1819 ὅτι
601 1791 651 1818 οὐκ
680 1791 770 1827 ᾐδεῖτο
798 1790 889 1824 λέγειν

93 1840 151 1872 ἶσος
168 1839 239 1874 Θεῷ,
259 1839 320 1866 οὐδὲ
345 1831 499 1870 ἰδίσταζεν,
523 1837 591 1864 ἀλλὰ.
604 1836 714 1863 ἀπὸτοῦ
732 1835 890 1872 θαρραλεώ-

92 1895 172 1923 τερον
185 1878 257 1912 οὕτω
277 1884 412 1912 δεικνύειν
424 1885 453 1912 ὲν
470 1883 509 1919 τῷ
526 1883 632 1918 λέγειν·
658 1883 729 1909 Ἐὰν
746 1881 789 1916 μὴ
805 1881 888 1914 εἴπω,

93 1934 202 1968 ἔσομαι
217 1932 281 1959 καθ’
297 1930 376 1966 ὑμᾶς
391 1931 548 1965 ψεύστης-⁸
571 1929 618 1955 καὶ
649 1927 694 1954 διὰ
711 1926 789 1953 τοῦτό
824 1934 890 1960 φασι

94 1979 162 2017 πρὸς
175 1979 257 2006 αὐτόν
268 1986 274 1992 ·
297 1978 338 2004 Δι’
357 1976 472 2012 ἀγαθὸν
491 1976 580 2010 ἔργον
596 1975 653 2017 οὐκ
671 1970 891 2006 ἁποκτείνομέν

94 2011 236 2058 σοίάλλ’
257 2024 302 2051 ὅτι
326 2011 484 2058 ἄνθρωπος
505 2020 547 2048 ὢν
563 2011 808 2051 σεαυῖὐνποιεῒς
821 2018 891 2044 ἴσον

96 2072 157 2105 θεῷ
190 2071 270 2098 Ἀλλά
297 2078 392 2105 φασιν·
410 2069 441 2096 El
457 2067 601 2103 ὀφείλομεν
615 2066 649 2092 τὰ
664 2064 783 2101 τροπικὰ
807 2063 890 2091 αὑτοῦ

96 2116 249 2151 ὁμολογεῖν,
269 2115 317 2141 καὶ
332 2114 418 2141 πολλὰ
434 2112 554 2150 τροπικὰ
569 2111 679 2147 εἴρηκεν
692 2110 708 2146 ἡ
721 2109 828 2145 Γραφὴ,
844 2109 892 2136 καὶ

974 1287 1056 1323 XLV.
1079 1288 1132 1315 Sed
1148 1287 1274 1327 imperite
1294 1294 1393 1315 rursus
1409 1286 1543 1323 objiciunt
1560 1295 1566 1313 :
1583 1279 1667 1318 Vides
1680 1293 1734 1313 non

941 1335 1063 1369 rapinam
1080 1334 1241 1361 arbitratum
1255 1341 1311 1360 esse
1324 1333 1451 1368 wqualem
1467 1340 1494 1359 se
1514 1340 1570 1359 esse
1586 1332 1660 1359 Deo?
1679 1330 1733 1359 Sed

940 1379 1096 1408 inanissimi
1127 1379 1252 1406 homines
1279 1377 1470 1412 appellationis
1502 1376 1590 1411 ipsius
1618 1383 1734 1411 prorsus

939 1427 1029 1461 ignari
1057 1430 1131 1454 sunt.
1158 1425 1226 1452 Nam
1253 1431 1307 1451 non
1331 1423 1420 1450 dixit:
1447 1422 1540 1450 Noluit
1566 1423 1661 1457 rapina
1687 1422 1734 1449 illa

939 1472 1056 1507 aequalis
1068 1479 1129 1510 esse
1147 1471 1216 1504 Deo;
1231 1470 1290 1503 sed,
1310 1469 1370 1496 Non
1389 1469 1511 1507 rapinam
1532 1468 1734 1508 arbitratus‘e'u

939 1525 996 1544 esse
1014 1525 1041 1543 se
1053 1507 1182 1551 aqualem
1199 1509 1272 1546 Deo,
1287 1516 1339 1542 hoc
1355 1518 1397 1542 est
1407 1504 1506 1542 natura
1520 1521 1549 1540 se
1564 1509 1648 1540 Deum
1661 1504 1733 1543 esse,

939 1562 1014 1597 quod
1031 1565 1090 1589 erat
1107 1569 1135 1588 re
1150 1561 1223 1595 ipsa.
1241 1560 1298 1587 Nisi
1323 1559 1395 1586 enim
1412 1561 1497 1590 esset,
1514 1556 1651 1592 quomodo
1665 1556 1734 1583 servi

937 1608 1051 1642 formam
1072 1606 1212 1647 indueret?
1227 1604 1411 1638 Quamobrem
1428 1604 1576 1639 Apostolus
1597 1602 1670 1638 quod
1688 1610 1734 1630 rc-

939 1654 1047 1680 ccntius
1068 1642 1107 1680 ae
1125 1644 1266 1687 posterius
1287 1651 1358 1682 erat,
1371 1649 1506 1676 indicare
1521 1641 1623 1679 voluit,
1641 1655 1673 1674 ac
1693 1647 1734 1675 rei

939 1698 1155 1734 magnitudinem
1171 1705 1226 1724 non
1246 1696 1307 1724 sine
1331 1695 1435 1730 ingenti
1456 1694 1639 1721 admiratione
1656 1699 1735 1719 mon-

940 1743 1048 1772 stravit.
1069 1743 1175 1777 Quippe
1192 1741 1303 1768 tametsi
1318 1739 1375 1767 Dco
1390 1743 1462 1766 essvt
1475 1738 1598 1773 :equalis,
1613 1737 1733 1773 seipsum

940 1779 1121 1816 nihilominus
1137 1786 1299 1818 exinanivit,
1313 1785 1386 1813 servi
1403 1784 1518 1811 formam
1534 1784 1661 1816 induens,
1678 1790 1734 1809 non

940 1833 1059 1868 utquod
1081 1834 1197 1860 liberum
1216 1836 1288 1863 erat,
1313 1831 1439 1859 servituti
1455 1829 1615 1863 subjiceret,
1636 1828 1684 1855 sed
1704 1832 1735 1855 ut

941 1880 969 1906 in
985 1887 1017 1907 ea
1035 1879 1122 1906 forma
1136 1885 1217 1912 quam
1233 1876 1343 1904 sibimet
1358 1877 1537 1910 imposuerat,
1552 1874 1734 1908 obsequentes

942 1925 994 1952 sibi
1019 1931 1114 1952 servos
1135 1923 1162 1949 in
1186 1922 1339 1949 libertatem
1360 1925 1507 1947 assereret.
1518 1913 1732 1953 “sane'quidem

941 1970 984 1999 vel
1004 1969 1161 1996 Judteorum
1192 1966 1388 1994 testiﬁcatione
1413 1968 1530 1997 constat,
1561 1963 1629 1990 nihil
1656 1963 1732 1989 illutn

942 2016 1058 2044 veritum
1077 2014 1173 2046 fuisse,
1200 2020 1291 2046 neque
1312 2010 1455 2038 dubitasse
1477 2009 1608 2044 mqualem
1628 2015 1660 2047 'se
1677 2007 1734 2034 Deo

942 2058 1073 2096 proﬁteri.
1087 2054 1216 2092 Adeoque
1228 2055 1410 2083 confidentius
1423 2052 1505 2082 etiam
1519 2053 1546 2080 id
1556 2052 1632 2083 hisce
1642 2051 1733 2079 verbis

942 2105 1079 2133 ostendit:
1097 2103 1160 2130 Λὶδὶ
1175 2103 1277 2134 dixero,
1290 2109 1334 2128 ero
1348 2099 1454 2135 perinde
1471 2107 1502 2126 ac
1517 2107 1559 2126 vos
1572 2098 1686 2124 mendax
1699 2096 1733 2124 ¹⁹.

140 2143 336 2198 δεῖ-ἀρνεῖσθαι
357 2161 392 2188 τὰ
417 2143 459 2192 sic.
477 2159 557 2186 αὐτὸν
577 2143 888 2197 αίνιγματωὶδιῦςίείρη-

943 2151 1012 2178 Hinc
1035 2149 1074 2177 illi
1097 2149 1138 2177 sic
1165 2149 1255 2183 ipsum
1280 2147 1484 2181 alloquuntur:
1506 2143 1617 2178 Propter
1637 2143 1734 2181 bonum

98 2208 178 2244 μένα,
194 2207 236 2234 ὅτι
248 2208 295 2234 καὶ
310 2206 381 2241 Θύρα
397 2205 539 2240 κέκληται,
560 2203 608 2230 καὶ
620 2203 694 2234 λίθος
712 2198 831 2238 εἴρηται,
846 2201 894 2228 καὶ

96 2254 207 2286 στύλος,
232 2253 281 2280 καὶ
306 2252 416 2287 νεφέλη,
442 2251 489 2278 καὶ
505 2250 584 2282 λέων,
610 2249 658 2276 καὶ
675 2248 821 2284 πρόϐατον,
847 2247 894 2274 καὶ

97 2300 206 2336 λύχνος,
237 2299 285 2326 καὶ
308 2298 431 2334 λαμπὰς,
455 2297 504 2324 καὶ
527 2297 614 2332 ἥλιος,
635 2295 682 2322 καὶ
705 2293 830 2329 ἄγγελος,
846 2294 894 2321 καὶ

99 2345 219 2382 σκώληξ,
235 2345 284 2372 καὶ
297 2344 396 2380 πέτρα,
411 2344 459 2370 καὶ
481 2343 687 2378 ἁκρογωνιαῐος,
702 2340 750 2367 καὶ
762 2340 831 2372 ὁδὸς,
846 2340 894 2366 καὶ

98 2391 212 2428 ταῦρος,
238 2391 285 2418 καὶ
308 2390 418 2426 μόσχος,
439 2388 486 2416 καὶ
503 2387 538 2415 τὰ
558 2386 670 2414 τοιαῦτα
693 2386 825 2421 δηλονότι.
839 2385 895 2411 Kal.

98 2439 181 2474 ἡμεῖς
206 2437 257 2464 οὐκ
283 2435 440 2472 ἀρνούμεθα
466 2434 501 2461 τὰ
525 2434 565 2465 εἰς
586 2432 668 2461 αὑτὸν
688 2431 895 2467 αἰνιγματωδῶς

100 2482 305 2520 πεπληρωμένα
316 2490 323 2498 ⁸
341 2481 452 2514 οἴδαμεν
480 2479 509 2506 δὲ
526 2479 560 2506 δι’
584 2479 617 2514 ἢν
634 2477 723 2505 αἰτίαν
741 2477 828 2503 ταῦτα
851 2476 897 2510 γέ-

99 2538 224 2566 γραπται
234 2537 241 2544 ·
254 2529 324 2563 ὁδὸς,
342 2528 383 2554 ὅτι
398 2527 431 2553 δι’
447 2525 528 2553 αὑτοῦ
542 2524 687 2560 βαδίζομεν
702 2523 770 2559 πρὸς
783 2523 832 2557 τὴν
849 2521 896 2557 βα-

96 2576 216 2607 σιλείαν,
231 2575 299 2611 πρὸς
327 2573 419 2604 αὐτὸν,
436 2572 483 2599 καὶ
499 2572 545 2598 τὸν
567 2570 678 2605 Πατέρα
690 2578 697 2585 ’
713 2568 783 2604 θύρα
800 2567 839 2600 δὲ,
855 2567 896 2594 ὅτι

102 2623 134 2650 δι’
150 2620 235 2649 αὑτοῦ
260 2618 458 2655 εἰσερχόμεθα·
476 2617 582 2649 στύλος,
609 2616 649 2642 ὅτι
673 2613 754 2645 αὑτός
775 2614 833 2639 ὲστι
847 2612 897 2647 τῆς

103 2667 242 2703 ἡμετέρας
260 2665 377 2695 πίστεως
392 2662 534 2698 ἑδραίωμα
544 2669 552 2677 ο
568 2660 667 2695 πέτρα,
683 2658 728 2685 διὰ
743 2658 774 2684 τδ
794 2657 898 2692 ἀμετα-

106 2702 232 2751 κίνητον·
249 2710 334 2744 λίθος,
353 2709 385 2736 τὸ
404 2706 651 2743 τεθεμελιωμένον·
668 2705 743 2742 ἥλιος
761 2702 899 2731 δικαιοσύ-

143 2790 299 2830 ¹Ἑ¹.εἷναι.
339 2798 398 2827 'F.
425 2799 501 2826 Θεόν.
540 2796 580 2823 ³1
616 2796 689 2824 Petr.
720 2802 762 2825 ιιι,
795 2794 839 2821 l8.
878 2792 918 2830 ξι

107 2838 118 2857 ’
135 2828 217 2868 Joan.
239 2845 283 2870 xv,
304 2836 348 2864 l5.
388 2836 398 2851 "
417 2835 427 2863 l
445 2834 517 2863 Tim.
538 2841 570 2867 ιι,
591 2832 618 2860 5.
656 2832 666 2848 '
686 2830 806 2865 Philipp.
829 2836 859 2863 ιι,
880 2828 906 2856 6.

943 2204 1007 2233 opus
1025 2205 1076 2223 non
1100 2194 1273 2229 interﬁcintus
1295 2198 1328 2226 te,
1348 2192 1394 2219 sed
1413 2191 1482 2226 quod
1503 2189 1580 2217 homo
1602 2184 1661 2216 eum
1684 2188 1733 2220 tis,

943 2243 1053 2277 teipsum
1071 2241 1137 2276 facis
1151 2239 1277 2276 (aqualem
1287 2238 1340 2265 Deo
1352 2238 1384 2264 “.
1398 2236 1506 2264 Rursus
1520 2236 1623 2263 instant
1636 2235 1735 2261 adver-

944 2288 1009 2317 sarii
1025 2297 1031 2315 :
1047 2288 1076 2319 Si
1094 2294 1155 2322 quae
1178 2293 1226 2321 per
1248 2289 1357 2319 tropum
1371 2283 1404 2310 de
1419 2282 1466 2309 illo
1486 2282 1559 2308 dicta
1576 2284 1640 2319 su_nt
1655 2279 1735 2306 fateri

943 2333 1090 2365 convenit,
1119 2332 1205 2359 multa
1229 2330 1334 2365 tropice
1361 2329 1505 2363 Scriptura
1533 2325 1732 2362 pronuntiavit.

935 2374 1032 2415 ineque
1046 2385 1107 2414 qum
1125 2375 1277 2412 aenigmatis
1286 2382 1362 2401 more
1370 2374 1403 2400 de
1413 2380 1446 2400 eo
1459 2372 1532 2399 dicta
1544 2369 1734 2398 suntvinﬁciari

943 2428 1067 2462 oportet:
1077 2423 1150 2459 quod
1160 2423 1244 2462 janua
1258 2424 1382 2451 vocatur,
1397 2417 1476 2453 lapis,
1487 2415 1734 2457 columnamubes,

944 2459 997 2505 leo,
1012 2470 1082 2504 ovis,
1097 2459 1221 2500 lucerna,
1238 2467 1292 2500 tax,
1310 2466 1362 2498 sol,
1379 2460 1503 2500 angelus,
1518 2462 1630 2494 vermis,
1643 2465 1732 2497 petra,

946 2516 1090 2552 angularis
1112 2514 1193 2549 lapis,
1215 2513 1270 2545 via,
1293 2516 1400 2542 taurus,
1419 2509 1533 2542 vitulus,
1554 2512 1582 2535 et
1603 2507 1630 2534 id
1650 2513 1736 2542 genus

946 2551 1010 2591 alia.
1026 2560 1081 2589 Nos
1097 2564 1188 2588 autem
1205 2566 1266 2594 quo:
1281 2558 1308 2584 in
1324 2557 1370 2583 illo
1386 2555 1502 2591 ﬁgurate
1513 2554 1585 2581 dicta
1601 2556 1666 2580 sunt
1685 2551 1736 2578 im-

946 2610 1018 2645 pleta
1030 2615 1085 2635 non
1100 2613 1250 2642 negamus;
1269 2603 1315 2631 sed
1329 2609 1462 2637 quorsum
1476 2603 1606 2634 usurpata
1620 2598 1665 2624 illa
1681 2597 1737 2625 sint

947 2643 1137 2689 intelligimus.
1154 2652 1223 2678 Nam
1239 2651 1282 2678 via
1303 2653 1446 2685 propterea
1468 2646 1579 2677 dicitur,
1599 2643 1672 2679 quod
1690 2650 1738 2677 per

949 2701 1025 2729 illum
1041 2700 1074 2727 ad
1091 2705 1216 2733 regnum,
1239 2699 1267 2724 et
1284 2696 1317 2723 ad
1342 2695 1431 2730 ipsum
1453 2692 1615 2726 Patremque
1642 2695 1738 2724 perve-

948 2790 1020 2817 Petr.
1057 2795 1095 2819 tv.
1127 2788 1153 2814 l.
1190 2787 1201 2803 ⁸
1223 2786 1299 2813 Rom.
1324 2793 1363 2814 Ix.
1383 2784 1411 2811 5.
1447 2783 1473 2819 ᾖ
1491 2782 1572 2810 Joan.
1608 2786 1671 2812 vni,
1691 2777 1736 2805 ιο.

947 2826 968 2842 ¹⁰
989 2824 1068 2853 Joan.
1089 2818 1151 2857 vni,
1174 2822 1218 2850 55.
1258 2823 1278 2837 ”
1300 2820 1379 2847 Joan.
1400 2827 1428 2853 x,
1447 2818 1492 2846 55.
