  <div class='ocr_page' id='page_1' title='image "/cluster/home/n/w/nwhite01/storage/ocr_20150623/43/njp.32101007506163/063.png"; bbox 0 0 1940 3043; ppageno 0'>
   <div class='ocr_carea' id='block_1_1' title="bbox 214 120 1141 164">
    <p class='ocr_par' dir='ltr' id='par_1_1' title="bbox 214 120 1141 164">
     <span class='ocr_line' id='line_1_1' title="bbox 214 120 1141 164; baseline -0.016 0"><span class='ocrx_word' id='word_1_1' title='bbox 214 134 250 164; x_wconf 85' lang='lat'><strong>99</strong></span> <span class='ocrx_word' id='word_1_2' title='bbox 919 125 948 154; x_wconf 90' lang='lat' dir='ltr'><strong>S.</strong></span> <span class='ocrx_word' id='word_1_3' title='bbox 970 120 1141 152; x_wconf 71' lang='lat' dir='ltr'><strong>EPiPllANll</strong></span> 
     </span>
    </p>
   </div>
   <div class='ocr_carea' id='block_1_2' title="bbox 1798 115 1850 142">
    <p class='ocr_par' dir='ltr' id='par_1_2' title="bbox 1798 115 1850 142">
     <span class='ocr_line' id='line_1_2' title="bbox 1798 115 1850 142; baseline 0 0"><span class='ocrx_word' id='word_1_4' title='bbox 1798 115 1850 142; x_wconf 73' lang='grc'><strong>10⁸)</strong></span> 
     </span>
    </p>
   </div>
   <div class='ocr_carea' id='block_1_3' title="bbox 213 174 1003 226">
    <p class='ocr_par' dir='ltr' id='par_1_3' title="bbox 213 185 1002 226">
     <span class='ocr_line' id='line_1_3' title="bbox 213 185 1002 226; baseline -0.014 -6"><span class='ocrx_word' id='word_1_5' title='bbox 213 193 322 224; x_wconf 84' lang='lat' dir='ltr'><strong>nimus;</strong></span> <span class='ocrx_word' id='word_1_6' title='bbox 345 190 445 226; x_wconf 77' lang='lat' dir='ltr'><strong>ianua,</strong></span> <span class='ocrx_word' id='word_1_7' title='bbox 467 188 593 224; x_wconf 84' lang='lat' dir='ltr'><strong>quoniam</strong></span> <span class='ocrx_word' id='word_1_8' title='bbox 615 194 662 222; x_wconf 89' lang='lat' dir='ltr'><strong>per</strong></span> <span class='ocrx_word' id='word_1_9' title='bbox 685 186 760 212; x_wconf 74' lang='lat' dir='ltr'><strong>illurn</strong></span> <span class='ocrx_word' id='word_1_10' title='bbox 782 185 936 217; x_wconf 85' lang='lat' dir='ltr'><strong>intramus;</strong></span> <span class='ocrx_word' id='word_1_11' title='bbox 958 192 1002 211; x_wconf 85' lang='lat' dir='ltr'><strong>co-</strong></span> 
     </span>
    </p>
   </div>
   <div class='ocr_carea' id='block_1_4' title="bbox 1056 174 1851 226">
    <p class='ocr_par' dir='ltr' id='par_1_4' title="bbox 1056 174 1851 217">
     <span class='ocr_line' id='line_1_4' title="bbox 1056 174 1851 217; baseline -0.011 -9"><span class='ocrx_word' id='word_1_12' title='bbox 1056 178 1113 217; x_wconf 77' lang='grc' dir='ltr'>νης,</span> <span class='ocrx_word' id='word_1_13' title='bbox 1138 181 1153 207; x_wconf 80' lang='grc' dir='ltr'><strong>ὁ</strong></span> <span class='ocrx_word' id='word_1_14' title='bbox 1180 179 1354 214; x_wconf 73' lang='grc' dir='ltr'>καταυγὰσας</span> <span class='ocrx_word' id='word_1_15' title='bbox 1368 178 1418 210; x_wconf 70' lang='grc' dir='ltr'>τὰς</span> <span class='ocrx_word' id='word_1_16' title='bbox 1437 176 1576 213; x_wconf 72' lang='grc' dir='ltr'>ἡμετέρας</span> <span class='ocrx_word' id='word_1_17' title='bbox 1590 175 1776 206; x_wconf 69' lang='grc' dir='ltr'>σκοτιτοείσας</span> <span class='ocrx_word' id='word_1_18' title='bbox 1791 174 1851 200; x_wconf 69' lang='grc' dir='ltr'>δια-</span> 
     </span>
    </p>
   </div>
   <div class='ocr_carea' id='block_1_5' title="bbox 214 230 1002 271">
    <p class='ocr_par' dir='ltr' id='par_1_5' title="bbox 214 230 1002 271">
     <span class='ocr_line' id='line_1_5' title="bbox 214 230 1002 271; baseline -0.011 -6"><span class='ocrx_word' id='word_1_19' title='bbox 214 239 319 269; x_wconf 87' lang='lat' dir='ltr'><strong>lumna,</strong></span> <span class='ocrx_word' id='word_1_20' title='bbox 343 236 416 271; x_wconf 89' lang='lat' dir='ltr'><strong>quod</strong></span> <span class='ocrx_word' id='word_1_21' title='bbox 442 235 499 270; x_wconf 86' lang='lat' dir='ltr'><strong>ipse</strong></span> <span class='ocrx_word' id='word_1_22' title='bbox 517 233 724 260; x_wconf 86' lang='lat' dir='ltr'><strong>fundamentum</strong></span> <span class='ocrx_word' id='word_1_23' title='bbox 749 231 783 258; x_wconf 90' lang='lat' dir='ltr'><strong>sit</strong></span> <span class='ocrx_word' id='word_1_24' title='bbox 802 230 862 257; x_wconf 76' lang='lat' dir='ltr'><strong>fidei</strong></span> <span class='ocrx_word' id='word_1_25' title='bbox 883 234 1002 262; x_wconf 65' lang='lat' dir='ltr'><strong>nostrat;</strong></span> 
     </span>
    </p>
   </div>
   <div class='ocr_carea' id='block_1_6' title="bbox 1057 228 1142 259">
    <p class='ocr_par' dir='ltr' id='par_1_6' title="bbox 1057 228 1142 259">
     <span class='ocr_line' id='line_1_6' title="bbox 1057 228 1142 259; baseline -0.012 -4"><span class='ocrx_word' id='word_1_26' title='bbox 1057 228 1142 259; x_wconf 77' lang='grc' dir='ltr'>νοίας.</span> 
     </span>
    </p>
   </div>
   <div class='ocr_carea' id='block_1_7' title="bbox 214 266 1850 318">
    <p class='ocr_par' dir='ltr' id='par_1_7' title="bbox 214 266 1850 318">
     <span class='ocr_line' id='line_1_7' title="bbox 214 266 1850 318; baseline -0.011 -7"><span class='ocrx_word' id='word_1_27' title='bbox 214 288 301 318; x_wconf 82' lang='lat' dir='ltr'><strong>petra,</strong></span> <span class='ocrx_word' id='word_1_28' title='bbox 328 266 399 317; x_wconf 76' lang='lat' dir='ltr'><strong>quod</strong></span> <span class='ocrx_word' id='word_1_29' title='bbox 425 266 572 307; x_wconf 81' lang='lat' dir='ltr'><strong>immobilis</strong></span> <span class='ocrx_word' id='word_1_30' title='bbox 590 279 646 311; x_wconf 86' lang='lat' dir='ltr'><strong>sit;</strong></span> <span class='ocrx_word' id='word_1_31' title='bbox 664 279 745 312; x_wconf 90' lang='lat' dir='ltr'><strong>lapis,</strong></span> <span class='ocrx_word' id='word_1_32' title='bbox 773 277 917 304; x_wconf 84' lang='lat' dir='ltr'><strong>fundatth</strong></span> <span class='ocrx_word' id='word_1_33' title='bbox 943 276 1162 311; x_wconf 76' lang='lat' dir='ltr'><strong>cssesignificat.</strong></span> <span class='ocrx_word' id='word_1_34' title='bbox 1189 273 1260 301; x_wconf 86' lang='lat' dir='ltr'><strong>Idem</strong></span> <span class='ocrx_word' id='word_1_35' title='bbox 1280 280 1344 300; x_wconf 83' lang='lat' dir='ltr'><strong>vero</strong></span> <span class='ocrx_word' id='word_1_36' title='bbox 1361 270 1476 306; x_wconf 68' lang='lat' dir='ltr'><strong>iustitia:</strong></span> <span class='ocrx_word' id='word_1_37' title='bbox 1513 269 1554 296; x_wconf 82' lang='lat' dir='ltr'><strong>sol</strong></span> <span class='ocrx_word' id='word_1_38' title='bbox 1587 273 1639 299; x_wconf 85' lang='lat' dir='ltr'><strong>est,</strong></span> <span class='ocrx_word' id='word_1_39' title='bbox 1666 266 1711 302; x_wconf 91' lang='lat' dir='ltr'><strong>qui</strong></span> <span class='ocrx_word' id='word_1_40' title='bbox 1743 270 1850 293; x_wconf 72' lang='lat' dir='ltr'><strong>mentes</strong></span> 
     </span>
    </p>
   </div>
   <div class='ocr_carea' id='block_1_8' title="bbox 213 324 919 355">
    <p class='ocr_par' dir='ltr' id='par_1_8' title="bbox 213 324 919 355">
     <span class='ocr_line' id='line_1_8' title="bbox 213 324 919 355; baseline -0.01 0"><span class='ocrx_word' id='word_1_41' title='bbox 213 333 325 355; x_wconf 85' lang='lat' dir='ltr'><strong>nostras</strong></span> <span class='ocrx_word' id='word_1_42' title='bbox 337 327 458 354; x_wconf 87' lang='lat' dir='ltr'><strong>tenebris</strong></span> <span class='ocrx_word' id='word_1_43' title='bbox 473 325 607 352; x_wconf 87' lang='lat' dir='ltr'><strong>obductas</strong></span> <span class='ocrx_word' id='word_1_44' title='bbox 623 333 670 352; x_wconf 85' lang='lat' dir='ltr'><strong>sua</strong></span> <span class='ocrx_word' id='word_1_45' title='bbox 690 325 751 351; x_wconf 80' lang='lat' dir='ltr'><strong>luce</strong></span> <span class='ocrx_word' id='word_1_46' title='bbox 765 324 919 351; x_wconf 79' lang='lat' dir='ltr'><strong>collustrat.</strong></span> 
     </span>
    </p>
   </div>
   <div class='ocr_carea' id='block_1_9' title="bbox 249 369 1001 408">
    <p class='ocr_par' dir='ltr' id='par_1_9' title="bbox 249 369 1001 408">
     <span class='ocr_line' id='line_1_9' title="bbox 249 369 1001 408; baseline -0.007 -8"><span class='ocrx_word' id='word_1_47' title='bbox 249 373 340 400; x_wconf 79' lang='lat' dir='ltr'><strong>XLVI.</strong></span> <span class='ocrx_word' id='word_1_48' title='bbox 362 372 430 399; x_wconf 87' lang='lat' dir='ltr'><strong>Tum</strong></span> <span class='ocrx_word' id='word_1_49' title='bbox 457 373 492 398; x_wconf 91' lang='lat' dir='ltr'><strong>ita</strong></span> <span class='ocrx_word' id='word_1_50' title='bbox 518 373 674 408; x_wconf 77' lang='lat' dir='ltr'><strong>colligunt:</strong></span> <span class='ocrx_word' id='word_1_51' title='bbox 700 371 764 399; x_wconf 86' lang='lat' dir='ltr'><strong>Cum</strong></span> <span class='ocrx_word' id='word_1_52' title='bbox 791 371 923 405; x_wconf 86' lang='lat' dir='ltr'><strong>scriptum</strong></span> <span class='ocrx_word' id='word_1_53' title='bbox 955 369 1001 401; x_wconf 87' lang='lat' dir='ltr'><strong>sil,</strong></span> 
     </span>
    </p>
   </div>
   <div class='ocr_carea' id='block_1_10' title="bbox 215 414 1003 450">
    <p class='ocr_par' dir='ltr' id='par_1_10' title="bbox 215 414 1003 450">
     <span class='ocr_line' id='line_1_10' title="bbox 215 414 1003 450; baseline -0.009 -3"><span class='ocrx_word' id='word_1_54' title='bbox 215 424 366 447; x_wconf 72' lang='lat' dir='ltr'><strong>creaturam</strong></span> <span class='ocrx_word' id='word_1_55' title='bbox 386 418 461 444; x_wconf 91' lang='lat' dir='ltr'><strong>illum</strong></span> <span class='ocrx_word' id='word_1_56' title='bbox 481 425 552 450; x_wconf 86' lang='lat' dir='ltr'><strong>esse,</strong></span> <span class='ocrx_word' id='word_1_57' title='bbox 579 418 660 444; x_wconf 89' lang='lat' dir='ltr'><strong>etiam</strong></span> <span class='ocrx_word' id='word_1_58' title='bbox 682 419 715 443; x_wconf 87' lang='lat' dir='ltr'><strong>de</strong></span> <span class='ocrx_word' id='word_1_59' title='bbox 732 422 859 443; x_wconf 84' lang='lat' dir='ltr'><strong>creatura</strong></span> <span class='ocrx_word' id='word_1_60' title='bbox 879 414 1003 442; x_wconf 85' lang='lat' dir='ltr'><strong>confiteri</strong></span> 
     </span>
    </p>
   </div>
   <div class='ocr_carea' id='block_1_11' title="bbox 213 460 1004 498">
    <p class='ocr_par' dir='ltr' id='par_1_11' title="bbox 213 460 1004 498">
     <span class='ocr_line' id='line_1_11' title="bbox 213 460 1004 498; baseline -0.006 -8"><span class='ocrx_word' id='word_1_61' title='bbox 213 468 353 498; x_wconf 77' lang='lat' dir='ltr'><strong>oportere.</strong></span> <span class='ocrx_word' id='word_1_62' title='bbox 370 461 470 489; x_wconf 84' lang='lat' dir='ltr'><strong>Verum</strong></span> <span class='ocrx_word' id='word_1_63' title='bbox 487 470 536 497; x_wconf 82' lang='lat' dir='ltr'><strong>ego</strong></span> <span class='ocrx_word' id='word_1_64' title='bbox 557 467 660 496; x_wconf 81' lang='lat' dir='ltr'><strong>partem</strong></span> <span class='ocrx_word' id='word_1_65' title='bbox 683 461 803 496; x_wconf 82' lang='lat' dir='ltr'><strong>aliquam</strong></span> <span class='ocrx_word' id='word_1_66' title='bbox 827 468 925 488; x_wconf 86' lang='lat' dir='ltr'><strong>usuum</strong></span> <span class='ocrx_word' id='word_1_67' title='bbox 944 460 1004 486; x_wconf 83' lang='lat' dir='ltr'><strong>illo-</strong></span> 
     </span>
    </p>
   </div>
   <div class='ocr_carea' id='block_1_12' title="bbox 214 504 1002 543">
    <p class='ocr_par' dir='ltr' id='par_1_12' title="bbox 214 504 1002 543">
     <span class='ocr_line' id='line_1_12' title="bbox 214 504 1002 543; baseline -0.005 -8"><span class='ocrx_word' id='word_1_68' title='bbox 214 516 276 535; x_wconf 84' lang='lat' dir='ltr'><strong>rum</strong></span> <span class='ocrx_word' id='word_1_69' title='bbox 290 508 414 543; x_wconf 79' lang='lat' dir='ltr'><strong>exposui,</strong></span> <span class='ocrx_word' id='word_1_70' title='bbox 431 508 477 542; x_wconf 92' lang='lat' dir='ltr'><strong>qui</strong></span> <span class='ocrx_word' id='word_1_71' title='bbox 497 515 530 534; x_wconf 81' lang='lat' dir='ltr'><strong>ex</strong></span> <span class='ocrx_word' id='word_1_72' title='bbox 547 507 607 534; x_wconf 83' lang='lat' dir='ltr'><strong>istis</strong></span> <span class='ocrx_word' id='word_1_73' title='bbox 621 507 794 542; x_wconf 78' lang='lat' dir='ltr'><strong>:enigmatmn</strong></span> <span class='ocrx_word' id='word_1_74' title='bbox 810 505 958 532; x_wconf 82' lang='lat' dir='ltr'><strong>involucris</strong></span> <span class='ocrx_word' id='word_1_75' title='bbox 976 504 1002 531; x_wconf 91' lang='lat' dir='ltr'><strong>in</strong></span> 
     </span>
    </p>
   </div>
   <div class='ocr_carea' id='block_1_13' title="bbox 214 550 1002 586">
    <p class='ocr_par' dir='ltr' id='par_1_13' title="bbox 214 550 1002 586">
     <span class='ocr_line' id='line_1_13' title="bbox 214 550 1002 586; baseline -0.005 -6"><span class='ocrx_word' id='word_1_76' title='bbox 214 562 268 581; x_wconf 81' lang='lat' dir='ltr'><strong>nos</strong></span> <span class='ocrx_word' id='word_1_77' title='bbox 284 553 483 580; x_wconf 85' lang='lat' dir='ltr'><strong>rcdundarunt.</strong></span> <span class='ocrx_word' id='word_1_78' title='bbox 502 552 552 586; x_wconf 83' lang='lat'><strong>51</strong></span> <span class='ocrx_word' id='word_1_79' title='bbox 570 551 666 578; x_wconf 86' lang='lat' dir='ltr'><strong>Dicant</strong></span> <span class='ocrx_word' id='word_1_80' title='bbox 687 552 769 586; x_wconf 70' lang='lat' dir='ltr'><strong>igitur</strong></span> <span class='ocrx_word' id='word_1_81' title='bbox 786 551 879 586; x_wconf 84' lang='lat' dir='ltr'><strong>ecquis</strong></span> <span class='ocrx_word' id='word_1_82' title='bbox 895 550 1002 577; x_wconf 79' lang='lat' dir='ltr'><strong>tandem</strong></span> 
     </span>
    </p>
   </div>
   <div class='ocr_carea' id='block_1_14' title="bbox 216 597 1004 634">
    <p class='ocr_par' dir='ltr' id='par_1_14' title="bbox 216 597 1004 634">
     <span class='ocr_line' id='line_1_14' title="bbox 216 597 1004 634; baseline -0.004 -8"><span class='ocrx_word' id='word_1_83' title='bbox 216 600 356 626; x_wconf 76' lang='lat' dir='ltr'><strong>translata:</strong></span> <span class='ocrx_word' id='word_1_84' title='bbox 380 599 454 626; x_wconf 89' lang='lat' dir='ltr'><strong>illius</strong></span> <span class='ocrx_word' id='word_1_85' title='bbox 475 599 683 634; x_wconf 72' lang='lat' dir='ltr'><strong>signiﬁcationis</strong></span> <span class='ocrx_word' id='word_1_86' title='bbox 705 606 773 625; x_wconf 88' lang='lat' dir='ltr'><strong>usus</strong></span> <span class='ocrx_word' id='word_1_87' title='bbox 790 606 851 625; x_wconf 87' lang='lat' dir='ltr'><strong>esse</strong></span> <span class='ocrx_word' id='word_1_88' title='bbox 865 597 963 632; x_wconf 87' lang='lat' dir='ltr'><strong>possit,</strong></span> <span class='ocrx_word' id='word_1_89' title='bbox 981 597 1004 623; x_wconf 90' lang='lat' dir='ltr'><strong>si</strong></span> 
     </span>
    </p>
   </div>
   <div class='ocr_carea' id='block_1_15' title="bbox 214 643 1005 678">
    <p class='ocr_par' dir='ltr' id='par_1_15' title="bbox 214 643 1005 678">
     <span class='ocr_line' id='line_1_15' title="bbox 214 643 1005 678; baseline -0.004 -7"><span class='ocrx_word' id='word_1_90' title='bbox 214 650 342 672; x_wconf 77' lang='lat' dir='ltr'><strong>creatura</strong></span> <span class='ocrx_word' id='word_1_91' title='bbox 368 645 543 671; x_wconf 86' lang='lat' dir='ltr'><strong>nominetur?</strong></span> <span class='ocrx_word' id='word_1_92' title='bbox 573 643 640 670; x_wconf 81' lang='lat' dir='ltr'><strong>Nam</strong></span> <span class='ocrx_word' id='word_1_93' title='bbox 668 644 752 678; x_wconf 80' lang='lat' dir='ltr'><strong>janua</strong></span> <span class='ocrx_word' id='word_1_94' title='bbox 780 644 888 678; x_wconf 87' lang='lat' dir='ltr'><strong>quidem</strong></span> <span class='ocrx_word' id='word_1_95' title='bbox 915 649 1005 669; x_wconf 88' lang='lat' dir='ltr'><strong>nonne</strong></span> 
     </span>
    </p>
   </div>
   <div class='ocr_carea' id='block_1_16' title="bbox 216 689 1004 725">
    <p class='ocr_par' dir='ltr' id='par_1_16' title="bbox 216 689 1004 725">
     <span class='ocr_line' id='line_1_16' title="bbox 216 689 1004 725; baseline -0.001 -8"><span class='ocrx_word' id='word_1_96' title='bbox 216 691 314 717; x_wconf 89' lang='lat' dir='ltr'><strong>merito</strong></span> <span class='ocrx_word' id='word_1_97' title='bbox 328 690 438 721; x_wconf 87' lang='lat' dir='ltr'><strong>dicitur,</strong></span> <span class='ocrx_word' id='word_1_98' title='bbox 452 691 528 725; x_wconf 89' lang='lat' dir='ltr'><strong>quasi</strong></span> <span class='ocrx_word' id='word_1_99' title='bbox 542 690 620 717; x_wconf 88' lang='lat' dir='ltr'><strong>nobis</strong></span> <span class='ocrx_word' id='word_1_100' title='bbox 633 690 773 716; x_wconf 84' lang='lat' dir='ltr'><strong>introitum</strong></span> <span class='ocrx_word' id='word_1_101' title='bbox 803 689 1004 722; x_wconf 80' lang='lat' dir='ltr'><strong>utilitatemque</strong></span> 
     </span>
    </p>
   </div>
   <div class='ocr_carea' id='block_1_17' title="bbox 217 735 1005 771">
    <p class='ocr_par' dir='ltr' id='par_1_17' title="bbox 217 735 1005 771">
     <span class='ocr_line' id='line_1_17' title="bbox 217 735 1005 771; baseline -0.004 -8"><span class='ocrx_word' id='word_1_102' title='bbox 217 736 351 771; x_wconf 59' lang='lat' dir='ltr'><strong>prabeat;</strong></span> <span class='ocrx_word' id='word_1_103' title='bbox 375 737 417 763; x_wconf 88' lang='lat' dir='ltr'><strong>via</strong></span> <span class='ocrx_word' id='word_1_104' title='bbox 433 744 525 770; x_wconf 88' lang='lat' dir='ltr'><strong>porro,</strong></span> <span class='ocrx_word' id='word_1_105' title='bbox 551 740 579 762; x_wconf 88' lang='lat' dir='ltr'><strong>ut</strong></span> <span class='ocrx_word' id='word_1_106' title='bbox 605 744 651 770; x_wconf 82' lang='lat' dir='ltr'><strong>per</strong></span> <span class='ocrx_word' id='word_1_107' title='bbox 672 736 746 761; x_wconf 85' lang='lat' dir='ltr'><strong>illaut</strong></span> <span class='ocrx_word' id='word_1_108' title='bbox 776 735 933 761; x_wconf 79' lang='lat' dir='ltr'><strong>incedentes</strong></span> <span class='ocrx_word' id='word_1_109' title='bbox 958 743 1005 761; x_wconf 90' lang='lat' dir='ltr'><strong>nc-</strong></span> 
     </span>
    </p>
   </div>
   <div class='ocr_carea' id='block_1_18' title="bbox 215 779 1003 817">
    <p class='ocr_par' dir='ltr' id='par_1_18' title="bbox 215 779 1003 817">
     <span class='ocr_line' id='line_1_18' title="bbox 215 779 1003 817; baseline -0.005 -8"><span class='ocrx_word' id='word_1_110' title='bbox 215 790 353 817; x_wconf 86' lang='lat' dir='ltr'><strong>quaquam</strong></span> <span class='ocrx_word' id='word_1_111' title='bbox 378 783 538 809; x_wconf 83' lang='lat' dir='ltr'><strong>aberremus</strong></span> <span class='ocrx_word' id='word_1_112' title='bbox 552 782 563 808; x_wconf 88' lang='lat'><strong>?</strong></span> <span class='ocrx_word' id='word_1_113' title='bbox 577 783 709 808; x_wconf 77' lang='lat' dir='ltr'><strong>Creatura</strong></span> <span class='ocrx_word' id='word_1_114' title='bbox 731 789 796 807; x_wconf 83' lang='lat' dir='ltr'><strong>vero</strong></span> <span class='ocrx_word' id='word_1_115' title='bbox 821 788 872 806; x_wconf 88' lang='lat' dir='ltr'><strong>cur</strong></span> <span class='ocrx_word' id='word_1_116' title='bbox 895 779 1003 807; x_wconf 85' lang='lat' dir='ltr'><strong>tandem</strong></span> 
     </span>
    </p>
   </div>
   <div class='ocr_carea' id='block_1_19' title="bbox 1091 357 1851 399">
    <p class='ocr_par' dir='ltr' id='par_1_19' title="bbox 1091 357 1851 399">
     <span class='ocr_line' id='line_1_19' title="bbox 1091 357 1851 399; baseline -0.013 -6"><span class='ocrx_word' id='word_1_117' title='bbox 1091 367 1167 399; x_wconf 71' lang='lat' dir='ltr'><strong>MCT’.</strong></span> <span class='ocrx_word' id='word_1_118' title='bbox 1186 362 1252 391; x_wconf 76' lang='grc' dir='ltr'><strong>Εἶτά</strong></span> <span class='ocrx_word' id='word_1_119' title='bbox 1262 371 1342 398; x_wconf 73' lang='grc' dir='ltr'>φασιν</span> <span class='ocrx_word' id='word_1_120' title='bbox 1353 370 1359 377; x_wconf 83' lang='grc'><em>’</em></span> <span class='ocrx_word' id='word_1_121' title='bbox 1379 362 1438 387; x_wconf 83' lang='grc' dir='ltr'>’Ὁτι</span> <span class='ocrx_word' id='word_1_122' title='bbox 1455 360 1612 395; x_wconf 80' lang='grc' dir='ltr'>γέγραπται</span> <span class='ocrx_word' id='word_1_123' title='bbox 1631 358 1695 394; x_wconf 77' lang='grc' dir='ltr'>περὶ</span> <span class='ocrx_word' id='word_1_124' title='bbox 1709 357 1792 384; x_wconf 70' lang='grc' dir='ltr'><strong>αὖτοῦ</strong></span> <span class='ocrx_word' id='word_1_125' title='bbox 1810 358 1851 384; x_wconf 72' lang='grc' dir='ltr'>ὅτι</span> 
     </span>
    </p>
   </div>
   <div class='ocr_carea' id='block_1_20' title="bbox 1057 405 1850 447">
    <p class='ocr_par' dir='ltr' id='par_1_20' title="bbox 1057 405 1850 447">
     <span class='ocr_line' id='line_1_20' title="bbox 1057 405 1850 447; baseline -0.011 -8"><span class='ocrx_word' id='word_1_126' title='bbox 1057 413 1161 447; x_wconf 78' lang='grc' dir='ltr'><strong>κτίσμα</strong></span> <span class='ocrx_word' id='word_1_127' title='bbox 1186 411 1269 442; x_wconf 69' lang='grc' dir='ltr'>ἐστὶν,</span> <span class='ocrx_word' id='word_1_128' title='bbox 1295 409 1436 444; x_wconf 77' lang='grc' dir='ltr'><strong>ὁμολογεῖν</strong></span> <span class='ocrx_word' id='word_1_129' title='bbox 1465 407 1568 434; x_wconf 75' lang='grc' dir='ltr'>δεῖκαὶ</span> <span class='ocrx_word' id='word_1_130' title='bbox 1587 405 1619 432; x_wconf 73' lang='grc' dir='ltr'><strong>τὺ</strong></span> <span class='ocrx_word' id='word_1_131' title='bbox 1643 405 1758 440; x_wconf 83' lang='grc' dir='ltr'>κτίσμα.</span> <span class='ocrx_word' id='word_1_132' title='bbox 1782 405 1850 431; x_wconf 69' lang='grc' dir='ltr'>Ἰδοὺ</span> 
     </span>
    </p>
   </div>
   <div class='ocr_carea' id='block_1_21' title="bbox 1057 450 1852 492">
    <p class='ocr_par' dir='ltr' id='par_1_21' title="bbox 1057 450 1852 492">
     <span class='ocr_line' id='line_1_21' title="bbox 1057 450 1852 492; baseline -0.011 -7"><span class='ocrx_word' id='word_1_133' title='bbox 1057 457 1135 492; x_wconf 82' lang='grc' dir='ltr'>κάγὼ</span> <span class='ocrx_word' id='word_1_134' title='bbox 1148 457 1321 492; x_wconf 74' lang='grc' dir='ltr'><strong>διηγησάμην</strong></span> <span class='ocrx_word' id='word_1_135' title='bbox 1351 454 1433 490; x_wconf 79' lang='grc' dir='ltr'>μέρος</span> <span class='ocrx_word' id='word_1_136' title='bbox 1455 462 1481 480; x_wconf 87' lang='grc' dir='ltr'><strong>τι</strong></span> <span class='ocrx_word' id='word_1_137' title='bbox 1510 453 1564 479; x_wconf 82' lang='grc' dir='ltr'><strong>τῶν</strong></span> <span class='ocrx_word' id='word_1_138' title='bbox 1583 451 1707 488; x_wconf 82' lang='grc' dir='ltr'><strong>χρήσεων</strong></span> <span class='ocrx_word' id='word_1_139' title='bbox 1729 450 1786 477; x_wconf 85' lang='grc' dir='ltr'><strong>τῶν</strong></span> <span class='ocrx_word' id='word_1_140' title='bbox 1807 451 1852 477; x_wconf 67' lang='grc' dir='ltr'>διὰ</span> 
     </span>
    </p>
   </div>
   <div class='ocr_carea' id='block_1_22' title="bbox 1057 496 1850 538">
    <p class='ocr_par' dir='ltr' id='par_1_22' title="bbox 1057 496 1850 538">
     <span class='ocr_line' id='line_1_22' title="bbox 1057 496 1850 538; baseline -0.011 -8"><span class='ocrx_word' id='word_1_141' title='bbox 1057 503 1112 531; x_wconf 82' lang='grc' dir='ltr'>τῶν</span> <span class='ocrx_word' id='word_1_142' title='bbox 1136 502 1305 538; x_wconf 76' lang='grc' dir='ltr'><strong>αἰνιγμάτων</strong></span> <span class='ocrx_word' id='word_1_143' title='bbox 1335 499 1418 527; x_wconf 70' lang='grc' dir='ltr'>αὑτοῦ</span> <span class='ocrx_word' id='word_1_144' title='bbox 1448 500 1488 530; x_wconf 85' lang='grc' dir='ltr'><strong>εἰς</strong></span> <span class='ocrx_word' id='word_1_145' title='bbox 1517 499 1590 533; x_wconf 81' lang='grc' dir='ltr'>ἡμᾶς</span> <span class='ocrx_word' id='word_1_146' title='bbox 1615 496 1850 533; x_wconf 79' lang='grc' dir='ltr'><strong>πεπληρωμένων.</strong></span> 
     </span>
    </p>
   </div>
   <div class='ocr_carea' id='block_1_23' title="bbox 1057 542 1852 584">
    <p class='ocr_par' dir='ltr' id='par_1_23' title="bbox 1057 542 1852 584">
     <span class='ocr_line' id='line_1_23' title="bbox 1057 542 1852 584; baseline -0.014 -7"><span class='ocrx_word' id='word_1_147' title='bbox 1057 550 1177 577; x_wconf 79' lang='grc' dir='ltr'>Εῖπωσιν</span> <span class='ocrx_word' id='word_1_148' title='bbox 1191 550 1256 584; x_wconf 82' lang='grc' dir='ltr'>ἡμῖν</span> <span class='ocrx_word' id='word_1_149' title='bbox 1269 549 1298 574; x_wconf 80' lang='grc' dir='ltr'>ὲν</span> <span class='ocrx_word' id='word_1_150' title='bbox 1312 547 1349 582; x_wconf 82' lang='grc' dir='ltr'><strong>τῷ</strong></span> <span class='ocrx_word' id='word_1_151' title='bbox 1372 547 1462 580; x_wconf 79' lang='grc' dir='ltr'>λέγειν</span> <span class='ocrx_word' id='word_1_152' title='bbox 1478 544 1557 571; x_wconf 84' lang='grc' dir='ltr'>αὐτὸν</span> <span class='ocrx_word' id='word_1_153' title='bbox 1572 543 1686 578; x_wconf 81' lang='grc' dir='ltr'><strong>κτίσμα,</strong></span> <span class='ocrx_word' id='word_1_154' title='bbox 1708 542 1734 568; x_wconf 86' lang='grc' dir='ltr'><strong>τί</strong></span> <span class='ocrx_word' id='word_1_155' title='bbox 1753 550 1852 577; x_wconf 83' lang='grc' dir='ltr'>χρησι-</span> 
     </span>
    </p>
   </div>
   <div class='ocr_carea' id='block_1_24' title="bbox 1059 587 1853 632">
    <p class='ocr_par' dir='ltr' id='par_1_24' title="bbox 1059 587 1853 632">
     <span class='ocr_line' id='line_1_24' title="bbox 1059 587 1853 632; baseline -0.013 -9"><span class='ocrx_word' id='word_1_156' title='bbox 1059 596 1136 632; x_wconf 83' lang='grc' dir='ltr'>μεύει</span> <span class='ocrx_word' id='word_1_157' title='bbox 1148 604 1154 628; x_wconf 88' lang='grc'><strong>;</strong></span> <span class='ocrx_word' id='word_1_158' title='bbox 1171 595 1207 621; x_wconf 77' lang='grc' dir='ltr'><strong>Οὐ</strong></span> <span class='ocrx_word' id='word_1_159' title='bbox 1223 593 1292 629; x_wconf 81' lang='grc' dir='ltr'>θύρα</span> <span class='ocrx_word' id='word_1_160' title='bbox 1305 593 1417 622; x_wconf 79' lang='grc' dir='ltr'><strong>εἰκότως</strong></span> <span class='ocrx_word' id='word_1_161' title='bbox 1431 592 1537 626; x_wconf 85' lang='grc' dir='ltr'>εἴρηται</span> <span class='ocrx_word' id='word_1_162' title='bbox 1553 589 1701 625; x_wconf 81' lang='grc' dir='ltr'><strong>τροπικῶς,</strong></span> <span class='ocrx_word' id='word_1_163' title='bbox 1715 588 1760 614; x_wconf 78' lang='grc' dir='ltr'>ἵνα</span> <span class='ocrx_word' id='word_1_164' title='bbox 1773 587 1853 622; x_wconf 80' lang='grc' dir='ltr'>γένη-</span> 
     </span>
    </p>
   </div>
   <div class='ocr_carea' id='block_1_25' title="bbox 1056 633 1853 674">
    <p class='ocr_par' dir='ltr' id='par_1_25' title="bbox 1056 633 1853 674">
     <span class='ocr_line' id='line_1_25' title="bbox 1056 633 1853 674; baseline -0.01 -7"><span class='ocrx_word' id='word_1_165' title='bbox 1056 649 1101 667; x_wconf 76' lang='grc' dir='ltr'><strong>ται</strong></span> <span class='ocrx_word' id='word_1_166' title='bbox 1112 640 1213 671; x_wconf 74' lang='grc' dir='ltr'>εἴσοδος</span> <span class='ocrx_word' id='word_1_167' title='bbox 1227 638 1304 674; x_wconf 80' lang='grc' dir='ltr'>ἡμῶν</span> <span class='ocrx_word' id='word_1_168' title='bbox 1321 639 1368 664; x_wconf 78' lang='grc' dir='ltr'><strong>καὶ</strong></span> <span class='ocrx_word' id='word_1_169' title='bbox 1383 636 1500 671; x_wconf 71' lang='grc' dir='ltr'>ὠφέλεια</span> <span class='ocrx_word' id='word_1_170' title='bbox 1513 645 1519 668; x_wconf 84' lang='grc'>;</span> <span class='ocrx_word' id='word_1_171' title='bbox 1546 636 1593 661; x_wconf 78' lang='grc' dir='ltr'>καὶ</span> <span class='ocrx_word' id='word_1_172' title='bbox 1607 634 1677 666; x_wconf 72' lang='grc' dir='ltr'>ὁδὸς,</span> <span class='ocrx_word' id='word_1_173' title='bbox 1692 634 1737 661; x_wconf 84' lang='grc' dir='ltr'><strong>ἴνα</strong></span> <span class='ocrx_word' id='word_1_174' title='bbox 1754 633 1789 660; x_wconf 74' lang='grc' dir='ltr'>δι’</span> <span class='ocrx_word' id='word_1_175' title='bbox 1804 633 1853 659; x_wconf 73' lang='grc' dir='ltr'>αύ-</span> 
     </span>
    </p>
   </div>
   <div class='ocr_carea' id='block_1_26' title="bbox 1058 679 1853 721">
    <p class='ocr_par' dir='ltr' id='par_1_26' title="bbox 1058 679 1853 721">
     <span class='ocr_line' id='line_1_26' title="bbox 1058 679 1853 721; baseline -0.011 -8"><span class='ocrx_word' id='word_1_176' title='bbox 1058 687 1104 713; x_wconf 80' lang='grc' dir='ltr'><strong>τοῦ</strong></span> <span class='ocrx_word' id='word_1_177' title='bbox 1115 686 1267 721; x_wconf 79' lang='grc' dir='ltr'><strong>βαδίζοντες</strong></span> <span class='ocrx_word' id='word_1_178' title='bbox 1283 684 1320 719; x_wconf 84' lang='grc' dir='ltr'>μὴ</span> <span class='ocrx_word' id='word_1_179' title='bbox 1337 683 1537 718; x_wconf 79' lang='grc' dir='ltr'>πλανηθῶμεν;</span> <span class='ocrx_word' id='word_1_180' title='bbox 1553 681 1664 715; x_wconf 69' lang='grc' dir='ltr'>κτίσμα</span> <span class='ocrx_word' id='word_1_181' title='bbox 1685 680 1728 706; x_wconf 72' lang='grc' dir='ltr'>διὰ</span> <span class='ocrx_word' id='word_1_182' title='bbox 1741 679 1768 705; x_wconf 90' lang='grc' dir='ltr'><strong>τί</strong></span> <span class='ocrx_word' id='word_1_183' title='bbox 1785 680 1853 714; x_wconf 78' lang='grc' dir='ltr'>ἡμῖν</span> 
     </span>
    </p>
   </div>
   <div class='ocr_carea' id='block_1_27' title="bbox 1058 725 1853 767">
    <p class='ocr_par' dir='ltr' id='par_1_27' title="bbox 1058 725 1853 767">
     <span class='ocr_line' id='line_1_27' title="bbox 1058 725 1853 767; baseline -0.011 -8"><span class='ocrx_word' id='word_1_184' title='bbox 1058 733 1162 767; x_wconf 77' lang='grc' dir='ltr'>γίνεται</span> <span class='ocrx_word' id='word_1_185' title='bbox 1173 740 1180 763; x_wconf 86' lang='lat'>;</span> <span class='ocrx_word' id='word_1_186' title='bbox 1193 732 1224 758; x_wconf 88' lang='grc' dir='ltr'>Τί</span> <span class='ocrx_word' id='word_1_187' title='bbox 1233 732 1306 766; x_wconf 76' lang='grc' dir='ltr'>ἡμᾶς</span> <span class='ocrx_word' id='word_1_188' title='bbox 1315 730 1428 765; x_wconf 52' lang='lat' dir='ltr'><strong>metu;</strong></span> <span class='ocrx_word' id='word_1_189' title='bbox 1442 729 1506 760; x_wconf 68' lang='grc' dir='ltr'>Ναὶ,</span> <span class='ocrx_word' id='word_1_190' title='bbox 1518 727 1599 762; x_wconf 68' lang='grc' dir='ltr'>φησιν</span> <span class='ocrx_word' id='word_1_191' title='bbox 1607 728 1621 754; x_wconf 86' lang='grc' dir='ltr'><strong>ὀ</strong></span> <span class='ocrx_word' id='word_1_192' title='bbox 1630 725 1768 758; x_wconf 73' lang='grc' dir='ltr'>κενόδοξος</span> <span class='ocrx_word' id='word_1_193' title='bbox 1777 725 1853 759; x_wconf 74' lang='grc' dir='ltr'>φιλο-</span> 
     </span>
    </p>
   </div>
   <div class='ocr_carea' id='block_1_28' title="bbox 1057 769 1850 812">
    <p class='ocr_par' dir='ltr' id='par_1_28' title="bbox 1057 769 1850 812">
     <span class='ocr_line' id='line_1_28' title="bbox 1057 769 1850 812; baseline -0.011 -8"><span class='ocrx_word' id='word_1_194' title='bbox 1057 777 1156 804; x_wconf 79' lang='grc' dir='ltr'>νεικῶν</span> <span class='ocrx_word' id='word_1_195' title='bbox 1165 785 1172 792; x_wconf 67' lang='grc'><strong>⁸</strong></span> <span class='ocrx_word' id='word_1_196' title='bbox 1184 778 1208 803; x_wconf 82' lang='grc' dir='ltr'><strong>εἰ</strong></span> <span class='ocrx_word' id='word_1_197' title='bbox 1221 777 1258 812; x_wconf 84' lang='grc' dir='ltr'>μὴ</span> <span class='ocrx_word' id='word_1_198' title='bbox 1265 775 1318 811; x_wconf 78' lang='grc' dir='ltr'><strong>γὰρ</strong></span> <span class='ocrx_word' id='word_1_199' title='bbox 1326 775 1406 802; x_wconf 74' lang='grc' dir='ltr'>αὑτὸν</span> <span class='ocrx_word' id='word_1_200' title='bbox 1420 773 1499 808; x_wconf 78' lang='grc' dir='ltr'>εἴπῃς</span> <span class='ocrx_word' id='word_1_201' title='bbox 1517 772 1630 807; x_wconf 74' lang='grc' dir='ltr'>κτίσμα,</span> <span class='ocrx_word' id='word_1_202' title='bbox 1647 771 1686 806; x_wconf 84' lang='grc' dir='ltr'>τῷ</span> <span class='ocrx_word' id='word_1_203' title='bbox 1696 770 1785 805; x_wconf 65' lang='grc' dir='ltr'>Πατρὶ</span> <span class='ocrx_word' id='word_1_204' title='bbox 1799 769 1850 796; x_wconf 67' lang='grc' dir='ltr'><strong>πάι</strong></span> 
     </span>
    </p>
   </div>
   <div class='ocr_carea' id='block_1_29' title="bbox 216 816 1003 862">
    <p class='ocr_par' dir='ltr' id='par_1_29' title="bbox 216 826 1003 862">
     <span class='ocr_line' id='line_1_29' title="bbox 216 826 1003 862; baseline -0.004 -8"><span class='ocrx_word' id='word_1_205' title='bbox 216 829 296 854; x_wconf 83' lang='lat' dir='ltr'><strong>nobis</strong></span> <span class='ocrx_word' id='word_1_206' title='bbox 313 827 402 855; x_wconf 85' lang='lat' dir='ltr'><strong>factus</strong></span> <span class='ocrx_word' id='word_1_207' title='bbox 417 835 478 855; x_wconf 86' lang='lat' dir='ltr'><strong>esse</strong></span> <span class='ocrx_word' id='word_1_208' title='bbox 493 827 614 854; x_wconf 86' lang='lat' dir='ltr'><strong>dicitur?</strong></span> <span class='ocrx_word' id='word_1_209' title='bbox 631 831 677 853; x_wconf 88' lang='lat' dir='ltr'><strong>aut</strong></span> <span class='ocrx_word' id='word_1_210' title='bbox 691 827 755 862; x_wconf 90' lang='lat' dir='ltr'><strong>quid</strong></span> <span class='ocrx_word' id='word_1_211' title='bbox 773 834 804 853; x_wconf 88' lang='lat' dir='ltr'><strong>ea</strong></span> <span class='ocrx_word' id='word_1_212' title='bbox 823 834 866 852; x_wconf 85' lang='lat' dir='ltr'><strong>res</strong></span> <span class='ocrx_word' id='word_1_213' title='bbox 880 826 1003 852; x_wconf 82' lang='lat' dir='ltr'><strong>utilitatis</strong></span> 
     </span>
    </p>
   </div>
   <div class='ocr_carea' id='block_1_30' title="bbox 1056 816 1852 862">
    <p class='ocr_par' dir='ltr' id='par_1_30' title="bbox 1056 816 1852 858">
     <span class='ocr_line' id='line_1_30' title="bbox 1056 816 1852 858; baseline -0.011 -9"><span class='ocrx_word' id='word_1_214' title='bbox 1056 823 1103 854; x_wconf 78' lang='grc' dir='ltr'>ῡος</span> <span class='ocrx_word' id='word_1_215' title='bbox 1113 823 1253 858; x_wconf 76' lang='grc' dir='ltr'>περιτίυης</span> <span class='ocrx_word' id='word_1_216' title='bbox 1261 830 1268 837; x_wconf 75' lang='grc'><em>’</em></span> <span class='ocrx_word' id='word_1_217' title='bbox 1279 823 1332 853; x_wconf 72' lang='grc' dir='ltr'>πᾶς</span> <span class='ocrx_word' id='word_1_218' title='bbox 1344 821 1399 856; x_wconf 79' lang='grc' dir='ltr'><strong>γὰρ</strong></span> <span class='ocrx_word' id='word_1_219' title='bbox 1412 819 1513 854; x_wconf 80' lang='grc' dir='ltr'>γεννῶν</span> <span class='ocrx_word' id='word_1_220' title='bbox 1522 817 1618 853; x_wconf 75' lang='grc' dir='ltr'>(πάθη)</span> <span class='ocrx_word' id='word_1_221' title='bbox 1633 817 1705 852; x_wconf 76' lang='grc' dir='ltr'>πάθη</span> <span class='ocrx_word' id='word_1_222' title='bbox 1719 817 1730 832; x_wconf 87' lang='grc'>¹</span> <span class='ocrx_word' id='word_1_223' title='bbox 1740 824 1774 841; x_wconf 77' lang='grc' dir='ltr'><strong>πε</strong></span> <span class='ocrx_word' id='word_1_224' title='bbox 1780 816 1852 851; x_wconf 79' lang='grc' dir='ltr'>ριεὲ-</span> 
     </span>
    </p>
   </div>
   <div class='ocr_carea' id='block_1_31' title="bbox 216 871 1004 908">
    <p class='ocr_par' dir='ltr' id='par_1_31' title="bbox 216 871 1004 908">
     <span class='ocr_line' id='line_1_31' title="bbox 216 871 1004 908; baseline -0.003 -9"><span class='ocrx_word' id='word_1_225' title='bbox 216 873 333 900; x_wconf 83' lang='lat' dir='ltr'><strong>alleret?</strong></span> <span class='ocrx_word' id='word_1_226' title='bbox 348 873 404 900; x_wconf 93' lang='lat' dir='ltr'><strong>lmo</strong></span> <span class='ocrx_word' id='word_1_227' title='bbox 422 881 486 899; x_wconf 78' lang='lat' dir='ltr'><strong>vero</strong></span> <span class='ocrx_word' id='word_1_228' title='bbox 501 881 633 908; x_wconf 75' lang='lat' dir='ltr'><strong>arrogans</strong></span> <span class='ocrx_word' id='word_1_229' title='bbox 650 873 695 899; x_wconf 79' lang='lat' dir='ltr'><strong>ille</strong></span> <span class='ocrx_word' id='word_1_230' title='bbox 707 880 738 899; x_wconf 89' lang='lat' dir='ltr'><strong>ac</strong></span> <span class='ocrx_word' id='word_1_231' title='bbox 755 872 881 907; x_wconf 76' lang='lat' dir='ltr'><strong>pertinax</strong></span> <span class='ocrx_word' id='word_1_232' title='bbox 895 871 983 906; x_wconf 86' lang='lat' dir='ltr'><strong>inquit</strong></span> <span class='ocrx_word' id='word_1_233' title='bbox 998 880 1004 898; x_wconf 94' lang='lat'>:</span> 
     </span>
    </p>
   </div>
   <div class='ocr_carea' id='block_1_32' title="bbox 215 917 1007 950">
    <p class='ocr_par' dir='ltr' id='par_1_32' title="bbox 215 917 1007 950">
     <span class='ocr_line' id='line_1_32' title="bbox 215 917 1007 950; baseline -0.003 -4"><span class='ocrx_word' id='word_1_234' title='bbox 215 918 274 946; x_wconf 81' lang='lat' dir='ltr'><strong>Nisi</strong></span> <span class='ocrx_word' id='word_1_235' title='bbox 293 919 365 946; x_wconf 90' lang='lat' dir='ltr'><strong>enim</strong></span> <span class='ocrx_word' id='word_1_236' title='bbox 383 923 538 945; x_wconf 81' lang='lat' dir='ltr'><strong>creaturam</strong></span> <span class='ocrx_word' id='word_1_237' title='bbox 559 919 635 945; x_wconf 90' lang='lat' dir='ltr'><strong>illum</strong></span> <span class='ocrx_word' id='word_1_238' title='bbox 651 926 712 945; x_wconf 87' lang='lat' dir='ltr'><strong>esse</strong></span> <span class='ocrx_word' id='word_1_239' title='bbox 731 918 861 950; x_wconf 78' lang='lat' dir='ltr'><strong>fatebere,</strong></span> <span class='ocrx_word' id='word_1_240' title='bbox 888 917 1007 944; x_wconf 80' lang='lat' dir='ltr'><strong>affectio-</strong></span> 
     </span>
    </p>
   </div>
   <div class='ocr_carea' id='block_1_33' title="bbox 217 963 1004 998">
    <p class='ocr_par' dir='ltr' id='par_1_33' title="bbox 217 963 1004 998">
     <span class='ocr_line' id='line_1_33' title="bbox 217 963 1004 998; baseline -0.005 -6"><span class='ocrx_word' id='word_1_241' title='bbox 217 974 279 992; x_wconf 90' lang='lat' dir='ltr'><strong>nem</strong></span> <span class='ocrx_word' id='word_1_242' title='bbox 290 965 434 997; x_wconf 80' lang='lat' dir='ltr'><strong>quanidam</strong></span> <span class='ocrx_word' id='word_1_243' title='bbox 448 963 520 991; x_wconf 83' lang='lat' dir='ltr'><strong>Patri</strong></span> <span class='ocrx_word' id='word_1_244' title='bbox 534 964 647 991; x_wconf 85' lang='lat' dir='ltr'><strong>tribues.</strong></span> <span class='ocrx_word' id='word_1_245' title='bbox 661 963 792 998; x_wconf 86' lang='lat' dir='ltr'><strong>Quisquis</strong></span> <span class='ocrx_word' id='word_1_246' title='bbox 802 963 874 990; x_wconf 84' lang='lat' dir='ltr'><strong>enim</strong></span> <span class='ocrx_word' id='word_1_247' title='bbox 884 966 1004 997; x_wconf 76' lang='lat' dir='ltr'><strong>generat,</strong></span> 
     </span>
    </p>
   </div>
   <div class='ocr_carea' id='block_1_34' title="bbox 216 1009 1007 1041">
    <p class='ocr_par' dir='ltr' id='par_1_34' title="bbox 216 1009 1007 1041">
     <span class='ocr_line' id='line_1_34' title="bbox 216 1009 1007 1041; baseline -0.003 -5"><span class='ocrx_word' id='word_1_248' title='bbox 216 1010 409 1036; x_wconf 72' lang='lat' dir='ltr'><strong>an‘ectionibus</strong></span> <span class='ocrx_word' id='word_1_249' title='bbox 426 1013 468 1036; x_wconf 91' lang='lat' dir='ltr'><strong>cst</strong></span> <span class='ocrx_word' id='word_1_250' title='bbox 492 1009 646 1041; x_wconf 78' lang='lat' dir='ltr'><strong>obnoxius;</strong></span> <span class='ocrx_word' id='word_1_251' title='bbox 667 1017 729 1035; x_wconf 88' lang='lat' dir='ltr'><strong>nam</strong></span> <span class='ocrx_word' id='word_1_252' title='bbox 757 1009 939 1041; x_wconf 80' lang='lat' dir='ltr'><strong>contrahitur,</strong></span> <span class='ocrx_word' id='word_1_253' title='bbox 960 1012 1007 1034; x_wconf 87' lang='lat' dir='ltr'><strong>aut</strong></span> 
     </span>
    </p>
   </div>
   <div class='ocr_carea' id='block_1_35' title="bbox 214 1053 1006 1089">
    <p class='ocr_par' dir='ltr' id='par_1_35' title="bbox 214 1053 1006 1089">
     <span class='ocr_line' id='line_1_35' title="bbox 214 1053 1006 1089; baseline -0.001 -8"><span class='ocrx_word' id='word_1_254' title='bbox 214 1056 373 1086; x_wconf 86' lang='lat' dir='ltr'><strong>collatatur,</strong></span> <span class='ocrx_word' id='word_1_255' title='bbox 397 1060 444 1081; x_wconf 90' lang='lat' dir='ltr'><strong>ant</strong></span> <span class='ocrx_word' id='word_1_256' title='bbox 465 1054 640 1089; x_wconf 83' lang='lat' dir='ltr'><strong>expanditur,</strong></span> <span class='ocrx_word' id='word_1_257' title='bbox 664 1058 711 1080; x_wconf 88' lang='lat' dir='ltr'><strong>aut</strong></span> <span class='ocrx_word' id='word_1_258' title='bbox 731 1053 851 1088; x_wconf 77' lang='lat' dir='ltr'><strong>profluit,</strong></span> <span class='ocrx_word' id='word_1_259' title='bbox 871 1057 918 1080; x_wconf 83' lang='lat' dir='ltr'><strong>aut</strong></span> <span class='ocrx_word' id='word_1_260' title='bbox 936 1053 1006 1080; x_wconf 85' lang='lat' dir='ltr'><strong>mole</strong></span> 
     </span>
    </p>
   </div>
   <div class='ocr_carea' id='block_1_36' title="bbox 213 1099 1007 1134">
    <p class='ocr_par' dir='ltr' id='par_1_36' title="bbox 213 1099 1007 1134">
     <span class='ocr_line' id='line_1_36' title="bbox 213 1099 1007 1134; baseline -0.003 -7"><span class='ocrx_word' id='word_1_261' title='bbox 213 1101 393 1133; x_wconf 78' lang='lat' dir='ltr'><strong>distenditur,</strong></span> <span class='ocrx_word' id='word_1_262' title='bbox 409 1104 455 1126; x_wconf 88' lang='lat' dir='ltr'><strong>aut</strong></span> <span class='ocrx_word' id='word_1_263' title='bbox 471 1099 606 1134; x_wconf 83' lang='lat' dir='ltr'><strong>ejusmodi</strong></span> <span class='ocrx_word' id='word_1_264' title='bbox 627 1099 729 1134; x_wconf 88' lang='lat' dir='ltr'><strong>aliquid</strong></span> <span class='ocrx_word' id='word_1_265' title='bbox 747 1099 897 1133; x_wconf 76' lang='lat' dir='ltr'><strong>experitur.</strong></span> <span class='ocrx_word' id='word_1_266' title='bbox 917 1099 1007 1134; x_wconf 79' lang='lat' dir='ltr'><strong>Apage</strong></span> 
     </span>
    </p>
   </div>
   <div class='ocr_carea' id='block_1_37' title="bbox 216 1144 1004 1180">
    <p class='ocr_par' dir='ltr' id='par_1_37' title="bbox 216 1144 1004 1180">
     <span class='ocr_line' id='line_1_37' title="bbox 216 1144 1004 1180; baseline -0.003 -8"><span class='ocrx_word' id='word_1_267' title='bbox 216 1151 269 1172; x_wconf 85' lang='lat' dir='ltr'><strong>tam</strong></span> <span class='ocrx_word' id='word_1_268' title='bbox 288 1147 446 1173; x_wconf 76' lang='lat' dir='ltr'><strong>sceleratam</strong></span> <span class='ocrx_word' id='word_1_269' title='bbox 472 1146 623 1180; x_wconf 80' lang='lat' dir='ltr'><strong>falsamque</strong></span> <span class='ocrx_word' id='word_1_270' title='bbox 643 1145 827 1172; x_wconf 86' lang='lat' dir='ltr'><strong>sententiam!</strong></span> <span class='ocrx_word' id='word_1_271' title='bbox 845 1144 912 1177; x_wconf 86' lang='lat' dir='ltr'><strong>Quis</strong></span> <span class='ocrx_word' id='word_1_272' title='bbox 932 1145 1004 1171; x_wconf 89' lang='lat' dir='ltr'><strong>enim</strong></span> 
     </span>
    </p>
   </div>
   <div class='ocr_carea' id='block_1_38' title="bbox 215 1190 1006 1225">
    <p class='ocr_par' dir='ltr' id='par_1_38' title="bbox 215 1190 1006 1225">
     <span class='ocr_line' id='line_1_38' title="bbox 215 1190 1006 1225; baseline -0.001 -8"><span class='ocrx_word' id='word_1_273' title='bbox 215 1191 274 1218; x_wconf 69' lang='lat' dir='ltr'><strong>haec</strong></span> <span class='ocrx_word' id='word_1_274' title='bbox 296 1191 329 1218; x_wconf 89' lang='lat' dir='ltr'><strong>de</strong></span> <span class='ocrx_word' id='word_1_275' title='bbox 348 1191 401 1218; x_wconf 85' lang='lat' dir='ltr'><strong>Deo</strong></span> <span class='ocrx_word' id='word_1_276' title='bbox 423 1191 544 1225; x_wconf 83' lang='lat' dir='ltr'><strong>cogitare</strong></span> <span class='ocrx_word' id='word_1_277' title='bbox 569 1191 688 1217; x_wconf 83' lang='lat' dir='ltr'><strong>audeat?</strong></span> <span class='ocrx_word' id='word_1_278' title='bbox 712 1194 759 1216; x_wconf 86' lang='lat' dir='ltr'><strong>aut</strong></span> <span class='ocrx_word' id='word_1_279' title='bbox 783 1198 843 1223; x_wconf 67' lang='lat' dir='ltr'><strong>quae</strong></span> <span class='ocrx_word' id='word_1_280' title='bbox 867 1190 1006 1223; x_wconf 81' lang='lat' dir='ltr'><strong>opinionis</strong></span> 
     </span>
    </p>
   </div>
   <div class='ocr_carea' id='block_1_39' title="bbox 219 1234 1006 1269">
    <p class='ocr_par' dir='ltr' id='par_1_39' title="bbox 219 1234 1006 1269">
     <span class='ocr_line' id='line_1_39' title="bbox 219 1234 1006 1269; baseline -0.003 -8"><span class='ocrx_word' id='word_1_281' title='bbox 219 1236 362 1262; x_wconf 77' lang='lat' dir='ltr'><strong>temeritas</strong></span> <span class='ocrx_word' id='word_1_282' title='bbox 377 1243 410 1262; x_wconf 84' lang='lat' dir='ltr'><strong>eo</strong></span> <span class='ocrx_word' id='word_1_283' title='bbox 428 1236 515 1269; x_wconf 77' lang='lat' dir='ltr'><strong>possit</strong></span> <span class='ocrx_word' id='word_1_284' title='bbox 529 1234 705 1269; x_wconf 77' lang='lat' dir='ltr'><strong>pertingere?</strong></span> <span class='ocrx_word' id='word_1_285' title='bbox 723 1234 762 1260; x_wconf 84' lang='lat' dir='ltr'><strong>Ne</strong></span> <span class='ocrx_word' id='word_1_286' title='bbox 773 1234 926 1260; x_wconf 70' lang='lat' dir='ltr'><strong>dazmonnm</strong></span> <span class='ocrx_word' id='word_1_287' title='bbox 945 1234 1006 1268; x_wconf 86' lang='lat' dir='ltr'><strong>qui-</strong></span> 
     </span>
    </p>
   </div>
   <div class='ocr_carea' id='block_1_40' title="bbox 215 1279 1006 1314">
    <p class='ocr_par' dir='ltr' id='par_1_40' title="bbox 215 1279 1006 1314">
     <span class='ocr_line' id='line_1_40' title="bbox 215 1279 1006 1314; baseline -0.001 -7"><span class='ocrx_word' id='word_1_288' title='bbox 215 1282 278 1308; x_wconf 86' lang='lat' dir='ltr'><strong>dem</strong></span> <span class='ocrx_word' id='word_1_289' title='bbox 304 1281 376 1307; x_wconf 89' lang='lat' dir='ltr'><strong>ullus</strong></span> <span class='ocrx_word' id='word_1_290' title='bbox 404 1281 476 1312; x_wconf 70' lang='lat' dir='ltr'><strong>hate,</strong></span> <span class='ocrx_word' id='word_1_291' title='bbox 503 1281 611 1314; x_wconf 82' lang='lat' dir='ltr'><strong>opinor,</strong></span> <span class='ocrx_word' id='word_1_292' title='bbox 642 1279 784 1314; x_wconf 83' lang='lat' dir='ltr'><strong>cogitabit.</strong></span> <span class='ocrx_word' id='word_1_293' title='bbox 815 1279 853 1306; x_wconf 87' lang='lat' dir='ltr'><strong>Ac</strong></span> <span class='ocrx_word' id='word_1_294' title='bbox 880 1279 1006 1313; x_wconf 77' lang='lat' dir='ltr'><strong>quisquis</strong></span> 
     </span>
    </p>
   </div>
   <div class='ocr_carea' id='block_1_41' title="bbox 215 1324 1006 1357">
    <p class='ocr_par' dir='ltr' id='par_1_41' title="bbox 215 1324 1006 1357">
     <span class='ocr_line' id='line_1_41' title="bbox 215 1324 1006 1357; baseline 0 -5"><span class='ocrx_word' id='word_1_295' title='bbox 215 1325 325 1353; x_wconf 77' lang='lat' dir='ltr'><strong>Patrem</strong></span> <span class='ocrx_word' id='word_1_296' title='bbox 340 1326 496 1357; x_wconf 82' lang='lat' dir='ltr'><strong>conﬁtetur,</strong></span> <span class='ocrx_word' id='word_1_297' title='bbox 517 1333 613 1352; x_wconf 75' lang='lat' dir='ltr'><strong>revera</strong></span> <span class='ocrx_word' id='word_1_298' title='bbox 634 1324 733 1351; x_wconf 82' lang='lat' dir='ltr'><strong>Filium</strong></span> <span class='ocrx_word' id='word_1_299' title='bbox 749 1324 782 1351; x_wconf 90' lang='lat' dir='ltr'><strong>ab</strong></span> <span class='ocrx_word' id='word_1_300' title='bbox 796 1332 829 1351; x_wconf 89' lang='lat' dir='ltr'><strong>co</strong></span> <span class='ocrx_word' id='word_1_301' title='bbox 843 1325 930 1352; x_wconf 88' lang='lat' dir='ltr'><strong>credit</strong></span> <span class='ocrx_word' id='word_1_302' title='bbox 945 1333 1006 1352; x_wconf 88' lang='lat' dir='ltr'><strong>esse</strong></span> 
     </span>
    </p>
   </div>
   <div class='ocr_carea' id='block_1_42' title="bbox 214 1371 1007 1407">
    <p class='ocr_par' dir='ltr' id='par_1_42' title="bbox 214 1371 1007 1407">
     <span class='ocr_line' id='line_1_42' title="bbox 214 1371 1007 1407; baseline -0.001 -9"><span class='ocrx_word' id='word_1_303' title='bbox 214 1373 347 1407; x_wconf 77' lang='lat' dir='ltr'><strong>genitum.</strong></span> <span class='ocrx_word' id='word_1_304' title='bbox 363 1371 421 1398; x_wconf 82' lang='lat' dir='ltr'><strong>Non</strong></span> <span class='ocrx_word' id='word_1_305' title='bbox 438 1372 510 1398; x_wconf 87' lang='lat' dir='ltr'><strong>enim</strong></span> <span class='ocrx_word' id='word_1_306' title='bbox 534 1373 604 1398; x_wconf 87' lang='lat' dir='ltr'><strong>mole</strong></span> <span class='ocrx_word' id='word_1_307' title='bbox 620 1375 703 1406; x_wconf 89' lang='lat' dir='ltr'><strong>atque</strong></span> <span class='ocrx_word' id='word_1_308' title='bbox 722 1371 901 1405; x_wconf 87' lang='lat' dir='ltr'><strong>amplitudine</strong></span> <span class='ocrx_word' id='word_1_309' title='bbox 917 1371 1007 1406; x_wconf 88' lang='lat' dir='ltr'><strong>porri-</strong></span> 
     </span>
    </p>
   </div>
   <div class='ocr_carea' id='block_1_43' title="bbox 215 1416 1006 1452">
    <p class='ocr_par' dir='ltr' id='par_1_43' title="bbox 215 1416 1006 1452">
     <span class='ocr_line' id='line_1_43' title="bbox 215 1416 1006 1452; baseline -0.003 -8"><span class='ocrx_word' id='word_1_310' title='bbox 215 1419 289 1451; x_wconf 76' lang='lat' dir='ltr'><strong>gitur</strong></span> <span class='ocrx_word' id='word_1_311' title='bbox 309 1417 391 1450; x_wconf 82' lang='lat' dir='ltr'><strong>Deus,</strong></span> <span class='ocrx_word' id='word_1_312' title='bbox 415 1425 504 1452; x_wconf 87' lang='lat' dir='ltr'><strong>neque</strong></span> <span class='ocrx_word' id='word_1_313' title='bbox 520 1425 636 1451; x_wconf 84' lang='lat' dir='ltr'><strong>corpore</strong></span> <span class='ocrx_word' id='word_1_314' title='bbox 654 1416 779 1450; x_wconf 84' lang='lat' dir='ltr'><strong>parturit,</strong></span> <span class='ocrx_word' id='word_1_315' title='bbox 797 1420 825 1442; x_wconf 92' lang='lat' dir='ltr'><strong>ut</strong></span> <span class='ocrx_word' id='word_1_316' title='bbox 848 1416 938 1443; x_wconf 85' lang='lat' dir='ltr'><strong>omnia</strong></span> <span class='ocrx_word' id='word_1_317' title='bbox 960 1417 1006 1443; x_wconf 89' lang='lat' dir='ltr'><strong>illa</strong></span> 
     </span>
    </p>
   </div>
   <div class='ocr_carea' id='block_1_44' title="bbox 215 1461 1004 1497">
    <p class='ocr_par' dir='ltr' id='par_1_44' title="bbox 215 1461 1004 1497">
     <span class='ocr_line' id='line_1_44' title="bbox 215 1461 1004 1497; baseline -0.005 -6"><span class='ocrx_word' id='word_1_318' title='bbox 215 1464 349 1492; x_wconf 84' lang='lat' dir='ltr'><strong>sustineat</strong></span> <span class='ocrx_word' id='word_1_319' title='bbox 363 1473 369 1490; x_wconf 91' lang='lat'><strong>:</strong></span> <span class='ocrx_word' id='word_1_320' title='bbox 383 1462 499 1497; x_wconf 80' lang='lat' dir='ltr'><strong>Spiritus</strong></span> <span class='ocrx_word' id='word_1_321' title='bbox 517 1462 585 1489; x_wconf 84' lang='lat' dir='ltr'><strong>Deus</strong></span> <span class='ocrx_word' id='word_1_322' title='bbox 599 1467 638 1488; x_wconf 73' lang='lat' dir='ltr'><strong>est</strong></span> <span class='ocrx_word' id='word_1_323' title='bbox 651 1462 670 1488; x_wconf 93' lang='grc'><strong>¹.</strong></span> <span class='ocrx_word' id='word_1_324' title='bbox 689 1461 809 1496; x_wconf 86' lang='lat' dir='ltr'><strong>Spiritus</strong></span> <span class='ocrx_word' id='word_1_325' title='bbox 823 1469 886 1488; x_wconf 87' lang='lat' dir='ltr'><strong>vero</strong></span> <span class='ocrx_word' id='word_1_326' title='bbox 901 1461 1004 1490; x_wconf 90' lang='lat' dir='ltr'><strong>nullum</strong></span> 
     </span>
    </p>
   </div>
   <div class='ocr_carea' id='block_1_45' title="bbox 1058 862 1851 904">
    <p class='ocr_par' dir='ltr' id='par_1_45' title="bbox 1058 862 1851 904">
     <span class='ocr_line' id='line_1_45' title="bbox 1058 862 1851 904; baseline -0.01 -9"><span class='ocrx_word' id='word_1_327' title='bbox 1058 869 1154 904; x_wconf 78' lang='grc' dir='ltr'><strong>ὄληται</strong></span> <span class='ocrx_word' id='word_1_328' title='bbox 1165 878 1170 884; x_wconf 69' lang='grc' dir='ltr'><strong>ο</strong></span> <span class='ocrx_word' id='word_1_329' title='bbox 1181 868 1197 903; x_wconf 86' lang='grc' dir='ltr'>ἢ</span> <span class='ocrx_word' id='word_1_330' title='bbox 1208 868 1262 903; x_wconf 78' lang='grc' dir='ltr'>γὰρ</span> <span class='ocrx_word' id='word_1_331' title='bbox 1272 867 1455 898; x_wconf 73' lang='grc' dir='ltr'><strong>συστέλλεται,</strong></span> <span class='ocrx_word' id='word_1_332' title='bbox 1464 866 1481 901; x_wconf 72' lang='grc' dir='ltr'><strong>ἢ</strong></span> <span class='ocrx_word' id='word_1_333' title='bbox 1490 865 1663 895; x_wconf 74' lang='grc' dir='ltr'>πλατύνεται,</span> <span class='ocrx_word' id='word_1_334' title='bbox 1675 862 1835 898; x_wconf 77' lang='grc' dir='ltr'>ῆὰπὶ.οὖται</span> <span class='ocrx_word' id='word_1_335' title='bbox 1844 882 1851 893; x_wconf 85' lang='grc'><strong>,</strong></span> 
     </span>
    </p>
   </div>
   <div class='ocr_carea' id='block_1_46' title="bbox 1057 908 1852 950">
    <p class='ocr_par' dir='ltr' id='par_1_46' title="bbox 1057 908 1852 950">
     <span class='ocr_line' id='line_1_46' title="bbox 1057 908 1852 950; baseline -0.01 -9"><span class='ocrx_word' id='word_1_336' title='bbox 1057 915 1073 950; x_wconf 85' lang='grc' dir='ltr'><strong>ἢ</strong></span> <span class='ocrx_word' id='word_1_337' title='bbox 1086 914 1221 950; x_wconf 74' lang='grc' dir='ltr'>ἀπορροίη</span> <span class='ocrx_word' id='word_1_338' title='bbox 1235 914 1255 946; x_wconf 83' lang='grc'>⁸,</span> <span class='ocrx_word' id='word_1_339' title='bbox 1271 914 1287 948; x_wconf 90' lang='grc' dir='ltr'><strong>ῆ</strong></span> <span class='ocrx_word' id='word_1_340' title='bbox 1301 911 1440 946; x_wconf 79' lang='grc' dir='ltr'>ὀγκοῦται,</span> <span class='ocrx_word' id='word_1_341' title='bbox 1463 912 1479 946; x_wconf 81' lang='grc' dir='ltr'><strong>ῆ</strong></span> <span class='ocrx_word' id='word_1_342' title='bbox 1503 920 1529 937; x_wconf 80' lang='grc' dir='ltr'><strong>τι</strong></span> <span class='ocrx_word' id='word_1_343' title='bbox 1543 910 1596 936; x_wconf 85' lang='grc' dir='ltr'>τῶν</span> <span class='ocrx_word' id='word_1_344' title='bbox 1609 909 1747 936; x_wconf 81' lang='grc' dir='ltr'>τοιούτων.</span> <span class='ocrx_word' id='word_1_345' title='bbox 1764 908 1852 942; x_wconf 75' lang='grc' dir='ltr'>Φεῦγε</span> 
     </span>
    </p>
   </div>
   <div class='ocr_carea' id='block_1_47' title="bbox 1056 953 1851 995">
    <p class='ocr_par' dir='ltr' id='par_1_47' title="bbox 1056 953 1851 995">
     <span class='ocr_line' id='line_1_47' title="bbox 1056 953 1851 995; baseline -0.009 -9"><span class='ocrx_word' id='word_1_346' title='bbox 1056 961 1105 995; x_wconf 80' lang='grc' dir='ltr'><strong>τῆς</strong></span> <span class='ocrx_word' id='word_1_347' title='bbox 1123 959 1251 994; x_wconf 82' lang='grc' dir='ltr'><strong>τοιαύτης</strong></span> <span class='ocrx_word' id='word_1_348' title='bbox 1264 958 1383 989; x_wconf 74' lang='grc' dir='ltr'>διανοίας</span> <span class='ocrx_word' id='word_1_349' title='bbox 1392 957 1512 992; x_wconf 79' lang='grc' dir='ltr'>πονηρᾶς</span> <span class='ocrx_word' id='word_1_350' title='bbox 1527 955 1619 990; x_wconf 74' lang='grc' dir='ltr'>οὔσης,</span> <span class='ocrx_word' id='word_1_351' title='bbox 1629 955 1676 981; x_wconf 77' lang='grc' dir='ltr'>καὶ</span> <span class='ocrx_word' id='word_1_352' title='bbox 1691 955 1741 981; x_wconf 83' lang='grc' dir='ltr'>οὐκ</span> <span class='ocrx_word' id='word_1_353' title='bbox 1754 953 1851 989; x_wconf 75' lang='grc' dir='ltr'>ἀληθε-</span> 
     </span>
    </p>
   </div>
   <div class='ocr_carea' id='block_1_48' title="bbox 1059 1001 1850 1041">
    <p class='ocr_par' dir='ltr' id='par_1_48' title="bbox 1059 1001 1850 1041">
     <span class='ocr_line' id='line_1_48' title="bbox 1059 1001 1850 1041; baseline -0.006 -9"><span class='ocrx_word' id='word_1_354' title='bbox 1059 1007 1168 1041; x_wconf 83' lang='grc' dir='ltr'>στάτης.</span> <span class='ocrx_word' id='word_1_355' title='bbox 1187 1006 1236 1037; x_wconf 83' lang='grc' dir='ltr'>Τίς</span> <span class='ocrx_word' id='word_1_356' title='bbox 1245 1005 1332 1032; x_wconf 81' lang='grc' dir='ltr'>ταῦτα</span> <span class='ocrx_word' id='word_1_357' title='bbox 1343 1005 1408 1040; x_wconf 78' lang='grc' dir='ltr'>περὶ</span> <span class='ocrx_word' id='word_1_358' title='bbox 1420 1004 1487 1030; x_wconf 78' lang='grc' dir='ltr'>Θεοῦ</span> <span class='ocrx_word' id='word_1_359' title='bbox 1502 1003 1726 1038; x_wconf 81' lang='grc' dir='ltr'>διανοηθήσεται;</span> <span class='ocrx_word' id='word_1_360' title='bbox 1741 1001 1806 1028; x_wconf 78' lang='grc' dir='ltr'>ποία</span> <span class='ocrx_word' id='word_1_361' title='bbox 1823 1001 1850 1027; x_wconf 67' lang='grc' dir='ltr'>δὲ</span> 
     </span>
    </p>
   </div>
   <div class='ocr_carea' id='block_1_49' title="bbox 1059 1048 1850 1086">
    <p class='ocr_par' dir='ltr' id='par_1_49' title="bbox 1059 1048 1850 1086">
     <span class='ocr_line' id='line_1_49' title="bbox 1059 1048 1850 1086; baseline -0.008 -7"><span class='ocrx_word' id='word_1_362' title='bbox 1059 1053 1171 1080; x_wconf 76' lang='grc' dir='ltr'>ὑπόνοια</span> <span class='ocrx_word' id='word_1_363' title='bbox 1187 1052 1300 1078; x_wconf 77' lang='grc' dir='ltr'>τοιαῦτα</span> <span class='ocrx_word' id='word_1_364' title='bbox 1318 1051 1468 1086; x_wconf 82' lang='grc' dir='ltr'>τολμήσει;</span> <span class='ocrx_word' id='word_1_365' title='bbox 1483 1049 1609 1086; x_wconf 82' lang='grc' dir='ltr'>Δηλονότι</span> <span class='ocrx_word' id='word_1_366' title='bbox 1625 1049 1713 1079; x_wconf 70' lang='grc' dir='ltr'>οὐδεὶς</span> <span class='ocrx_word' id='word_1_367' title='bbox 1721 1048 1783 1074; x_wconf 71' lang='grc' dir='ltr'>οὐδὲ</span> <span class='ocrx_word' id='word_1_368' title='bbox 1797 1048 1850 1074; x_wconf 71' lang='grc' dir='ltr'><strong>τῶν</strong></span> 
     </span>
    </p>
   </div>
   <div class='ocr_carea' id='block_1_50' title="bbox 1057 1094 1850 1134">
    <p class='ocr_par' dir='ltr' id='par_1_50' title="bbox 1057 1094 1850 1134">
     <span class='ocr_line' id='line_1_50' title="bbox 1057 1094 1850 1134; baseline -0.008 -9"><span class='ocrx_word' id='word_1_369' title='bbox 1057 1099 1191 1134; x_wconf 77' lang='grc' dir='ltr'>δαιμόνων</span> <span class='ocrx_word' id='word_1_370' title='bbox 1217 1097 1336 1124; x_wconf 80' lang='grc' dir='ltr'>τοιοῦτον</span> <span class='ocrx_word' id='word_1_371' title='bbox 1359 1097 1575 1131; x_wconf 80' lang='grc' dir='ltr'>διανοηθήσεται.</span> <span class='ocrx_word' id='word_1_372' title='bbox 1593 1095 1652 1122; x_wconf 79' lang='grc' dir='ltr'>Κᾶν</span> <span class='ocrx_word' id='word_1_373' title='bbox 1666 1103 1708 1126; x_wconf 84' lang='grc' dir='ltr'><strong>τις</strong></span> <span class='ocrx_word' id='word_1_374' title='bbox 1725 1094 1850 1129; x_wconf 74' lang='grc' dir='ltr'>ὁμολογεί</span> 
     </span>
    </p>
   </div>
   <div class='ocr_carea' id='block_1_51' title="bbox 1057 1140 1850 1180">
    <p class='ocr_par' dir='ltr' id='par_1_51' title="bbox 1057 1140 1850 1180">
     <span class='ocr_line' id='line_1_51' title="bbox 1057 1140 1850 1180; baseline -0.009 -8"><span class='ocrx_word' id='word_1_375' title='bbox 1057 1146 1103 1172; x_wconf 66' lang='grc' dir='ltr'><strong>τὸν</strong></span> <span class='ocrx_word' id='word_1_376' title='bbox 1131 1144 1251 1180; x_wconf 82' lang='grc' dir='ltr'>Πατέρα,</span> <span class='ocrx_word' id='word_1_377' title='bbox 1278 1143 1402 1170; x_wconf 77' lang='grc' dir='ltr'>πιστεύει</span> <span class='ocrx_word' id='word_1_378' title='bbox 1430 1142 1512 1168; x_wconf 69' lang='grc' dir='ltr'>αὑτὸν</span> <span class='ocrx_word' id='word_1_379' title='bbox 1538 1142 1584 1168; x_wconf 70' lang='grc' dir='ltr'>τὸν</span> <span class='ocrx_word' id='word_1_380' title='bbox 1605 1141 1670 1167; x_wconf 68' lang='grc' dir='ltr'>Υἱὸν</span> <span class='ocrx_word' id='word_1_381' title='bbox 1689 1141 1717 1167; x_wconf 83' lang='grc' dir='ltr'>ὲν</span> <span class='ocrx_word' id='word_1_382' title='bbox 1736 1140 1850 1175; x_wconf 71' lang='grc' dir='ltr'>ἀληθείᾳ</span> 
     </span>
    </p>
   </div>
   <div class='ocr_carea' id='block_1_52' title="bbox 1057 1186 1849 1226">
    <p class='ocr_par' dir='ltr' id='par_1_52' title="bbox 1057 1186 1849 1226">
     <span class='ocr_line' id='line_1_52' title="bbox 1057 1186 1849 1226; baseline -0.006 -9"><span class='ocrx_word' id='word_1_383' title='bbox 1057 1191 1251 1226; x_wconf 77' lang='grc' dir='ltr'>γεγεννηκέναι</span> <span class='ocrx_word' id='word_1_384' title='bbox 1261 1198 1267 1204; x_wconf 93' lang='grc'><strong>·</strong></span> <span class='ocrx_word' id='word_1_385' title='bbox 1284 1190 1315 1216; x_wconf 85' lang='grc' dir='ltr'><strong>ού</strong></span> <span class='ocrx_word' id='word_1_386' title='bbox 1330 1189 1384 1225; x_wconf 80' lang='grc' dir='ltr'>γὰρ</span> <span class='ocrx_word' id='word_1_387' title='bbox 1411 1189 1504 1223; x_wconf 70' lang='grc' dir='ltr'>ὄγκοις</span> <span class='ocrx_word' id='word_1_388' title='bbox 1517 1187 1695 1223; x_wconf 80' lang='grc' dir='ltr'>περιφέρεται</span> <span class='ocrx_word' id='word_1_389' title='bbox 1716 1187 1746 1212; x_wconf 81' lang='grc' dir='ltr'><strong>τὸ</strong></span> <span class='ocrx_word' id='word_1_390' title='bbox 1760 1186 1849 1215; x_wconf 80' lang='grc' dir='ltr'>Θεῖον,</span> 
     </span>
    </p>
   </div>
   <div class='ocr_carea' id='block_1_53' title="bbox 1057 1232 1850 1269">
    <p class='ocr_par' dir='ltr' id='par_1_53' title="bbox 1057 1232 1850 1269">
     <span class='ocr_line' id='line_1_53' title="bbox 1057 1232 1850 1269; baseline -0.005 -8"><span class='ocrx_word' id='word_1_391' title='bbox 1057 1235 1117 1262; x_wconf 70' lang='grc' dir='ltr'>οὐδὲ</span> <span class='ocrx_word' id='word_1_392' title='bbox 1132 1234 1213 1269; x_wconf 83' lang='grc' dir='ltr'>σῶμά</span> <span class='ocrx_word' id='word_1_393' title='bbox 1234 1235 1308 1261; x_wconf 79' lang='grc' dir='ltr'>ἐστιν</span> <span class='ocrx_word' id='word_1_394' title='bbox 1334 1234 1443 1268; x_wconf 74' lang='grc' dir='ltr'>ἔγκυον,</span> <span class='ocrx_word' id='word_1_395' title='bbox 1463 1234 1504 1259; x_wconf 82' lang='grc' dir='ltr'>ἵνα</span> <span class='ocrx_word' id='word_1_396' title='bbox 1521 1233 1654 1268; x_wconf 79' lang='grc' dir='ltr'>ὑπομείνῃ</span> <span class='ocrx_word' id='word_1_397' title='bbox 1669 1232 1704 1258; x_wconf 83' lang='grc' dir='ltr'>τὰ</span> <span class='ocrx_word' id='word_1_398' title='bbox 1719 1240 1850 1267; x_wconf 72' lang='grc' dir='ltr'>προειρη-</span> 
     </span>
    </p>
   </div>
   <div class='ocr_carea' id='block_1_54' title="bbox 1059 1278 1850 1315">
    <p class='ocr_par' dir='ltr' id='par_1_54' title="bbox 1059 1278 1850 1315">
     <span class='ocr_line' id='line_1_54' title="bbox 1059 1278 1850 1315; baseline -0.005 -9"><span class='ocrx_word' id='word_1_399' title='bbox 1059 1280 1147 1315; x_wconf 82' lang='grc' dir='ltr'>μένα-</span> <span class='ocrx_word' id='word_1_400' title='bbox 1166 1280 1288 1314; x_wconf 80' lang='grc' dir='ltr'>Πνεῦμα</span> <span class='ocrx_word' id='word_1_401' title='bbox 1311 1280 1366 1314; x_wconf 83' lang='grc' dir='ltr'><strong>γὰρ</strong></span> <span class='ocrx_word' id='word_1_402' title='bbox 1390 1281 1406 1306; x_wconf 85' lang='grc' dir='ltr'><em>ὀ</em></span> <span class='ocrx_word' id='word_1_403' title='bbox 1427 1280 1517 1312; x_wconf 82' lang='grc' dir='ltr'>Θεός·</span> <span class='ocrx_word' id='word_1_404' title='bbox 1541 1278 1650 1313; x_wconf 70' lang='grc' dir='ltr'>πνεῦμα</span> <span class='ocrx_word' id='word_1_405' title='bbox 1666 1278 1693 1304; x_wconf 84' lang='grc' dir='ltr'>δὲ</span> <span class='ocrx_word' id='word_1_406' title='bbox 1707 1278 1786 1312; x_wconf 74' lang='grc' dir='ltr'>ῥύσιν</span> <span class='ocrx_word' id='word_1_407' title='bbox 1803 1278 1850 1312; x_wconf 74' lang='grc' dir='ltr'><strong>οὐχ</strong></span> 
     </span>
    </p>
   </div>
   <div class='ocr_carea' id='block_1_55' title="bbox 1058 1320 1850 1361">
    <p class='ocr_par' dir='ltr' id='par_1_55' title="bbox 1058 1320 1850 1361">
     <span class='ocr_line' id='line_1_55' title="bbox 1058 1320 1850 1361; baseline -0.004 -9"><span class='ocrx_word' id='word_1_408' title='bbox 1058 1320 1214 1360; x_wconf 39' lang='lat' dir='ltr'><strong>Capit-runt,</strong></span> <span class='ocrx_word' id='word_1_409' title='bbox 1227 1326 1257 1352; x_wconf 74' lang='grc' dir='ltr'>οὐ</span> <span class='ocrx_word' id='word_1_410' title='bbox 1273 1325 1370 1361; x_wconf 80' lang='grc' dir='ltr'>τομὴν,</span> <span class='ocrx_word' id='word_1_411' title='bbox 1400 1326 1430 1351; x_wconf 82' lang='grc' dir='ltr'>οὒ</span> <span class='ocrx_word' id='word_1_412' title='bbox 1458 1325 1553 1359; x_wconf 77' lang='grc' dir='ltr'>στολὴν</span> <span class='ocrx_word' id='word_1_413' title='bbox 1568 1324 1588 1356; x_wconf 69' lang='grc'>⁸,</span> <span class='ocrx_word' id='word_1_414' title='bbox 1604 1325 1635 1350; x_wconf 75' lang='grc' dir='ltr'>οὐ</span> <span class='ocrx_word' id='word_1_415' title='bbox 1658 1323 1781 1358; x_wconf 75' lang='grc' dir='ltr'>μείωσιν,</span> <span class='ocrx_word' id='word_1_416' title='bbox 1803 1324 1850 1358; x_wconf 77' lang='grc' dir='ltr'><strong>οὐχ</strong></span> 
     </span>
    </p>
   </div>
   <div class='ocr_carea' id='block_1_56' title="bbox 1057 1369 1850 1404">
    <p class='ocr_par' dir='ltr' id='par_1_56' title="bbox 1057 1369 1850 1404">
     <span class='ocr_line' id='line_1_56' title="bbox 1057 1369 1850 1404; baseline -0.004 -6"><span class='ocrx_word' id='word_1_417' title='bbox 1057 1371 1191 1403; x_wconf 78' lang='grc' dir='ltr'>ἆπλωσιν,</span> <span class='ocrx_word' id='word_1_418' title='bbox 1207 1371 1268 1399; x_wconf 75' lang='grc' dir='ltr'>οὔτε</span> <span class='ocrx_word' id='word_1_419' title='bbox 1283 1381 1309 1399; x_wconf 86' lang='grc' dir='ltr'><strong>τι</strong></span> <span class='ocrx_word' id='word_1_420' title='bbox 1321 1372 1375 1398; x_wconf 80' lang='grc' dir='ltr'>τῶν</span> <span class='ocrx_word' id='word_1_421' title='bbox 1392 1371 1529 1398; x_wconf 78' lang='grc' dir='ltr'>τοιούτων.</span> <span class='ocrx_word' id='word_1_422' title='bbox 1544 1371 1618 1397; x_wconf 76' lang='grc' dir='ltr'>Καοὸ</span> <span class='ocrx_word' id='word_1_423' title='bbox 1631 1370 1741 1396; x_wconf 77' lang='grc' dir='ltr'>τοίνυνὸ</span> <span class='ocrx_word' id='word_1_424' title='bbox 1757 1369 1850 1404; x_wconf 73' lang='grc' dir='ltr'>Πατὴρ</span> 
     </span>
    </p>
   </div>
   <div class='ocr_carea' id='block_1_57' title="bbox 1060 1417 1851 1453">
    <p class='ocr_par' dir='ltr' id='par_1_57' title="bbox 1060 1417 1851 1453">
     <span class='ocr_line' id='line_1_57' title="bbox 1060 1417 1851 1453; baseline -0.001 -10"><span class='ocrx_word' id='word_1_425' title='bbox 1060 1417 1169 1452; x_wconf 81' lang='grc' dir='ltr'><strong>πνεῦμά</strong></span> <span class='ocrx_word' id='word_1_426' title='bbox 1186 1419 1253 1450; x_wconf 82' lang='grc' dir='ltr'>ἐστι,</span> <span class='ocrx_word' id='word_1_427' title='bbox 1269 1419 1315 1445; x_wconf 79' lang='grc' dir='ltr'><strong>τὸν</strong></span> <span class='ocrx_word' id='word_1_428' title='bbox 1342 1419 1407 1446; x_wconf 71' lang='grc' dir='ltr'>Υἱὺν</span> <span class='ocrx_word' id='word_1_429' title='bbox 1421 1419 1487 1445; x_wconf 77' lang='grc' dir='ltr'>Θεὺν</span> <span class='ocrx_word' id='word_1_430' title='bbox 1501 1419 1587 1453; x_wconf 80' lang='grc' dir='ltr'>Λόγον</span> <span class='ocrx_word' id='word_1_431' title='bbox 1606 1417 1753 1451; x_wconf 72' lang='grc' dir='ltr'>γεγέννηκε</span> <span class='ocrx_word' id='word_1_432' title='bbox 1769 1425 1851 1443; x_wconf 78' lang='grc' dir='ltr'>πνευ-</span> 
     </span>
    </p>
   </div>
   <div class='ocr_carea' id='block_1_58' title="bbox 1061 1463 1763 1500">
    <p class='ocr_par' dir='ltr' id='par_1_58' title="bbox 1061 1463 1763 1500">
     <span class='ocr_line' id='line_1_58' title="bbox 1061 1463 1763 1500; baseline -0.001 -11"><span class='ocrx_word' id='word_1_433' title='bbox 1061 1463 1194 1498; x_wconf 71' lang='grc' dir='ltr'>ματικῶς,</span> <span class='ocrx_word' id='word_1_434' title='bbox 1207 1464 1340 1500; x_wconf 83' lang='grc' dir='ltr'>ἁχρόνως,</span> <span class='ocrx_word' id='word_1_435' title='bbox 1354 1465 1551 1500; x_wconf 73' lang='grc' dir='ltr'>ἀκαταλήπτως</span> <span class='ocrx_word' id='word_1_436' title='bbox 1564 1465 1610 1491; x_wconf 73' lang='grc' dir='ltr'>καὶ</span> <span class='ocrx_word' id='word_1_437' title='bbox 1627 1464 1763 1498; x_wconf 81' lang='grc' dir='ltr'>ἀνάρχως.</span> 
     </span>
    </p>
   </div>
   <div class='ocr_carea' id='block_1_59' title="bbox 213 1508 1849 1545">
    <p class='ocr_par' dir='ltr' id='par_1_59' title="bbox 213 1508 1849 1545">
     <span class='ocr_line' id='line_1_59' title="bbox 213 1508 1849 1545; baseline -0.001 -9"><span class='ocrx_word' id='word_1_438' title='bbox 213 1510 325 1537; x_wconf 83' lang='lat' dir='ltr'><strong>oiuuino</strong></span> <span class='ocrx_word' id='word_1_439' title='bbox 351 1508 523 1543; x_wconf 72' lang='lat' dir='ltr'><strong>profluvium,</strong></span> <span class='ocrx_word' id='word_1_440' title='bbox 550 1515 638 1542; x_wconf 85' lang='lat' dir='ltr'><strong>neque</strong></span> <span class='ocrx_word' id='word_1_441' title='bbox 652 1508 816 1540; x_wconf 82' lang='lat' dir='ltr'><strong>sectionem,</strong></span> <span class='ocrx_word' id='word_1_442' title='bbox 833 1516 922 1542; x_wconf 84' lang='lat' dir='ltr'><strong>neque</strong></span> <span class='ocrx_word' id='word_1_443' title='bbox 953 1510 1180 1543; x_wconf 86' lang='lat' dir='ltr'><strong>contractionem,</strong></span> <span class='ocrx_word' id='word_1_444' title='bbox 1203 1515 1250 1538; x_wconf 87' lang='lat' dir='ltr'><strong>aut</strong></span> <span class='ocrx_word' id='word_1_445' title='bbox 1272 1511 1503 1544; x_wconf 78' lang='lat' dir='ltr'><strong>imminutionem,</strong></span> <span class='ocrx_word' id='word_1_446' title='bbox 1528 1518 1616 1545; x_wconf 87' lang='lat' dir='ltr'><strong>neque</strong></span> <span class='ocrx_word' id='word_1_447' title='bbox 1643 1510 1849 1544; x_wconf 80' lang='lat' dir='ltr'><strong>expansionem,</strong></span> 
     </span>
    </p>
   </div>
   <div class='ocr_carea' id='block_1_60' title="bbox 214 1555 1850 1593">
    <p class='ocr_par' dir='ltr' id='par_1_60' title="bbox 214 1555 1850 1593">
     <span class='ocr_line' id='line_1_60' title="bbox 214 1555 1850 1593; baseline -0.001 -8"><span class='ocrx_word' id='word_1_448' title='bbox 214 1558 257 1585; x_wconf 87' lang='lat' dir='ltr'><strong>vel</strong></span> <span class='ocrx_word' id='word_1_449' title='bbox 287 1557 360 1584; x_wconf 87' lang='lat' dir='ltr'><strong>aliud</strong></span> <span class='ocrx_word' id='word_1_450' title='bbox 385 1556 535 1591; x_wconf 83' lang='lat' dir='ltr'><strong>quidquam</strong></span> <span class='ocrx_word' id='word_1_451' title='bbox 561 1555 643 1590; x_wconf 87' lang='lat' dir='ltr'><strong>hujus</strong></span> <span class='ocrx_word' id='word_1_452' title='bbox 662 1555 770 1590; x_wconf 83' lang='lat' dir='ltr'><strong>generis</strong></span> <span class='ocrx_word' id='word_1_453' title='bbox 789 1555 918 1583; x_wconf 88' lang='lat' dir='ltr'><strong>admittit.</strong></span> <span class='ocrx_word' id='word_1_454' title='bbox 935 1555 1007 1591; x_wconf 74' lang='lat' dir='ltr'><strong>Ergo</strong></span> <span class='ocrx_word' id='word_1_455' title='bbox 1026 1562 1162 1592; x_wconf 88' lang='lat' dir='ltr'><strong>quatenus</strong></span> <span class='ocrx_word' id='word_1_456' title='bbox 1177 1559 1290 1593; x_wconf 87' lang='lat' dir='ltr'><strong>spiritus</strong></span> <span class='ocrx_word' id='word_1_457' title='bbox 1310 1563 1353 1587; x_wconf 82' lang='lat' dir='ltr'><strong>est</strong></span> <span class='ocrx_word' id='word_1_458' title='bbox 1381 1559 1480 1593; x_wconf 84' lang='lat' dir='ltr'><strong>Pater,</strong></span> <span class='ocrx_word' id='word_1_459' title='bbox 1509 1558 1593 1586; x_wconf 87' lang='lat' dir='ltr'><strong>Deum</strong></span> <span class='ocrx_word' id='word_1_460' title='bbox 1621 1557 1720 1585; x_wconf 82' lang='lat' dir='ltr'><strong>Filium</strong></span> <span class='ocrx_word' id='word_1_461' title='bbox 1741 1557 1850 1592; x_wconf 86' lang='lat' dir='ltr'><strong>spirita-</strong></span> 
     </span>
    </p>
   </div>
   <div class='ocr_carea' id='block_1_61' title="bbox 213 1604 1850 1642">
    <p class='ocr_par' dir='ltr' id='par_1_61' title="bbox 213 1604 1850 1642">
     <span class='ocr_line' id='line_1_61' title="bbox 213 1604 1850 1642; baseline -0.001 -9"><span class='ocrx_word' id='word_1_462' title='bbox 213 1607 277 1633; x_wconf 88' lang='lat' dir='ltr'><strong>liter</strong></span> <span class='ocrx_word' id='word_1_463' title='bbox 294 1604 448 1640; x_wconf 76' lang='lat' dir='ltr'><strong>progenuit,</strong></span> <span class='ocrx_word' id='word_1_464' title='bbox 476 1605 536 1631; x_wconf 88' lang='lat' dir='ltr'><strong>sine</strong></span> <span class='ocrx_word' id='word_1_465' title='bbox 562 1604 618 1631; x_wconf 91' lang='lat' dir='ltr'><strong>ullo</strong></span> <span class='ocrx_word' id='word_1_466' title='bbox 644 1607 776 1638; x_wconf 87' lang='lat' dir='ltr'><strong>tempore,</strong></span> <span class='ocrx_word' id='word_1_467' title='bbox 802 1611 835 1630; x_wconf 88' lang='lat' dir='ltr'><strong>eo</strong></span> <span class='ocrx_word' id='word_1_468' title='bbox 857 1604 939 1631; x_wconf 89' lang='lat' dir='ltr'><strong>modo</strong></span> <span class='ocrx_word' id='word_1_469' title='bbox 975 1605 1022 1639; x_wconf 87' lang='lat' dir='ltr'><strong>qui</strong></span> <span class='ocrx_word' id='word_1_470' title='bbox 1058 1607 1249 1641; x_wconf 77' lang='lat' dir='ltr'><strong>comprehendi</strong></span> <span class='ocrx_word' id='word_1_471' title='bbox 1275 1615 1330 1634; x_wconf 90' lang='lat' dir='ltr'><strong>non</strong></span> <span class='ocrx_word' id='word_1_472' title='bbox 1353 1610 1451 1642; x_wconf 88' lang='lat' dir='ltr'><strong>potest,</strong></span> <span class='ocrx_word' id='word_1_473' title='bbox 1476 1607 1577 1642; x_wconf 87' lang='lat' dir='ltr'><strong>quique</strong></span> <span class='ocrx_word' id='word_1_474' title='bbox 1599 1606 1667 1633; x_wconf 90' lang='lat' dir='ltr'><strong>initii</strong></span> <span class='ocrx_word' id='word_1_475' title='bbox 1691 1606 1727 1633; x_wconf 88' lang='lat' dir='ltr'><strong>sit</strong></span> <span class='ocrx_word' id='word_1_476' title='bbox 1760 1605 1850 1632; x_wconf 79' lang='lat' dir='ltr'><strong>omnis</strong></span> 
     </span>
    </p>
   </div>
   <div class='ocr_carea' id='block_1_62' title="bbox 213 1660 324 1687">
    <p class='ocr_par' dir='ltr' id='par_1_62' title="bbox 213 1660 324 1687">
     <span class='ocr_line' id='line_1_62' title="bbox 213 1660 324 1687; baseline -0.018 -7"><span class='ocrx_word' id='word_1_477' title='bbox 213 1660 324 1687; x_wconf 63' lang='lat' dir='ltr'><strong>expers.</strong></span> 
     </span>
    </p>
   </div>
   <div class='ocr_carea' id='block_1_63' title="bbox 251 1697 1003 1734">
    <p class='ocr_par' dir='ltr' id='par_1_63' title="bbox 251 1699 1003 1734">
     <span class='ocr_line' id='line_1_63' title="bbox 251 1699 1003 1734; baseline 0.001 -8"><span class='ocrx_word' id='word_1_478' title='bbox 251 1700 354 1726; x_wconf 80' lang='lat' dir='ltr'><strong>XLVII.</strong></span> <span class='ocrx_word' id='word_1_479' title='bbox 373 1699 427 1727; x_wconf 86' lang='lat' dir='ltr'><strong>Sed</strong></span> <span class='ocrx_word' id='word_1_480' title='bbox 442 1704 470 1726; x_wconf 93' lang='lat' dir='ltr'><strong>ut</strong></span> <span class='ocrx_word' id='word_1_481' title='bbox 483 1700 516 1728; x_wconf 91' lang='lat' dir='ltr'><strong>iis</strong></span> <span class='ocrx_word' id='word_1_482' title='bbox 530 1700 576 1734; x_wconf 88' lang='lat' dir='ltr'><strong>qui</strong></span> <span class='ocrx_word' id='word_1_483' title='bbox 588 1700 680 1727; x_wconf 89' lang='lat' dir='ltr'><strong>animo</strong></span> <span class='ocrx_word' id='word_1_484' title='bbox 695 1700 746 1726; x_wconf 88' lang='lat' dir='ltr'><strong>ista</strong></span> <span class='ocrx_word' id='word_1_485' title='bbox 761 1703 882 1732; x_wconf 81' lang='lat' dir='ltr'><strong>versant,</strong></span> <span class='ocrx_word' id='word_1_486' title='bbox 897 1699 1003 1727; x_wconf 87' lang='lat' dir='ltr'><strong>facilius</strong></span> 
     </span>
    </p>
   </div>
   <div class='ocr_carea' id='block_1_64' title="bbox 1056 1697 1848 1734">
    <p class='ocr_par' dir='ltr' id='par_1_64' title="bbox 1092 1697 1848 1732">
     <span class='ocr_line' id='line_1_64' title="bbox 1092 1697 1848 1732; baseline -0.001 -6"><span class='ocrx_word' id='word_1_487' title='bbox 1092 1699 1218 1726; x_wconf 84' lang='grc' dir='ltr'><strong>ΜΖ’.Ἴνα</strong></span> <span class='ocrx_word' id='word_1_488' title='bbox 1226 1698 1253 1724; x_wconf 72' lang='grc' dir='ltr'>δὲ</span> <span class='ocrx_word' id='word_1_489' title='bbox 1262 1697 1372 1729; x_wconf 72' lang='grc' dir='ltr'>τούτους</span> <span class='ocrx_word' id='word_1_490' title='bbox 1386 1698 1525 1732; x_wconf 80' lang='grc' dir='ltr'>πείσωμεν</span> <span class='ocrx_word' id='word_1_491' title='bbox 1536 1699 1598 1728; x_wconf 73' lang='grc' dir='ltr'>τοὺς</span> <span class='ocrx_word' id='word_1_492' title='bbox 1610 1697 1696 1725; x_wconf 73' lang='grc' dir='ltr'>ταῦτα</span> <span class='ocrx_word' id='word_1_493' title='bbox 1710 1698 1848 1732; x_wconf 78' lang='grc' dir='ltr'>νοοῦντας,</span> 
     </span>
    </p>
   </div>
   <div class='ocr_carea' id='block_1_65' title="bbox 214 1744 1005 1780">
    <p class='ocr_par' dir='ltr' id='par_1_65' title="bbox 214 1744 1005 1780">
     <span class='ocr_line' id='line_1_65' title="bbox 214 1744 1005 1780; baseline 0 -9"><span class='ocrx_word' id='word_1_494' title='bbox 214 1745 382 1780; x_wconf 80' lang='lat' dir='ltr'><strong>persuadere</strong></span> <span class='ocrx_word' id='word_1_495' title='bbox 398 1745 549 1779; x_wconf 81' lang='lat' dir='ltr'><strong>possimus,</strong></span> <span class='ocrx_word' id='word_1_496' title='bbox 563 1744 652 1770; x_wconf 80' lang='lat' dir='ltr'><strong>dicam</strong></span> <span class='ocrx_word' id='word_1_497' title='bbox 672 1744 787 1778; x_wconf 88' lang='lat' dir='ltr'><strong>aliquid,</strong></span> <span class='ocrx_word' id='word_1_498' title='bbox 804 1745 876 1777; x_wconf 85' lang='lat' dir='ltr'><strong>quod</strong></span> <span class='ocrx_word' id='word_1_499' title='bbox 891 1744 941 1771; x_wconf 89' lang='lat' dir='ltr'><strong>etsi</strong></span> <span class='ocrx_word' id='word_1_500' title='bbox 958 1752 1005 1771; x_wconf 87' lang='lat' dir='ltr'><strong>ne-</strong></span> 
     </span>
    </p>
   </div>
   <div class='ocr_carea' id='block_1_66' title="bbox 212 1789 1005 1825">
    <p class='ocr_par' dir='ltr' id='par_1_66' title="bbox 212 1789 1005 1825">
     <span class='ocr_line' id='line_1_66' title="bbox 212 1789 1005 1825; baseline 0.001 -9"><span class='ocrx_word' id='word_1_501' title='bbox 212 1798 352 1825; x_wconf 79' lang='lat' dir='ltr'><strong>quaquam</strong></span> <span class='ocrx_word' id='word_1_502' title='bbox 372 1790 461 1817; x_wconf 88' lang='lat' dir='ltr'><strong>simile</strong></span> <span class='ocrx_word' id='word_1_503' title='bbox 482 1790 527 1822; x_wconf 85' lang='lat' dir='ltr'><strong>sit,</strong></span> <span class='ocrx_word' id='word_1_504' title='bbox 552 1790 578 1816; x_wconf 92' lang='lat' dir='ltr'><strong>in</strong></span> <span class='ocrx_word' id='word_1_505' title='bbox 597 1790 732 1816; x_wconf 77' lang='lat' dir='ltr'><strong>similibus</strong></span> <span class='ocrx_word' id='word_1_506' title='bbox 756 1793 846 1816; x_wconf 87' lang='lat' dir='ltr'><strong>tamen</strong></span> <span class='ocrx_word' id='word_1_507' title='bbox 870 1789 952 1816; x_wconf 88' lang='lat' dir='ltr'><strong>rebus</strong></span> <span class='ocrx_word' id='word_1_508' title='bbox 972 1790 1005 1817; x_wconf 91' lang='lat' dir='ltr'><strong>ad</strong></span> 
     </span>
    </p>
   </div>
   <div class='ocr_carea' id='block_1_67' title="bbox 215 1833 1004 1870">
    <p class='ocr_par' dir='ltr' id='par_1_67' title="bbox 215 1833 1004 1870">
     <span class='ocr_line' id='line_1_67' title="bbox 215 1833 1004 1870; baseline -0.004 -7"><span class='ocrx_word' id='word_1_509' title='bbox 215 1835 370 1870; x_wconf 86' lang='lat' dir='ltr'><strong>improbam</strong></span> <span class='ocrx_word' id='word_1_510' title='bbox 408 1835 516 1862; x_wconf 89' lang='lat' dir='ltr'><strong>illorum</strong></span> <span class='ocrx_word' id='word_1_511' title='bbox 546 1834 800 1868; x_wconf 73' lang='lat' dir='ltr'><strong>tergiversationem</strong></span> <span class='ocrx_word' id='word_1_512' title='bbox 828 1833 1004 1860; x_wconf 77' lang='lat' dir='ltr'><strong>refellendam</strong></span> 
     </span>
    </p>
   </div>
   <div class='ocr_carea' id='block_1_68' title="bbox 215 1877 1005 1914">
    <p class='ocr_par' dir='ltr' id='par_1_68' title="bbox 215 1877 1005 1914">
     <span class='ocr_line' id='line_1_68' title="bbox 215 1877 1005 1914; baseline -0.004 -7"><span class='ocrx_word' id='word_1_513' title='bbox 215 1881 306 1907; x_wconf 85' lang='lat' dir='ltr'><strong>valet:</strong></span> <span class='ocrx_word' id='word_1_514' title='bbox 323 1879 421 1906; x_wconf 84' lang='lat' dir='ltr'><strong>Creata</strong></span> <span class='ocrx_word' id='word_1_515' title='bbox 436 1879 537 1914; x_wconf 88' lang='lat' dir='ltr'><strong>quippe</strong></span> <span class='ocrx_word' id='word_1_516' title='bbox 558 1886 602 1905; x_wconf 88' lang='lat' dir='ltr'><strong>res</strong></span> <span class='ocrx_word' id='word_1_517' title='bbox 621 1878 711 1905; x_wconf 83' lang='lat' dir='ltr'><strong>omnis</strong></span> <span class='ocrx_word' id='word_1_518' title='bbox 728 1878 834 1905; x_wconf 85' lang='lat' dir='ltr'><strong>inlinite</strong></span> <span class='ocrx_word' id='word_1_519' title='bbox 848 1878 882 1905; x_wconf 88' lang='lat' dir='ltr'><strong>ab</strong></span> <span class='ocrx_word' id='word_1_520' title='bbox 897 1877 1005 1905; x_wconf 90' lang='lat' dir='ltr'><strong>Domini</strong></span> 
     </span>
    </p>
   </div>
   <div class='ocr_carea' id='block_1_69' title="bbox 213 1924 1006 1960">
    <p class='ocr_par' dir='ltr' id='par_1_69' title="bbox 213 1924 1006 1960">
     <span class='ocr_line' id='line_1_69' title="bbox 213 1924 1006 1960; baseline -0.005 -6"><span class='ocrx_word' id='word_1_521' title='bbox 213 1927 257 1954; x_wconf 83' lang='lat' dir='ltr'><strong>sui</strong></span> <span class='ocrx_word' id='word_1_522' title='bbox 280 1926 425 1960; x_wconf 77' lang='lat' dir='ltr'><strong>majestate</strong></span> <span class='ocrx_word' id='word_1_523' title='bbox 443 1925 538 1953; x_wconf 88' lang='lat' dir='ltr'><strong>distat.</strong></span> <span class='ocrx_word' id='word_1_524' title='bbox 560 1925 646 1960; x_wconf 79' lang='lat' dir='ltr'><strong>Igitur</strong></span> <span class='ocrx_word' id='word_1_525' title='bbox 666 1924 789 1959; x_wconf 86' lang='lat' dir='ltr'><strong>plerique</strong></span> <span class='ocrx_word' id='word_1_526' title='bbox 813 1924 840 1951; x_wconf 89' lang='lat' dir='ltr'><strong>in</strong></span> <span class='ocrx_word' id='word_1_527' title='bbox 858 1924 1006 1951; x_wconf 89' lang='lat' dir='ltr'><strong>solitudine</strong></span> 
     </span>
    </p>
   </div>
   <div class='ocr_carea' id='block_1_70' title="bbox 214 1970 1004 2007">
    <p class='ocr_par' dir='ltr' id='par_1_70' title="bbox 214 1970 1004 2007">
     <span class='ocr_line' id='line_1_70' title="bbox 214 1970 1004 2007; baseline -0.004 -9"><span class='ocrx_word' id='word_1_528' title='bbox 214 1972 275 2007; x_wconf 74' lang='lat' dir='ltr'><strong>igne</strong></span> <span class='ocrx_word' id='word_1_529' title='bbox 296 1976 423 1998; x_wconf 87' lang='lat' dir='ltr'><strong>carentes</strong></span> <span class='ocrx_word' id='word_1_530' title='bbox 451 1972 569 1998; x_wconf 87' lang='lat' dir='ltr'><strong>vitreum</strong></span> <span class='ocrx_word' id='word_1_531' title='bbox 592 1978 640 1997; x_wconf 90' lang='lat' dir='ltr'><strong>vas</strong></span> <span class='ocrx_word' id='word_1_532' title='bbox 663 1978 734 2004; x_wconf 87' lang='lat' dir='ltr'><strong>aqua</strong></span> <span class='ocrx_word' id='word_1_533' title='bbox 761 1970 921 2004; x_wconf 86' lang='lat' dir='ltr'><strong>complent:</strong></span> <span class='ocrx_word' id='word_1_534' title='bbox 947 1973 1004 1996; x_wconf 89' lang='lat' dir='ltr'><strong>tum</strong></span> 
     </span>
    </p>
   </div>
   <div class='ocr_carea' id='block_1_71' title="bbox 214 2015 1006 2053">
    <p class='ocr_par' dir='ltr' id='par_1_71' title="bbox 214 2015 1006 2053">
     <span class='ocr_line' id='line_1_71' title="bbox 214 2015 1006 2053; baseline -0.001 -10"><span class='ocrx_word' id='word_1_535' title='bbox 214 2019 356 2045; x_wconf 85' lang='lat' dir='ltr'><strong>materiam</strong></span> <span class='ocrx_word' id='word_1_536' title='bbox 384 2018 506 2053; x_wconf 84' lang='lat' dir='ltr'><strong>aliquam</strong></span> <span class='ocrx_word' id='word_1_537' title='bbox 530 2017 693 2044; x_wconf 81' lang='lat' dir='ltr'><strong>adhibentes</strong></span> <span class='ocrx_word' id='word_1_538' title='bbox 724 2023 785 2051; x_wconf 78' lang='lat' dir='ltr'><strong>qua:</strong></span> <span class='ocrx_word' id='word_1_539' title='bbox 811 2015 900 2050; x_wconf 81' lang='lat' dir='ltr'><strong>ignem</strong></span> <span class='ocrx_word' id='word_1_540' title='bbox 927 2016 1006 2042; x_wconf 83' lang='lat' dir='ltr'><strong>facile</strong></span> 
     </span>
    </p>
   </div>
   <div class='ocr_carea' id='block_1_72' title="bbox 213 2059 1006 2097">
    <p class='ocr_par' dir='ltr' id='par_1_72' title="bbox 213 2059 1006 2097">
     <span class='ocr_line' id='line_1_72' title="bbox 213 2059 1006 2097; baseline -0.003 -8"><span class='ocrx_word' id='word_1_541' title='bbox 213 2063 344 2097; x_wconf 87' lang='lat' dir='ltr'><strong>concipit,</strong></span> <span class='ocrx_word' id='word_1_542' title='bbox 360 2067 425 2097; x_wconf 87' lang='lat' dir='ltr'><strong>puta</strong></span> <span class='ocrx_word' id='word_1_543' title='bbox 443 2070 458 2089; x_wconf 91' lang='lat' dir='ltr'><strong>e</strong></span> <span class='ocrx_word' id='word_1_544' title='bbox 480 2062 547 2094; x_wconf 91' lang='lat' dir='ltr'><strong>lino,</strong></span> <span class='ocrx_word' id='word_1_545' title='bbox 564 2062 604 2088; x_wconf 88' lang='lat' dir='ltr'><strong>vel</strong></span> <span class='ocrx_word' id='word_1_546' title='bbox 628 2064 725 2094; x_wconf 88' lang='lat' dir='ltr'><strong>stuppa</strong></span> <span class='ocrx_word' id='word_1_547' title='bbox 759 2059 919 2092; x_wconf 87' lang='lat' dir='ltr'><strong>conﬂatam,</strong></span> <span class='ocrx_word' id='word_1_548' title='bbox 941 2060 1006 2087; x_wconf 88' lang='lat' dir='ltr'><strong>solis</strong></span> 
     </span>
    </p>
   </div>
   <div class='ocr_carea' id='block_1_73' title="bbox 217 2105 1004 2142">
    <p class='ocr_par' dir='ltr' id='par_1_73' title="bbox 217 2105 1004 2142">
     <span class='ocr_line' id='line_1_73' title="bbox 217 2105 1004 2142; baseline -0.005 -8"><span class='ocrx_word' id='word_1_549' title='bbox 217 2107 304 2135; x_wconf 80' lang='lat' dir='ltr'><strong>radiis</strong></span> <span class='ocrx_word' id='word_1_550' title='bbox 318 2112 469 2142; x_wconf 78' lang='lat' dir='ltr'><strong>exponunt.</strong></span> <span class='ocrx_word' id='word_1_551' title='bbox 488 2107 506 2134; x_wconf 89' lang='lat' dir='ltr'><strong>li</strong></span> <span class='ocrx_word' id='word_1_552' title='bbox 525 2114 572 2140; x_wconf 86' lang='lat' dir='ltr'><strong>per</strong></span> <span class='ocrx_word' id='word_1_553' title='bbox 582 2106 684 2132; x_wconf 82' lang='lat' dir='ltr'><strong>vitrum</strong></span> <span class='ocrx_word' id='word_1_554' title='bbox 709 2105 736 2131; x_wconf 94' lang='lat' dir='ltr'><strong>in</strong></span> <span class='ocrx_word' id='word_1_555' title='bbox 750 2105 900 2139; x_wconf 62' lang='lat' dir='ltr'><strong>subiectam</strong></span> <span class='ocrx_word' id='word_1_556' title='bbox 917 2109 1004 2131; x_wconf 87' lang='lat' dir='ltr'><strong>mate-</strong></span> 
     </span>
    </p>
   </div>
   <div class='ocr_carea' id='block_1_74' title="bbox 213 2150 1005 2185">
    <p class='ocr_par' dir='ltr' id='par_1_74' title="bbox 213 2150 1005 2185">
     <span class='ocr_line' id='line_1_74' title="bbox 213 2150 1005 2185; baseline -0.005 -5"><span class='ocrx_word' id='word_1_557' title='bbox 213 2154 283 2180; x_wconf 88' lang='lat' dir='ltr'><strong>riam</strong></span> <span class='ocrx_word' id='word_1_558' title='bbox 303 2153 394 2179; x_wconf 91' lang='lat' dir='ltr'><strong>lumen</strong></span> <span class='ocrx_word' id='word_1_559' title='bbox 420 2151 589 2178; x_wconf 82' lang='lat' dir='ltr'><strong>immittunt:</strong></span> <span class='ocrx_word' id='word_1_560' title='bbox 615 2158 676 2184; x_wconf 65' lang='lat' dir='ltr'><strong>quae</strong></span> <span class='ocrx_word' id='word_1_561' title='bbox 697 2150 790 2176; x_wconf 83' lang='lat' dir='ltr'><strong>statim</strong></span> <span class='ocrx_word' id='word_1_562' title='bbox 813 2158 829 2177; x_wconf 88' lang='lat' dir='ltr'><strong>e</strong></span> <span class='ocrx_word' id='word_1_563' title='bbox 853 2150 920 2177; x_wconf 90' lang='lat' dir='ltr'><strong>solis</strong></span> <span class='ocrx_word' id='word_1_564' title='bbox 943 2151 1005 2185; x_wconf 78' lang='lat' dir='ltr'><strong>igne</strong></span> 
     </span>
    </p>
   </div>
   <div class='ocr_carea' id='block_1_75' title="bbox 213 2194 1005 2231">
    <p class='ocr_par' dir='ltr' id='par_1_75' title="bbox 213 2194 1005 2231">
     <span class='ocr_line' id='line_1_75' title="bbox 213 2194 1005 2231; baseline -0.001 -7"><span class='ocrx_word' id='word_1_565' title='bbox 213 2199 349 2224; x_wconf 82' lang='lat' dir='ltr'><strong>ﬂammam</strong></span> <span class='ocrx_word' id='word_1_566' title='bbox 369 2196 490 2231; x_wconf 89' lang='lat' dir='ltr'><strong>concipit</strong></span> <span class='ocrx_word' id='word_1_567' title='bbox 513 2200 540 2223; x_wconf 85' lang='lat' dir='ltr'><strong>et</strong></span> <span class='ocrx_word' id='word_1_568' title='bbox 572 2195 736 2223; x_wconf 75' lang='lat' dir='ltr'><strong>exardescit.</strong></span> <span class='ocrx_word' id='word_1_569' title='bbox 759 2194 920 2222; x_wconf 83' lang='lat' dir='ltr'><strong>Utrumnam</strong></span> <span class='ocrx_word' id='word_1_570' title='bbox 940 2203 1005 2231; x_wconf 76' lang='lat' dir='ltr'><strong>ergo</strong></span> 
     </span>
    </p>
   </div>
   <div class='ocr_carea' id='block_1_76' title="bbox 213 2241 1002 2276">
    <p class='ocr_par' dir='ltr' id='par_1_76' title="bbox 213 2241 1002 2276">
     <span class='ocr_line' id='line_1_76' title="bbox 213 2241 1002 2276; baseline -0.001 -7"><span class='ocrx_word' id='word_1_571' title='bbox 213 2242 260 2269; x_wconf 83' lang='lat' dir='ltr'><strong>illa</strong></span> <span class='ocrx_word' id='word_1_572' title='bbox 275 2242 438 2270; x_wconf 75' lang='lat' dir='ltr'><strong>substantia:</strong></span> <span class='ocrx_word' id='word_1_573' title='bbox 453 2241 663 2276; x_wconf 80' lang='lat' dir='ltr'><strong>participatione</strong></span> <span class='ocrx_word' id='word_1_574' title='bbox 680 2241 782 2276; x_wconf 87' lang='lat' dir='ltr'><strong>aliquid</strong></span> <span class='ocrx_word' id='word_1_575' title='bbox 805 2241 838 2268; x_wconf 89' lang='lat' dir='ltr'><strong>de</strong></span> <span class='ocrx_word' id='word_1_576' title='bbox 855 2241 912 2269; x_wconf 89' lang='lat' dir='ltr'><strong>sole</strong></span> <span class='ocrx_word' id='word_1_577' title='bbox 931 2250 1002 2276; x_wconf 79' lang='lat' dir='ltr'><strong>pra:-</strong></span> 
     </span>
    </p>
   </div>
   <div class='ocr_carea' id='block_1_77' title="bbox 213 2287 1004 2322">
    <p class='ocr_par' dir='ltr' id='par_1_77' title="bbox 213 2287 1004 2322">
     <span class='ocr_line' id='line_1_77' title="bbox 213 2287 1004 2322; baseline -0.003 -7"><span class='ocrx_word' id='word_1_578' title='bbox 213 2289 333 2315; x_wconf 82' lang='lat' dir='ltr'><strong>ciditur‘i</strong></span> <span class='ocrx_word' id='word_1_579' title='bbox 354 2297 388 2316; x_wconf 85' lang='lat' dir='ltr'><strong>an</strong></span> <span class='ocrx_word' id='word_1_580' title='bbox 407 2296 472 2315; x_wconf 84' lang='lat' dir='ltr'><strong>vero</strong></span> <span class='ocrx_word' id='word_1_581' title='bbox 490 2287 601 2315; x_wconf 78' lang='lat' dir='ltr'><strong>deficit?</strong></span> <span class='ocrx_word' id='word_1_582' title='bbox 624 2295 658 2314; x_wconf 92' lang='lat' dir='ltr'><strong>an</strong></span> <span class='ocrx_word' id='word_1_583' title='bbox 681 2287 872 2314; x_wconf 87' lang='lat' dir='ltr'><strong>imminuitur?</strong></span> <span class='ocrx_word' id='word_1_584' title='bbox 894 2287 1004 2322; x_wconf 86' lang='lat' dir='ltr'><strong>Nequa-</strong></span> 
     </span>
    </p>
   </div>
   <div class='ocr_carea' id='block_1_78' title="bbox 211 2333 1003 2368">
    <p class='ocr_par' dir='ltr' id='par_1_78' title="bbox 211 2333 1003 2368">
     <span class='ocr_line' id='line_1_78' title="bbox 211 2333 1003 2368; baseline 0 -8"><span class='ocrx_word' id='word_1_585' title='bbox 211 2341 306 2368; x_wconf 85' lang='lat' dir='ltr'><strong>quam,</strong></span> <span class='ocrx_word' id='word_1_586' title='bbox 326 2333 464 2368; x_wconf 87' lang='lat' dir='ltr'><strong>inquiunt.</strong></span> <span class='ocrx_word' id='word_1_587' title='bbox 481 2333 582 2366; x_wconf 84' lang='lat' dir='ltr'><strong>Quare,</strong></span> <span class='ocrx_word' id='word_1_588' title='bbox 605 2333 628 2360; x_wconf 91' lang='lat' dir='ltr'><strong>si</strong></span> <span class='ocrx_word' id='word_1_589' title='bbox 648 2333 714 2360; x_wconf 90' lang='lat' dir='ltr'><strong>nihil</strong></span> <span class='ocrx_word' id='word_1_590' title='bbox 728 2338 862 2361; x_wconf 76' lang='lat' dir='ltr'><strong>creatura:</strong></span> <span class='ocrx_word' id='word_1_591' title='bbox 881 2333 1003 2361; x_wconf 85' lang='lat' dir='ltr'><strong>detrahi-</strong></span> 
     </span>
    </p>
   </div>
   <div class='ocr_carea' id='block_1_79' title="bbox 1055 1743 1849 1779">
    <p class='ocr_par' dir='ltr' id='par_1_79' title="bbox 1055 1743 1849 1779">
     <span class='ocr_line' id='line_1_79' title="bbox 1055 1743 1849 1779; baseline 0.001 -9"><span class='ocrx_word' id='word_1_592' title='bbox 1055 1745 1104 1779; x_wconf 69' lang='grc' dir='ltr'><strong>οὺχ</strong></span> <span class='ocrx_word' id='word_1_593' title='bbox 1115 1745 1196 1779; x_wconf 79' lang='grc' dir='ltr'>ὅμοια</span> <span class='ocrx_word' id='word_1_594' title='bbox 1215 1743 1264 1779; x_wconf 78' lang='grc' dir='ltr'>μὲν</span> <span class='ocrx_word' id='word_1_595' title='bbox 1289 1744 1450 1778; x_wconf 72' lang='grc' dir='ltr'>φάσκοντες,</span> <span class='ocrx_word' id='word_1_596' title='bbox 1468 1743 1515 1778; x_wconf 71' lang='grc' dir='ltr'><strong>ἀφ’</strong></span> <span class='ocrx_word' id='word_1_597' title='bbox 1530 1743 1631 1778; x_wconf 79' lang='grc' dir='ltr'>ὁμοίων</span> <span class='ocrx_word' id='word_1_598' title='bbox 1651 1744 1679 1770; x_wconf 78' lang='grc' dir='ltr'>δὲ</span> <span class='ocrx_word' id='word_1_599' title='bbox 1693 1744 1746 1770; x_wconf 86' lang='grc' dir='ltr'><strong>τῶν</strong></span> <span class='ocrx_word' id='word_1_600' title='bbox 1759 1745 1849 1771; x_wconf 80' lang='grc' dir='ltr'>αὐτῶν</span> 
     </span>
    </p>
   </div>
   <div class='ocr_carea' id='block_1_80' title="bbox 1055 1789 1848 1826">
    <p class='ocr_par' dir='ltr' id='par_1_80' title="bbox 1055 1789 1848 1826">
     <span class='ocr_line' id='line_1_80' title="bbox 1055 1789 1848 1826; baseline 0.004 -11"><span class='ocrx_word' id='word_1_601' title='bbox 1055 1790 1272 1825; x_wconf 67' lang='grc' dir='ltr'>ἀποστρέφοντες</span> <span class='ocrx_word' id='word_1_602' title='bbox 1299 1789 1387 1824; x_wconf 83' lang='grc' dir='ltr'>κακὴν</span> <span class='ocrx_word' id='word_1_603' title='bbox 1401 1789 1560 1823; x_wconf 83' lang='grc' dir='ltr'>ἀπολογίαν,</span> <span class='ocrx_word' id='word_1_604' title='bbox 1585 1789 1706 1824; x_wconf 78' lang='grc' dir='ltr'>εἴπωμεν</span> <span class='ocrx_word' id='word_1_605' title='bbox 1717 1798 1724 1806; x_wconf 91' lang='grc'><strong>·</strong></span> <span class='ocrx_word' id='word_1_606' title='bbox 1738 1791 1848 1826; x_wconf 76' lang='grc' dir='ltr'>κτίσμα</span> 
     </span>
    </p>
   </div>
   <div class='ocr_carea' id='block_1_81' title="bbox 1056 1834 1848 1870">
    <p class='ocr_par' dir='ltr' id='par_1_81' title="bbox 1056 1834 1848 1870">
     <span class='ocr_line' id='line_1_81' title="bbox 1056 1834 1848 1870; baseline 0.003 -10"><span class='ocrx_word' id='word_1_607' title='bbox 1056 1835 1114 1861; x_wconf 71' lang='grc' dir='ltr'>ἐστὶ</span> <span class='ocrx_word' id='word_1_608' title='bbox 1135 1834 1166 1861; x_wconf 83' lang='grc' dir='ltr'>τὸ</span> <span class='ocrx_word' id='word_1_609' title='bbox 1193 1834 1315 1870; x_wconf 82' lang='grc' dir='ltr'>ἀπείρως</span> <span class='ocrx_word' id='word_1_610' title='bbox 1343 1835 1390 1861; x_wconf 78' lang='grc' dir='ltr'><strong>καὶ</strong></span> <span class='ocrx_word' id='word_1_611' title='bbox 1420 1834 1675 1870; x_wconf 82' lang='grc' dir='ltr'>μυριονταπλασίως</span> <span class='ocrx_word' id='word_1_612' title='bbox 1695 1835 1742 1861; x_wconf 72' lang='grc' dir='ltr'>τοῦ</span> <span class='ocrx_word' id='word_1_613' title='bbox 1763 1835 1848 1862; x_wconf 68' lang='grc' dir='ltr'>αὑτοῦ</span> 
     </span>
    </p>
   </div>
   <div class='ocr_carea' id='block_1_82' title="bbox 1055 1879 1848 1916">
    <p class='ocr_par' dir='ltr' id='par_1_82' title="bbox 1055 1879 1848 1916">
     <span class='ocr_line' id='line_1_82' title="bbox 1055 1879 1848 1916; baseline 0.001 -10"><span class='ocrx_word' id='word_1_614' title='bbox 1055 1880 1188 1907; x_wconf 78' lang='grc' dir='ltr'>Δεσπῦτου</span> <span class='ocrx_word' id='word_1_615' title='bbox 1218 1880 1342 1907; x_wconf 83' lang='grc' dir='ltr'>ἀποδέον.</span> <span class='ocrx_word' id='word_1_616' title='bbox 1366 1880 1422 1906; x_wconf 75' lang='grc' dir='ltr'><strong>Καὶ</strong></span> <span class='ocrx_word' id='word_1_617' title='bbox 1447 1879 1538 1906; x_wconf 83' lang='grc' dir='ltr'>πολλοί</span> <span class='ocrx_word' id='word_1_618' title='bbox 1556 1888 1628 1911; x_wconf 86' lang='grc' dir='ltr'>τινες</span> <span class='ocrx_word' id='word_1_619' title='bbox 1646 1880 1675 1909; x_wconf 77' lang='grc' dir='ltr'>ὲν</span> <span class='ocrx_word' id='word_1_620' title='bbox 1690 1881 1785 1916; x_wconf 73' lang='grc' dir='ltr'>ἐρήμῳ</span> <span class='ocrx_word' id='word_1_621' title='bbox 1804 1882 1848 1907; x_wconf 80' lang='grc' dir='ltr'><strong>ὲν-</strong></span> 
     </span>
    </p>
   </div>
   <div class='ocr_carea' id='block_1_83' title="bbox 1054 1924 1851 1961">
    <p class='ocr_par' dir='ltr' id='par_1_83' title="bbox 1054 1924 1851 1961">
     <span class='ocr_line' id='line_1_83' title="bbox 1054 1924 1851 1961; baseline 0 -9"><span class='ocrx_word' id='word_1_622' title='bbox 1054 1925 1176 1960; x_wconf 83' lang='grc' dir='ltr'>δεόμενοι</span> <span class='ocrx_word' id='word_1_623' title='bbox 1191 1925 1286 1961; x_wconf 82' lang='grc' dir='ltr'>πυρὸς,</span> <span class='ocrx_word' id='word_1_624' title='bbox 1307 1924 1472 1960; x_wconf 77' lang='grc' dir='ltr'>γεμίσαντες</span> <span class='ocrx_word' id='word_1_625' title='bbox 1495 1924 1567 1960; x_wconf 77' lang='grc' dir='ltr'>ὕδωρ</span> <span class='ocrx_word' id='word_1_626' title='bbox 1590 1925 1619 1951; x_wconf 79' lang='grc' dir='ltr'>ὲν</span> <span class='ocrx_word' id='word_1_627' title='bbox 1635 1925 1714 1959; x_wconf 76' lang='grc' dir='ltr'>ἄγγει</span> <span class='ocrx_word' id='word_1_628' title='bbox 1737 1925 1851 1961; x_wconf 83' lang='grc' dir='ltr'>ὑελίνῳ,</span> 
     </span>
    </p>
   </div>
   <div class='ocr_carea' id='block_1_84' title="bbox 1055 1970 1845 2007">
    <p class='ocr_par' dir='ltr' id='par_1_84' title="bbox 1055 1970 1845 2007">
     <span class='ocr_line' id='line_1_84' title="bbox 1055 1970 1845 2007; baseline 0 -10"><span class='ocrx_word' id='word_1_629' title='bbox 1055 1972 1102 1997; x_wconf 79' lang='grc' dir='ltr'>καὶ</span> <span class='ocrx_word' id='word_1_630' title='bbox 1118 1971 1186 2007; x_wconf 78' lang='grc' dir='ltr'>ὓλην</span> <span class='ocrx_word' id='word_1_631' title='bbox 1201 1971 1434 2006; x_wconf 50' lang='grc' dir='ltr'>προσηέγκαντες</span> <span class='ocrx_word' id='word_1_632' title='bbox 1457 1970 1667 2004; x_wconf 76' lang='grc' dir='ltr'>εὐθυφλόγιστον</span> <span class='ocrx_word' id='word_1_633' title='bbox 1691 1971 1723 1997; x_wconf 83' lang='grc' dir='ltr'>ὲκ</span> <span class='ocrx_word' id='word_1_634' title='bbox 1738 1970 1812 1998; x_wconf 87' lang='grc' dir='ltr'>λίνου</span> <span class='ocrx_word' id='word_1_635' title='bbox 1829 1971 1845 2007; x_wconf 81' lang='grc' dir='ltr'>ἢ</span> 
     </span>
    </p>
   </div>
   <div class='ocr_carea' id='block_1_85' title="bbox 1055 2016 1845 2053">
    <p class='ocr_par' dir='ltr' id='par_1_85' title="bbox 1055 2016 1845 2053">
     <span class='ocr_line' id='line_1_85' title="bbox 1055 2016 1845 2053; baseline 0 -10"><span class='ocrx_word' id='word_1_636' title='bbox 1055 2018 1088 2043; x_wconf 83' lang='grc' dir='ltr'>ὲκ</span> <span class='ocrx_word' id='word_1_637' title='bbox 1109 2016 1259 2043; x_wconf 88' lang='grc' dir='ltr'>στυππείου</span> <span class='ocrx_word' id='word_1_638' title='bbox 1289 2016 1487 2052; x_wconf 81' lang='grc' dir='ltr'>πεποιημένην,</span> <span class='ocrx_word' id='word_1_639' title='bbox 1509 2016 1632 2043; x_wconf 82' lang='grc' dir='ltr'>ἵστανται</span> <span class='ocrx_word' id='word_1_640' title='bbox 1655 2016 1769 2053; x_wconf 82' lang='grc' dir='ltr'>ἀντικρὺ</span> <span class='ocrx_word' id='word_1_641' title='bbox 1798 2017 1845 2044; x_wconf 79' lang='grc' dir='ltr'>τοῦ</span> 
     </span>
    </p>
   </div>
   <div class='ocr_carea' id='block_1_86' title="bbox 1055 2061 1846 2098">
    <p class='ocr_par' dir='ltr' id='par_1_86' title="bbox 1055 2061 1846 2098">
     <span class='ocr_line' id='line_1_86' title="bbox 1055 2061 1846 2098; baseline 0.001 -11"><span class='ocrx_word' id='word_1_642' title='bbox 1055 2061 1131 2098; x_wconf 77' lang='grc' dir='ltr'>ἡλίου</span> <span class='ocrx_word' id='word_1_643' title='bbox 1146 2061 1196 2096; x_wconf 88' lang='grc' dir='ltr'><strong>τῆς</strong></span> <span class='ocrx_word' id='word_1_644' title='bbox 1220 2061 1415 2097; x_wconf 80' lang='grc' dir='ltr'>μαρμαρυγῆς,</span> <span class='ocrx_word' id='word_1_645' title='bbox 1432 2061 1486 2087; x_wconf 79' lang='grc' dir='ltr'><strong>ἀπὸ</strong></span> <span class='ocrx_word' id='word_1_646' title='bbox 1499 2061 1547 2097; x_wconf 86' lang='grc' dir='ltr'><strong>τῆς</strong></span> <span class='ocrx_word' id='word_1_647' title='bbox 1569 2061 1646 2088; x_wconf 77' lang='grc' dir='ltr'>ὑέλου</span> <span class='ocrx_word' id='word_1_648' title='bbox 1663 2061 1846 2096; x_wconf 81' lang='grc' dir='ltr'>καταυγαζού-</span> 
     </span>
    </p>
   </div>
   <div class='ocr_carea' id='block_1_87' title="bbox 1056 2107 1844 2143">
    <p class='ocr_par' dir='ltr' id='par_1_87' title="bbox 1056 2107 1844 2143">
     <span class='ocr_line' id='line_1_87' title="bbox 1056 2107 1844 2143; baseline 0 -9"><span class='ocrx_word' id='word_1_649' title='bbox 1056 2116 1106 2143; x_wconf 88' lang='grc' dir='ltr'><strong>σης</strong></span> <span class='ocrx_word' id='word_1_650' title='bbox 1124 2108 1164 2140; x_wconf 79' lang='grc' dir='ltr'><strong>είς</strong></span> <span class='ocrx_word' id='word_1_651' title='bbox 1184 2107 1235 2143; x_wconf 82' lang='grc' dir='ltr'>τὴν</span> <span class='ocrx_word' id='word_1_652' title='bbox 1260 2107 1442 2142; x_wconf 77' lang='grc' dir='ltr'>ὑποκειμένην</span> <span class='ocrx_word' id='word_1_653' title='bbox 1461 2107 1537 2142; x_wconf 78' lang='grc' dir='ltr'>ὓλην,</span> <span class='ocrx_word' id='word_1_654' title='bbox 1557 2107 1604 2134; x_wconf 78' lang='grc' dir='ltr'>καὶ</span> <span class='ocrx_word' id='word_1_655' title='bbox 1623 2107 1704 2138; x_wconf 77' lang='grc' dir='ltr'>εὐθὺς</span> <span class='ocrx_word' id='word_1_656' title='bbox 1722 2107 1777 2134; x_wconf 79' lang='grc' dir='ltr'><strong>ἀπὸ</strong></span> <span class='ocrx_word' id='word_1_657' title='bbox 1798 2107 1844 2134; x_wconf 80' lang='grc' dir='ltr'>τοῦ</span> 
     </span>
    </p>
   </div>
   <div class='ocr_carea' id='block_1_88' title="bbox 1055 2151 1842 2188">
    <p class='ocr_par' dir='ltr' id='par_1_88' title="bbox 1055 2151 1842 2188">
     <span class='ocr_line' id='line_1_88' title="bbox 1055 2151 1842 2188; baseline 0.001 -10"><span class='ocrx_word' id='word_1_658' title='bbox 1055 2153 1140 2188; x_wconf 79' lang='grc' dir='ltr'>πυρὸς</span> <span class='ocrx_word' id='word_1_659' title='bbox 1159 2152 1206 2178; x_wconf 76' lang='grc' dir='ltr'><strong>τοῦ</strong></span> <span class='ocrx_word' id='word_1_660' title='bbox 1237 2151 1312 2187; x_wconf 67' lang='grc' dir='ltr'>ἡλίου</span> <span class='ocrx_word' id='word_1_661' title='bbox 1338 2151 1516 2186; x_wconf 77' lang='grc' dir='ltr'>λαμϐάνεται,</span> <span class='ocrx_word' id='word_1_662' title='bbox 1537 2152 1583 2178; x_wconf 70' lang='grc' dir='ltr'>καὶ</span> <span class='ocrx_word' id='word_1_663' title='bbox 1603 2152 1713 2184; x_wconf 78' lang='grc' dir='ltr'>ἐξάπτει</span> <span class='ocrx_word' id='word_1_664' title='bbox 1730 2152 1760 2178; x_wconf 76' lang='grc' dir='ltr'><strong>τὸ</strong></span> <span class='ocrx_word' id='word_1_665' title='bbox 1779 2152 1842 2187; x_wconf 83' lang='grc' dir='ltr'><strong>πῦρ.</strong></span> 
     </span>
    </p>
   </div>
   <div class='ocr_carea' id='block_1_89' title="bbox 1054 2196 1842 2233">
    <p class='ocr_par' dir='ltr' id='par_1_89' title="bbox 1054 2196 1842 2233">
     <span class='ocr_line' id='line_1_89' title="bbox 1054 2196 1842 2233; baseline 0.001 -9"><span class='ocrx_word' id='word_1_666' title='bbox 1054 2196 1128 2233; x_wconf 65' lang='grc' dir='ltr'>’Λρα</span> <span class='ocrx_word' id='word_1_667' title='bbox 1140 2198 1268 2232; x_wconf 80' lang='grc' dir='ltr'>τέμνεται</span> <span class='ocrx_word' id='word_1_668' title='bbox 1286 2198 1300 2224; x_wconf 75' lang='grc' dir='ltr'>ὁ</span> <span class='ocrx_word' id='word_1_669' title='bbox 1323 2198 1398 2232; x_wconf 73' lang='grc' dir='ltr'>ἣλιος</span> <span class='ocrx_word' id='word_1_670' title='bbox 1410 2197 1453 2224; x_wconf 77' lang='grc' dir='ltr'><strong>διὰ</strong></span> <span class='ocrx_word' id='word_1_671' title='bbox 1469 2198 1519 2233; x_wconf 85' lang='grc' dir='ltr'><strong>τῆς</strong></span> <span class='ocrx_word' id='word_1_672' title='bbox 1537 2197 1654 2232; x_wconf 81' lang='grc' dir='ltr'>μετοχῆς</span> <span class='ocrx_word' id='word_1_673' title='bbox 1669 2197 1720 2232; x_wconf 83' lang='grc' dir='ltr'><strong>τῆς</strong></span> <span class='ocrx_word' id='word_1_674' title='bbox 1731 2199 1842 2230; x_wconf 75' lang='grc' dir='ltr'>οὺσῐαςς</span> 
     </span>
    </p>
   </div>
   <div class='ocr_carea' id='block_1_90' title="bbox 1055 2240 1842 2278">
    <p class='ocr_par' dir='ltr' id='par_1_90' title="bbox 1055 2240 1842 2278">
     <span class='ocr_line' id='line_1_90' title="bbox 1055 2240 1842 2278; baseline -0.003 -9"><span class='ocrx_word' id='word_1_675' title='bbox 1055 2241 1129 2278; x_wconf 78' lang='grc' dir='ltr'>Ἀρα</span> <span class='ocrx_word' id='word_1_676' title='bbox 1157 2242 1312 2277; x_wconf 69' lang='grc' dir='ltr'>ὲνέλειψενς</span> <span class='ocrx_word' id='word_1_677' title='bbox 1335 2240 1408 2277; x_wconf 60' lang='grc' dir='ltr'>*Αρα</span> <span class='ocrx_word' id='word_1_678' title='bbox 1427 2241 1566 2277; x_wconf 75' lang='grc' dir='ltr'>ὲμειὼθη;</span> <span class='ocrx_word' id='word_1_679' title='bbox 1596 2242 1673 2276; x_wconf 70' lang='grc' dir='ltr'>Οὐχὶ,</span> <span class='ocrx_word' id='word_1_680' title='bbox 1703 2241 1795 2276; x_wconf 82' lang='grc' dir='ltr'>φασίν.</span> <span class='ocrx_word' id='word_1_681' title='bbox 1811 2241 1842 2268; x_wconf 81' lang='lat' dir='ltr'><strong>El</strong></span> 
     </span>
    </p>
   </div>
   <div class='ocr_carea' id='block_1_91' title="bbox 1054 2286 1842 2322">
    <p class='ocr_par' dir='ltr' id='par_1_91' title="bbox 1054 2286 1842 2322">
     <span class='ocr_line' id='line_1_91' title="bbox 1054 2286 1842 2322; baseline -0.003 -8"><span class='ocrx_word' id='word_1_682' title='bbox 1054 2288 1142 2314; x_wconf 84' lang='grc' dir='ltr'>τοίνυν</span> <span class='ocrx_word' id='word_1_683' title='bbox 1157 2287 1259 2322; x_wconf 83' lang='grc' dir='ltr'>κτίσμα</span> <span class='ocrx_word' id='word_1_684' title='bbox 1282 2287 1319 2314; x_wconf 84' lang='grc' dir='ltr'>ὢν</span> <span class='ocrx_word' id='word_1_685' title='bbox 1342 2287 1392 2313; x_wconf 78' lang='grc' dir='ltr'>οὐκ</span> <span class='ocrx_word' id='word_1_686' title='bbox 1415 2286 1544 2322; x_wconf 78' lang='grc' dir='ltr'>ὲμειώοη,</span> <span class='ocrx_word' id='word_1_687' title='bbox 1568 2287 1643 2321; x_wconf 78' lang='grc' dir='ltr'><strong>πόσῳ</strong></span> <span class='ocrx_word' id='word_1_688' title='bbox 1665 2295 1696 2320; x_wconf 81' lang='grc' dir='ltr'><strong>γε</strong></span> <span class='ocrx_word' id='word_1_689' title='bbox 1711 2286 1811 2321; x_wconf 85' lang='grc' dir='ltr'>μᾶλλον</span> <span class='ocrx_word' id='word_1_690' title='bbox 1829 2287 1842 2312; x_wconf 82' lang='grc'>6</span> 
     </span>
    </p>
   </div>
   <div class='ocr_carea' id='block_1_92' title="bbox 1054 2331 1842 2369">
    <p class='ocr_par' dir='ltr' id='par_1_92' title="bbox 1054 2331 1842 2369">
     <span class='ocr_line' id='line_1_92' title="bbox 1054 2331 1842 2369; baseline -0.005 -8"><span class='ocrx_word' id='word_1_691' title='bbox 1054 2335 1168 2369; x_wconf 80' lang='grc' dir='ltr'>ἄπειρος</span> <span class='ocrx_word' id='word_1_692' title='bbox 1182 2334 1228 2360; x_wconf 79' lang='grc' dir='ltr'>καὶ</span> <span class='ocrx_word' id='word_1_693' title='bbox 1250 2333 1440 2368; x_wconf 79' lang='grc' dir='ltr'>ἁκατάλητττος</span> <span class='ocrx_word' id='word_1_694' title='bbox 1460 2333 1507 2359; x_wconf 72' lang='grc' dir='ltr'><strong>καὶ</strong></span> <span class='ocrx_word' id='word_1_695' title='bbox 1521 2333 1654 2368; x_wconf 77' lang='grc' dir='ltr'>ἄχραντος</span> <span class='ocrx_word' id='word_1_696' title='bbox 1668 2331 1705 2358; x_wconf 82' lang='grc' dir='ltr'><strong>ὢν</strong></span> <span class='ocrx_word' id='word_1_697' title='bbox 1724 2332 1800 2363; x_wconf 83' lang='grc' dir='ltr'>Θεὺς,</span> <span class='ocrx_word' id='word_1_698' title='bbox 1814 2331 1842 2364; x_wconf 78' lang='grc' dir='ltr'>ἐξ</span> 
     </span>
    </p>
   </div>
   <div class='ocr_carea' id='block_1_93' title="bbox 213 2378 1003 2416">
    <p class='ocr_par' dir='ltr' id='par_1_93' title="bbox 213 2380 1001 2416">
     <span class='ocr_line' id='line_1_93' title="bbox 213 2380 1001 2416; baseline 0.003 -10"><span class='ocrx_word' id='word_1_699' title='bbox 213 2383 260 2406; x_wconf 81' lang='lat' dir='ltr'><strong>tur</strong></span> <span class='ocrx_word' id='word_1_700' title='bbox 271 2401 278 2411; x_wconf 94' lang='lat'><strong>,</strong></span> <span class='ocrx_word' id='word_1_701' title='bbox 295 2385 397 2414; x_wconf 89' lang='lat' dir='ltr'><strong>quanto</strong></span> <span class='ocrx_word' id='word_1_702' title='bbox 412 2381 498 2415; x_wconf 80' lang='lat' dir='ltr'><strong>magis</strong></span> <span class='ocrx_word' id='word_1_703' title='bbox 511 2381 633 2408; x_wconf 84' lang='lat' dir='ltr'><strong>infinitus</strong></span> <span class='ocrx_word' id='word_1_704' title='bbox 646 2380 700 2413; x_wconf 88' lang='lat' dir='ltr'><strong>ille,</strong></span> <span class='ocrx_word' id='word_1_705' title='bbox 715 2380 959 2416; x_wconf 78' lang='lat' dir='ltr'><strong>incomprehensus</strong></span> <span class='ocrx_word' id='word_1_706' title='bbox 974 2385 1001 2408; x_wconf 89' lang='lat' dir='ltr'><strong>et</strong></span> 
     </span>
    </p>
   </div>
   <div class='ocr_carea' id='block_1_94' title="bbox 1056 2378 1841 2416">
    <p class='ocr_par' dir='ltr' id='par_1_94' title="bbox 1056 2378 1841 2414">
     <span class='ocr_line' id='line_1_94' title="bbox 1056 2378 1841 2414; baseline -0.003 -8"><span class='ocrx_word' id='word_1_707' title='bbox 1056 2379 1150 2407; x_wconf 72' lang='grc' dir='ltr'>ἑαυτοῦ</span> <span class='ocrx_word' id='word_1_708' title='bbox 1168 2380 1312 2414; x_wconf 80' lang='grc' dir='ltr'>γεννήσας,</span> <span class='ocrx_word' id='word_1_709' title='bbox 1325 2379 1433 2414; x_wconf 79' lang='grc' dir='ltr'>πνεῦμα</span> <span class='ocrx_word' id='word_1_710' title='bbox 1447 2379 1494 2411; x_wconf 83' lang='grc' dir='ltr'>ὢν,</span> <span class='ocrx_word' id='word_1_711' title='bbox 1511 2379 1576 2405; x_wconf 83' lang='grc' dir='ltr'>Θεὸν</span> <span class='ocrx_word' id='word_1_712' title='bbox 1591 2378 1686 2413; x_wconf 85' lang='grc' dir='ltr'>Λόγον,</span> <span class='ocrx_word' id='word_1_713' title='bbox 1704 2378 1841 2413; x_wconf 74' lang='grc' dir='ltr'>ἄφραστον</span> 
     </span>
    </p>
   </div>
   <div class='ocr_carea' id='block_1_95' title="bbox 213 2425 1002 2462">
    <p class='ocr_par' dir='ltr' id='par_1_95' title="bbox 213 2425 1002 2462">
     <span class='ocr_line' id='line_1_95' title="bbox 213 2425 1002 2462; baseline 0.001 -10"><span class='ocrx_word' id='word_1_714' title='bbox 213 2425 448 2453; x_wconf 86' lang='lat' dir='ltr'><strong>inconlauiinatus</strong></span> <span class='ocrx_word' id='word_1_715' title='bbox 472 2425 555 2459; x_wconf 87' lang='lat' dir='ltr'><strong>Deus,</strong></span> <span class='ocrx_word' id='word_1_716' title='bbox 578 2434 593 2454; x_wconf 90' lang='lat' dir='ltr'><strong>e</strong></span> <span class='ocrx_word' id='word_1_717' title='bbox 616 2434 646 2454; x_wconf 88' lang='lat' dir='ltr'><strong>se</strong></span> <span class='ocrx_word' id='word_1_718' title='bbox 666 2426 725 2462; x_wconf 88' lang='lat' dir='ltr'><strong>ipso</strong></span> <span class='ocrx_word' id='word_1_719' title='bbox 746 2427 872 2462; x_wconf 78' lang='lat' dir='ltr'><strong>gignens,</strong></span> <span class='ocrx_word' id='word_1_720' title='bbox 887 2435 948 2453; x_wconf 90' lang='lat' dir='ltr'><strong>cum</strong></span> <span class='ocrx_word' id='word_1_721' title='bbox 966 2426 1002 2453; x_wconf 88' lang='lat' dir='ltr'><strong>sit</strong></span> 
     </span>
    </p>
   </div>
   <div class='ocr_carea' id='block_1_96' title="bbox 213 2470 1000 2508">
    <p class='ocr_par' dir='ltr' id='par_1_96' title="bbox 213 2470 1000 2508">
     <span class='ocr_line' id='line_1_96' title="bbox 213 2470 1000 2508; baseline -0.001 -9"><span class='ocrx_word' id='word_1_722' title='bbox 213 2471 337 2506; x_wconf 81' lang='lat' dir='ltr'><strong>spiritus,</strong></span> <span class='ocrx_word' id='word_1_723' title='bbox 353 2470 437 2498; x_wconf 86' lang='lat' dir='ltr'><strong>Deum</strong></span> <span class='ocrx_word' id='word_1_724' title='bbox 450 2471 580 2504; x_wconf 85' lang='lat' dir='ltr'><strong>Verbum,</strong></span> <span class='ocrx_word' id='word_1_725' title='bbox 593 2473 640 2508; x_wconf 91' lang='lat' dir='ltr'><strong>qui</strong></span> <span class='ocrx_word' id='word_1_726' title='bbox 656 2481 707 2500; x_wconf 88' lang='lat' dir='ltr'><strong>nee</strong></span> <span class='ocrx_word' id='word_1_727' title='bbox 718 2473 843 2500; x_wconf 88' lang='lat' dir='ltr'><strong>oratione</strong></span> <span class='ocrx_word' id='word_1_728' title='bbox 856 2473 1000 2504; x_wconf 83' lang='lat' dir='ltr'><strong>declarari,</strong></span> 
     </span>
    </p>
   </div>
   <div class='ocr_carea' id='block_1_97' title="bbox 212 2518 1001 2554">
    <p class='ocr_par' dir='ltr' id='par_1_97' title="bbox 212 2518 1001 2554">
     <span class='ocr_line' id='line_1_97' title="bbox 212 2518 1001 2554; baseline 0.003 -10"><span class='ocrx_word' id='word_1_729' title='bbox 212 2524 264 2544; x_wconf 84' lang='lat' dir='ltr'><strong>nec</strong></span> <span class='ocrx_word' id='word_1_730' title='bbox 280 2518 454 2552; x_wconf 84' lang='lat' dir='ltr'><strong>intelligentia</strong></span> <span class='ocrx_word' id='word_1_731' title='bbox 469 2519 663 2554; x_wconf 84' lang='lat' dir='ltr'><strong>comprehendi</strong></span> <span class='ocrx_word' id='word_1_732' title='bbox 676 2523 773 2554; x_wconf 82' lang='lat' dir='ltr'><strong>potest,</strong></span> <span class='ocrx_word' id='word_1_733' title='bbox 786 2523 813 2546; x_wconf 91' lang='lat' dir='ltr'><strong>ct</strong></span> <span class='ocrx_word' id='word_1_734' title='bbox 825 2519 1001 2554; x_wconf 85' lang='lat' dir='ltr'><strong>incorruptus</strong></span> 
     </span>
    </p>
   </div>
   <div class='ocr_carea' id='block_1_98' title="bbox 211 2564 1001 2600">
    <p class='ocr_par' dir='ltr' id='par_1_98' title="bbox 211 2564 1001 2600">
     <span class='ocr_line' id='line_1_98' title="bbox 211 2564 1001 2600; baseline 0.001 -10"><span class='ocrx_word' id='word_1_735' title='bbox 211 2566 265 2594; x_wconf 85' lang='lat' dir='ltr'><strong>est,</strong></span> <span class='ocrx_word' id='word_1_736' title='bbox 285 2564 409 2590; x_wconf 88' lang='lat' dir='ltr'><strong>eumdem</strong></span> <span class='ocrx_word' id='word_1_737' title='bbox 434 2565 522 2600; x_wconf 91' lang='lat' dir='ltr'><strong>ipsum</strong></span> <span class='ocrx_word' id='word_1_738' title='bbox 543 2566 602 2593; x_wconf 88' lang='lat' dir='ltr'><strong>sine</strong></span> <span class='ocrx_word' id='word_1_739' title='bbox 618 2565 663 2592; x_wconf 83' lang='lat' dir='ltr'><strong>illa</strong></span> <span class='ocrx_word' id='word_1_740' title='bbox 678 2565 832 2600; x_wconf 87' lang='lat' dir='ltr'><strong>corruptela</strong></span> <span class='ocrx_word' id='word_1_741' title='bbox 859 2565 952 2600; x_wconf 79' lang='lat' dir='ltr'><strong>genuit</strong></span> <span class='ocrx_word' id='word_1_742' title='bbox 969 2573 1001 2591; x_wconf 83' lang='lat' dir='ltr'><strong>ac</strong></span> 
     </span>
    </p>
   </div>
   <div class='ocr_carea' id='block_1_99' title="bbox 211 2608 999 2641">
    <p class='ocr_par' dir='ltr' id='par_1_99' title="bbox 211 2608 999 2641">
     <span class='ocr_line' id='line_1_99' title="bbox 211 2608 999 2641; baseline 0.003 -7"><span class='ocrx_word' id='word_1_743' title='bbox 211 2608 272 2636; x_wconf 75' lang='lat' dir='ltr'><strong>sine</strong></span> <span class='ocrx_word' id='word_1_744' title='bbox 291 2608 434 2637; x_wconf 69' lang='lat' dir='ltr'><strong>alfectione</strong></span> <span class='ocrx_word' id='word_1_745' title='bbox 459 2610 501 2638; x_wconf 89' lang='lat' dir='ltr'><strong>vel</strong></span> <span class='ocrx_word' id='word_1_746' title='bbox 526 2611 648 2638; x_wconf 87' lang='lat' dir='ltr'><strong>sectione</strong></span> <span class='ocrx_word' id='word_1_747' title='bbox 665 2611 707 2637; x_wconf 90' lang='lat' dir='ltr'><strong>vel</strong></span> <span class='ocrx_word' id='word_1_748' title='bbox 734 2610 925 2641; x_wconf 87' lang='lat' dir='ltr'><strong>diminutione,</strong></span> <span class='ocrx_word' id='word_1_749' title='bbox 952 2610 999 2637; x_wconf 89' lang='lat' dir='ltr'><strong>sed</strong></span> 
     </span>
    </p>
   </div>
   <div class='ocr_carea' id='block_1_100' title="bbox 211 2654 999 2691">
    <p class='ocr_par' dir='ltr' id='par_1_100' title="bbox 211 2654 999 2691">
     <span class='ocr_line' id='line_1_100' title="bbox 211 2654 999 2691; baseline 0.003 -10"><span class='ocrx_word' id='word_1_750' title='bbox 211 2654 351 2689; x_wconf 83' lang='lat' dir='ltr'><strong>perfectus</strong></span> <span class='ocrx_word' id='word_1_751' title='bbox 375 2656 525 2691; x_wconf 86' lang='lat' dir='ltr'><strong>perfectum</strong></span> <span class='ocrx_word' id='word_1_752' title='bbox 544 2656 717 2691; x_wconf 83' lang='lat' dir='ltr'><strong>perfecteque</strong></span> <span class='ocrx_word' id='word_1_753' title='bbox 732 2656 878 2691; x_wconf 79' lang='lat' dir='ltr'><strong>produxit?</strong></span> <span class='ocrx_word' id='word_1_754' title='bbox 895 2657 934 2682; x_wconf 78' lang='lat' dir='ltr'><strong>An</strong></span> <span class='ocrx_word' id='word_1_755' title='bbox 951 2664 999 2683; x_wconf 90' lang='lat' dir='ltr'><strong>na-</strong></span> 
     </span>
    </p>
   </div>
   <div class='ocr_carea' id='block_1_101' title="bbox 210 2701 999 2737">
    <p class='ocr_par' dir='ltr' id='par_1_101' title="bbox 210 2701 999 2737">
     <span class='ocr_line' id='line_1_101' title="bbox 210 2701 999 2737; baseline 0 -9"><span class='ocrx_word' id='word_1_756' title='bbox 210 2705 272 2728; x_wconf 88' lang='lat' dir='ltr'><strong>tura</strong></span> <span class='ocrx_word' id='word_1_757' title='bbox 293 2701 402 2736; x_wconf 86' lang='lat' dir='ltr'><strong>quidem</strong></span> <span class='ocrx_word' id='word_1_758' title='bbox 421 2703 492 2737; x_wconf 82' lang='lat' dir='ltr'><strong>iguis</strong></span> <span class='ocrx_word' id='word_1_759' title='bbox 511 2703 604 2737; x_wconf 89' lang='lat' dir='ltr'><strong>plures</strong></span> <span class='ocrx_word' id='word_1_760' title='bbox 625 2701 660 2728; x_wconf 83' lang='lat' dir='ltr'><strong>ab</strong></span> <span class='ocrx_word' id='word_1_761' title='bbox 676 2709 729 2728; x_wconf 84' lang='lat' dir='ltr'><strong>una</strong></span> <span class='ocrx_word' id='word_1_762' title='bbox 753 2702 882 2730; x_wconf 86' lang='lat' dir='ltr'><strong>lucernas</strong></span> <span class='ocrx_word' id='word_1_763' title='bbox 899 2709 999 2729; x_wconf 81' lang='lat' dir='ltr'><strong>accen-</strong></span> 
     </span>
    </p>
   </div>
   <div class='ocr_carea' id='block_1_102' title="bbox 208 2746 999 2783">
    <p class='ocr_par' dir='ltr' id='par_1_102' title="bbox 208 2746 999 2783">
     <span class='ocr_line' id='line_1_102' title="bbox 208 2746 999 2783; baseline 0 -9"><span class='ocrx_word' id='word_1_764' title='bbox 208 2746 266 2780; x_wconf 80' lang='lat' dir='ltr'><strong>dit;</strong></span> <span class='ocrx_word' id='word_1_765' title='bbox 292 2746 346 2782; x_wconf 75' lang='lat'><strong>52</strong></span> <span class='ocrx_word' id='word_1_766' title='bbox 375 2755 464 2783; x_wconf 83' lang='lat' dir='ltr'><strong>neque</strong></span> <span class='ocrx_word' id='word_1_767' title='bbox 490 2748 578 2782; x_wconf 80' lang='lat' dir='ltr'><strong>prima</strong></span> <span class='ocrx_word' id='word_1_768' title='bbox 605 2747 751 2780; x_wconf 86' lang='lat' dir='ltr'><strong>minuitur;</strong></span> <span class='ocrx_word' id='word_1_769' title='bbox 784 2756 878 2775; x_wconf 81' lang='lat' dir='ltr'><strong>verum</strong></span> <span class='ocrx_word' id='word_1_770' title='bbox 908 2752 999 2782; x_wconf 79' lang='lat' dir='ltr'><strong>potest</strong></span> 
     </span>
    </p>
   </div>
   <div class='ocr_carea' id='block_1_103' title="bbox 247 2832 808 2870">
    <p class='ocr_par' dir='ltr' id='par_1_103' title="bbox 247 2832 808 2870">
     <span class='ocr_line' id='line_1_103' title="bbox 247 2832 808 2870; baseline 0 -8"><span class='ocrx_word' id='word_1_771' title='bbox 247 2833 257 2850; x_wconf 82' lang='lat'>&#39;</span> <span class='ocrx_word' id='word_1_772' title='bbox 275 2832 355 2862; x_wconf 77' lang='lat' dir='ltr'><strong>Joan.</strong></span> <span class='ocrx_word' id='word_1_773' title='bbox 378 2841 415 2868; x_wconf 88' lang='grc' dir='ltr'><strong>ιν,</strong></span> <span class='ocrx_word' id='word_1_774' title='bbox 435 2833 480 2862; x_wconf 65' lang='lat' dir='ltr'><strong>ﬁt.</strong></span> <span class='ocrx_word' id='word_1_775' title='bbox 519 2835 529 2850; x_wconf 84' lang='grc'>¹</span> <span class='ocrx_word' id='word_1_776' title='bbox 544 2834 609 2870; x_wconf 78' lang='lat' dir='ltr'><strong>lleg.</strong></span> <span class='ocrx_word' id='word_1_777' title='bbox 631 2833 715 2870; x_wconf 78' lang='grc' dir='ltr'>πάθη,</span> <span class='ocrx_word' id='word_1_778' title='bbox 729 2834 808 2863; x_wconf 69' lang='grc' dir='ltr'><strong>πάθε.</strong></span> 
     </span>
    </p>
   </div>
   <div class='ocr_carea' id='block_1_104' title="bbox 1055 2425 1840 2462">
    <p class='ocr_par' dir='ltr' id='par_1_104' title="bbox 1055 2425 1840 2462">
     <span class='ocr_line' id='line_1_104' title="bbox 1055 2425 1840 2462; baseline -0.001 -9"><span class='ocrx_word' id='word_1_779' title='bbox 1055 2426 1101 2453; x_wconf 74' lang='grc' dir='ltr'>καὶ</span> <span class='ocrx_word' id='word_1_780' title='bbox 1120 2426 1312 2462; x_wconf 81' lang='grc' dir='ltr'>ἀκατάληπτον</span> <span class='ocrx_word' id='word_1_781' title='bbox 1336 2426 1383 2452; x_wconf 74' lang='grc' dir='ltr'>καὶ</span> <span class='ocrx_word' id='word_1_782' title='bbox 1402 2425 1539 2461; x_wconf 57' lang='grc' dir='ltr'>ἄφθαρτον</span> <span class='ocrx_word' id='word_1_783' title='bbox 1558 2425 1586 2451; x_wconf 83' lang='grc' dir='ltr'>ἐν</span> <span class='ocrx_word' id='word_1_784' title='bbox 1608 2425 1747 2460; x_wconf 73' lang='grc' dir='ltr'>ἀφθαρσίᾳ</span> <span class='ocrx_word' id='word_1_785' title='bbox 1766 2425 1840 2459; x_wconf 75' lang='grc' dir='ltr'><strong>ὲγέν-</strong></span> 
     </span>
    </p>
   </div>
   <div class='ocr_carea' id='block_1_105' title="bbox 1055 2471 1837 2508">
    <p class='ocr_par' dir='ltr' id='par_1_105' title="bbox 1055 2471 1837 2508">
     <span class='ocr_line' id='line_1_105' title="bbox 1055 2471 1837 2508; baseline -0.003 -9"><span class='ocrx_word' id='word_1_786' title='bbox 1055 2481 1145 2508; x_wconf 82' lang='grc' dir='ltr'>νησεν,</span> <span class='ocrx_word' id='word_1_787' title='bbox 1163 2473 1192 2499; x_wconf 81' lang='grc' dir='ltr'>οὺ</span> <span class='ocrx_word' id='word_1_788' title='bbox 1208 2472 1252 2499; x_wconf 75' lang='grc' dir='ltr'><strong>διὰ</strong></span> <span class='ocrx_word' id='word_1_789' title='bbox 1265 2471 1377 2504; x_wconf 80' lang='grc' dir='ltr'>πάθους,</span> <span class='ocrx_word' id='word_1_790' title='bbox 1394 2472 1424 2497; x_wconf 84' lang='grc' dir='ltr'>οὺ</span> <span class='ocrx_word' id='word_1_791' title='bbox 1441 2471 1484 2498; x_wconf 78' lang='grc' dir='ltr'><strong>διὰ</strong></span> <span class='ocrx_word' id='word_1_792' title='bbox 1495 2471 1590 2506; x_wconf 80' lang='grc' dir='ltr'>τομῆς,</span> <span class='ocrx_word' id='word_1_793' title='bbox 1605 2471 1635 2497; x_wconf 74' lang='grc' dir='ltr'>οὐ</span> <span class='ocrx_word' id='word_1_794' title='bbox 1644 2471 1677 2497; x_wconf 85' lang='grc' dir='ltr'>δι’</span> <span class='ocrx_word' id='word_1_795' title='bbox 1686 2471 1837 2506; x_wconf 75' lang='grc' dir='ltr'>ἐλλείψεως.</span> 
     </span>
    </p>
   </div>
   <div class='ocr_carea' id='block_1_106' title="bbox 1056 2517 1838 2552">
    <p class='ocr_par' dir='ltr' id='par_1_106' title="bbox 1056 2517 1838 2552">
     <span class='ocr_line' id='line_1_106' title="bbox 1056 2517 1838 2552; baseline -0.001 -8"><span class='ocrx_word' id='word_1_796' title='bbox 1056 2518 1124 2545; x_wconf 77' lang='grc' dir='ltr'>ἀλλὰ</span> <span class='ocrx_word' id='word_1_797' title='bbox 1139 2518 1241 2549; x_wconf 75' lang='grc' dir='ltr'>τέλειος</span> <span class='ocrx_word' id='word_1_798' title='bbox 1259 2518 1360 2544; x_wconf 81' lang='grc' dir='ltr'>τέλειον</span> <span class='ocrx_word' id='word_1_799' title='bbox 1379 2517 1407 2543; x_wconf 73' lang='grc' dir='ltr'>ἐν</span> <span class='ocrx_word' id='word_1_800' title='bbox 1427 2517 1590 2552; x_wconf 78' lang='grc' dir='ltr'>τελειότητι;</span> <span class='ocrx_word' id='word_1_801' title='bbox 1609 2517 1662 2543; x_wconf 73' lang='grc' dir='ltr'><strong>Καὶ</strong></span> <span class='ocrx_word' id='word_1_802' title='bbox 1681 2518 1697 2552; x_wconf 85' lang='grc' dir='ltr'>ἡ</span> <span class='ocrx_word' id='word_1_803' title='bbox 1725 2517 1773 2552; x_wconf 81' lang='grc' dir='ltr'>μὲν</span> <span class='ocrx_word' id='word_1_804' title='bbox 1795 2517 1838 2543; x_wconf 73' lang='grc' dir='ltr'>τοῦ</span> 
     </span>
    </p>
   </div>
   <div class='ocr_carea' id='block_1_107' title="bbox 1056 2561 1838 2598">
    <p class='ocr_par' dir='ltr' id='par_1_107' title="bbox 1056 2561 1838 2598">
     <span class='ocr_line' id='line_1_107' title="bbox 1056 2561 1838 2598; baseline 0 -10"><span class='ocrx_word' id='word_1_805' title='bbox 1056 2563 1141 2598; x_wconf 84' lang='grc' dir='ltr'>πυρὸς</span> <span class='ocrx_word' id='word_1_806' title='bbox 1160 2562 1238 2597; x_wconf 70' lang='grc' dir='ltr'>φύσις</span> <span class='ocrx_word' id='word_1_807' title='bbox 1249 2561 1363 2594; x_wconf 71' lang='grc' dir='ltr'>πολλοὺς</span> <span class='ocrx_word' id='word_1_808' title='bbox 1375 2562 1486 2597; x_wconf 77' lang='grc' dir='ltr'>λύχνους</span> <span class='ocrx_word' id='word_1_809' title='bbox 1500 2562 1580 2589; x_wconf 75' lang='grc' dir='ltr'>ἅπτει</span> <span class='ocrx_word' id='word_1_810' title='bbox 1596 2562 1650 2589; x_wconf 80' lang='grc' dir='ltr'><strong>ἀπὸ</strong></span> <span class='ocrx_word' id='word_1_811' title='bbox 1667 2562 1734 2594; x_wconf 71' lang='grc' dir='ltr'>ἑνὸς,</span> <span class='ocrx_word' id='word_1_812' title='bbox 1758 2563 1804 2588; x_wconf 83' lang='grc' dir='ltr'>καὶ</span> <span class='ocrx_word' id='word_1_813' title='bbox 1825 2563 1838 2588; x_wconf 82' lang='grc' dir='ltr'><strong>ό</strong></span> 
     </span>
    </p>
   </div>
   <div class='ocr_carea' id='block_1_108' title="bbox 1054 2607 1837 2644">
    <p class='ocr_par' dir='ltr' id='par_1_108' title="bbox 1054 2607 1837 2644">
     <span class='ocr_line' id='line_1_108' title="bbox 1054 2607 1837 2644; baseline -0.001 -9"><span class='ocrx_word' id='word_1_814' title='bbox 1054 2609 1160 2644; x_wconf 77' lang='grc' dir='ltr'>πρῶτος</span> <span class='ocrx_word' id='word_1_815' title='bbox 1177 2608 1307 2644; x_wconf 77' lang='grc' dir='ltr'>ὑπάρχων</span> <span class='ocrx_word' id='word_1_816' title='bbox 1321 2609 1371 2635; x_wconf 78' lang='grc' dir='ltr'>οὐκ</span> <span class='ocrx_word' id='word_1_817' title='bbox 1396 2609 1526 2644; x_wconf 79' lang='grc' dir='ltr'>ὲμειώθη.</span> <span class='ocrx_word' id='word_1_818' title='bbox 1546 2609 1631 2635; x_wconf 81' lang='grc' dir='ltr'>Πάλιν</span> <span class='ocrx_word' id='word_1_819' title='bbox 1654 2608 1681 2635; x_wconf 80' lang='grc' dir='ltr'>δὲ</span> <span class='ocrx_word' id='word_1_820' title='bbox 1697 2608 1806 2635; x_wconf 83' lang='grc' dir='ltr'>δύναται</span> <span class='ocrx_word' id='word_1_821' title='bbox 1823 2607 1837 2642; x_wconf 83' lang='grc' dir='ltr'><strong>ή</strong></span> 
     </span>
    </p>
   </div>
   <div class='ocr_carea' id='block_1_109' title="bbox 1053 2651 1837 2689">
    <p class='ocr_par' dir='ltr' id='par_1_109' title="bbox 1053 2651 1837 2689">
     <span class='ocr_line' id='line_1_109' title="bbox 1053 2651 1837 2689; baseline 0 -9"><span class='ocrx_word' id='word_1_822' title='bbox 1053 2654 1122 2689; x_wconf 81' lang='grc' dir='ltr'>αὑτὴ</span> <span class='ocrx_word' id='word_1_823' title='bbox 1135 2653 1213 2680; x_wconf 77' lang='grc' dir='ltr'>οὐσία</span> <span class='ocrx_word' id='word_1_824' title='bbox 1228 2655 1260 2680; x_wconf 80' lang='grc' dir='ltr'>ἐκ</span> <span class='ocrx_word' id='word_1_825' title='bbox 1267 2653 1370 2680; x_wconf 85' lang='grc' dir='ltr'>πολλῶν</span> <span class='ocrx_word' id='word_1_826' title='bbox 1383 2653 1503 2689; x_wconf 78' lang='grc' dir='ltr'>μερικῶν</span> <span class='ocrx_word' id='word_1_827' title='bbox 1514 2651 1594 2685; x_wconf 69' lang='grc' dir='ltr'>εἶναι,</span> <span class='ocrx_word' id='word_1_828' title='bbox 1609 2654 1680 2689; x_wconf 73' lang='grc' dir='ltr'>φημὶ</span> <span class='ocrx_word' id='word_1_829' title='bbox 1690 2653 1722 2689; x_wconf 85' lang='grc' dir='ltr'>δὴ</span> <span class='ocrx_word' id='word_1_830' title='bbox 1737 2653 1837 2688; x_wconf 71' lang='grc' dir='ltr'>λύχνων</span> 
     </span>
    </p>
   </div>
   <div class='ocr_carea' id='block_1_110' title="bbox 1052 2699 1834 2735">
    <p class='ocr_par' dir='ltr' id='par_1_110' title="bbox 1052 2699 1834 2735">
     <span class='ocr_line' id='line_1_110' title="bbox 1052 2699 1834 2735; baseline -0.003 -9"><span class='ocrx_word' id='word_1_831' title='bbox 1052 2699 1068 2735; x_wconf 81' lang='grc' dir='ltr'>ἢ</span> <span class='ocrx_word' id='word_1_832' title='bbox 1099 2699 1257 2734; x_wconf 74' lang='grc' dir='ltr'>λαμπάδων.</span> <span class='ocrx_word' id='word_1_833' title='bbox 1280 2699 1350 2726; x_wconf 73' lang='lat' dir='ltr'><strong>‘AD.’</strong></span> <span class='ocrx_word' id='word_1_834' title='bbox 1363 2700 1413 2735; x_wconf 84' lang='grc' dir='ltr'>οὺχ</span> <span class='ocrx_word' id='word_1_835' title='bbox 1427 2700 1497 2727; x_wconf 77' lang='grc' dir='ltr'>οὕτω</span> <span class='ocrx_word' id='word_1_836' title='bbox 1505 2700 1536 2727; x_wconf 83' lang='grc' dir='ltr'>τὸ</span> <span class='ocrx_word' id='word_1_837' title='bbox 1548 2699 1635 2731; x_wconf 87' lang='grc' dir='ltr'>Θεῖον,</span> <span class='ocrx_word' id='word_1_838' title='bbox 1651 2700 1688 2735; x_wconf 84' lang='grc' dir='ltr'>μὴ</span> <span class='ocrx_word' id='word_1_839' title='bbox 1712 2699 1816 2733; x_wconf 79' lang='grc' dir='ltr'>γένοιτο</span> <span class='ocrx_word' id='word_1_840' title='bbox 1829 2699 1834 2724; x_wconf 95' lang='lat' dir='ltr'><strong>l</strong></span> 
     </span>
    </p>
   </div>
   <div class='ocr_carea' id='block_1_111' title="bbox 1052 2743 1836 2781">
    <p class='ocr_par' dir='ltr' id='par_1_111' title="bbox 1052 2743 1836 2781">
     <span class='ocr_line' id='line_1_111' title="bbox 1052 2743 1836 2781; baseline -0.001 -9"><span class='ocrx_word' id='word_1_841' title='bbox 1052 2745 1090 2772; x_wconf 75' lang='grc' dir='ltr'><strong>Οὐ</strong></span> <span class='ocrx_word' id='word_1_842' title='bbox 1105 2745 1184 2774; x_wconf 83' lang='grc' dir='ltr'>πάλιν</span> <span class='ocrx_word' id='word_1_843' title='bbox 1213 2745 1265 2780; x_wconf 71' lang='grc' dir='ltr'><strong>γὰρ</strong></span> <span class='ocrx_word' id='word_1_844' title='bbox 1291 2743 1372 2781; x_wconf 75' lang='grc' dir='ltr'>ἦλθεν</span> <span class='ocrx_word' id='word_1_845' title='bbox 1391 2747 1404 2772; x_wconf 89' lang='grc' dir='ltr'>ὁ</span> <span class='ocrx_word' id='word_1_846' title='bbox 1427 2746 1522 2781; x_wconf 77' lang='grc' dir='ltr'>Λόγος,</span> <span class='ocrx_word' id='word_1_847' title='bbox 1542 2747 1589 2773; x_wconf 72' lang='grc' dir='ltr'>καὶ</span> <span class='ocrx_word' id='word_1_848' title='bbox 1611 2745 1773 2781; x_wconf 73' lang='grc' dir='ltr'>συναλοιφὴν</span> <span class='ocrx_word' id='word_1_849' title='bbox 1799 2743 1836 2779; x_wconf 74' lang='grc' dir='ltr'>τῷ</span> 
     </span>
    </p>
   </div>
   <div class='ocr_carea' id='block_1_112' title="bbox 848 2833 1347 2871">
    <p class='ocr_par' dir='ltr' id='par_1_112' title="bbox 848 2833 1347 2871">
     <span class='ocr_line' id='line_1_112' title="bbox 848 2833 1347 2871; baseline -0.008 -8"><span class='ocrx_word' id='word_1_850' title='bbox 848 2835 858 2851; x_wconf 83' lang='grc'><strong>³</strong></span> <span class='ocrx_word' id='word_1_851' title='bbox 875 2835 939 2863; x_wconf 84' lang='lat' dir='ltr'><strong>Cor.</strong></span> <span class='ocrx_word' id='word_1_852' title='bbox 956 2835 1086 2871; x_wconf 66' lang='grc' dir='ltr'>ἀπορρεῖ.</span> <span class='ocrx_word' id='word_1_853' title='bbox 1121 2835 1132 2850; x_wconf 74' lang='grc'>⁸</span> <span class='ocrx_word' id='word_1_854' title='bbox 1146 2834 1176 2862; x_wconf 82' lang='lat' dir='ltr'><strong>F.</strong></span> <span class='ocrx_word' id='word_1_855' title='bbox 1198 2833 1347 2869; x_wconf 39' lang='grc' dir='ltr'>συστολὴν..</span> 
     </span>
    </p>
   </div>
  </div>
