1940 3043
92 145 142 172 tet
569 129 571 132 ⁴
804 142 891 172 ANCC

943 142 1027 171 ,TUS.
1586 121 1615 142 φ
1678 146 1733 174 10!

91 204 182 240 Πατρὶ
213 204 376 240 εἰργάσατο·
402 204 460 231 ἀλλ’
487 205 501 231 ὁ
523 204 618 240 Πατὴρ
638 204 734 239 Πατήρ
750 204 818 236 ἐστι,
843 203 890 229 καὶ

943 203 1035 230 eadem
1059 202 1214 230 substantia
1241 202 1366 238 pluribus
1392 211 1406 230 c
1431 203 1644 238 particularibus
1666 212 1734 233 con-

91 250 107 276 ὀ
122 250 187 281 Υἱὸς
214 249 288 282 Υἱὸς,
305 250 395 277 καὶτὸ
417 250 494 284 ἆγιον
522 250 636 285 Πνεῦμα
666 249 778 284 Πνεῦμα
801 249 888 283 ἆγιον.

944 249 1013 280 ilari,
1038 254 1104 283 puta
1129 249 1261 281 lucernis,
1282 254 1329 276 aut
1349 249 1466 278 facibus.
1490 251 1543 279 Sed
1562 259 1616 279 non
1638 252 1732 279 eadem

92 295 248 323 divinitatis
261 299 304 323 est
316 296 407 329 ratio;
427 303 484 323 non
500 296 572 324 enim
592 300 689 331 postea
706 295 822 323 Verbum
840 296 968 328 accessit,
984 299 1012 322 et
1032 300 1095 322 cum
1127 295 1208 323 Patre
1227 295 1340 328 coaluit,
1376 295 1424 324 sed
1451 296 1532 324 Pater
1560 297 1642 326 Pater
1674 301 1731 327 est»

91 349 120 371 et
133 342 221 371 Filius
235 342 321 371 Filius
331 364 338 376 ,
353 347 380 371 et
398 343 516 378 Spiritus
531 348 642 372 sanctus
655 343 772 378 Spiritus
786 348 910 371 sanctus.

127 391 199 418 ΜΗ.
215 391 316 427 Μωρὸν
337 391 435 428 γὰρτὸ
456 392 532 428 παρὰ
555 393 611 423 τοῖς
631 391 794 427 Μανιχαίοις
815 393 892 428 εἰρη-

94 436 174 472 μένον
205 437 274 472 (49),
296 438 340 464 ὅτι
363 438 392 464 ὲν
409 437 449 472 τῷ
466 437 506 464 νοτ
520 434 568 464 τοῦ
592 438 673 472 Μάνη
692 439 719 464 al
737 437 823 473 ψυχαὶ
837 436 891 463 ἀπὸ

89 482 139 509 τοῦ
154 482 254 510 στύλου
273 483 321 510 τοῦ
348 483 438 518 φωτὸς
462 483 607 519 γενόμεναι
620 483 649 510 ἓν
666 482 746 518 σῶμά
756 484 826 514 ἐστι,
843 482 890 508 καὶ

92 528 224 564 λυόμεναι
248 529 304 556 ἀπὸ
325 529 381 556 τῶν
408 529 555 565 σωμάτων,
577 528 655 561 αὖθις
673 529 888 556 ἁναπλάττονται

94 575 128 610 τῇ
139 575 191 610 μιᾷ
205 574 286 610 οὐσίᾳ
296 574 335 606 ὡς
349 576 388 607 είς
402 575 447 602 τὸν
462 575 510 601 ἕνα
523 575 627 608 στύλον,
644 575 714 602 κατὰ
723 574 754 600 τὸ
768 574 890 609 μυθῶδες

91 620 183 647 αὐτῶν
191 620 240 646 τοῦ
248 620 417 655 πλάσματος.
437 620 505 647 Ἀλλ’
513 621 562 655 οὐχ
569 620 655 652 οὕτως
665 620 749 653 ἔδειξε
757 619 787 646 τὸ
802 619 891 654 Εὐαγ-

91 665 182 700 γέλιον
193 673 200 680 ·
218 665 276 692 ἀλλ’
288 665 401 692 ἔκλασεν
412 666 466 692 ἀπὸ
480 665 561 693 πέντε
574 666 675 701 ἄρτων,
693 667 741 693 καὶ
760 666 890 702 έχόρτασε

91 710 342 746 πεντακισχιλίους,
371 712 419 738 καὶ
437 711 486 737 οὐκ
504 711 610 746 ἀφῆκεν
633 711 724 738 αὐτῶν
740 711 775 738 τὰ
791 719 889 747 περισ-

92 756 231 791 σεύματα,
246 756 326 789 ἀλλὰ,
342 757 541 792 Συναγάγετε,
556 757 633 792 φησὶ,
649 756 699 784 καὶ
707 757 806 792 μηδὲν
818 757 891 784 ἀπο-

91 803 203 837 λιπηῖε
223 803 283 830 τῶν
296 803 493 838 κλασμάτων·
514 804 564 830 καὶ
582 803 761 838 συνήγαγον
777 802 892 830 δώδεκα

89 850 254 884 κοφίνους·
272 849 319 876 καὶ
347 851 386 881 εἰς
410 849 460 881 τὰς
479 849 527 885 μὲν
541 849 627 885 θήκας
643 849 709 885 ὁμοῦ
728 850 890 885 συνήγαγον,

92 895 126 922 τὰ
139 894 168 921 δὲ
182 894 330 930 κλάσματα
353 893 431 927 αὖθις
458 896 509 923 οὐκ
526 897 566 928 είς
580 896 728 930 συνάφειαν
744 897 834 933 ἄρτων
853 896 892 928 ὡς

92 938 163 976 ἦσαν
187 940 313 976 ἐποίησε.
341 941 498 976 Συνήγαγον
525 942 574 977 μὲν
598 942 629 968 τὸ
646 942 758 978 πλῆθος,
771 942 831 969 ἀλλ’
851 943 892 974 εἰς

91 985 178 1012 πολλὰ
208 985 367 1021 κλάσματα,
384 987 424 1018 εἰς
445 987 509 1022 μίαν
525 986 554 1013 δὲ
574 980 735 1023 συναγωγὴν
745 987 829 1020 ἔδειξε
844 996 891 1014 κο-

93 1031 187 1066 φίνων.
199 1031 257 1058 Καὶ
286 1031 318 1058 οὐ
346 1031 407 1058 καθ’
426 1031 555 1059 ὑπόθεσιν
585 1033 701 1068 θεωρίας
717 1034 799 1068 ἡμεῖς
811 1032 891 1059 τοῦτο

91 1077 335 1113 ἡλληγορήσαμεν,
352 1078 399 1104 καὶ
414 1078 444 1104 τὸ
460 1078 660 1114 προειρημένον
673 1078 719 1104 τοῦ
732 1078 807 1114 ἡλίου
825 1078 892 1104 ὑπό-

93 1122 203 1158 δειγμα.
222 1123 260 1150 Οὐ
278 1125 332 1159 γὰρ
358 1124 421 1156 τοὺς
446 1124 544 1160 ἄρτους
564 1124 655 1160 ψυχὰς
680 1124 807 1160 λέγομεν,
827 1124 890 1151 οὕτε

94 1167 250 1203 κλάσματα,
267 1168 305 1203 μὴ
332 1168 453 1202 γένοιτοί
469 1167 531 1194 οὔτε
544 1168 590 1195 τὸν
610 1168 677 1194 Θεὸν
698 1167 839 1202 ἐξισοῦμεν
853 1167 892 1202 τῷ

93 1213 162 1248 ἡλίῳ
178 1214 225 1240 ὑπ’
242 1213 325 1240 αὑτοῦ
339 1214 500 1249 ὲκτισμένῳ,
519 1213 580 1240 οὔτε
591 1213 639 1240 τὸν
650 1213 792 1248 Μονογενῆ
810 1212 891 1247 αἴγλῃ

93 1260 127 1294 τῇ
141 1258 194 1285 ὑπὸ
209 1258 257 1286 τοῦ
266 1258 343 1294 ἡλίου
354 1259 395 1291 εἰς
403 1259 435 1286 τὸ
452 1261 605 1286 στυππεῖον
623 1259 799 1294 πεμπομένη.
812 1258 891 1285 Κατὰ

94 1303 126 1339 δὴ
140 1304 171 1330 τὸ
182 1304 276 1339 ὅμοιον
296 1305 344 1331 καὶ
357 1305 442 1340 ψυχαὶ
458 1306 486 1331 αἱ
501 1304 672 1340 γεννηθεῖσαι
695 1305 724 1330 οὐ
743 1304 891 1330 συνάπτον-

94 1357 139 1375 ται
151 1349 191 1380 είς
203 1349 268 1385 μίαν
285 1350 458 1385 συναλοιφὴν,
471 1350 508 1386 μὴ
523 1350 644 1384 γένοιτοί
661 1349 719 1376 ἀλλ’
728 1350 768 1381 εἰς
780 1350 830 1381 τὰς
844 1349 890 1376 τοῦ

95 1394 162 1421 Θεοῦ
180 1395 264 1430 μονὰς
294 1395 344 1427 τὰς
372 1396 580 1432 γεγραμμένας,
604 1397 645 1422 ὅτι
665 1395 782 1422 Hal/lat
799 1395 890 1429 μοναὶ

91 1441 176 1474 παρὰ
192 1440 234 1473 τῷ
248 1442 357 1476 Πατρί·
384 1443 436 1468 οὐκ
457 1443 497 1473 εἰς
519 1442 566 1469 ἕνα
581 1442 610 1468 δὲ
625 1441 718 1476 βουνὸν
732 1441 890 1476 γενόμεναι,

95 1484 155 1511 ἀλλ’
163 1485 280 1513 ἑκάστου
296 1486 450 1519 ἰδιαζόντως
459 1487 679 1523 ἀριθμουμένους
694 1487 713 1514 ¹.
727 1487 793 1514 Οὐδὲ
808 1489 837 1514 ἐν
851 1488 891 1523 τῷ

95 1531 185 1566 λέγειν
214 1533 409 1567 γεγεννηκέναι
437 1533 484 1560 τὸν
501 1533 568 1560 Θεὸν
591 1533 638 1560 τὸν
654 1534 786 1569 μονογενῆ
808 1533 890 1560 αὑτοῦ

943 1533 1036 1567 plures
1060 1531 1107 1559 Dei
1135 1533 1293 1559 mansiones
1315 1533 1518 1560 distribuuntur
1539 1541 1546 1558 :

97 1577 172 1611 Υἰὸν,
187 1577 274 1610 πάθος
294 1578 369 1614 αὑτῷ
387 1580 595 1615 προσάπτομεν,
614 1581 684 1606 κατὰ
709 1580 759 1615 τὴν
780 1579 893 1606 ἐκείνων

93 1625 185 1660 κακὴν
205 1624 390 1660 βλασφημίαν.
416 1626 474 1657 Πᾶς
496 1625 550 1662 γὰρ
576 1627 678 1660 γεννῶν
694 1626 826 1661 ἐμπαθῶς
843 1626 893 1652 κά.-

97 1677 158 1703 μνει
174 1676 182 1683 ·
198 1669 245 1695 καὶ
255 1670 285 1695 οὺ
301 1669 354 1704 χρὴ
371 1669 433 1696 οὔτε
456 1670 559 1706 κτίσμα
575 1670 664 1704 λέγειν
680 1670 740 1697 οὕτε
760 1670 894 1706 γέννημα,

97 1714 166 1741 κατὰ
179 1714 225 1741 τὸν
246 1715 357 1742 ἐκείνων
365 1715 455 1750 λόγον,
472 1716 515 1743 ἵνα
527 1717 564 1752 μὴ
575 1716 665 1752 δῶμεν
679 1716 745 1743 θεὸν
757 1717 894 1752 κάμνοντα

95 1759 112 1794 ἤ
129 1759 281 1794 πάσχοντα.
300 1759 385 1787 Πόθεν
412 1758 459 1788 οὖν
476 1760 597 1796 εὕραμεν
616 1762 662 1788 τὸν
682 1762 756 1795 Υἱὸν,
773 1762 790 1797 ἤ
808 1761 852 1788 διὰ
868 1761 894 1788 τί

91 1803 181 1839 ὂνομα
190 1804 258 1830 Θεοῦ
269 1804 325 1840 ἔχει
336 1813 343 1837 ;
356 1802 436 1832 Οὗτοι
444 1805 472 1833 δὲ
482 1805 659 1842 συλλογισμοὶ
670 1807 833 1842 ἀνθρώπων,
847 1807 895 1833 καὶ

95 1847 150 1874 ἀπὸ
164 1849 269 1883 γηΐνων
299 1849 481 1885 φρονημάτων
502 1849 668 1886 ὁρμώμενοι.
692 1851 733 1878 Τὰ
748 1851 803 1886 γὰρ
816 1850 894 1886 ἡμῶν

95 1893 172 1929 πάθη
186 1893 241 1921 τῶν
269 1894 420 1930 ἀνθρώπων
436 1895 477 1927 εἰς
499 1895 566 1923 Θεὸν
588 1895 720 1930 ἀθέμιτόν
746 1897 805 1922 ἐστι
822 1895 895 1930 λογί-

95 1939 202 1971 ζεσθαι,
231 1938 278 1966 τοῦ
296 1939 364 1966 Θεοῦ
384 1939 477 1974 σαφῶς
500 1939 634 1975 λέγοντος·
656 1941 718 1975 Οὐχ
731 1941 772 1973 ὡς
784 1942 814 1967 al
830 1940 895 1967 διά-

94 1993 174 2012 νοιαι
185 1985 270 2021 ὑμῶν
284 1986 304 2020 ἠ
318 1985 436 2014 διάνοιά
448 1995 519 2021 μου.
534 1986 589 2013 Καὶ
602 1986 683 2023 πάλιν
692 1995 700 2002 ·
716 1987 777 2021 οὐχ
789 1987 830 2020 ὡς
843 1986 896 2014 ἁν-

97 2035 224 2067 ορωπος,
239 2033 375 2060 οὕτωκαὶ
388 2035 470 2066 Θεός.

979 389 1094 418 XLVIII.
1113 390 1230 418 Stultum
1255 391 1328 418 enim
1365 396 1408 419 cst
1431 393 1503 427 quod
1525 400 1540 419 a
1577 392 1732 421 Manicha‘is

944 437 1121 471 proponitur,
1147 437 1254 465 animas
1271 445 1305 465 ex
1324 438 1453 472 opinione
1468 438 1557 466 Manis
1572 446 1587 465 a
1604 440 1730 466 columna

943 483 1016 517 ignis
1038 487 1150 510 exortas
1172 491 1257 510 unum
1284 491 1384 519 corpus
1408 485 1525 519 eﬂicere,
1548 492 1580 513 ac
1603 486 1732 521 deinceps

942 529 1104 563 Corporibus
1116 529 1256 556 exsolutas
1269 537 1320 556 una
1336 538 1433 558 rursus
1447 531 1589 558 reformari
1604 532 1734 560 substan-

944 573 981 600 tia
998 574 1025 600 in
1044 581 1125 601 unam
1150 575 1225 601 illam
1248 575 1404 602 columnam
1421 577 1538 609 scilicet,
1564 581 1592 604 ut
1613 585 1733 612 nugaces

943 620 1052 647 illorum
1068 619 1167 648 fabulae
1181 625 1408 649 commemorant.
1426 621 1478 650 Sed
1497 623 1576 658 longe
1595 624 1733 651 contraria

944 665 1036 692 omnia
1055 665 1135 693 docet
1160 665 1346 701 Evangelium,
1370 667 1415 695 ubi
1437 668 1558 703 quinque
1572 676 1657 704 panes
1677 668 1733 696 fre-

943 711 1016 746 gisse
1032 711 1141 747 legitur,
1161 720 1193 739 ac
1206 713 1319 741 totidem
1338 720 1476 743 saturasse
1490 715 1586 749 millia,
1606 723 1656 743 nec
1669 716 1735 743 reli-

943 758 1024 793 quias
1038 758 1191 793 abjecissc;
1207 759 1265 792 sed,
1285 759 1416 795 Colligite,
1435 760 1534 796 inquit,
1551 766 1579 788 ut
1597 762 1663 788 nihil
1677 762 1734 796 [ra-

942 808 1109 838 gmeutorum
1138 804 1323 840 relinquatur;
1353 811 1378 832 et
1411 806 1570 841 collegerunt
1598 807 1732 834 duodenos

945 848 1070 882 cap/tinos
1088 849 1109 876 ³.
1125 848 1220 884 Itaque
1239 850 1266 876 in
1297 850 1394 877 corbes
1427 852 1618 886 contulerunt;
1646 861 1734 888 neque

945 899 1036 922 tamen
1060 895 1212 930 fragmenta
1227 903 1322 923 rursus
1347 897 1466 931 integros
1491 898 1518 924 in
1543 905 1627 932 panes
1641 898 1734 933 cujus-

943 941 1017 967 modi
1031 947 1109 968 erant
1131 945 1211 968 antea
1242 941 1360 969 conﬂare
1377 943 1462 969 voluit
1477 952 1482 969 :
1499 947 1593 976 totam,
1609 944 1732 978 inquam,
1777 943 1786 950 '

943 986 1017 1013 illam
1039 987 1145 1022 capiant
1170 993 1379 1022 congesserunt,
1402 989 1449 1016 sed
1476 993 1505 1016 ut
1524 990 1615 1024 piurcs
1640 994 1733 1018 essent
1768 1018 1771 1020 ,

945 1031 1069 1066 reliquia:
1083 1032 1109 1058 in
1127 1040 1208 1059 unam
1225 1033 1403 1067 eophinorum
1427 1035 1581 1069 congeriem
1600 1036 1730 1063 collectae.

942 1074 1104 1110 Quanquam
1127 1077 1261 1111 ejusmodi
1283 1078 1440 1113 allegoriam
1465 1079 1502 1105 ita
1527 1080 1731 1114 proposuimus.

942 1129 997 1148 nou
1011 1126 1040 1148 ut
1056 1130 1119 1149 cum
1135 1130 1168 1150 eo
1188 1124 1222 1150 de
1239 1131 1293 1158 quo
1309 1125 1389 1151 modo
1407 1125 1523 1158 agimus,
1542 1133 1652 1160 prorsus
1667 1133 1733 1153 con-

942 1169 1044 1195 veniat.
1059 1168 1137 1201 Quod
1150 1169 1220 1196 idem
1234 1174 1260 1196 et
1273 1169 1306 1197 de
1320 1171 1462 1204 superiore
1472 1170 1518 1197 illo
1531 1171 1597 1198 solis
1609 1172 1733 1206 exemplo

938 1213 1115 1240 sentiendum
1131 1219 1173 1241 est
1189 1223 1196 1240 :
1212 1222 1265 1240 non
1280 1215 1352 1242 enim
1368 1214 1454 1249 'pancs
1466 1215 1572 1242 animas
1587 1223 1649 1242 esse
1664 1215 1734 1242 dici-

942 1266 1004 1286 mus
1024 1263 1071 1286 aut
1093 1259 1256 1295 fragmenta.
1279 1259 1358 1286 Absit
1381 1264 1410 1286 ut
1430 1260 1496 1287 illud
1522 1261 1732 1288 existimemus!

941 1303 990 1330 sed
1007 1312 1095 1338 neque
1112 1304 1196 1331 Deum
1211 1312 1273 1331 cum
1289 1304 1347 1331 sole
1361 1312 1441 1339 quem
1466 1305 1511 1332 ille
1539 1305 1671 1336 condidit,
1691 1314 1735 1332 ex-

942 1357 1050 1384 aequare
1064 1351 1202 1382 volumus,
1213 1357 1264 1377 nec
1280 1349 1454 1383 Unigenitum
1472 1358 1534 1377 cum
1550 1351 1616 1378 solis
1630 1351 1674 1377 illo
1683 1350 1734 1377 ful-

943 1403 1008 1431 gore
1022 1396 1068 1430 qui
1088 1396 1116 1422 in
1137 1399 1263 1431 stuppam
1283 1396 1449 1428 itmuittitur,
1473 1394 1525 1422 Sed
1546 1395 1572 1422 in
1595 1403 1627 1423 eo
1643 1401 1734 1422 tamen

943 1441 1067 1468 nonnihil
1093 1445 1135 1468 est
1159 1441 1258 1473 simile,
1287 1441 1358 1475 quod
1387 1441 1485 1467 anian
1511 1441 1564 1468 itlae
1587 1441 1734 1476 progenita-

942 1495 1115 1522 nequaquam
1140 1487 1168 1514 in
1192 1495 1276 1514 unum
1303 1487 1425 1514 confusa:
1444 1487 1611 1518 coalescunt,
1633 1487 1680 1514 sed
1708 1487 1734 1513 in

1574 1532 1608 1558 dc
1635 1531 1734 1566 quibus

942 1577 1073 1612 scriptum
1087 1583 1129 1605 est
1145 1587 1152 1604 :
1170 1577 1264 1604 Multa:
1275 1578 1425 1604 "inimicus:
1434 1577 1504 1612 apud
1520 1577 1646 1604 Patrem“
1657 1585 1666 1603 .'
1685 1585 1734 1604 nec

943 1624 972 1651 in
991 1631 1076 1650 unum
1095 1624 1195 1651 clivum
1213 1629 1382 1658 conger-vam
1400 1630 1479 1656 sunt;
1505 1623 1552 1650 sed
1576 1624 1734 1658 singillatim

943 1678 1058 1705 quaeque
1073 1673 1243 1696 numeratur.
1258 1656 1296 1695 fta
1312 1677 1374 1696 cuin
1390 1669 1474 1696 Deum
1493 1670 1609 1696 dicimus
1624 1670 1734 1696 unicum

943 1715 1072 1750 genuisse
1091 1714 1202 1747 Filium,
1226 1722 1280 1742 non
1306 1715 1411 1742 idcirco
1435 1715 1605 1742 ali'ectiouem
1624 1715 1663 1742 illi
1684 1715 1734 1741 tri-

943 1761 1064 1792 buimus,
1097 1765 1127 1787 ut
1153 1761 1354 1788 contumeliosa
1383 1761 1410 1788 in
1436 1761 1520 1788 Deum
1547 1761 1656 1788 illorum
1684 1761 1735 1788 fert

943 1805 1047 1840 opinio.
1065 1805 1229 1840 Quicunque
1245 1810 1370 1841 generat,
1395 1806 1539 1834 aﬂectione
1553 1808 1643 1842 aliqua
1660 1807 1734 1834 labo—

944 1854 998 1877 rat.
1012 1850 1092 1878 Unde
1105 1858 1137 1877 ex
1155 1851 1264 1877 illorum
1277 1851 1482 1877 asseveratione
1495 1858 1583 1885 neque
1598 1855 1734 1882 creatura,

943 1901 1032 1928 neque
1051 1894 1142 1929 genita
1160 1894 1269 1921 soboles
1287 1894 1508 1929 pronuntiandus
1527 1900 1571 1922 est
1587 1893 1685 1927 Filius,
1707 1898 1734 1921 ut

945 1947 979 1967 ne
1001 1940 1128 1967 laborare
1149 1939 1244 1971 Deum,
1264 1944 1312 1967 aut
1333 1940 1437 1975 aliquid
1459 1940 1564 1975 perpeti
1588 1940 1734 1967 fateamur.

946 1985 1088 2013 Undenam
1103 1986 1186 2020 igitur
1200 1985 1298 2012 Filium
1311 1985 1465 2014 invenimus
1480 1993 1543 2013 esse
1556 1986 1672 2019 dictum,
1688 1990 1735 2013 aut

946 2040 998 2060 cur
1028 2031 1076 2059 Dei
1103 2032 1156 2060 sibi
1185 2031 1395 2067 appellationem
1423 2031 1563 2059 vindieat?
1593 2031 1661 2059 Nam
1688 2032 1734 2059 isti

96 2087 194 2107 omnes
206 2080 241 2107 ab
257 2079 415 2107 horninibus
433 2080 582 2116 excogitati
604 2079 756 2116 syllogismi
772 2083 846 2112 sunt,
865 2082 893 2106 ct
913 2078 947 2106 ab
961 2079 1079 2105 humana
1095 2078 1230 2113 sapientia
1247 2077 1374 2113 profecti.
1399 2077 1565 2105 Atl‘ectioues
1599 2086 1664 2106 vero
1683 2086 1735 2105 no-

96 2130 172 2154 stras
189 2125 219 2152 in
240 2125 326 2153 Deum
350 2124 502 2153 transferre
521 2125 658 2153 nefarium
677 2132 710 2153 ac
725 2125 890 2159 sacrilegum
911 2128 964 2157 est,
985 2130 1047 2151 cum
1064 2123 1136 2151 Deus
1154 2123 1266 2151 disertis
1286 2122 1377 2151 verbis
1395 2126 1521 2151 asserat;
1546 2121 1609 2150 Non
1643 2123 1734 2158 quales

96 2177 158 2199 sunt
173 2171 345 2207 cogitationes
358 2176 461 2204 vestrm,
482 2172 607 2206 cogitatio
627 2179 685 2198 mea
703 2175 743 2198 est
754 2171 776 2199 ⁸.
798 2172 865 2198 Item
881 2180 888 2197 :
910 2169 972 2198 Non
984 2171 1052 2196 sicut
1068 2169 1156 2202 homo,
1173 2169 1211 2196 ita
1225 2174 1250 2196 et
1263 2169 1334 2197 Deus
1343 2169 1363 2196 '.

133 2217 201 2245 ΜΘ.
223 2217 318 2244 Τοίνυν
334 2217 535 2244 παυσάσθωσαν
551 2217 606 2244 ἀπὸ
633 2217 680 2252 τῆς
702 2216 889 2252 βλασφημίας,

979 2215 1032 2251 53
1057 2215 1151 2243 XLIX.
1182 2215 1314 2243 Desinant
1343 2215 1437 2250 itaque
1468 2213 1642 2242 contumeliis
1673 2214 1735 2242 istis

98 2263 145 2290 καὶ
159 2263 321 2299 μαθέτωσαν
338 2263 414 2299 παρὰ
430 2263 476 2290 τοῦ
494 2263 600 2298 Πατρὺς
614 2263 661 2290 τοῦ
678 2263 802 2297 λέγοντος
812 2271 819 2278 ν
842 2260 894 2290 οὗ-

97 2309 150 2342 τός
164 2309 252 2336 ἐστιν
273 2311 289 2336 ό
320 2309 386 2342 Υἱός
400 2318 460 2344 μου
483 2311 500 2336 ό
524 2309 694 2344 ἀγαπητὸς,
713 2309 748 2336 ἐν
760 2305 785 2342 ᾧ
804 2308 894 2343 ηὐδό-

98 2363 190 2389 κησα.
203 2354 287 2382 Πάλιν
302 2355 340 2387 ὡς
354 2355 400 2381 ὲπὶ
418 2355 568 2391 μελλόντων
587 2355 644 2390 (50)
659 2355 748 2390 λέγει’
766 2356 802 2382 El
815 2356 825 2370 ‘
837 2353 893 2389 γὰρ

98 2401 116 2427 d
132 2401 200 2433 Υἱός
210 2408 272 2434 μου
285 2401 301 2427 ὀ
316 2400 479 2435 ἀγαπητὸς,
496 2399 532 2427 ὃν
546 2399 744 2434 ἐξελεξάμην.
763 2400 817 2426 Καὶ
832 2400 893 2426 τότε

99 2446 129 2472 ὲν
144 2447 200 2478 τοῖς
214 2446 363 2482 ’ᾼσμασιν,
384 2445 648 2482 Ἐκλελογισμένος
660 2445 719 2473 ἀπὸ
728 2445 891 2480 μυριάδων.

135 2525 145 2541 ²
162 2523 193 2552 1³⁵.
210 2524 428 2560 ἀριθμουμένων
461 2525 472 2540 ⁵
485 2523 515 2551 F.
530 2524 562 2550 σὺ

99 2560 110 2576 '
131 2559 351 2592 Matth.'xvu,3.
397 2559 474 2587 ‘lsa.
495 2567 567 2593 xuv,
586 2559 614 2586 ‘2.

136 2638 193 2702 (493
203 2638 264 2673 Quo
286 2638 348 2674 jure
375 2638 428 2666 dici
443 2639 531 2674 possit
545 2638 671 2666 insanam
689 2637 764 2665 illam
781 2637 890 2672 opinio-

138 2682 162 2701 m
195 2674 304 2702 ocuisse
328 2674 472 2702 Manetem.
488 2681 576 2702 auove
597 2672 794 2702 sensu,colligi
810 2673 890 2699 facile

101 2672 162 2701 nem
176 2672 304 2702 docuisse
328 2672 472 2705 Manetem.
488 2681 576 2709 quove
597 2681 692 2704 sensu,
703 2672 794 2709 colligi
810 2673 890 2709 facile

101 2713 192 2744 potest
199 2710 241 2736 vel
252 2717 285 2736 ex
302 2709 362 2744 ipso
376 2707 529 2744 Epiphanio
542 2709 576 2736 de
591 2709 686 2744 haeresi
699 2708 743 2737 66.
759 2707 890 2744 inﬂauit-

103 2743 142 2771 iio
156 2749 264 2779 agente,
281 2743 404 2772 numeris
416 2744 432 2770 8
442 2747 469 2771 et
482 2743 499 2771 9
511 2763 518 2775 .
533 2744 574 2771 vel
585 2752 617 2770 ex
634 2743 662 2770 S.
679 2743 826 2778 Augustini
841 2743 889 2769 ad-

102 2786 199 2807 versus
220 2779 384 2806 Manicltaaos
415 2779 535 2813 Scriptis,
562 2786 593 2805 ex
613 2779 673 2805 aliis
692 2780 807 2813 insuper
823 2781 892 2805 Vete-

103 2814 180 2841 ribus
192 2814 238 2849 qui
249 2822 309 2842 eam
331 2811 525 2849 impugnarunt
539 2813 676 2849 lltltl'ﬂSltth
692 2811 740 2840 Vel
756 2811 848 2849 etiam.
862 2816 891 2849 et

103 2847 215 2884 quidem
230 2849 354 2883 facilius,
363 2847 396 2878 ἐς
412 2847 447 2877 iis
463 2856 524 2884 quae
549 2848 637 2884 coegit
654 2847 848 2876 Tillemontius
862 2847 890 2874 in

667 2524 678 2540 ³
697 2523 775 2551 Joan.
795 2530 835 2556 Vt,
855 2522 900 2555 i2,
918 2522 960 2551 15.
1010 2523 1021 2539 ⁸
1039 2522 1118 2550 Joan.
1140 2529 1196 2554 xxv,
1216 2521 1243 2548 2.

943 2263 1066 2291 divinum
1087 2270 1204 2290 onerare
1220 2270 1342 2290 numen:
1368 2265 1394 2289 et
1406 2261 1472 2295 quid
1495 2259 1667 2288 sentiendum
1686 2260 1733 2292 sit,

942 2317 975 2338 ex
993 2317 1026 2338 eo
1046 2309 1137 2337 Patris
1159 2316 1287 2336 sermone
1309 2307 1473 2335 condiscant
1488 2315 1495 2333 :
1510 2305 1562 2332 llic
1580 2309 1620 2332 est
1647 2304 1733 2332 Filius

942 2364 1014 2383 mem
1036 2356 1157 2388 dilectus,
1181 2355 1208 2381 in
1229 2363 1280 2389 quo
1306 2354 1371 2380 mihi
1396 2352 1487 2387 placui
1498 2352 1518 2378 ⁷.
1539 2351 1647 2379 Rursus
1668 2359 1734 2378 vero

943 2404 1074 2435 tanquam
1100 2399 1171 2434 apud
1191 2402 1356 2426 cunctantes
1374 2407 1381 2424 :
1404 2397 1444 2424 Tu
1463 2404 1502 2428 es,
1522 2397 1622 2431 inquit.
1645 2395 1734 2423 Filius

943 2453 1015 2473 meus
1034 2445 1146 2472 dilectus
1161 2453 1237 2479 quem
1254 2443 1362 2478 elagi';
1384 2447 1412 2470 et
1431 2446 1462 2471 ut
1483 2442 1511 2469 in
1528 2441 1651 2469 Canticis
1668 2441 1737 2477 legi-

1282 2521 1293 2536 '
1306 2519 1358 2548 lsa.
1378 2528 1422 2553 LV,
1443 2519 1471 2548 9.
1511 2520 1522 2535 ⁸
1541 2519 1629 2555 tReg.
1647 2518 1734 2548 “1.7.

938 2635 1058 2663 articulo
1080 2635 1172 2670 primo
1184 2633 1218 2661 de
1237 2632 1396 2660 Manichaeis
1417 2632 1514 2670 iisdem
1543 2638 1627 2670 agens

938 2676 1012 2699 tomo
1025 2670 1069 2702 ιν,
1082 2665 1143 2705 'pag.
1157 2669 1207 2697 567
1228 2674 1255 2697 et
1273 2672 1400 2705 sequent.
1426 2665 1626 2705 Hisqueuadde
1650 2665 1674 2693 si
1695 2665 1737 2692 lu-

938 2707 1010 2737 beat,
1029 2714 1089 2740 qua:
1104 2707 1240 2732 Baronius
1257 2707 1338 2731 habet
1352 2707 1385 2730 ad
1402 2709 1504 2730 annum
1524 2707 1588 2728 ΖΠ.

975 2741 1032 2776 (50)
1053 2740 1151 2776 Πάλιν
1165 2739 1268 2776 ᾠςνέπὶ
1279 2739 1467 2776 ,ιλετιλόιντωνἶ
1483 2736 1542 2776 Non
1561 2736 1630 2763 satis
1645 2734 1733 2776 cxpli:

938 2767 1066 2805 catailest
1084 2775 1150 2802 mihi
1172 2767 1254 2807 hujus
1277 2767 1329 2801 loci
1349 2773 1496 2802 sententia.
1518 2771 1580 2798 Mox
1597 2777 1666 2807 pro,
1682 2767 1736 2795 καὶ

938 2812 1000 2840 τότε
1016 2812 1046 2840 ἐν
1058 2812 1115 2843 τοῖς
1130 2811 1264 2846 ’ᾼσμασι,
1277 2809 1330 2838 for.
1346 2808 1416 2836 κατὰ
1429 2807 1461 2834 τδ
1476 2808 1505 2833 ὲν
1519 2807 1586 2838 τοῖς.
1598 2807 1704 2832 ΡετΑν.

1029 2701 1090 2740 quae
1104 2701 1240 2740 Baronius
1257 2701 1338 2740 habet
1352 2704 1385 2730 ad
1402 2709 1505 2740 annum
1524 2701 1588 2728 277.
