1940 3043
178 111 232 140 ωδ

178 180 252 207 mus,
267 171 373 199 Electus
386 178 399 197 e
414 169 532 207 millibus
546 168 567 195 '.
582 166 723 195 Undenam
737 173 804 201 ergo
817 165 913 193 habita
927 166 973 193 illa
988 169 1010 196 Α

178 224 221 247 est
241 215 360 245 electio?
376 216 470 243 dicant
493 214 516 242 si
539 216 666 249 possunt.
699 211 768 239 Nam
791 211 876 246 quod,
897 211 973 246 elegi,

180 264 260 296 dixit,
280 262 392 290 absurdi
409 260 536 288 hcinines
553 258 713 286 existimant
731 261 761 284 ut
775 257 863 285 Filius
882 256 974 292 appel-

182 310 296 341 laretur,
311 307 430 342 quadam
449 305 497 333 Dei
521 304 609 340 gratia
621 311 653 330 ac
670 303 805 331 beneficio
827 310 898 335 esse,
920 309 977 329 non

181 359 280 382 natura
296 355 484 380 consecutum.
505 349 657 378 Ostendaut
670 348 800 384 aliquem,
817 348 864 383 qui
876 347 976 375 similis

181 400 264 434 hujus
279 397 427 428 exstiterit,
443 401 473 424 ut
499 395 622 431 probatis
648 402 680 421 ac
701 394 863 430 periclitatis
888 393 977 420 omni-

182 445 233 472 bus
269 444 345 470 illum
377 443 519 478 delegerit.
546 441 675 468 Profecto
700 440 725 468 si
754 439 913 475 unigenitus
935 442 978 466 est

184 490 282 523 Filius,
296 489 411 524 aequalis
428 489 491 515 huic
511 495 572 515 esse
588 494 674 522 nemo
685 490 787 522 potest,
803 489 850 512 aut
866 493 928 512 cum
944 492 978 512 eo

184 535 339 570 comparari
354 535 402 570 qui
421 533 517 561 similis
534 532 605 559 Filio
618 533 653 559 sit
670 533 698 559 in
710 532 775 566 ﬁliis
792 531 842 558 Dei
858 533 879 558 ⁸.
897 531 980 566 Ejus-

184 581 260 609 modi
281 581 382 616 quippe
404 580 493 615 gratia
513 579 582 606 tilios
607 578 750 612 Scriptura
771 582 978 609 commemorat,

185 633 302 661 quorum
333 633 413 652 neruo
439 632 502 651 cum
526 623 573 650 illo
597 623 643 658 qui
671 622 807 649 naturalis
832 621 919 649 Filius
936 625 980 650 est

186 672 324 707 adaequari
348 671 445 706 possit.
479 668 619 705 Siquidem
645 668 821 696 manifestum
843 672 887 698 est
909 667 980 695 unde

186 720 290 746 electus
301 718 348 750 sit,
366 719 396 743 et
412 716 485 743 unde
497 716 596 743 electio
617 715 762 753 habeatur.
780 714 889 741 inﬁnita
906 714 980 741 enim

187 769 266 792 erant
287 764 314 790 in
337 763 420 790 terris
440 762 546 789 millia:
572 769 605 788 cx
624 761 725 796 quibus
740 753 901 796 Maria’sola
919 769 982 795 gra-

188 812 254 837 tiam
284 809 427 836 invenil’:
454 815 486 835 ex
517 815 572 842 qua
601 800 746 842 propterea
774 799 979 834 sanctissimam

189 845 267 884 suam
283 862 393 883 carnem
413 854 507 888 elegit,
527 854 554 880 in
577 861 629 887 qua
648 853 700 880 sibi
716 852 828 887 placuit.
844 851 982 885 Quemad-
997 838 1018 865 Β

189 902 302 930 modum
315 900 400 928 David
415 908 448 928 ex
462 900 650 935 apostolorum
666 907 784 934 persona
799 899 920 934 loquitur
934 899 982 934 qui

187 948 217 975 in
232 947 378 974 Dominum
395 946 580 978 crediderant,
602 945 718 980 ejusque
730 945 846 980 gratiam
863 945 983 972 nationi-

187 990 241 1020 bus
255 991 357 1019 exteris
373 991 559 1026 praulicabant
575 999 582 1017 :
597 990 731 1023 Quoniam
745 989 857 1024 subjecit
870 989 982 1025 populos

189 1038 276 1069 nobis,
290 1041 315 1063 et
331 1042 419 1072 gentes
436 1035 483 1063 sub
500 1035 609 1070 pedibus
631 1036 749 1068 nostris;
771 1036 880 1070 speciem
897 1035 981 1062 Jacob

188 1092 269 1119 quam
290 1082 383 1110 dilexit
397 1082 418 1116 δ,
438 1082 490 1109 hoc
512 1086 555 1110 est
576 1081 712 1110 sinceram
727 1082 787 1117 ejus
802 1082 930 1117 speciem,
951 1089 984 1109 ac

189 1130 274 1156 totius
287 1126 383 1156 Jacobi
404 1128 647 1163 pulchritudinem,
659 1136 756 1163 nempe
770 1135 880 1155 carnem
897 1128 982 1160 illam,

190 1182 274 1209 quam
295 1182 311 1202 e
326 1174 409 1201 Maria
427 1181 474 1208 per
496 1173 629 1209 Spiritum
650 1177 777 1201 sanctum
803 1173 854 1201 sibi
871 1173 983 1208 delegit.

191 1219 334 1254 Ejusmodi
350 1219 551 1246 incarnationis
565 1219 726 1254 mysterium
741 1218 840 1245 Joanni
854 1218 984 1253 Baptistae

191 1273 208 1292 ε
225 1265 296 1292 caelo
313 1264 394 1291 Pater
415 1264 538 1292 ostendit
552 1273 560 1292 :
575 1264 656 1291 Pater
674 1264 748 1292 enim
771 1265 799 1291 in
816 1264 918 1292 Christi
936 1264 985 1292 ad-

192 1314 276 1339 ventu
292 1310 319 1337 in
344 1317 427 1337 carne
449 1310 500 1337 sibi
518 1310 631 1345 placuit.
653 1309 721 1336 Nam
750 1309 878 1338 divinitas
893 1309 986 1338 inﬁni-

192 1360 250 1383 tam
265 1355 411 1390 quamdam
426 1358 531 1382 natura:
546 1354 628 1382 habet
643 1354 860 1390 amplitudinem.
973 1388 975 1390 _

230 1402 261 1429 L.
282 1401 417 1438 Caeterum
446 1400 595 1436 Apostolus
620 1400 745 1436 eumdem
763 1400 918 1433 dilectionis
942 1409 987 1437 ap-

195 1444 281 1484 pellat
289 1447 391 1474 Filium
404 1455 413 1474 :
431 1446 483 1479 Qui
497 1446 619 1474 liberavit
633 1454 693 1479 nos,
711 1446 811 1481 inquit,
832 1455 846 1474 e
858 1452 987 1482 potestate

197 1495 374 1528 tenebrarum,
387 1500 412 1522 et
427 1494 566 1522 transtulit
581 1495 608 1521 in
626 1502 736 1529 regnum
756 1493 821 1520 Filii
835 1494 987 1521 dilectionis

196 1552 252 1570 stuc
264 1543 285 1570 '.
300 1542 386 1577 Cujus
399 1541 529 1569 dictionis
542 1541 596 1568 vim
610 1541 778 1576 ignorantes,
792 1540 990 1577 quadampro—

195 1589 340 1624 gressione
355 1587 498 1615 charitatis
516 1586 563 1614 Dci
579 1586 679 1614 Filium
696 1587 837 1614 exstitisse
853 1591 967 1614 censent
983 1595 989 1613 :

198 1641 289 1668 neque
302 1632 355 1659 loci
372 1632 446 1659 illius
465 1639 526 1658 cum
542 1632 629 1658 altero
646 1625 880 1666 Eomparationem
905 1631 991 1666 impe-

197 1679 244 1706 riti
260 1678 386 1706 homines
402 1678 566 1713 intelligunt.
582 1677 650 1705 Nam
665 1678 719 1705 alio
736 1678 764 1705 in
778 1678 839 1705 loco
858 1678 898 1705 sic
917 1678 991 1713 Apo-

198 1725 287 1752 stolus
307 1724 446 1759 loquitur:
462 1723 534 1751 Deus
550 1723 643 1751 dilexit
660 1732 707 1751 nos
724 1725 752 1750 in
768 1723 873 1751 Christo
884 1724 905 1750 '.
922 1723 991 1751 Vere

198 1770 273 1797 enim
291 1769 378 1797 Filius
405 1769 522 1796 dilectus
540 1774 583 1803 est
611 1769 769 1804 unigenilus
785 1769 840 1801 ille,
860 1769 990 1804 quoniam

199 1815 310 1843 dilectio
322 1810 369 1843 est
389 1815 480 1848 Pater,
506 1815 619 1843 dilectio
641 1815 738 1848 Filius,
760 1819 788 1842 et
810 1822 825 1842 a
844 1815 992 1842 dilectione

198 1865 242 1890 est
255 1867 315 1889 orta
336 1862 456 1889 dilectio.
477 1861 660 1894 Quamobrem
682 1861 831 1888 dilectionis
847 1860 934 1888 Filias
950 1865 992 1888 est

200 1912 255 1935 tam
269 1911 380 1943 propter
395 1915 458 1939 nos,
474 1915 555 1942 quam
575 1908 610 1935 ob
623 1908 728 1942 ipsum;
746 1907 819 1942 quod
834 1908 861 1934 in
873 1907 920 1934 illo
940 1914 992 1936 nos

200 1955 336 1987 dilexerit,
359 1959 389 1982 et
403 1954 515 1982 unicum
533 1953 631 1981 Filium
648 1961 728 1981 suum
744 1961 793 1989 pro
806 1954 887 1981 nobis
904 1954 991 1981 tradi-

200 2000 280 2028 derit.
295 2000 354 2028 Non
368 2001 451 2036 igitur
465 2001 493 2028 in
502 2008 584 2035 opere
596 2000 734 2028 moliendo
749 2000 890 2035 fatigatur,
903 2007 992 2035 neque

201 2046 255 2082 54
268 2047 382 2082 gignens
397 2048 511 2082 patitur.
531 2046 664 2074 Desinant
683 2047 838 2074 istiusmodi
850 2051 994 2074 contume-

201 2092 253 2120 lias
273 2093 300 2119 in
314 2093 463 2127 perniciem
483 2100 562 2120 suam
582 2092 684 2120 frustra
699 2093 847 2127 conjicere.
871 2092 899 2119 Si
914 2100 993 2120 crea~

201 2143 247 2166 tus
262 2143 304 2166 est
320 2138 417 2170 Filius,
432 2146 488 2165 non
501 2142 543 2165 est
557 2138 713 2166 adorandus
725 2147 732 2171 ;
746 2147 806 2174 quae
819 2143 862 2167 est
876 2140 992 2167 istorum

873 104 904 133 8.
925 103 1098 133 EPIPIIANII

1768 99 1830 129 1“

1029 164 1115 192 Ηὸοεν
1138 160 1184 191 οὖν
1209 163 1309 198 ἐκλογὴ
1333 162 1453 197 γίνεται,
1476 161 1641 196 λεγέτωσαν.
1666 159 1832 196 Νομιζουσι
1886 176 1894 180 -

1026 211 1081 246 γὰρ
1103 211 1129 237 οἱ
1144 210 1278 246 ληρώδεις
1294 210 1323 237 ὲν
1348 209 1386 244 τῷ
1411 209 1508 240 εἰπεῖν,
1531 207 1730 242 ἐξελεξάμην,
1748 207 1833 234 κατὰ.

1027 257 1108 292 χάριν
1134 256 1215 283 αὐτὸν
1242 255 1306 282 Υῐδν
1329 255 1481 287 καλεῖσθαι,
1505 254 1553 281 καὶ
1576 254 1607 280 οὐ
1632 253 1704 280 κατά
1727 253 1827 288 φύσιν.

1026 302 1199 336 Δειξάτωσαν
1215 302 1258 333 τίς
1271 301 1346 337 αὐτῷ
1363 302 1474 336 ὅμοιος,
1489 301 1534 327 ἶνα
1547 300 1611 332 τοὺς
1626 299 1733 331 πάντας
1752 299 1831 325 δοκι-

1029 349 1136 384 μάσας,
1152 349 1256 375 ἐκεῖνον
1279 348 1432 383 ἐκλέξηται.
1453 347 1485 373 El
1504 346 1559 382 γὰρ
1579 346 1644 378 Υἱός
1659 346 1718 372 ἐστι
1744 354 1828 380 μονοα

1028 392 1121 428 γενὴς,
1139 392 1190 419 οὐκ
1205 392 1264 419 ἐστι
1278 401 1321 424 τις
1336 392 1392 424 ἴσος
1406 391 1509 424 αὐτοῦ,
1527 390 1591 418 οὒτε
1605 389 1828 425 ἀντοπαράθετος

1028 440 1121 474 ὅμοιος
1141 438 1179 466 ὣν
1194 438 1233 474 τῷ
1249 438 1308 473 Υἱῷ
1325 439 1353 465 ὲν
1367 438 1436 469 υἱοῖς
1456 437 1535 464 Θεοῦ.
1560 436 1679 468 Τούτους
1699 437 1755 471 γὰρ
1767 434 1828 462 οἶδε

1030 485 1100 511 κατὰ
1113 485 1204 520 χάριν,
1217 484 1315 519 ἐκείνῳ
1327 484 1355 510 δὲ
1372 484 1409 519 μὴ
1419 483 1568 519 δυνάμενόν
1581 492 1642 510 τινα
1655 481 1826 516 ἐξισοῦσθαι,

1029 531 1068 566 τῷ
1093 529 1163 558 εἶναι
1186 530 1269 557 αὑτὸν
1287 529 1409 565 φυσικῶς
1430 530 1504 556 Υῐόν.
1525 529 1644 564 Φανερὺν
1665 528 1721 564 γὰρ
1740 528 1829 555 πόθεν

1030 577 1253 613 ὲκλελογισμένον
1261 578 1282 609 ’,
1298 577 1346 604 καὶ
1365 576 1446 603 πόθεν
1464 576 1564 612 ἐκλογή
1575 585 1582 591 ·
1604 577 1644 603 ὅτι
1662 575 1758 602 πολλαὶ
1774 584 1830 610 μυ-

1030 623 1122 660 ριάδες
1134 624 1181 650 ἐπὶ
1194 624 1244 658 τῆς
1260 623 1313 658 γῆς
1327 621 1409 659 ἦσαν,
1427 622 1476 649 καὶ
1490 622 1586 657 Μαρία
1607 621 1675 657 μόνη
1693 618 1756 656 εὗρε
1772 621 1829 656 χά-

1033 678 1089 705 ριν,
1112 670 1159 696 καὶ
1181 670 1209 696 ἐν
1233 670 1302 704 αὐτῇ
1323 668 1466 701 ἐξελέξατο
1488 669 1537 704 τὴν
1561 668 1642 702 ἁγίαν
1657 667 1764 703 σάρκα,
1780 667 1830 694 διὰ

1031 716 1121 748 τοῦτο,
1148 716 1191 750 ἐφ’
1216 716 1250 751 ἢν
1279 715 1440 751 ηὐδόκησεν,
1460 714 1498 746 ὡς
1520 714 1568 740 καὶ
1593 713 1674 740 Auito
1693 713 1767 747 λέγει
1794 713 1831 739 ἐκ

1024 760 1180 797 ,προσώπου
1196 760 1250 787 τῶν
1264 761 1422 787 ἀποστόλων
1436 760 1490 788 τῶν
1504 761 1544 791 εἰς
1558 760 1604 786 τὸν
1621 759 1723 795 Κύριον
1743 767 1831 786 πεπι-

1033 808 1200 840 στευκότων,
1222 807 1269 833 καὶ
1292 806 1364 833 κατά
1381 806 1468 843 χαρᾶς
1486 807 1542 837 τοῖς
1564 805 1653 832 ἔθνεσι
1672 805 1721 840 τὴν
1741 805 1830 832 αὑτοῦ

1035 854 1115 889 χάριν
1135 853 1380 884 ύποὸεικνυόντων,
1397 853 1457 880 Ὅτι
1476 852 1607 884 ὑπέταξε
1628 852 1723 885 λαοὺς
1743 851 1830 886 ἡμῖν,

1035 899 1085 926 καὶ
1098 898 1171 934 ἔθνη
1189 899 1249 926 ὑπὸ
1265 898 1338 931 τοὺς
1357 898 1453 931 πόδας
1475 897 1569 932 ἡμῶν,
1590 898 1648 932 τὴν
1669 897 1832 932 uallo-Wip-

1042 945 1148 973 Ἰακὼό
1169 944 1209 979 ῆν
1229 945 1386 981 ἠγάπησε,
1403 944 1528 971 τουτέστι
1551 944 1581 970 τὸ
1606 943 1757 979 ἀκραιφνὲς
1778 943 1830 978 τῆς

1036 991 1168 1028 καλλονῆς
1181 991 1277 1023 αὑτοῦ,
1293 991 1354 1018 ὃλου
1372 990 1420 1017 τοῦ
1439 989 1538 1017 Ἰακὼϐ
1557 991 1608 1026 τὴν
1621 989 1764 1024 καλλονὴν,
1778 990 1831 1024 τὴν

1037 1038 1128 1074 σάρκα
1142 1037 1191 1073 τὴν
1204 1037 1259 1064 ἀπὸ
1273 1037 1383 1073 Μαρίας
1398 1037 1445 1064 διά
1464 1036 1625 1072 Πνεύματος
1648 1037 1727 1070 ἁγίου
1751 1036 1831 1063 tacita.

1036 1085 1182 1120 λεγμένην.
1200 1085 1236 1111 Τὸ
1253 1085 1398 1120 γενόμενον
1414 1084 1464 1119 τῆς
1485 1083 1640 1119 οἰκονομίας
1659 1084 1711 1118 τῆς
1728 1083 1832 1117 σαρκὸς

1037 1131 1106 1166 πρὸς
1126 1130 1252 1166 Ἰωάννην
1264 1130 1311 1158 τὺν
1327 1129 1483 1165 Βαπτιστὴν
1501 1129 1601 1163 ἑδειξεν
1621 1129 1726 1156 ἀνωθεν
1744 1129 1759 1155 6
1773 1128 1833 1154 Ih-

1036 1176 1108 1212 τήρ”
1136 1176 1270 1212 ηὑδόκησε
1291 1177 1346 1212 γάρ
1366 1176 1380 1202 ό
1404 1175 1499 1212 Πατὴρ
1524 1176 1553 1202 ὲν
1578 1176 1611 1210 τῇ
1637 1174 1762 1210 ὲνσάρκῳ
1782 1173 1832 1200 τοῦ

1037 1222 1159 1259 Χριστοῦ
1178 1223 1330 1258 παρουσίᾳ·
1348 1223 1366 1258 ἡ
1389 1222 1418 1249 δὲ
1440 1222 1536 1258 θεότης
1558 1220 1682 1257 ἀπείρως
1705 1220 1763 1256 ἔχει
1781 1219 1832 1254 τῆς

1039 1277 1158 1304 φυσιως.

1039 1399 1049 1419 “-
1074 1399 1116 1426 Ν¹.
1137 1398 1219 1433 Λέγει
1234 1398 1262 1425 δὲ
1283 1399 1364 1426 αὑτὸν
1382 1399 1398 1426 6
1422 1399 1583 1432 ’Δπόστολσς
1604 1400 1652 1427 καὶ
1673 1399 1742 1431 T167-
1764 1400 1834 1435 ἀγό-

1038 1454 1101 1480 ίτης
1114 1453 1121 1461 ·
1137 1446 1185 1478 Ὃς
1202 1446 1350 1480 ἐρῤὐσατο
1365 1445 1445 1481 ἡμᾶς
1454 1466 1462 1479 ,
1476 1447 1553 1481 φησὶ,
1574 1446 1608 1473 ἐκ
1621 1446 1677 1481 τῆς
1688 1447 1834 1480 ἐξουσίας

1041 1492 1095 1519 τοῦ
1108 1493 1240 1526 σκότους
1249 1511 1257 1524 ,
1275 1492 1325 1519 καὶ
1338 1492 1528 1527 μετέστησεν
1543 1494 1587 1526 εις
1599 1493 1657 1527 τὴν
1667 1494 1834 1526 ,βασιλείαν

1041 1538 1095 1566 τοῦ
1121 1538 1190 1576 Υἱοῦ
1213 1538 1268 1573 τῆς
1284 1538 1404 1573 ἀγάπης
1422 1539 1527 1566 αὐτοῦ.
1553 1539 1607 1566 Καὶ
1625 1539 1667 1574 (ot
1687 1539 1834 1574 νοοῦντες)

1041 1584 1176 1617 ἐνταῦθα,
1200 1585 1237 1620 μὴ
1262 1585 1387 1617 νοοῦντες
1410 1585 1571 1620 τὴνὶέξιν,
1594 1586 1667 1617 κατά
1690 1587 1835 1622 προκοπὴν

1041 1631 1153 1667 ἀγάπης
1168 1631 1235 1658 Θεοῦ
1250 1630 1319 1659 εἶναι
1333 1633 1380 1659 τὴν
1398 1632 1463 1659 Υὶόν
1478 1641 1545 1667 φασι
1556 1642 1562 1648 ”
1577 1634 1625 1659 καὶ
1638 1633 1688 1659 οὐκ
1705 1632 1796 1660 ἴσασιν
1810 1634 1835 1660 οἱ

1042 1678 1158 1713 ἀμαθεῖς
1182 1678 1232 1714 τὴν
1260 1678 1479 1714 ἀντιπαράθεσιν
1501 1679 1549 1705 τοῦ
1575 1679 1667 1713 λόγου.
1695 1679 1741 1706 Ἐν
1760 1679 1835 1714 ἄλλῳ

1042 1723 1097 1758 γὰρ
1111 1724 1197 1759 τόπῳ,
1215 1724 1325 1758 φησὶνμὸ
1343 1724 1515 1756 ’Λπόστολος,
1532 1725 1655 1758 ὅτιθεὸς
1674 1725 1834 1760 ἠγάπησεν

1043 1768 1122 1804 ἡμᾶς
1137 1770 1173 1795 ἐν
1193 1769 1319 1804 Χριστῷ.
1349 1770 1470 1806 Ἀληθῶς
1492 1771 1547 1806 γὰρ
1570 1771 1634 1802 Υἱὸς
1655 1771 1797 1806 ἀγαπητὸς
1821 1773 1836 1798 6

1045 1817 1210 1851 μονογενής·
1225 1816 1320 1852 ἐπειδὴ
1341 1817 1436 1851 ἀγάπη
1455 1817 1592 1852 ὁΉατὴρ,
1614 1817 1708 1852 ἀγάπη
1728 1817 1743 1844 6
1759 1817 1834 1849 Υἱὸς,

1043 1862 1138 1898 ἐπειδὴ
1170 1862 1264 1897 ἀγάπη
1297 1863 1327 1896 ἐξ
1352 1863 1463 1898 ἀγάπης
1485 1863 1570 1890 earn.
1600 1863 1666 1896 Υἱὸς
1690 1861 1737 1890 οὖν
1761 1863 1835 1890 ἐστιν

1043 1908 1162 1943 ἀγάπης
1175 1908 1208 1934 δι’
1225 1910 1298 1944 ἡμᾶς
1316 1909 1363 1935 καὶ
1377 1909 1410 1936 δι’
1428 1909 1520 1942 αὐτὸν,
1537 1910 1578 1936 ὅτι
1595 1911 1623 1936 ὲν
1637 1909 1712 1945 αὐτῴ
1727 1910 1835 1946 ἠγάπη-

1044 1963 1091 1982 σεν
1106 1956 1191 1991 ἡμᾶς,
1213 1955 1266 1982 καὶ
1282 1955 1328 1982 τὸν
1344 1955 1409 1982 Υἱὸν
1430 1955 1513 1983 αὑτοῦ
1537 1956 1584 1982 τὸν
1608 1955 1740 1992 μονογενῆ
1765 1964 1835 1992 παρ-

1043 2001 1144 2029 έδωκεν
1160 2002 1230 2038 ὑπὲρ
1243 2002 1333 2038 ἡμῶν.
1356 2002 1425 2029 Οὗτε
1447 2001 1493 2029 οὖν
1508 2003 1608 2038 κάμνει
1630 2003 1814 2039 ἐργαζόμενος
1826 2024 1834 2036 ,

1043 2048 1105 2074 οὔτε
1125 2048 1224 2084 πάσχει
1245 2049 1358 2083 γεννῶν.
1380 2049 1436 2076 Καὶ
1461 2049 1498 2085 μὴ
1521 2050 1609 2085 μάτην
1631 2051 1835 2086 ὲπισωρεύωσιν

1044 2094 1151 2125 ἑαυτοῖς
1175 2094 1360 2130 βλασφημίας.
1385 2095 1418 2122 Εἰ
1437 2095 1492 2131 γὰρ
1509 2096 1618 2127 κτιστός
1638 2097 1713 2122 ἐστιν
1729 2096 1743 2122 6
1761 2094 1834 2129 Υἱὸς,

1043 2140 1075 2167 οὐ
1094 2141 1296 2176 προσκννητὺς,
1325 2141 1395 2168 κατὰ
1421 2141 1467 2168 τὸν
1489 2138 1599 2170 ἐκείνων
1621 2142 1710 2177 λόγον.
1737 2141 1836 2178 Μωρδν

201 2184 301 2211 oratio.
324 2184 431 2218 Quippe
451 2184 566 2213 stultum
595 2188 638 2212 est
667 2189 822 2212 creaturam
843 2185 925 2213 ullam
945 2186 986 2213 ad-

1047 2186 1101 2221 γάρ
1115 2187 1189 2213 ἐστιν
1201 2187 1289 2213 κτίσιν
1299 2187 1320 2203 ²⁰
1335 2189 1508 2223 προσκυνεῖν,
1523 2188 1571 2215 καὶ
1584 2188 1691 2216 ἀθετεῖν
1705 2188 1753 2224 τὴν
1763 2189 1835 2225 πρώ-

202 2236 293 2261 orare,
306 2236 338 2256 ae
356 2229 475 2263 primum
500 2228 566 2257 illud
588 2229 692 2257 violare
713 2234 879 2265 praeceptum
893 2231 994 2264 :Au‘di,

204 2274 312 2302 Israel:
326 2274 466 2309 Dominus
486 2274 557 2302 Deus
585 2280 645 2304 tuus
677 2276 808 2304 Dominus
829 2284 902 2306 .nnas
920 2277 993 2303 est".

203 2319 325 2350 Proinde
336 2320 524 2349 sanctumDei
540 2320 669 2354 Verbum.
685 2325 748 2350 cum
761 2323 798 2351 sit
812 2322 995 2354 adorandum,

204 2370 330 2394 creatum
353 2374 416 2395 esse
440 2375 494 2395 non
517 2372 617 2403 potest.
640 2369 790 2397 Adoratum
809 2372 960 2396 cst‘autem
979 2375 995 2396 ι

205 2411 365 2446 ἀίεείρυιίε.‹
382 2412 417 2440 ab
437 2413 543 2449 angelis
565 2414 697 2448 adoratur
722 2415 750 2442 in
770 2414 861 2442 caelo:
885 2413 921 2440 Et
946 2413 996 2441 ad-

205 2462 289 2488 orent.
303 2458 400 2493 inquit,
421 2467 480 2486 eum
492 2468 579 2488 omnes
589 2461 675 2496 angeli
692 2461 739 2496 Dei
753 2461 774 2488 ⁸.
792 2460 858 2488 Item
871 2469 878 2488 :
897 2461 996 2489 Δάοι-ει

206 2507 240 2535 te,
260 2502 382 2535 Domine,
406 2505 490 2532 virtus
510 2514 579 2533 mea.
603 2505 735 2541 Superest
759 2513 844 2533 unum
867 2507 996 2542 quiddam

206 2548 240 2575 ad
262 2548 422 2582 dicendum,
443 2551 526 2586 idque
546 2552 688 2587 perbreve,
710 2551 754 2579 cui
775 2552 926 2580 contradici
942 2561 997 2580 non

205 2595 303 2629 possit.
319 2595 463 2624 Proferam
477 2598 551 2625 enim
569 2598 592 2624 si
611 2597 685 2632 quod
702 2597 823 2626 habeant
841 2598 935 2627 hostes
956 2599 996 2627 illi

206 2639 269 2666 Filii
295 2639 342 2668 Dei
366 2643 575 2676 testimonium,
599 2643 802 2678 ostendantque
820 2652 940 2680 quonam
967 2645 995 2673 in

206 2685 267 2713 loco
284 2686 364 2723 Pater
377 2687 476 2716 dixerit.
490 2698 496 2716 :
513 2688 659 2717 Procreavi
676 2690 744 2718 mihi
762 2689 874 2722 Filium,
894 2692 952 2720 sive
966 2692 995 2721 in

238 2751 249 2768 ί
267 2751 347 2780 Cant.
367 2761 393 2785 v,
416 2754 458 2782 10.
502 2754 594 2782 'Psal.
614 2763 683 2784 Lxxx

207 2789 220 2806 ’1
240 2785 318 2814 Deut.
337 2795 375 2819 vr,
394 2789 420 2815 4.

487 2790 499 2806 ⁸
514 2789 592 2818 Deut.
617 2800 703 2828 xxxii,
724 2793 770 2821 45.

202 2827 270 2864 .mus
283 2829 332 2857 pro
347 2831 429 2851 τισιν.

1043 2241 1094 2267 την
1107 2233 1216 2268 ἐντολὴν
1227 2233 1277 2268 τὴν
1289 2233 1422 2267 λέγουσαν
1432 2242 1438 2250 ·
1457 2235 1570 2267 Ἄκουε,
1590 2235 1720 2270 Ἰσραὴλ,
1730 2237 1834 2270 Κύριος

1044 2279 1060 2304 ὁ
1076 2278 1148 2310 Θεός
1163 2285 1222 2304 σου
1235 2278 1344 2312 Κύριος
1359 2276 1403 2312 εἷς
1422 2279 1518 2308 ἐστιν.
1538 2281 1575 2307 Οὐ
1593 2281 1701 2313 κτιστὸς
1715 2280 1805 2309 τοίνυν
1820 2282 1834 2309 ὁ

1044 2323 1122 2357 ἅγιος
1141 2323 1238 2358 Λόγος,
1253 2324 1294 2350 ὅτι
1317 2325 1514 2365 προσκυνητός.
1533 2326 1746 2363 Προσεκύνησαν
1761 2326 1834 2364 αὖτῷ

1043 2369 1069 2395 οἰ
1085 2369 1205 2406 μαθηται
1215 2379 1223 2386 ο
1237 2370 1437 2407 προσκυνοῦσιν
1451 2372 1526 2408 αὐτῷ
1542 2373 1652 2408 ἄγγελοι
1665 2373 1694 2401 ὲν
1711 2374 1831 2411 οὐρανῷ·

1046 2416 1108 2460 Καὶ
1129 2418 1433 2452 προσκυνησάτωσαν
1467 2419 1548 2453 αὐτῷ
1575 2420 1698 2454 πάντες·
1717 2421 1833 2456 (tn-elo;

1047 2462 1122 2490 Θεοῦ
1134 2471 1142 2480 ο
1158 2464 1217 2494 καὶ,
1237 2466 1484 2500 Προσκυνησάτω
1503 2474 1557 2500 σε,
1574 2469 1662 2501 Κύριε
1673 2487 1681 2500 ,
1705 2469 1725 2503 ἡ
1748 2469 1835 2503 ἰσχύς

1043 2517 1114 2543 μου.
1133 2509 1181 2536 Ἓν
1205 2510 1234 2537 δὲ
1256 2512 1374 2547 πρᾶγμά
1394 2513 1452 2540 ἐστι
1474 2514 1557 2549 ῥητὸν
1571 2514 1619 2541 καὶ
1641 2514 1773 2550 σύντομον
1791 2515 1835 2542 καὶ

1047 2555 1230 2589 ἀναντίθετον,
1249 2553 1271 2591 ᾧ
1293 2566 1336 2589 τις
1360 2558 1496 2586 ἀντειπεῖν
1509 2559 1539 2585 οὐ
1556 2559 1678 2587 δύναται.
1699 2561 1730 2587 Εἰ
1747 2560 1833 2596 ἔχουσι

1048 2602 1201 2637 μαρτυρίαν
1219 2603 1244 2629 ot
1261 2603 1450 2639 ἐχθραίνοντες
1463 2605 1501 2641 τῷ
1519 2605 1578 2641 Υῐῷ
1590 2606 1637 2633 τοῦ
1657 2606 1725 2633 Θεοῦ
1742 2606 1833 2641 δεῖξαι,

1044 2647 1096 2674 ποῦ
1114 2645 1189 2675 εἶπεν
1201 2649 1215 2675 ὁ
1228 2649 1334 2685 Πατὴρ,
1349 2649 1390 2676 ὅτι
1406 2651 1522 2679 "Ex-uoci
1538 2660 1582 2687 μοι
1599 2652 1674 2684 Υἰὸν,
1688 2653 1717 2689 ἐν
1732 2653 1833 2688 Halat;

1044 2691 1092 2720 καὶ
1108 2694 1137 2721 ὲν
1152 2694 1240 2731 Καινῇ
1253 2695 1376 2732 Διαοήκῃ
1389 2704 1395 2729 ;
1411 2694 1427 2732 ἢ
1441 2697 1493 2724 ποῦ
1509 2692 1585 2725 εἶπεν
1599 2699 1613 2726 6
1628 2698 1701 2732 Υἱὸς,
1714 2699 1756 2726 ὅτι
1771 2698 1833 2727 Ἔκ-

687 2765 745 2789 vni,
765 2757 791 2785 ’1.
818 2758 829 2775 ³
849 2758 914 2786 an.
934 2767 953 2791 ι,
973 2760 986 2787 ὅ

687 2801 696 2811 ,ν
725 2793 759 2811 ια
830 2795 841 2811 ο
860 2793 881 2811 ιι·
914 2793 986 2811 tum

1041 2760 1159 2811 λεξαί-
1180 2764 1309 2811 ιιέξιῖὶόὁ
1331 2764 1351 2811 ξ
1368 2765 1475 2811 Coloss.
1498 2767 1571 2800 1,13.
1611 2767 1621 2782 '
1640 2767 1742 2811 Ephes.
1761 2774 1791 2811 It.
1806 2766 1832 2807 ᾇ.

860 2793 891 2822 F.
914 2793 1148 2832 ἐκλελογισμένος.

1177 2799 1229 2836 _‘°
1242 2798 1272 2827 lu
1289 2799 1355 2835 Reg.
1372 2802 1488 2837 κτιστιν,
1510 2798 1550 2831 ἐκ
1573 2810 1629 2839 quo
1661 2798 1752 2831 κτίσιν
1773 2802 1833 2831 feci-
