1940 3043
231 148 282 175 ίυ7

923 145 950 172 S.
973 145 1141 174 EPIPHANH

1803 150 1851 178 IOB

227 205 372 242 doquidcm
393 205 466 233 istud
483 205 581 232 asseris
599 215 604 231 :
620 203 737 231 Verbum
759 210 865 237 semper
882 204 985 230 exstitit
1001 224 1008 235 ,

1061 205 1160 238 λὲγεις,
1175 203 1228 231 Ἦν
1248 205 1291 231 ἀεὶ
1315 205 1409 239 Λόγος,
1437 205 1484 231 καὶ
1498 204 1550 232 οὐκ
1563 204 1601 230 ἔνι
1620 204 1714 240 χρόνος
1731 204 1786 240 πρὸ
1806 204 1853 232 τοᾶ

227 260 315 287 neque
328 256 436 286 tempus
452 250 570 278 Verbum
586 251 742 278 antecessit.
758 249 838 284 Atqui
854 250 895 276 vel
916 249 1011 276 Ariani

225 299 290 333 ipsi,
308 306 363 334 quo
378 297 484 324 facilius
501 297 654 328 illudercnt,
675 297 734 324 sine
749 297 804 323 ullo
822 300 943 330 tempore
963 302 1010 330 ge-

226 344 312 370 nitum
324 350 383 370 esse
394 342 491 368 Filium
507 341 651 375 dixerunt;
672 349 759 375 neque
772 345 863 368 tamen
879 345 1010 367 aeternum

227 390 304 417 fateri
331 389 488 418 voluerunt,
515 388 562 415 sed
584 387 711 415 dixerunt
739 387 822 414 fuisse
848 385 1011 421 quandoque

226 443 287 462 cum
304 442 358 461 non
375 437 465 466 esset;
484 433 550 460 illud
573 437 662 460 autem
682 432 846 468 quandoque,
872 439 926 458 non
951 438 1012 458 esse

225 486 332 513 tempus
346 479 468 505 arbitrati
485 483 558 506 sunt.
577 477 678 505 Verum
696 478 719 505 si
741 477 768 503 in
785 485 844 504 eam
861 477 1016 504 dictionem.

224 524 382 559 diligentius
405 524 539 558 inquiras,
565 523 642 550 facile
664 523 804 558 imperitos
820 523 887 550 istos
915 523 1011 550 redar-

224 577 302 604 guas.
317 568 422 603 Quippe
437 569 521 595 dictio
541 569 607 599 haec,
630 567 784 602 aliquando,
801 573 909 602 tempus
925 567 1011 602 signi-

223 616 306 642 ﬁcat:
321 622 439 650 cumque
455 618 562 649 tempus
579 614 662 640 ullum
675 621 705 640 se
716 614 884 640 constituere
899 617 1010 648 negent,

223 668 358 688 summam
370 660 397 687 in
415 659 552 694 opinionis
565 658 761 686 absurditatem
774 666 836 686 cum
853 659 1012 686 inﬁdelitate

223 705 399 740 coniunctam
418 703 554 730 incidunt.
574 702 641 729 Nam
660 703 772 730 vocibus
792 703 846 730 illis
867 711 915 737 per
930 703 1012 730 cavil-

223 751 350 777 lationem
362 753 388 777 et
398 749 560 776 calumniam
576 748 742 780 abutuntur;
757 751 784 775 et
795 748 904 775 interim
921 751 1012 775 mente

223 803 255 823 ac
268 803 349 823 sensu
370 803 420 822 suo
439 794 486 821 Dei
509 792 606 821 Filium
631 794 808 821 vehementer
833 796 1009 828 oppugnant:

223 849 304 877 quem
323 849 338 868 a
355 841 444 868 Patris
467 840 608 867 divinitate
631 839 738 874 penitus
763 840 882 867 alienum
907 838 1009 874 perab-

1063 252 1163 286 Λόγου·
1176 266 1210 271 —-
1224 252 1345 285 καίτοιγε
1375 252 1422 277 καὶ
1437 250 1525 277 αὐτῶν
1544 250 1598 277 τῶν
1619 249 1767 285 Ἀρειανῶν

1063 297 1170 331 ἀπάτην
1185 296 1265 323 τινῶν
1279 297 1401 331 ἀχρόνως
1417 297 1462 322 τὸν
1477 296 1542 322 Υἰὸν
1554 296 1599 322 τοῦ
1613 295 1680 322 Θεοῦ
1693 295 1851 330 φασκόντων

1062 342 1250 376 γεγεννῆσθαι,
1269 343 1306 378 μὴ
1323 342 1492 377 βουλομένων
1509 342 1536 368 δὲ
1552 341 1633 368 αὑτὸν
1650 341 1735 367 ἀΐδιον
1749 341 1851 375 λέγειν,

1062 387 1129 413 ἀλλὰ
1145 387 1287 420 λεγόντων,
1302 385 1356 412 Ἶὶν
1375 395 1440 412 ποτε
1456 387 1500 413 ὅτε
1517 387 1567 412 οὐκ
1592 384 1641 421 ἦν’
1664 386 1807 421 νομίζουσι
1823 386 1851 412 δὲ

1061 432 1092 458 τὸ
1106 432 1178 458 ποτὲ
1196 433 1232 466 μὴ
1260 430 1328 458 εἶναι
1344 432 1448 468 χρόνον.
1470 431 1724 466 Ἀνεταζομένης-δὲ
1737 431 1788 466 ’τῆς
1805 431 1851 458 λέ-

1065 477 1132 510 ξεως
1145 497 1151 509 ,
1170 477 1291 511 ἐλέγχεις
1311 478 1374 508 τοὺς
1388 476 1513 512 ἀμαθεῖς.
1532 477 1568 503 Τὸ
1585 476 1656 503 ποτὲ
1669 477 1724 512 γὰρ
1738 477 1851 510 λεξικῶς

1061 523 1216 558 λεγόμενον,
1232 523 1327 558 χρόνου
1346 523 1404 549 ἐστὶ
1423 522 1598 558 σημαντικὸν,
1616 522 1664 549 καὶ
1679 522 1802 555 λέγοντες
1821 521 1851 548 τὺ

1063 569 1100 604 μὴ
1113 562 1200 603 λέγειν
1214 569 1319 604 χρόνον,
1332 571 1371 600 εἱς
1383 569 1497 595 ἀτοπίαν
1511 569 1678 603 ἐμπίπτουσι
1695 568 1741 594 τοῦ
1756 567 1848 594 αὐτῶν

1062 615 1234 650 φρονήματος
1248 615 1277 640 ὲν
1292 614 1463 649 κακοπιστίᾳ.
1478 613 1611 649 Εἰρωνείᾳ
1626 613 1680 648 γὰρ
1693 614 1754 644 ταῖς
1763 613 1850 646 λέξεσι

1061 660 1224 695 κέχρηνται,
1241 659 1279 694 τῷ
1296 661 1450 695 φρονήματι
1466 659 1561 690 δεινῶς
1573 659 1643 686 κατὰ
1657 659 1704 685 τοῦ
1721 659 1787 686 Υἱοῦ
1804 659 1850 686 τοῦ

1062 704 1130 730 Θεοῦ
1147 705 1375 739 ἐστρατευμένοι,
1397 704 1535 739 ἀλλότριον
1557 704 1714 730 παντάπασι
1732 704 1782 739 τῆς
1804 703 1850 730 τοῦ

1062 749 1167 784 Harpe;
1190 749 1315 783 θεότητος
1347 749 1611 785 ἀπηλλοτριωμένως
1635 748 1850 782 δοξάζοντες.-

1061 794 1152 821 Θὲλων
1172 792 1218 821 οὖν
1243 795 1402 830 ἐγέννησεν,
1422 795 1439 830 ἢ
1463 795 1500 830 μὴ
1517 795 1617 828 θέλων,
1639 794 1702 821 Ἐὰν
1718 795 1848 830 εἴπωμεν,

1062 839 1107 875 Μὴ
1125 839 1220 871 θέλων,
1244 840 1350 876 ἀνάγκῃ
1372 840 1571 876 περιϐάλλομεν
1591 840 1621 866 τὸ
1635 840 1726 866 Θεῖον’
1744 841 1792 867 καὶ
1804 840 1849 866 ἐὰν

224 876 307 914 surde
324 884 435 912 faciunt.
457 883 510 910 Sed
523 883 588 910 illud
603 887 748 918 quaerunt:
761 882 897 910 Volensne
912 890 1008 917 genue-

1062 885 1194 920 εἴπωμεν,
1207 886 1248 912 ὅτι
1262 886 1361 918 Θέλων,
1375 886 1500 921 διδόαμεν
1515 886 1556 912 ὅτι
1579 883 1613 922 ἦν
1627 886 1657 913 τὸ
1671 886 1778 922 θέλημα
1798 886 1850 921 πρδ

223 933 269 964 rit,
285 939 319 958 an
335 931 446 960 minime
461 931 577 958 volens?
592 930 620 958 Si
641 931 752 957 minime
762 929 896 957 volentem
913 928 1012 956 dixeri-

224 985 297 1010 mus,
320 976 402 1003 Deum
425 975 582 1003 necessitati
607 976 787 1009 subiicimus;
810 975 853 1002 sin
874 974 1010 1001 volentem

223 1022 358 1052 dicamus,
374 1021 542 1048 voluntatem
561 1019 649 1054 ipsam
665 1018 755 1046 Verbo
772 1018 889 1053 priorem
912 1018 1012 1045 statui-

223 1075 299 1100 mus;
317 1074 349 1093 ac
364 1065 472 1092 tametsi
491 1065 534 1092 vel
557 1068 687 1099 punctum
711 1063 859 1099 temporis,
882 1067 928 1090 aut
951 1070 1010 1090 mo-

223 1117 344 1141 mentum
361 1113 434 1139 bora:
450 1111 622 1142 deﬁniamus,
638 1118 702 1146 pars
713 1110 757 1137 illa
767 1109 893 1145 quamvis
909 1109 1007 1144 exigua

223 1166 330 1195 tempus
345 1159 453 1194 aliquod
475 1158 592 1185 Verbum
608 1158 791 1185 antecessisse
806 1156 941 1190 signiﬁcat
951 1174 958 1186 ,
974 1158 1013 1181 at-

223 1214 277 1240 que
300 1206 335 1232 ita
358 1205 384 1231 in
410 1205 516 1231 illorum
541 1203 697 1238 opinionem
723 1200 921 1236 compellimur.
938 1200 972 1225 At
988 1199 1010 1226 si

225 1249 336 1277 minime
347 1249 480 1275 volentem
497 1247 624 1282 genuisse
639 1247 764 1277 velimus,
780 1252 953 1279 consequens
969 1248 1012 1271 est

225 1298 330 1321 natura:
341 1293 504 1320 necessitate
520 1292 603 1320 Deum
617 1299 689 1324 esse,
705 1298 759 1318 non
773 1290 898 1317 libertate
913 1289 1011 1316 volun-

225 1340 292 1367 tatis
311 1339 463 1366 inductum.
490 1339 570 1374 Atqui
601 1339 698 1366 horum
726 1341 853 1364 neutrum
878 1336 904 1365 in
927 1335 1011 1362 Deum

224 1387 372 1412 convenire
394 1389 491 1419 potest,
517 1383 659 1419 quidquid,
683 1382 763 1409 homo
783 1381 941 1412 vanissime,
970 1388 1012 1408 su-

224 1430 424 1466 spiceris.Nam
440 1429 511 1464 apud
525 1429 608 1456 Deum
623 1434 794 1462 nequaquam
809 1427 866 1453 hac
878 1433 939 1454 esse
948 1434 1011 1461 pos-

225 1480 298 1503 sunt.
317 1475 501 1508 Quamobrem
520 1481 608 1508 neque
621 1473 716 1500 volens
732 1471 835 1508 genuit.
853 1479 942 1506 neque
957 1471 1007 1498 mi-

225 1522 297 1548 nime
306 1521 411 1552 volens.
423 1520 470 1547 sed
480 1518 595 1553 quadam
611 1522 714 1544 naturae
729 1517 884 1552 praestantia
894 1524 901 1543 :
911 1516 1010 1552 quippe

224 1566 317 1593 divina
340 1570 437 1592 natura
465 1564 579 1590 consilio
600 1566 642 1591 est
663 1563 738 1590 omni
758 1562 898 1597 superior,
919 1569 1008 1596 neque

224 1615 346 1644 tempore
357 1609 601 1641 circumscribitur,
614 1616 703 1642 neque
715 1608 877 1636 necessitate
888 1607 1005 1642 cogitur.

224 1657 252 1683 In
268 1656 347 1683 nobis
367 1655 474 1690 quidem
487 1658 642 1689 promptum
656 1654 724 1681 nihil
738 1658 780 1682 est
794 1658 821 1681 et
842 1653 1010 1688 expeditum,

225 1703 368 1734 propterea
390 1698 462 1734 quod
476 1698 621 1732 aliquando
638 1705 690 1724 non
715 1698 826 1725 fuimus.
848 1696 925 1723 Unde
942 1696 1010 1722 deli-

225 1745 322 1771 berare
337 1749 416 1771 antea
429 1743 560 1776 solemus,
575 1743 672 1770 deinde
686 1743 759 1777 quod
777 1742 866 1769 facere
880 1741 1007 1768 volumus

1061 930 1108 956 10-3
1123 931 1209 965 Λόγου
1219 940 1227 947 υ
1247 931 1297 958 κᾶν
1311 940 1336 957 τι
1359 931 1458 966 ἄτομον
1475 932 1522 958 καὶ
1536 931 1601 966 ῥιπὴ
1619 931 1848 967 πολλοστημόριον

1062 974 1136 1010 ὥρας
1151 976 1204 1011 εἴη,
1217 975 1247 1002 τὸ
1262 976 1492 1011 πολλοστημόριον
1505 976 1601 1011 χρόνου
1612 976 1670 1002 ἐστὶ
1685 976 1849 1011 σημαντικὸν

1062 1021 1115 1056 πρὸ
1132 1021 1229 1054 Λόγου,
1245 1021 1294 1047 καὶ
1313 1021 1393 1048 πάλιν
1419 1022 1649 1056 παρεμπίπτομεν
1663 1021 1702 1057 τῷ
1715 1022 1787 1057 λόγῳ
1805 1022 1848 1048 αὺ-

1061 1066 1126 1092 τῶν.
1153 1066 1207 1092 Καὶ
1224 1067 1271 1093 ὲὰν
1285 1067 1405 1101 εἴπωμεν
1422 1067 1463 1093 ὅτι
1480 1067 1510 1093 οὐ
1527 1067 1609 1093 θέλων
1626 1067 1780 1102 ἐγέννησεν,
1797 1067 1848 1102 ἄρα

1061 1111 1167 1146 ἀνάγκη
1190 1112 1297 1146 φύσεως
1311 1110 1394 1148 ἦκται
1411 1113 1441 1139 τὸ
1461 1113 1547 1145 Θείον,
1572 1113 1620 1140 καὶ
1634 1113 1683 1139 οὐκ
1699 1112 1847 1148 ἐλευθεριό-

1061 1163 1122 1190 τητι
1141 1155 1306 1190 θελήματος.
1323 1157 1381 1183 Οὐκ
1400 1157 1496 1182 ἔστιδὲ
1510 1158 1612 1184 τούτων
1627 1157 1701 1184 οὐδὲν
1716 1158 1756 1188 εἰς
1771 1158 1845 1189 Θεὸν,

1061 1199 1098 1229 ὡς
1115 1199 1324 1234 ὑπολαμϐάνεις,
1342 1196 1365 1226 ὧ
1386 1199 1506 1233 κενόδοξε
1516 1208 1523 1216 δ
1538 1201 1613 1235 παρὰ
1625 1200 1684 1236 Θεῷ
1698 1201 1753 1236 γὰρ
1764 1201 1847 1228 ταῦτα

1062 1243 1112 1269 οὐκ
1128 1243 1209 1269 ἐστιν.
1222 1242 1290 1269 Οὔτε
1305 1243 1388 1270 θέλων
1405 1244 1493 1271 τοίνυν
1507 1245 1661 1280 ἐγέννησεν,
1678 1245 1739 1271 οὔτε
1755 1246 1792 1281 μὴ
1810 1246 1847 1272 θέ-

1062 1287 1124 1320 λων,
1140 1287 1196 1314 ἀλλ’
1213 1288 1348 1323 ὑπερϐολῇ
1373 1288 1480 1322 φύσεως
1493 1289 1566 1324 (55)’
1581 1290 1740 1324 ὑπερϐαίνει
1757 1289 1812 1325 γὰρ
1829 1291 1845 1324 ὴ

1062 1333 1121 1359 θεία
1142 1332 1221 1367 φύσις
1247 1332 1353 1368 βουλὴν,
1377 1333 1424 1360 καὶ
1447 1334 1495 1368 οὐχ
1511 1334 1659 1361 ὑποπίπτει
1673 1335 1772 1370 χρόνῳ,
1788 1334 1846 1369 οὕτε

1062 1379 1167 1414 ἀνάγκῃ
1192 1379 1297 1412 ἄγεται.
1323 1380 1367 1405 Ἐν
1388 1381 1453 1414 ἡμῖν
1473 1379 1528 1415 γὰρ
1545 1381 1620 1406 οὐδέν
1639 1381 1712 1407 ἐστιν
1729 1381 1846 1416 ἕτοιμον,

1061 1424 1102 1450 ὃτι
1127 1425 1176 1451 οὐκ
1202 1422 1273 1459 ἦμέν
1297 1433 1378 1450 ποτε·
1410 1425 1454 1451 καὶ
1477 1425 1583 1460 πρῶτόν
1605 1434 1631 1452 τι
1654 1425 1846 1460 βουλευόμεθα,

1062 1470 1156 1496 ἔπειτα
1180 1469 1310 1504 ποιοῦμεν
1323 1469 1337 1495 ὃ
1352 1469 1519 1505 πράττομεν,
1536 1469 1552 1505 ἢ
1570 1470 1606 1506 μὴ
1625 1470 1846 1505 βουλευσαμένων

1062 1515 1139 1550 ἡμῶν
1158 1515 1208 1540 οὐκ
1224 1514 1297 1541 ἔστιν
1317 1514 1331 1540 ὃ
1352 1514 1464 1549 μηδέπω
1483 1516 1547 1550 παρ’
1570 1515 1648 1550 ἡμῶν
1672 1515 1845 1550 πέπρακται·

1062 1560 1136 1595 παρὰ
1148 1560 1176 1586 δὲ
1192 1559 1250 1595 Θεῷ
1262 1560 1350 1586 πάντα
1364 1559 1454 1586 τέλεια
1477 1560 1524 1586 καὶ
1545 1560 1612 1591 λεῖα,
1638 1562 1685 1586 καὶ
1707 1561 1797 1586 πάντα
1819 1561 1846 1587 ὲν

1061 1604 1135 1639 αὑτῷ
1158 1605 1351 1640 πεπλήρωται,
1378 1605 1424 1631 xa‘.
1447 1604 1508 1631 οὔτε
1535 1605 1570 1640 μὴ
1594 1605 1698 1631 θέλων¹
1719 1605 1847 1640 ἐγέννησε

1060 1650 1105 1676 τὸν
1120 1650 1212 1681 ἀῖδίως
1223 1650 1286 1676 ὄντα
1299 1651 1496 1685 γεγεννημένον
1514 1651 1543 1683 ἐξ
1558 1650 1641 1677 αὑτοῦ
1667 1651 1745 1684 ἅγιον
1761 1652 1846 1686 Λόγον

1061 1695 1107 1721 καὶ
1121 1695 1196 1728 Θεὸν,
1213 1695 1270 1721 ἀλλ’
1285 1696 1312 1722 ἐν
1327 1697 1360 1731 τῇ
1379 1696 1544 1732 ὑπερϐολικῇ
1557 1697 1604 1722 καὶ
1617 1697 1751 1732 dtedequ
1764 1697 1847 1724 αὑτοῦ

1062 1747 1151 1773 φυσει.

224 1789 526 1825 exsequimurznlioqui
541 1789 592 1815 nisi
606 1789 749 1816 consilium
763 1788 928 1822 ceperimus,
963 1785 1084 1813 nondum
1107 1785 1210 1812 exstitit
1234 1785 1259 1812 id
1295 1786 1367 1821 quod
1399 1787 1520 1814 nondum
1543 1787 1597 1822 56
1615 1795 1630 1814 a
1652 1788 1730 1815 nobis
1752 1792 1795 1815 est
1810 1789 1848 1815 fa-

225 1841 308 1863 ctum.
331 1835 407 1870 Apud
424 1834 674 1862 Deumecontrario
693 1834 811 1868 perfecta
841 1834 932 1861 omnia
965 1832 1099 1867 planaque
1125 1836 1200 1864 sunt,
1227 1833 1372 1868 omniaque
1398 1833 1424 1860 in
1445 1833 1504 1867 ipso
1527 1834 1670 1868 completa.
1690 1835 1729 1862 Ae
1762 1843 1848 1869 neque

225 1883 335 1909 minime
365 1882 462 1909 volens
493 1889 580 1916 neque
611 1882 704 1908 volens
737 1885 862 1908 sanctum
890 1879 1009 1906 Verbum
1030 1876 1167 1912 Deumque
1186 1880 1257 1914 quod
1282 1879 1327 1910 ab.
1347 1885 1447 1907 aeterno
1470 1884 1512 1907 est
1538 1885 1565 1907 et
1597 1887 1613 1907 a
1632 1888 1661 1908 se
1691 1881 1751 1916 ipso
1773 1882 1848 1916 geni-

224 1937 293 1962 tum,
312 1930 449 1965 produxit,
473 1930 520 1956 sed
538 1929 681 1956 excellenti
699 1927 816 1962 quadam
831 1932 857 1954 et
874 1923 1058 1960 inexpliCabili
1074 1929 1179 1951 natura:
1192 1927 1348 1954 conditione
1362 1934 1394 1954 ac
1409 1927 1576 1962 praestantia.

260 1975 325 2002 Llll.
346 1975 402 2009 Ego
422 1982 487 2002 vero
504 1975 674 2001 vehementer
693 1973 759 2000 illud
778 1972 906 2000 admirari
923 1972 1009 2001 soleo,

225 2029 243 2048 ο
256 2021 317 2047 lldei
331 2025 358 2047 et
376 2020 505 2047 Ecclesia:
521 2019 567 2046 lilii
577 2040 584 2052 ,
605 2019 670 2046 dum
683 2019 750 2045 illud
762 2018 832 2053 apud
846 2025 889 2045 me
901 2018 1008 2053 cogito,

223 2074 305 2101 quinm
331 2071 431 2093 temere
454 2073 485 2092 ea
508 2072 567 2098 quae
589 2071 651 2091 vera
681 2063 844 2098 propriaque
875 2067 955 2094 sunt,
980 2063 1008 2090 in

262 2146 268 2160 ¹
291 2144 370 2171 Deest
385 2143 446 2170 οὔτε
465 2143 558 2169 Θέλων.

1097 1971 1158 1997 Nl".
1180 1971 1278 2006 Θαῦμά
1299 1981 1343 2006 μοι
1371 1972 1496 2007 μέγιστον
1515 1973 1659 2008 ἐπέρχεται
1671 1993 1677 2005 ,
1692 1970 1714 1999 ὦ
1728 1974 1781 2000 υἱοὶ
1800 1974 1848 2010 τῆς

1064 2017 1180 2048 πίστεως
1195 2017 1240 2043 καὶ
1253 2016 1424 2052 Ἑκκλησίας,
1438 2017 1496 2048 πῶς
1513 2017 1547 2043 τὰ
1560 2017 1674 2052 ἀληθινὰ
1685 2017 1848 2053 ἐξέστρεψαν

1062 2065 1086 2090 οι
1102 2063 1247 2097 φιλόνεικοι
1270 2063 1309 2093 εις
1326 2061 1461 2097 ἀλλότρια,
1487 2062 1534 2088 καὶ
1560 2063 1596 2089 τὰ
1618 2063 1756 2098 τροπικῶς
1777 2064 1849 2099 εἰρη-

225 2210 288 2236 tate,
313 2211 375 2238 pag.
397 2202 450 2229 995
471 2202 592 2238 ejusdem
613 2208 673 2228 mori
692 2201 792 2227 laudati
809 2201 885 2229 tomi.
909 2203 1009 2238 omnes
1026 2205 1047 2231 D
1062 2201 1251 2238 rogationibus
1263 2205 1406 2238 postquam
1417 2199 1550 2238 fatigatos
1566 2199 1598 2226 ad
1616 2200 1714 2227 incitas
1734 2200 1846 2238 redege-

225 2237 323 2266 tamen’
335 2237 404 2265 initer
420 2238 486 2264 istos
506 2237 633 2270 opinione
649 2240 742 2262 nostra
761 2240 889 2270 praestare
903 2237 1009 2264 videtur

224 2274 424 2302 Nazianzenus.
437 2271 482 2306 qui
494 2279 526 2298 ea
539 2272 564 2297 in
581 2271 713 2302 oratione,
727 2278 807 2305 quant
826 2271 1006 2304 laudavimus,

226 2310 345 2342 ineptum
362 2307 427 2334 illud
445 2305 567 2342 οόφισμα
582 2306 706 2342 pluribus
725 2305 877 2342 submovet.
904 2305 1008 2342 Princi—

225 2339 434 2377 νίόὲνστάσεις,
453 2339 596 2377 inStaiitias
608 2339 774 2377 adversariis
790 2341 1007 2377 opponendo,ret

225 2374 290 2404 illud
314 2378 474 2410 praesertim.
487 2375 558 2409 quod
575 2382 589 2400 a
606 2374 634 2402 S.
650 2374 814 2410 Augustino
825 2375 951 2402 laudatur
967 2376 1008 2402 in-

225 2409 321 2438 dicato’
329 2418 414 2445 nuper
429 2410 456 2436 in
473 2410 531 2436 loco
546 2409 606 2445 libri
619 2417 652 2436 xv
667 2409 704 2436 De
717 2410 865 2443 Triuitate;
881 2418 896 2437 e
914 2418 942 2437 re
958 2418 1007 2437 sua

226 2444 522 2480 repetitur'inwcapite
550 2444 636 2480 primo
663 2445 725 2480 libri
749 2445 849 2472 Contra
877 2453 1006 2472 sermones

225 2479 397 2507 Arianorum.
418 2479 557 2506 Celebrem
582 2479 649 2507 adeo
668 2479 756 2506 locum
781 2484 933 2514 opportune
958 2480 1006 2506 de-

225 2516 321 2542 scribit
338 2514 465 2541 Pclavius
479 2521 527 2540 sua
545 2513 571 2540 in
585 2513 824 2541 animadversione,
835 2515 868 2540 ad
886 2517 1006 2548 praesen-

224 2555 278 2577 tem
297 2549 325 2576 S.
339 2548 481 2583 Epiplianii
497 2549 595 2575 locum.
608 2549 704 2576 Aiebat
719 2549 791 2576 enim
806 2548 1005 2580 Nazianzenus,

224 2589 251 2612 et
264 2589 324 2619 post
337 2584 536 2611 Nazianzenum
552 2584 719 2619 Augustinus
730 2604 736 2613 .
753 2583 816 2609 dum
831 2587 944 2616 uterque
960 2584 1007 2619 ad-

224 2618 361 2647 versarios
385 2619 538 2653 urgebant:
560 2618 611 2645 Sed
634 2623 662 2644 ut
683 2619 799 2644 noverint
813 2626 892 2652 quant
914 2618 1006 2653 inania

224 2655 373 2689 loquantur.
391 2652 471 2680 etiam
489 2654 538 2687 ipsi
554 2653 732 2689 interrogandi
745 2657 817 2689 sunt,
831 2657 919 2689 utrum
936 2652 1005 2689 Deus

225 2686 306 2716 Pater
320 2689 417 2719 volens,
441 2698 475 2715 an
498 2689 587 2714 nolens
609 2686 746 2713 sit’Deus.
763 2686 823 2712 Non
837 2687 907 2713 enim
923 2687 1006 2713 aude-

223 2725 287 2751 bunt
305 2725 406 2755 dicere,
426 2724 493 2749 nolle
508 2731 535 2749 se
554 2729 609 2748 esse
632 2721 725 2748 Deum.
742 2721 771 2747 Si
788 2729 849 2754 ergo
865 2722 1006 2754 responde-

224 2760 291 2791 rint,
313 2759 382 2794 quad
406 2758 493 2785 volens
511 2758 543 2782 sit
562 2756 643 2794 ρεαδ,
662 2764 692 2782 eo
708 2756 783 2794 modo
798 2756 851 2794 illis
869 2756 1005 2790 inferenda

222 2800 261 2822 cst
276 2790 377 2822 uanitas
401 2801 460 2824 sua,
485 2790 707 2826 [μίανάξςίνροιεδι
723 2792 797 2824 prior
813 2791 860 2826 illo
882 2799 937 2818 esse
961 2800 1005 2818 vo—

223 2830 312 2858 luntas
326 2829 403 2864 ejus;
422 2834 472 2862 quo
485 2824 547 2860 quid
563 2824 660 2851 dicitur
676 2826 807 2852 stultius?
823 2825 902 2853 Hisce
920 2825 1004 2853 inter-

1061 2235 1107 2264 ιτιὶ
1134 2236 1325 2267 adversarios,
1354 2235 1505 2262 orationem
1531 2242 1608 2261 suam
1632 2236 1767 2262 convertit
1795 2236 1848 2263 Na—

1059 2272 1206 2298 zianzenus
1232 2271 1264 2297 ad
1286 2271 1344 2297 illas
1364 2270 1499 2301 rationes,
1515 2270 1615 2304 quibus
1631 2270 1733 2297 directe
1752 2278 1846 2297 eorum

1058 2306 1164 2340 impetit
1182 2305 1327 2332 insaniam.
1356 2304 1444 2340 Etiam
1462 2304 1683 2340 siApctInittatur
1708 2306 1846 2333 voluntate

1058 2338 1177 2375 genitum
1195 2347 1255 2366 esse
1275 2347 1289 2366 a
1307 2339 1360 2367 Deo
1375 2339 1454 2366 Patre
1486 2338 1593 2370 Filium,
1612 2347 1665 2366 non
1691 2344 1781 2367 tamen
1803 2348 1841 2368 sc-

1057 2375 1150 2410 qttitnr
1166 2375 1334 2401 voluntatem
1353 2375 1424 2400 illam
1443 2375 1527 2410 l‘uisse
1544 2375 1637 2409 aliquo
1651 2379 1786 2410 tempore.
1804 2377 1846 2402 vel

1059 2413 1218 2441 momento,
1236 2410 1275 2436 vel
1305 2409 1418 2436 instanti
1444 2409 1574 2443 priorem.
1600 2411 1634 2435 At
1657 2409 1738 2437 Verbi
1759 2411 1846 2437 divini

1057 2445 1196 2479 generatio
1228 2444 1433 2474 inscrutabilis.
1465 2443 1611 2471 inelTabilis
1640 2448 1698 2478 est;
1737 2453 1845 2472 omnem

1056 2480 1142 2506 vincit
1162 2479 1286 2505 humana:
1308 2479 1405 2505 ntcntis
1428 2479 1503 2504 vim:
1524 2479 1614 2514 ipsum
1637 2479 1719 2505 etiam
1736 2484 1846 2514 superat

1057 2515 1236 2548 angelorum,
1263 2513 1476 2546 subliiniumque
1504 2513 1636 2540 virtutum
1665 2513 1775 2548 captum
1814 2521 1846 2541 ac

1055 2550 1182 2588 eximiam
1210 2548 1273 2575 licet
1299 2548 1465 2582 intelligendi
1496 2549 1560 2575 vim.
1587 2548 1677 2582 Ipsum
1703 2549 1765 2576 vide
1793 2548 1846 2575 Na-

1056 2590 1226 2610 ztanzenum.

1095 2618 1150 2653 (55)
1160 2616 1320 2651 Ὑπερϐολῇ
1332 2618 1461 2653 ξύσεως.
1470 2616 1582 2644 Natum
1592 2617 1749 2651 prwslantia
1761 2617 1844 2644 Dcuzn

1055 2651 1163 2679 Patrem
1187 2653 1315 2686 genuisse
1338 2651 1435 2678 Filium
1461 2653 1606 2678 dicendum
1632 2657 1674 2679 est
1696 2660 1758 2679 cum
1782 2653 1845 2687 Epi-

1055 2687 1171 2723 phanio,
1194 2688 1418 2723 quemrsequitur
1445 2687 1645 2723 Alexandrinus
1659 2688 1779 2723 Cyrillus
1799 2695 1844 2723 su-

1055 2722 1152 2756 periori
1169 2721 1345 2748 adnotatione
1364 2727 1541 2749 memoratus.
1557 2721 1689 2756 Sequitur
1709 2727 1736 2749 et
1752 2721 1782 2749 S.
1796 2721 1844 2748 Jo-

1055 2764 1139 2783 annes
1157 2756 1343 2784 Damasrcnus
1358 2757 1427 2784 libro
1443 2757 1532 2792 primo
1546 2757 1584 2784 De
1602 2757 1670 2784 Fide
1684 2758 1842 2790 orthodoxa,

1055 2798 1116 2827 cap.
1127 2791 1159 2826 8;
1176 2799 1246 2826 quos
1262 2792 1333 2818 vide.
