1940 3043
210 153 257 182 iii
903 155 932 182 S.
957 155 1127 183 EPIPHANII
1789 158 1840 187 ΗΞ

206 217 271 245 pere
296 218 457 246 possumus,
482 219 511 239 re
534 212 591 246 ipsa
612 212 750 240 vidimus:
783 217 918 248 quatenus
946 213 981 248 51

1051 215 1100 241 οὐκ
1114 213 1181 241 εἶδον
1202 215 1229 241 δὲ
1243 215 1310 242 καοό
1330 216 1414 243 ἐστιν.
1433 216 1513 243 nm
1528 217 1574 243 καὶ
1588 216 1667 248 αὐτὸς
1687 213 1776 244 εἷδενδ
1795 218 1841 244 ἀο-

207 261 298 283 autem
314 257 340 283 in
352 265 413 285 sese
426 262 478 289 est,
494 266 547 284 non
564 257 693 286 vidimus.
716 258 847 286 Similiter
861 259 981 293 propinet:

1058 261 1148 296 ράτως
1168 261 1218 296 τὴν
1239 261 1329 295 φύσιν,
1348 261 1446 288 δέδωκε
1460 262 1489 288 δὲ
1505 262 1544 298 τῷ
1560 263 1597 298 μὴ
1618 263 1759 299 δυναμένῳ
1777 265 1841 299 ὸρᾷν

207 309 254 336 per
274 308 417 338 angustum
443 303 525 330 veluti
546 304 669 338 corporis
695 305 737 331 sui
765 305 887 332 l'oramen
911 304 981 332 Deun

1050 305 1164 340 δύναμιν
1191 307 1361 342 χαρίσματος
1379 308 1420 339 εἰς
1442 307 1473 334 τὸ
1501 308 1565 334 ίδεῖν
1588 308 1637 343 τὴν
1660 308 1774 344 δύναμιν
1792 309 1842 344 τῆς

206 348 298 377 videre
320 353 490 378 meruerunt.
512 353 539 376 et
561 350 651 384 reipsa
668 350 811 383 viderunt;
833 359 887 378 non
908 359 996 386 quan-
1051 351 1177 387 θεωρίας.

206 399 263 421 tum
279 394 384 422 inﬁnita
400 394 460 429 ejus
477 395 670 430 contemplatio
694 396 823 431 postulat.
843 396 933 431 Atque
946 397 997 424 hoc
1018 402 1097 432 pacto
1117 398 1321 425 consentientes
1353 397 1424 426 inter
1444 406 1513 429 sesc.
1533 398 1737 432 concordesqne
1771 398 1842 426 Scri'

204 443 290 473 plura!
312 439 452 467 veritatem
476 440 577 475 ubique
596 444 742 475 praestant;
768 442 826 469 sive
849 442 998 477 prophetas
1018 442 1101 470 Deum
1114 442 1217 470 vidisse
1233 447 1377 476 testentur,
1407 451 1468 470 nam
1499 444 1589 478 reipsa
1606 444 1747 477 viderunt;
1783 444 1839 471 sive

203 485 275 521 quod
297 485 421 513 Salvator
436 487 544 520 asserit,
565 487 647 514 Deum
679 495 753 514 nenia
781 488 845 514 vidit
877 491 1031 524 unquam‘,
1050 497 1105 517 non
1124 491 1197 518 enim
1221 496 1355 525 quatenus
1377 496 1418 519 est
1444 492 1469 519 in
1495 500 1564 524 sese,
1591 493 1728 520 viderunt.
1754 494 1840 522 Porro

204 534 248 561 ille
269 534 328 568 ipse
342 534 448 561 ratione
463 534 581 568 quadam
597 542 657 570 quae
672 539 815 570 aspectum
831 543 940 563 omnem
957 542 1078 572 superat,
1113 542 1240 566 naturam
1262 543 1304 565 est
1329 539 1414 573 ipsam
1438 539 1570 572 intuitus;
1590 543 1617 566 et
1649 540 1673 567 ei
1691 541 1737 575 qui
1773 548 1838 568 con-

204 578 273 605 tueri
296 585 351 605 non
373 583 490 613 poterat,
513 580 566 606 vim
582 579 729 614 quamdam
752 580 883 616 elargitus
897 585 955 614 est,
975 586 1005 608 ut
1029 584 1205 617 contemplari
1227 583 1322 618 possit.

237 623 303 650 LIV.
326 623 425 652 Verum
448 632 483 651 ne
500 624 621 651 cavillari
639 632 673 652 ac
690 632 789 652 novam
805 626 890 652 ordiri
911 626 990 653 fabu-

201 670 254 697 lam
272 671 350 701 velis,
364 678 396 697 ac
410 670 557 705 prophetas
573 670 651 698 dicas
664 678 717 698 non
733 672 820 699 oculis
833 680 991 707 usurpasse,

201 716 248 754 sed
265 721 366 748 mente,
381 717 417 743 ita
433 721 461 744 ut
483 717 664 752 intelligerent
689 718 886 753 propemodum
903 726 935 746 ac
952 719 994 746 vi-

200 762 296 790 derent
311 770 318 789 :
331 762 416 790 lsaias
437 763 575 790 accuratis
600 763 675 791 hisee
697 764 810 792 vocibus
830 765 992 799 tergiversa~

201 808 302 835 tionem
313 808 433 835 excludit
450 816 559 836 omnem
575 818 580 835 :
598 808 698 842 Infelix
714 817 771 844 ego,
788 811 913 845 quoniam
925 818 992 837 com-

1078 627 1140 655 NA’.
1154 628 1234 655 ’Δλλὰ
1246 629 1282 663 μὴ
1291 628 1371 655 πάλιν
1382 627 1596 664 δραματουργῶν
1603 628 1660 663 (60)
1670 626 1761 663 λέγεις
1769 628 1833 665 ((ΗΥ

1043 670 1120 700 Εἶδον
1147 674 1195 708 μὲν
1210 675 1234 700 οἱ
1255 675 1393 709 προφῆται
1407 674 1457 700 οὐκ
1477 673 1619 709 ὀφθαλμῷ,
1636 673 1704 700 ἀλλὰ
1722 674 1836 710 διανοίᾳ,

1044 718 1179 750 συνιέντες
1194 720 1333 754 μονονουχὶ
1344 719 1390 745 καὶ
1404 718 1530 754 ὁρῶντες.
1547 718 1595 745 Διὰ
1605 718 1683 745 τοῦτο
1692 719 1747 754 γὰρ
1758 719 1836 755 ἀκρι-

1043 764 1098 796 σῶς
1113 764 1187 798 λέγει
1204 765 1334 796 Ἡσαΐας·
1355 764 1450 797 Τάλας
1462 763 1530 799 ἐγὼ,
1543 764 1588 791 ὅτι
1606 764 1835 799 κατανένυγμαι,

1043 811 1087 837 ὅτι
1101 810 1254 845 ἅνθρωπος
1270 810 1321 842 ὢν,
1348 810 1398 838 καὶ
1416 810 1569 846 ἀκάθαρτα
1591 811 1678 844 χείλη
1693 810 1783 844 ἔχων,
1803 812 1836 837 ἐν

199 859 310 888 punctu;
329 862 405 886 sum;
425 855 550 889 quoniam
573 862 633 881 cum
658 855 734 882 homo
756 857 817 887 sim,
841 860 866 882 et
888 857 981 890 impun

1043 855 1082 888 τῷ
1095 855 1158 888 λαῷ
1171 855 1323 889 ἀκάθαρτα
1334 856 1420 890 χείλη
1433 856 1533 890 ἔχοντι
1552 856 1609 891 ἐγὼ
1625 855 1705 887 οἰκῶ,
1718 856 1767 882 καὶ
1779 856 1835 883 Κύ-

199 899 265 925 mihi
279 900 331 926 sint
347 899 430 933 labia,
443 900 471 926 in
483 899 567 926 medio
580 900 671 934 populi
686 901 792 934 impura
808 901 880 927 labia
894 901 991 928 haben-

199 945 233 978 tis
252 953 298 980 ego
318 945 407 972 habito
421 953 430 972 :
446 950 470 972 et
484 945 626 972 Dominum
648 947 811 973 exercituum
828 947 882 973 vidi
896 948 917 979 ⁸,
933 955 989 974 non

197 990 276 1023 dixit,
293 990 382 1018 Mente
396 991 460 1023 vidi,
473 991 532 1023 sed,
554 991 638 1018 acutis
655 992 731 1019 meis.
745 991 840 1026 Itaque
852 992 988 1025 viderunt,

197 1043 223 1064 et
242 1045 297 1065 non
313 1038 440 1065 viderunt
458 1037 597 1073 prophetae
617 1037 767 1064 :nimirum
794 1044 926 1073 quantum
951 1039 990 1066 vi-

196 1082 254 1110 deri
273 1087 397 1117 poterat,
414 1084 503 1117 reipsa
519 1082 665 1115 viderunt;
684 1091 739 1110 non
760 1083 887 1111 viderunt
900 1089 990 1112 autem

196 1132 328 1162 quantum
347 1128 582 1163 incomprehensze
602 1129 662 1163 ejus
676 1134 783 1156 naturae
798 1129 919 1158 inﬁnitas
935 1138 985 1165 po-

196 1173 325 1200 stulabat.
339 1173 380 1200 Ad
400 1173 526 1200 eumdem
550 1173 660 1200 modum
675 1174 798 1209 plerique
813 1175 846 1202 de
861 1175 990 1209 paradiso

196 1218 343 1252 allegorice
356 1217 510 1252 disputant,
531 1221 613 1252 atque
633 1219 705 1245 inter
727 1223 842 1246 caeteros
867 1219 989 1247 furiosus

196 1261 327 1297 Origenes
341 1263 530 1290 adumbratam
545 1263 639 1291 nescio
652 1271 734 1298 quam
747 1264 865 1298 speciem
883 1272 932 1299 pro
945 1272 990 1292 vc-

196 1307 277 1335 ritate
296 1307 324 1334 in
339 1307 471 1334 mundum
491 1308 602 1336 invexit.
623 1308 669 1335 Sic
685 1309 758 1336 enim
780 1309 891 1337 disserit
908 1319 915 1337 :
929 1309 989 1337 Non

194 1357 239 1380 est
252 1352 395 1387 paradisus
413 1353 441 1379 in
456 1352 551 1386 terris;
576 1357 603 1381 et
623 1353 675 1381 hoc
694 1353 815 1390 Apostoli
834 1355 990 1383 testimonio

195 1399 308 1427 nititur:
323 1398 382 1426 Vidi
395 1400 526 1426 hominem
541 1405 601 1427 ante
613 1407 695 1426 annos
713 1400 913 1435 quatuordecim
925 1402 989 1436 (sive

195 1446 223 1473 in
234 1453 344 1481 corpore
365 1445 462 1479 nescio,
483 1446 535 1473 sive
557 1450 633 1473 extra
653 1454 767 1481 corpus,
791 1447 895 1479 nescio;
916 1447 988 1475 Deus

195 1492 260 1526 erit)
273 1496 378 1527 raptum
399 1491 549 1527 hujusmodi
571 1499 652 1527 usque
674 1491 707 1518 ad
730 1493 837 1519 tertium
853 1493 986 1521 eaelunt'.

1038 911 1107 936 ριον
1122 902 1241 929 σαϐαὼο
1258 900 1356 933 εἶδον,
1386 902 1432 928 καὶ
1447 902 1496 928 οὐκ
1513 900 1589 928 εἶπεν
1600 922 1608 933 ,
1634 899 1710 928 Εἶδον
1730 903 1763 937 τῇ
1779 902 1833 928 δια-

1042 948 1112 983 νοίᾳ,
1128 947 1206 980 ἀλλὰ,
1219 948 1280 980 τοῖς
1294 947 1458 982 ὀφθαλμοῖς
1464 956 1534 982 μου.
1556 946 1632 974 Εἶδον
1644 947 1699 982 (62)
1714 945 1771 978 οὖν.
1787 948 1833 974 καὶ

1041 995 1091 1020 οὐκ
1109 993 1176 1021 εἶδον
1191 1004 1197 1010 ·
1211 995 1268 1021 ἀλλ’
1284 994 1322 1026 ὡς
1334 994 1459 1029 ἠδύνατο,
1478 994 1506 1020 ἐν
1521 993 1635 1029 ἀληθείᾳ
1649 994 1677 1020 δὲ
1689 992 1769 1025 εἶδον,
1784 993 1834 1021 οὐκ

1042 1037 1109 1066 εἷδον
1126 1040 1154 1066 δὲ
1168 1040 1205 1072 ὡς
1219 1040 1274 1075 ἔχει
1289 1039 1318 1066 τὸ
1334 1040 1448 1075 ἄπειρον
1462 1040 1511 1074 τῆς
1528 1039 1725 1075 ἀκαταληψίας.
1741 1039 1833 1072 υῦτως

1040 1086 1064 1112 oi
1081 1085 1174 1112 πολλοὶ
1193 1086 1239 1112 καὶ
1261 1086 1325 1120 περὶ
1354 1085 1518 1121 παραδείσου
1539 1084 1745 1120 ἀλληγοροῦσιν,
1767 1086 1805 1116 ὡς
1819 1085 1833 1111 ό

1042 1131 1170 1166 θεήλατος
1191 1131 1331 1166 Ὧριγένης
1351 1131 1468 1166 ἠθέλησε
1486 1131 1635 1165 φαντασίαν
1651 1131 1750 1166 μᾶλλον
1761 1131 1832 1167 ἢπερ

1041 1177 1170 1211 ἀλήθειαν
1195 1176 1233 1210 τῷ
1269 1175 1319 1210 βίῳ
1351 1176 1624 1210 συνεισενέγκασθαι·
1652 1176 1700 1203 καί
1728 1184 1830 1212 φησιν·

1041 1223 1099 1248 Οὐκ
1119 1221 1175 1248 ἔστι
1190 1221 1353 1257 παράδεισος
1370 1221 1425 1256 (65)
1451 1222 1496 1248 ἐπὶ
1519 1221 1570 1256 τῆς
1595 1222 1657 1257 γῆς,
1679 1222 1760 1257 δῆθεν
1775 1222 1828 1249 ἀπὸ

1039 1268 1086 1294 τοῦ
1102 1268 1183 1304 ῥητοῦ
1198 1268 1244 1294 τοῦ
1257 1267 1332 1303 παρὰ
1345 1267 1392 1294 τοῦ
1405 1267 1481 1302 ἁγίου
1502 1268 1663 1294 Ἀποστόλου
1675 1268 1830 1303 εἰρημένου.

1040 1313 1081 1340 ὄτι
1107 1312 1199 1340 Εἶδον
1228 1314 1385 1348 ἄνθρωπον
1407 1313 1463 1348 πρὸ
1496 1313 1572 1341 ἐτῶν
1601 1313 1831 1347 δεκατεσσάρων

1041 1359 1110 1393 (εἴτε
1122 1359 1156 1385 ὲν
1170 1358 1282 1393 σώματι
1295 1360 1351 1386 οὐκ
1367 1357 1444 1390 οἶδα,
1455 1359 1514 1386 εἴτε
1531 1359 1617 1392 ἐκτὸς
1631 1359 1683 1386 τοῦ
1695 1359 1832 1393 σώματος

1040 1406 1095 1434 οὐκ
1113 1403 1189 1437 οἶδα,
1208 1407 1225 1431 d
1240 1404 1312 1437 θεὸς
1329 1403 1422 1438 οἶδεν)
1441 1404 1612 1439 ἁρπαγέντα
1627 1404 1680 1431 τὸν
1695 1404 1831 1431 τοιοῦτον

1039 1451 1094 1484 ἕως
1107 1452 1206 1485 τρίτου
1221 1450 1361 1485 οὐρανοῦ.
1395 1450 1474 1476 Ἀλλὰ
1491 1450 1528 1486 μὴ
1549 1450 1742 1486 παραγίνωσκε
1753 1470 1760 1481 ,
1783 1450 1831 1476 καὶ

1039 1497 1101 1532 λέγε
1121 1498 1161 1524 ὅτι
1183 1497 1214 1524 τὸ
1235 1496 1344 1533 τρίτον⁸
1365 1495 1412 1523 τοῦ
1432 1496 1512 1532 ἀέρος
1548 1496 1584 1522 Οὐ
1605 1496 1658 1533 γὰρ
1675 1495 1759 1522 εἰπὼν
1776 1495 1831 1528 ἕως

194 1539 234 1564 Ac
253 1545 286 1565 ne
305 1537 375 1565 forte
390 1545 532 1572 perperam
553 1538 656 1565 sentias
683 1545 715 1565 ac
730 1538 818 1572 dicas,
836 1546 924 1574 usque
948 1539 981 1566 ad

1039 1544 1138 1578 τρίτου
1156 1543 1298 1577 οὐρανοῦ.
1319 1542 1383 1577 περὶ
1405 1542 1505 1578 μέρους
1534 1542 1625 1578 τρίτου
1650 1542 1734 1575 λέγει,
1762 1540 1830 1568 ἀλλὰ

195 1584 303 1611 tertiam
323 1583 384 1611 coeli
401 1589 503 1619 partem
521 1583 641 1612 dixisse:
658 1591 721 1611 cum
740 1584 808 1612 dixit
823 1585 857 1612 ad
878 1585 984 1613 tertium

196 1637 276 1664 usque
296 1630 405 1662 ewlum,
424 1629 525 1657 nullam
545 1630 631 1657 tertiae
649 1631 735 1666 partis
758 1632 925 1660 mentionem
949 1631 986 1660 fe-

195 1675 243 1706 cit.
259 1675 305 1702 scd
321 1675 373 1703 tria
386 1676 509 1710 quaedam
526 1683 638 1704 numero
657 1677 815 1712 complexus
829 1681 881 1705 est.
900 1677 982 1705 Addit

195 1728 260 1748 vero
277 1730 282 1747 :
298 1720 359 1748 Scio
379 1721 530 1755 hujusmodi
546 1722 676 1750 hominem
699 1728 805 1757 raptum
826 1723 853 1750 in
869 1722 983 1757 paradi-

195 1775 253 1794 sum
267 1786 274 1800 ,
295 1772 319 1794 et
334 1767 439 1794 audisse
454 1767 541 1799 verba,
564 1776 621 1803 qua
641 1777 693 1796 non
712 1769 772 1796 licet
786 1769 884 1796 homini
899 1769 980 1804 loqui.

193 1811 294 1839 Verum
305 1813 397 1847 gratim
406 1813 585 1848 omnipotenti
600 1814 653 1842 Deo
664 1815 743 1843 nobis
760 1814 890 1842 habenda:
905 1819 980 1848 sunt,

193 1859 239 1894 qui
255 1859 459 1887 accuratissime
475 1860 566 1887 omnia
587 1860 670 1888 etiam
687 1861 792 1888 minuta
806 1868 921 1896 quaeque
937 1860 982 1888 de-

193 1905 298 1932 clarare
320 1904 414 1937 voluit,
436 1907 465 1931 ut
484 1911 517 1931 ne
539 1904 660 1932 veritatis
685 1905 801 1932 studiosi
826 1905 982 1940 deciperen-

230 1983 237 1997 ¹
259 1981 337 2008 Joan.
355 1990 373 2013 ι.
393 1983 434 2008 13.

225 2060 281 2096 (60)
304 2061 392 2088 Ἀλλὰ
404 2061 447 2096 μὴ
461 2061 555 2088 πάλιν
569 2059 807 2096 δραματουργῶνι
824 2060 853 2086 1η
867 2067 898 2087 ea
915 2067 978 2088 sen-

190 2097 273 2124 tentia
287 2095 455 2131 Epiphanius
470 2104 531 2124 esse
548 2096 665 2127 videtur,
683 2100 712 2122 ut
729 2095 866 2130 propheta:
881 2103 912 2121 ac
929 2102 977 2131 pa-

190 2130 316 2159 triarchae;
340 2130 445 2158 Veteres
465 2131 548 2158 Deum
573 2131 659 2165 ipsum
674 2131 813 2164 corporeis
830 2130 917 2157 oculis
933 2130 975 2156 vi-

189 2166 288 2198 derint,
307 2167 358 2193 etsi
376 2166 488 2192 minime
508 2164 772 2199 comprehenderint.
791 2165 856 2198 Qua:
871 2165 974 2199 opinio,

1038 1589 1101 1624 περὶ
1115 1587 1197 1624 τριῶν
1210 1586 1345 1622 ἀριθμῶν,
1361 1586 1407 1613 καί
1423 1595 1505 1622 φησιν
1516 1595 1522 1602 ι
1538 1585 1609 1613 Οἶδα
1623 1586 1677 1613 τὸν
1694 1585 1830 1613 τοιοῦτον

1037 1633 1194 1668 ἄνθρωπον
1220 1632 1390 1667 ἁρπαγέντα
1418 1633 1461 1664 εὶς
1483 1631 1537 1658 τὸν
1558 1631 1752 1665 παράδεισον,
1778 1630 1829 1658 καὶ

1035 1680 1209 1707 ἀκούσαντα
1218 1678 1348 1712 ῥήματα,
1363 1677 1383 1704 ἁ
1402 1679 1458 1704 οὐκ
1476 1677 1548 1709 ἐξὸν
1569 1677 1713 1711 ἀνθρώπῳ
1723 1677 1828 1704 εἰπεῖν.

1036 1725 1104 1758 Δόξα.
1129 1724 1167 1760 τῷ
1191 1725 1393 1760 παντοκράτορι
1413 1723 1469 1757 (tit)
1493 1723 1562 1758 Θεῷ,
1586 1723 1625 1758 τῷ
1649 1723 1720 1750 κατὰ
1740 1722 1829 1750 πάντα

1035 1769 1135 1805 τρόπον
1156 1768 1343 1804 διατρανοῦντι
1365 1769 1412 1795 καὶ
1426 1767 1644 1802 λεπτολεογοῦντι,
1667 1764 1710 1794 ἵνα
1725 1768 1749 1793 οἱ
1763 1766 1830 1802 ἁλη-

1037 1814 1104 1840 Θινοὶ
1127 1814 1163 1850 μὴ
1178 1814 1358 1848 σφάλλωνται.
1386 1813 1423 1840 Οὐ
1445 1813 1502 1849 γὰρ
1525 1814 1554 1839 ὲν
1569 1813 1620 1849 μιᾷ
1636 1813 1767 1848 συντομία
1782 1812 1829 1839 τὺν

1035 1859 1149 1895 οὐρανὸν
1157 1859 1203 1885 καὶ
1218 1859 1263 1885 τὸν
1278 1859 1443 1895 παράδεισον
1458 1858 1585 1894 συνῆψεν,
1600 1858 1677 1892 ἀλλὰ,
1693 1856 1765 1885 οἶδα
1777 1857 1829 1885 ἆν-

1036 1907 1163 1938 θρωπον,
1186 1904 1278 1939 φησὶν,
1295 1904 1466 1939 ἁρπαγέντα
1485 1904 1541 1937 ἕως
1564 1905 1664 1939 τρίτου
1686 1903 1826 1938 οὐρανοῦ,

484 1983 494 1997 ²
516 1982 606 2013 lsa.vl,
628 1983 653 2009 5,
694 1981 739 2008 ³11
757 1981 820 2009 Cor.
839 1989 888 2014 χιι,
902 1981 928 2008 2.
969 1982 980 1998 ⁸

1036 1989 1062 2017 g.
1078 1980 1156 2008 οἶδεν.
1195 1982 1205 1997 ¹
1216 1980 1280 2009 Cor.
1296 1981 1326 2008 τὸ
1340 1982 1431 2017 τρίτον
1450 1981 1532 2017 μέρος
1551 1974 1623 2017 legit.

1063 2060 1117 2095 (65)
1135 2060 1196 2087 οὐκ
1214 2060 1280 2087 ἐστι
1296 2061 1490 2095 παράδεισος,
1511 2066 1565 2089 etc.
1585 2062 1672 2094 Quam
1689 2060 1734 2087 hic
1751 2060 1825 2088 refu-

1026 2095 1135 2122 tandam
1156 2096 1270 2131 suscipit
1283 2096 1450 2131 Epiphanius
1475 2096 1600 2131 Origenis
1616 2095 1774 2130 opinionem
1791 2095 1825 2123 de

1025 2131 1149 2165 terrestri
1171 2130 1315 2165 paradiso,
1344 2135 1452 2159 constat
1476 2130 1606 2164 rejecisse
1633 2131 1732 2158 deinde
1752 2135 1778 2157 et
1797 2131 1823 2158 in

1024 2164 1242 2202 Panario,num.
1262 2165 1298 2193 47
1339 2166 1475 2194 haereseos
1495 2166 1546 2200 6i,
1573 2174 1634 2202 qua:
1663 2170 1706 2193 est
1730 2164 1825 2201 Orige‘

189 2202 212 2229 si
229 2202 311 2229 Deum
333 2201 422 2239 ipsum
441 2201 528 2227 oculis
542 2204 702 2239 usurpatum
720 2200 867 2239 existimet,
886 2200 975 2228 l'alsis-
992 2212 1013 2239 ο
1028 2201 1183 2239 triariorum:

189 2237 258 2264 sima
270 2241 321 2264 esl.
339 2235 500 2270 Quanquam
513 2235 571 2262 scio
581 2234 731 2270 dubitatum
744 2242 758 2260 a
769 2234 895 2262 Patrlbus
907 2243 971 2262 non-

189 2272 292 2303 nullis,
327 2269 484 2298 utrumnam
513 2270 583 2297 beati
611 2269 749 2303 corporeis
777 2270 864 2296 oculis
890 2270 975 2297 Deum

189 2307 373 2334 intuerentur:
399 2309 429 2340 ut
451 2305 485 2332 ab
501 2304 663 2340 Augustino.
688 2303 772 2336 Quem
796 2305 909 2333 consule
927 2306 973 2333 lib.

188 2350 244 2369 xxii
264 2341 302 2367 De
312 2341 383 2367 civit.
399 2339 456 2371 Dei,
469 2347 531 2374 cap.
547 2340 619 2369 29ml.
635 2339 714 2373 epiSL
729 2346 773 2366 cxi
788 2343 814 2367 et
824 2347 891 2367 cxu.

223 2377 278 2411 (61)
292 2375 446 2411 Legendum
461 2373 544 2410 λέγῃς
559 2373 800 2411 ςὶνθιλιέγε.-Ευιτ.

223 2377 263 2411 (61
292 2377 446 2409 Legendum
461 2377 544 2410 λέγῃς
559 2377 617 2401 sive
631 2377 702 2407 λέγε.
723 2377 800 2401 Enn.

222 2377 278 2446 (62;
300 2410 431 2446 \[iderunt
451 2411 538 2436 oculis
552 2409 689 2444 propheta:
708 2409 802 2446 Deum,
819 2415 847 2438 et
861 2418 915 2438 non
929 2411 974 2438 vi-

187 2444 295 2473 derunt.
312 2444 445 2473 Viderunt
460 2452 526 2472 sane
541 2445 616 2472 illum
631 2449 763 2479 quantum
778 2445 817 2472 ias
830 2450 873 2473 est
885 2447 974 2474 oculis

187 2481 312 2513 carneis,
332 2487 610 2516 rnempercorpoream
626 2484 653 2516 et
669 2481 862 2514 aspectabilem
879 2481 974 2516 imagi-

187 2524 248 2542 nem
266 2523 298 2542 ac
315 2515 521 2543 similitudinem
537 2515 584 2542 Dei
601 2515 626 2541 in
642 2514 753 2549 figuram
767 2516 886 2550 aliquam
902 2514 973 2543 diri-

187 2551 261 2585 nitns
278 2551 431 2581 formatam,
457 2555 484 2576 et
501 2558 594 2577 eorum
613 2551 699 2578 oculis
713 2550 864 2585 objcclam;
879 2552 973 2586 sicque

187 2585 249 2620 ipsi,
263 2586 447 2621 qualicunque
469 2586 611 2621 oculorum
636 2586 731 2613 obtutu
753 2586 836 2613 videri
856 2585 971 2621 poterat,

186 2620 278 2655 reipsa'
292 2621 375 2648 Deum
394 2621 529 2648 viderunt.
554 2620 612 2647 Non
636 2622 764 2648 viderunt
781 2620 871 2648 autem
888 2621 971 2648 Deum

185 2656 273 2690 ipsum
286 2659 419 2691 quatenus
428 2660 469 2683 est
483 2657 588 2688 insese,
599 2657 636 2683 uti
651 2656 695 2683 hic
710 2657 850 2691 superiore
859 2663 916 2690 cap.
939 2655 973 2683 55

185 2693 287 2726 dictum
299 2690 430 2719 est:Cum
442 2692 583 2725 ubique,ut
595 2696 689 2719 noster
703 2690 791 2726 inquit
805 2691 972 2726 Epiphanius

184 2726 212 2763 in
230 2725 347 2754 Parim-io
375 2728 465 2763 (quem
481 2727 579 2754 librum
593 2727 700 2763 duobus
715 2725 800 2763 ferme
817 2725 896 2753 annis
911 2728 972 2760 p'ost

183 2762 344 2789 Ancoratum
363 2760 585 2797 scripsit).sacraa
602 2761 707 2788 Littera:
719 2761 750 2788 de
766 2760 818 2797 Deo
834 2765 970 2793 testentur,

183 2805 264 2833 neque
277 2798 359 2825 oculis
373 2796 459 2832 ipsum
472 2798 581 2833 percipi,
596 2804 676 2831 neque
688 2796 880 2833 eoiuprehemlt',
891 2805 972 2831 neque

183 2830 271 2859 animo
283 2830 391 2868 cogitari
401 2830 486 2867 posse,
499 2832 544 2859 sed
554 2831 582 2858 id
588 2839 669 2868 unum
677 2830 708 2857 de
721 2831 767 2857 illo
775 2838 807 2857 ea:
818 2832 855 2857 rei
864 2830 972 2858 veritate

180 2868 289 2903 percipi,
303 2866 372 2904 quod
385 2869 430 2901 sit,
452 2867 571 2902 quodque
589 2866 725 2900 diligentes
740 2874 767 2893 se
779 2872 968 2893 remuneretur.

1063 2235 1120 2269 (6i)
1136 2235 1215 2268 Δόξα
1234 2235 1274 2267 τῷ
1288 2236 1515 2271 παντοκράτορι.
1536 2236 1565 2264 1η
1581 2236 1628 2264 illo
1643 2235 1768 2271 Apostoli
1784 2242 1824 2265 te-

1027 2270 1167 2299 stimonio.
1184 2278 1238 2305 quo
1249 2278 1278 2297 se
1288 2271 1397 2298 tertium
1409 2272 1435 2298 in
1449 2272 1548 2299 cmlmn
1561 2279 1648 2306 usque
1659 2270 1823 2300 translatum

1027 2307 1142 2337 asserit,
1164 2311 1228 2333 sunt
1249 2305 1296 2340 qui
1318 2306 1475 2339 paradisum
1500 2315 1515 2334 a
1533 2305 1822 2340 cmlo’discernentes.

1026 2341 1152 2368 eumdem
1166 2341 1250 2377 illum
1276 2341 1364 2368 locum
1390 2349 1451 2369 esse
1467 2343 1598 2372 sentiant,
1613 2349 1627 2369 e
1642 2349 1697 2377 quo
1715 2344 1821 2377 primus

1026 2383 1125 2412 parens
1148 2376 1251 2410 ejectus
1274 2381 1325 2408 est,
1350 2381 1377 2403 et
1410 2377 1437 2403 in
1460 2376 1722 2412 quemlutrofpro’
1743 2386 1777 2405 eo
1791 2385 1823 2405 ac

1025 2411 1152 2438 Christus
1162 2411 1335 2447 promiserat,
1347 2416 1473 2446 receptus
1484 2417 1536 2439 est.
1545 2411 1583 2438 [ta
1590 2411 1821 2447 Theophylai-tns,

1025 2450 1052 2481 et
1070 2446 1114 2472 alii
1132 2445 1241 2480 quidam
1264 2445 1426 2481 interpretes
1443 2455 1475 2474 ac
1494 2447 1599 2480 Patres,
1631 2445 1733 2481 quibus
1752 2445 1822 2476 favet

1025 2479 1204 2516 Epiphanius.
1224 2480 1278 2508 Sed
1290 2479 1444 2510 communis
1464 2482 1579 2509 aliorum
1596 2479 1732 2510 sententia
1750 2484 1822 2511 veri-

1025 2516 1140 2543 siinilior
1157 2520 1198 2544 est
1212 2537 1218 2548 ,
1240 2516 1396 2551 paradisum
1415 2525 1464 2551 pro
1486 2518 1590 2545 cmlesti
1611 2517 1698 2552 gloria
1713 2523 1740 2545 et
1756 2527 1822 2547 sua-

1025 2552 1137 2577 vissima
1163 2552 1280 2586 quadam
1304 2552 1442 2586 voluptate
1462 2556 1554 2580 sumi:
1589 2560 1678 2585 neque
1702 2558 1821 2581 veterem

1025 2585 1101 2624 illum
1113 2585 1271 2613 amomilate
1286 2594 1318 2613 ac
1335 2585 1442 2624 deliciis
1456 2587 1585 2615 refertum
1601 2588 1690 2615 locum
1703 2590 1823 2624 amplius

1025 2621 1053 2647 in
1070 2629 1158 2648 rerum
1172 2629 1233 2649 esse
1255 2627 1361 2649 natura.
1380 2621 1483 2649 Parav.

1062 2655 1126 2684 Vide
1142 2657 1169 2683 δ.
1191 2656 1370 2691 Epiphanium
1389 2661 1513 2684 nostrum
1529 2657 1555 2684 in
1575 2665 1623 2685 sua
1644 2657 1765 2692 Epistola
1786 2659 1822 2686 ad

1022 2690 1153 2718 Joannem
1163 2690 1311 2726 episetipum
1325 2692 1607 2727 "ierosolyntilunum,
1621 2690 1671 2721 ubi
1684 2694 1820 2726 eamdem,

1023 2734 1105 2761 quam
1120 2727 1146 2753 in
1161 2728 1286 2762 praesenti
1305 2728 1425 2759 exhibet,
1439 2728 1596 2762 opinionem
1614 2735 1737 2755 renovat.
1751 2728 1821 2756 Vide

1023 2767 1049 2789 et
1062 2762 1213 2789 Calmctuin
1231 2762 1264 2789 ad
1284 2770 1344 2797 cap.
1361 2770 1398 2789 λιι
1426 2762 1512 2797 Epist.
1527 2762 1547 2789 ll
1575 2763 1608 2790 ad
1621 2762 1759 2794 Corintli.,
1772 2763 1820 2791 ubi

1024 2796 1181 2834 indicantur
1197 2798 1303 2834 Patres,
1320 2796 1482 2834 quaVGraici.
1498 2805 1552 2832 qua
1564 2797 1667 2831 Latini,
1682 2799 1729 2834 qui
1745 2799 1772 2826 in
1788 2807 1817 2828 re

1023 2833 1151 2867 praesenti
1168 2841 1230 2860 cum
1246 2832 1399 2868 Epiphanio
1418 2834 1554 2861 sentiunt.
