1940 3043
100 199 166 230 "3,

801 191 1020 220 ANCORATUS.

1667 192 1717 220 114

97 255 143 283 καὶ
154 253 244 285 πάλιν,
267 251 437 287 ἁρπαγέντα
458 253 502 285 εἰς
518 251 572 278 τὸν
585 251 778 285 παράδεισον.
807 251 843 277 Τὸ
855 250 882 277 δὲ

936 254 989 278 tur.
1011 249 1068 277 Non
1095 257 1165 277 enuu
1191 248 1265 276 brevi
1286 249 1377 283 aliquo
1403 249 1537 278 sermonis
1558 250 1718 285 compendio

99 299 165 336 μετὰ
178 298 224 326 τοῦ
236 298 347 334 ἄρθρου,
362 298 455 333 ἑτέρου
469 297 614 333 προσώπου
627 297 684 323 ἐστὶ
696 297 880 332 διαληπτικδν,

98 345 142 372 καὶ
154 345 246 380 ἑτέρου
266 344 366 378 τρόπου
385 343 572 378 μεταθετικόν·
597 343 635 374 ὡς
651 344 677 369 εἴ
693 351 735 374 τις
751 342 807 377 ἔχει
821 342 884 378 ὅρος

97 391 143 418 καί
158 389 279 421 πεδιάδα,
294 390 343 424 τὴν
358 389 386 415 δὲ
402 389 513 416 πεδιάδα
536 389 753 423 ὲγκυκλεὺηυσαν
766 388 796 414 τὸ
811 388 881 423 ὅρος,

98 436 239 471 βουληθείη
262 436 290 462 δὲ
312 436 351 467 εἰς
373 435 403 461 τὸ
421 435 508 470 πέραν
533 434 580 460 τοῦ
604 434 684 470 ὅρους
704 435 733 460 ὲν
748 436 782 469 τῇ
801 433 882 460 αὑτοῦ

98 481 201 508 πεδιάδι
219 479 433 516 παραγενέσθαι,
453 479 501 506 καί
525 480 570 506 ὅτε
591 479 640 515 μὲν
655 479 763 514 θελήσει
779 479 822 505 διὰ
834 480 883 514 τῆς

99 526 221 558 πεδιάδος
243 526 293 561 τὴν
314 525 468 560 ὁδοιπορίαν
486 524 662 560 ποιήσασθαι,
684 525 723 555 εἰς
742 524 787 550 τὸν
803 523 883 550 τόπον

97 573 161 599 ὅπου
182 571 205 599 δ’
227 571 260 598 ἂν
271 571 335 608 ἔλθῃ
348 570 395 597 τοῦ
417 571 497 606 ἧρους
521 570 651 602 ἀνελθεῖν,
675 570 787 596 δυνατὸν
808 569 884 596 ἔσται

97 617 169 652 αὐτῷ
180 616 260 643 τοῦτο
271 625 277 632 ·
294 617 318 643 εἰ
330 616 358 642 δὲ
370 615 478 651 θελήσει
492 615 600 651 πρῶτον
612 615 663 650 μὲν
676 615 794 651 ἐμϐῆναι
806 616 845 646 εἰς
853 615 884 641 τὸ

97 663 166 698 ὅρος,
192 662 240 689 καὶ
255 661 309 688 άπὸ
332 660 378 688 τοῦ
404 661 483 696 ὅρους
506 661 586 688 πάλιν
609 661 650 692 εἰς
670 660 716 687 τὸν
739 661 821 687 τόπον
835 660 884 695 τῆς

98 706 219 738 πεδιάδος
243 706 291 741 τῆς
312 706 441 732 ἐπέκεινα
453 704 501 732 τοῦ
519 705 598 740 ῡρους
615 704 751 739 γενέσθαι,
775 704 822 731 καὶ
837 704 884 743 οὖέ

96 761 148 785 τως
163 752 238 787 αὐτῷ
254 752 366 779 δυνατόν
378 760 385 767 ·
412 750 485 778 οὕτω
511 760 556 787 μοι
568 751 623 777 νόει
642 751 688 777 καὶ
703 751 733 777 τὸ
755 752 818 787 περί
836 744 883 777 τοῦ

103 798 262 825 Ἀποστόλου
278 797 421 833 εἰρημένον
431 805 438 813 ·
464 796 570 832 πρῶτον
589 796 637 831 μὲν
653 797 691 828 εἰς
712 795 757 822 τὸν
772 795 884 831 οὐρανὸν

97 843 305 879 ἀναϐεϐηκέναι,
324 843 395 870 κατά
407 842 438 869 τὸ
454 842 613 878 εἰρημένον·
637 841 750 876 Κατέϐη
765 843 781 869 ὁ
795 841 883 870 ἀδελ-

96 889 199 924 φιδοῦς
208 898 270 923 μου
291 890 334 922 εἰς
353 888 406 915 τὸν
428 887 529 922 κῆπον
545 887 647 915 αὐτοῦ.
674 888 730 914 Καὶ
752 889 766 914 ὁ
789 887 883 922 Σωτήρ

97 942 175 970 φησι·
190 934 327 969 Σήμερον
334 933 397 969 μεῖν
407 933 480 961 ἑιιοῦ
491 932 548 967 ἔσῃ
561 933 596 959 ὲν
610 932 651 965 τῷ
666 932 845 966 παραδείσῳ.

128 1062 193 1090 NE’.
213 1063 247 1090 Et
258 1063 286 1090 δὲ
300 1063 351 1089 οὐκ
364 1062 439 1090 ἔστιν
453 1063 499 1090 ἐπὶ
512 1063 565 1098 γῆς
580 1063 753 1099 παράδεισος,
772 1063 819 1090 καὶ
834 1063 885 1089 οὐκ

96 1108 207 1144 ἀληθινὰ
221 1108 257 1135 τὰ
270 1109 300 1135 ὲν
314 1109 423 1136 Γενὲσει
439 1109 630 1145 γεγραμμένα,
645 1109 713 1135 ἀλλὰ
725 1109 884 1144 ἀλληγορεῖ-

95 1163 147 1186 ut,
160 1154 237 1181 οὐδὲν
253 1154 292 1181 ἐνι
315 1156 365 1190 τῆς
379 1155 555 1187 ἀκολουθίας,
583 1155 651 1182 ἀλλὰ
666 1155 755 1181 πάντα
771 1155 885 1189 ἀλληγο-

96 1200 213 1236 ροῦνται.
233 1200 286 1227 Ἔν
299 1200 378 1234 ἀρχῇ
390 1200 444 1235 γὰρ
457 1200 602 1233 ἐποίησεν
615 1202 631 1227 d
646 1201 717 1232 Θεὸς
729 1200 783 1227 τὸν
796 1201 885 1234 οὐρα-

94 1246 149 1273 νὸν
167 1246 218 1272 καί
234 1245 292 1280 τὴν
314 1245 386 1280 γῆν·
414 1246 461 1272 καὶ
479 1246 530 1272 οὐκ
552 1246 626 1272 ἐστιν
649 1245 884 1282 ἀλληγορούμενα,

94 1291 149 1318 ἀλλ’
173 1291 276 1327 όρατά“
297 1292 345 1318 καὶ
370 1291 531 1327 στερέωμα,
557 1291 641 1326 φησί,
667 1292 714 1318 καὶ
734 1291 882 1325 θάλασσαν,

94 1336 273 1372 βλαστήματά
288 1345 318 1363 τε
333 1337 381 1363 καὶ
398 1336 464 1369 ξύλα
485 1338 532 1364 καὶ
556 1337 680 1372 βοτάνας.
695 1338 801 1373 χόρτον,
815 1337 883 1371 ζῶα,

96 1379 198 1414 ἰχθύας,
216 1379 311 1415 ὄρνεα,
325 1381 415 1408 πάντα
434 1382 469 1408 τὰ
482 1381 610 1417 ὁρώμενα
628 1383 658 1409 ὲν
674 1382 789 1418 ἀληθείᾳ
804 1391 884 1417 γεγο-

95 1426 172 1458 νότα,
200 1426 346 1462 ἄνθρωπον
369 1429 398 1454 ἐν
422 1427 538 1463 ἀληθείᾳ
562 1427 592 1454 ὃν
613 1428 751 1464 ἐποίησεν.
767 1428 884 1464 Ἔθηκε¹

93 1471 180 1500 τοίνυν
202 1472 299 1500 τοῦτον
323 1473 352 1500 ὃν
380 1473 498 1500 ἔπλασεν
517 1475 546 1500 ἐν
568 1473 608 1509 τῷ
628 1474 802 1510 παραδείσῳ,
825 1475 886 1501 κατ’

94 1518 183 1545 εἰκόνα
210 1519 328 1554 ποιήσας
351 1519 398 1546 τὸν
421 1519 503 1547 αὐτὸν
530 1519 688 1556 ἄνθρωπον,
712 1522 773 1548 κατ’
793 1521 885 1548 εἰκόνα

94 1563 159 1590 Θεοῦ
173 1564 213 1590 δέ.
228 1564 275 1599 Μὴ
287 1564 533 1600 περιεργάζσυ(65)
545 1565 574 1591 δὲ
588 1565 635 1592 τοῦ
646 1565 714 1592 Θεοῦ
724 1566 885 1602 δωρήματα,

94 1608 126 1635 τά
137 1609 208 1636 κατὰ
222 1610 306 1645 ’χάριν
327 1609 365 1645 τῷ
384 1609 521 1646 ἀνθρώπῳ
542 1610 682 1646 δεδομένα.
709 1611 766 1637 Οὐκ
785 1611 883 1646 ἀρνού-

96 1654 163 1687 μεθα
175 1653 234 1688 (66)
247 1654 351 1686 πάντας
362 1654 523 1690 ἀνθρώπους
535 1652 606 1682 εἰναι
617 1656 677 1682 κατ’
689 1656 781 1682 εἰκόνα
797 1655 865 1682 Ε)εοῦ
875 1664 882 1671 ·

94 1698 124 1726 τδ
135 1699 164 1725 δὲ
176 1700 238 1731 πῶς
255 1700 285 1726 οὐ
302 1701 542 1736 περιεργαζόμεθα
555 1701 586 1728 τὸ
601 1703 665 1728 κατ’
682 1702 795 1728 εἰκόνα.
815 1701 885 1728 Οὔτε

94 1744 147 1780 γὰρ
160 1744 192 1771 τὸ
205 1745 320 1780 πλάσμα
333 1745 447 1781 νοοῦμεν
460 1748 519 1773 κατ’
532 1747 634 1779 εἰκόνα,
646 1746 707 1773 οὔτε
721 1747 770 1782 τὴν
784 1747 883 1782 ψυχὴν,

94 1788 155 1816 οὔτε
167 1791 214 1818 τὸν
228 1791 303 1822 νοῦν,
320 1791 382 1818 οὔτε
404 1791 453 1827 τὴν
469 1793 569 1828 ἀρετήν
579 1801 587 1808 ·
614 1792 700 1819 πολλὰ
712 1792 767 1828 γάρ
777 1794 837 1820 ἐστι
850 1793 886 1820 τὰ

96 1836 234 1864 κωλύοντά
249 1846 282 1872 με
298 1837 388 1872 λέγειν
400 1846 406 1853 ’
425 1838 483 1864 ἀλλ’
499 1838 562 1865 οὔτε
575 1838 690 1873 λέγομεν
706 1838 736 1865 τὸ
750 1838 830 1873 σῶμα
847 1839 884 1873 μὴ

95 1880 163 1910 εἶναι
177 1884 240 1910 κατ’
251 1884 353 1915 εἰκόνα,
363 1883 425 1910 οὔτε
439 1884 489 1919 τὴν
500 1882 598 1919 ψυχήν.
614 1884 720 1910 Πιστῶν
733 1883 762 1910 δὲ
775 1884 806 1910 τὸ
821 1885 886 1918 ὀμο-

95 1927 183 1961 λογεῖν
196 1928 247 1963 τὴν
262 1928 282 1954 Γ
284 1928 383 1964 ραφὴν,
395 1929 442 1955 καὶ
454 1928 492 1964 μὴ
509 1928 649 1963 ἀρνεῖσθαι
660 1937 667 1944 ·
678 1928 800 1955 ἀπίστων
814 1928 841 1954 δὲ
854 1928 885 1953 τὸ

95 1971 199 1999 ἀθετεῖν
213 1972 264 2007 τὴν
277 1973 367 2008 χάριν.
383 1973 476 1999 Ἔστιν
486 1970 532 1999 οὖν
547 1974 575 1998 ὲν
586 1972 626 2007 τῷ
637 1971 772 2007 ἀνθρώπῳ
782 1971 813 1997 τὸ
824 1972 884 1998 κατ’

95 2017 195 2051 εἰκόνα,
211 2017 293 2049 αὐτὸς
307 2018 336 2044 δὲ
348 2017 417 2044 οἶδεν
427 2019 441 2044 ὁ
450 2018 517 2049 Θεὸς
531 2017 560 2044 τὺ
577 2017 636 2048 πῶς
652 2017 735 2044 ἐστιν.
754 2017 816 2043 Ἐάν
830 2017 884 2052 γάρ

95 2063 182 2100 εἴπῃς,
197 2063 254 2090 Τὸν
268 2063 425 2098 ἄνθρωπον
439 2063 564 2097 ἐποίησε
578 2063 640 2090 κατ’
655 2063 764 2095 εἰκόνα,
782 2063 829 2090 καὶ
841 2071 885 2089 νο-

97 2108 176 2145 μίσῃς
183 2107 255 2136 εἷναι
261 2109 292 2136 τὸ
303 2109 393 2144 σῶμα,
406 2110 420 2136 ὁ
430 2109 458 2135 δὲ
468 2109 534 2141 Θεὸς
543 2109 668 2144 ἀόρατος,
681 2109 883 2144 άκατάλητιτος,

95 2154 287 2191 ἁπερινόητος·
302 2155 360 2190 (ὡς)
374 2155 404 2183 τὸ
413 2156 510 2191 ὁρατὸν
524 2156 570 2182 καὶ
582 2155 755 2190 κανιληπτὸν
771 2156 818 2182 καὶ
831 2155 884 2181 ὑπὸ

96 2199 166 2236 ἁφὴν
180 2201 328 2236 ἐμπίπτον,
344 2201 427 2228 εἰκὼν
441 2201 517 2228 ἔσται
533 2201 580 2228 τοῦ
591 2200 707 2236 ἀοράτου
724 2200 770 2227 καὶ
782 2200 884 2227 ἀκατα-

933 296 1031 324 ρωίυιιι
1047 303 1109 322 cum
1127 294 1255 329 paradiso
1275 294 1428 321 coul‘uudit.
1450 294 1529 327 Νουὶ,
1548 296 1648 331 inquit,
1668 296 1718 323 ho-

933 342 1027 368 minem
1050 346 1154 375 raplum
1170 341 1196 367 in
1215 341 1320 367 tertium
1337 349 1417 376 usque
1431 341 1541 372 corium;
1557 347 1583 368 et
1604 344 1718 374 iterum,

933 393 1038 423 raptum
1050 388 1076 415 in
1087 388 1254 422 paradisum.
1269 387 1336 414 Nam
1348 388 1391 414 cui
1404 388 1537 414 articulus
1551 388 1718 423 adiungitur,

933 434 959 461 id
981 433 1137 460 distinctam
1155 433 1300 468 quamdam
1319 441 1462 468 personam
1482 433 1619 468 exprimit,
1639 438 1666 460 et
1685 434 1719 461 ad

934 479 1017 506 alium
1043 478 1153 506 modum
1180 478 1235 514 58
1261 479 1390 506 traducit.
1418 478 1533 506 Perinde
1557 486 1588 506 ac
1613 479 1635 505 si
1658 479 1721 514 quis

933 528 1052 552 montem
1069 528 1096 552 et
1112 524 1249 559 planitiem
1267 525 1414 560 possideat,
1431 532 1491 560 quae
1508 524 1592 551 monti
1608 524 1723 552 cireum~

935 569 995 597 fusa
1010 570 1061 601 sit;
1074 569 1109 603 is,
1120 570 1142 597 si
1162 570 1231 596 ultra
1245 574 1362 597 montem
1379 570 1412 596 ad
1427 577 1552 605 campum
1567 578 1646 597 suum
1659 577 1721 605 per-

933 624 997 652 gere
1013 617 1086 648 velit,
1113 620 1200 651 potest
1216 616 1335 651 quidem,
1356 615 1378 643 si
1395 615 1514 648 libuerit,
1531 615 1583 642 iter
1597 623 1645 650 per
1664 615 1723 650 pla-

934 663 1027 689 nitiem
1045 662 1132 697 ipsam
1153 662 1288 697 progredi.
1305 667 1331 689 et
1344 662 1377 689 ad
1395 669 1586 696 quamcunque
1608 661 1724 688 voluerit

935 707 1016 734 menti
1031 707 1180 741 subiectam
1198 707 1340 741 pervenire
1355 710 1458 741 partem
1476 715 1482 733 :
1500 706 1540 733 sin
1554 705 1630 740 prius
1646 712 1724 732 mon-

934 757 987 781 tem
1005 753 1188 780 conscendere
1201 756 1227 780 et
1237 760 1251 779 e
1264 755 1355 779 monte
1370 752 1396 778 in
1413 752 1562 786 planitiem,
1575 759 1636 789 qua:
1651 751 1721 778 ultra

935 802 1055 825 montem
1074 801 1126 830 est,
1144 797 1313 825 descendere
1336 797 1463 828 voluerit,
1483 804 1538 824 non
1560 796 1650 824 minus
1672 796 1724 822 hoc

935 849 1064 880 prrestare
1081 844 1189 879 poterit.
1207 843 1247 870 Ad
1273 843 1346 870 hunc
1363 843 1455 878 itaque
1475 850 1585 880 sensum
1602 842 1673 870 refer
1698 841 1723 868 id

934 889 1007 926 quod
1023 890 1056 918 de
1069 890 1199 925 Apostolo
1211 889 1313 917 dictum
1328 893 1380 923 est,
1392 894 1422 916 ut
1431 889 1476 917 ille
1492 889 1609 924 primum
1625 889 1651 916 in
1667 896 1724 916 cte-

936 937 991 963 lum
1008 935 1216 963 conscenderit:
1232 943 1281 970 pro
1291 943 1323 962 eo
1337 942 1368 962 ac
1382 936 1514 969 scriptum
1531 938 1592 962 est:
1611 934 1724 961 Ποδίω-

935 981 974 1008 dit
993 981 1129 1016 fratruelis
1147 989 1222 1008 meus
1236 981 1265 1008 in
1284 981 1390 1008 hortum
1405 988 1482 1007 suum
1493 981 1514 1006 '.
1530 980 1562 1006 At
1578 979 1722 1006 Salvator:

939 1027 1033 1058 Hodie,
1052 1026 1150 1061 inquit,
1168 1033 1269 1052 mecum
1283 1025 1335 1052 eris
1353 1026 1378 1052 in
1397 1024 1522 1059 paradiso
1538 1024 1558 1050 ³.

971 1071 1026 1099 LV.
1047 1071 1148 1104 Quodsi
1178 1078 1312 1105 nusquam
1327 1074 1369 1097 est
1383 1071 1408 1097 in
1423 1073 1494 1096 terra
1510 1068 1664 1104 paradisus,
1678 1076 1724 1096 ne-

935 1124 988 1152 que
1005 1124 1067 1144 vera
1085 1120 1158 1146 sunt.
1174 1124 1233 1151 quae
1251 1116 1278 1142 in
1295 1115 1392 1142 Genesi
1408 1115 1593 1146 continentur,
1612 1114 1660 1141 sed
1683 1114 1724 1141 αις

935 1159 1053 1195 legorice
1069 1159 1214 1187 dicuntur:
1227 1159 1293 1186 nihil
1307 1159 1438 1193 deinceps
1450 1166 1620 1193 consequens
1628 1166 1660 1185 ac
1679 1166 1725 1186 ve-

936 1205 1011 1233 ritati
1034 1209 1249 1233 consentaneum
1271 1205 1332 1237 erit,
1357 1204 1403 1231 sed
1426 1204 1459 1231 ad
1484 1203 1641 1238 allegoriam
1664 1203 1725 1230 uni.

935 1258 1014 1278 versa
1030 1250 1243 1278 transferuntur.
1267 1249 1300 1276 In
1321 1249 1452 1284 principio
1479 1249 1552 1275 enim
1577 1248 1638 1282 fecit
1654 1247 1725 1275 Deus

936 1296 1028 1323 calum
1046 1299 1070 1322 et
1089 1300 1186 1322 terram
1198 1297 1226 1329 l';
1243 1303 1304 1330 qua;
1318 1302 1373 1322 non
1389 1295 1533 1329 allegorice
1550 1293 1704 1328 signiﬁcata
1716 1314 1724 1326 ,

937 1341 984 1370 sed
1001 1334 1183 1377 aspectabilia‘
1200 1345 1274 1369 sunt.
1293 1340 1362 1368 Tum
1381 1340 1593 1372 ﬁrmamentum,
1616 1340 1725 1375 inquit,

936 1392 963 1415 et
983 1395 1067 1420 mare,
1093 1387 1233 1422 germina,
1253 1387 1376 1419 arbores,
1399 1386 1508 1419 herbas,
1527 1394 1649 1421 gramen,
1668 1386 1727 1413 aui-

937 1432 1034 1465 malia,
1059 1433 1165 1468 pisces,
1191 1440 1270 1464 aves,
1295 1437 1392 1460 caetera
1417 1431 1535 1466 denique
1553 1440 1615 1467 qua:
1638 1432 1726 1460 oculis

937 1481 1106 1513 usurpantur
1123 1486 1154 1506 ac
1168 1486 1198 1506 re
1209 1486 1272 1506 vera
1287 1478 1418 1513 producta
1433 1482 1511 1510 sunt,
1539 1482 1620 1512 atque
1635 1477 1726 1504 homi-

937 1531 1016 1555 nem,
1045 1531 1125 1559 quem
1150 1531 1244 1551 revera
1268 1524 1405 1559 produxit.
1434 1523 1512 1550 "unc
1536 1523 1618 1558 igitur
1643 1531 1725 1557 quem

939 1567 1080 1599 formarat.
1098 1568 1125 1595 iu
1140 1568 1267 1603 paradiso
1286 1569 1440 1600 collocavit,
1462 1575 1523 1595 cum
1542 1568 1615 1595 hunc
1634 1569 1724 1603 ipsum

938 1613 1075 1640 hominem
1093 1620 1170 1641 suam
1193 1613 1226 1640 ad
1245 1614 1389 1648 imaginem
1413 1612 1533 1645 fecisset,
1559 1613 1725 1648 imaginem,

936 1658 1059 1693 inquam,
1077 1658 1134 1686 Dei.
1151 1658 1191 1685 Tu
1206 1666 1272 1686 vero
1288 1657 1359 1685 dona
1377 1657 1423 1685 Dei
1438 1658 1576 1685 curiosius
1591 1665 1657 1685 cave
1669 1665 1727 1692 per-

936 1704 1079 1736 scruteris,
1103 1711 1163 1738 quae
1186 1704 1289 1731 homini
1315 1703 1361 1731 Dei
1388 1704 1473 1738 gratia
1490 1711 1623 1732 concessa
1650 1707 1725 1731 sunt.

935 1747 995 1775 Non
1019 1755 1150 1783 negamus
1175 1748 1300 1776 homines
1323 1755 1420 1775 omnes
1443 1749 1477 1775 ad
1504 1748 1650 1783 imaginem
1680 1748 1729 1775 lici

935 1801 996 1822 esse
1020 1793 1116 1821 factos.
1137 1793 1280 1826 Quomodo
1302 1801 1366 1821 vero
1388 1794 1477 1828 imago
1501 1795 1545 1821 illa
1569 1795 1728 1829 accipienda

935 1840 982 1871 sit,
998 1847 1051 1866 non
1067 1839 1212 1866 admodum
1231 1839 1407 1874 inquirimus.
1426 1838 1518 1874 Neque
1533 1840 1605 1866 enim
1624 1839 1726 1866 forum--

936 1889 993 1911 tum
1009 1885 1098 1920 ipsum
1114 1892 1214 1918 corpus
1231 1884 1264 1910 ad
1285 1885 1431 1918 imaginem
1453 1891 1514 1910 esse
1529 1884 1663 1915 dicimus;
1679 1892 1726 1910 ηο-

936 1936 988 1963 que
1002 1928 1073 1955 hanc
1087 1929 1114 1954 in
1130 1928 1220 1954 anima
1237 1948 1244 1961 ,
1256 1929 1298 1955 vel
1315 1932 1416 1959 mente.
1434 1929 1474 1955 vel
1490 1929 1590 1956 virtute
1604 1930 1724 1956 colloca-

936 1981 1018 2001 mus:
1046 1973 1130 2000 multa
1152 1973 1251 2008 quippe
1270 1978 1335 2001 sunt
1358 1982 1419 2008 qua:
1439 1974 1464 2000 id
1489 1981 1614 2002 asserere
1637 1975 1726 2009 prohi-

935 2018 1025 2052 beant,
1042 2018 1090 2046 sed
1112 2026 1201 2053 neque
1217 2027 1334 2054 corpus,
1353 2027 1440 2054 neque
1457 2019 1575 2046 animam
1597 2019 1631 2046 ad
1655 2020 1724 2046 ima‘

935 2063 1024 2098 ginem
1039 2070 1101 2090 esse
1113 2071 1256 2098 negamus.
1271 2062 1403 2091 Fidelium
1419 2071 1500 2097 porro
1514 2067 1556 2090 est
1573 2064 1726 2098 Scriptura-

935 2117 997 2136 rum
1013 2108 1154 2136 veritatem
1170 2117 1223 2136 non
1237 2109 1363 2142 iullciari,
1390 2110 1437 2137 sed
1458 2110 1575 2146 ingenue
1591 2111 1723 2145 profiteri.

935 2154 1165 2189 quemadmodum
1195 2155 1345 2182 inﬁdelium
1365 2160 1408 2183 est
1432 2156 1576 2191 repudiare
1596 2157 1723 2192 gratiam.

936 2200 1109 2235 Quapropter
1131 2201 1203 2229 inest
1223 2201 1331 2236 quidem
1352 2201 1378 2228 in
1403 2202 1511 2229 homine
1530 2202 1596 2229 illud
1615 2202 1722 2236 ipsum.

95 2246 196 2281 λήτιτου
219 2247 275 2274 Καὶ
285 2247 333 2274 ἐὰν
343 2247 434 2283 εἴπῃς,
445 2247 505 2274 Οὐκ
516 2247 573 2274 ἔστι
584 2247 615 2273 τὸ
626 2246 705 2281 σῶμα
712 2246 772 2273 κατ’
781 2245 882 2273 εἰκόνα·

936 2246 1009 2281 quod
1033 2246 1066 2273 ad
1087 2246 1231 2282 imaginem
1253 2255 1411 2282 expressum
1433 2247 1532 2274 dicitur
1546 2257 1552 2275 :
1568 2246 1724 2281 cujusmodi

97 2293 213 2326 ’ἔλαϐε-ς,
229 2293 307 2329 φησὶ,
322 2293 400 2328 χοῦν
413 2293 467 2328 (67)
477 2293 537 2321 ἀπὸ
549 2292 604 2327 τῆς
618 2293 685 2328 γῆς,
703 2293 752 2320 καί
765 2292 883 2320 ἔπλασε

95 2338 147 2366 τὸν
160 2339 334 2374 ἄνθρωπον·
358 2340 406 2366 καὶ
424 2339 567 2375 ἄνθρωπον
582 2339 659 2366 καλεί
676 2339 705 2366 τὸ
719 2339 820 2375 χοῖκὸν,
838 2339 883 2366 καὶ

937 2300 1002 2320 vero
1018 2292 1055 2320 sit
1067 2292 1143 2325 illud,
1160 2292 1210 2320 soli
1232 2293 1286 2321 Deo
1301 2293 1440 2328 cognitum
1455 2297 1507 2320 est.
1529 2293 1596 2319 Nam
1613 2293 1636 2320 si
1652 2293 1732 2319 dixe~

938 2340 977 2366 ris
996 2339 1133 2367 hominem
1149 2339 1182 2366 ad
1200 2339 1343 2375 imaginem
1363 2347 1426 2369 esse
1448 2339 1494 2366 Dei
1512 2338 1626 2372 factum,
1650 2345 1726 2366 eam-

129 2418 138 2434 ¹
158 2427 203 2453 ιη),
220 2418 260 2445 ἐτι
275 2419 331 2445 καί.
370 2420 380 2434 ¹
395 2417 474 2445 Cant.
490 2427 526 2451 νι,
543 2418 566 2444 ἰ.
606 2419 616 2433 ³
636 2417 702 2445 Luc.
719 2425 797 2450 xxut,
813 2418 858 2445 45.

936 2417 991 2445 icn.
1008 2426 1026 2451 ι,
1043 2418 1055 2444 1
1073 2426 1135 2453 sqq.

128 2495 184 2531 (65)
203 2496 251 2530 Μὴ
267 2496 472 2532 περιεργάζου,
489 2501 542 2524 etc.
567 2496 706 2530 Superiori
723 2503 837 2532 numero
851 2495 885 2532 i_8

95 2530 164 2559 idem
186 2530 378 2559 documentum
396 2532 539 2559 insinuans
560 2532 684 2562 dixerat,
713 2531 750 2566 μὴ
763 2530 838 2565 ζήτει
850 2530 884 2557 τὰ

96 2566 133 2607 μὴ
145 2565 388 2607 ζητούμεναηγίιίο
400 2575 460 2601 quas
472 2567 570 2607 de_hac
583 2566 684 2607 ingenii
697 2565 884 2592 moderatione

95 2601 220 2629 in'rcbus
242 2601 384 2637 theologia!
398 2602 541 2630 versandis
563 2601 708 2628 utilissima
732 2608 808 2633 sane,
828 2608 883 2628 non

95 2636 176 2665 semei
193 2637 221 2663 in
231 2636 419 2671 superioribus
434 2637 599 2664 monuimus.

129 2671 185 2705 (68)
202 2669 454 2707 οῠκαργούμεθα,
467 2677 520 2699 etc.
535 2671 676 2698 Hominem
687 2670 720 2697 ad
737 2669 881 2707 imaginem

98 2705 141 2734 Dei
156 2714 218 2734 esse
230 2706 332 2733 factum
347 2705 477 2735 Ecclesiae
491 2707 638 2734 traditione
651 2709 821 2739 compertqu
834 2705 882 2731 ha-

98 2741 200 2774 bemus,
211 2742 438 2775 quemadmodum
451 2741 643 2769 animadvertit
658 2746 753 2775 uosler
762 2739 883 2774 Epipha-

97 2775 158 2803 nius
175 2777 203 2802 in
220 2774 313 2803 haeresi
332 2777 376 2808 70,
397 2785 458 2811 qua:
475 2781 518 2804 est
536 2776 734 2808 Audianornm,
747 2774 794 2801 Dei
816 2775 883 2811 imaf

97 2810 185 2844 ginem
198 2811 225 2846 in
240 2811 357 2838 hominis
369 2809 482 2846 corpore
494 2811 709 2845 aguoseentium.
722 2810 794 2844 quod
805 2809 882 2846 gravi

98 2843 272 2880 estrpericulo
287 2843 443 2874 obnoxium.
469 2843 554 2873 Eul'in
574 2847 635 2873 loco
651 2846 702 2873 sub
717 2843 838 2872 numeris
852 2843 880 2877 2,

98 2881 124 2914 5,
134 2879 190 2908 ζει
202 2880 230 2914 5,
241 2881 363 2915 pluribus
379 2890 462 2917 quam
486 2882 530 2909 hic
549 2881 576 2909 in
589 2881 723 2909 Ancorato
740 2887 797 2908 rem
813 2887 882 2914 prae-

935 2499 1038 2523 sentem
1058 2498 1167 2532 tractat.
1193 2494 1256 2521 Vult
1270 2495 1402 2532 sollicitos
1419 2503 1469 2524 nos
1487 2503 1548 2524 esse
1566 2504 1619 2524 non
1642 2504 1725 2532 opor-

934 2534 1002 2566 tere,
1019 2533 1052 2566 uti
1067 2530 1261 2566 investigcmus
1281 2530 1306 2557 in
1325 2538 1390 2565 quo,
1406 2535 1454 2557 aut
1472 2532 1609 2566 quomodo
1623 2530 1723 2560 sit'Dci

933 2565 1023 2600 imago
1047 2565 1074 2591 iu
1097 2565 1206 2600 homine
1225 2566 1385 2592 constituta.
1416 2566 1448 2592 Et
1473 2565 1535 2593 ideo
1555 2574 1650 2594 omnes
1669 2567 1725 2594 fere

930 2599 1066 2627 memorat
1081 2599 1225 2634 opiniones
1238 2607 1298 2634 quae
1311 2607 1342 2627 ea
1354 2601 1388 2628 de
1403 2608 1431 2628 re
1444 2609 1492 2629 sua
1510 2607 1589 2629 :ctate
1602 2602 1723 2629 circum-

932 2634 1099 2672 lerebantur,
1126 2635 1403 2672 omnesquerefellit;
1421 2637 1494 2671 quod
1509 2637 1571 2664 licet
1587 2637 1723 2672 pauciori—

931 2669 982 2697 bus
998 2673 1025 2696 et
1044 2669 1087 2696 hic
1106 2674 1214 2704 prznstat
1230 2669 1256 2697 in
1271 2671 1413 2698 Αηεοταιο.

969 2704 1025 2739 (67)
1043 2705 1164 2736 Ἔλαϐε,
1181 2705 1268 2739 φησὶ,
1283 2706 1368 2739 χοῦν,
1386 2711 1438 2733 etc.
1456 2706 1494 2733 Eo
1510 2707 1656 2734 nitebantur
1669 2706 1721 2731 Gcw

932 2747 1030 2767 neseos
1056 2739 1210 2766 testimonio
1228 2740 1355 2770 Audiani.
1375 2745 1403 2767 ut
1417 2745 1569 2768 statuerent.
1586 2741 1631 2767 Dei
1651 2741 1719 2766 ima-

932 2775 1022 2808 ginem
1040 2782 1101 2802 esse
1114 2774 1194 2802 sitam
1208 2776 1234 2802 in
1248 2776 1366 2803 hominis
1379 2784 1504 2810 corpore.
1523 2777 1589 2802 Vide
1604 2775 1720 2809 Epiptta~

932 2809 1008 2836 nium
1021 2815 1169 2845 memorata
1188 2819 1274 2845 tmper
1288 2810 1314 2836 in
1330 2809 1484 2838 haeresim.
1514 2812 1658 2845 Explorata
1676 2817 1719 2835 ιτς

931 2844 1077 2880 est,codem
1090 2844 1245 2872 testimonio
1257 2845 1331 2872 abuti
1346 2847 1532 2878 consuevissc,
1544 2844 1590 2880 qui
1602 2844 1719 2871 errando

931 2879 1057 2908 dicebant
1073 2880 1158 2908 Deum
1172 2888 1233 2908 esse
1248 2887 1418 2915 corporeum.
