1940 3043
188 210 239 237 115
887 213 915 241 S.
937 214 1106 243 EPlPllANll
1759 221 1810 250 116

183 277 237 303 que
250 276 365 304 corpore
379 269 534 302 deﬂnieris;
553 278 614 297 cum
628 270 698 298 Deus
712 274 801 306 neque
812 272 896 299 videri
909 280 971 300 oeu-

1034 275 1164 310 ἱνθρωπον
1181 275 1258 302 καλεί
1270 275 1301 302 τὸ
1317 275 1430 310 ψυχικόν
1440 284 1447 290 ·
1477 276 1661 311 Ἐνεφύσησε
1676 278 1742 314 γὰρ,
1756 287 1810 314 φη-

185 315 231 345 lis,
247 323 334 350 neque
346 316 549 350 comprehendi,
571 324 659 351 neque
674 317 850 353 intelligentia
863 320 970 354 concipi

1034 321 1077 352 τὶν,
1096 322 1138 354 εὶς
1157 321 1190 348 τὸ
1206 322 1367 355 πρόσωπον
1383 322 1484 355 αὑτοῦ,
1505 322 1553 348 καὶ
1570 322 1686 357 ἐγένετο
1703 323 1813 357 ἀνθρω-

183 363 271 397 possit
287 371 294 389 :
310 361 381 396 quod
396 362 480 395 aspici
502 362 748 397 compreliendique
777 369 865 398 potest
890 369 971 399 atque

183 411 219 435 ta:
230 412 257 434 tu
283 407 402 442 percipi,
437 407 496 441 ejus
520 408 591 441 quod
616 409 701 435 videri
723 410 971 445 comprehendique

183 454 287 487 nequit,
298 453 387 487 imago
395 454 533 480 statuitur.
544 454 577 480 At
586 454 606 480 si
617 454 730 485 dixeris,
742 462 796 481 non
807 463 866 482 esse
873 464 971 490 corpus

184 499 217 525 ad
242 498 385 533 imaglnem
410 506 580 533 expressum,
603 501 693 526 statim
715 500 781 527 illud
809 501 882 535 quod
903 502 972 529 scri-

183 548 258 578 ptum
283 548 324 571 cst
349 548 474 571 occurret
490 555 494 571 :
511 545 632 578 Accepit,
659 545 766 580 inquit,
786 547 916 580 pulverem
940 547 972 574 de

1025 374 1081 400 πος
1104 368 1147 400 εἰς
1167 367 1273 401 ψυχὴν
1288 366 1394 397 ζῶσαν,
1419 367 1536 402 Κτιστὴν
1548 367 1576 393 δὲ
1592 367 1640 403 τὴν
1655 367 1743 403 ψυχὴν
1767 369 1812 394 καὶ

1025 414 1055 439 τὸ
1070 413 1148 447 σῶμα
1161 413 1285 448 νοοῦμεν.
1310 412 1371 444 Πῶς
1389 413 1519 448 κτιστήν;
1544 414 1732 447 Ἔνεφύσησε
1746 414 1811 449 γὰρ,

1025 458 1090 492 φησί
1100 466 1107 472 ·
1123 458 1170 484 καὶ
1182 457 1244 484 οὔτε
1262 458 1341 494 μέρος
1357 457 1424 483 Θεοῦ
1436 458 1552 493 λέγομεν
1564 456 1633 484 εἶναι
1647 458 1695 493 τὴν
1711 457 1811 492 ψυχὴν,

1024 502 1084 528 οὔτε
1099 502 1236 538 ἀλλότριον
1246 503 1292 529 τοῦ
1313 503 1516 537 ὲμφυσήματος.
1537 503 1598 534 Πῶς
1614 503 1642 529 δὲ
1666 503 1696 529 τὸ
1716 502 1812 529 λεπτὸν

1024 547 1103 573 τοῦτο
1118 549 1230 579 νοεῖται,
1247 547 1306 583 Θεῴ
1321 548 1392 583 μόνῳ
1406 549 1547 581 ἔγνωσται.

185 597 267 623 terra,
281 596 306 618 et
320 591 444 625 formavit
462 591 592 618 hominem
606 592 625 618 ¹.
641 591 730 624 Quare
744 596 798 618 tam
814 593 839 619 id
854 593 926 628 quod
941 601 974 619 ex
991 593 1073 620 humo
1092 593 1249 625 formatum,
1266 602 1346 629 quam
1367 594 1440 628 quod
1461 594 1550 620 anima
1582 592 1723 628 prxditum
1753 598 1812 624 est,

184 640 301 675 appellat
324 639 471 666 hominem.
490 638 635 673 Inspiravit
655 639 738 671 enim,
761 640 863 674 inquit,
884 640 912 666 in
929 640 1024 674 faciam
1041 641 1114 674 ejus,
1131 646 1155 667 et
1168 640 1254 675 factus
1270 646 1308 667 est
1334 641 1410 668 homo
1444 641 1471 667 in
1501 641 1617 666 artiorem
1648 641 1772 667 viventem
1790 640 1811 667 '.

183 685 270 712 Porro
294 692 412 713 creatam
431 687 549 713 animam
577 687 662 721 ipsam
687 686 800 722 perinde
822 695 853 714 ac
876 695 977 722 corpus
997 688 1183 722 intelligimus.
1201 687 1342 720 Quomodo
1359 689 1501 716 creatam?
1517 688 1679 722 Inspiravit,
1710 687 1808 721 inquit.

182 730 275 766 Neque
290 739 354 758 vero
371 736 473 766 partem
489 740 548 759 esse
564 731 611 758 Dei
629 737 756 767 putamus
772 733 900 763 animam,
916 741 1002 767 neque
1017 733 1064 760 ab‘
1081 734 1140 767 ejus
1151 733 1227 760 modi
1244 734 1422 768 inspiratione
1456 738 1584 768 tanquam
1617 733 1732 760 alienam
1767 739 1813 760 re—

182 777 304 812 jieimus.
318 777 550 811 Quemadmodum
564 785 628 804 vero
643 778 740 805 subtile
753 778 824 805 istud
840 779 1027 813 accipiendum
1045 779 1091 812 sit,
1107 779 1157 806 soli
1177 783 1218 806 est
1234 778 1288 806 Deo
1302 782 1486 814 perspectum.

220 834 274 869 59
286 833 350 860 LVI.
372 833 427 860 Nos
442 837 531 860 autem
551 834 609 860 sine
623 834 782 861 curiositate
798 839 878 869 atque
895 835 966 866 fuco,

187 882 240 908 Deo
249 880 294 914 qui
307 880 405 914 ubique
412 874 496 906 'verus
507 883 558 908 est.
571 879 731 906 adhibemus
743 879 832 906 iidem.
845 879 883 906 Tu
895 887 969 910 vero,

1060 835 1131 868 Νςι.
1156 835 1250 870 Ἡμεῖς
1269 835 1297 861 δὲ
1321 835 1494 870 ἀπεριέργως
1505 835 1559 870 ((28)
1577 836 1624 862 καὶ
1642 836 1814 872 ἀκακουργή-

1025 888 1080 910 τως
1094 879 1256 914 πιστεύομεν
1264 879 1302 914 τῷ
1315 879 1374 914 Θεῷ
1387 879 1546 914 ἁληθεύοντι
1560 881 1588 907 ὲν
1601 882 1678 907 πᾶσι.
1702 882 1756 907 Καὶ
1766 881 1813 908 ἐὰν

185 926 207 952 si
223 926 341 952 animam
353 925 386 952 ad
399 925 542 959 imaginem
555 924 599 951 Dei
613 932 674 951 esse
684 925 822 957 statueris,
831 932 893 952 cum
906 926 973 960 Apo-

1034 924 1103 960 ιῖπῃς
1110 925 1150 951 ὅτι
1161 925 1176 959 ἡ
1187 924 1258 960 ψυχή
1270 925 1327 950 ἐστι
1340 925 1370 950 τὸ
1380 926 1438 951 κατ’
1446 925 1546 957 εἰκόνα,
1554 925 1677 959 λέγοντος
1684 925 1730 952 τοῦ
1737 926 1816 952 Ἀπο-

185 971 273 998 stolus
294 974 414 1001 asserat,
440 969 529 995 Vivum
543 977 598 996 esse
618 969 665 995 Dei
685 977 830 996 sermonem
851 975 875 996 et
893 971 975 1004 efﬁca-

185 1025 251 1048 cem,
268 1025 298 1042 ac
312 1015 539 1050 penetrabiliorem
553 1017 623 1042 omni
636 1017 725 1050 gladio
742 1017 861 1051 ancipiti,
875 1023 899 1044 et
914 1026 974 1052 per-

188 1063 326 1098 tingentem
337 1071 418 1096 usque
426 1061 460 1088 ad
468 1061 607 1089 divisiones
617 1063 713 1089 animo:
721 1062 730 1077 ³
742 1072 747 1090 ;
761 1063 782 1090 si
795 1063 877 1098 igitur
884 1065 974 1090 anima

187 1108 336 1135 divisiones
352 1107 443 1139 habet,
466 1107 536 1135 Deus
550 1115 614 1134 vero
636 1107 770 1135 iudivisus
782 1112 823 1136 est
836 1118 843 1141 ;
857 1109 889 1135 ad
907 1109 976 1136 ima-

186 1155 277 1189 ginem
294 1154 384 1181 anima
399 1161 460 1181 esse
471 1154 516 1188 qui
529 1154 635 1188 potest?
649 1153 707 1180 Non
723 1154 794 1181 enim
809 1162 869 1188 qua:
885 1154 975 1180 futura

188 1205 252 1227 sunt
270 1199 346 1226 novit
371 1200 477 1232 anima;
502 1198 573 1226 Deus
595 1203 684 1226 autem
708 1199 799 1226 omnia
823 1200 973 1234 cognoscit.

187 1245 254 1272 item
269 1245 393 1279 corporis
407 1245 543 1271 anteriora
555 1245 703 1276 cernimus,
719 1246 872 1278 posteriora
887 1245 976 1272 nesci-

188 1297 260 1317 mus.
275 1289 356 1324 Atqui
370 1289 392 1315 si
407 1289 524 1314 animam
539 1289 571 1314 ad
588 1288 732 1322 imaginem
748 1296 810 1315 esse
821 1289 974 1323 negaveris,

188 1335 352 1369 repugnabit
366 1334 430 1361 illud
445 1334 516 1368 quod
533 1333 651 1360 animant
666 1334 809 1367 appellarit
827 1334 975 1367 hominem,

189 1389 222 1409 ac
233 1385 287 1408 tam
301 1381 389 1408 anima
400 1387 480 1415 quam
494 1387 592 1414 corpus
605 1379 685 1406 homo
697 1381 741 1407 sit.
757 1380 791 1406 At
802 1381 873 1408 enim
888 1389 975 1413 mens,

189 1427 312 1462 inquies.
333 1426 366 1453 ad
386 1426 529 1460 imaginem
546 1426 598 1452 erit
611 1433 751 1460 expressa.
775 1425 876 1452 Verum
901 1426 975 1453 Scri-

189 1478 269 1509 ptura
289 1473 329 1500 sic
346 1471 466 1506 loquitur
481 1480 486 1498 :
506 1470 585 1497 Viden
600 1471 677 1505 legem
695 1471 775 1497 aliam
791 1477 976 1505 repugnantem

188 1521 216 1546 in
234 1518 356 1546 membris
373 1518 436 1545 meis
449 1537 455 1549 ,
474 1523 498 1544 et
522 1517 547 1543 in
572 1517 747 1550 captivitatem
767 1516 922 1551 redigentem
938 1526 978 1544 me

189 1568 218 1594 in
233 1571 314 1594 mente
329 1574 386 1592 nica
400 1565 447 1591 sub
465 1564 566 1598 peccati
586 1564 665 1598 legem
682 1571 740 1598 qute
753 1569 792 1590 est
814 1564 841 1590 in
855 1564 977 1591 membris

189 1612 254 1639 meis
266 1611 287 1639 δ.
306 1610 383 1642 Quod
400 1610 482 1644 igitur
501 1609 528 1635 in
551 1608 736 1643 captivitatem
757 1608 899 1642 redigitur,
922 1615 977 1635 non

191 1657 224 1685 ad
245 1656 388 1690 imaginem
404 1654 458 1681 diei
471 1657 568 1689 potest.
584 1654 625 1680 Ad
637 1653 694 1680 lnec
707 1662 714 1680 :
728 1653 862 1686 Psallam,
877 1654 976 1688 inquit,

192 1707 285 1734 mente,
301 1702 415 1737 psallam
432 1701 524 1735 spiritu
541 1701 562 1727 ⁸.
582 1700 641 1728 Jam
659 1701 682 1727 si
698 1700 726 1727 in
746 1701 845 1728 virtute
862 1701 977 1736 positam

191 1749 265 1776 illam
277 1747 420 1782 imaginem
432 1755 493 1774 esse
507 1747 618 1778 dixeris,
634 1754 688 1773 non
703 1749 778 1774 recte
791 1746 903 1774 senties.
916 1745 977 1773 Tibi

192 1796 264 1821 enim
280 1793 352 1821 istud
370 1793 497 1826 objiciam
512 1792 580 1820 :Dic
594 1792 675 1819 sodes
690 1792 795 1826 ecquod
806 1792 922 1821 ,virtutis
938 1791 980 1818 of-

194 1841 283 1867 ticium
304 1839 458 1874 praestiterit
475 1837 604 1870 Adamus2
624 1843 769 1872 antequam
791 1845 806 1864 a
824 1837 879 1864 Deo
897 1837 981 1872 linge-

193 1885 288 1912 retur?
310 1892 397 1919 neque
416 1883 488 1910 enim
509 1882 645 1917 principio
663 1881 732 1913 fuit,
755 1882 802 1909 sed
828 1885 921 1916 postea
946 1881 980 1908 ad

193 1931 338 1966 imaginem
360 1931 494 1957 formatus
514 1932 565 1956 est.
586 1928 687 1955 Contra
709 1935 775 1955 vero
790 1928 813 1954 si
836 1927 979 1962 imaginem

195 1979 223 2005 in
237 1979 335 2004 virtute
352 1976 468 2011 positam
480 1983 541 2002 esse
555 1974 706 2009 negaveris,
723 1981 776 2000 non
790 1977 863 2001 recte
876 1972 983 2007 judica-

194 2024 255 2051 bis:
275 2023 319 2051 cui
335 2023 407 2049 enitn
426 2022 516 2056 potius
535 2029 615 2056 quam
639 2021 734 2048 virtuti
750 2020 886 2050 convenit,
905 2021 933 2044 ut
947 2017 981 2044 ad

195 2069 339 2104 imaginem
351 2075 411 2096 esse
424 2067 548 2094 dicatur?
563 2067 643 2101 Atqui
659 2071 721 2093 ante
732 2066 861 2091 virtutem
871 2070 980 2090 onmem

196 2115 278 2141 homo
293 2113 326 2140 ad
345 2113 488 2146 imaginem
506 2119 653 2146 expressus
667 2114 708 2138 est
723 2119 729 2135 :
742 2109 844 2144 quippe
859 2107 979 2135 nondum

195 2167 229 2187 ex
248 2158 356 2186 virtutis
374 2157 532 2192 pra‘scripto
551 2157 634 2183 vitam
662 2155 817 2182 instituerat
844 2153 979 2185 Adamus,

1027 970 1178 1002 στόλου,ὅτι
1190 969 1255 996 Ζῶν
1269 971 1285 996 ό
1300 970 1395 1004 Λόγος
1409 969 1461 996 τοῦ
1472 970 1544 996 Θεοῦ
1558 971 1605 997 καὶ
1617 971 1751 1006 ἐνεργὴς,
1764 971 1814 998 καὶ

1024 1015 1186 1050 τομώτερος
1195 1016 1279 1041 ἐστιν
1293 1014 1368 1048 ὑπὲρ
1382 1014 1484 1042 πᾶσαν
1492 1015 1642 1049 μάχαιραν
1653 1015 1810 1050 δίστομον,

1025 1062 1074 1088 καὶ
1093 1061 1298 1095 διικνούμενος
1319 1060 1387 1094 ἄχρι
1409 1060 1561 1094 μερισμῶν
1571 1060 1625 1096 (69)
1641 1060 1762 1095 ψυχῆς·
1788 1061 1814 1087 εἰ

1025 1109 1113 1136 τοίνυν
1129 1109 1278 1143 μερισμοὺς
1294 1107 1349 1142 ἔχει
1361 1108 1377 1142 ἡ
1394 1107 1466 1142 ψυχὴ
1480 1107 1546 1142 (70),
1569 1109 1584 1134 ὁ
1597 1107 1662 1138 Θεὸς
1675 1107 1703 1133 δὲ
1715 1107 1813 1142 ἀμέρι-

1027 1154 1087 1185 στός
1103 1155 1171 1186 ἐστι,
1188 1154 1246 1184 πῶς
1256 1153 1367 1180 δύναται
1384 1154 1400 1188 ἠ
1418 1153 1491 1187 ψυχὴ
1508 1151 1578 1179 εἶναι
1591 1153 1621 1178 τὸ
1635 1153 1694 1178 κατ’
1707 1153 1813 1185 εἰκόνας

1025 1200 1056 1224 οὐ
1070 1199 1124 1233 γὰρ
1145 1196 1198 1224 οἶδε
1213 1198 1242 1224 τὺ
1259 1198 1353 1233 μέλλον
1375 1199 1392 1233 ἠ
1415 1198 1498 1234 ψυχὴ,
1513 1199 1527 1224 ό
1548 1198 1613 1229 Θεὸς
1627 1198 1655 1224 δὲ
1678 1199 1711 1225 τὰ
1726 1199 1815 1225 πάντα

1025 1241 1089 1275 οἶδε,
1099 1244 1145 1270 καὶ
1156 1243 1288 1279 βλέπομεν
1300 1244 1333 1270 τὰ
1343 1243 1496 1279 ἔμπροσθεν
1505 1243 1551 1269 τοῦ
1564 1243 1699 1278 σώματος,
1708 1244 1742 1270 τὰ
1754 1252 1815 1270 κατ-

1026 1290 1088 1316 όπιν
1109 1289 1278 1323 ἀγνοοῦντες.
1311 1289 1366 1316 Καὶ
1388 1289 1435 1316 ἐὰν
1461 1289 1540 1325 εἴπῃς
1563 1290 1604 1316 ὃτι
1629 1289 1678 1315 οὐκ
1701 1289 1773 1315 ἐστιν
1796 1290 1812 1324 ἡ

1026 1335 1098 1370 ψυχὴ
1105 1335 1131 1370 (7
1139 1334 1174 1367 1),
1186 1334 1293 1366 πάντως
1304 1335 1350 1362 καὶ
1360 1335 1408 1370 τὴν
1419 1335 1506 1370 ψυχὴν
1514 1334 1658 1370 ἄνθρωπον
1667 1335 1814 1370 κέκληκεν,

1027 1380 1074 1406 καὶ
1083 1380 1155 1415 ψυχὴ
1172 1381 1218 1406 καὶ
1235 1380 1314 1415 σῶμά
1325 1381 1399 1406 ἐστιν
1414 1380 1567 1416 ἄνθρωπος.
1587 1380 1656 1406 Ἀλλ’
1668 1381 1754 1412 εἰποις
1770 1381 1815 1407 τὸν

1028 1426 1091 1452 νοῦν
1105 1424 1174 1453 εἶναι
1188 1426 1244 1461 (72)
1259 1426 1289 1452 τὸ
1299 1427 1358 1452 κατ’
1373 1426 1466 1452 εἰκόνα
1476 1434 1482 1442 ·
1499 1426 1572 1460 λέγει
1589 1427 1605 1461 ή
1620 1426 1725 1462 Γραφὴ.
1748 1427 1817 1460 Ὀρῶ

1026 1473 1121 1506 νόμον
1134 1471 1237 1505 ἕτερον
1253 1471 1559 1505 ἀντιστρατευόμενον
1584 1471 1618 1498 ἐν
1639 1471 1696 1504 τοῖς
1708 1471 1817 1506 μέλεσί

1025 1526 1094 1552 μου,
1115 1517 1163 1543 καὶ
1187 1516 1439 1551 αἰχμαλωτίζοντά
1463 1525 1502 1550 με
1529 1516 1565 1542 ἐν
1582 1516 1622 1548 τῷ
1641 1517 1692 1543 νοτ
1702 1525 1762 1550 μου
1776 1516 1817 1549 τῷ

1028 1563 1108 1596 νόμῳ
1122 1562 1176 1596 τῆς
1192 1561 1335 1596 ἁμαρτιας
1351 1560 1391 1594 τῷ
1408 1561 1472 1587 ὄντι
1488 1561 1523 1587 ἐν
1543 1561 1605 1594 τοῖς
1620 1561 1728 1596 μέλεσι
1746 1570 1816 1596 μου.

1030 1608 1090 1640 Πῶς
1110 1606 1156 1634 οὖν
1169 1607 1432 1642 αἰχμαλωτιζόμενος
1462 1606 1539 1632 ἔσται
1555 1608 1614 1633 κατ’
1631 1607 1740 1639 εἰκόνα;
1758 1607 1819 1634 ὅτι·

1033 1651 1124 1678 Ψαλῶ
1138 1650 1178 1683 τῷ
1192 1651 1249 1683 νοῒ,
1266 1650 1355 1684 ψαλῶ
1366 1650 1407 1683 τῷ
1424 1651 1580 1685 πνεύματι.
1601 1651 1656 1677 Καὶ
1668 1651 1715 1678 ἐὰν
1733 1652 1819 1682 εἴποις

1030 1697 1129 1732 ἀρετὴν
1143 1695 1211 1723 εἶναι
1227 1696 1258 1723 τὸ
1270 1697 1329 1723 κατ’
1345 1697 1448 1726 εἰκόνα.
1463 1696 1519 1731 ἐρῶ
1534 1705 1590 1723 σοι·
1611 1696 1679 1723 Εἰπὲ
1696 1705 1741 1731 μοι
1755 1696 1819 1731 περὶ

1030 1742 1077 1769 τοῦ
1098 1741 1193 1776 Ἀδὰμ,
1211 1742 1291 1768 ποίαν
1309 1742 1408 1778 ἀρετὴν
1429 1741 1577 1777 εἰργάσατο
1600 1741 1653 1776 πρὸ
1673 1740 1720 1767 τοῦ
1739 1741 1820 1768 αὺτδν

1032 1788 1197 1823 πλασθῆναι;
1215 1788 1244 1814 οὐ
1256 1787 1309 1823 γὰρ
1325 1785 1359 1822 ἦν
1371 1789 1399 1814 ὲν
1414 1788 1494 1822 ἀρχῇ,
1510 1787 1637 1822 ἀπαρχῆς
1653 1787 1681 1812 δὲ
1694 1786 1817 1822 ἐπλάσθη

1032 1835 1091 1860 κατ’
1100 1833 1201 1860 εἰκόνα.
1214 1833 1268 1860 Καὶ
1277 1834 1323 1860 ἐὰν
1334 1833 1412 1868 εἴπῃς
1425 1833 1462 1868 μὴ
1470 1830 1538 1859 εἶναι
1550 1832 1599 1867 τὴν
1608 1831 1718 1867 ἀρετὴν,
1726 1833 1756 1858 οὺ
1768 1840 1817 1858 κα-

1032 1880 1084 1910 λῶς
1095 1880 1184 1913 λέγεις
1193 1888 1198 1894 ·
1206 1879 1258 1906 τινι
1265 1879 1320 1914 γὰρ
1328 1878 1426 1915 πρέπει
1435 1878 1492 1905 κατ’
1503 1878 1594 1905 εἰκόνα
1604 1875 1684 1908 εἶναι,
1694 1877 1751 1903 ἀλλ’
1758 1877 1775 1912 ἢ
1785 1879 1817 1912 τῇ

1034 1924 1132 1959 ἀρετῇ;
1145 1925 1212 1958 Πρὶν
1228 1924 1256 1950 δὲ
1268 1925 1367 1959 ἀρετῆς
1379 1924 1437 1950 κατ’
1447 1923 1540 1950 εἰκόνα
1553 1922 1675 1956 ἐπλάσθη
1691 1924 1705 1949 ὁ
1715 1922 1820 1958 ἄνθρω-

1035 1978 1095 2001 πος.
1111 1968 1194 1996 Οῠπω
1209 1969 1264 2004 γὰρ
1273 1967 1307 2004 ἦν
1320 1970 1334 1995 ὁ
1350 1969 1435 2004 Ἀδὰμ
1446 1970 1473 1995 ὲν
1488 1969 1572 2004 ἀρετῇ
1585 1968 1819 2003 πολιτευσάμενος,

1035 2016 1095 2043 οὔτε
1104 2016 1271 2052 ἐκτισμένας.
1279 2015 1334 2042 Καὶ
1343 2015 1390 2041 ἐὰν
1401 2016 1481 2050 εἴπῃς
1490 2014 1521 2040 τὸ
1530 2014 1671 2049 βάπτισμα
1680 2011 1750 2040 εἶναι
1761 2021 1812 2040 κατ

1035 2061 1136 2090 εἰκόνα.
1145 2061 1199 2096 ἄρα
1213 2062 1237 2087 οι
1247 2060 1284 2095 μὴ
1294 2059 1422 2090 λαϐόντες
1434 2059 1574 2093 βάπτισμα
1583 2058 1682 2084 δίκαιοι
1694 2057 1743 2084 οὐκ
1751 2055 1821 2092 ἦσαν

1035 2107 1095 2132 κατ’
1109 2107 1212 2132 εἰκόνα.
1225 2106 1290 2132 Ἀπὸ
1302 2105 1356 2140 γὰρ
1364 2104 1502 2135 Μωϋσέως
1515 2104 1562 2130 καὶ
1570 2102 1709 2132 θαλάσσης
1721 2102 1822 2138 ἤρξατο

1034 2153 1048 2178 ὁ
1065 2152 1158 2184 τύπος,
1177 2152 1230 2178 ἀπὸ
1249 2151 1371 2178 Ἰωάννου
1383 2149 1478 2185 ἠνοίγη
1493 2149 1506 2175 ὁ
1521 2148 1616 2180 τύπος,
1632 2149 1661 2174 ὲν
1674 2147 1702 2173 δὲ
1713 2146 1821 2182 Χριστῷ

196 2212 247 2231 nec
267 2205 379 2231 omnino
400 2207 558 2238 procreatus
577 2202 674 2228 fuerat.
698 2200 828 2234 Superest
849 2203 877 2226 ut
895 2199 978 2233 bapti-

1035 2197 1177 2232 ἐτελειώθη
1192 2197 1221 2223 τὸ
1236 2196 1330 2232 δῶρον.

197 2253 413 2287 smoimaginem
426 2252 498 2277 illam
511 2251 557 2277 Dei
568 2248 844 2276 circumseribendam
856 2254 978 2274 censeas.
999 2245 1098 2273 Verum
1113 2254 1145 2273 ex
1163 2254 1195 2272 eo
1213 2245 1337 2279 sequitur
1370 2244 1460 2278 justns
1492 2242 1537 2277 qui
1561 2240 1697 2287 baptismo
1720 2239 1820 2267 initiati

197 2305 253 2325 non
268 2285 384 2329 fuerant,
401 2305 447 2324 eos
462 2297 494 2323 ad
510 2296 653 2330 imaginem
669 2294 715 2321 Dei
739 2293 850 2320 minime
864 2300 925 2320 esse
940 2293 1025 2319 factos
1038 2301 1046 2325 ;
1061 2300 1123 2318 nam
1140 2299 1154 2317 a
1175 2291 1265 2326 Moyse
1282 2295 1363 2324 atque
1384 2289 1454 2316 mari
1479 2286 1608 2322 baptismi
1646 2285 1734 2321 ﬁgura
1765 2292 1822 2313 ca:-

199 2345 248 2378 pit,
271 2345 366 2371 eadem
389 2344 424 2370 ab
443 2343 547 2370 Joanne
568 2341 713 2376 patefacta,
735 2341 762 2367 in
782 2340 892 2366 Christo
918 2347 982 2366 vero
1002 2347 1102 2366 munus
1121 2342 1163 2365 est
1179 2338 1266 2372 ipsum
1288 2336 1450 2372 perfectura.

235 2446 242 2461 ¹
266 2445 332 2472 Gen.
346 2453 375 2474 it,
389 2444 414 2470 7.
453 2443 463 2458 ¹
482 2442 548 2469 ibid.
599 2442 609 2457 ³
623 2441 705 2469 Hebr.
720 2449 756 2473 tv,
773 2441 814 2467 12.
853 2441 864 2456 "
880 2441 958 2467 Rom.
973 2449 978 2462 ε

1035 2441 1080 2468 ‘23.
1117 2441 1127 2456 "
1145 2440 1155 2467 1
1170 2439 1233 2467 Cor.
1255 2447 1309 2472 xtv,
1328 2439 1371 2466 15.
1411 2439 1422 2454 ⁸
1438 2437 1468 2465 F.
1485 2438 1535 2465 ἔτι.

1039 2532 1139 2558 tionem
1154 2530 1289 2564 improbat
1305 2529 1477 2556 Thomasius.

1077 2566 1132 2602 (71)
1160 2566 1218 2602 bon
1238 2565 1325 2602 solam
1345 2565 1462 2602 animam
1483 2565 1630 2602 appellavit
1646 2565 1717 2594 Deus
1737 2567 1827 2594 homi-

1042 2599 1115 2631 nem,
1134 2599 1180 2627 sed
1202 2601 1319 2626 animam
1335 2600 1414 2627 simul
1430 2602 1456 2625 et
1477 2607 1586 2634 corpus.
1608 2600 1685 2628 Unde
1701 2603 1773 2629 inter
1787 2603 1827 2629 di-

239 2535 293 2570 (68)
317 2533 410 2570 Ἡμεῖς
421 2532 454 2558 δὲ
470 2531 658 2570 ἀπεριέργως.
671 2531 782 2570 _ln__q_uo_
798 2531 883 2570 posita
898 2531 941 2557 Dei
957 2531 984 2558 in

207 2566 317 2599 nomine
332 2566 367 2595 sit
379 2568 479 2601 imago,
496 2576 583 2601 neque
595 2567 690 2593 tlelinit
706 2566 883 2601 Epiphanius.
901 2574 987 2599 neque

203 2610 280 2633 certo
294 2603 358 2631 sciri
380 2610 462 2637 posse
492 2606 577 2637 putat.
607 2601 642 2628 De
665 2610 718 2635 quo
735 2602 808 2628 varie
829 2610 842 2628 a
864 2601 990 2628 Pilll'lllus

204 2639 409 2676 pronuntiatum
432 2642 481 2664 est.
508 2637 582 2676 Vide
607 2645 670 2676 qua:
681 2637 820 2676 Peri-eritis
839 2640 931 2663 noster
959 2644 990 2662 ac

204 2671 295 2702 ἔτειοιὴ
318 2673 478 2707 interpretes
504 2673 537 2699 ad
556 2672 631 2698 illum
652 2671 787 2699 GeneseOs
808 2673 895 2698 locum
920 2675 991 2697 attu-

203 2711 300 2738 lerunt.

242 2744 297 2779 ((39)
320 2743 401 2776 ’Ἄχρι
420 2742 583 2779 μερισμῶν.
605 2741 726 2779 (ἐι-Ξςιιιιὶ
746 2741 811 2779 l\:ovi
825 2740 990 2779 Testamenti

206 2775 458 2813 excitipluni’habet
472 2778 534 2812 ἄχρι
552 2777 684 2812 μερισμοῦ
700 2777 789 2811 ψυχῆς
807 2777 896 2813 ’τι-καὶ
912 2775 992 2813 πνεύ-

231 2811 303 2845 στοξ.
339 2812 451 2847 Vulgata
484 2811 549 2839 illud
576 2811 644 2839 idem
673 2813 805 2846 sequitur.
838 2811 876 2837 Eo
903 2811 991 2844 posito

231 2824 303 2845 στος.
344 2824 451 2847 ungunt
485 2824 549 2839 llluu
576 2824 644 2839 IUL'III
673 2824 691 2838 δι

209 2824 353 2884 Epiphanii
370 2853 558 2882 argumentum
579 2847 691 2884 torruit.

244 2879 299 2919 (70)
313 2885 347 2910 El
360 2879 707 2919 {Diri}?llSthﬂoDt“?Z£t
721 2881 739 2913 -ἠ
754 2879 848 2919 ψυχή.
867 2879 993 2906 Petavius

209 2915 299 2950 Vertit.
317 2919 339 2946 si
356 2919 411 2946 ulla
433 2915 581 2945 estranimw
596 2916 708 2942 divisio:
734 2923 814 2950 quam
831 2915 992 2950 interpreta-

1043 2643 1137 2662 versas
1151 2635 1292 2671 opiniones
1314 2636 1347 2661 de
1362 2634 1541 2671 imagineDri
1567 2635 1666 2661 homini
1683 2637 1826 2671 impressa,

1044 2678 1074 2697 ca
1088 2669 1259 2696 verisimilior
1273 2673 1393 2704 apparet.
1407 2677 1466 2703 qua:
1482 2669 1567 2702 ipsam
1585 2671 1678 2696 statuit
1694 2669 1826 2698 ἱιιόιιίιιιει

1045 2705 1125 2732 simul
1141 2709 1166 2730 et
1181 2705 1205 2730 in
1220 2712 1342 2738 corpore.
1354 2705 1479 2730 Diversus
1494 2705 1553 2731 illas
1565 2706 1707 2736 opiniones
1722 2707 1791 2736 vide.
1805 2707 1826 2734 si

1042 2740 1147 2772 lubeat,
1158 2739 1225 2772 apud
1239 2739 1376 2766 l’rtarium
1391 2739 1429 2765 De
1451 2739 1552 2772 api/icio
1568 2748 1614 2766 se]:
1627 2740 1728 2767 dierum
1747 2750 1828 2772 auen-

1042 2779 1095 2801 tem
1112 2775 1179 2801 libro
1197 2782 1226 2804 ιι,
1242 2775 1377 2808 capitibus
1389 2775 1417 2807 2,
1434 2774 1451 2800 5
1465 2778 1492 2800 et
1508 2773 1535 2801 4.
1562 2774 1612 2802 Ubi
1627 2775 1704 2803 docte
1719 2773 1826 2803 easdem

1043 2815 1070 2837 et
1086 2814 1206 2836 recenset
1220 2813 1247 2835 et
1263 2810 1399 2843 expendit.

1079 2844 1135 2877 (72)
1156 2845 1209 2870 Τέν
1222 2842 1396 2876 νοῦν-θεῖναι,
1416 2848 1469 2872 etc.
1493 2845 1607 2872 Mentem
1624 2846 1658 2871 ab
1671 2845 1760 2871 anima
1775 2846 1826 2872 dis-

1044 2880 1158 2906 tinxisse
1185 2878 1329 2913 aliquando
1355 2878 1449 2908 Patres
1478 2880 1555 2915 juxta
1581 2880 1680 2908 veteris
1706 2881 1827 2915 pluiosr

1044 2915 1113 2951 pltize
1125 2914 1223 2949 placita
1237 2917 1354 2942 constat.
