1940 3043
72 161 119 189 199

779 153 1002 182 ANL‘ORATUS.

1655 152 1707 181 130

70 219 166 245 Τοίνυν
185 215 221 243 ’τά
237 216 333 252 ἱμάτια
347 213 390 246 τίς
404 212 478 248 αὐτῷ
494 212 580 247 ὕφανε
593 211 627 238 τὰ
647 211 717 247 μετὰ
731 212 780 247 τὴν
797 211 863 238 ἀνά-

925 211 1059 245 Iiscipulis
1076 218 1137 237 cum
1153 218 1269 246 corpore
1288 211 1434 246 animaque
1454 209 1598 238 visendum
1610 218 1641 239 se
1651 218 1709 239 non

71 270 182 295 στασινς
202 261 274 287 Ἀλλ’
287 261 360 295 ἐρεῖς
373 267 415 294 μοι
433 258 554 289 πάντως,
576 257 729 292 Ἐνδὺματα
741 264 865 291 πνευμα-

69 307 132 334 τικά
142 308 156 333 ὁ
168 306 250 337 αὐτὸς
267 306 395 340 ποιήσας.
412 304 467 330 Καὶ
483 304 508 330 ει
523 303 637 329 ⁴τοιαῦτα
650 302 788 337 ἐνδύματα
801 302 866 337 ἡδύ-

69 358 132 377 νατο
143 349 235 384 ἑαυτῷ
253 349 352 380 ποιεῖν,
374 347 496 379 ἐκείνους
515 348 579 379 τοὺς
595 347 775 383 δερματίνους
786 346 867 381 χιτῶ-

69 403 116 426 νας
131 395 183 421 οὐκ
197 393 314 428 ἠδύνατο
331 393 443 428 ποιῆσαι
457 394 513 424 τοῖς
527 393 591 428 περὶ
606 392 652 418 τὸν
674 392 760 426 Ἀδὰμ
774 391 866 427 οἰκείῳ

70 440 221 475 θελήματις
236 439 340 470 Ὄντως
353 438 360 453 ¹
371 437 501 464 ἐκπίπτει
515 436 562 463 τοῦ
586 436 740 472 Ὧριγένους
753 437 769 472 ή
785 436 868 471 ἀλλη-

69 486 160 519 γορία.
179 485 211 511 Εἰ
225 484 280 520 γὰρ
296 483 365 519 μετὰ
379 483 408 509 τὸ
420 482 588 518 βεϐρωκέναι
603 482 650 508 τοῦ
665 481 743 514 ξύλου
756 482 867 518 ἐκτίσθη

68 531 107 566 τῷ
123 530 212 565 ’Δόἀμ
225 531 242 565 ἡ
256 529 334 563 σὰρξ.
347 529 430 555 πόθεν
445 529 499 563 ἄρα
509 527 605 555 ἔλαϐεν
619 529 633 554 ό
647 527 714 559 Θεὸς
725 527 775 561 τὴν
787 528 869 554 πλευ-

71 578 136 612 ράν;
151 577 181 608 ὃς
195 575 347 611 διεγερθεὶς
356 575 410 601 ἀπὺ
420 575 469 610 τῆς
480 574 646 605 ἐκστάσεως,
656 573 732 609 φησί’
742 573 869 601 Ὀστοῦν

68 623 102 648 ἐκ
114 621 177 648 τῶν
191 621 293 648 ὀστῶν
303 629 374 655 μου,
398 620 447 646 καὶ
466 619 546 654 σὰρξ
562 619 596 645 ἐκ
613 618 669 653 τῆς
680 618 794 652 σαρκός
807 627 868 653 μου

68 676 175 695 τουτο.

917 257 1051 291 praebuit;
1069 260 1115 283 aut
1132 264 1195 283 cum
1221 264 1285 283 ossa
1305 264 1354 282 sua
1371 255 1483 283 Thomas
1505 264 1658 291 carnesque
1679 261 1708 285 et

918 303 1003 330 latera
1026 303 1219 335 monstravit’,
1237 302 1338 335 nudus,
1355 303 1464 337 opinor,
1481 311 1535 330 non
1555 303 1617 330 fuit.
1638 303 1707 336 Quis

918 348 1001 383 igitur
1018 348 1075 375 haec
1090 349 1126 376 illi
1143 353 1204 384 post
1222 349 1452 376 resurrectionem
1467 350 1626 376 vestimenta
1640 357 1708 376 con-

918 395 990 422 suit?
1011 394 1089 422 Dices
1110 395 1248 429 spiritales
1271 394 1402 430 quasdam
1426 398 1517 422 vestes
1540 394 1590 421 sibi
1619 395 1705 428 ipsum

919 441 1079 469 adornasse.
1104 441 1189 476 Igitur
1213 441 1258 476 qui
1291 440 1424 475 ejusmodi
1451 440 1503 468 sibi
1532 444 1623 468 vestes
1653 440 1708 466 ela-

920 486 1018 513 borare
1039 487 1138 521 putuit,
1157 487 1285 521 pelliecas
1302 486 1364 513 illas
1382 486 1490 512 tunicas
1506 484 1603 520 primis
1626 484 1709 511 homi-

919 531 1000 559 nibus
1017 536 1113 566 suapte
1127 532 1267 558 voluntate
1277 531 1412 558 coniicere
1426 538 1479 557 non
1494 530 1603 565 potuit?
1619 529 1710 556 Enim-

919 584 984 603 vero
1008 581 1063 604 tota
1091 578 1136 604 illa
1167 577 1322 612 exploditur
1346 576 1472 611 Origcnis
1498 576 1639 611 allegoria.
1655 575 1711 610 66

919 619 986 647 Nam
1014 621 1036 648 si
1068 624 1129 655 post
1157 621 1331 656 degustatum
1356 621 1474 648 fructum
1501 629 1610 648 carnem
1639 620 1710 647 Deus

919 665 1024 693 Adamo
1049 665 1203 699 fabricavit,
1227 667 1364 694 undenam
1392 672 1497 694 costam
1521 667 1593 694 illam
1618 666 1711 693 lateris

71 714 241 749 acceperat?
267 720 329 741 nam
358 720 420 740 cum
447 712 569 740 Adamus
597 719 630 739 ex
655 711 790 739 altissimo
822 712 869 740 illo
885 720 985 748 sopore
998 718 1072 741 esset
1092 715 1247 742 excitatus:
1263 714 1311 746 Os,
1333 714 1432 749 inquit,
1452 721 1485 740 es
1508 713 1611 740 ossibus
1637 711 1709 739 istud

68 765 118 792 ut,
137 765 163 787 et
180 767 245 786 caro
262 759 294 786 de
305 767 386 786 carne
401 767 459 786 mea
471 759 492 784 ³.

103 805 164 833 ΞΡ.
189 805 244 832 Τοῦ
262 805 357 832 λοιποῦ
374 804 464 831 τοίνυν
483 803 578 839 μηδεὶς
594 804 661 839 ἡμῖν
679 803 781 835 κόπους
796 811 869 838 παρ-

960 801 1050 828 LXlll.
1071 801 1157 829 Nemo
1184 802 1275 837 itaque
1294 802 1424 837 deinceps
1452 803 1532 830 nobis
1556 803 1710 831 molestiam

72 851 166 887 εχέτω.
181 851 261 877 Οὖτω
272 852 327 886 γὰρ
339 849 446 883 δοξάζει
462 851 479 885 ἡ
495 850 562 884 ἁγία
574 849 620 876 τοῦ
636 848 703 876 Θεοῦ
724 849 869 884 Ἐκκλησία

925 848 1053 883 przebcat.
1070 847 1108 875 lta
1122 849 1222 883 quippe
1240 849 1274 875 ab
1292 848 1370 875 initio
1388 849 1421 876 ad
1444 849 1515 876 hanc
1535 857 1623 884 usque
1639 850 1711 877 diem

73 898 125 924 ἀπὺ
140 897 197 923 τῶν
214 896 359 923 ἀνέκαθεν.
373 897 410 923 Οὺ
425 896 633 931 παραστήσεται
649 895 703 931 γὰρ
714 896 779 930 ἡμῖν
798 895 870 930 Ὠρι-

70 943 153 978 γένης
171 943 201 969 ἐν
216 942 310 978 ἡμέρᾳ.
324 941 453 976 κρίσεως.
471 940 612 975 Θαυμάζω
628 939 683 975 γὰρ
699 940 736 970 ὡς
751 939 869 978 dii-(1053;,

73 988 131 1019 πῶς
146 997 220 1019 τινες
237 987 380 1022 ἀνέχονται
395 987 442 1013 τοῦ
456 986 706 1021 βλασφημήσαντος
717 985 762 1012 τὺν
775 985 872 1012 ἑαυτοῦ

74 1034 222 1069 Δεσπότην.
242 1032 458 1067 Ἀναγνιῦτωσαν
474 1032 631 1067 Ὠριγένους
641 1031 676 1058 τὰ
689 1031 758 1065 Περὶ
771 1030 873 1065 ἀρχῶν

71 1081 95 1106 οἱ
103 1079 233 1111 τοιοῦτοι,
246 1079 293 1105 ml
305 1078 466 1114 μαθέτωσαν
479 1079 504 1105 οἱ
515 1077 657 1110 δοκοῦντες
673 1076 743 1105 εἶναι
759 1077 812 1103 υἱοὶ
821 1077 872 1112 τῆς

79 1125 247 1160 Ἐκκλησίας
264 1124 314 1159 τῆς
331 1124 490 1159 καθολικῆς,
505 1125 553 1151 καὶ
570 1124 607 1160 μὴ
619 1124 665 1151 τὸν
680 1124 743 1151 Υἱὺν
756 1123 810 1150 ἀπὸ
822 1123 872 1158 τῆς

73 1170 119 1197 ’τοῦ
136 1170 246 1205 Πατρδς
261 1170 388 1205 θεότητος
400 1170 530 1204 χωρίζειν
542 1170 733 1205 τολμάτωσαν,
752 1169 811 1201 πῶς
822 1169 873 1196 οὐκ

75 1216 230 1251 ἀπηξίωσεν
239 1215 294 1250 (98)
315 1215 457 1251 Ὡριγένης
475 1215 563 1241 εἰπεῖν
577 1215 619 1241 ὃτι
630 1215 679 1249 οὐχ
693 1215 743 1250 ὁρᾷ.
758 1214 803 1240 τὸν
816 1214 872 1240 Πα-

78 1261 140 1297 τέρα
155 1263 169 1288 ὁ
183 1261 257 1292 Υἱός.
282 1259 364 1287 Ἀλλά
381 1268 459 1295 φησι·
479 1269 488 1285 ι
509 1260 553 1290 Ὠς
571 1260 601 1285 οὐ
616 1259 727 1286 δύναται
741 1260 807 1294 όρᾷν
825 1258 871 1284 ’τὸν

75 1307 185 1341 Πατέρα
196 1307 210 1332 ὁ
221 1305 297 1337 Υῑδς,
312 1305 360 1332 καὶ
374 1305 404 1331 τδ
419 1305 497 1339 ἆγιον
512 1304 626 1339 Πνεῦμα
639 1304 670 1330 οὺ
685 1304 795 1330 δύναται
809 1303 871 1330 ἰδεῖν

73 1352 120 1379 τὸν
138 1353 212 1378 Υἰόν.
221 1361 229 1377 ι
245 1351 300 1377 Καὶ
309 1351 398 1378 πάλιν
414 1360 422 1377 ι
432 1351 463 1377 Οἱ
472 1349 583 1384 ἄγγελοι
592 1350 621 1376 οὐ
630 1349 757 1376 δύνανται
768 1349 832 1375 ἰδεῖν
841 1349 871 1375 τὸ

75 1398 153 1431 ἅγιον
171 1396 295 1432 Πνεῦμα,
323 1396 371 1422 καὶ
393 1396 418 1422 oi
437 1395 577 1431 ἄνθρωποι
600 1396 629 1421 οὐ
653 1394 780 1421 δύνανται
806 1394 871 1421 ἰδεῖν

74 1442 137 1473 τοὺς
149 1440 293 1474 ἀγγέλους.
301 1449 311 1465 ι
324 1440 378 1466 Καὶ
393 1440 589 1473 ὲφαντασῑασεν
598 1439 704 1470 ἑαυτὸν,
715 1438 814 1474 μᾶλλον
823 1439 870 1465 καὶ

74 1486 121 1518 οὓς
142 1487 296 1521 ἠπάτησεν,
320 1486 377 1512 ἀλλ’
393 1486 423 1512 οὗ
441 1485 487 1511 τὸν
509 1485 619 1512 συνετὸν
640 1485 686 1511 καὶ
711 1485 805 1511 πιστὸν
824 1485 870 1512 καὶ

923 898 1098 922 sacrosancta
1113 895 1196 921 sensit
1216 892 1348 922 Ecclesia.
1362 894 1455 929 Neque
1472 902 1537 922 vero
1557 895 1583 921 in
1603 895 1650 922 illo
1663 895 1711 929 ju-

922 941 985 968 dicii
1003 941 1047 968 die
1068 941 1146 968 nobis
1165 941 1297 975 Origenes
1317 941 1414 968 aderit.
1434 941 1489 968 Hoc
1510 942 1582 968 enim
1604 949 1712 977 magno-

922 995 988 1022 pere
1008 986 1142 1018 demiror,
1167 987 1240 1021 quod
1262 987 1386 1013 nonnulli
1405 987 1542 1013 hominem
1564 987 1646 1014 istum
1664 988 1709 1021 qui

923 1032 949 1058 in
974 1031 1117 1058 Dominum
1148 1039 1230 1058 suum
1251 1031 1469 1058 contumeliosus
1495 1036 1548 1063 est,
1572 1032 1711 1058 sustinere

923 1077 1040 1112 possint.
1059 1076 1174 1112 Legant,
1198 1077 1221 1105 si
1237 1077 1323 1109 lubet,
1344 1076 1469 1111 Origeuis
1488 1076 1586 1103 librum
1607 1078 1652 1110 qui
1671 1076 1710 1103 De

921 1123 1058 1157 principiis
1089 1123 1239 1157 inscriptus
1267 1127 1320 1154 est,
1349 1126 1431 1157 atque
1455 1122 1518 1149 inde
1549 1129 1645 1157 sapere
1668 1122 1710 1149 di-

922 1173 1013 1200 scant,
1035 1169 1081 1203 qui
1099 1168 1226 1195 Ecclesiae
1244 1168 1386 1196 catholica:
1407 1168 1454 1194 lilii
1479 1175 1542 1194 esse
1562 1167 1708 1198 videntur;

922 1221 973 1240 nec
987 1213 1117 1248 deinceps
1138 1212 1234 1240 Filium
1264 1219 1279 1239 a
1305 1212 1394 1239 Patris
1417 1212 1560 1239 divinitate
1583 1219 1711 1246 separare

922 1259 1050 1286 audeant.
1074 1259 1197 1289 Discant,
1215 1259 1337 1293 inquam,
1359 1257 1589 1292 quemadmodum
1608 1257 1711 1293 Origo-7

922 1313 971 1332 nes
992 1312 1045 1331 non
1068 1305 1202 1332 dubitarit
1216 1312 1340 1332 asserere
1358 1304 1455 1331 Filium
1472 1305 1584 1331 minime
1600 1304 1710 1332 Patrem

921 1349 1032 1377 intueri.
1053 1350 1098 1377 Sic
1120 1351 1191 1378 enim
1208 1350 1328 1385 loquitur
1345 1360 1351 1377 :
1373 1350 1484 1377 Perinde
1505 1359 1536 1377 ac
1553 1350 1640 1377 Filius
1657 1350 1711 1377 Pa-

922 1400 986 1422 trem
1004 1395 1089 1422 ridere
1109 1404 1160 1422 non
1176 1401 1270 1428 potest,
1287 1396 1324 1422 ita
1346 1395 1460 1430 Spiritus
1487 1400 1592 1422 sanctus
1610 1395 1711 1422 Filium

921 1441 1007 1467 videre
1022 1441 1119 1476 nequit.
1135 1441 1174 1467 Ac
1191 1449 1289 1468 rursus
1307 1441 1419 1475 :Angeli
1440 1436 1570 1470 Spiritum
1590 1446 1711 1468 sanctum

922 1486 1007 1512 videre
1029 1491 1166 1521 nequeunt,
1194 1491 1222 1513 ut
1241 1491 1266 1512 et
1288 1486 1404 1513 homines
1429 1486 1534 1521 angelos
1551 1486 1637 1513 cidere
1659 1495 1711 1513 mm

76 1531 241 1557 πιστεύοντα
258 1532 291 1567 τῇ
310 1530 423 1566 ἀληθείᾳ
435 1531 483 1556 καὶ
500 1531 534 1565 τῇ
552 1531 723 1565 πνευματικῇ
744 1529 869 1556 διδασκα-

925 1535 1041 1563 possunt.
1072 1529 1111 1556 Ita
1125 1529 1177 1556 sibi
1198 1530 1249 1564 ipsi
1263 1530 1371 1564 quidem
1386 1533 1412 1557 et
1422 1530 1533 1564 iisquos
1549 1530 1575 1556 in
1589 1537 1711 1556 errorem

76 1576 130 1612 λεᾳ.
152 1576 260 1603 Παῦσαι
271 1576 372 1608 τοίνυν,
397 1575 544 1611 Ὠρίγενες,
559 1575 606 1602 καὶ
626 1574 806 1607 παύσασθε,οξ
823 1574 870 1603 τοῦ

84 1623 239 1658 Ὠριγένους
259 1621 389 1658 μαθηται.
411 1619 587 1657 Ἀληθεύουσι
608 1621 664 1657 γὰρ
677 1621 704 1648 oi
729 1621 871 1648 ἀπόστολοι

77 1669 125 1696 καὶ
136 1670 160 1695 οἱ
174 1669 326 1704 προφῆται,
342 1669 415 1704 ἥπερ
428 1669 507 1703 ὑμεῖς
518 1668 566 1694 καὶ
580 1668 594 1693 6
610 1667 686 1702 ὑμῶν
701 1667 870 1699 διδάσκαλος.

78 1714 284 1741 Παυσασοωσαν
299 1715 324 1740 oi.
338 1714 498 1746 Γνωστικοὶ,
519 1713 738 1748 καταγνωστικοὶ
757 1712 785 1739 δὲ
795 1714 872 1745 ὄντες

77 1760 122 1786 τὸν
139 1760 251 1796 τρόπον.
279 1759 334 1786 Καὶ
360 1759 562 1786 παυσάσθωσαν
586 1759 802 1786 Οὑαλεντινιανοὶ
826 1759 872 1786 καὶ

78 1806 227 1840 Μανιχαῖοι
242 1805 289 1831 καὶ
303 1805 521 1840 Μαρκιωνισταὶ,
538 1805 562 1831 οἱ
582 1804 653 1832 κατὰ
665 1805 754 1831 πάντα
769 1805 873 1831 πεπλα-

77 1851 200 1887 νημένοι.
222 1851 278 1877 Καὶ
298 1850 499 1877 παυσάσθωσαν
524 1851 658 1885 Ἀρειανοὶ
672 1851 718 1877 καὶ
740 1851 872 1886 Ἀνόμοιοι

78 1897 126 1923 καὶ
141 1895 293 1928 Σαϐἐλλιοι,
312 1896 360 1923 καὶ
372 1896 557 1931 Πνευματῐται
571 1897 596 1922 οἱ
613 1897 660 1922 καὶ
677 1896 873 1932 Πνευματομά-

78 1951 132 1977 χοι..
152 1942 198 1969 καὶ
213 1943 367 1977 Διμοιρϊται
386 1943 410 1968 oi
431 1942 553 1976 ἀνοήτως
571 1942 618 1968 τὸν
634 1941 696 1968 νοῦν
716 1941 874 1976 παρεκῦάλ-

77 1988 181 2019 λοντες.
198 1988 292 2015 Πάντα
303 1988 358 2024 γὰρ
371 1987 524 2023 ἀληθεύειή
538 1986 599 2014 θεία
613 1987 721 2023 Γραφή·
739 1987 873 2018 συνέσεως

77 2033 106 2059 δὲ
118 2033 199 2068 χρεία
212 2033 272 2060 ἐστὶ
281 2032 328 2060 τοῦ
342 2033 441 2060 εἰδέναι
451 2033 497 2059 τὸν
507 2032 729 2065 Θεὸν,πιστεύειν
741 2032 814 2068 αὐτῷ
827 2033 874 2059 καὶ

78 2078 136 2108 τοῖς
150 2077 233 2104 αὐτοῦ
251 2077 350 2112 λόγοις,
365 2079 413 2104 καὶ
425 2077 460 2105 τά
471 2077 524 2104 ὑπὸ
540 2078 586 2104 τοῦ
603 2077 671 2104 Θεοῦ
689 2077 874 2113 κεχαρισμένα

78 2121 127 2148 καὶ
139 2121 271 2157 δεδομένα
287 2123 332 2150 καὶ
345 2123 472 2158 ἐσόμενα,
486 2123 534 2149 καὶ
548 2123 648 2150 εἰδέναι
662 2123 733 2150 κατὰ
747 2124 797 2157 τὴν
809 2122 875 2149 ὑπό-

79 2175 172 2201 σχεσιν
186 2168 236 2203 τὴν
252 2168 306 2194 τῶν
318 2168 422 2204 νεκρῶν
434 2168 582 2195 ἀνάστασιν
597 2169 653 2203 (99)
669 2170 698 2196 ὲν
710 2168 870 2203 τελειότητι.

78 2212 160 2239 Πᾶσα
177 2212 233 2248 γὰρ
254 2213 359 2249 αἵρεσις
381 2213 527 2249 ψεύδεται,
555 2214 592 2250 μὴ
614 2214 734 2241 λαϐοῦσα
758 2214 872 2250 Πνεῦμα

77 2257 168 2291 ἅγιον,
183 2259 222 2294 (Ι)
235 2259 308 2286 κατά
324 2259 375 2295 τὴν
398 2259 547 2294 παράδοσιν
563 2259 618 2286 τῶν
637 2260 769 2296 Πατέρων
790 2261 819 2287 ὲν
837 2262 872 2297 τῇ

77 2303 146 2338 ἁγίᾳ
162 2303 209 2330 τοῦ
224 2303 291 2330 Θεοῦ
310 2303 442 2339 καθολικῇ
464 2304 623 2340 Ἐκκλησία.

77 2348 226 2382 cipiamus.
240 2347 337 2376 Omnis
354 2349 428 2376 enitn
455 2349 568 2378 haeresis
584 2349 700 2378 mendax
733 2353 787 2381 est.
814 2354 909 2386 utpote

78 2398 176 2422 sancta
195 2394 241 2422 Dei
253 2399 281 2422 et
297 2396 433 2424 catholica
453 2396 576 2424 Ecclesia
597 2405 652 2424 non
667 2397 814 2432 acceperit.

114 2441 173 2469 ΞΔ’.
190 2441 246 2468 Καὶ
259 2443 324 2478 περὶ
338 2443 441 2470 τώτων
455 2443 545 2470 αὐτῶν
563 2443 642 2475 αὖθις
658 2443 740 2471 πάλιν
754 2443 871 2480 ἐροῦμεν

134 2520 144 2535 ¹
163 2519 193 2546 F.
209 2520 308 2552 οὕτως.
347 2522 357 2536 ¹
372 2520 507 2553 Joan.xx.
521 2521 569 2548 ‘27.
607 2521 697 2550 ‘Gen.
714 2529 743 2555 ιι,
756 2521 802 2549 ‘25.

115 2576 172 2612 (98)
187 2575 255 2609 Πῶς
271 2576 327 2603 οὐκ
341 2576 528 2611 ἀπηξίωσεν.
543 2577 688 2612 Origenem
705 2577 752 2605 Dei
771 2577 869 2605 Filium

79 2611 155 2638 Patri
179 2619 235 2638 non
252 2613 395 2645 aequalem,
417 2620 470 2639 non
487 2611 609 2646 eiusdem
628 2613 798 2642 substantiae.
821 2612 868 2640 sed

81 2647 215 2683 minorem
237 2651 265 2674 et
284 2645 457 2683 inferiorem;
483 2656 534 2674 nec
556 2648 683 2683 genitum
697 2655 801 2683 revera,
820 2647 868 2674 sed

81 2682 230 2710 I'actum,et
252 2681 403 2709 credidisse
424 2687 450 2708 et
473 2681 602 2710 docuisse
625 2682 736 2709 tradunt
760 2682 867 2715 Patres,

100 2717 126 2742 ui
146 2716 233 2750 ipsius
252 2715 395 2743 audaciam
412 2718 582 2744 retundenda
594 2726 610 2744 ιι
628 2725 784 2751 suscepere.
801 2717 870 2744 Tra-

100 2725 126 2742 ΠΙ
146 2725 233 2750 lpSlllS
252 2725 395 2743 auuactatn
412 2725 582 2744 retundenua
594 2726 610 2744 ll
628 2725 784 2751 suscepere.
802 2725 868 2744 11'3-

79 2725 149 2778 :iunt
164 2750 322 2788 etiamnon
339 2755 412 2788 recte
428 2752 578 2788 Credidisse
596 2752 629 2780 de
642 2752 746 2788 Spiritu
761 2759 868 2786 sancto,

78 2790 174 2822 utpote
191 2785 238 2820 qui
259 2786 350 2822 ipsum
375 2786 400 2813 in
427 2787 534 2820 ordine,
559 2791 606 2822 pot
616 2784 705 2820 istale,
725 2784 870 2822 dignitate,

79 2821 224 2857 majestate
251 2821 571 2857 tertiumrconstituerit’.
598 2822 699 2850 Evolve
727 2821 873 2857 Epiphanii

79 2854 169 2884 nostri
190 2854 354 2887 Panarium.
373 2856 477 2892 inspice
498 2863 654 2886 memorata:
670 2854 805 2887 liznrescos
819 2865 873 2885 nu-

923 1576 1041 1610 impulit,
1061 1575 1174 1602 illudere
1190 1575 1294 1610 potuit;
1317 1575 1432 1610 sapienti
1447 1583 1511 1602 vero
1526 1582 1557 1601 ac
1572 1575 1643 1601 tidcli
1664 1575 1704 1601 ei-

922 1628 975 1657 que
993 1621 1038 1656 qui
1061 1622 1167 1649 veritati
1189 1629 1221 1648 ac
1246 1621 1363 1656 spiritali
1383 1620 1515 1648 doctrinae
1537 1621 1637 1651 credit.
1657 1629 1712 1649 non

922 1668 1020 1703 potuit.
1039 1667 1138 1695 Desine
1154 1668 1247 1703 igitur,
1269 1666 1399 1702 Origenes
1415 1672 1441 1695 et
1456 1676 1504 1695 vos
1528 1667 1654 1702 Origcnis
1671 1667 1713 1694 di-

922 1712 1021 1747 scipuli
1037 1721 1044 1739 :
1063 1713 1184 1740 veriores
1207 1712 1307 1748 quippe
1333 1713 1410 1740 vobis
1436 1713 1565 1740 omnibus
1586 1720 1617 1739 ac
1644 1720 1714 1747 pra:-

922 1763 1033 1794 ceplore
1051 1763 1142 1786 vestro
1161 1759 1278 1793 apostoli
1294 1763 1359 1786 sunt
1376 1764 1403 1785 et
1418 1759 1566 1794 prophetat.
1584 1758 1715 1786 Desinant

922 1811 1003 1840 porro
1017 1804 1152 1836 Gnostici,
1169 1805 1215 1839 qui
1233 1806 1355 1831 moribus
1369 1812 1398 1832 se
1419 1806 1478 1833 suis
1495 1807 1711 1840 calagnosticos,

924 1849 974 1876 hoc
987 1853 1028 1876 est
1044 1849 1255 1875 condemnandos
1274 1849 1405 1883 praebent.
1422 1842 1571 1877 Facessant
1589 1849 1714 1878 Valenti-

924 1895 1010 1926 niani,
1043 1893 1196 1927 Maniclnei,
1224 1893 1418 1926 Marcionistae,
1452 1895 1499 1930 qui
1527 1895 1553 1921 in
1583 1896 1713 1922 omnibus

923 1935 1028 1974 decepti
1058 1944 1132 1966 sunt.
1156 1939 1288 1967 Desinant
1320 1940 1425 1973 Ariani,
1455 1941 1591 1971 Anommi,
1618 1940 1714 1967 Sabel-

923 1984 999 2017 liani,
1021 1985 1200 2012 Pneumatitte
1222 1986 1279 2013 sive
1292 1984 1545 2018 Pneumatomachi,
1565 1986 1713 2014 Dimotrita:

923 2031 968 2066 qui
984 2031 1083 2058 stolide
1098 2036 1216 2059 mentem
1237 2031 1374 2066 rejieiunt.
1395 2031 1462 2058 Nam
1486 2031 1628 2066 Scriptura
1650 2032 1713 2059 ubi-

924 2081 976 2112 que
1000 2085 1064 2104 vera
1086 2084 1129 2105 est
1153 2085 1186 2104 ac
1210 2082 1296 2105 certa.
1322 2077 1461 2112 Sapientia
1487 2086 1552 2105 vero
1579 2078 1714 2113 inprimis

924 2127 993 2155 opus
1007 2125 1049 2148 est
1074 2125 1102 2148 ut
1117 2126 1144 2149 ct
1169 2120 1255 2149 Deum
1283 2123 1452 2154 noverimus,
1477 2127 1504 2150 ct
1529 2123 1579 2158 ipsi
1598 2124 1714 2158 ejusque

924 2167 1095 2195 sermonibus
1117 2171 1197 2202 atque
1214 2167 1248 2196 iis
1272 2169 1411 2200 omnibus,
1437 2177 1498 2204 quae
1522 2169 1595 2197 illius
1616 2169 1643 2195 in
1662 2175 1713 2195 nos

925 2212 1102 2240 beneﬁcentia
1128 2214 1244 2240 contulit
1268 2214 1311 2241 vel
1337 2213 1486 2249 aliquando
1514 2214 1604 2241 futura
1631 2217 1712 2246 sunt,

925 2258 1005 2286 ﬁdem
1022 2259 1189 2292 habeamus;
1205 2264 1231 2287 et
1250 2265 1279 2287 ut
1294 2261 1442 2295 perfectam
1457 2269 1488 2288 ex
1506 2260 1581 2286 illius
1594 2259 1713 2295 promis-

926 2305 1003 2332 sione
1017 2310 1190 2333 mortuoruiu
1207 2307 1438 2334 resurrectionem
1457 2305 1634 2340 intelligentia
1650 2312 1714 2340 per-

927 2359 988 2388 quae
1012 2350 1145 2388 Spiritum
1170 2357 1296 2380 sanetqu
1318 2360 1351 2380 ex
1379 2352 1492 2379 Patrum
1516 2351 1665 2379 traditione
1685 2351 1714 2378 in

960 2441 1053 2471 LXIV.
1077 2444 1131 2472 Sed
1152 2452 1202 2472 nos
1219 2444 1254 2472 de
1279 2444 1323 2472 his
1340 2444 1440 2473 iterum
1462 2445 1578 2473 subinde
1590 2453 1642 2482 pro
1663 2454 1715 2474 no—

922 2578 1032 2614 lueras.
1046 2577 1186 2614 Evolve_et
1208 2577 1428 2614 Origeiiianorum
1447 2583 1545 2614 quast.
1559 2580 1577 2608 2
1589 2581 1651 2608 libri
1665 2590 1695 2611 ιι.

957 2612 1014 2646 199)
1041 2613 1101 2647 Τὴν
1122 2612 1183 2640 τῶν
1200 2612 1318 2646 νεκρῶν
1336 2612 1518 2642 ἀνάστασιν.
1537 2616 1652 2644 Constat
1667 2621 1714 2644 aut

922 2649 1058 2676 erravisse
1079 2647 1223 2682 Origenem
1244 2648 1316 2677 circa
1337 2654 1507 2677 mortuorum
1530 2652 1714 2679 resurrectio-

922 2689 984 2720 nem
996 2703 1003 2713 .
1016 2688 1063 2720 aut
1077 2682 1160 2720 dubia
1173 2683 1270 2720 saltem
1283 2687 1310 2710 et
1325 2684 1429 2720 incerta
1443 2685 1476 2712 de
1490 2686 1537 2713 illa
1552 2687 1713 2720 protulisse.

922 2718 1054 2745 Adeunda
1065 2722 1092 2745 et
1105 2719 1148 2744 hic
1158 2719 1253 2746 eadem
1265 2718 1378 2746 hmresis
1392 2719 1436 2750 64,
1450 2728 1528 2748 num.
1542 2718 1586 2748 f0.
1601 2721 1714 2749 Adeun-

924 2754 959 2781 da
974 2757 1002 2780 et
1020 2753 1180 2787 Origeniana
1195 2754 1243 2781 lib.
1260 2761 1290 2786 ii,
1308 2759 1406 2788 quzest.
1423 2754 1449 2782 9.

964 2788 1000 2823 (Ι)
1012 2788 1169 2825 _Addiseant
1179 2789 1257 2825 illinc
1270 2796 1302 2816 ex
1315 2789 1467 2824 Epiphanio
1478 2791 1525 2825 qui
1538 2790 1648 2818 Christo
1664 2795 1713 2816 no-

927 2830 989 2850 men
1003 2823 1112 2860 dedere,
1132 2823 1213 2856 unde,
1232 2830 1264 2851 ex
1278 2823 1428 2860 quo't‘u’nte,
1444 2823 1585 2860 religionis
1598 2825 1713 2860 dogma-

928 2862 956 2886 ta
971 2859 1096 2893 accipere
1110 2867 1161 2887 nos
1179 2863 1313 2893 oporteat.
