1940 3043
235 148 288 176 135

920 155 948 181 s.
982 148 1148 184 errr-nanti

1805 157 1862 187 15")

233 205 320 233 merui
336 205 380 233 sui
397 205 459 240 ﬁde,
474 207 547 241 quod
568 214 582 233 τι
598 207 656 243 lege
677 213 704 235 et
720 209 863 244 prophetis
877 215 1014 238 ostensum

1072 213 1335 253 προεπηγγελμένης
1359 214 1411 241 ὑπὸ
1429 207 1478 241 ¹τοῦ
1493 214 1574 250 νόμοι)
1598 215 1645 242 καὶ
1669 215 1722 241 τῶν
1746 223 1861 251 προφη-

232 255 314 278 Intea
339 250 448 279 ﬁxerat:
465 251 522 283 Dei,
541 253 672 287 inquam,
689 251 773 281 Filius
791 255 964 289 praedicatus.
988 264 1019 283 ac

233 294 345 324 Davidis
356 298 508 332 appellatus
527 298 608 328 lilius.
623 299 758 334 siquidem
777 304 923 335 utrumque
949 301 1020 330 Deus

231 348 260 369 et
282 342 373 374 homo,
396 341 445 368 Dei
469 346 494 369 et
513 342 649 369 hominum
671 344 800 371 mediator
820 344 889 379 fuit'
903 355 910 379 ;
926 354 1019 374 verum

233 387 280 415 Dei
296 386 475 418 domicilium.
491 389 678 416 sacerdotium
702 395 839 421 sanctum.
858 392 945 419 sancti
963 392 1020 428 Spi-

231 434 302 459 ritus
317 433 507 467 regenerantis
538 441 570 461 ac
587 434 641 462 Deo
663 435 842 464 instaurantis
862 438 953 465 omnia
970 440 1020 466 lar

231 477 320 512 gitor;
336 486 398 505 nam
426 479 537 506 Verbum
550 489 612 507 raro
627 481 726 514 factum
739 487 788 513 est,
802 488 826 509 et
846 482 973 510 habitavit
991 485 1018 510 in

230 522 323 555 nobis;
346 529 370 550 et
396 525 507 551 vidimus
534 526 648 560 gloriam
671 527 728 562 ejus
757 533 884 563 tanquam
905 530 1019 564 gloriam

231 567 364 603 Unigeniti
379 579 394 596 a
407 569 488 596 Patre
501 572 521 598 '.
540 570 572 597 Ut
589 573 661 598 enim
680 573 771 607 pluvia
789 582 850 600 cum
872 576 1018 603 arboribus

228 615 390 642 coale'seens
412 623 444 642 ac
472 617 616 651 stirpibus,
642 626 743 653 corpus
767 619 859 653 ellicit,
881 625 908 646 et
925 628 1019 647 unum-

227 667 365 694 quemque
380 661 518 688 fruclutnn
540 662 572 688 ad
590 663 649 697 ejus
665 663 737 690 unde
761 670 839 692 ortus
856 670 908 698 est,
925 666 1020 692 simili-

229 704 352 732 tudinem
370 705 514 740 producit;
532 711 559 734 et
575 708 601 734 in
622 709 693 735 oliva
708 709 817 743 quidem
841 718 874 738 ex
893 712 954 745 ejus
968 720 1018 738 na-

226 753 289 776 tura
302 754 330 777 et
344 751 496 778 substantia
515 759 686 788 assumptum
721 755 820 790 pingue
847 756 936 783 oleum
960 757 1016 784 elli-

227 795 312 827 eitur;
333 796 360 822 in
377 797 433 824 vite
449 798 474 824 in
499 799 659 826 suavissimi
687 800 742 826 vini
759 801 919 835 qualitatem
944 803 1018 829 colu—

226 846 339 874 retnque
364 841 480 873 transit;
506 842 533 869 in
560 843 626 870 licus
646 844 744 871 arbore
761 845 922 873 dulcissimo
948 846 1016 874 licus

1071 258 1141 291 τῶν,
1160 259 1223 290 Υἱὸς
1241 259 1309 286 Θεοῦ
1328 261 1534 295 κηρυσσόμενος
1546 280 1554 292 ,
1571 261 1628 292 υίὸς
1649 260 1729 287 Δαὸὶδ
1741 261 1861 295 λεγόμε-

1071 311 1131 334 νος,
1146 302 1229 337 ἄμφω
1247 303 1302 338 γὰρ
1317 301 1383 335 Θεὸς
1400 303 1446 329 καὶ¹
1463 303 1619 338 ἄνθρωπος,
1639 304 1765 337 μεσίτης
1781 302 1861 329 Θεοῦ

1071 349 1121 375 mi
1139 346 1306 382 ’ἀνθρώπων
1319 369 1327 381 ,
1352 349 1478 384 ἀληθινὸς
1505 348 1578 380 οἶκος
1604 349 1671 375 Θεοῦ
1684 369 1691 380 ,
1706 349 1861 384 ἱεράτευμα

1071 394 1158 428 ἅγιον,
1174 394 1251 427 ἁγίου
1266 394 1423 430 Πνεύματος
1437 395 1517 430 δοτὴρ
1533 394 1581 421 τοῦ
1594 394 1793 428 ἀναγεννῶντος
1807 393 1860 420 καὶ

1070 439 1288 471 ἀνακαινίζοντος
1306 437 1384 471 αὖθις
1398 440 1430 466 τὰ
1447 440 1534 466 πάντα
1546 439 1585 475 τῷ
1600 440 1658 474 Θεῷ
1670 448 1677 455 ·
1695 440 1735 466 ὅτι
1756 439 1788 465 '0
1800 439 1861 466 Λό-

1069 493 1121 518 γος
1137 485 1158 500 ¹¹
1173 484 1250 518 σὰρξ
1265 484 1392 519 ἐγένετο,
1405 484 1453 511 καὶ
1461 483 1636 517 ἐσκήνωσεν
1645 484 1679 511 ἐν
1690 483 1772 518 ἡμῖν·
1782 483 1860 510 είδο-

1066 539 1124 564 per
1141 530 1163 545 "
1188 529 1246 564 τὴν
1270 530 1364 562 δόξαν
1388 530 1480 557 αὑτοῦ
1504 530 1544 563 ὡς
1562 529 1750 564 Moverer-oin;
1775 529 1860 562 παρὰ

1069 577 1194 610 Πατρός.
1221 576 1251 602 '0
1271 577 1348 608 ὑετὸς
1367 576 1487 612 δένδρεσι
1504 576 1551 602 καὶ
1576 577 1667 609 φυτοῖς
1684 574 1859 610 συμφυσιού-

1071 630 1169 656 μενος,
1198 621 1278 656 σῶμα
1295 621 1495 657 ἀπεργάζεται,
1515 621 1630 647 καὶτῶν
1653 621 1767 655 καρπῶν
1793 619 1859 646 καθ’

1068 667 1214 702 ὁμοιότητα
1228 667 1342 694 ἕκαστον
1353 676 1359 682 ·
1381 667 1427 693 καὶ
1444 668 1472 694 ὲν
1494 667 1543 702 μὲν
1554 668 1587 702 τῇ
1600 667 1675 701 ἐλαίᾳ
1692 666 1780 692 ἔλαιον
1794 666 1859 692 πῖον

1067 713 1171 748 γίνεται
1184 713 1401 749 προσλαϐόμενον
1419 713 1456 748 (5)
1472 713 1500 744 ἐξ
1515 713 1599 748 αὐτῆς
1619 713 1649 739 τὸ
1665 712 1808 744 οὐσιῶδες·
1828 712 1859 739 ὲν

1068 759 1096 784 δὲ
1112 758 1226 794 ἀμπέλῳ
1249 756 1318 789 οἶνος
1339 758 1403 793 ἡδὺς
1426 758 1560 793 χοῖζεται·
1579 758 1608 785 ὲν
1623 757 1652 784 δὲ
1677 758 1746 792 συκῇ
1772 756 1858 784 σῦκον

1067 802 1242 837 γλυκαίνεται
1254 811 1260 817 '
1278 803 1324 829 καὶ
1340 803 1445 838 ἑκάστῳ
1460 803 1623 838 σπερμάτων
1640 801 1709 838 πρὸς
1730 801 1761 826 ἰδ
1787 799 1858 832 εἶδος

1067 847 1177 880 αὔξεται
1191 848 1272 874 αὑτοῦ
1286 868 1293 879 ,
1312 849 1359 875 καὶ
1376 848 1438 883 φύει
1455 848 1486 875 ¹⁸.
1502 844 1699 881 Οὖτως,οἶμαι,
1721 847 1737 873 ὀ
1761 846 1858 880 Adrog-

226 891 325 919 sapore
351 889 538 922 temperatur,
566 893 592 915 et
624 890 650 916 in
682 891 803 925 quolibet
834 892 938 919 semine
966 901 1014 928 pro

1068 893 1113 919 τοῦ
1129 893 1195 920 Θεοῦ
1211 895 1239 920 ὲν
1254 893 1347 929 Μαρίᾳ
1361 893 1439 927 σὰρξ
1454 893 1571 929 ἐγένετο
1581 912 1588 924 ,
1604 893 1650 919 καὶ
1671 893 1699 919 ἐν
1718 891 1857 926 σπέρματι

226 930 446 967 uniuscujusque
465 933 552 960 forma
570 935 769 962 incrementum
789 936 862 972 capit
876 945 907 964 ac
924 939 1015 972 pullu-

1073 938 1197 974 Ἀϐραὰμ
1211 938 1353 974 ἄνθρωπος
1372 938 1518 974 ηὑρίσκετο
1532 937 1603 965 κατὰ
1613 937 1661 972 τὴν
1676 936 1856 971 ἐπαγγελίαν

225 975 282 1003 lttt:
300 976 338 1003 ita
361 977 472 1004 Verbum
491 978 549 1012 Dei,
569 981 676 1014 opinor,
692 982 718 1008 in
737 981 820 1009 Maria
838 991 900 1010 caro
916 983 1014 1017 factum

1066 984 1244 1019 Εὑρήκαμεν
1258 983 1312 1018 γὰρ
1322 984 1477 1017 Μεσσίαν,
1497 983 1532 1010 ὃν
1545 983 1657 1018 ἔγραψε
1673 982 1804 1015 Μωῡσῆς
1819 982 1854 1009 ¹³.

224 1022 285 1049 est'
311 1032 317 1050 :
339 1027 366 1051 et
387 1024 413 1050 in
433 1024 581 1051 Abrahami
607 1027 692 1061 stirpe
715 1027 798 1054 homo
825 1035 859 1055 ex
884 1029 1014 1064 promissi

1067 1029 1156 1064 Ἐφη-
1180 1028 1340 1062 Κειταϐήτω
1366 1029 1406 1062 ὡς
1422 1028 1510 1061 ὑετὸς
1531 1028 1564 1055 τὸ
1587 1026 1763 1062 ἀπόφθεγμά
1780 1035 1855 1061 μου.

226 1067 279 1095 [ide
293 1076 419 1103 repertus
429 1075 481 1097 cst.
499 1070 650 1098 Inrenimus
668 1073 747 1104 enim,
760 1073 861 1107 inquit,
875 1071 1014 1110 Messium,

1066 1074 1114 1101 καὶ
1128 1074 1168 1106 ὡς
1187 1074 1205 1108 ἡ
1223 1073 1343 1108 σταγὼν
1363 1074 1383 1107 ὴ
1403 1071 1556 1103 στάζουσα
1572 1072 1621 1098 ἐπὶ
1641 1071 1696 1105 τὴν
1715 1071 1783 1106 γῆν.
1798 1070 1855 1096 Καὶ

223 1122 300 1148 quem
319 1116 425 1149 scripsit
443 1115 559 1151 Moyses.
577 1116 649 1144 Idem
673 1126 738 1147 vero
757 1118 884 1155 Moyses:
902 1119 1014 1147 Descen-

1066 1121 1079 1146 ὁ
1093 1119 1190 1146 Δαδίδ·
1208 1118 1368 1151 Καταὸήτω
1391 1119 1431 1151 ὡς
1450 1118 1537 1150 ὑετὸς
1557 1116 1606 1143 ἐπὶ
1630 1117 1735 1142 πόκον.
1758 1115 1854 1150 Ἐριον

224 1160 281 1190 (lat,
299 1159 398 1194 inquit,
417 1165 446 1186 ut
465 1160 554 1194 pluvia
568 1162 700 1197 eloquium
724 1172 820 1197 meum,
846 1169 871 1191 et
889 1169 1014 1199 tanquam

223 1210 306 1240 gutta:
326 1206 459 1233 stillantes
484 1207 511 1233 iu
542 1212 638 1234 terram
653 1209 674 1236 ⁵,
691 1208 755 1236 Item
776 1209 860 1237 David
879 1211 1013 1238 :Descen-

223 1251 270 1277 dat
286 1251 354 1277 sicut
368 1260 412 1278 ros
431 1252 458 1278 in
478 1252 560 1279 vellus
572 1253 594 1281 '.
615 1255 686 1280 Lana
701 1255 792 1289 itaque
823 1263 914 1282 rorem
935 1256 1010 1283 exei-

225 1295 303 1330 piens
323 1295 408 1323 fetum
431 1301 513 1331 auget
539 1298 657 1325 velleris.
683 1298 768 1326 Terra
794 1300 913 1334 pluviam
938 1302 1013 1328 exci-

225 1341 313 1376 piens,
327 1341 446 1368 l'ructum
459 1342 492 1368 ad
506 1343 689 1370 maturitatem
704 1345 839 1378 pe-rducit,
856 1354 942 1381 eaque
954 1355 1015 1381 per—

225 1387 286 1414 fusa
303 1394 336 1414 ex
351 1387 466 1421 itnperio
486 1387 593 1415 Domini
618 1390 758 1417 naturales
782 1391 873 1426 fruges
889 1397 1014 1427 prompte

225 1441 258 1461 ac
272 1433 387 1461 libenter
402 1433 512 1466 emittit,
533 1439 559 1460 et
577 1434 610 1461 ab
629 1435 724 1462 eodem
741 1443 838 1463 rursus
861 1438 1013 1472 accipiendi

225 1480 320 1515 majori
339 1479 475 1507 desiderio
496 1483 615 1507 tenetur.
636 1481 681 1508 Sic
707 1486 733 1508 et
754 1481 836 1509 Maria
854 1484 931 1518 virgo
950 1492 1012 1511 cum

225 1526 262 1552 ita
289 1524 601 1560 respondissent/nde,
634 1525 732 1561 inquit,
758 1536 916 1562 cognoscam
949 1529 1013 1557 milii

224 1573 294 1600 istud
310 1573 477 1607 affuturum?
490 1571 595 1599 audiit:
612 1571 729 1606 Spiritus
751 1573 856 1601 Domini
879 1575 906 1602 in
924 1581 948 1603 te
966 1575 1012 1603 de-

223 1618 339 1650 scendet,
355 1623 380 1645 et
394 1619 489 1650 ,oirtus
509 1617 640 1645 Altissimi
654 1618 820 1646 obumbrubit
845 1625 868 1647 te
883 1629 892 1647 .'
907 1621 1014 1656 ideoque

223 1665 328 1699 etquod
344 1671 465 1692 nascetur
479 1673 511 1692 ex
525 1670 557 1697 te,
575 1669 696 1692 sanciunt
716 1667 806 1699 eril,et
824 1667 912 1695 Filius
927 1669 1014 1697 Altis-

223 1711 285 1736 simi
296 1710 434 1737 vocabitur
446 1712 467 1737 '.
483 1711 611 1739 Christus
625 1714 651 1739 in
669 1715 766 1748 angelo
786 1714 907 1748 loquitur
921 1723 928 1741 :
942 1719 968 1741 ct
985 1716 1013 1742 in

224 1755 267 1782 sui
282 1755 368 1790 ipsius
381 1755 544 1784 formatione
559 1758 733 1792 semetipsum
753 1758 885 1787 Dominus
900 1760 1013 1795 ellingit,

223 1801 292 1827 servi
317 1801 432 1835 formam
455 1802 567 1830 induerit
578 1804 599 1829 ".
625 1804 758 1831 Caeterum
786 1804 870 1832 Maria
894 1805 1013 1834 Verbum

224 1845 272 1874 Dei
290 1847 324 1874 ad
344 1848 560 1882 generationem,
577 1849 652 1876 velut
679 1854 751 1876 terra
770 1850 900 1885 pluviam,
922 1851 1015 1878 haurit

222 1896 252 1920 et
274 1893 403 1927 attrahit;
428 1893 498 1921 Deus
522 1902 588 1922 vero
612 1899 737 1922 sanctum
763 1903 824 1923 sese
844 1896 962 1923 fructum
986 1897 1013 1924 in

225 1939 334 1965 mortali
350 1938 404 1973 70
420 1943 518 1966 natura
546 1940 712 1974 capessenda
737 1941 918 1968 demonstrat.
944 1941 1015 1976 Ergo

225 1984 272 2011 hic
288 1992 322 2012 ex
336 1985 383 2011 illa
399 1989 478 2012 terra:
492 1985 580 2012 instar
591 1991 623 2012 ac
637 1986 746 2013 velleris
761 1987 914 2014 atlrahente
928 1987 1015 2022 prole-

225 2032 287 2056 ctus
300 2033 354 2060 est,
375 2036 448 2056 verte
465 2030 614 2065 solidaeque
630 2030 685 2065 spei
704 2030 821 2062 fructus,
837 2035 865 2058 et
879 2039 894 2058 a
909 2032 1014 2060 sanctis

224 2078 412 2109 exspectatus.
427 2075 663 2108 Quemadmodum
688 2076 846 2104 Elisabetha
859 2077 928 2104 dixit
943 2087 949 2105 :
969 2078 1016 2106 Be-

225 2120 329 2147 nedicta
348 2126 376 2147 tu
396 2121 464 2148 inter
476 2122 609 2154 mulieres,
625 2126 650 2149 et
673 2122 822 2149 benedictus
834 2123 936 2157 fructus
954 2132 1015 2151 υωι-

226 2167 275 2193 tris
294 2166 363 2193 tui'.
381 2166 439 2193 lloc
459 2170 549 2193 autem
573 2175 654 2194 omne
674 2176 707 2194 ex
724 2168 843 2195 humana
859 2169 1015 2197 conditione

1064 1166 1152 1191 τοίνυν
1165 1164 1307 1200 δεχόμενον
1325 1164 1373 1199 τὴν
1390 1163 1495 1199 δρόσον,
1512 1162 1588 1196 αὕξει
1605 1162 1690 1189 πόκου
1703 1161 1783 1196 γονήν
1794 1170 1801 1176 ·
1816 1161 1854 1197 γῆ

1063 1209 1092 1236 δὲ
1101 1209 1232 1244 δεχομένη
1246 1209 1291 1235 τὸν
1306 1208 1382 1234 ὑετὸν
1396 1209 1428 1239 ’⁸,
1446 1207 1523 1240 αὔξει
1542 1209 1646 1243 καρπὸν
1661 1207 1854 1242 προστάγματι

1064 1254 1199 1281 Δεσπότου
1212 1275 1220 1287 ,
1250 1254 1430 1290 προσδιδοῦσα
1453 1254 1503 1289 τὴν
1522 1253 1602 1288 φύσιν
1619 1252 1832 1288 προθυμοτέρως
1843 1260 1851 1267 ·

1063 1301 1095 1327 τὸ
1119 1300 1147 1327 δὲ
1173 1300 1322 1336 λαμϐάνειν
1342 1301 1406 1336 παρ’
1429 1299 1510 1327 αὑτοῦ
1537 1300 1616 1326 πλέον
1639 1299 1695 1334 ἔχει
1721 1299 1852 1334 σπουδήν.

1063 1348 1142 1375 Οὕτω
1157 1347 1189 1383 δὴ
1206 1348 1253 1374 καὶ
1267 1349 1284 1384 ἡ
1303 1347 1436 1383 παρθένος
1451 1347 1562 1382 Μαρία,
1585 1346 1666 1373 Κατὰ
1686 1345 1716 1372 τί
1737 1345 1853 1379 γνώσο-

1061 1403 1114 1429 μαι
1134 1393 1238 1427 τοῦτο,
1257 1394 1351 1429 φησὶν,
1366 1393 1410 1420 ὅτι
1426 1394 1511 1420 ἔσται
1533 1401 1584 1428 μοι
1607 1391 1695 1418 τοῦτο
1705 1399 1715 1423 ;
1728 1391 1828 1426 ἤκουσε
1842 1399 1851 1406 ·

1064 1440 1186 1475 Πνεῦμα
1209 1441 1320 1475 Κυρίου
1346 1440 1395 1467 ἐπὶ
1420 1439 1471 1473 σὲ,
1485 1439 1534 1466 καὶ
1558 1439 1684 1472 δύναμις
1707 1437 1852 1471 Ὑψίστου

1063 1485 1233 1513 ἐπισκιάσει
1257 1494 1307 1512 σοι
1321 1494 1328 1501 ·
1353 1485 1399 1512 διὸ
1415 1485 1464 1513 καὶ
1479 1485 1512 1511 τὸ
1531 1483 1719 1518 γεννώμενον
1732 1483 1767 1509 ἐκ
1780 1482 1851 1513 σοῦ,

1064 1531 1149 1567 ἅγιον
1175 1531 1281 1564 ἐσται,
1307 1530 1357 1557 καὶ
1391 1529 1457 1562 Υἱὸς
1483 1522 1627 1563 Ὑψίστου
1656 1527 1850 1561 κληθήσεται.

1027 1560 1047 1588 c
1065 1560 1182 1613 Χριστὸς
1196 1578 1225 1604 ὲν
1240 1560 1348 1612 ἀγγέλῳ
1367 1560 1457 1607 λαλεῇ
1480 1560 1645 1602 ἀναπλάττει
1669 1574 1696 1600 δὲ
1709 1560 1810 1600 satisz
1823 1574 1854 1600 ἐν

1063 1625 1097 1659 τῇ
1114 1622 1212 1650 ἑαυτοῦ
1227 1620 1610 1656 πλάσειόΔεο-πότηςμορφὴν
1620 1619 1732 1647 δούλου
1741 1620 1851 1648 λαϐὼν.

1064 1669 1120 1696 Καὶ
1135 1669 1228 1704 Μαρία
1255 1668 1304 1704 μὲν
1329 1667 1460 1702 ἀνιμᾶται
1474 1665 1520 1692 τὸν
1543 1665 1629 1699 Λόγον
1645 1665 1685 1696 εἰς
1712 1663 1853 1699 σύλληψιν,

1064 1715 1102 1746 ὡς
1112 1714 1189 1741 ὑετὸν
1204 1715 1221 1749 ὴ
1238 1714 1290 1749 γῆ·
1306 1713 1404 1741 ἑαυτὸν
1413 1712 1442 1739 δὲ
1453 1711 1559 1747 καρπὸν
1572 1711 1649 1745 ἅγιον
1665 1710 1854 1737 ὑποδείκνυσιν

1064 1762 1079 1787 ὁ
1100 1761 1147 1787 τοῦ
1178 1760 1245 1786 Θεοῦ
1280 1760 1364 1794 Λόγος
1392 1758 1611 1794 προσλαῶμενος
1637 1755 1733 1791 θνητοῦ
1759 1755 1852 1790 φύσιν.

1065 1805 1158 1837 Οὕτως
1173 1806 1193 1821 ¹⁷
1209 1803 1255 1832 οὖν
1271 1805 1300 1838 ἐξ
1311 1804 1397 1839 αὑτῆς
1408 1803 1558 1839 ἁνιμώσης,
1575 1803 1613 1834 ὡς
1627 1802 1663 1836 γῆ
1678 1801 1724 1827 καὶ
1740 1801 1825 1832 πόκος
1839 1801 1855 1827 6

1064 1851 1114 1886 τῆς
1135 1850 1251 1886 ἀληθοῦς
1274 1850 1380 1881 ἐλπίδος
1394 1848 1499 1884 καρπὸς
1511 1868 1518 1880 ,
1535 1849 1551 1883 ἡ
1571 1847 1625 1874 τῶν
1641 1846 1725 1880 ἁγίων
1740 1846 1855 1880 προσδο-

1065 1897 1126 1928 κία,
1144 1895 1234 1927 καθὼς
1257 1896 1395 1922 Ἐλισάσετ
1417 1894 1509 1928 ἔλεγεν
1520 1902 1527 1909 ·
1545 1892 1741 1927 Εὐλογημένη
1758 1891 1800 1918 σὺ
1819 1892 1854 1918 ἐν

1064 1942 1193 1976 γυναιξὶ,
1210 1941 1258 1968 καί
1276 1939 1477 1975 εὐλογημένος
1490 1941 1507 1967 ὁ
1529 1939 1643 1972 καρπὸς
1659 1938 1714 1972 τῆς
1738 1937 1855 1969 κοιλίας

1065 1995 1124 2015 σου
1141 1995 1149 2003 ⁸
1183 1988 1212 2013 ἓν
1246 1987 1430 2023 προσελάϐετο
1453 1985 1483 2018 ἐξ
1513 1985 1722 2020 ὰνθρωπότητος
1747 1983 1853 2014 παθὼν,

1065 2032 1173 2068 ἀπαθὴς
1191 2032 1229 2059 ὣν
1252 2033 1267 2058 ὁ
1289 2032 1382 2067 Λόγος.
1405 2029 1500 2064 Οὗτος
1513 2030 1602 2064 ἄρτος
1615 2031 1631 2057 ὁ
1647 2029 1719 2061 ζῶν,
1734 2031 1751 2055 ό
1765 2037 1854 2055 κατα-

1066 2078 1119 2110 ϐὰς
1130 2078 1164 2110 ἐξ
1177 2078 1308 2112 οὐρανοῦ
1318 2098 1325 2110 ,
1339 2078 1386 2104 καὶ
1397 2077 1469 2112 ζωὴν
1484 2076 1585 2107 διδούς·
1603 2072 1680 2106 οὗτος
1693 2076 1707 2102 ό
1724 2075 1774 2109 τῆς
1789 2075 1854 2109 ἀλη-

1067 2124 1129 2156 θοῦς
1141 2124 1233 2156 ἐλαίας
1245 2123 1351 2159 καρπὸς
1360 2143 1367 2155 ,
1381 2123 1413 2150 τὸ
1430 2123 1518 2149 ἔλαιον
1531 2122 1581 2156 τῆς
1595 2122 1710 2156 χρίσεως
1733 2120 1781 2147 καὶ
1805 2121 1853 2155 τῆς

1068 2170 1227 2202 συνθέσεως,
1237 2170 1251 2196 ὃ
1261 2169 1438 2206 προετύπωσε
1451 2168 1582 2203 Μωῦσῆς.
1596 2165 1679 2199 Οὗτος
1690 2167 1709 2200 ’ὴ
1723 2166 1852 2200 ἀληθινὴ

226 2217 259 2237 ac
280 2215 378 2238 natura
401 2211 428 2237 in
447 2218 508 2238 sese
535 2212 676 2238 transtulit
697 2210 815 2238 Verbum
841 2213 919 2243 illud.
942 2214 1014 2248 quod

1067 2216 1210 2251 ἄμπελος,
1226 2216 1259 2251 ἦν
1272 2217 1389 2251 γεωργεῖ
1403 2215 1483 2250 μόνος
1499 2216 1513 2241 ὁ
1528 2213 1622 2250 Πατὴρ
1635 2234 1641 2245 ,
1657 2213 1754 2250 βότρυν
1766 2214 1853 2248 χαρᾶς

226 2264 327 2291 expers
352 2257 454 2292 alioqui
482 2257 619 2292 passionis
650 2258 754 2292 perpeti
775 2259 872 2286 voluit.
896 2259 948 2287 Hic
974 2265 1014 2287 est

226 2303 303 2337 panis
327 2302 372 2329 ille
387 2303 460 2329 vivus
485 2303 529 2338 qui
551 2303 582 2329 de
606 2304 669 2329 c0210
690 2302 855 2338 descendit’,
882 2312 914 2333 ac
932 2305 1014 2333 vitam

228 2348 370 2384 impertiit.
385 2348 435 2376 llic
451 2353 493 2376 est
509 2357 580 2376 verae
602 2349 707 2377 fructus
730 2350 814 2382 olete;
833 2351 972 2379 unctionis
988 2357 1016 2379 et

228 2393 436 2428 compositionis
469 2395 559 2421 oleum
587 2394 669 2426 illud,
695 2395 766 2433 quod
789 2395 897 2431 Moyses
925 2397 1017 2431 specie

227 2439 347 2474 quadam
370 2439 583 2467 adumbravit”.
605 2440 675 2468 Idem
694 2450 752 2468 vera
764 2442 825 2469 ritis
841 2443 921 2475 est“,
935 2451 1016 2478 quam

231 2485 308 2512 solus
320 2484 403 2512 Pater
415 2486 490 2517 colit,
504 2486 551 2520 qui
567 2486 666 2514 laetitia!
679 2488 759 2516 nobis
769 2495 848 2515 uvam
862 2489 1015 2524 progenuit.

231 2530 280 2559 llic
295 2535 338 2559 est
352 2539 420 2566 aqua
434 2531 482 2558 illa
498 2532 565 2564 viva,
581 2541 660 2568 quam
677 2534 769 2562 sitiens
783 2534 859 2562 homo
872 2543 931 2561 cum
946 2535 1016 2562 bibe-

267 2620 275 2636 ²
291 2619 311 2647 ll
325 2620 393 2647 Tim.
413 2627 443 2651 tt,
456 2620 482 2648 5.
519 2621 530 2637 ²
542 2621 622 2650 Joan.
639 2631 659 2654 ι.
676 2617 719 2650 Η.
768 2623 779 2639 ³
795 2621 874 2649 Joau.
891 2631 910 2654 t,
923 2623 969 2650 4'5.

230 2655 241 2671 '
260 2653 376 2690 Philipp.
394 2663 424 2686 tt.
439 2656 463 2682 7.
511 2657 522 2673 ⁸
541 2657 608 2686 Luc.
625 2666 644 2689 ι,
662 2658 706 2684 42.
752 2659 763 2674 '
780 2658 856 2686 Joan.
873 2653 912 2689 vr,
930 2659 974 2685 5|.

1066 2262 1199 2297 γεννήσας
1222 2263 1297 2297 ἡμῖν.
1317 2258 1402 2292 Οὗτος
1426 2261 1459 2288 τὸ
1475 2261 1553 2295 ὕδωρ
1571 2261 1604 2288 τὸ
1625 2260 1700 2292 ζῶν,
1724 2260 1739 2286 ὃ
1756 2259 1854 2294 διψῶν

1067 2308 1221 2342 ἅνθρωπος
1236 2308 1345 2340 λαϐὼν,
1365 2308 1401 2334 οὐ
1419 2307 1543 2342 διψήσει
1557 2307 1650 2334 πάλιν
1662 2327 1669 2338 ,
1687 2307 1755 2334 ἀλλ’
1769 2307 1854 2333 ἐστιν

1067 2354 1102 2380 ἐν
1116 2353 1154 2387 τῇ
1168 2354 1265 2386 κοιλίᾳ
1280 2354 1373 2381 αὐτοῦ
1386 2354 1556 2388 ἀλλόμενσν
1571 2354 1614 2386 εις
1633 2352 1709 2386 ζωὴν
1722 2352 1852 2378 αἰώνιον.

1074 2399 1121 2426 Ἐκ
1138 2399 1232 2427 τούτου
1248 2399 1374 2431 λαϐόντες
1388 2399 1541 2435 μετέδωκαν
1556 2400 1580 2425 οἱ
1599 2397 1653 2425 νέοι
1675 2398 1792 2433 γεωργοὶ
1815 2397 1854 2428 είς

1068 2444 1114 2471 τὸν
1142 2444 1259 2480 κόσμον·
1285 2445 1394 2472 παλαιοὶ
1420 2444 1449 2471 δὲ
1476 2443 1593 2480 γεωργοὶ
1620 2443 1752 2478 ὲξήραναν
1767 2443 1788 2458 ¹⁸
1809 2441 1854 2468 καὶ

1067 2489 1194 2526 ἐφθειραν
1207 2489 1251 2515 διὰ
1264 2489 1510 2524 ἀπιστίαν.Λῖματι
1523 2489 1572 2524 μὲν
1587 2487 1668 2514 αὑτοῦ
1683 2487 1852 2521 ἁγιάζεται¹¹

1067 2535 1101 2562 τὰ
1115 2535 1193 2570 ἔθνη·
1214 2535 1352 2570 Πνεύματι
1375 2535 1403 2561 δὲ
1423 2534 1507 2561 αὐτοῦ
1532 2534 1588 2569 ἰδίῳ
1605 2533 1700 2568 ἀνάγει
1713 2534 1776 2564 τοὺς
1791 2532 1854 2566 κλη-

1021 2623 1032 2640 δ
1048 2623 1125 2650 Deut.
1142 2631 1229 2655 xxxii,
1245 2623 1271 2649 “2.
1314 2623 1324 2639 ⁸
1337 2622 1409 2649 Psal.
1427 2630 1502 2654 ικῐι,
1517 2622 1544 2650 6.
1589 2622 1600 2638 ⁸
1615 2621 1682 2648 Luc.
1702 2629 1721 2650 l.
1738 2621 1774 2647 54
1793 2629 1852 2656 sqq.

1025 2659 1047 2674 ιο
1062 2658 1146 2686 Exod.
1167 2667 1229 2690 xxx,
1242 2658 1287 2685 24.
1327 2659 1348 2674 ¹¹
1363 2657 1442 2685 Joan.
1462 2666 1506 2687 xv.
1521 2658 1546 2684 l.
1600 2658 1621 2674 ¹¹

1635 2665 1680 2691 γρ.
1696 2657 1744 2684 καὶ
1758 2657 1852 2691 Λόγος.

233 2690 255 2706 ¹¹
267 2699 313 2725 γρ.
334 2691 379 2728 καὶ
392 2691 508 2728 εἴδομεν.
546 2693 568 2709 ’⁵
581 2701 626 2727 γρ.
644 2692 727 2728 αὺτοῦ
744 2692 821 2725 αὔξει
836 2693 917 2728 φυήν,
957 2694 978 2710 ’³
990 2693 1014 2719 1)‹

1066 2714 1070 2720 .
1085 2694 1198 2726 aliquid.
1238 2695 1258 2709 "
1275 2693 1420 2728 Perperam
1433 2693 1598 2720 lnechzeresi
1614 2690 1649 2720 74
1660 2692 1696 2720 ita
1705 2691 1852 2728 leguntur:

227 2728 323 2761 δεχομ.
340 2726 385 2753 τὸν
404 2725 508 2758 ἐλπίδος
518 2725 642 2763 γεωργὸν
655 2727 743 2754 ὑετόν.
782 2729 803 2744 ι⁷
877 2725 965 2760 οὗτος.
1001 2729 1023 2744 ¹¹
1037 2737 1082 2764 γρ.
1100 2725 1147 2763 ea
1153 2737 1210 2764 ραν.
1250 2729 1271 2745 ¹⁹
1285 2725 1335 2764 rp:
1345 2729 1443 2756 ἑαυτοῦ
1457 2728 1576 2763 ἁγιάζει.

267 2803 306 2837 (5)
321 2805 579 2841 Προσλαεόμενον.
601 2804 729 2841 Petavius
751 2805 832 2832 vertit
846 2805 1011 2839 adjunctunt.
1026 2805 1191 2834 Thomasius
1210 2809 1303 2835 noster
1321 2810 1409 2834 totum
1432 2806 1505 2835 hunc
1533 2805 1724 2835 similitudinis
1758 2805 1856 2841 pluvia:

232 2838 322 2867 locum
344 2838 494 2868 Pctaviante
510 2839 742 2875 interpretationis
760 2838 923 2868 emendavit.
