1940 3043
75 182 125 210 137

781 180 947 210 ANCOBAT
952 180 1005 210 US.

1654 183 1707 211 138

74 230 137 260 τοὺς
164 228 206 260 εἰς
233 227 375 264 οὐρανούς.
401 227 488 256 Ὅσοι
518 225 565 255 οὖν
595 227 745 263 liv-stipati
770 228 864 256 αὐτοῦ

927 229 961 262 “it,
980 236 1033 256 non
1047 228 1119 255 sitiet
1141 227 1255 262 amplius
1271 247 1279 259 ,
1294 227 1338 255 sed
1349 227 1375 254 in
1388 226 1444 262 ejus
1456 234 1542 255 uentre
1557 236 1705 264 permanet.

74 272 208 307 ἄγονται,
220 269 293 299 οῦτοι
310 272 376 305 ζῶσι
391 272 451 308 Θεῷ
464 281 471 288 ”
487 273 545 299 ὅσοι
558 273 586 300 δὲ
601 273 641 299 ἔτι
662 273 670 289 ι
701 272 807 308 θανάτῳ
820 272 866 299 ls-

77 320 232 355 λογισμένοι
246 320 310 352 εἶσὶ,
321 320 433 356 ψυχικοὶ
446 320 505 356 ἤτοι
525 320 650 355 σαρκικοὶ
664 317 736 347 οῦτοι
754 319 867 346 καλοῦν-

74 375 130 393 ται.
147 366 244 392 Τοίνυν
265 365 373 392 ἀτεθεῐν
394 367 405 382 ⁸
432 366 467 393 τὰ
484 365 552 402 ἔργα
575 366 624 401 τῆς
646 365 746 401 σαρκὸς
761 355 867 401 ὀχυρώ-

77 421 151 448 ματα
165 412 231 438 ὅντα
247 412 297 448 τῆς
315 412 453 447 ἁμαρτίας
467 431 474 443 ,
495 411 608 448 νεκροῦν
632 412 661 439 δὲ
678 411 712 438 τὰ
737 411 804 447 μέλη
819 411 866 437 τοῦ

75 457 193 485 θανάτου
210 457 254 484 διὰ
268 457 319 492 τῆς
333 457 445 493 χάριτος
467 457 566 489 αὑτοῦ,
583 457 677 484 λαϐεῖν
698 457 728 483 τὸ
753 456 868 492 Πνεῦμα

75 503 154 537 ἅγιον
168 502 183 529 ὅ
195 503 246 529 οὐκ
263 503 387 538 εἴχομεν,
403 502 570 538 προστᾶσσει
580 522 587 534 ,
610 502 640 528 τδ
657 500 805 533 ζωοποιοῦν
818 501 867 536 ἐμὲ

73 549 120 576 τὸν
136 549 221 576 πάλαι
243 549 412 584 τεθνηκότα,
429 549 498 582 ὅπερ
520 549 558 584 μὴ
573 547 668 575 λαϐὼν
682 547 845 583 τεθνήξομαι
858 555 866 563 ⁸

74 594 138 629 δίχα
160 594 216 630 γὰρ
232 587 392 630 Πνεῦματος
407 593 490 620 αὑτοῦ
508 594 562 626 πᾶς
578 593 686 629 νεκρός.
709 595 745 620 El
764 594 868 620 τοίνυν

75 642 108 666 τὸ
133 639 258 674 Πνεῦμα
279 640 373 667 αὐτοῦ
386 640 421 667 ἐν
439 640 528 675 ἡμῖν,
547 641 564 667 ὁ
581 640 698 674 ἐγείρας
719 639 813 666 αὐτὸν
834 638 868 666 ὲκ

75 684 192 719 νεκρῶν
206 685 380 719 ζωοποιήσει
399 686 437 714 τὰ
452 685 547 720 θνητὰ
567 685 690 720 σώματα
703 685 805 720 ἡμῶν,
820 684 869 712 διὰ

75 730 130 757 τοῦ
147 730 340 764 ἐνοικοῦντος
357 732 531 765 Πνεύματος
550 730 586 757 ἐν
602 730 682 765 ἡμῖν,
701 728 870 765 ’Δλλόἶμαι.

76 776 221 810 ἀμφότερα
244 777 368 803 κατοικεῖ
391 777 419 803 ἐν
445 776 484 812 τῷ
509 775 646 812 ἀνθρώπῳ
669 775 708 812 τῷ
736 775 841 812 δικαίῳ,
857 776 871 802 ὁ

74 820 194 856 Χριστὸς
206 821 253 848 καὶ
265 821 295 847 τὺ
311 821 425 857 Πνεῦμα
439 821 534 849 αὐτοῦ.

918 275 1018 303 saliens
1040 275 1068 302 in
1092 275 1173 303 vitam
1192 274 1359 301 aeternam”.
1382 273 1424 301 Ab
1437 274 1490 302 hoc
1504 275 1568 303 novi
1580 276 1707 311 agricola!

918 321 1097 356 propaginem
1121 320 1262 356 capientes
1277 323 1336 347 toto
1356 319 1423 347 orbe
1443 325 1620 356 sparserunt;
1636 326 1708 350 rete

919 373 963 393 res
980 369 1071 392 autem
1092 365 1222 400 agricola:
1236 364 1359 392 evulsam
1375 368 1472 400 suapte
1490 364 1602 399 perﬁdia
1614 366 1706 401 proﬁi-

918 416 1029 446 garnnt.
1046 410 1149 438 Gentes
1172 410 1247 438 illius
1262 417 1360 437 cruore
1377 409 1601 443 sanctiﬁcantur;
1620 410 1666 437 ille
1680 415 1707 438 et

920 464 968 492 per
984 456 1117 492 Spiritum
1128 460 1254 484 sanctum
1270 463 1340 491 quos
1353 456 1462 483 vocavit
1475 455 1510 483 ad
1527 463 1641 490 regnum
1656 462 1708 482 em-

920 502 988 530 leste
1011 502 1147 537 perducit.
1174 502 1246 529 Sane
1267 502 1414 537 quicunque
1434 501 1482 529 Dei
1508 506 1625 537 aguntur
1649 500 1710 535 Spi-

920 548 975 575 ritu
985 549 1017 580 ”,
1028 548 1082 576 Deo
1091 549 1142 583 ipsi
1155 549 1267 580 vivunt;
1280 548 1437 583 quicunque
1451 555 1515 575 vero
1527 547 1608 574 morti
1619 547 1710 574 adhuc

921 593 1047 621 attributi
1066 597 1141 626 sunt,
1159 593 1292 621 animales
1307 594 1349 621 vel
1365 593 1490 621 carnales
1511 593 1603 628 potius
1617 593 1712 628 appel-

920 639 1024 667 lantur.
1039 639 1159 667 Proinde
1175 639 1267 667 carnis
1280 639 1454 674 exstinguere
1468 646 1549 674 opera
1565 639 1637 673 quod
1650 645 1711 665 mu-

921 686 1074 713 nimentum
1091 685 1227 721 quoddam
1243 688 1285 712 est
1295 684 1417 719 peccati,
1435 689 1462 712 et
1477 684 1601 711 membra
1615 684 1712 712 mortis

921 739 971 758 sua
990 732 1079 766 gratia
1101 731 1286 773 mortiﬁcare1
1305 736 1332 759 et
1347 730 1472 766 accipere
1496 729 1628 765 Spiritum
1648 738 1712 759 san-

921 781 995 804 ctum
1026 785 1081 812 quo
1106 777 1283 810 carebamus,
1310 777 1510 812 imperat:qui
1537 784 1581 804 me
1605 776 1712 811 pridem

922 826 1060 848 nmrtuum
1079 822 1217 849 revocavit
1231 822 1265 849 ad
1281 822 1382 855 vitam;
1398 829 1480 857 quem
1494 822 1549 850 nisi
1570 830 1711 858 recepero,

77 866 195 894 subinde
216 867 341 895 moriar:
360 875 422 895 nam
449 869 553 904 absque
573 868 633 904 ejus
651 868 756 904 Spiritu
781 868 896 904 quilibet
910 873 952 896 est
969 873 1105 896 mortuus.
1125 868 1228 902 Quodsi
1252 869 1369 903 Spiritus
1384 868 1439 903 ejus
1454 868 1481 895 in
1509 868 1583 896 nobis
1601 874 1652 901 est,
1668 869 1714 905 qui

77 912 203 938 excitauit
219 912 297 939 illum
320 920 337 939 α
357 914 480 944 mortuis,
503 914 646 949 viviﬁcabit
667 914 793 941 mortalia
824 921 937 948 corpora
957 918 1050 940 nostra
1073 922 1122 948 per
1143 914 1336 940 inhabitantem
1365 912 1496 946 Spiritum
1526 913 1584 948 ejus
1614 915 1641 941 in
1662 923 1712 942 uo-

75 958 116 985 bis
128 959 162 986 “.
179 958 282 986 Verum
303 959 385 987 ambo
405 960 431 987 in
446 961 532 995 justo.
559 967 588 988 ut
607 961 716 996 opinor,
731 961 867 994 habitant,
883 960 1010 988 Christus
1029 960 1145 996 ejusque
1160 960 1292 996 Spiritus.

112 1005 172 1033 ΞΖ’.
185 1007 217 1033 Ei
226 1007 255 1033 δὲ
263 1007 379 1043 Χριστὸς
388 1008 418 1034 ἐκ
427 1009 473 1034 τοῦ
482 1009 588 1044 Πατρδς
597 1008 827 1040 πιστεύεταιθεὺς
843 1010 874 1035 ἐκ

961 1007 1066 1035 LXVII.
1087 1008 1146 1035 Jam
1158 1016 1221 1036 vero
1233 1016 1294 1036 cum
1307 1009 1434 1036 Christus
1443 1016 1457 1035 a
1470 1008 1551 1036 Patre
1561 1008 1711 1044 profectus.

77 1051 158 1085 Θεοῦ,
173 1053 220 1079 καὶ
232 1053 263 1079 τὸ
277 1053 389 1089 Πνεῦμα
403 1055 435 1081 ὲκ
451 1055 497 1081 τοῦ
511 1055 629 1091 Χριστοῦ
640 1076 648 1088 ,
665 1055 682 1091 ἢ
705 1056 771 1091 παρ’
788 1056 874 1090 ἀμφο-

78 1097 167 1132 τέρων
181 1097 232 1132 (6),
245 1098 282 1130 ὤς
298 1108 379 1134 φησιν
393 1100 539 1135 ὁΧριστός·
558 1102 593 1127 ’⁵0
607 1101 686 1135 παρὰ
697 1101 750 1128 τοῦ
760 1101 873 1135 Ματρὸς

79 1143 273 1177 ἐκπορεύεται
287 1164 294 1175 ,
319 1144 366 1171 καὶ
378 1165 386 1178 ,
405 1143 500 1178 Οὗτος·
513 1145 547 1172 ἐκ
568 1147 621 1174 τοῦ
634 1146 707 1182 ἐμοῦ
720 1147 853 1182 ,λήψεται
865 1154 871 1161 ·

80 1191 94 1216 ὀ
117 1190 147 1217 δὲ
167 1191 287 1227 Χριστὸς
313 1193 345 1218 ὲκ
361 1193 520 1229 Πνεύματος
536 1193 627 1228 ἁγίου,
646 1193 760 1228 ἀγγέλου
779 1194 872 1228 φωνῇ,

82 1237 181 1263 συνιῶν
215 1237 254 1272 τῷ
281 1237 456 1274 λυτρουμένῳ
481 1239 491 1255 ⁸
516 1249 551 1275 με
580 1239 720 1275 μυστηρίῳ
737 1261 746 1273 ,
773 1239 873 1271 πίστει,

80 1282 150 1318 ἁκοῇ
169 1283 238 1320 μόνῃ
250 1303 257 1315 ,
271 1284 345 1320 φιλίᾳ
363 1285 431 1320 προς
442 1285 486 1312 τὸν
497 1285 608 1312 ἐλῠόντα
621 1285 687 1321 πρός
700 1294 744 1320 με.
763 1284 875 1311 Ἑαυτὸν

80 1328 137 1364 γὰρ
158 1330 172 1356 ὁ
186 1329 252 1361 Θεὸς
267 1330 414 1364 γινώσκει,
436 1331 532 1358 ἑαυτὸν
553 1332 669 1368 Χριστὸν
691 1331 701 1347 δ
730 1331 874 1366 κηρύσσει,

81 1375 164 1401 ὲαυτδ
187 1375 218 1401 τὸ
233 1375 346 1410 Πνεῦμα
361 1375 391 1402 τὸ
410 1375 486 1409 ἅγιον
507 1376 583 1412 δηλοῖ
600 1377 655 1408 τοῖς
672 1375 770 1410 ἁγίοις.
786 1375 832 1402 Ἐν
846 1374 875 1401 δὲ

80 1417 206 1453 Γραφαίς
224 1418 315 1453 ἁγίαις
329 1419 414 1454 Τριὰς
428 1420 494 1455 ἡμῖν
514 1420 728 1455 καταγγέλλεται
740 1440 748 1451 ,
768 1420 815 1447 καὶ
828 1430 875 1448 πι-

82 1463 217 1497 στεύετε,
249 1465 445 1500 ἀπεριέργως,
484 1466 664 1500 ἀφιλονείκως
698 1467 876 1501 συνθημάτων

80 1509 169 1544 ἀκοῆς
183 1510 193 1525 ⁸
214 1510 265 1545 (7).
287 1510 336 1537 ‘Eu
349 1511 465 1543 πίστεως
480 1512 581 1547 ταύτης
595 1513 611 1547 ἡ
631 1512 750 1548 σωτηρία
763 1513 813 1547 τῆς
828 1512 877 1548 χά-

83 1563 175 1590 ριτοςο
190 1556 243 1582 Ἐκ
260 1556 390 1589 πίστεως
407 1558 426 1591 ἠ
443 1557 622 1591 δικαιοσύνη
642 1558 732 1592 χωρὶς
747 1559 841 1593 νόμου
855 1558 876 1585 ⁸.

83 1601 246 1636 Γέγραπται
259 1622 266 1634 ,
282 1602 311 1634 ἐξ
334 1603 418 1638 ἀκοῆς
435 1603 553 1635 πίστεως
568 1603 599 1630 τὸ
614 1603 726 1639 Πνεῦμα
746 1603 793 1630 τοῦ
812 1605 878 1640 Χρι-

83 1647 149 1674 στοῦ
163 1647 283 1675 δεδοσθαι
300 1649 356 1680 τοῖς
371 1648 545 1684 σωζομένοις.
563 1649 650 1685 Πιστη
675 1649 704 1676 δὲ
729 1650 744 1684 ἡ
763 1649 877 1676 καθόλου

926 1053 998 1081 Dens
1013 1053 1140 1081 videlicet
1164 1061 1179 1081 a
1206 1053 1261 1081 Deo
1284 1054 1425 1088 credatur,
1442 1057 1469 1081 et
1491 1054 1537 1081 Dei
1562 1053 1712 1088 Spiritusa

926 1099 1046 1133 Christo,
1067 1104 1160 1135 utpote
1179 1101 1224 1134 qni
1247 1100 1281 1127 ab
1301 1104 1418 1135 utroque
1434 1099 1575 1135 procedit:
1598 1099 1624 1126 id
1640 1099 1713 1134 quod

924 1146 1052 1174 Christus
1069 1145 1126 1181 ipse
1143 1149 1277 1174 testatur:
1299 1145 1351 1179 Qui
1365 1154 1381 1172 α
1402 1145 1483 1172 Patre
1496 1145 1656 1179 procedit”,
1671 1145 1714 1172 in-

925 1192 1042 1227 quit;et,
1058 1193 1109 1219 Hic
1123 1192 1155 1219 de
1170 1201 1225 1220 meo
1239 1192 1349 1227 accipiat
1362 1191 1402 1220 “2
1424 1199 1541 1226 cumque
1561 1192 1687 1219 Christus
1699 1200 1714 1219 e

926 1237 1031 1272 Spiritu
1049 1243 1146 1266 sancto
1156 1242 1237 1266 natus
1250 1238 1286 1265 sit
1300 1247 1307 1264 :
1325 1237 1402 1270 Quod
1416 1239 1488 1265 enim
1504 1240 1529 1264 in
1543 1240 1602 1272 ipsa
1619 1242 1670 1270 est,
1682 1238 1714 1264 de

926 1282 1028 1317 Spiritu
1045 1288 1137 1310 sancto
1153 1288 1244 1310 uatum
1264 1288 1314 1315 est,
1334 1288 1362 1310 ut
1380 1284 1468 1320 angeli
1485 1284 1576 1312 verbis
1595 1288 1657 1311 utar
1671 1285 1713 1312 “'2

925 1329 1088 1364 mysterium
1111 1329 1177 1356 illud
1200 1337 1250 1364 per
1273 1329 1346 1364 quod
1375 1337 1435 1357 sum
1464 1330 1637 1365 redemptus,
1663 1330 1715 1358 ﬁde

927 1378 1010 1409 atque
1023 1375 1118 1402 auditu
1140 1375 1275 1402 duntaxat
1296 1375 1438 1411 intelligo:
1458 1380 1515 1403 tum
1539 1384 1632 1404 atnore
1651 1385 1715 1413 erg:

927 1419 1004 1447 illum
1017 1428 1050 1447 ac
1069 1419 1270 1452 benevolentia,
1284 1422 1332 1456 qui
1357 1421 1390 1449 ad
1406 1429 1450 1450 me
1464 1430 1550 1457 usque
1564 1422 1714 1450 descendit.

927 1465 1000 1493 Deus
1016 1466 1088 1493 enim
1113 1466 1233 1501 seipsum
1253 1467 1404 1502 cognoscit,
1429 1467 1556 1495 Christus
1573 1476 1635 1496 sese
1648 1476 1718 1504 pra:-

927 1510 1016 1543 dicat,
1040 1511 1162 1545 Spiritus
1187 1516 1301 1538 sanctus
1322 1511 1440 1546 denique
1463 1512 1584 1547 seipsum
1610 1512 1645 1539 iis
1669 1513 1716 1548 qui

927 1555 1001 1589 digni
1010 1560 1074 1583 sunt
1084 1556 1214 1584 ostendit.
1225 1556 1310 1583 Porro
1323 1557 1409 1585 sacris
1423 1557 1449 1583 in
1463 1557 1574 1585 Litteris
1592 1557 1717 1586 nuntiata

927 1602 1008 1629 nobis
1027 1606 1070 1629 est
1099 1601 1214 1637 ﬁdeique
1233 1606 1335 1630 nostra:
1352 1603 1491 1638 proposita
1509 1603 1632 1632 Trinitas
1645 1613 1652 1631 :
1664 1605 1716 1640 71

929 1648 956 1675 in
967 1656 1020 1683 qua
1031 1648 1099 1675 nihil
1113 1649 1252 1676 curiosum
1264 1653 1316 1681 est,
1330 1650 1528 1677 contentiosum
1544 1650 1620 1683 nihil,
1635 1657 1718 1685 quam

83 1693 217 1728 κηρύκων
231 1693 323 1729 φωνὴ,
346 1693 416 1729 αὕτη
432 1695 611 1730 σημαίνεται,
632 1694 669 1726 ὡς
689 1694 775 1729 ἔγωγε
789 1692 874 1730 οἶμαι1

929 1702 962 1722 ex
974 1694 1067 1722 audita
1081 1698 1185 1722 tessera
1195 1694 1383 1730 Symboloque.
1394 1695 1486 1723 didici.
1496 1695 1602 1731 Quippe
1613 1703 1645 1723 ex
1660 1697 1718 1731 ipsa

85 1739 291 1774 κατηχούμενος
308 1740 341 1765 ἐκ
355 1740 481 1775 Γραφῶν,
493 1739 563 1774 Τρία
576 1740 651 1775 ἅγια,
665 1741 731 1776 τρία
751 1741 875 1774 συνάγια.

84 1784 150 1820 τρία
174 1784 320 1820 ἓμμορφα,
334 1785 397 1820 τρία
419 1785 583 1822 σύμμορφα,
599 1786 662 1822 τρία
681 1786 779 1822 ἐνεργὰ
790 1807 797 1819 ,
814 1787 877 1822 τρία

87 1831 218 1865 συνεργὰ.
233 1831 298 1866 τρία
313 1832 497 1858 ὲνυπόστατα⁷
509 1832 634 1868 ἀλλήλοις
648 1833 760 1859 συνόντα
771 1841 778 1847 ·
794 1832 878 1868 Τριὰς

85 1876 155 1912 αὕτη
171 1878 189 1912 ἡ
204 1877 271 1911 ἁγία
288 1878 428 1910 καλεῖται,
446 1879 517 1913 ’τρία
542 1878 606 1905 ὄντα
617 1899 625 1911 ,
647 1879 698 1913 μία
721 1879 875 1914 συμφωνία,

88 1923 138 1958 μία
151 1923 250 1958 eam;
261 1923 312 1958 τῆς
326 1923 411 1958 αὐτῆς
427 1924 521 1955 οὐσίας
532 1943 541 1954 ,
556 1924 606 1958 τῆς
619 1923 702 1959 αὐτῆς
718 1923 843 1958 θεότητος
853 1923 875 1955 ⁸,

86 1967 137 2002 τῆς
155 1967 241 2004 αὐτῆς
254 1967 430 1999 ὑποστάσεως
447 1968 501 2002 (8),
517 1968 598 2003 ὅμοια
613 1969 623 1984 ⁹
641 1967 672 1999 ἐξ
697 1967 806 2002 ὁμοίου,
824 1967 877 1993 ἰσό-

123 2048 133 2062 ¹
145 2055 191 2081 γρ.
213 2047 241 2073 δὲ
256 2047 303 2082 μὴ.
316 2046 366 2073 ἔτι.
403 2047 413 2061 ¹
425 2055 469 2080 γρ.
487 2047 578 2082 ἀθετεῖ
602 2050 629 2074 et
643 2046 746 2082 νεκροῖ.
784 2045 794 2060 ³
809 2053 854 2082 πο.
877 2043 959 2082 covini
977 2045 1008 2082 τὸ
1029 2044 1221 2082 λυτροιξμενον.
1258 2047 1269 2082 ξ
1284 2046 1483 2080 σοικΧριστός.
1528 2046 1538 2061 ⁵

879 2089 903 2113 Ῥ

85 2081 99 2098 ⁸
113 2080 167 2116 1p.
181 2080 269 2117 ἔργων
279 2080 372 2117 νόμου.
410 2082 421 2097 ⁷
438 2082 517 2108 Deest
531 2081 593 2116 τρία
605 2080 801 2107 συνυπῦστατα.
840 2080 851 2095 ⁸
868 2089 878 2141 γ

87 2121 126 2141 Iv.
146 2117 189 2141 13.
205 2124 253 2141 vn.
268 2117 313 2141 5“.
345 2117 365 2132 “
382 2115 463 2141 Rom.
484 2124 542 2141 vni.
559 2116 602 2141 l4.
642 2117 663 2131 "
678 2115 759 2141 Rom.
774 2123 831 2141 vui.
848 2115 860 2141 1

87 2121 126 2148 Iv,
146 2115 253 2148 ἰδίη-ιι,
268 2115 317 2143 5“.
345 2117 365 2132 “
382 2115 463 2143 Rom.
484 2115 602 2146 intuit.
642 2117 663 2131 "
678 2115 759 2142 Rom.
774 2123 831 2147 vm,
848 2115 860 2141 l

85 2155 109 2182 I,
124 2152 173 2179 20.
240 2152 262 2167 “
277 2151 356 2178 Rom.
372 2160 411 2184 tu,
428 2152 480 2184 20;
494 2152 554 2178 Gul.
575 2159 604 2184 tt,
625 2150 667 2178 lﬁ.

124 2210 166 2245 (6)
191 2210 229 2238 Ἢ
254 2210 322 2244 παρ’
337 2209 518 2245 ἀμφοτέρων.
538 2209 743 2245 Animadverte,
766 2217 879 2244 proces-

931 1738 983 1766 llde
994 1740 1089 1774 gratiae
1099 1740 1175 1768 salus
1188 1749 1194 1767 :
1214 1739 1257 1766 Ex
1279 1741 1330 1776 [ide
1339 1741 1457 1775 jaslitia,
1470 1741 1538 1768 citra
1549 1741 1611 1776 legis
1627 1749 1717 1776 opera.

930 1785 969 1812 uti
987 1785 1120 1821 scriptum
1139 1790 1182 1814 est
1195 1786 1226 1819 “,
1239 1794 1271 1814 cx
1287 1787 1357 1819 ﬁdei,
1372 1787 1598 1822 inquam,auditu
1620 1787 1653 1813 iis
1671 1787 1718 1821 qt.i

931 1831 1046 1858 salutem
1063 1832 1198 1864 obtinent,
1217 1831 1337 1867 Spiritus
1354 1832 1457 1860 Christi
1471 1832 1641 1859 conceditur.
1659 1832 1720 1858 Car-

930 1881 1018 1904 terum
1036 1882 1168 1911 quantum
1181 1885 1197 1904 e
1215 1877 1418 1912 Scripturarum
1438 1877 1582 1911 disciplina
1595 1877 1719 1912 judicare

928 1929 1052 1957 possum,
1072 1923 1208 1957 generalis
1221 1922 1266 1949 illa
1282 1923 1350 1951 ﬁdes
1367 1930 1525 1958 praeconum
1537 1923 1652 1950 vocibus
1670 1923 1718 1949 de.

929 1968 1050 1994 elaratur
1069 1967 1226 2002 ejusmodi:
1245 1967 1309 1996 Tria
1335 1975 1398 1996 esse
1423 1972 1531 2000 sancta.
1558 1968 1611 1995 tria
1637 1968 1718 1995 simul

1554 2054 1599 2079 γρ.
1613 2047 1718 2077 ἀκοαῖς.

906 2099 913 2107 .
934 2080 1083 2116 δυνάμεως.
1122 2081 1191 2116 fw.
1205 2081 1284 2116 ὁμοία
1300 2090 1306 2107 :
1321 2088 1347 2108 et
1363 2089 1422 2108 mox
1441 2081 1561 2116 ἰσότητα.
1603 2082 1623 2096 ¹⁰
1639 2080 1717 2108 Joan.

932 2115 952 2130 "
966 2115 1045 2143 .loan.
1063 2123 1108 2148 xv,
1124 2115 1168 2142 26.
1221 2116 1242 2130 ”
1259 2115 1338 2144 Joan.
1354 2125 1410 2148 xw,
1429 2117 1472 2148 li,
1493 2116 1534 2143 lo.
1588 2117 1609 2133 ¹³
1623 2116 1719 2146 Matth.

932 2209 1001 2245 senti
1024 2210 1051 2236 in
1078 2209 1138 2237 loco
1166 2209 1364 2245 aliquantulum
1393 2214 1528 2238 vetustate
1553 2210 1719 2238 labefactati.

86 2244 196 2274 sionem
211 2245 330 2281 Spiritus
341 2244 427 2272 sancti
451 2253 465 2272 a
487 2245 569 2272 Patre
585 2250 612 2272 et
626 2253 640 2271 a
655 2244 722 2271 ιιίιιο
737 2245 878 2281 conceptis
896 2247 916 2274 D
932 2244 1031 2281 Verum
1049 2245 1169 2281 etiamsi
1180 2244 1283 2273 diceret
1299 2246 1407 2279 aliquis,
1425 2246 1604 2280 Epiphaniam
1626 2253 1719 2273 vocent

87 2281 182 2309 verbis
198 2280 252 2308 illic
269 2280 450 2316 Epiphanium
467 2287 616 2314 agnoscere
637 2284 664 2307 et
691 2280 759 2307 satis
785 2286 877 2315 aperte

88 2324 244 2344 Insunuare.

124 2351 164 2385 (7)
188 2350 388 2385 Συνθγυιάτων
407 2349 510 2384 ἀκοῆς.
535 2350 686 2386 Depravata
713 2351 772 2386 ipsa
791 2355 876 2384 sunt;

87 2394 152 2422 quae
176 2394 209 2422 ex
227 2387 383 2422 conjectura
402 2389 491 2412 tamen
517 2393 570 2412 non
591 2385 760 2422 diﬂicilerést
784 2394 878 2422 emon-

87 2421 166 2449 dare.
185 2421 224 2448 Ita
237 2429 286 2448 nos
302 2421 432 2449 vertimus
445 2440 453 2453 ,
467 2421 546 2456 quasi
571 2424 662 2451 esset.
680 2421 806 2457 σύνθημα
828 2421 878 2456 τῆς

87 2457 184 2482 ἀκοῆς.
200 2456 300 2482 Ριςτλν.

87 2457 184 2488 ἀκοῆς.
200 2457 300 2483 Psnv.

125 2465 400 2527 ῗὲ)ς’¹ἷ;ῦαζξίαεως.
417 2489 593 2527 Hypostasim
608 2499 658 2526 pro
673 2491 828 2518 substantia
845 2499 879 2518 eo

90 2527 145 2554 loci
160 2534 268 2555 sumere
287 2526 393 2553 videtur
409 2526 577 2561 Epiphanius
593 2534 599 2558 ;
615 2534 665 2554 nec
676 2530 766 2553 tamen
782 2527 878 2554 endem

88 2570 174 2589 sensu
190 2566 217 2588 et
233 2562 410 2596 usurpatione
423 2581 430 2593 ,
445 2570 499 2596 qua
516 2562 609 2589 eodem
628 2562 655 2588 in
672 2561 731 2588 loco
744 2563 817 2596 ponit
835 2562 880 2587 οὺ-

88 2597 162 2624 σίαν.
183 2596 268 2623 Paulo
285 2596 400 2623 inferius
412 2597 445 2623 ad
458 2597 561 2623 calcem
578 2597 684 2623 muneri
701 2597 782 2630 hujus
796 2617 803 2627 .
821 2597 879 2624 sive

87 2632 200 2667 capitis.
215 2632 313 2659 iterum
324 2632 444 2659 oecurrit
459 2632 560 2667 mentio
577 2631 764 2663 ὑποστάσεως.
784 2632 815 2658 Et
828 2651 834 2661 .
850 2631 879 2658 ni

88 2666 233 2698 ﬁll’limur,
252 2666 386 2701 accipitur
414 2674 467 2693 non
494 2666 527 2692 ad
546 2666 726 2693 denotandam
748 2667 878 2694 substan-

89 2703 156 2729 tiam
171 2723 179 2735 ,
203 2702 251 2729 sed
272 2702 362 2736 petitis
377 2701 503 2728 ultimum
523 2701 587 2727 illud
613 2702 775 2736 substantia).
801 2709 880 2728 com-

90 2735 356 2777 plenientum,’guod
373 2744 516 2777 personam
531 2736 681 2777 appellant.
692 2735 731 2776 ,Νι
748 2736 878 2769 fallimur,

91 2771 221 2807 inquam:
245 2771 368 2799 videmus
391 2772 474 2807 enim,
492 2779 580 2805 neque
605 2771 747 2799 Petavium
763 2791 771 2803 ,
791 2779 880 2806 neque

92 2806 282 2837 'I'bbmasium.
298 2807 344 2842 qui
361 2814 432 2841 saepe
447 2806 550 2842 Petavii
568 2807 821 2841 interpretationem
838 2814 880 2833 re-

92 2842 218 2869 formavit
230 2863 239 2874 ,
254 2849 347 2869 vocem
364 2842 436 2869 illam
462 2841 497 2868 ad
514 2842 620 2869 numeri
647 2843 727 2868 linem
750 2841 879 2875 positam,

93 2876 240 2904 Latinitate
256 2877 358 2904 donare
373 2884 456 2903 zmSos
479 2884 550 2903 esse.
564 2876 603 2903 Ad
622 2884 679 2905 rem
695 2877 817 2903 eamdem
833 2883 880 2902 ac-

93 2913 164 2940 cedit
179 2916 206 2940 et
230 2912 352 2939 conditio
373 2911 501 2938 dictionis
527 2915 617 2941 textus
642 2911 785 2947 Epiphanii
811 2919 880 2947 pr'c-

234 2959 370 2989 PATROL.
391 2959 452 2989 Ca.
470 2957 498 2986 Χ
506 2956 584 2988 ΗΠ,

931 2280 1081 2306 ὑπόστασιν
1111 2280 1191 2306 modo
1213 2289 1262 2316 pro
1291 2281 1369 2316 οὐσίᾳ
1394 2285 1421 2308 et
1451 2285 1547 2307 natura
1572 2281 1719 2314 accepisse.

931 2317 1012 2342 modo
1030 2323 1079 2350 pro
1093 2323 1220 2350 persona.
1239 2316 1261 2342 is
1273 2316 1395 2350 profecto
1410 2317 1473 2343 neri
1490 2316 1557 2342 nihil
1579 2316 1720 2343 moliretur

932 2350 959 2385 in
979 2351 1125 2385 theologia.
1143 2351 1256 2377 Constat
1281 2351 1353 2377 enim
1376 2351 1465 2385 quarti
1483 2350 1610 2377 Ecclesia!
1628 2352 1720 2378 smeull

933 2359 959 2376 In
979 2359 1070 2377 inemo
1091 2359 1125 2377 ia.
1143 2359 1256 2377 consult.
1281 2359 1353 2377 enim
1376 2359 1465 2385 quarti
1483 2359 1610 2377 neruosus:
1628 2359 1720 2378 saeculi

932 2383 1042 2412 Patrum
1070 2359 1226 2412 grumorum
1248 2386 1397 2418 plurimos,
1430 2386 1538 2412 illorum
1564 2385 1646 2412 etiam
1673 2386 1720 2420 qui

931 2424 995 2447 ante
1011 2419 1154 2448 dimidiutn
1170 2420 1259 2455 quinti
1274 2420 1435 2450 ﬂoruerunt,
1450 2421 1544 2447 cadent
1564 2421 1618 2447 fere
1640 2419 1722 2448 usur-

932 2455 1041 2491 palione
1056 2460 1083 2482 et
1111 2463 1194 2491 sensu
1217 2455 1346 2482 adhibere
1361 2456 1542 2491 rconsuevisse
1558 2463 1638 2483 voces
1654 2456 1721 2482 ὑπό-

933 2490 1027 2522 στασις
1037 2494 1064 2517 et
1078 2490 1167 2520 οὐσία.
1180 2494 1325 2524 antequam
1340 2490 1440 2525 tibique
1453 2491 1574 2517 locorum
1587 2491 1723 2518 obtinuis-

932 2531 974 2553 set
990 2525 1062 2560 quod
1074 2526 1197 2559 exemplo
1213 2532 1263 2552 suo
1279 2525 1406 2557 concilia,
1422 2526 1592 2553 metttnenica
1611 2526 1723 2560 potissi-

933 2559 1018 2592 mum,
1045 2559 1376 2595 (‘mtstantinopoliIanum
1407 2561 1522 2596 primum
1554 2564 1580 2588 et
1608 2559 1723 2588 Chalce—

934 2596 1067 2626 donense,
1083 2595 1235 2622 docuerunt
1250 2615 1257 2627 ,
1285 2600 1314 2621 nt
1344 2596 1492 2627 ὑπόστασις
1506 2618 1511 2622 .
1528 2596 1656 2622 nimirum
1688 2596 1722 2623 ad

935 2630 1128 2666 denotandanr
1144 2638 1285 2664 personam
1311 2631 1494 2658 adhiberetur.
1517 2630 1641 2663 Constat,
1657 2636 1723 2666 quot

934 2665 1098 2700 quantisque
1112 2665 1234 2692 dissidiis
1263 2665 1307 2692 illa
1325 2674 1420 2694 \Ot‘lill]
1435 2666 1654 2700 nsurpandarunl
1666 2665 1722 2693 fin-

933 2700 1087 2735 constantia
1101 2700 1273 2727 occasionem
1292 2701 1406 2728 dederit.
1426 2701 1473 2728 Vel
1491 2709 1561 2727 llllllS
1574 2700 1722 2735 Gregorius

932 2734 1122 2762 Nazianzenus
1136 2743 1151 2762 ρ
1165 2743 1195 2763 re
1210 2739 1303 2763 nostra
1316 2736 1457 2763 declarare
1477 2736 1543 2763 illud
1568 2734 1671 2770 poterit
1690 2742 1722 2760 ea

933 2770 960 2798 in
975 2770 1099 2798 oratione
1112 2789 1119 2801 ,
1136 2778 1217 2805 quum
1236 2770 1272 2797 De
1289 2771 1412 2798 laudibus
1433 2771 1462 2797 S.
1485 2769 1724 2805 Athanasiirador—

934 2806 1024 2837 navit;
1041 2805 1085 2831 ubi
1102 2804 1157 2832 non
1173 2806 1252 2840 longe
1280 2813 1295 2832 a
1312 2807 1364 2834 line
1379 2807 1537 2833 memoratis
1553 2804 1726 2840 Sabelliano~

934 2848 994 2867 rutn
1007 2845 1034 2867 et
1047 2840 1211 2867 Arianorum
1223 2838 1489 2873 concertationibus,
1506 2841 1554 2871 ait,
1571 2838 1720 2874 perieulum

935 2875 1030 2906 fuisse,
1052 2883 1083 2902 ne
1108 2876 1178 2903 orbis
1206 2880 1338 2902 terrarum
1356 2877 1420 2910 ﬁnes
1444 2884 1498 2902 una
1525 2873 1722 2910 cunidsyllabis

935 2912 1161 2946 abrumperentur.
1182 2910 1311 2940 Videatur
1328 2908 1360 2938 et
1372 2911 1487 2946 epistola
1510 2908 1640 2945 synodica
1655 2914 1723 2935 con-

1537 2955 1556 2982 5
