1940 3043
77 107 134 136 H9

798 109 1018 138 ANCORATUS.

1669 107 1720 134 I50

77 165 252 202 πατριάρχαι
275 168 289 193 ὁ
313 167 436 203 ἀληθινὸς
454 168 548 204 Πατὴρ
571 168 722 204 ἀρξάμενος
746 169 793 196 τοῦ
810 168 877 197 εἶναι

934 171 1043 196 teruitas
1065 169 1089 196 in
1104 169 1175 196 uelis
1192 173 1218 195 et
1241 169 1267 195 in
1289 172 1360 195 terra
1373 169 1400 202 ",
1422 168 1479 196 sive
1499 176 1505 196 :
1531 167 1585 203 Ego
1607 167 1718 203 ﬁrmans

77 213 189 250 Πατὴρ,
206 213 223 248 ἡ
239 212 360 240 ἐκλιπών
380 222 445 240 ποτε
460 214 549 250 χρόνῳ
567 213 613 241 τοῦ
629 212 698 241 εἶναι
723 215 828 251 Πατήρ.
847 216 879 243 Et

75 261 134 295 γὰρ
156 260 272 295 ἄρχεται
295 259 342 286 τοῦ
369 257 438 287 εἶναι
460 259 566 296 Πατὴρ,
595 259 660 292 Υιδς
681 260 735 296 ἄρα
754 258 788 297 ἦν
814 270 879 288 ποτε

75 305 176 340 ἑτέρου
192 305 310 341 Πατρὸς,
329 304 381 341 πρὸ
401 305 446 332 τοῦ
464 303 532 333 εἶναι
555 306 636 333 αὑτὸν
660 307 772 342 Πατέρα
792 307 880 334 Μονο-

76 351 188 385 ymo-3;.
212 351 280 379 Καθ’
306 352 454 387 ὁμοιότητα
476 352 531 388 (Ξο)
554 352 582 378 δὲ
608 353 726 389 πατέρες
755 353 880 389 πατέρων

76 395 217 431 νοούμενα
235 396 244 412 ¹
261 396 354 430 τέκνα,
376 398 417 429 εἰς
440 397 553 431 ἄπειρον
575 397 620 424 τδν
644 398 752 434 ἀληθῶς
772 399 879 434 πατέρα

75 441 129 476 τῆς
153 441 349 477 ἀρχαιολογίας
370 442 460 478 εὑρεῖν
484 442 567 470 ἔστιν.
590 443 657 470 Οὐδὲ
683 443 720 476 ὡς
744 442 778 471 τὰ
800 445 880 472 λοιπὰ

75 486 162 513 τέκνα
177 486 261 520 θέσει,
276 488 290 514 ὀ
306 487 370 519 Υἱὸς
390 487 405 513 ὁ
421 486 556 522 ἀληθινὸς,
574 488 633 520 νέος
647 487 694 514 τοῦ
711 486 779 515 εἶναι
798 488 877 520 Υἱός·

76 532 102 558 ει
117 532 174 566 γὰρ
189 531 251 564 νέος
268 531 314 558 τοῦ
338 529 406 559 εἶναι
424 532 498 564 Υἱὸς,
513 530 547 568 ἦν
571 541 636 559 ποτε
659 533 753 569 χρόνος
769 534 812 560 ὅτε
830 535 880 561 οὐκ

75 574 110 613 ἦν
136 577 235 613 Πατὴρ
258 577 353 614 Πατὴρ
375 578 553 612 Μονογενοῦς.
582 579 648 606 Οὐδὲ
673 579 711 612 ὡς
740 579 774 607 τὰ
799 580 879 607 λοιπὰ

77 623 238 658 πνεύματα,
253 624 283 650 τὸ
298 623 411 659 Πνεῦμα
426 624 475 660 τῆς
491 624 619 661 ἀληθείας
636 625 744 653 κτιστδν
762 627 779 662 ἢ
803 635 880 662 ποιη-

77 670 133 696 τόν·
147 670 210 696 οὐδὲ
223 670 261 702 ὡς
272 671 296 697 οἱ
308 670 395 697 λοιποὶ
408 670 527 705 ἄγγελοι,
536 671 550 697 ὀ
561 671 611 707 τῆς
617 671 751 707 μεγάλης
762 672 880 707 βουλῆς

80 716 231 750 Ἀγγελος
255 714 388 742 καλεῖται.
406 715 440 742 Ἀ
467 715 516 751 μὲν
547 715 601 752 γὰρ
624 716 710 752 ἀρχὴν
734 716 781 743 καὶ
803 716 879 749 τέλος

79 759 144 795 ἔχει,
160 761 174 787 ὸ
191 760 214 787 δ’
237 760 270 788 ἂν
288 760 346 796 (21)
371 761 548 797 ἀνεπινόητον
576 761 632 798 ἔχει
652 761 702 798 τὴν
725 763 812 799 ἀρχὴν
833 763 880 790 καὶ

79 806 109 833 τὸ
124 806 242 842 κράτος·
258 807 306 833 καὶ
323 806 341 833 ἃ.
357 807 405 842 μὲν
422 807 512 839 κτίζει
528 807 562 835 τὰ
577 808 666 835 πάντα
688 808 727 840 εἰς
748 808 880 844 ἀπείρους

932 215 1044 247 tonitru,
1056 219 1082 242 et
1098 222 1190 241 creans
1213 214 1333 248 spiritum
1347 213 1368 240 '.
1389 212 1446 241 Non
1464 214 1535 241 enim
1555 218 1716 241 cmterorutn

932 265 1040 297 patrum
1057 259 1311 296 patriarcharumve
1323 267 1409 291 more,
1422 267 1501 287 verus
1518 259 1562 287 ille
1576 259 1657 296 Pater
1672 263 1719 286 aut

930 315 992 334 esse
1010 307 1091 334 Pater
1109 305 1258 341 aliquando
1274 305 1367 340 cmpit,
1386 309 1432 332 aut
1450 313 1593 340 progressu
1614 309 1718 340 tempo-

931 353 969 380 ris
984 360 1046 380 esse
1061 351 1224 388 quandoque
1243 350 1361 378 desinet.
1374 350 1441 377 Nam
1454 350 1476 377 si
1496 349 1575 377 Pater
1588 358 1648 377 esse
1661 358 1718 378 co:-

931 398 1012 434 perit,
1028 405 1146 425 necesse
1162 400 1204 424 est
1218 402 1247 424 ut
1259 395 1346 424 Filius
1357 396 1471 423 alterius
1484 394 1574 422 Patris
1587 395 1651 421 olim
1665 394 1720 422 fue-

931 445 976 477 rit,
996 447 1142 479 antequam
1158 443 1216 478 ipse
1233 446 1308 471 esset
1327 441 1465 478 Uuigeniti
1483 442 1577 468 Pater:
1594 440 1718 468 similiter

931 497 963 516 ac
974 493 1077 524 patres,
1100 489 1146 524 qui
1170 489 1235 515 dttm
1252 488 1444 523 intelliguntur
1461 494 1523 514 esse
1538 486 1583 512 ﬁlii
1599 490 1719 521 patrum,

931 534 958 562 in
978 534 1115 562 inﬁnitum
1132 541 1214 561 verus
1234 533 1349 568 originis
1368 535 1443 560 sator
1459 539 1490 559 ac
1505 535 1582 566 pater
1602 531 1719 558 iuvenirl

933 586 1032 618 potest.
1051 581 1143 617 Neque
1167 589 1232 609 vero
1250 587 1412 608 cteterorum
1432 580 1520 607 instar
1537 580 1652 606 ﬁliorum
1673 578 1719 614 qul

931 628 1078 663 adoptione
1096 626 1161 654 I'acti
1177 630 1251 660 sunt,
1265 634 1346 654 verus
1362 626 1446 654 Filius
1463 633 1558 653 recens
1572 629 1613 652 est
1632 624 1720 652 factus

930 674 1027 701 Filius.
1053 673 1181 708 Alioquin
1198 672 1270 700 enim
1294 676 1402 707 tempus
1417 670 1565 706 aliquando
1587 669 1648 702 fuit,
1665 677 1720 704 quo

931 719 1013 747 Pater
1026 719 1147 747 nondum
1164 723 1237 747 esset
1250 717 1390 754 Unigeniti
1405 717 1495 746 Pater.
1513 717 1565 745 Sed
1580 724 1667 751 neque
1682 716 1721 743 uti

931 766 1029 801 reliqui
1043 766 1169 801 spiritus,
1187 765 1311 793 veritatis
1322 764 1440 800 Spiritus
1453 767 1574 792 creatqu
1591 762 1721 799 quiddam

930 815 1028 840 estaut
1043 811 1160 845 factum;
1175 819 1263 846 neque
1278 815 1439 838 cmterorum
1452 811 1539 838 instar
1550 809 1719 844 angelorum,

79 851 192 883 αἰῶνας,
207 852 391 888 συνεργοῦντα
402 852 490 889 Πατρί
502 861 507 869 ’
523 852 541 880 ἃ
556 853 584 880 δὲ
607 853 728 886 κτίζεται
745 854 799 880 ἀπὸ
817 853 877 880 τού-

930 858 1018 893 magni
1035 858 1079 885 ille
1096 857 1203 885 consilii
1219 857 1332 892 Angelus
1347 856 1449 885 dicitur
1465 856 1485 883 ⁵.
1505 855 1646 891 Siquidem
1676 855 1719 881 illa

79 906 143 929 των,
158 897 197 929 ὡς
216 898 248 924 ἂν
262 897 380 925 ἐθέλοιε·
403 898 449 925 καὶ
471 898 489 925 ἃ
507 899 558 934 μὲν
576 898 700 935 λατρεύει
724 899 838 933 τούτοις,
860 899 878 926 ἃ.

79 944 107 970 δὲ
123 944 260 980 λατρευτά
285 944 337 971 ὑπὸ
363 944 418 972 τῶν
439 945 508 972 ὅλων
536 945 708 982 κτισμάτωνο
729 945 776 973 καὶ
795 945 812 972 ἃ
829 946 878 981 μὲν

81 991 154 1017 litat
180 990 216 1017 τὰ
236 990 386 1026 ποιήματα,
407 991 425 1018 ἃ.
442 990 470 1017 δὲ
495 991 544 1027 τὴν
568 991 638 1018 ἴασιν
664 991 795 1027 λαμϐάνει
812 999 880 1027 παρ,

81 1036 169 1063 αὐτῶν
181 1045 188 1051 ·
209 1036 256 1063 καὶ
269 1036 287 1063 ἃ
303 1037 351 1070 μὲν
367 1037 489 1072 κρίνεται
503 1037 563 1064 κατ’
575 1037 663 1070 ἀξίαν,
675 1037 693 1064 ἃ
707 1038 734 1064 δὲ
754 1037 802 1072 τὴν
818 1037 876 1073 κρί‹

81 1091 121 1110 σιν
138 1084 198 1119 Elei
211 1083 261 1118 τὴν
277 1083 399 1110 δικαίαν·
417 1083 464 1111 καὶ
478 1083 495 1111 ἃ
512 1084 561 1119 μὲν
578 1084 666 1120 χρόνῳ
679 1085 688 1100 ¹
715 1084 799 1116 ἐστὶν,
816 1084 834 1111 ἃ
847 1084 876 1110 δὲ

79 1128 128 1155 οὐκ
140 1130 170 1155 ὲν
184 1129 274 1165 χρόνῳ
286 1129 415 1165 τυγχάνει
426 1139 433 1145 ·
446 1130 494 1157 καὶ
507 1129 525 1156 ἃ.
538 1129 587 1165 μὲν
602 1128 713 1164 φωτίζει
725 1130 760 1156 τὰ
775 1129 874 1163 πάντα,

80 1174 96 1201 ἀ
120 1174 149 1201 δὲ
174 1175 321 1209 φωτίζεται
345 1175 397 1202 ὑπὸ
417 1175 534 1202 τούτων·
556 1176 603 1202 καὶ
626 1175 644 1202 ἃ
669 1175 718 1211 μὲν
739 1175 817 1202 καλεῖ
833 1184 877 1212 νη-

79 1220 158 1253 πίους
173 1221 214 1252 εἰς
228 1220 306 1256 ὕψος,
319 1221 337 1248 ἃ
351 1221 379 1248 δὲ
394 1221 517 1249 καλεῖται
539 1222 591 1248 ὑπὸ
604 1222 721 1248 τελείου·
738 1223 784 1249 καὶ
796 1221 813 1249 ἃ
827 1222 876 1257 μὲν

80 1265 221 1302 χαρίζεται
246 1268 348 1300 πᾶσιν,
378 1266 396 1294 ἃ
420 1267 448 1294 δὲ
476 1268 632 1304 χαρίσματα
655 1267 804 1304 λαμϐάνει·
830 1268 876 1294 καὶ

81 1312 207 1346 καθάπαξ
222 1314 318 1346 εἰπεῖν,
331 1313 349 1340 ἃ.
373 1313 424 1349 μὲν
447 1313 558 1349 ἐξυμνεῖ
573 1314 622 1350 τὴν
644 1314 774 1349 ἀγιότητα
790 1315 817 1341 ἐν
833 1314 878 1340 οὗ·

81 1360 170 1393 ρανοῖς
184 1359 306 1395 οὐρανῶν
323 1359 370 1386 καὶ
380 1359 483 1392 λοιποῖς
498 1360 624 1395 ἁοράτοις
637 1360 738 1392 τόποις,
759 1359 776 1387 ἃ
794 1360 821 1386 δὲ
835 1360 878 1393 ἐξ·

80 1403 237 1440 υμνούμενα
253 1403 287 1431 τὰ
304 1403 378 1440 δῶρα
390 1405 472 1439 ἀξίως
491 1405 606 1441 παρέχει
619 1407 675 1438 τοῖς
686 1405 780 1439 ἀξίοις.

931 904 1039 932 initium
1059 903 1159 930 habent
1175 907 1202 930 et
1219 902 1300 930 ﬁnem
1316 909 1323 928 :
1349 902 1406 930 IIJEC
1420 902 1474 930 duo
1487 902 1571 930 robur
1590 910 1622 929 ac
1644 901 1721 936 priu-

932 949 1051 984 cipatum
1071 949 1188 982 habent,
1204 956 1283 983 quem
1299 948 1372 975 nulla
1388 948 1550 983 cujusquam
1567 947 1720 982 intelligen-

933 995 969 1022 tia
987 995 1073 1030 possit
1089 994 1209 1029 assequi.
1229 993 1291 1021 llrec
1309 994 1436 1021 universa
1452 997 1643 1029 procrearunt,
1661 1000 1720 1027 quae

930 1049 992 1069 cum
1020 1040 1099 1068 Patre
1117 1048 1164 1075 per
1188 1040 1293 1067 inﬁnita
1313 1040 1412 1067 szecula
1428 1040 1611 1066 communiter
1630 1038 1719 1065 omnia

929 1087 1079 1114 moliuntur
1095 1095 1102 1114 :
1119 1090 1217 1113 caetera
1233 1085 1267 1112 ab
1281 1086 1334 1113 illis
1349 1090 1430 1121 prout
1452 1085 1519 1120 ipsis
1535 1084 1616 1116 libet,
1629 1091 1722 1110 crean-

929 1137 984 1160 tur.
1010 1133 1057 1159 Illa
1080 1133 1202 1160 serviunt
1227 1132 1260 1160 iis
1282 1136 1309 1159 et
1334 1132 1445 1165 colunt;
1473 1132 1515 1158 his
1545 1139 1558 1157 a
1587 1129 1722 1157 creaturis

930 1179 1058 1207 omnibus
1082 1179 1201 1206 servitus
1225 1178 1371 1213 cultusque
1388 1178 1528 1205 tribuitur.
1554 1176 1615 1203 Hrec
1630 1175 1723 1211 operi-

932 1225 983 1252 bus
1001 1224 1059 1251 suis
1084 1224 1247 1251 medicinam
1266 1224 1395 1251 adhibent
1412 1233 1418 1250 :
1443 1223 1488 1250 illa
1505 1222 1668 1250 medicinam
1688 1222 1722 1249 ab

931 1271 992 1298 istis
1014 1270 1164 1305 accipiunt.
1190 1268 1236 1295 Illa
1262 1277 1309 1304 pro
1332 1276 1382 1296 suo
1401 1276 1516 1304 quasque
1533 1268 1630 1294 merito
1646 1266 1721 1302 judi-

931 1315 1003 1342 cium
1034 1314 1174 1342 subeunt:
1204 1313 1261 1341 htcc
1287 1313 1393 1348 justum
1420 1315 1548 1341 exercent
1575 1312 1721 1347 judicium.

932 1359 995 1387 Haec
1009 1359 1036 1387 in
1048 1363 1169 1394 tempore
1183 1368 1189 1385 :
1207 1359 1252 1386 illa
1270 1362 1346 1386 extra
1365 1363 1471 1394 tempus
1486 1362 1558 1386 sunt.
1581 1357 1644 1385 lltec
1660 1358 1722 1384 uni-

933 1414 1012 1433 versa
1038 1405 1225 1433 collustrant:
1246 1405 1280 1432 ab
1302 1405 1344 1433 his
1360 1405 1405 1432 illa
1431 1405 1638 1432 collustrantur.
1660 1404 1723 1432 Ilmc

79 1451 199 1479 infantes
222 1451 256 1478 ad
281 1452 477 1481 sublimitatem
496 1458 610 1480 vocant:
638 1453 683 1480 illa
705 1461 718 1480 a
739 1453 860 1489 perfecto
884 1459 1027 1481 vocantur.
1051 1451 1112 1480 llaec
1134 1453 1288 1488 largiuntur
1317 1452 1468 1480 omnibus:
1489 1452 1533 1479 illa
1559 1451 1717 1478 muneribus

80 1497 246 1526 adiciuntur.
265 1499 306 1526 Ad
326 1507 460 1527 summam
490 1500 536 1528 illa
563 1500 590 1528 in
609 1501 686 1529 cmlis
705 1501 838 1528 cwlorum
859 1508 891 1529 ac
918 1500 1025 1528 caeteris
1056 1507 1115 1535 qua:
1137 1500 1225 1527 oculis
1259 1499 1393 1527 subducta
1417 1502 1499 1531 sunt,
1524 1499 1592 1526 locis
1621 1498 1723 1526 sancti-

80 1550 164 1574 tatem
182 1546 256 1573 illam
271 1546 504 1582 pradicautzhaec
514 1547 623 1576 illorum
640 1548 831 1583 praedicatione
844 1548 980 1576 celebrata
997 1555 1060 1574 cum
1077 1547 1166 1582 dignis
1183 1555 1234 1575 sua
1251 1547 1333 1583 digne
1349 1547 1420 1575 dona
1437 1546 1650 1574 communicant.

114 1595 176 1621 OB'.
197 1594 347 1630 Πνεύματα
368 1595 397 1622 δὲ
420 1595 553 1629 πλεῖστα,
570 1596 684 1633 φησὶ.νὴ
704 1597 815 1633 Γραφή·
845 1597 875 1623 '0

962 1594 1066 1623 LXXII.
1088 1596 1222 1623 Caeterum
1241 1595 1398 1631 complures
1420 1595 1534 1631 spiritus
1557 1603 1644 1623 sacra:
1658 1594 1717 1622 Lit-

80 1640 175 1668 ιοιῶν
191 1640 261 1674 τοὺς
281 1640 429 1675 ἀγγέλους
449 1641 542 1669 αὑτοῦ
559 1643 724 1677 πνεύματα,
740 1643 788 1670 καὶ
808 1643 878 1676 τοὺς

80 1686 279 1722 λειτουργοὺς
291 1687 386 1714 αὐτοῦ
400 1687 493 1722 πυρὸς
513 1687 628 1723 φλόγα·
647 1689 708 1722 καὶ,
726 1688 828 1716 Πάντα
843 1688 878 1716 τὰ

82 1732 250 1767 πνεύματα,
261 1732 371 1760 αινεῖτε
382 1732 436 1760 τὸν
446 1734 566 1768 Κύριον.
580 1734 745 1770 Χαρίσματα
754 1735 783 1761 δὲ
793 1734 878 1768 ἀξίοις

80 1778 181 1805 δίδοται
199 1777 363 1813 διακρίσεως
385 1779 557 1814 πνευμάτων.
573 1780 607 1806 *Α
625 1779 674 1815 μὲν
687 1780 741 1816 γὰρ
759 1781 877 1816 ἐπουρά-

84 1825 128 1852 νιά
142 1826 209 1856 εισι,
223 1825 354 1860 χαίροντα
366 1826 398 1860 τῇ
417 1825 545 1861 ἀληθείᾳ·
562 1825 580 1853 ἃ
592 1826 619 1852 δὲ
634 1826 754 1861 ἐπίγεια,
770 1827 878 1863 ἀπάτης

82 1872 128 1898 καὶ
151 1871 259 1907 πλάνης
279 1871 435 1907 ὲπιτήόεια·
449 1871 467 1898 ἃ
485 1871 513 1898 δὲ
532 1872 647 1907 ὑπόγεια
659 1892 667 1904 ,
692 1872 811 1899 ἀϐύσσου
831 1873 878 1900 καὶ

83 1915 200 1947 σκάτους
211 1916 306 1943 τέκνα.
323 1915 488 1949 adpetiti/tet
510 1916 576 1952 γὰρ,
589 1917 620 1944 τὸ
642 1916 809 1952 Εὑαγγέλιόν
827 1926 878 1952 φη-

83 1970 142 1994 σιν,
172 1961 225 1989 Ira
247 1961 291 1996 μὴ
319 1961 423 1996 πέμψῃ
446 1961 558 1994 αὐτοὺς
579 1963 624 1996 εις
646 1962 703 1996 τὴν
727 1961 875 1989 ἄϐυσσον.

87 2008 226 2040 Ὡσαύτως
244 2008 273 2034 δὲ
294 2008 341 2034 καὶ
357 2009 415 2039 τοῖς
431 2008 582 2043 πνεύμασιν
603 2007 735 2034 ἐπέτασσε
745 2010 758 2039 ,“
778 2007 825 2034 καὶ
842 2007 876 2034 τὰ

82 2053 230 2089 πνεύματα
246 2053 372 2086 ἑξεδίωκε
384 2052 525 2089 Mm),qu
539 2053 595 2080 οὐκ
610 2053 656 2080 εἴη
673 2052 876 2080 αὺτίίλαλεῑν.

82 2098 199 2131 Λέγεται
218 2097 247 2124 δὲ
271 2097 390 2133 πνεῦμα
418 2097 560 2131 κρίσεως,
584 2097 631 2123 καὶ
657 2096 775 2132 πνεῦμα
805 2097 877 2124 καύ-

81 2149 158 2176 cet-it;
171 2142 200 2158 ³·
220 2141 329 2178 λέγεται
358 2142 406 2170 καὶ
430 2142 548 2178 πνεῦμα
577 2142 709 2177 κόσμου’
731 2143 825 2178 Ἡμεῖς
844 2142 878 2169 δὲ
891 2148 910 2152 ‘

117 2221 126 2237 ί
146 2229 193 2256 γρ.
209 2220 342 2248 νοοῦνται.
373 2222 392 2256 7‘
408 2230 452 2256 rp.
471 2221 578 2256 χρόνου.
618 2220 628 2236 ³
645 2229 690 2256 7p.
711 2220 861 2253 καύσωνος.

81 2255 177 2319 ἶνΡείι.
189 2263 238 2290 cu,
253 2257 296 2284 I6.
347 2257 359 2272 ⁸
370 2255 441 2284 Psal.
456 2255 499 2289 et,
528 2256 555 2283 6.

111 2310 120 2323 ,
152 2313 159 2320 .

932 1645 998 1669 terte
1035 1648 1097 1669 esse
1121 1640 1276 1676 signiﬁcant
1293 1648 1300 1668 :
1317 1641 1370 1674 Qui
1394 1641 1477 1675 facit,
1494 1641 1599 1676 inquit,
1615 1640 1720 1675 angelos

931 1695 992 1714 suos
1009 1687 1137 1722 spiritus,
1163 1691 1189 1714 et
1212 1687 1348 1714 ministros
1367 1695 1430 1714 suos
1453 1687 1590 1722 [lentatum
1614 1688 1683 1722 ignis
1701 1688 1721 1715 ⁷.

924 1732 997 1760 1lem
1015 1743 1022 1761 :
1039 1733 1136 1761 Omnes
1159 1733 1287 1767 spiritus,
1304 1732 1411 1760 laudate
1432 1732 1575 1760 Dominum
1591 1733 1613 1766 ',
1636 1732 1683 1760 sed
1697 1736 1723 1760 ct

931 1778 966 1805 iis
985 1777 1038 1813 77
1055 1777 1100 1813 qui
1126 1777 1202 1813 digni
1218 1781 1301 1810 sunt,
1317 1778 1562 1805 discernendorum
1575 1778 1722 1812 spirituum

930 1824 1001 1851 dona
1016 1824 1173 1851 tribuuntur
1184 1824 1206 1850 ’.
1233 1823 1301 1850 Nam
1317 1823 1362 1850 alii
1381 1822 1507 1850 caelestes
1521 1827 1585 1850 sunt
1596 1823 1722 1858 spiritus,

931 1871 977 1905 qui
995 1870 1110 1897 veritate
1126 1869 1317 1902 delectantur;
1333 1869 1380 1896 alii
1394 1868 1508 1901 terreni,
1521 1868 1567 1902 qui
1580 1868 1722 1896 fraudibus

932 1920 960 1943 et
977 1915 1120 1943 erroribus
1139 1915 1251 1942 obnoxii
1279 1919 1361 1948 sunt;
1382 1914 1426 1941 alii
1446 1913 1562 1949 denique
1582 1914 1723 1941 subterra~

928 1962 984 1993 nei,
1000 1961 1101 1996 abyssi,
1122 1960 1352 1995 tenebrarumque
1370 1959 1426 1987 ﬁlii.
1443 1959 1563 1995 Rogabat
1578 1960 1650 1988 enim
1663 1979 1670 1991 ,
1692 1963 1722 1986 ut

930 2006 1105 2042 Erangelium
1119 2006 1166 2039 ait,
1180 2014 1211 2033 ne
1220 2014 1246 2034 se
1258 2007 1285 2033 in
1299 2006 1424 2041 abyssum
1439 2005 1584 2041 irejuberct
1599 2007 1632 2033 1".
1642 2006 1680 2032 Ita
1695 2010 1722 2034 et

930 2052 1074 2089 spiritibus
1095 2052 1246 2088 imperabat
1263 2052 1407 2085 Christus;
1430 2055 1456 2080 ct
1476 2052 1588 2087 spiritus
1606 2051 1718 2086 fugabat

931 2099 1027 2132 vcrho,
1046 2106 1096 2126 nec
1119 2098 1220 2126 sinebat
1237 2107 1280 2126 eos
1306 2099 1376 2133 loqui
1393 2099 1425 2125 “.
1440 2098 1594 2131 Quinetiam
1612 2098 1720 2132 spiritu:

929 2143 1038 2180 judicii,
1062 2150 1085 2172 et
1103 2145 1214 2180 spiritus
1227 2143 1331 2172 ardoris
1348 2144 1506 2171 nominatur
1523 2145 1553 2170 ".
1573 2143 1721 2178 Itidemque

909 2221 1033 2257 prhes.
1055 2231 1092 2249 In.
1113 2223 1139 2250 5.
1176 2224 1186 2239 '
1204 2222 1287 2250 Amos
1302 2231 1337 2255 tv,
1355 2223 1387 2248 t5
1397 2230 1428 2249 ex
1444 2229 1507 2248 ιη.
1546 2221 1556 2236 ⁸
1573 2221 1625 2248 Isa.
1638 2229 1678 2257 ix,
1693 2221 1719 2247 6.

607 2255 618 2272 '
645 2256 734 2284 lCor.
753 2264 803 2288 xtl,
826 2257 869 2289 I2,
894 2256 928 2284 I0
949 2255 1010 2293 sqq.

1636 2256 1657 2271 “
1668 2255 1719 2283 Isa.

1061 2259 1083 2274 ιο
1097 2257 1163 2286 Luc.
1179 2266 1226 2290 vn,
1241 2258 1285 2285 3|.
1358 2258 1376 2273 "
1393 2257 1477 2284 Marc.
1494 2265 1513 2290 l,
1527 2256 1570 2283 54.

117 2349 175 2385 (20)
186 2349 256 2377 Καθ’
271 2350 438 2384 ὁμοιότητα,
449 2352 502 2376 etc.
515 2348 644 2376 Petavius
657 2348 872 2383 interpretatur:

930 2348 1107 2385 Epiphanium
1122 2347 1258 2374 ἀντίθεσιν
1271 2347 1315 2374 hic
1327 2345 1499 2385 constituere
1510 2345 1581 2372 inter
1591 2345 1719 2385 spiritum

84 2385 170 2413 Porro
187 2384 361 2412 similitudine
374 2385 490 2420 quatiant
503 2388 609 2418 patrum
623 2388 710 2418 patres
723 2385 876 2420 intelligun-

84 2427 127 2448 tur
143 2428 200 2448 ειη
227 2420 289 2454 ﬁlii,
304 2424 327 2447 et
348 2420 374 2446 in
388 2420 521 2454 infinitth
541 2427 616 2446 verus
632 2420 741 2454 originis
755 2425 828 2446 sator
844 2428 876 2446 ac

83 2464 179 2491 pergis
196 2455 303 2489 perduci
323 2460 417 2490 potest.
439 2455 504 2482 Eam
521 2454 771 2489 interpretationem
790 2460 877 2482 muta-

83 2492 119 2518 vit
135 2490 312 2518 Thomasius.

118 2525 176 2559 (2|)
195 2525 221 2551 '0
235 2525 261 2551 δ’
274 2525 321 2552 ἄν.
336 2524 541 2552 Emendandum
554 2532 615 2552 esse
630 2524 719 2552 locum
731 2524 805 2551 illum
818 2532 877 2552 cre—

83 2561 152 2588 didit
176 2560 315 2592 Petavius.
334 2566 361 2588 et
384 2561 500 2588 fortasse
523 2568 584 2588 csse
604 2560 745 2592 legendum
764 2559 781 2587 ἃ
799 2560 821 2586 δ’
833 2561 876 2592 ἄν,

83 2595 314 2632 quemadmodum
327 2597 353 2623 in
367 2595 485 2632 Panario
499 2595 596 2629 legitur
611 2595 645 2622 ad
659 2603 734 2632 num.
753 2595 770 2632 8
789 2595 877 2632 hane-

84 2630 146 2659 seos
161 2631 206 2657 74.
223 2632 258 2658 At
274 2631 395 2666 suspicio
417 2638 477 2658 esse
498 2634 590 2666 posset
609 2630 788 2659 correctionis
804 2631 876 2658 illius

84 2667 185 2694 nullam
202 2666 298 2694 adesse
312 2665 514 2694 necessitatem.
534 2665 567 2692 Et
582 2666 656 2692 nulla
672 2665 779 2693 adesset
801 2666 823 2692 si
840 2666 876 2692 nil

84 2705 188 2741 vetaret
204 2702 270 2741 illu_d
283 2701 332 2741 6_8‘
344 2701 440 2741 re_l‘_crri
457 2701 596 2741 admagni
608 2701 875 2741 consiliiAngelum;

84 2737 122 2772 Ita
140 2740 171 2764 ut
186 2737 349 2772 gequivaleat
363 2736 476 2768 dicenti,
487 2736 501 2762 ὁ
518 2736 546 2772 se
562 2736 682 2772 μεγάλης
705 2735 802 2770 βουλῆς
811 2736 878 2772 ς’Λγ-

85 2771 172 2806 τιλος.
189 2770 326 2799 διὀιιιειιι
341 2772 418 2799 locus
428 2771 625 2804 emendandus,
641 2770 710 2798 ferte
728 2774 756 2798 ct
777 2770 877 2806 referre

85 2807 160 2834 illum
176 2813 231 2834 non
244 2807 416 2834 incommode
432 2813 574 2841 possemus
590 2807 624 2833 ad
643 2813 736 2834 vocem
755 2805 875 2841 Πνεῦμα,

87 2846 112 2870 et
130 2843 221 2879 legere
233 2843 263 2869 τὸ
276 2841 298 2868 δ’
313 2841 353 2869 ἄν.
379 2840 556 2870 Dissimulare
571 2846 660 2869 tamen
677 2848 731 2868 non
747 2840 877 2869 debemus

928 2380 1081 2413 inci-catum
1095 2386 1123 2411 ct
1133 2386 1261 2414 creatos;
1285 2385 1312 2409 et
1333 2381 1360 2408 in
1382 2380 1515 2408 orationis
1535 2383 1663 2407 contextu
1682 2382 1722 2410 uti

929 2419 1047 2455 plurium
1057 2425 1172 2455 numero
1182 2417 1203 2455 ἀ
1214 2417 1263 2452 μέν
1278 2420 1306 2455 et
1324 2416 1341 2443 ἃ
1360 2416 1398 2449 δέ,
1418 2423 1533 2455 quorum
1549 2415 1721 2455 alterttnt_re-

929 2449 1015 2482 fertur
1029 2453 1063 2481 ad
1078 2452 1113 2479 τὰ
1130 2449 1378 2486 λοιπάπνεύματα,
1392 2455 1419 2478 ct
1429 2451 1453 2477 oi
1474 2450 1563 2477 λοιποὶ
1600 2449 1721 2485 ἄγγελοι,

930 2487 1045 2515 alterum
1062 2487 1095 2515 ad
1112 2486 1241 2522 Spiritum
1257 2490 1392 2522 sanctum,
1403 2494 1485 2522 quem
1502 2486 1582 2522 paulo
1593 2487 1720 2522 superius

930 2494 1045 2515 atterum
1062 2494 1095 2515 ac
1112 2494 1241 2522 bpll‘lltlm
1257 2494 1392 2518 sanetum,
1405 2494 1485 2521 quem
1502 2494 1582 2520 paulo
1593 2494 1624 2512 su
1645 2494 1720 2514 erms

930 2525 1112 2558 appellaverat
1124 2522 1237 2558 Πνεῦμα
1246 2522 1295 2558 τῆς
1314 2521 1442 2558 ἀληθείας
1455 2525 1484 2558 et
1494 2521 1614 2558 μεγάλης
1622 2494 1730 2558 ἕουλῆξ

932 2556 1073 2593 Ἄγγελος.
1089 2557 1151 2585 llaec
1162 2557 1316 2584 Petarianze
1327 2556 1525 2593 emendationis
1541 2557 1624 2593 ratio:
1638 2556 1720 2593 quam

930 2590 1073 2629 probarem
1087 2600 1163 2625 sane,
1180 2592 1203 2620 si
1222 2593 1393 2629 exploratum
1414 2592 1479 2629 mihi
1498 2595 1586 2629 esset.
1604 2590 1721 2629 Epipha-

930 2627 976 2657 uio
996 2628 1073 2656 nefas
1089 2628 1174 2655 fuisse
1189 2628 1230 2655 vel
1252 2628 1345 2658 semel,
1368 2628 1395 2654 in
1419 2627 1552 2662 principio
1570 2627 1720 2662 praesertim

930 2665 1003 2692 illius
1016 2664 1188 2696 ἀντιθέσεως,
1204 2662 1335 2697 singulari
1355 2661 1469 2689 numero
1485 2662 1629 2696 appellare,
1646 2661 1718 2696 quod

930 2706 1023 2727 revera
1051 2699 1188 2734 singulare
1207 2701 1258 2725 cst.
1286 2697 1432 2733 Sequentia
1457 2697 1720 2734 νςιυ,ἀνεπινόηςτον

930 2735 986 2770 ἔχει
1008 2734 1058 2770 τὴν
1083 2732 1170 2770 ἀρχὴν
1188 2734 1233 2760 καὶ
1259 2733 1289 2760 τὸ
1308 2732 1418 2770 κράτος,
1439 2732 1537 2770 redde,
1552 2733 1721 2770 _in_e:t;c_og_ita-

931 2767 982 2797 bile
1004 2767 1080 2796 habet
1103 2767 1261 2804 principium
1288 2774 1313 2796 et
1327 2767 1534 2804 ’[ονιὶιιιιίὶιιεηιζ
1552 2767 1719 2804 Principium

931 2805 1069 2840 videlicot,
1083 2802 1137 2840 quo
1155 2802 1245 2840 magni
1260 2802 1365 2840 consilii
1382 2803 1501 2840 Angelus
1519 2802 1636 2840 Spiritus
1653 2807 1716 2828 san-

931 2845 992 2869 ctus
1005 2835 1133 2868 inell'abili
1149 2835 1229 2867 modo
1244 2847 1258 2867 a
1274 2839 1354 2867 Patre
1367 2844 1392 2867 et
1408 2835 1476 2866 Filio
1488 2835 1619 2873 procedit.
