1940 3043
91 132 144 159 153

804 136 1023 166 ANCORATUS.

1671 144 1727 173 155

127 187 188 216 Ol'.
215 190 247 218 Et
269 189 358 217 τοίνυν
374 191 455 225 παρὰ
474 192 529 220 τοῦ
547 193 663 227 Πατρός
681 193 884 229 ἐκπορεύεται,

972 194 1090 223 LXXIII.
1113 195 1210 231 Igitur,
1227 197 1250 225 si
1267 205 1283 224 a
1298 197 1379 225 Patre
1392 199 1541 233 procedit‘,
1557 204 1583 227 et
1607 199 1640 226 de
1652 209 1723 233 meo,

92 233 143 261 «at
158 235 193 262 ἐκ
206 235 260 262 τοῦ
273 235 357 270 ἐμοῦ,
373 237 455 272 φησὶν
468 238 482 264 ό
495 238 608 274 Κύριος,
619 239 751 274 λήψεται
761 251 767 257 ·
787 240 816 267 ὃν
831 240 884 276 γὰρ

90 281 193 316 τρόπον
217 281 317 314 οὐδεὶς
340 282 418 317 ἔγνω
436 283 489 310 τὸν
517 284 644 319 Πατέρα,
663 286 690 311 εί
707 284 751 320 μὴ
773 286 789 312 ό
806 285 884 319 Υἱὸς,

91 324 164 352 οὐδὲ
178 325 232 352 τὸν
245 326 323 357 Υἱὸν,
337 328 363 354 εί
377 327 420 362 μὴ
434 329 450 354 ό
462 328 563 362 Πατήρ
572 337 579 343 ⁸
596 329 668 356 οὕτω
677 329 769 365 τολμῶ
784 329 884 364 λέγειν,

91 372 132 398 ὃτι
148 372 209 398 οὐδὲ
239 372 269 399 τὸ
290 373 413 409 Πνεῦμα,
428 375 452 400 εἰ
473 375 511 410 μὴ
532 376 546 402 ό
574 375 669 411 Πατὴρ
698 375 744 403 καὶ
770 376 784 403 ό
802 376 885 410 Υἱὸς,

91 417 160 453 παρ’
177 414 208 444 οὗ
234 418 433 454 ἐκπορεύεται,
460 420 508 446 καὶ
524 421 588 456 παρ’
607 417 638 448 οὗ
665 421 814 456 λαμϐάνει·
840 422 887 448 καὶ

91 463 155 489 οὐδὲ
172 463 219 490 τὸν
238 464 299 490 rte»
317 466 424 493 καὶτὸν
442 467 561 503 Πατέρα,
579 469 603 495 εί
620 468 657 504 μὴ
679 469 709 495 τὸ
724 469 836 505 Πνεῦμα.
855 469 887 496 τὸ

92 507 184 541 ἅγιον,
201 508 231 535 τὺ
252 509 363 542 δοξάζον
375 510 495 546 ἀληθῶς,
511 512 542 538 τὺ
557 512 704 540 διδάσκον
717 514 754 541 τὰ
776 514 886 547 πάντα,

92 553 124 579 τὺ
136 555 312 588 μαρτυροῦν
327 555 394 590 περὶ
408 557 462 583 τοῦ
474 556 552 590 Υὶοῦ,
573 558 587 584 ὃ
604 558 683 593 παρὰ
705 559 758 586 τοῦ
772 559 887 593 Πατρός

92 599 142 625 καὶ
158 599 194 626 ἐκ
208 599 262 627 τοῦ
278 600 347 627 Υίοῦ
362 601 430 637 (25),
447 602 527 637 μόνος
538 603 635 638 όδηγδς
648 604 786 639 ἀληθείας,
797 605 887 640 νόμων

92 646 234 683 ἐξηγητὴς
250 648 346 682 ἁγίων,
361 650 548 684 πνευματικοῦ
561 651 643 685 νόμου
657 643 809 687 ὑφηγητῆῇ
822 660 888 688 προ-

97 693 193 727 ςητῶν
217 693 391 730 καθηγητὴς,
409 695 566 722 ἀποστόλων
587 696 756 729 διδάσκαλος,
772 697 887 732 εὐαγγε-

95 735 183 763 λικῶν
208 737 351 772 δογμάτων
374 739 495 775 φωστὴρ,
515 740 601 775 ἁγίων
620 741 759 775 ὲκλογεὺς,
778 742 836 776 φῶς
857 742 889 769 τὺ

93 781 223 817 ἀληθινὸν
248 783 277 816 ἐξ
299 784 427 820 ἀληθινοῦ
452 786 552 820 φωτός.
581 787 645 818 Υἱὸς
671 787 800 822 φυσικὸς,
824 787 889 819 Υίὸς

93 827 216 864 ἀληθὴς,
237 829 301 861 Υἱὸς
319 831 451 866 γνήσιος,
473 831 553 866 μόνος
571 833 605 858 ὲκ
628 832 709 868 μόνου
721 852 728 865 ,
747 833 795 859 σὺν
814 833 889 869 αὐτῷ

94 873 144 899 καὶ
165 873 197 900 τὸ
215 874 337 910 Πνεῦμα,
351 875 419 903 ἀλλὰ
440 876 553 912 Πνεῦμα
577 866 786 914 ὀνομαζόμενον.
804 866 888 910 Οῦτοξ
906 866 926 893 Β

94 919 109 945 ό
124 918 193 951 Θεὸς
205 920 385 956 δοξαζόμενος
402 922 431 948 ὲν
451 922 610 958 Ἐκκλησία,
633 924 728 960 Πατὴρ
753 924 808 956 ἀεὶ,
824 924 888 956 Υίδς

95 965 150 997 ἀεὶ,
171 966 286 1002 Πνεῦμα
312 967 390 1001 ἅγιον
417 968 462 995 ἀεί
469 977 476 984 '
498 968 600 1003 ὑψηλὸς
620 969 734 1005 ὑψηλοῦ,
754 970 802 997 καὶ
828 969 889 1005 ὕψι-

96 1019 170 1042 στος,
190 1011 283 1042 νοεοδς
298 1012 365 1047 (2i),
386 1012 465 1046 δόξαν
487 1013 557 1048 ἔχων
572 1014 736 1050 ἀμέτρητον,
753 1011 775 1048 ᾧ
792 1014 889 1041 ὑποϐέ-

95 1057 166 1092 ϐηκε
181 1058 217 1084 τὰ
233 1058 331 1084 κτιστὰ
346 1058 393 1084 καὶ
407 1057 442 1085 τὰ
455 1058 564 1095 ποιητὰ,
583 1060 752 1093 ἁπαξαπλῶς
767 1059 802 1087 τὰ
820 1060 890 1095 σύμ-

95 1110 188 1129 παντα
200 1103 333 1138 νοούμενα
348 1103 396 1130 καὶ
412 1104 595 1139 περιεχόμενα
612 1105 726 1132 ἕκαστα.
747 1105 847 1141 Θεότης
861 1105 889 1131 δὲ

98 1148 149 1183 μία
161 1149 190 1175 ὲν
202 1149 306 1185 Μωῦσῇ
322 1149 439 1184 μάλιστα
453 1151 678 1185 καταγγέλλεται,
696 1151 762 1182 δυὰς
774 1151 802 1177 ὲν
824 1159 890 1186 προ-

97 1195 199 1229 φήταις
213 1195 317 1230 σφόδρα
331 1196 507 1231 κηρύττεται,
525 1196 609 1231 Τριὰς
627 1196 655 1223 δὲ
671 1197 700 1222 ὲν
714 1196 891 1230 Εὑαγγελίοις

97 1240 281 1275 φανεροῦται,
303 1241 394 1268 πλεῖον
420 1242 490 1268 κατὰ
517 1243 630 1277 καιροὺς
654 1241 702 1268 καὶ
723 1242 820 1277 γενεὰς
841 1242 890 1277 ἁρ-

98 1283 220 1317 μόζουσα
236 1284 275 1319 τῷ
293 1284 390 1320 δικαίῳ
408 1286 449 1317 εἰς
470 1286 569 1320 γνῶσιν
594 1286 641 1313 καὶν
666 1287 766 1313 πίστιν.
788 1286 891 1318 Γνῶσίς

97 1337 125 1355 τε
139 1329 211 1365 αὕτη
225 1330 358 1357 ἀθανασία
371 1331 380 1346 ¹
390 1339 397 1346 ⁶
415 1333 447 1359 ὲκ
461 1332 580 1364 πίστεως
591 1332 699 1367 λέγεται
714 1333 794 1367 αὕτη,
808 1332 892 1359 υἱοθε-

98 1375 144 1401 σία
171 1374 286 1409 γίνεται.
318 1376 397 1403 Ἀλλὰ
426 1377 533 1412 πρῶτον
555 1378 691 1415 δικαίωμα
722 1379 823 1414 σαρκὸς
845 1379 891 1405 ὲκ-

98 1419 199 1454 φράζει
211 1440 219 1453 ,
239 1420 277 1452 ὡς
296 1421 440 1456 περίϐολον
454 1421 520 1448 ναοῦ
542 1422 588 1450 τὸν
605 1422 656 1455 ἔξω
671 1423 844 1459 διεγείρουσα
862 1423 891 1449 ὲν

97 1466 214 1501 Μωῡσῇ.
229 1465 348 1502 Δεύτερα
357 1468 366 1483 ¹
379 1467 408 1494 δὲ
421 1467 593 1503 δικαιώματα
608 1468 697 1504 ψυχῆς
716 1468 890 1504 ἐκδιηγεῖται,

98 1511 136 1543 ὠς
149 1511 183 1538 τὰ
201 1511 268 1546 ἅγια
283 1513 423 1548 κοσμοῦσα
435 1515 464 1541 ὲν
477 1513 585 1546 λοιπαῖς
605 1515 794 1550 προφητείαις.
804 1514 889 1550 Τρίτη

98 1557 127 1583 δὲ
146 1557 321 1593 δικαιώματα
334 1559 503 1594 Πνεύματος,
517 1560 555 1592 ὡς
575 1561 605 1587 τὸ
624 1560 780 1596 ἱλαστήριον
794 1561 840 1588 καὶ
857 1560 901 1587 τα

101 1603 185 1638 Ἀγια
204 1604 259 1630 τῶν
282 1605 367 1639 ἁγίων
389 1605 559 1641 ῥυθμίζουσα
578 1607 607 1633 ὲν
632 1607 810 1641 Εὐαγγελίοις
824 1606 892 1643 πρὸς

99 1650 261 1686 κατοίκησιν
287 1652 397 1687 ἑαυτῆς.
421 1652 527 1688 Σκηνὴν
547 1652 575 1679 δὲ
599 1652 689 1686 ἁγίαν,
714 1653 777 1679 ναδν
802 1652 891 1687 ἆγιον,

99 1695 146 1721 τὸν
161 1695 266 1722 δίκαιον
281 1695 336 1731 ἔχει
352 1696 431 1731 μόνον
445 1696 490 1723 τὸν
503 1696 617 1723 συνόντα
630 1696 745 1728 τούτοις.
763 1697 894 1723 Κατοικετ

101 1740 130 1766 δὲ
142 1742 172 1767 ὲν
185 1739 260 1775 αὐτῷ
274 1741 324 1776 μία
334 1741 429 1777 θεότης
441 1741 564 1777 ἄπειρος,
578 1741 626 1777 μία
639 1741 734 1777 θεότης
744 1741 892 1778 ἄφθαρτος,

104 1786 153 1821 μία
167 1785 264 1822 θεότης
274 1787 463 1822 ἁπερινόητος,
473 1787 676 1823 ἀκατάληπτος,
688 1787 893 1823 ἀνεκδιήγητος,

101 1832 230 1867 ἀόρατος,
253 1832 352 1867 ἑαυτὴν
370 1833 542 1867 γινώσκουσα
560 1833 643 1868 μόνη,
665 1833 765 1868 ἑαυτὴν
780 1833 896 1868 ἐμφανί-

103 1878 192 1910 ζουσα
207 1876 248 1910 οἷς
275 1878 410 1914 βούλεται,
427 1879 570 1915 μάρτυρας
595 1880 678 1915 ἑαυτῇ
706 1879 894 1915 διεγείρουσα,

103 1924 237 1957 καλοῦσα,
253 1924 446 1960 προορίζουσα,
469 1924 629 1957 δοξάζουσα,
646 1925 675 1958 ἐξ
695 1924 757 1960 ᾅδου
779 1924 894 1959 ὑψοῦσα,

104 1969 266 2004 ἁγιάζουσα,
285 1970 443 1997 ἑνοποιοῦσα
461 1970 542 1997 πάλιν
558 1970 626 2006 πρὸς
637 1970 688 2006 τὴν
703 1970 802 2005 ἑαυτῆς
817 1969 896 2002 δόξαν

104 2015 151 2041 καὶ
168 2015 261 2042 πίστιν
292 2015 326 2042 τὰ
340 2015 403 2051 τρία
426 2016 523 2049 ταῦτα,
542 2016 702 2051 ἐπουράνια,
725 2016 833 2050 ἐπίγεια
850 2015 897 2042 καὶ

104 2061 286 2096 καταχθόνια·
301 2062 421 2098 πνεῦμα,
434 2062 534 2098 ψυχὴν,
552 2059 658 2098 σάρκα·
671 2062 774 2093 πίστιν,
789 2060 895 2093 ἐλπίδα,

104 2107 235 2142 ἀγάπην·
252 2107 421 2143 παρελθόντα
432 2129 439 2140 ,
461 2108 613 2140 ἐνεστῶτα,
637 2107 767 2143 μέλλοντα
778 2115 784 2122 ¹
812 2107 898 2134 αἰῶνα

104 2153 215 2186 αἰῶνος,
235 2153 337 2186 αἰῶνας
356 2153 472 2187 αἰώνων,
496 2155 620 2182 σάϐϐατα
636 2154 792 2181 σαϐϐάτων·
815 2163 895 2190 περι-

936 241 974 267 ait
995 241 1136 273 Dominus,
1153 242 1246 276 accipit
1261 242 1289 276 δι,
1305 244 1534 278 quemadmodum
1563 255 1638 274 nemo
1652 247 1723 274 novit

937 286 1057 321 Patrem,
1074 288 1126 314 nisi
1144 287 1241 320 Filius,
1261 297 1341 323 neque
1352 288 1464 322 Filium,
1478 291 1529 317 nisi
1541 291 1620 319 Pater
1631 292 1642 308 ⁸
1657 302 1663 319 :
1685 293 1723 320 ita

937 333 1030 361 dicere
1046 333 1250 367 audc01Neque
1267 334 1398 369 Spiritum
1419 335 1494 362 novit
1508 337 1654 371 quispiam,
1669 337 1723 365 nisi

937 379 1022 407 Filius
1042 387 1058 406 a
1073 386 1127 414 quo
1140 379 1256 414 accepit,
1276 383 1304 406 et
1321 379 1402 407 Pater
1418 388 1433 407 a
1451 388 1505 415 quo
1518 382 1656 416 procedit;
1675 391 1725 411 ne-

930 433 990 461 que
1004 425 1103 453 Filium
1132 430 1159 453 et
1175 425 1284 454 Patrem
1308 426 1383 454 novit
1406 427 1507 462 aliquis
1528 428 1581 455 nisi
1604 428 1724 463 Spiritus

937 474 1066 504 sanctus,
1084 471 1130 505 qui
1149 479 1212 498 vere
1229 471 1349 499 celebrat
1372 479 1404 498 ac
1421 473 1571 507 praedicat:
1591 473 1637 508 qui
1650 473 1725 502 docet

937 516 1027 544 omnia
1044 517 1069 549 °;
1094 515 1139 550 qui
1159 517 1191 544 de
1210 516 1282 544 Filio
1310 518 1511 546 testimonium'
1540 519 1624 552 dicit,
1645 521 1693 555 qui
1709 528 1727 548 ιι

941 561 1021 589 Patre
1035 566 1062 589 et
1077 571 1093 588 a
1110 561 1181 590 Filio
1198 563 1316 597 procedit
1331 570 1341 590 :
1363 564 1439 592 solus
1450 564 1574 594 veritatis
1585 565 1651 598 dux,
1665 573 1728 594 san-

937 610 1043 633 ctarum
1058 605 1146 641 legum
1165 606 1300 642 interpres
1311 627 1318 639 ,
1335 607 1468 643 spiritalis
1487 609 1555 644 legis
1570 614 1726 644 enarrator,

937 651 1133 687 prophetarum
1168 653 1311 688 magister,
1347 654 1532 688 apostolorum
1565 659 1726 690 praeceptor,

937 697 1157 732 evangelicorum
1174 697 1330 733 dogmatum
1353 698 1397 725 fax
1422 703 1448 726 et
1464 699 1551 733 sidus,
1568 704 1728 728 sanctorum

938 741 1058 776 elector;
1076 749 1169 769 verum
1185 741 1277 770 lumen
1300 749 1316 770 e
1334 751 1399 770 vero
1416 743 1529 772 lumine.
1551 744 1636 773 Filius
1648 750 1728 772 natu-

938 787 1003 813 ralis
1016 791 1068 819 est,
1079 795 1159 814 verus
1167 786 1263 819 Filius,
1275 796 1420 823 germanus
1432 787 1527 821 Filius,
1539 790 1614 817 solus
1624 798 1640 818 e
1650 790 1726 823 solo;

939 840 1057 868 quocum
1081 837 1107 860 et
1125 833 1244 868 Spiritus
1264 838 1376 861 sanctus
1393 834 1570 870 coniungitur
1584 845 1590 862 ε
1606 836 1651 871 qui
1668 835 1730 871 Spi-

939 878 1010 905 ritus
1027 877 1137 913 proprie
1160 877 1329 904 nominatur.
1344 877 1392 905 llic
1409 877 1454 905 ille
1472 877 1544 906 Deus
1563 879 1589 905 in
1608 878 1730 906 Ecclesia

939 923 1112 950 celebratur:
1133 929 1240 957 semper
1255 921 1346 956 Pater,
1370 930 1477 957 semper
1503 921 1600 956 Filius,
1622 930 1730 958 semper

940 967 1058 1003 Spiritus
1078 972 1209 1000 sanctus;
1225 968 1352 995 excelsus
1372 968 1406 995 ab
1423 968 1547 1001 excelso,
1566 969 1620 995 imo
1635 968 1731 996 celsis-

939 1015 1043 1048 simus;
1074 1015 1120 1049 qui
1149 1013 1312 1049 intelligibili
1347 1013 1432 1049 gloria
1459 1019 1485 1040 et
1518 1013 1628 1048 quidem
1670 1013 1731 1039 inﬁ-

940 1060 997 1087 nita
1014 1059 1144 1094 praeditus
1165 1062 1206 1086 est
1221 1068 1228 1085 :
1245 1059 1289 1085 cui
1305 1062 1398 1086 creata
1417 1059 1509 1085 omnia
1529 1059 1652 1093 iactaque
1666 1061 1731 1086 sunt

940 1106 1052 1133 omnino
1068 1105 1203 1139 subjecta,
1223 1112 1284 1139 quae
1297 1105 1406 1140 quidem
1420 1105 1599 1140 intelligentia
1612 1112 1643 1131 ac
1656 1108 1731 1132 certa

941 1151 1198 1186 circumscriptione
1230 1151 1409 1178 deﬁniuntur.
1439 1152 1572 1179 Caeterum
1602 1151 1732 1181 divinitas

941 1204 995 1223 una
1011 1196 1081 1232 apud
1097 1196 1207 1232 Moysen
1228 1196 1407 1231 prmdicatur;
1425 1197 1549 1224 binarius
1570 1197 1597 1224 in
1615 1197 1733 1232 prophe—

941 1242 977 1269 tis
998 1242 1156 1277 dlligentius
1177 1242 1336 1274 nuntiatur;
1359 1241 1480 1269 Trinitas
1501 1250 1565 1270 vero
1592 1243 1620 1270 in
1644 1243 1733 1270 Evan-

941 1287 1019 1323 geliis
1044 1286 1212 1319 ostenditur;
1230 1294 1291 1320 qua:
1311 1294 1359 1321 per
1379 1290 1503 1321 tempora
1527 1286 1734 1322 generationes-

941 1340 995 1368 qu'e
1010 1332 1132 1367 singulas
1146 1331 1221 1366 justo
1240 1331 1275 1358 ad
1299 1332 1441 1360 scientiam
1460 1331 1594 1367 ﬁdemque
1616 1332 1733 1367 amplius

942 1378 1111 1404 conveniret.
1129 1376 1166 1402 Ea
1184 1384 1267 1411 porro
1279 1376 1494 1404 immortalitatis
1507 1377 1619 1404 scientia
1634 1385 1666 1404 ex
1683 1377 1734 1405 lide

942 1422 1000 1457 ipsa
1016 1422 1057 1449 vui
1079 1421 1226 1456 adoptione
1247 1422 1378 1449 nascitur.
1399 1422 1452 1450 Sed
1470 1423 1588 1457 primum
1601 1423 1735 1458 justiﬁca-

943 1467 1030 1494 tiones
1059 1467 1151 1494 carnis
1176 1467 1276 1498 edicit,
1299 1467 1374 1494 velut
1403 1468 1494 1502 templi
1519 1468 1653 1502 quoddam
1687 1476 1735 1495 es-

904 1513 1031 1558 ctcrius
1064 1517 1170 1547 septum
1198 1512 1225 1539 in
1252 1512 1345 1548 Moyse
1373 1512 1523 1540 fabricans.
1549 1513 1648 1541 Postea
1671 1521 1735 1541 vero

943 1558 1042 1585 anima:
1068 1558 1279 1592 iustiﬁcationes
1309 1560 1440 1593 exponit,
1472 1563 1602 1594 tanquam
1638 1564 1734 1586 sancta

942 1602 1065 1638 quaedam
1087 1603 1158 1637 apud
1185 1606 1299 1630 caeteros
1313 1603 1461 1637 prophetas
1477 1611 1622 1631 exornans.
1640 1603 1735 1631 Tertio

943 1647 1060 1683 denique
1077 1647 1288 1682 justiﬁeationes
1315 1647 1452 1683 Spiritus,
1474 1649 1553 1684 quasi
1576 1649 1736 1684 propitiato-

942 1694 1013 1721 rium
1028 1697 1055 1721 et
1072 1692 1173 1721 Sancta
1187 1697 1345 1721 sanctorum
1362 1695 1389 1721 in
1407 1694 1561 1730 Evangelils
1577 1695 1631 1730 79
1644 1695 1678 1722 ad
1693 1696 1737 1723 sui

943 1740 1113 1768 domicilium
1143 1741 1297 1769 instruens.
1318 1740 1353 1768 At
1377 1742 1465 1769 sancti
1485 1742 1654 1770 tabernaculi
1677 1743 1738 1770 loco

944 1787 1088 1822 sanctique
1104 1787 1208 1822 templi,
1231 1787 1336 1822 justum
1358 1787 1440 1815 habet
1467 1788 1555 1815 solum
1571 1788 1617 1823 qui
1633 1789 1660 1816 in
1678 1788 1739 1816 istis

944 1836 1081 1860 versatur.
1104 1832 1133 1859 In
1152 1832 1203 1859 hoc
1218 1840 1283 1860 vero
1307 1840 1361 1859 una
1379 1833 1468 1860 dcitas
1491 1833 1594 1860 habitat
1614 1833 1738 1866 inﬁnita,

945 1886 999 1905 una
1016 1879 1103 1905 deitas
1120 1879 1287 1912 incorrupta,
1306 1886 1359 1905 una
1378 1878 1478 1910 dcitas,
1494 1886 1554 1912 quae
1573 1878 1739 1913 cogitatione

945 1923 1053 1958 concipi
1085 1922 1314 1957 comprehendive
1341 1923 1383 1950 vel
1408 1922 1539 1957 explicari
1581 1927 1628 1949 aut
1652 1922 1739 1950 videri

946 1977 1000 1996 non
1021 1972 1126 2003 potest:
1143 1976 1203 2003 qua:
1220 1969 1337 2003 seipsam
1353 1969 1410 1996 sola
1427 1969 1579 2003 cognoscit,
1594 1973 1621 1995 et
1639 1968 1740 2002 quibus

947 2015 1073 2045 voluerit.
1090 2014 1228 2049 patefacit.
1253 2014 1354 2042 Eadem
1380 2018 1463 2042 testes
1483 2022 1548 2042 suos
1569 2014 1680 2047 excitat,
1696 2020 1741 2040 vo-

948 2065 1002 2092 cat.
1019 2063 1082 2088 ante
1095 2060 1235 2093 destinat,
1252 2060 1335 2087 aﬁicit
1348 2060 1434 2095 gloria
1448 2081 1455 2094 ,
1474 2060 1508 2088 ab
1525 2059 1622 2087 inferis
1637 2059 1739 2092 evehit,

948 2107 1118 2137 sanctiﬁcat,
1138 2110 1165 2133 et
1182 2107 1214 2133 ad
1232 2105 1347 2141 gloriam
1368 2106 1504 2141 ﬁdemque
1521 2114 1598 2134 suam
1613 2105 1665 2133 tria
1683 2106 1740 2132 haec

949 2153 977 2180 in
990 2160 1073 2180 unum
1087 2152 1158 2187 cogit
1171 2160 1202 2179 ac
1216 2153 1368 2184 consociat,
1383 2153 1518 2185 cmlcstia,
1536 2157 1643 2180 terrena
1654 2171 1662 2181 .
1677 2151 1741 2179 sub-

103 2201 192 2236 τομὴν
209 2201 321 2237 σαρκὸς,
342 2201 495 2237 περιτομὴν
515 2200 645 2237 καρδίας,
663 2200 815 2237 περιτομὴν
833 2200 893 2236 Χρυ

952 2204 1097 2232 terranea;
1114 2199 1250 2234 spiritum,
1267 2198 1400 2231 animam,
1416 2202 1498 2234 atque
1510 2205 1634 2231 carnem;
1648 2196 1738 2230 ﬁdem,

142 2297 150 2312 ‘
164 2305 212 2331 πρ.
234 2295 383 2326 ἀθανασίας
396 2305 403 2322 ι
419 2299 445 2323 et
460 2295 545 2331 αῦτῆς
560 2294 740 2331 οιυὶοθεῗσίας.
756 2329 765 2331 4
779 2294 795 2331 ’_
804 2302 846 2328 πρ,
859 2293 893 2319 δει

945 2301 995 2331 ην,
1012 2297 1038 2321 et
1052 2300 1114 2320 mox
1123 2292 1224 2328 τρίτον.
1264 2290 1274 2306 ³
1284 2289 1363 2317 Joan.
1373 2298 1417 2322 xv,
1427 2290 1474 2317 26.
1512 2289 1522 2304 ⁸
1539 2288 1617 2316 Joan.
1628 2296 1683 2322 xvi,
1698 2288 1741 2322 II,

106 2331 151 2360 l5.
169 2329 201 2348 '7‘
217 2331 313 2358 Matth.
331 2339 360 2363 ιι,
373 2330 418 2358 27.
459 2331 469 2346 ⁸
483 2329 562 2357 Joan.
581 2338 636 2363 xlv,
660 2330 704 2356 26.

143 2408 202 2444 (23)
223 2407 307 2444 Παρὰ
320 2407 374 2435 τοῦ
389 2408 515 2444 Πατρός,
530 2407 579 2434 καὶ
591 2407 626 2434 ἐκ
638 2407 692 2444 τοῦ
711 2407 789 2444 Υὶοῦ.
801 2407 833 2444 In
847 2407 902 2434 Pa-

108 2442 233 2471 nnrio‘ad
259 2451 402 2470 numerum
426 2443 460 2469 10
496 2445 631 2470 hereseos
645 2442 695 2474 'M,
716 2443 807 2470 locum
828 2443 901 2470 lumc

108 2479 146 2506 ita
161 2478 257 2505 Latine
270 2477 386 2505 reddidit
398 2477 535 2510 Petavius,
548 2479 592 2512 qui
608 2486 624 2503 ιι
642 2478 730 2510 Patre,
740 2479 784 2512 qui
799 2486 812 2505 ε
828 2477 901 2505 Filio

108 2514 237 2548 procedit.
254 2512 360 2540 Nemini
375 2513 487 2540 dubium
504 2520 566 2548 esse
587 2513 687 2548 poterit
700 2514 734 2540 ab
750 2513 901 2548 Epiphanio

110 2547 276 2575 catholicam
292 2549 432 2583 veritatem
445 2549 478 2575 de
491 2547 610 2583 Spiritus
622 2549 711 2575 sancti
727 2547 902 2583 praeessione

111 2591 126 2610 a
145 2584 228 2611 Patre
243 2588 269 2611 et
285 2591 299 2609 a
311 2582 379 2610 Filio
388 2582 532 2611 manifeste
550 2583 696 2616 insinuari,
718 2583 764 2618 qui
777 2583 809 2609 ad
827 2591 903 2610 ineri-

111 2622 165 2646 tem
192 2618 344 2653 respexerit
370 2618 461 2649 illius;
477 2626 524 2653 qui
542 2618 568 2645 in
588 2619 714 2653 praesenti
742 2618 825 2645 totius
849 2618 902 2653 vim

112 2652 248 2681 orationis
260 2654 327 2680 bene
342 2653 527 2688 introspiciat;
543 2652 595 2688 qui
605 2653 758 2688 uncininerit
774 2654 862 2688 ipsum
877 2652 905 2679 in

112 2689 304 2724 superioribus
327 2696 381 2715 non
400 2687 485 2716 seincl
505 2687 608 2724 dixisse
624 2687 756 2722 Spiritum
777 2691 903 2724 sanctum

114 2722 179 2751 oriri
197 2724 274 2759 παρὰ
290 2723 464 2759 ἀμφοτέρων,
483 2731 497 2750 a
512 2723 593 2751 Patre
603 2724 729 2759 videlicet
746 2726 773 2750 et
788 2722 902 2759 arFilio;

114 2759 160 2793 qui
188 2762 217 2785 et
239 2758 407 2794 'prmrorulis
424 2759 551 2786 habuerit
579 2758 903 2794 apuerraecosrPatrcs

114 2793 230 2828 ιιιυιι,ὲκ
246 2793 295 2820 τοῦ
312 2793 377 2819 Υἱοῦ
396 2793 681 2829 λαμϐάνεινηιέιίηᾱο
705 2800 735 2820 se
755 2793 855 2829 habere
871 2800 903 2821 ac

114 2830 186 2866 apud
202 2829 316 2857 Latinos
330 2827 444 2856 alterum
462 2827 645 2863 illud,aFilio
663 2827 812 2862 procedere.

755 2329 765 2342 "
781 2328 860 2356 Joan.
880 2337 923 2362 xv,
942 2328 987 2356 26.

990 2407 1046 2443 (24)
1066 2407 1194 2440 Νοερός,
1221 2406 1370 2441 intelligens
1384 2405 1454 2443 ,rvel
1481 2406 1583 2432 ratione
1604 2406 1742 2443 praeditus.

955 2441 1103 2470 ln‘hmresi
1117 2443 1166 2472 74,
1187 2449 1302 2469 numero
1327 2442 1374 2472 10,
1398 2442 1530 2475 legimus.
1546 2441 1642 2476 νοερὰν
1664 2441 1744 2474 δόξαν

957 2478 1044 2512 ἐχων-
1064 2485 1116 2512 qua
1134 2484 1196 2503 cum
1213 2476 1332 2503 dictione
1349 2477 1470 2511 apposuit
1488 2476 1533 2503 hic
1549 2475 1646 2503 Latina
1660 2477 1746 2504 inter-

957 2511 1079 2548 pretatio
1089 2513 1157 2548 bene
1168 2511 1310 2548 congruit.

993 2547 1050 2582 (‘25)
1069 2547 1151 2574 Ναὸν·
1161 2545 1256 2580 ἅγιον.
1271 2546 1300 2572 In
1315 2545 1432 2582 Ponario
1447 2545 1483 2582 ad
1501 2545 1590 2582 locum
1606 2553 1669 2573 mox
1680 2546 1745 2582 lau-

958 2580 1051 2609 datum
1075 2582 1208 2608 habemus
1232 2588 1288 2608 non
1303 2581 1383 2611 ναόν.
1406 2581 1454 2608 sed
1477 2580 1541 2606 λαὸν
1566 2580 1653 2614 ἃγιον.
1678 2581 1744 2608 Eam

957 2616 1106 2644 dictionem
1136 2616 1163 2642 in
1192 2616 1342 2647 Ancorato,
1363 2616 1421 2642 licet
1447 2615 1510 2641 ναόν
1532 2615 1675 2646 invenerit,
1690 2623 1745 2643 non

959 2653 1032 2682 λαόν,
1048 2651 1273 2685 interpretatione
1293 2658 1343 2678 sua
1359 2651 1455 2678 Latina
1476 2651 1601 2684 sequitur
1619 2649 1746 2678 Petavius

958 2688 1084 2715 scribens
1099 2695 1106 2713 :
1121 2687 1156 2712 Αι
1171 2686 1257 2713 sancti
1275 2687 1440 2713 tabernaculi
1459 2685 1527 2717 loco,
1546 2686 1681 2720 tenuique
1696 2694 1746 2719 po-

977 2723 1024 2752 ιιίί,
1039 2726 1092 2749 etc.

958 2730 1131 2792 missilium
1150 2756 1255 2792 θεότης
1274 2756 1405 2791 ἄπειρος.
1418 2755 1485 2792 Habe
1501 2755 1582 2792 verba
1604 2755 1702 2792 desunt
1716 2753 1744 2780 in

958 2788 1020 2820 loco
1039 2788 1217 2818 inoxlaudato
1231 2788 1365 2818 Punarii’:
1382 2788 1463 2818 habet
1478 2791 1504 2817 in
1520 2791 1650 2816 Ancorato
1665 2788 1746 2816 Petav

965 2829 1044 2861 vius;
1059 2834 1092 2855 ea
1119 2831 1210 2855 tamen
1225 2826 1371 2855 Latinitate
1384 2826 1496 2854 minimc
1506 2825 1617 2853 donavit
