1940 3043
208 142 259 172 155

914 141 942 168 S.
965 140 1133 168 EPIPHANII

1787 134 1836 162 156

204 210 292 238 spem,
314 201 498 235 charitatem;
518 200 673 237 praeterita,
701 201 863 236 praesentia,
884 201 996 234 futura;

1053 201 1095 228 τοῦ
1118 201 1146 227 ὲν
1160 201 1193 236 τῇ
1219 199 1368 227 ἀπεκδύσει
1383 198 1430 226 τοῦ
1458 198 1584 234 σώματος
1606 197 1659 224 τῶν
1684 197 1834 232 ἁμαρτιῶν.

204 248 335 275 saeculum
355 248 459 281 saeculi,
478 247 578 275 saecula
600 246 764 274 saeculorum
777 266 785 279 ν
806 246 918 274 sabbata
936 247 999 274 sab-

204 296 347 323 batorum:
367 295 604 323 circumcisionem
625 294 717 321 carnis
729 314 737 326 ,
756 293 994 321 circumcisionem

204 341 306 372 cordis.
318 340 558 368 circumcisionem
572 339 674 367 Christi
684 339 711 366 in
721 339 919 374 exspoliatione
934 346 996 366 cor-

205 388 280 422 poris
288 390 462 422 peccatorum
472 386 492 419 ';
503 385 620 421 denique
635 385 797 420 sibimetipsi
811 385 940 412 universa
949 392 994 412 re—

205 437 313 468 purgat.
326 436 381 459 tam
394 440 454 467 quae
472 431 558 459 videri
575 435 725 467 nequeunt,
741 439 823 466 quam
843 438 904 466 qua:
919 437 995 465 aspe

205 479 315 507 ctabilia
336 483 411 511 sunt,
428 478 542 506 thronos
556 497 563 510 ,
582 477 800 509 dominationes,
813 478 994 512 principatus,

205 528 364 559 potestates,
377 524 502 551 virtutes.
512 523 541 550 In
555 523 684 550 omnibus
701 530 766 550 vero
778 522 873 549 cadent
887 523 997 557 sapien.

206 570 242 596 tia
252 573 280 597 et
306 573 400 597 sancta
430 577 482 596 vox
501 577 515 596 a
545 569 631 604 gloria
653 569 680 596 iu
707 568 838 604 gloriam,
871 567 995 599 Sanctus,

1051 247 1173 274 Καθόλου
1191 246 1219 273 δὲ
1235 246 1416 282 καθαροποιεϊ
1432 245 1514 281 ἑαυτῇ
1530 245 1564 272 τὰ
1577 244 1675 284 παντα,
1688 243 1723 269 τὰ
1734 243 1837 279 ἀόρατα

1048 294 1095 320 καὶ
1110 293 1144 320 τὰ
1157 293 1254 328 ὁρατὰ,
1267 291 1388 328 θρόνους,
1404 291 1579 327 κυριότητας,
1591 289 1688 325 ἀρχὰς,
1704 287 1835 321 ἐξουσίας,

1048 338 1188 373 δυνάμεις.
1207 336 1252 364 Ἐν
1269 338 1337 364 πᾶσι
1351 336 1379 363 δὲ
1392 337 1410 373 ἠ
1428 328 1497 372 αὑτὴ
1514 335 1589 370 φωνὴ
1608 334 1675 369 ἁγία
1695 334 1748 361 ἀπὸ
1761 332 1838 366 δόξης

1049 384 1090 415 εἰς
1108 383 1197 417 δόξαν,
1212 383 1320 419 Ἄγιος,
1347 383 1440 418 ἅγιος,
1457 381 1540 417 ἅγιος
1564 380 1690 416 φωνοῦσα
1701 403 1708 413 ,
1730 379 1838 414 Πατέρα

1050 430 1078 457 ὲν
1093 429 1161 465 Υίῷ,
1186 429 1251 456 Υἰδν
1275 429 1305 456 ὲν
1328 428 1415 463 Πατρὶ
1437 429 1485 455 σὺν
1506 428 1576 463 ἁγίῳ
1604 426 1761 461 Πνεύματι·
1776 421 1799 459 ᾧ
1822 425 1838 459 ἡ

1048 475 1112 509 δόξα
1133 475 1181 502 καὶ
1207 476 1238 502 τὸ
1255 475 1357 511 κράτος
1374 475 1414 506 είς
1436 475 1499 506 τοὺς
1521 473 1621 506 αἰῶνας
1646 472 1700 500 τῶν
1723 471 1839 499 αἰώνων.

1056 522 1155 558 ’Δμήν.
1176 522 1231 548 Καὶ
1255 522 1315 557 ὲρεί
1335 521 1349 548 ό
1374 520 1447 547 οὕτω
1468 520 1623 548 ’πιστεύων⁸
1644 519 1770 551 Γένοιτο,
1794 517 1840 551 γέ-

1052 576 1124 594 νοιτο
1133 568 1139 594 !

205 623 324 650 sanctus,
341 619 471 645 ,ςαιιςηηι
495 618 671 650 exclamans,
688 624 719 644 ac
738 615 844 644 Patrem
873 617 900 643 in
923 615 1011 649 Filio,
1039 614 1137 642 Filium
1168 614 1196 643 it
1222 614 1302 641 Patre
1325 622 1388 641 cum
1416 613 1521 649 Spiritu
1547 618 1642 641 sancto
1664 611 1840 649 prmdicans:

205 663 251 691 eui
277 662 361 698 gloria
394 666 421 691 et
451 662 594 697 imperium
628 666 656 689 tn
691 663 790 689 saecula
818 661 993 688 saeculorum.
1014 660 1111 687 Amen.
1131 659 1162 686 Et
1182 660 1254 687 dicet
1270 660 1317 694 qui
1336 659 1373 686 ita
1386 659 1490 687 credit:
1507 658 1579 690 Fiat,
1593 658 1655 685 ﬁatl

241 715 360 744 LXXIV.
382 716 419 744 De
432 716 566 744 Trinitate
583 716 679 752 igitur,
700 720 728 744 et
751 716 847 744 eadem
866 715 958 743 Patris
970 719 998 742 et

206 760 269 788 Filii
289 768 320 788 ac
343 760 462 796 Spiritus
495 761 584 789 sancti
608 762 772 794 substantia,
791 769 842 788 nos
870 761 997 788 imbecilli

207 807 271 834 licet
293 814 326 833 ac
353 807 436 834 rudes
451 807 511 834 sine
532 807 588 834 ullo
605 806 667 834 fuco
685 807 922 842 cavillationeque,
942 814 997 833 non

207 855 237 877 ut
253 851 399 885 praestigiis
424 851 564 879 hominum
585 860 636 879 nos
653 859 867 887 opponeremus,
883 851 930 879 sed
953 858 998 878 ar-

207 898 317 924 cessitis
331 905 345 924 c
361 896 504 932 Scriptura
528 897 696 925 testimoniis
718 897 751 925 ad
775 905 872 925 eorum
894 897 940 932 qui
963 897 998 924 iis

208 942 246 968 uti
278 942 395 974 vellent,
429 942 568 975 fructum,
605 943 700 979 saltem
733 951 765 970 ex
797 947 872 978 parte
907 943 998 970 disse-

208 987 335 1019 ruimus,
364 995 419 1022 quo
443 991 470 1015 et
493 988 620 1016 ﬁdelibus
658 989 715 1016 haec
743 989 770 1015 in
802 993 928 1023 promptu
956 995 1000 1015 es-

207 1035 279 1063 sent,
295 1036 322 1059 et
335 1033 457 1061 inﬁdeles
474 1041 506 1061 ac
523 1034 664 1061 vanissimi
685 1034 811 1061 homines
833 1034 918 1061 refelli
939 1042 1001 1068 pos-

206 1082 277 1105 sent.
301 1077 376 1105 Fidei
403 1079 504 1114 quippe
531 1081 557 1107 iu
583 1078 686 1114 Spiritu
711 1085 808 1107 sancto
833 1088 929 1114 magna
960 1081 1000 1106 vis

206 1129 258 1156 est,
280 1132 341 1159 qua:
367 1125 454 1152 sacris
478 1126 607 1153 omnibtts
633 1126 659 1152 in
688 1125 799 1153 Litteris
827 1133 881 1152 non
904 1125 999 1152 eodetn

206 1169 288 1196 modo
315 1169 491 1203 praedicatur.
523 1169 577 1196 Sed
606 1171 738 1205 quoniam
771 1171 871 1198 salutis
899 1174 1000 1198 nostra).

207 1211 406 1240 ﬁrmamentum
425 1221 505 1241 ontne
526 1214 554 1241 in
573 1219 648 1242 certa
673 1215 872 1242 incarnationis
893 1214 1000 1242 Domini

208 1258 306 1289 nostri,
331 1264 535 1294 assumpta-que
550 1260 585 1287 ab
599 1268 631 1287 co
645 1265 750 1286 natum
764 1260 939 1287 confessione
967 1267 1000 1286 ac

207 1301 266 1336 spei
289 1301 499 1329 conﬁrmatione
518 1303 607 1338 posita
629 1307 682 1335 est.
707 1311 760 1338 qua
781 1308 808 1330 ct
830 1308 1000 1331 mortuorum

208 1347 442 1373 resurrectionem
458 1351 486 1374 et
501 1347 684 1375 instauratam
707 1347 909 1382 quodammodo
925 1356 1003 1383 gene-

208 1390 343 1419 rationem
368 1393 448 1420 nobis
471 1393 652 1427 pollicentur;
675 1393 804 1428 deinceps
820 1395 952 1421 nonnulla
968 1393 1003 1422 ad

208 1443 366 1473 susceptum
386 1438 507 1467 laborem
531 1440 691 1467 accessione
706 1439 790 1472 facta,
808 1440 905 1468 iisdem
923 1448 938 1468 e
955 1448 1002 1468 sa-

206 1484 263 1512 cris
287 1484 396 1513 Litteris
417 1493 583 1520 corrogare.
605 1489 632 1513 et
651 1485 685 1512 ad
704 1494 825 1521 praesens
843 1495 913 1522 opus
930 1487 1002 1522 adji-

207 1536 271 1557 cere
303 1530 460 1556 testimonia
490 1537 656 1565 pergemus;
688 1538 749 1566 qua:
773 1531 801 1558 in
830 1539 926 1558 eorum
955 1532 1036 1579 quia

210 1575 343 1602 attentius
365 1575 455 1611 legere
475 1575 529 1603 ista
551 1575 654 1608 volent,
673 1576 816 1604 utilitatem
833 1577 995 1605 redundent.

209 1620 458 1656 Quandoquidem,
491 1625 521 1648 ut
555 1630 588 1649 ex
618 1623 805 1657 superioribus
833 1623 1002 1657 didicimus.

211 1666 346 1695 Dominus
371 1667 500 1703 ipseso
516 1673 610 1695 noster
635 1669 661 1695 in
687 1668 834 1705 Evangelia
859 1670 1003 1705 discipulis

209 1713 267 1740 suis
291 1713 329 1739 ita
356 1714 504 1748 praecepit:
520 1713 619 1741 Euntea
644 1714 778 1749 baptizata
800 1724 889 1743 omnes
914 1721 1002 1751 gentes

207 1758 236 1787 in
252 1759 355 1786 nomine
368 1759 457 1787 Patris
473 1764 497 1786 et
513 1759 578 1787 Filii
591 1764 616 1787 ει
636 1760 751 1795 Spiritus
764 1764 862 1795 sancti,
882 1762 1003 1790 docentes

207 1812 252 1830 eos
269 1811 373 1831 servare
387 1809 584 1841 prwceptaquaa
601 1806 725 1833 mandavi
736 1807 808 1834 vobis
821 1807 844 1834 ³.
867 1807 940 1838 llaec,
958 1809 1001 1835 in-

208 1857 307 1885 quam,
332 1855 539 1878 sacrosanctum
567 1851 615 1879 Dei
645 1851 762 1880 Verbum
787 1860 819 1880 ac
845 1853 1003 1881 subsistens

208 1895 290 1929 dixit,
317 1900 343 1923 et
373 1903 389 1923 a
410 1897 490 1925 Patre
516 1897 686 1932 procedens.
712 1906 761 1934 per
783 1898 856 1933 quod
882 1904 1004 1934 tempora

211 1945 446 1977 tempestatesque
467 1943 608 1978 producta:
629 1948 712 1977 sunt;
738 1952 792 1971 non
813 1945 886 1971 enitn
903 1943 1003 1971 Filium

209 1990 318 2022 tempus
343 1988 428 2015 ullum
450 1993 497 2016 aut
526 1993 676 2024 tempestas
706 1990 866 2017 antecessit.
891 1989 959 2016 Nam
981 1990 1004 2017 si

213 2038 322 2069 tempus
336 2033 406 2062 Filio
420 2035 496 2070 prius
510 2036 673 2070 exstitisset,
688 2035 758 2063 Filio
774 2035 899 2071 profecto
914 2036 1004 2070 majus

210 2084 293 2108 esset.
307 2080 432 2114 Quonam
450 2089 515 2110 vero
533 2087 623 2117 pacto,
644 2090 690 2117 per
711 2083 796 2116 ipsum
814 2081 888 2116 facta
912 2086 1005 2110 essent

211 2127 312 2159 omnia,
327 2132 350 2154 et
366 2128 424 2155 sine
440 2129 496 2162 ipso
515 2128 580 2155 nihil
599 2128 700 2163 factum
711 2132 795 2161 esset,
811 2127 880 2164 quod
904 2128 1004 2163 factum

211 2174 287 2201 est“?
313 2173 449 2206 Quoniam
475 2173 606 2209 quidquid
635 2174 736 2202 factum
762 2180 814 2207 est,
841 2183 889 2210 per
914 2175 1003 2209 ipsum

1087 716 1146 742 OA’.
1173 715 1229 742 Καὶ
1259 715 1324 751 περὶ
1349 714 1398 750 μὲν
1430 714 1546 750 Τριάδος
1568 713 1616 740 καὶ
1637 712 1845 749 ὁμοουσιότητος

1051 758 1119 788 Θεοῦ
1135 762 1191 788 Πατ
1198 761 1243 797 ρος
1256 761 1303 788 καὶ
1317 761 1384 788 Υίοῦ
1399 761 1446 788 καὶ
1457 761 1534 796 ἁγίου
1552 759 1710 796 Πνεύματος
1725 759 1750 785 oi
1764 757 1846 784 ἀσθε-

1051 808 1107 839 νεῖς
1123 808 1191 842 ἡμῖν
1216 807 1264 834 καὶ
1283 806 1387 834 ἰδιῶται
1409 806 1492 842 μηδὲν
1515 806 1701 840 σοφιζόμενοι,
1727 803 1794 840 μηδὲ
1810 805 1843 838 τῇ

1050 852 1104 878 τῶν
1118 851 1272 888 ἀνθρώπων
1289 852 1387 888 κυσείᾳ
1403 853 1517 884 ἑαυτοὺς
1530 851 1695 882 ἀντιθέντες,
1711 850 1744 876 ὲκ
1762 849 1843 876 θείων

1051 897 1167 933 Γραφῶν
1184 897 1286 933 μᾶλλον
1309 898 1464 934 μαρτυρίας
1488 897 1690 931 συναγαγόντες
1704 896 1760 927 τοῖς
1780 895 1845 930 βου-

1050 945 1177 980 λομένοις
1200 945 1241 977 είς
1262 945 1370 980 εὕρεσιν
1390 944 1494 972 πιστῶν
1511 945 1558 972 καὶ
1576 944 1737 980 ἀντίρρησιν
1758 951 1843 969 κακο-

1052 991 1155 1018 πίστων
1177 991 1224 1018 καὶ
1254 991 1416 1024 κενοδόξων,
1434 991 1488 1018 ἀπὸ
1511 992 1612 1027 μέρους
1642 990 1842 1026 συνηγάγομεν.

1051 1036 1140 1072 Πολλὴ
1159 1036 1211 1072 γὰρ
1231 1038 1248 1072 ἡ
1273 1037 1323 1072 τῆς
1348 1036 1467 1069 πίστεως
1487 1037 1516 1063 ὲν
1541 1036 1679 1071 [Ινεύματι
1706 1035 1778 1069 ἁγίῳ
1800 1034 1844 1061 δύ-

1051 1092 1149 1118 ναμις,
1166 1084 1195 1110 ἐν
1218 1083 1338 1113 ἀπάσαις
1364 1082 1450 1114 θείαις
1471 1082 1592 1118 Γραφαῐς
1607 1081 1743 1116 διαφόρως
1757 1088 1843 1114 κεκηι

1054 1129 1184 1164 ρυγμένη.
1210 1129 1319 1164 Ἐπειδὴ
1339 1128 1368 1155 δὲ
1386 1128 1437 1163 τῆς
1454 1128 1533 1164 ἡμῶν
1556 1127 1695 1162 σωτηρίας
1710 1125 1845 1160 ἀσφάλειά

1052 1176 1127 1201 ἐστιν
1140 1175 1156 1209 ή
1173 1174 1239 1210 περὶ
1253 1174 1303 1209 τῆς
1316 1174 1362 1200 τοῦ
1376 1174 1505 1210 Σωτῆρος
1520 1173 1598 1208 ἡμῶν
1610 1172 1844 1209 ὲνανθρωπήσεως

1052 1220 1099 1246 καὶ
1116 1220 1248 1254 ὲνσάρκου
1269 1219 1422 1255 παρουσίας
1446 1218 1571 1254 ἀσφαλὴς
1588 1218 1719 1254 ὁμολογία
1739 1227 1770 1245 τε
1797 1217 1844 1244 καὶ

1053 1263 1197 1298 βεϐαίωσις
1214 1264 1321 1296 ἐλπίδος
1337 1265 1384 1291 καὶ
1400 1265 1465 1300 περὶ
1490 1264 1666 1294 ἀναστάσεως
1678 1263 1784 1299 νεκρῶν
1799 1263 1844 1290 καὶ

1052 1309 1101 1344 τῆς
1114 1310 1252 1346 ἡμετέρας
1272 1310 1492 1345 παλιγγενεσίας,
1511 1308 1591 1342 αὖθις
1605 1310 1694 1344 ὀλίγον
1707 1309 1784 1336 αὐτοὶ
1799 1308 1844 1335 ἐπὶ

1052 1354 1140 1390 τούτῳ
1155 1354 1194 1390 τῷ
1212 1355 1340 1391 ἡμετέρῳ
1354 1355 1471 1391 καμάτῳ
1490 1355 1666 1391 προσθέντες,
1678 1355 1735 1386 τοῖς
1754 1353 1844 1389 βουλο-

1055 1399 1146 1434 μένοις
1180 1399 1376 1436 ἀχριεέστερον
1405 1400 1600 1435 ἐντυγχάνειν,
1622 1400 1654 1426 ἐκ
1679 1399 1733 1426 τῶν
1755 1399 1844 1426 αὐτῶν

1053 1444 1134 1471 θείων
1149 1445 1266 1480 Γραφῶν
1282 1445 1450 1481 ὲπιμένομεν
1472 1446 1674 1480 συναγαγόντες
1695 1454 1725 1473 τε
1744 1445 1792 1472 καὶ
1807 1445 1847 1480 τῷ

1053 1490 1125 1527 λόγῳ
1146 1490 1349 1526 προστιθέντες.
1370 1491 1447 1518 Ἐπεὶ
1463 1491 1529 1528 γὰρ,
1544 1491 1582 1523 ὼς
1603 1490 1783 1526 ἐδιδάχθημεν
1797 1490 1846 1526 ἠδη

1053 1537 1082 1564 ὲν
1098 1538 1155 1569 τοῖς
1174 1536 1445 1573 προγεγραμμένοις,
1470 1537 1552 1567 αὐτὸς
1566 1538 1580 1563 ὁ
1600 1536 1703 1573 Κύριος
1723 1536 1803 1572 ἡμῶν
1819 1537 1847 1563 ιν

1053 1584 1092 1620 τῷ
1106 1584 1265 1620 Εὑαγγελίῳ
1286 1584 1370 1611 αὑτοῦ
1390 1584 1481 1619 φήσας
1503 1585 1560 1615 τοῖς
1577 1583 1673 1610 ἑαυτοῦ
1698 1581 1845 1618 μαθηταῖς,

1060 1631 1252 1664 Ἀπελθόντες
1264 1631 1437 1664 ,ϐαπτίσατε
1449 1629 1548 1657 πάντα
1563 1630 1600 1657 τὰ
1616 1630 1688 1663 ἔθνη
1699 1630 1742 1663 είς
1754 1629 1849 1662 ὄνομα

1054 1677 1170 1711 Πατρὸς
1196 1677 1246 1704 καί
1279 1672 1346 1703 Υἱοῖι
1363 1676 1413 1703 καί
1436 1676 1522 1711 ἁγίου
1549 1676 1739 1710 Πνεύματος,
1766 1674 1848 1701 διδά-

1053 1728 1181 1754 σκοντες
1201 1721 1314 1754 αὐτοὺς
1335 1721 1436 1755 τηρεῖν
1458 1721 1512 1754 τὰς
1534 1720 1661 1753 ἐντολὰς
1686 1718 1723 1752 ἃς
1738 1719 1848 1746 ἐνετειο

1053 1767 1155 1802 λὰμην
1172 1767 1244 1802 ὑμῖν
1256 1775 1263 1782 ³
1280 1767 1362 1799 αὐτὸς
1381 1768 1396 1794 ὁ
1413 1767 1492 1802 ἅγιος
1511 1766 1692 1798 ὲνυπόστατος
1716 1767 1731 1792 ὁ
1747 1767 1779 1792 ὲκ
1794 1766 1850 1792 Πα-

1053 1812 1119 1847 τρὸς
1133 1812 1283 1848 προελθὼν,
1298 1812 1331 1839 δι’
1347 1808 1377 1839 οὗ
1391 1813 1490 1845 αἰῶνες
1503 1812 1642 1847 γεγόνασι,
1659 1813 1692 1839 δι’
1707 1809 1738 1838 οῦ
1757 1813 1849 1848 χρόνοι

1054 1858 1102 1885 καὶ
1118 1858 1220 1894 καιροί.
1236 1859 1273 1885 Οὐ
1287 1858 1342 1894 γὰρ
1355 1856 1389 1894 ἦν
1403 1859 1498 1894 καιρὸς
1513 1858 1576 1885 οὔτε
1591 1859 1686 1894 χρόνος
1705 1858 1759 1894 πρὸ
1770 1858 1847 1886 Υἰοῦ.

1055 1905 1087 1931 Εί
1101 1905 1155 1941 γὰρ
1170 1903 1204 1940 ἦν
1219 1905 1315 1941 χρόνος
1329 1905 1382 1941 πρὸ
1397 1905 1475 1937 Υίοῦ,
1488 1904 1543 1941 ἄρα
1558 1904 1658 1940 μείζων
1670 1905 1684 1931 ὁ
1695 1904 1790 1940 χρόνος
1801 1904 1848 1930 τοῦ

1054 1948 1134 1976 Υίοῦ·
1157 1951 1204 1976 καὶ
1225 1949 1284 1981 πῶς
1304 1949 1341 1976 δι’
1363 1949 1457 1976 αὑτοῦ
1483 1949 1595 1982 πάντες
1616 1948 1771 1983 ἐγένοντο,
1797 1949 1848 1975 καί

1055 1994 1140 2030 χωρίς
1156 1995 1248 2022 αὑτοῦ
1270 1995 1388 2030 ἐγένετο
1408 1995 1501 2023 οὐδὲν
1521 1995 1536 2022 ὃ
1560 1995 1703 2030 τέγοονενε
1719 1995 1760 2022 ὅτι
1775 1994 1803 2020 εῑ
1822 2003 1855 2021 τοι

1055 2040 1162 2074 γέγονε,
1178 2040 1211 2067 δι’
1227 2041 1309 2068 αὑτοῦ
1321 2041 1443 2076 γέγονεν,
1459 2041 1540 2072 αὐτὸς
1553 2041 1582 2068 δὲ
1595 2041 1725 2072 ἄκτιστος
1739 2041 1786 2068 καὶ
1805 2041 1850 2067 ἀεὶ

1055 2083 1104 2116 ὢν,
1115 2085 1182 2111 ὃτιό
1200 2085 1295 2120 Πατὴρ
1312 2085 1356 2112 ἀεὶ
1369 2083 1414 2121 ἦν,
1433 2085 1480 2112 καὶ
1495 2085 1525 2112 τὸ
1540 2085 1618 2120 ἅγιον
1636 2085 1718 2112 αὑτοῦ
1735 2085 1849 2120 Πνεῦμα

1055 2130 1098 2156 ἀεὶ
1110 2127 1154 2166 ἦν.
1170 2131 1201 2157 Εἰ
1213 2131 1266 2167 γὰρ
1276 2128 1310 2167 ἦν
1327 2132 1423 2167 χρόνος
1435 2132 1488 2167 πρὸ
1505 2131 1582 2163 Υίοῦ,
1596 2131 1781 2168 ζητηθήσεται
1794 2132 1850 2169 ἄρα

1056 2173 1154 2207 πάλιν,
1179 2174 1212 2200 δι’
1232 2171 1263 2201 οὗ
1291 2175 1338 2201 καὶ
1359 2176 1372 2201 ὁ
1388 2175 1435 2202 ἐπὶ
1452 2175 1498 2202 τοῦ
1516 2176 1582 2203 Υἱοῦ
1607 2177 1703 2212 χρόνος
1722 2174 1772 2213 ἧν;
1802 2177 1850 2204 καὶ

212 2219 314 2247 factum
326 2224 368 2246 est
384 2229 390 2246 :
406 2220 465 2254 ipse
492 2228 555 2247 vero
580 2220 719 2248 increatus
742 2229 774 2248 ac
801 2222 999 2256 sempiternus,

1056 2219 1163 2256 μυρία⁸
1179 2220 1271 2247 λοιπὸν
1295 2222 1335 2252 εἰς
1361 2221 1512 2256 φαντασίαν
1534 2222 1735 2258 ὲνδομυχοῦσαν
1761 2224 1790 2249 ἐν
1814 2224 1849 2258 τῇ

212 2274 244 2293 eo
254 2266 328 2300 quod
343 2269 400 2292 tum
414 2265 506 2299 Pater,
521 2270 578 2292 tum
595 2265 714 2300 Spiritus
727 2271 840 2294 sanctus
855 2267 888 2294 ab
900 2271 1003 2294 aeterno

213 2310 334 2340 fuerunt.
354 2311 432 2344 Quod
450 2312 471 2338 si
492 2315 599 2346 tempus
619 2316 693 2339 esset
715 2310 786 2339 Filio
805 2312 893 2347 pritts,
919 2313 1003 2348 quaeri

213 2356 311 2383 merito
330 2359 436 2390 posset,
459 2363 507 2390 per
522 2363 668 2390 quemnam
693 2356 821 2390 superius
844 2355 910 2382 illud
934 2355 1003 2384 Filio

215 2407 322 2438 tempus
335 2406 509 2437 procreatum
525 2402 629 2430 fuerit?
649 2402 738 2438 Atque
749 2403 786 2429 ita
804 2402 919 2429 miriﬁca
932 2411 1003 2438 quite-

214 2448 276 2476 dam
298 2448 414 2476 stultitia
434 2454 582 2484 occupatas
602 2454 708 2477 mentes
726 2454 838 2478 nostras
855 2451 888 2478 ad
910 2451 1004 2478 absur-

214 2495 275 2521 dam
294 2494 441 2521 vanitatem
465 2495 492 2521 in
513 2494 653 2522 hominum
678 2495 758 2523 sitam
779 2495 908 2531 opinione
935 2504 1002 2523 con-

214 2543 321 2572 vertet;
346 2540 404 2567 sive
424 2540 516 2575 potius
531 2541 564 2567 ad
577 2540 715 2576 quoddam
731 2541 928 2576 cogitationum
947 2542 1000 2568 mi-

1056 2265 1111 2292 τῶν
1125 2265 1277 2300 ἀνθρώπων
1294 2266 1429 2302 ὑπολήψει
1455 2267 1550 2303 τρέψει
1574 2268 1619 2294 τὸν
1644 2268 1777 2304 ἡμέτερον
1805 2268 1849 2295 λοέ

1056 2311 1298 2347 γισμὺν,ἢμᾱλλον
1314 2312 1355 2344 είς
1374 2313 1503 2349 πορνείαν
1526 2313 1730 2350 διανοημάτων,
1749 2314 1798 2341 καὶ
1817 2315 1849 2342 οὺ

1056 2357 1121 2393 περὶ
1144 2358 1331 2395 σωφροσύνης.
1348 2359 1406 2386 Οὐκ
1425 2357 1459 2395 ἦν
1473 2359 1563 2386 τοίνυν
1583 2360 1679 2396 χρόνος
1698 2360 1751 2397 πρὸ
1765 2361 1830 2387 Υἱοῦ
1841 2370 1848 2377 ·

1055 2403 1150 2440 ἐπειδὴ
1166 2403 1196 2430 οὑ
1211 2404 1256 2431 διὰ
1272 2405 1374 2441 χρόνων
1391 2406 1405 2432 ὸ
1420 2406 1484 2438 Υἱὸς
1500 2406 1622 2441 γέγονεν,
1641 2406 1709 2433 ἀλλὰ
1720 2407 1764 2433 διὰ
1781 2406 1849 2433 Υίοῦ

1055 2449 1147 2486 χρόνοι
1164 2450 1212 2477 καὶ
1229 2451 1258 2478 οί,
1269 2451 1379 2486 ἄγγελοι
1399 2452 1491 2478 καὶτὰ
1506 2452 1572 2480 ἄλλα
1589 2453 1677 2480 πάντα
1697 2453 1848 2488 κτίσματα.

1054 2496 1111 2522 Οὐκ
1123 2493 1157 2532 ἦν
1171 2497 1267 2531 χρόνος
1283 2497 1348 2524 ποτὲ
1368 2498 1412 2526 ὅτε
1429 2499 1478 2525 οὐκ
1494 2497 1528 2534 ἦν
1542 2500 1557 2526 ὁ
1572 2499 1645 2531 Υἱὸς,
1657 2499 1718 2526 οὐδὲ
1734 2496 1769 2533 ἦν
1782 2507 1849 2526 ποτε.

1054 2541 1099 2568 ὅτε
1114 2542 1164 2568 οὐκ
1179 2539 1213 2577 ἦν
1230 2542 1354 2577 Πνεῦμα.

213 2587 287 2615 nime
318 2592 456 2616 castarum
483 2589 647 2617 adulterium
676 2589 832 2617 transferet.
861 2589 996 2622 Quocirca
1033 2589 1140 2616 nullum
1167 2595 1231 2618 ante
1259 2589 1359 2618 Filium
1387 2595 1496 2627 tempus
1530 2592 1662 2620 exstitit:
1702 2595 1845 2627 propterea

215 2633 288 2668 quod
304 2642 366 2662 non.
381 2643 430 2670 per
445 2639 567 2670 tempora
582 2635 684 2667 Filius,
701 2635 748 2663 sed
769 2643 817 2670 per
848 2634 947 2662 Filium
981 2639 1104 2670 tempora
1128 2639 1156 2663 et
1181 2636 1284 2671 angeli,
1306 2642 1456 2672 creataque
1479 2642 1576 2665 cetera
1598 2638 1730 2673 producta
1767 2642 1843 2664 sunt.

213 2678 322 2706 Nullum
357 2688 476 2716 unquam
502 2685 609 2716 tempus
636 2681 709 2713 fuit,
737 2689 792 2716 quo
816 2689 872 2708 non
895 2685 969 2709 esset
1003 2680 1090 2709 Filius
1120 2691 1126 2708 :
1170 2682 1296 2716 nullum,
1328 2690 1384 2718 quo
1412 2691 1468 2711 non
1498 2683 1618 2718 Spiritus
1647 2687 1762 2712 sanctus
1794 2689 1846 2710 es-

212 2723 333 2752 sisteret.

251 2823 261 2840 ¹
275 2824 335 2852 Col.
351 2832 383 2857 ιι,
399 2825 440 2852 il.
480 2827 489 2841 ¹¹
503 2824 554 2852 lsa.
570 2833 610 2857 vn,
626 2825 652 2852 5.
692 2826 701 2841 ³
718 2826 812 2854 Matth.
838 2834 934 2860 xxrttt,
960 2827 1000 2860 19,

1057 2846 1063 2853 .
1105 2827 1114 2842 ‘
1128 2826 1208 2856 Joan.
1223 2834 1241 2860 I,
1256 2827 1281 2854 3.
1321 2828 1330 2842 ⁵
1349 2826 1378 2853 F.
1396 2827 1496 2866 μωρίαν.
