1940 3043
225 150 276 179 159

909 152 937 180 S.
959 152 1131 181 EPIPHANH

1811 152 1862 182 [60

223 210 315 245 tisque
337 216 496 244 personam,
520 209 586 237 illud
611 210 700 245 ipsum
721 210 804 238 homo
825 214 854 238 ιιι
874 216 948 239 esset
967 214 1015 240 ad-

1072 213 1115 241 τοῦ
1129 214 1274 250 ἀνθρώπου
1284 235 1291 248 ,
1311 214 1354 242 ἵνα
1373 215 1410 251 μὴ
1425 215 1455 243 τὺ
1471 213 1631 249 ἀπολειφθὲν
1653 213 1734 250 μέρος
1749 213 1792 246 εἷς
1811 213 1860 251 μέ-

221 255 353 290 iungens.
384 255 527 284 llominem
545 263 628 291 porro
642 256 704 284 dico
719 258 881 292 perlectum,
904 259 956 286 hoc
975 263 1018 287 est

1072 268 1118 296 ρος
1129 260 1210 287 πάλιν
1223 260 1336 295 γένηται
1355 260 1499 297 βρώματος
1514 260 1649 287 διαϐόλου.

222 310 394 337 qttazeunque
412 303 506 330 insunt
522 303 548 330 in
564 303 684 336 homine,
704 312 736 332 ac
757 305 912 340 cuiusmodi
929 307 1012 334 homo
1031 310 1058 334 et
1081 307 1216 343 quidquid
1249 308 1330 336 homo
1353 313 1406 336 est.
1431 307 1582 343 Ejusmodi,
1616 308 1738 342 inquam,
1769 306 1857 334 homi-

223 358 286 378 nem
308 351 406 378 unicus
427 350 475 378 Dei
497 351 582 380 Filius
599 353 631 380 ad
648 361 698 380 nos
722 354 835 382 veniens
857 354 964 388 induit;
983 360 1012 383 ut
1031 356 1059 383 in
1074 356 1196 391 perfecto
1211 356 1322 384 homine
1345 356 1416 384 Deus
1431 356 1490 391 ipse
1524 355 1643 391 perfecte
1669 360 1757 383 totum
1785 354 1858 383 salu-

223 398 260 424 tis
280 401 382 424 nostrae
393 398 533 432 negotium
551 405 701 433 procurare
714 403 818 435 posset,
854 400 930 427 nulla
963 401 1082 430 hominis
1101 406 1180 437 parte
1203 402 1344 436 derelicta,
1369 409 1404 430 ne
1424 409 1456 430 ea
1477 403 1537 437 ipsa
1567 401 1676 429 deserta
1690 401 1724 428 ad
1756 400 1858 429 diaboli

223 442 314 470 cibum
333 443 518 478 pabulumque
530 445 690 478 pertineret.

259 488 376 517 LXXVI.
398 489 504 523 Quodsi
521 491 546 518 id
561 499 576 518 a
590 493 731 521 nonnullis
754 493 913 529 obiiciatur,
928 495 1017 522 solam

223 535 285 562 sine
296 536 387 562 anima
405 543 516 564 carnem
532 539 719 573 assumpsisse
732 538 884 572 Christum,
901 545 931 568 ut
946 541 1015 568 falsa

224 581 348 615 quaedam
367 581 519 618 Scripturis
531 584 646 620 illigent,
663 592 766 620 easque
778 586 811 613 ad
828 586 1014 622 ineptissimas

225 627 332 656 fabulas
348 633 529 657 convertant:
544 631 582 657 illi
595 631 679 666 igitur
691 640 724 659 ex
739 639 770 659 ea
783 632 935 668 Scriptura:
951 641 1013 661 sen-

224 674 329 701 tentia:
347 673 405 702 Nos
426 680 539 703 mentem
557 675 658 704 Christi
683 677 809 705 habemus
824 679 843 710 ‘,
860 679 1014 714 intelligant

223 726 271 746 eos
286 720 332 754 qui
350 720 423 747 istud
439 721 544 754 dicunt,
562 721 620 749 Nos
634 727 745 749 mentem
761 723 862 751 Christi
878 723 1014 757 habemus,

224 774 301 793 suam
327 766 458 795 habuisse
480 772 610 801 mentem,
630 777 680 796 nec
697 777 757 797 eam
775 770 929 805 exspuisse.
945 770 1014 798 Cum

227 813 312 847 igitur
330 817 384 840 tam
409 822 498 848 suam,
521 823 603 850 quam
615 816 718 844 Christi
736 819 853 844 mentem
870 817 1013 849 habentes,

1105 494 1173 528 οφ.
1184 493 1240 521 Καὶ
1265 494 1312 522 ἐὰν
1331 493 1431 522 εἴπωσῖ
1449 502 1531 528 τινες,
1546 494 1587 521 ὅτι
1611 493 1701 530 σάρκα
1717 494 1803 530 μόνην
1818 494 1858 521 sl-

1068 539 1150 575 ληφε,
1181 539 1270 576 ψυχὴν
1290 540 1318 566 δὲ
1336 539 1367 566 οὔ
1387 540 1453 575 (51),
1471 539 1693 575 παραπλέκοντες
1715 540 1857 575 μυθωδῶς,

1068 586 1116 613 καὶ
1133 586 1182 622 τὴν
1209 585 1320 621 Γραφὴν
1340 587 1380 618 εἰς
1405 585 1506 622 μύθους
1528 585 1717 621 ἐκτρέποντες,
1741 585 1858 613 ἀπὸτοῦ

1069 631 1152 668 ῥητοῦ
1173 632 1230 666 τοῦ,
1253 632 1349 667 Ἡμεῖς
1373 632 1402 660 δὲ
1420 632 1496 659 νοῦν
1516 630 1647 666 Χριστοῦ
1662 631 1787 666 ἔχομεν·
1811 632 1860 659 ἀπ’

1067 678 1150 706 αὐτοῦ
1175 678 1222 706 τοῦ
1258 677 1342 713 ῥητοῦ
1369 677 1578 711 καταλάϐωσιν,
1602 677 1643 704 ὅτι
1667 677 1691 704 οἱ
1718 677 1857 711 λέγοντες,

1072 724 1168 759 Ἡμεῖς
1181 726 1211 753 δὲ
1235 724 1312 751 γοῦν
1338 724 1466 758 Χριστοῦ
1477 724 1595 759 ἔχομεν,
1613 723 1659 750 τὸν
1673 724 1754 750 αὑτὸν
1769 724 1780 740 "
1797 723 1860 751 νοῦν

1066 768 1150 805 εἶχον,
1165 770 1213 796 καὶ
1236 769 1330 796 τοῦτον
1348 769 1398 796 οὐκ
1424 769 1614 801 ἐξεπτύκασιν.
1632 770 1664 796 Et
1680 769 1708 796 δὲ
1725 769 1770 797 τὸν
1794 769 1860 797 ἰδιον

1067 816 1176 853 ἔχοντες
1191 816 1240 843 σὺν
1261 815 1301 851 τῷ
1321 815 1369 843 τοῦ
1384 814 1505 852 Χριστοῦ
1523 815 1572 851 νῷ,
1589 815 1753 852 ἀμφοτέρων
1765 815 1861 850 ἐνεφο-

224 863 343 893 utraque
366 860 499 887 cumulati
526 861 627 895 forent,
652 862 690 889 ita
715 866 745 890 ut
766 866 793 890 et
817 862 920 890 Christi
937 871 1016 891 mens

1072 862 1174 898 ροῦντο,
1205 861 1251 888 τοῦ
1280 861 1328 897 μὲν
1347 861 1394 888 νοῦ
1416 860 1533 896 Χριστοῦ
1556 861 1678 896 βελτιοῦν
1697 861 1859 897 δυναμένου,

225 904 351 931 meliores
367 905 442 939 ipsos
456 905 563 934 eliicere
576 912 679 942 posset,
695 912 722 936 et
735 915 784 936 sua
801 908 923 942 ipsorum
938 917 1016 937 mens

225 953 300 977 recte
328 951 506 986 intelligendo
529 955 693 989 perciperet,
721 955 816 982 eodem
839 955 920 982 modo
939 960 966 983 et
983 955 1016 983 de

224 994 336 1021 Christo
359 999 480 1023 statuere
494 997 594 1025 debent
610 1007 616 1025 :
643 998 726 1025 Deum
745 999 833 1033 ipsum
848 998 975 1026 videlicet
989 1001 1016 1025 et

224 1046 286 1072 quae
300 1039 327 1065 in
347 1039 407 1074 ipso
430 1048 510 1068 mens
537 1041 637 1073 inerat,
664 1042 784 1070 hominis
810 1046 928 1070 mentem
952 1049 1015 1069 cum

223 1091 308 1111 carne
324 1085 472 1120 animaque
489 1086 542 1113 sibi
561 1086 717 1121 copulasse.
736 1086 795 1114 Non
817 1087 900 1121 igitur
920 1089 1017 1121 quate-

224 1137 277 1156 nus
305 1129 386 1156 homo
411 1135 480 1162 erat,
503 1135 621 1159 mentem
636 1132 791 1167 repudiavit
813 1132 951 1166 hominis;
967 1131 1015 1159 sed

226 1176 309 1201 menti
325 1176 383 1210 ipse
397 1176 453 1211 82
470 1176 629 1205 moderatus
648 1183 702 1210 est,
724 1185 757 1205 ae
778 1178 888 1211 direxit,
917 1177 1015 1204 melio-

225 1226 337 1254 remque
354 1221 490 1254 prrestitit.
517 1220 751 1253 Quemadmodum
765 1223 838 1250 enim
851 1223 889 1249 ita
904 1229 1015 1250 carnem

226 1263 324 1296 induit,
350 1265 462 1292 minime
477 1270 506 1292 ut
522 1273 536 1292 a
551 1273 634 1293 carne
646 1267 800 1294 vinceretur
816 1276 823 1294 ε
842 1267 882 1294 sic
896 1271 1015 1294 mentem

226 1310 279 1336 sibi
303 1309 368 1336 dum
392 1311 530 1346 adiunxit,
545 1320 600 1339 non
615 1316 658 1340 est
673 1320 688 1339 a
700 1317 792 1341 mente
809 1318 962 1348 superatus.
982 1313 1016 1339 At

225 1355 263 1382 illi
280 1362 294 1382 e
309 1356 448 1383 contrario
473 1358 559 1384 multo
581 1358 670 1393 magis
694 1366 787 1386 secum
811 1359 862 1394 ipsi
881 1362 1013 1394 pugnant,

225 1409 258 1428 ac
283 1409 344 1429 sese
367 1403 603 1430 inextricabilihus
627 1403 833 1432 dillicultatihus
861 1405 1013 1440 implicant.

225 1447 331 1474 Etenim
345 1455 430 1476 sacrae
443 1447 551 1477 Litterae
566 1449 667 1484 ubique
677 1450 779 1478 diserte
792 1451 942 1478 clamantes
960 1457 1014 1477 non

226 1493 360 1522 adversus
388 1499 519 1528 tuentem,
545 1495 592 1523 sed
619 1495 752 1523 adversus
778 1504 889 1524 carnem
916 1503 1015 1530 aspera

1066 907 1113 934 τοῦ
1129 907 1151 934 δ’
1167 907 1257 935 αὐτῶν
1272 906 1360 943 ὀρθῶς
1371 907 1509 938 νοοῦντος·
1524 907 1554 933 τὸ
1569 907 1591 933 δ’
1608 907 1675 934 αὐτὸ
1694 908 1740 934 καὶ
1755 907 1802 933 ἐπὶ
1811 906 1859 933 τοῦ

1066 952 1186 988 Χριστοῦ
1211 952 1431 987 γινωσκέτωσαν,
1450 952 1492 978 ὅτι
1515 951 1552 978 ὣν
1572 951 1639 983 Θεὸς
1668 952 1715 978 καὶ
1732 952 1761 978 ὲν
1784 951 1860 987 αὑ.τῷ

1066 997 1104 1024 ὣν
1111 997 1184 1029 νοῦς,
1200 995 1256 1032 εἶχε
1272 997 1318 1024 τὸν
1328 997 1376 1024 τοῦ
1395 995 1539 1033 ἀνθρώπου
1555 996 1618 1024 νοῦν
1633 996 1704 1032 μετὰ
1726 998 1776 1032 τῆς
1794 1005 1861 1031 σαρ-

1066 1041 1124 1075 κδς,
1139 1043 1186 1069 καὶ
1202 1042 1291 1078 ψυχὴν
1317 1042 1428 1078 εἴληφεν
1453 1042 1521 1078 (32).
1538 1041 1643 1069 Οῠκουν
1659 1042 1697 1073 ὡς
1716 1041 1861 1077 ἄνθρωπος

1067 1088 1148 1115 αὐτὸν
1157 1087 1316 1124 ἐξέτρεπεν,
1341 1088 1409 1115 ἀλλὰ
1423 1088 1504 1120 αὐτὸς
1521 1087 1568 1114 τοῦ
1584 1087 1630 1114 νοῦ
1646 1088 1794 1122 κοσμήτωρ
1811 1088 1861 1114 καὶ

1066 1135 1188 1171 ὀρθωτὴς
1207 1134 1255 1161 καὶ
1273 1134 1420 1169 βελτιωτὴς
1432 1133 1547 1168 ἐγίνετο.
1567 1133 1611 1164 Ὠς
1625 1132 1680 1167 γὰρ
1702 1132 1752 1168 τὴν
1768 1132 1861 1168 σάρκα

1066 1180 1147 1207 ἔλαϐε
1174 1180 1211 1216 μὴ
1234 1181 1286 1207 ὑπὸ
1315 1180 1417 1215 σαρκδς
1432 1179 1570 1215 ἡττηθεὶς,
1589 1178 1660 1205 οὕτω
1672 1178 1778 1206 καὶτὸν
1796 1178 1862 1204 νοῦν

1066 1225 1185 1261 εἰληφὼς
1197 1225 1246 1260 οὺχ
1260 1225 1313 1251 ὑπὸ
1325 1225 1385 1256 νοὸς
1400 1225 1527 1260 ἥττηται.
1541 1223 1701 1251 Τοὺναντιον
1710 1224 1801 1250 τοίνυν
1812 1223 1862 1250 καὶ

1069 1271 1159 1307 μεῖζον
1170 1272 1195 1298 οἱ
1204 1270 1317 1298 τοιοῦτοι
1332 1270 1460 1306 χαλεπῶς
1472 1271 1512 1302 εις
1524 1270 1698 1305 ἐναντιότητα
1710 1270 1863 1305 ἐμπίπτου-

1068 1326 1119 1345 σιν.
1137 1319 1211 1344 ’Λνω
1233 1318 1288 1353 γὰρ
1309 1318 1356 1344 καὶ
1366 1317 1442 1344 κάτω
1457 1319 1485 1344 αἱ
1501 1317 1572 1344 θεῖαι
1583 1317 1691 1354 Γραφαὶ
1708 1316 1862 1353 διαρρήδην

1068 1362 1180 1398 βοῶσαι,
1205 1363 1235 1389 οὐ
1261 1363 1332 1390 κατὰ
1345 1363 1393 1390 τοῦ
1409 1363 1456 1389 νοῦ
1471 1363 1505 1390 τὰ
1518 1363 1624 1398 χαλεπὰ
1642 1362 1861 1397 διαγορεύουσιν,

1067 1407 1134 1435 ἀλλὰ
1165 1408 1236 1435 κατὰ
1258 1408 1307 1442 τῆς
1336 1409 1451 1444 σαρκός·
1476 1408 1537 1443 Τῆς
1550 1408 1604 1444 γὰρ
1623 1408 1745 1442 σαρκὸς,
1765 1407 1861 1442 φησὶν,

1066 1455 1094 1481 ol
1119 1453 1236 1488 καρποὶ,
1261 1455 1396 1488 πορνεία,
1423 1454 1554 1489 μοιχεία,
1574 1454 1728 1488 ἀσέλγεια,
1756 1452 1862 1480 καὶτὰ

1066 1499 1178 1526 τούτων
1202 1499 1304 1534 ὅμοιον
1332 1500 1396 1532 καὶ,
1419 1501 1450 1527 Ol
1478 1500 1513 1526 ὲν
1531 1499 1623 1534 σαρκὶ
1637 1499 1671 1526 δὲ
1697 1499 1782 1532 ὄντες
1800 1498 1863 1531 Θεῷ

226 1540 272 1567 illa
293 1547 325 1568 ac
347 1541 462 1569 molesta
488 1542 689 1576 pronuntiant:
706 1541 804 1569 Carnis
820 1542 904 1574 enim,
927 1542 1016 1576 inquit

1072 1545 1173 1579 ἀρέσαι
1190 1546 1226 1571 οὐ
1243 1544 1402 1572 δύνανται·
1416 1544 1475 1577 καὶ,
1493 1545 1523 1572 Ἠ
1539 1544 1618 1579 σὰρξ
1633 1544 1771 1579 ἐπιθυμεῖ
1786 1544 1862 1571 κατὰ

226 1586 386 1621 Apostolus,
403 1588 505 1622 fructus
521 1592 597 1620 sunt,
619 1588 773 1622 fornicatio,
795 1588 966 1621 adulterium,
983 1588 1016 1614 li-

226 1631 286 1658 bido
297 1637 322 1659 et
339 1633 379 1659 Itis
392 1633 491 1660 similia
503 1635 524 1666 ¹;
540 1639 583 1662 et:
596 1634 648 1667 Qui
664 1635 690 1661 in
704 1642 784 1661 carne
794 1638 866 1666 sunt,
882 1633 935 1661 Deo
955 1634 1017 1668 pla—

226 1685 283 1704 cere
311 1683 440 1712 nequeunt
456 1679 481 1712 ';
504 1679 592 1707 item:
611 1679 681 1706 Caro
704 1680 866 1713 concupiscit
891 1679 1015 1707 adversus

226 1724 349 1757 spiritum
363 1724 384 1751 ⁵.
408 1724 444 1752 De
461 1730 551 1753 mente
571 1734 637 1753 vero
660 1726 702 1754 sic
733 1726 874 1760 loquitur:
891 1726 1016 1752 Psallam

227 1769 332 1803 spiritu,
357 1770 472 1804 psallam
489 1776 513 1798 et
527 1772 650 1806 meute';
672 1773 736 1799 item
750 1781 756 1799 :
772 1772 847 1799 Mens
864 1780 921 1800 mea
933 1772 1016 1806 infru-

227 1821 319 1843 ctuosa
338 1816 380 1843 vel
402 1819 539 1852 fructuosa
557 1819 628 1845 est“.
642 1818 751 1851 Quibus
765 1818 792 1845 in
807 1818 875 1846 locis
895 1823 1013 1846 mentem

265 1895 296 1921 ¹1
314 1895 378 1922 Cor.
399 1902 431 1928 tt,
454 1894 498 1922 ’16.
554 1895 664 1923 ’Galat.
685 1904 711 1928 ν.
735 1895 780 1923 l9.

226 1929 237 1947 ⁷
254 1931 284 1959 F.
301 1930 401 1958 αὐτῶν.

265 1990 320 2025 (51)
337 1990 446 2023 Ψυχὴν
464 1988 498 2025 δέ
515 1987 562 2015 οὔ.
581 1987 730 2025 Error_ille
747 1986 1016 2025 Apollinaristarum,

229 2020 467 2060 de'qu'ibusa—gimt
480 2023 608 2051 Socrates
618 2027 645 2050 et
660 2020 847 2060 b:o_zomeuus;
864 2022 964 2060 ille__lib
986 2030 1017 2060 tt,

228 2056 292 2095 cap:
306 2060 350 2090 46,
367 2056 419 2087 iste
435 2059 504 2095 libro
520 2067 556 2095 vt,
583 2066 651 2095 cap.
666 2057 711 2095 25.
730 2058 819 2095 Agunt
835 2060 870 2095 eL
883 2057 928 2095 alii
947 2066 954 2083 :
971 2056 1018 2095 sed

229 2090 284 2131 prie
305 2095 410 2131 caneris
435 2090 570 2131 videiidus
599 2090 770 2131 potissimum
851 2090 1019 2127 Epiphanius

229 2127 323 2158 hoster
339 2130 366 2156 in
382 2129 476 2156 haeresi
497 2129 541 2159 77,
563 2135 678 2154 numero
695 2127 740 2158 20,
749 2131 776 2153 et
792 2127 930 2161 deinceps.

265 2165 321 2199 t32)
335 2165 390 2191 Τὸν
405 2164 459 2191 τοῦ
481 2163 639 2199 ἀνθρώπων
652 2162 727 2199 γοῦν
740 2162 815 2199 μετᾴ
828 2162 882 2196 τῆς
895 2161 1019 2195 σαρκὸς,

229 2196 282 2240 atal
292 2196 552 2240 ψυχὴνηεῑέηξρεξν.
573 2196 768 2240 enim-adverte
789 2197 873 2240 juxta
905 2204 1016 2240 sensum

231 2236 283 2263 loci
296 2232 382 2268 huius
403 2234 432 2261 S.
447 2233 628 2268 Epiphanium
646 2232 848 2268 Apollinarislis
862 2232 1019 2267 permittere

230 2266 435 2298 distinctionem
449 2266 533 2299 illam,
545 2276 599 2303 qua
610 2266 728 2303 animam
743 2267 769 2303 in
786 2266 895 2294 homine
908 2271 1020 2303 umente

230 2305 418 2333 sccernebant.
436 2301 590 2331 hebebatur
600 2302 741 2330 distinctio
757 2302 803 2329 illa
816 2307 936 2330 veterum
946 2301 1022 2329 Grae-

230 2348 326 2367 corum
348 2339 535 2375 philosophiae,
554 2346 614 2372 qua:
627 2341 739 2375 “quarto
759 2341 786 2365 et
809 2338 906 2372 quinto
924 2337 1022 2375 decur-

231 2379 307 2410 rente
329 2373 464 2402 Ecclesiae
480 2375 580 2410 saeculo
601 2373 736 2410 adliucrin
752 2381 802 2410 usu
828 2378 903 2410 erat,
921 2379 974 2410 nec
987 2373 1022 2400 ab

230 2408 262 2437 ea
289 2409 384 2437 Patres
414 2409 598 2435 abhorrebant
626 2409 749 2435 omnino.
770 2408 829 2442 Qua
851 2408 885 2436 de
908 2415 937 2435 re
963 2408 1022 2435 luse

230 2448 355 2479 agentem
370 2445 471 2471 videsis
487 2444 620 2471 hominem
640 2444 765 2471 suculari
782 2445 844 2471 licet
869 2442 1023 2471 eruditione

230 2481 417 2516 pollentem,_a
438 2479 567 2516 Bouiania
586 2483 676 2506 tamen
703 2479 935 2516 Ecclesimnsacris
957 2479 1024 2516 alie-

230 2513 451 2548 innnJat‘obum
479 2514 646 2541 Bruckerum
670 2523 802 2549 nuperum
821 2514 949 2541 Historia
971 2514 1024 2549 cri-

231 2551 291 2578 tica:
323 2549 497 2584 philosophia:
523 2550 683 2585 scriptorem
709 2548 736 2577 in
765 2554 838 2576 tomo
857 2549 899 2582 Ill,
919 2549 964 2576 ubi
989 2548 1024 2585 de

230 2589 352 2612 veterum
375 2583 594 2612 Christianorum
616 2585 787 2620 philosophia
810 2589 920 2616 tractat,
941 2588 969 2611 et
985 2583 1020 2611 de

231 2620 277 2647 illa
297 2625 456 2648 sanctorum
476 2620 598 2648 Patrum.
616 2619 803 2655 Exploratum
820 2619 952 2646 habemus
973 2626 1020 2646 ve~

231 2660 303 2696 teres
322 2655 518 2717 Pfthagoreos,
541 2656 706 2686 Platonicos,
726 2655 843 2686 Stoicos,
861 2659 908 2682 aut
926 2655 1018 2689 plures

231 2698 260 2717 Ill
277 2698 331 2717 uno
355 2692 456 2717 tmnine
473 2692 597 2717 nosuisse
615 2691 736 2717 animas:
758 2693 804 2717 aut
824 2690 905 2717 unius
922 2690 1018 2716 anima

231 2690 260 2717 in
277 2698 331 2718 uno
346 2690 456 2718 homine
472 2692 597 2726 posuisse
615 2691 736 2722 animas;
758 2693 804 2717 aut
824 2690 905 2717 unius
922 2690 1019 2726 animat

231 2726 322 2761 plures
335 2725 486 2754 credidisse
506 2725 638 2761 quasdam
664 2726 746 2752 veluti
763 2728 855 2760 partes
868 2733 883 2752 a
901 2733 931 2753 se
950 2725 1018 2761 invi.

230 2760 290 2788 cem
311 2761 467 2789 distinctas.
490 2760 615 2793 ipsorum
635 2768 699 2787 vero
720 2761 895 2795 partitionem
922 2760 1020 2795 praeci-

231 2803 312 2831 puam
339 2796 425 2824 fuisse
455 2796 482 2822 in
507 2803 568 2831 eam
593 2795 712 2831 animam
732 2803 812 2830 quam
837 2796 970 2822 viviﬁcam
993 2798 1022 2822 et

232 2829 339 2858 ratione
367 2834 505 2858 carentem
538 2829 675 2864 dicebant,
710 2829 828 2865 ζώτικήν
853 2835 880 2858 et
905 2831 1020 2864 ἄλογον;

235 2869 317 2901 atque
331 2865 359 2894 in
371 2873 431 2894 eam
446 2873 527 2901 quant
544 2865 666 2902 λογικήν,
684 2867 709 2896 id
723 2866 950 2905 est‘t'ationalcm,
965 2866 1022 2896 sive

835 1895 936 1924 'Rom.
956 1903 1017 1928 vut,
1043 1895 1070 1923 8.

1069 1591 1122 1618 τοῦ
1135 1591 1312 1625 πνεύματος.
1327 1591 1396 1626 Περὶ
1408 1591 1436 1617 δὲ
1453 1590 1501 1618 τοῦ
1514 1590 1559 1618 νοῦ
1582 1599 1681 1626 φησιν,
1699 1591 1741 1617 ὅτι
1767 1589 1860 1617 Ψαλῶ

1068 1634 1109 1668 τῷ
1124 1636 1282 1670 πνεύματι,
1297 1635 1387 1669 ψαλῶ
1412 1634 1446 1661 δὲ
1461 1634 1501 1668 τῷ
1518 1635 1583 1662 νοτε
1605 1636 1663 1667 καὶ,
1680 1636 1722 1662 ὅτι
1739 1635 1767 1662 '0
1783 1636 1860 1669 νοῦς

1067 1690 1126 1716 μου
1148 1681 1292 1715 ἄκαρπος,
1307 1681 1336 1717 ἢ,
1355 1680 1504 1715 ἐγκαρπός
1521 1680 1616 1707 ἐστιν.
1628 1681 1639 1691 "
1649 1680 1732 1707 Εθετο
1745 1680 1802 1715 γὰρ
1815 1680 1864 1707 τὸν

1069 1725 1142 1759 νοῦν,
1151 1726 1234 1762 ὅνπερ
1242 1726 1336 1753 εἴωθεν
1346 1727 1366 1761 ὴν
1373 1725 1468 1761 Γραφὴ
1479 1725 1570 1753 καλεῖν
1580 1726 1715 1760 καρδίαν,
1724 1726 1775 1760 ήγε
1779 1725 1861 1761 μόνα,

1068 1772 1105 1804 ὡς
1119 1773 1216 1804 εἰπεῖν,
1231 1772 1279 1799 καὶ
1292 1771 1398 1807 ἡνίοχον
1413 1771 1460 1797 τοῦ
1471 1770 1571 1802 παντὸς
1581 1771 1704 1802 σκεύους,
1717 1771 1864 1806 διακριτὴν

1067 1817 1177 1853 ἀγαθῶν
1201 1825 1231 1844 τε
1251 1817 1298 1844 καὶ
1318 1817 1436 1851 φαύλων,
1459 1816 1626 1852 δοκιμαστὴν
1642 1816 1696 1843 τῶν
1711 1817 1739 1844 ἐν
1751 1817 1820 1852 ἡμῖν
1831 1814 1862 1842 εὗ

1124 1895 1135 1911 ⁵
1147 1895 1236 1923 Galat.
1253 1903 1281 1929 ν,
1298 1893 1341 1922 17.
1395 1893 1429 1921 ‘l
1445 1893 1509 1928 Cor.
1537 1894 1580 1928 Η,
1615 1895 1657 1922 l5.
1699 1894 1791 1922 ‘ibid.
1816 1894 1862 1922 14.

1070 1990 1189 2023 mentem
1215 1987 1398 2022 appellabant.
1427 1987 1566 2016 Doctrina:
1586 1987 1670 2023 hujus
1695 1987 1863 2016 documenta

1072 2022 1140 2050 satis
1154 2026 1248 2056 aperta
1263 2023 1343 2050 nobis
1374 2029 1524 2051 occurrunt
1544 2024 1572 2050 in
1589 2024 1689 2055 Tullio,
1715 2023 1865 2051 Plu-tarcho

1073 2061 1100 2094 et
1121 2057 1192 2094 aliis.
1215 2056 1304 2094 Porro
1329 2064 1361 2084 eo
1387 2058 1596 2094 philosophandi
1620 2066 1718 2094 genere
1740 2058 1863 2086 imbutus

1072 2091 1237 2127 Apollinaris
1259 2096 1374 2127 uterque
1387 2091 1502 2126 ‘l‘uerat,
1528 2098 1605 2128 pater
1622 2091 1653 2120 'et
1673 2094 1761 2124 tilius;
1783 2097 1863 2120 erant

1071 2127 1145 2154 enim
1165 2134 1215 2154 sua
1234 2132 1314 2155 aetate
1328 2128 1500 2162 doetissimi;
1526 2127 1684 2156 Christiana
1705 2129 1787 2155 etiam
1806 2129 1864 2163 pie-

1072 2165 1128 2189 tate
1148 2163 1300 2197 prazstitere
1312 2163 1458 2198 aliquando
1472 2173 1479 2191 :
1494 2168 1593 2191 etcum
1613 2163 1646 2190 ad
1669 2163 1794 2191 hmresim
1815 2171 1865 2190 no~

1073 2205 1133 2224 vam
1143 2198 1312 2225 condendam
1329 2206 1359 2225 se
1375 2199 1552 2226 contttlerunt
1568 2198 1675 2233 quodin
1685 2198 1863 2233 philosopho-

1072 2239 1133 2269 rum
1149 2233 1250 2260 scholis
1260 2234 1407 2261 hauserant
1416 2233 1448 2261 ad
1463 2233 1627 2269 theologiam
1640 2233 1863 2260 Christianorum

1072 2267 1258 2303 traducentes,
1280 2272 1409 2300 mentem,
1437 2269 1489 2296 hoc
1506 2273 1548 2296 est
1560 2267 1627 2295 eam
1643 2269 1774 2300 animam,
1804 2275 1864 2303 qua:

1072 2301 1168 2337 λογική
1181 2303 1341 2334 vocabatur,
1353 2303 1464 2331 Christo
1481 2303 1595 2331 Domino
1610 2303 1792 2336 abstulerunt,
1811 2301 1863 2330 rati

1073 2345 1174 2365 munus
1192 2338 1265 2365 illius
1289 2346 1304 2365 a
1324 2338 1414 2374 Verbo
1438 2347 1499 2366 esse
1515 2339 1680 2374 suppletum.
1706 2338 1745 2364 Ita
1769 2338 1864 2374 miseri

1074 2380 1147 2409 ρδθυο
1161 2380 1255 2409 errore
1273 2374 1379 2409 abrepti
1395 2373 1463 2401 Filio
1483 2373 1530 2401 Dei
1543 2381 1597 2400 non
1613 2373 1749 2400 hominem
1765 2373 1864 2409 iunges

1073 2407 1150 2440 bant,
1175 2408 1223 2435 sed
1255 2407 1372 2436 hominis
1398 2409 1493 2436 avulsa
1516 2412 1606 2436 mente
1624 2412 1762 2435 truncutn.
1786 2407 1865 2440 Quod

1073 2449 1123 2479 ceu
1156 2443 1269 2479 impium
1295 2444 1393 2471 refellit
1420 2444 1670 2479 Epiphanjusitum
1691 2443 1746 2479 hic,
1763 2443 1863 2479 tumin

1077 2477 1174 2505 haeresi
1194 2477 1238 2511 77,
1253 2479 1376 2506 numeris
1392 2479 1427 2506 ‘25
1441 2477 1523 2506 (1'26.
1541 2477 1608 2505 Illud
1626 2485 1691 2505 vero
1705 2477 1739 2505 de
1758 2478 1863 2512 duplici

1075 2513 1204 2549 hominis
1222 2514 1324 2546 anima,
1353 2515 1426 2549 quod
1446 2521 1519 2541 mera
1541 2516 1614 2541 esset
1637 2513 1865 2548 philosophorum

1074 2548 1169 2583 opinio
1191 2547 1226 2584 in
1253 2547 1369 2584 scholis’
1387 2549 1508 2584 ipsorum
1535 2547 1692 2584 disputata;
1711 2555 1760 2584 nec
1773 2548 1865 2583 aliqua

1074 2587 1149 2611 esset
1165 2583 1254 2610 adhuc
1275 2583 1404 2612 Ecclesiae
1428 2583 1588 2611 deﬁnitione
1613 2583 1784 2618 proscripta;
1810 2590 1866 2610 non

1075 2625 1091 2644 a
1102 2618 1212 2645 Patrum
1229 2619 1408 2647 universitate
1423 2619 1542 2654 rejecta;
1566 2626 1601 2646 ne
1621 2618 1864 2654 adversariismo-

1075 2654 1161 2681 lestus
1169 2654 1238 2681 citra
1252 2655 1443 2682 necessitatem
1452 2652 1591 2685 evaderet,
1600 2654 1730 2680 intactum
1741 2652 1866 2680 modeste

1075 2689 1196 2724 reliquit.
1227 2689 1262 2716 At
1286 2690 1381 2724 quinto
1398 2690 1505 2716 labente
1527 2689 1656 2716 Ecclesiae
1673 2689 1776 2724 saeculo
1790 2687 1865 2714 Gen-

1076 2724 1174 2752 nadius
1189 2723 1367 2752 Massiliensis
1383 2725 1488 2752 inlibro
1504 2724 1542 2751 De
1554 2723 1740 2750 ecclesiasticis
1759 2723 1866 2757 dogma-

1077 2759 1158 2791 tibus,
1174 2760 1245 2787 intcr
1271 2760 1397 2795 dogmata
1423 2759 1492 2795 illud
1514 2763 1638 2786 recenset
1660 2766 1721 2793 cap.
1744 2758 1789 2795 ιδ,
1806 2766 1867 2795 non

1076 2803 1133 2822 esse
1149 2795 1216 2822 duas
1248 2793 1353 2822 optimas
1368 2795 1396 2822 in
1409 2803 1461 2822 uno
1482 2794 1596 2826 homine,
1612 2802 1691 2820 unam
1709 2793 1866 2824 animalem,

1076 2838 1129 2866 qua
1144 2831 1275 2857 animetur
1287 2837 1391 2864 corpus,
1406 2835 1431 2857 et
1443 2830 1561 2856 immista
1581 2829 1615 2866 sit
1625 2828 1772 2866 sanguine;
1789 2834 1814 2855 et
1826 2828 1868 2856 ab

1077 2864 1160 2894 terum
1173 2865 1330 2902 spiritalem,
1343 2873 1401 2901 qua:
1418 2866 1546 2893 rationem
1566 2864 1707 2892 ministret.
1873 2895 1876 2911 Α
