1940 3043
86 179 138 209 iiii

86 235 255 272 γινομένων.
280 236 361 271 Νοῦς
382 237 431 273 μὲν
452 237 507 273 γὰρ
521 238 642 273 ῥήματα
665 239 820 275 διακρίνει,
835 241 889 268 λά·

84 280 168 316 ρυγξ
197 281 232 308 δὲ
254 282 326 309 σῖτα
345 284 471 318 γεύεται.
495 285 668 319 Δισκριτικὺς
687 287 714 313 δὲ
733 286 748 312 ὁ
774 287 835 320 νοῦς
858 289 887 315 ἐν

85 328 127 362 τῷ
147 327 298 364 ἀνθρώπῳ,
310 329 386 356 οὔπω
412 330 440 357 δὲ
467 331 764 369 συγκαταθετικὸς,ὲὰν
786 334 823 370 μὴ
848 335 888 367 εἰς

87 374 197 409 τροπὴν
210 375 307 411 ἑαυτὸν
321 375 388 411 δῴη.

803 182 969 212 ANCOBAT
973 183 1026 212 US.

1679 191 1733 220 I62

903 245 925 273 Α
940 241 1015 268 illam
1036 241 1272 275 commemoravit,
1294 250 1377 277 quam
1403 244 1545 282 Scriptura
1570 249 1658 276 cordis
1682 257 1732 276 no-

942 287 1017 315 mine
1032 287 1187 323 signiﬁcare
1199 290 1268 316 solet
1283 301 1287 317 :
1307 298 1367 325 qum
1380 293 1463 320 totius
1479 294 1596 323 hominis
1610 295 1664 323 dux
1677 300 1730 329 est,

941 338 972 361 ut
988 334 1024 361 ita
1035 335 1137 367 dicam,
1154 341 1181 363 et
1197 336 1312 371 auriga;
1326 345 1389 372 quae
1404 338 1476 366 bona
1493 347 1525 368 ac
1543 341 1613 368 mala
1629 342 1732 370 discer-

939 383 992 416 nit,
1017 387 1044 411 et
1071 391 1166 411 eorum
1193 392 1254 420 qua:
1280 385 1307 412 in
1334 386 1415 413 nobis
1440 387 1571 421 prmclare
1599 392 1732 422 geruntur

87 422 233 457 probatrix
249 427 301 451 est.
327 422 403 451 Heus
434 431 507 452 enim
531 425 609 453 verba
631 426 783 462 dijudicat;
812 432 902 464 guttur
917 438 976 459 vero
1001 432 1072 459 cibos
1100 431 1254 468 degustat'.
1292 432 1379 461 Porro
1404 441 1482 461 mens
1513 434 1540 460 in
1557 433 1669 461 homine
1691 434 1731 460 di-

88 471 186 497 scendi
212 470 265 498 vim
300 470 398 506 habet;
421 472 542 500 nondum
570 477 661 502 tamen
685 483 746 503 sese
771 476 805 504 ad
831 479 1038 507 assentiendum
1062 479 1178 507 inclinat
1192 500 1200 514 ,
1232 480 1287 508 nisi
1316 481 1497 513 semetipsam
1523 484 1675 508 commutet
1699 487 1732 506 ac

87 521 246 545 conuertat.

128 569 187 597 OZ'.
209 572 242 598 Τί
260 569 307 600 οὖν
327 573 400 607 ἔδοξέ
420 583 476 603 τισι
497 577 593 605 τοῦτον
612 579 666 606 ἀπὸ
687 580 737 616 τῆς
755 580 892 617 ὲνανθρωο

89 617 203 663 πήσεως
216 619 266 645 τοῦ
284 620 388 655 Κυρίου
410 623 629 658 παρεκϐάλλειν;
642 626 675 653 Τί
695 626 725 652 δὲ
743 626 890 663 ὠφέλησαν

87 662 137 689 τὸν
153 662 222 698 βίον,
237 665 277 697 είς
293 666 498 695 ἀκαταστασίαν
526 670 626 705 μᾶλλον
644 671 810 707 τρέψαντεςς
862 673 890 699 τί

88 708 172 736 τοῦτο
181 709 298 745 ἔϐλαψεν
308 712 381 747 ἡμᾶς
393 713 410 748 ἢ
424 713 564 750 ὠφέλησεν
576 724 584 749 ;
597 716 630 743 νῖν⁹
640 716 726 749 οὓτως
736 718 805 745 είπω
816 719 892 754 (55),,

90 755 249 791 βοηθήσωσι
263 757 303 792 τῷ
314 758 442 793 Χριστῷ;
462 759 479 795 ἢ
507 760 551 788 ἵνα
569 762 649 798 χάριν
665 762 739 798 αὐτῷ
753 764 886 799 ποιήσωσι

90 802 215 837 μεγάλην
226 802 339 838 ταύτην,
359 805 405 831 καὶ
419 805 533 832 εἴπωσιν
543 806 628 842 αὐτῷ,
639 807 697 835 Οὐκ
708 807 789 835 ἔλαϐε
803 808 865 837 νοῦν
876 819 884 843 ;

88 847 225 876 Γαλάται
248 849 298 885 μὲν
317 849 372 885 γὰρ
392 850 523 885 ἀνόητοι,
545 852 593 879 καὶ
610 852 726 887 Κρῆτες
750 853 794 881 ἀεὶ
811 854 885 889 ψεῦ-

88 901 171 925 σται,
192 895 240 921 καὶ
259 895 383 930 Ἐφραῖμ
405 897 566 931 περιστερὰ
583 897 676 931 ἄνους
687 907 694 913 ο
712 900 726 925 ὸ
739 899 768 926 δὲ
782 899 886 936 Κύριος

88 940 170 976 ἡμῶν
192 940 406 977 ἐνανθρωπήσας
422 943 463 974 είς
484 943 530 970 τὸν
550 943 607 978 βίον
620 944 654 971 τὰ
673 944 762 972 πάντα
775 946 886 979 τελείως

88 985 230 1022 ἀνείληφε,
245 986 349 1021 μᾶλλον
363 988 392 1014 δὲ
418 987 498 1015 ἔλαϐε
518 989 600 1021 αὐτὸς
612 989 659 1016 τοῦ
677 989 778 1018 ἑαυτοῦ
793 991 886 1027 σώμα-

88 1040 135 1063 τος
145 1031 266 1066 γεγονὼς
277 1033 411 1069 πλάστης,
421 1034 502 1066 αὐτὸς
511 1034 600 1070 ἑαυτῷ
614 1035 705 1063 λαϐὼν
721 1036 771 1072 τὴν
785 1036 885 1073 ψυχὴν,

88 1076 149 1111 ἦτοι
177 1077 274 1110 ἐνθείς.
301 1078 379 1110 Τινὲς
393 1078 421 1105 δὲ
441 1079 598 1115 βουλόμενοι
612 1081 710 1117 ἐλλιπῆ
733 1084 820 1109 ποιεῖν
836 1082 885 1118 τὴν

88 1123 223 1159 ἔνσαρκον
249 1124 369 1160 Χριστοῦ
391 1126 544 1161 παρουσίαν
564 1127 612 1153 καὶ
636 1127 743 1154 τελείαν
762 1129 791 1154 ἐν
811 1128 884 1164 αὐτῷ

89 1169 256 1205 οἰκονομίαν,
284 1169 334 1197 οὑκ
358 1167 417 1198 οἶδα
446 1171 473 1197 τί
498 1171 694 1208 διανοούμενοι,
723 1173 773 1200 οὐκ
796 1173 885 1209 ὀρθῶς

89 1211 178 1246 εἶπον,
188 1213 250 1241 νοῦν
258 1214 303 1241 τὸν
314 1215 434 1250 Χριστὸν
443 1216 480 1252 μὴ
490 1216 640 1252 εἰληφέναι.
655 1217 817 1245 ’Υπύστασιν
827 1218 883 1254 (54)

88 1258 117 1285 δὲ
132 1254 207 1286 οὗτοι
219 1259 264 1286 τον
280 1260 343 1286 νοῦν
354 1261 512 1296 νομίζουσιν
522 1259 604 1294 εἶναι,
617 1263 663 1290 καὶ
672 1263 752 1298 φύσει
765 1263 884 1299 τολμῶσι

88 1303 179 1338 λέγειν
204 1305 236 1331 τὸ
255 1304 350 1337 είωθδς
365 1307 393 1333 ὲν
412 1307 445 1342 τῇ
464 1307 560 1343 Γραφῇ
580 1307 718 1341 λέγεσθαι,
740 1308 769 1334 ὲν
784 1308 822 1344 τῷ
838 1309 884 1336 ἀν-

88 1349 193 1385 Θρώπῳ
218 1351 337 1386 πνεῦμα,
359 1351 397 1383 ὡς
413 1351 487 1387 λέ-γει
506 1353 520 1379 ὀ
545 1353 706 1385 Ἀπόστολος
718 1363 725 1370 ·
739 1355 805 1382 Ἵνα
817 1355 885 1382 ὀλό-

88 1397 206 1430 κληρον
215 1396 299 1431 ἡμῶν
312 1397 346 1424 τὸ
355 1398 474 1432 πνεῦμα
488 1399 537 1425 καὶ
552 1399 571 1433 ἠ
580 1398 666 1433 ψυχὴ
683 1399 733 1426 καὶ
744 1400 778 1427 τὸ
798 1399 885 1435 σῶμα

87 1441 124 1468 ἐν
146 1441 184 1476 τῇ
208 1442 302 1477 ἡμέρᾳ
330 1443 384 1470 τοῦ
400 1444 511 1478 Κυρίου
531 1443 616 1479 ἡμῶν
638 1444 739 1478 Ἰησοῦ
755 1446 884 1480 Χριστοῦ

87 1487 239 1522 τηρηθείη.
265 1488 430 1523 Σφάλλονται
462 1486 519 1518 οὖν.
542 1490 573 1516 Ei
603 1490 658 1525 γάρ
683 1491 743 1517 ὲστι
764 1491 828 1523 νοῦς
854 1491 884 1518 τὸ

88 1532 209 1568 πνεῦμα,
220 1533 268 1560 καὶ
282 1533 312 1559 τὸ
327 1533 434 1570 πνεῦμα
443 1534 515 1567 νοῦς,
529 1535 566 1568 ὡς
578 1536 626 1562 καὶ
638 1535 715 1562 αὐτοὶ
729 1536 882 1572 νομίζουσι,

87 1566 205 1615 ψυχὴ-δὲ
228 1579 294 1615 ἄλλη
321 1566 403 1615 παρὰ,
417 1580 464 1608 τὸν
484 1566 546 1608 νοῦν
558 1566 610 1609 Ἲκαὶ
625 1581 701 1617 παρὰ
718 1582 749 1608 τὸ
762 1566 883 1618 :rtvsﬁpa;
897 1566 920 1596 ο

87 1625 181 1652 οὐκέτι
208 1624 253 1651 δύο
267 1624 432 1657 ὑποστάσεις
447 1625 504 1661 (55)
522 1626 551 1652 ὲν
563 1625 602 1661 τῷ
619 1625 766 1661 ἀνθρώπῳ,
784 1627 814 1653 ὲν
834 1627 884 1662 μιᾷ

88 1671 273 1705 συναγόμεναι
300 1670 463 1697 ὑποστάσει·
494 1670 586 1698 οὐκέτι
609 1671 792 1704 ἑνυπόστατος
815 1671 883 1707 μόνη

87 1717 161 1753 ψυχὴ
173 1717 222 1743 καὶ
235 1717 417 1744 ἐνυπόστατον
430 1716 461 1743 τὸ
476 1716 565 1752 σῶμα,
584 1716 640 1744 ἀλλ’
658 1717 816 1753 εὑρήκαμεν
831 1717 886 1744 λοι-

89 1761 139 1787 πον
155 1761 293 1797 τέσσαρας
304 1770 311 1777 ·
325 1761 388 1793 νοῦς
406 1761 456 1797 μία
475 1761 633 1794 ὑπόστασις,
652 1761 726 1797 ψυχὴ
744 1762 813 1797 ἄλλη
823 1762 886 1788 ὑπό.

89 1814 194 1837 στασις,
209 1805 320 1841 πνεῦμα
335 1806 403 1841 ἄλλη
418 1806 578 1838 ὑπόστασις,
597 1806 677 1841 σῶμα
688 1806 755 1841 ἄλλη
768 1807 886 1833 ὑπόστα-

89 1859 141 1883 σις.
160 1851 215 1877 Καὶ
228 1851 277 1878 ἐὰν
296 1851 377 1879 πάλιν
403 1852 606 1887 ὲρευνήσωμεν,
623 1851 670 1878 ἐπὶ
693 1851 774 1878 πλέον
788 1852 884 1879 ἕσται·

88 1895 183 1932 ἐπειδὴ
207 1896 264 1932 γὰρ
288 1896 374 1924 πολλὰ
402 1897 523 1933 ὀνόματα
542 1896 675 1932 κέκτηται
698 1898 712 1923 ὁ
729 1896 883 1933 ἄνθρωπος,

88 1942 136 1968 καὶ
164 1943 182 1969 ό
199 1942 261 1969 ἔσω
276 1942 431 1976 ἅνθρωπος
453 1942 500 1969 καὶ
522 1943 538 1969 ὁ
566 1942 624 1974 ἔξω
645 1942 817 1976 ἄνθρωπος’
837 1941 884 1969 καὶ

88 1987 174 2014 ταῦτα
189 1988 280 2015 πάντα
291 1988 308 2024 ἡ
321 1987 416 2023 Γραφὴ
425 1988 520 2023 εἴρηκε
536 1987 722 2023 νοηματικῶς,
735 1987 882 2022 περισφίγ-

88 2041 176 2068 γουσα
194 2033 274 2069 ἡμῶν
295 2033 344 2069 τὴν
364 2033 494 2066 διάνοιαν,
512 2034 555 2060 ἴνα
572 2033 655 2069 μηδὲν
674 2032 883 2068 καταλείψωμεν

88 2079 137 2114 τῆς
146 2079 296 2115 σωτηρίας,
309 2079 376 2115 μηδὲ
390 2079 527 2115 πρόφασις
536 2080 603 2115 ἡμῖν
616 2078 784 2114 γένηταιτοῦ
800 2078 882 2114 ἐκϐῆ-

89 2133 132 2153 ναι
159 2124 208 2152 τοῦ
231 2126 424 2161 προκειμένου.
452 2125 530 2152 Ἔστι
548 2124 604 2161 γὰρ
627 2125 716 2152 ταῦτα
730 2126 759 2152 ὲν
777 2125 816 2161 τῷ
831 2125 880 2152 άν-

977 581 1109 609 LXXVII.
1131 582 1198 615 Quae
1215 590 1278 610 cum
1302 582 1340 610 ita
1362 582 1429 617 sint,
1450 583 1516 618 quid
1534 584 1643 612 tandem
1658 592 1731 612 non-

942 628 1027 655 nullis
1045 627 1073 654 in
1089 628 1211 655 animum
1226 628 1336 661 incidit,
1352 632 1381 656 ut
1399 628 1434 656 ab
1450 634 1592 664 assumpta
1610 630 1731 659 hominis

939 680 955 700 a
970 673 1080 701 Christo
1101 678 1201 701 natura
1222 677 1341 702 mentem
1356 675 1558 703 excluderent?
1575 675 1635 709 Qua
1653 676 1681 704 in
1700 684 1731 704 re

940 723 988 746 aut
1003 725 1085 754 quam
1098 719 1207 747 demum
1223 720 1361 748 communi
1379 721 1439 748 vitae
1459 721 1602 749 utilitatem
1627 722 1730 757 impor-

939 766 1045 796 tarunt,
1061 767 1143 798 quam
1160 764 1250 792 turbis
1269 764 1362 799 potius
1379 772 1412 793 ac
1429 766 1591 793 tumultibus
1609 766 1730 794 miscue-

939 809 1026 836 runt?
1046 808 1130 841 Quid.
1153 809 1279 845 inquam.
1298 817 1331 837 ea
1351 817 1396 837 res
1412 809 1569 838 detrimenti
1587 811 1678 848 nobis,
1699 815 1730 839 ut

937 855 976 882 ita
985 854 1084 888 dicam,
1098 859 1146 882 aut
1155 856 1331 883 emolumenti
1343 856 1451 883 attulit?
1460 864 1496 884 an
1508 860 1537 884 ut
1547 857 1657 885 Christo
1670 858 1729 893 opi-

903 895 922 922 Β
938 899 1100 932 tutarentur,
1126 900 1179 927 ista
1206 899 1357 927 dixerunt?
1383 908 1418 928 an
1445 905 1476 928 ut
1500 909 1629 937 magnam
1646 903 1681 930 ab
1694 909 1728 930 eo

938 944 990 972 hac
1016 945 1124 973 ratione
1150 946 1266 981 gratiam
1296 946 1367 974 inire
1391 951 1515 985 possent,
1531 955 1593 974 cum
1609 953 1727 976 mentem

937 990 962 1018 ei
978 991 1174 1019 detraherent?
1185 991 1289 1019 Galatia
1304 992 1415 1027 quidem
1430 993 1580 1027 insipienter
1589 994 1609 1026 ',
1624 998 1651 1021 et
1665 993 1729 1022 Cre-

938 1039 975 1063 tes
993 1044 1095 1071 semper
1109 1036 1248 1064 mendaces
1260 1037 1280 1069 ³,
1297 1041 1324 1065 et
1337 1037 1465 1072 Epilraim
1475 1038 1595 1064 columba
1612 1039 1728 1066 ualida‘

937 1080 965 1108 in
991 1080 1134 1116 Scriptura
1162 1082 1356 1117 appellantur;
1384 1082 1517 1110 Dominus
1546 1091 1609 1111 vero
1632 1089 1728 1112 noster

937 1130 1065 1154 naturam
1089 1127 1210 1155 hominis
1236 1129 1264 1155 in
1290 1129 1342 1156 hoc
1358 1129 1460 1156 mundo
1480 1130 1645 1165 suscipiens,
1665 1138 1728 1166 per-

938 1175 1007 1200 fecte
1023 1174 1173 1209 assumpsit
1195 1175 1298 1209 omnia,
1317 1175 1370 1209 vel,
1393 1181 1423 1203 ut
1447 1176 1538 1204 verius
1551 1177 1653 1210 dicam,
1674 1178 1726 1205 sibi

938 1218 1094 1253 conjunxit,
1107 1222 1200 1253 utpote
1208 1220 1254 1255 qui
1263 1227 1342 1247 suum
1354 1220 1405 1248 sibi
1416 1228 1516 1256 corpus
1528 1221 1642 1254 cilinxit,
1660 1222 1728 1249 sibi-

938 1271 994 1299 que
1009 1264 1128 1291 animam
1142 1265 1200 1300 ipse
1215 1265 1345 1300 sumpsit,
1361 1266 1403 1293 vel
1421 1266 1512 1301 potius
1528 1267 1635 1294 indidit.
1661 1266 1729 1301 Qui-

937 1310 999 1337 dam
1016 1318 1081 1338 vero
1108 1310 1212 1338 Christi
1229 1310 1337 1339 Domini
1358 1312 1575 1341 incarnationem
1591 1317 1619 1341 et
1634 1321 1728 1342 susce-

937 1359 1012 1391 ptam
1028 1356 1062 1383 ab
1077 1363 1110 1383 eo
1124 1361 1252 1383 naturam
1273 1357 1393 1385 hominis
1415 1365 1540 1385 mancam
1563 1358 1670 1386 eﬂicere
1683 1367 1728 1386 cu-

937 1401 1055 1437 pientes.
1065 1402 1159 1430 nescio
1169 1402 1234 1438 quid
1245 1403 1272 1430 in
1282 1403 1402 1430 animum
1411 1403 1588 1437 induxerunt,
1598 1408 1627 1432 ut
1635 1412 1728 1440 perpe—

937 1453 995 1473 ram
1011 1445 1151 1474 Christum
1166 1455 1222 1474 non
1233 1448 1418 1483 assumpsisse
1431 1454 1547 1477 mentem
1560 1452 1725 1476 assererent.

936 1490 988 1524 Qui
1005 1491 1115 1526 quidem
1130 1496 1248 1519 mentem
1268 1493 1427 1528 hypostasin
1446 1494 1590 1528 quamdam
1608 1501 1641 1520 ac
1664 1502 1728 1529 per-

936 1543 1033 1563 sonam
1057 1544 1120 1564 esse
1142 1537 1193 1564 sibi
1215 1537 1402 1571 persuadent;
1427 1543 1455 1565 et
1476 1538 1508 1565 ad
1540 1538 1568 1565 id
1594 1539 1724 1574 spiritum

938 1582 1013 1609 illum
1026 1582 1073 1618 qui
1089 1583 1117 1609 in
1134 1581 1285 1617 Scripturis
1298 1584 1508 1611 commemorari
1521 1584 1599 1616 solet,
1618 1592 1727 1612 accom-

938 1627 1050 1655 modare
1076 1635 1131 1654 non
1158 1627 1304 1661 dubitant;
1334 1629 1417 1656 veluti
1440 1636 1501 1656 cum
1521 1629 1587 1656 dicit
1607 1629 1727 1664 Aposto-

939 1672 981 1700 lus
997 1682 1002 1699 :
1020 1671 1053 1699 Ut
1071 1673 1169 1708 integer
1190 1677 1279 1700 noster
1300 1674 1409 1708 spiritus
1436 1679 1460 1701 et
1477 1674 1567 1701 anima
1587 1679 1611 1701 et
1631 1683 1726 1710 corpus

935 1718 989 1754 83
1016 1719 1043 1745 in
1061 1718 1103 1745 die
1127 1718 1234 1746 Domini
1259 1720 1343 1746 nostri
1364 1718 1429 1746 Jesu
1451 1719 1551 1748 Clu-isti
1576 1726 1692 1748 servetur
1704 1722 1726 1749 '.

937 1763 1040 1790 Verum
1061 1763 1106 1791 isti
1124 1764 1301 1792 vehementer
1313 1765 1443 1799 opinione
1458 1764 1519 1793 falsi
1532 1771 1614 1800 sunt;
1625 1767 1727 1795 etenim

935 1808 957 1835 si
983 1817 1061 1835 mens
1087 1809 1157 1836 idem
1181 1813 1223 1836 est
1245 1817 1277 1837 ac
1299 1810 1425 1845 spiritus,
1442 1815 1471 1837 ut
1491 1815 1518 1838 et
1540 1811 1578 1838 illi
1601 1817 1725 1844 censent,

934 1853 1026 1879 anima
1041 1860 1106 1880 vero
1129 1858 1227 1888 praeter
1241 1857 1360 1881 mentem
1385 1861 1418 1880 ac
1444 1854 1572 1888 spiritum
1596 1855 1648 1881 alia
1665 1859 1722 1883 est:

934 1906 988 1925 non
1008 1898 1064 1932 jam
1083 1905 1207 1933 personae
1224 1899 1250 1926 in
1267 1899 1378 1926 homine
1399 1898 1470 1931 duae,
1486 1903 1512 1926 et
1527 1899 1553 1926 in
1568 1907 1648 1927 uuam
1663 1908 1725 1935 per-

934 1951 1028 1971 sonam
1048 1943 1172 1971 contlatte
1192 1948 1266 1977 sunt,
1288 1952 1377 1980 neque
1402 1945 1460 1972 sola
1479 1944 1534 1979 jam
1555 1945 1646 1971 anima
1666 1953 1723 1972 cora

933 1996 1018 2024 pusve
1026 1988 1159 2015 subsistet
1170 1998 1178 2020 ;
1193 1988 1240 2016 sed
1254 1993 1372 2023 quatuor
1384 1989 1435 2016 hac
1449 1989 1555 2017 ratione
1568 1989 1722 2017 subsisten-

933 2035 976 2061 tia:
996 2039 1180 2068 consurgent;
1193 2042 1270 2062 mens
1293 2035 1365 2062 enim
1387 2034 1566 2062 subsistentia
1584 2034 1636 2061 erit
1651 2042 1722 2067 una;

931 2084 989 2107 tum
1002 2079 1094 2107 anima
1107 2079 1287 2107 subsistentia
1312 2081 1365 2108 erit
1386 2081 1490 2115 altera;
1523 2080 1603 2107 tertia
1629 2080 1722 2107 subsi-

932 2125 1032 2152 stentia
1046 2123 1161 2159 spiritus
1175 2124 1246 2157 erit;
1269 2131 1371 2160 corpus
1385 2124 1503 2160 denique
1528 2128 1627 2161 quarta
1653 2125 1722 2153 sub-

132 2214 141 2231 ¹
155 2214 209 2243 Job
227 2222 280 2249 xu,
297 2215 340 2242 Η.
379 2215 390 2230 ¹
405 2214 465 2243 Gal.
482 2216 522 2249 ni,
539 2215 566 2243 i.
603 2214 614 2231 ³
629 2213 684 2243 Tit.
699 2222 720 2249 ι,
733 2214 776 2243 12.
814 2215 826 2231 ⁸
840 2214 883 2242 05η

941 2222 971 2247 ιι,
989 2213 1030 2241 Η.
1067 2213 1078 2229 ³
1089 2212 1110 2241 ll
1125 2213 1222 2241 Thess.
1237 2220 1280 2246 tn,
1291 2213 1338 2241 25.

125 2293 183 2327 (33)
196 2292 286 2320 Locus
303 2293 428 2320 vitiosus.
446 2292 524 2320 Eol'r.

125 2328 181 2363 (54)
197 2329 386 2355 Ὑπόστασιν.
398 2328 496 2355 Narrat
509 2327 711 2363 ltpiphaniusin
723 2327 820 2356 haeresi
833 2327 878 2359 77,

91 2370 130 2395 se.
145 2363 299 2390 Antiochiae
311 2371 372 2390 cum
383 2367 466 2395 esset,
484 2364 649 2398 colloquium
670 2363 800 2391 habuisse
815 2371 877 2389 cum

90 2398 320 2438 épollinaristicae
330 2403 419 2438 secta:
428 2399 611 2438 primoribus.
621 2398 771 2438 quosinter
786 2398 879 2438 aderat

90 2432 190 2460 Vitatis
201 2433 247 2468 ille
265 2433 410 2468 presbyter
425 2432 471 2468 qui
490 2441 504 2460 a
524 2433 631 2461 Meletio
645 2433 817 2460 Antiocheno
831 2434 880 2460 de-

91 2468 186 2495 ﬁciens
214 2467 249 2495 ad
266 2467 367 2496 eorum
394 2467 585 2496 haereticorum
605 2472 761 2496 accesserat
774 2472 878 2498 partes,

89 2502 319 2537 quemadmodum
343 2503 619 2531 nobis-Sozomenus
651 2507 746 2530 narrat
775 2502 811 2529 Η.
843 2502 874 2529 E.

91 2537 160 2564 libro
172 2545 288 2573 vt.7cap.
309 2537 355 2565 25.
373 2537 411 2566 Eo
425 2538 508 2573 igitur
523 2539 549 2565 in
566 2545 716 2572 congressu
732 2541 876 2573 postquam

90 2573 189 2609 multa
209 2572 373 2609 fuerantrab
395 2572 512 2609 utraque
535 2578 612 2609 parte
633 2572 800 2609 inmedium
815 2579 878 2609 pro-

90 2607 154 2639 lata,
173 2607 307 2650 homines
328 2608 391 2650 illos
415 2607 564 2643 interrogat
593 2607 771 2650 Epiphanius,
799 2607 879 2650 tri-tid-

91 2650 152 2670 nam
173 2642 212 2669 illi
225 2643 369 2670 crederent
395 2651 457 2671 esse
470 2642 531 2670 cani
558 2642 687 2677 mentem,
705 2642 879 2697 quamtlhri-

91 2681 133 2697 ειη
144 2678 333 2697 danmnlmnl?
349 2686 412 2697 num
423 2678 572 2697 ιἰιπΑηη-ηηιυ
586 2678 704 2697 niinimm
743 2677 777 2697 I71:
792 2681 879 2697 Inlor-

91 2681 133 2705 sto
144 2678 333 2713 denegabant?
349 2686 413 2706 num
423 2678 572 2705 ὑπόστασιν
585 2677 726 2713 aliquam?
742 2677 779 2704 Ea
792 2677 879 2705 inter-

91 2714 231 2748 rogatione
246 2713 364 2749 perculsi
390 2713 525 2749 principio
543 2713 693 2749 admittunt
708 2713 879 2749 hypostasim

90 2747 161 2779 esse,
178 2747 537 2783 eum’videlicet‘spiritum.
554 2748 600 2783 qui
622 2747 779 2783 hominibus
796 2748 823 2774 in
838 2747 880 2774 di-

91 2783 159 2810 vinis
180 2783 332 2818 Scripturis
357 2782 497 2810 tribuitur.
529 2782 615 2810 Instat
633 2782 813 2818 Epiphanius,
834 2790 880 2809 ur-

91 2822 193 2859 getque
203 2820 331 2859 spiritum
345 2819 495 2859 iuum‘esse
508 2821 626 2859 a‘niente
633 2818 791 2859 distinctum
801 2818 879 2859 juxta

90 2852 154 2880 iliud
172 2853 204 2881 Β.
222 2852 312 2880 'Pauli
332 2852 474 2880 :Psallam
494 2853 601 2888 spiritu,
629 2854 743 2888 psallam
758 2857 782 2880 et
796 2857 880 2888 mente

91 2887 111 2920 (Ι
121 2889 185 2917 Cor.
204 2896 263 2922 xw,
276 2888 344 2925 15).~
358 2889 399 2916 Ad
415 2889 471 2917 hzec
487 2888 599 2918 haesisse
616 2887 677 2918 illos
694 2892 788 2917 narrat
807 2887 879 2917 idem

897 2291 1112 2327 nEpiphanius,
1138 2295 1166 2319 et
1190 2291 1342 2326 implicatos
1368 2291 1417 2324 nil,
1446 2291 1518 2326 quod
1545 2295 1723 2326 reponerent,

931 2326 1082 2355 invenisse.
1113 2326 1176 2354 Haec
1198 2327 1321 2354 narratio
1343 2334 1392 2354 nos
1425 2327 1504 2354 docet
1527 2327 1665 2362 quelnodo
1695 2333 1724 2355 et

931 2363 1141 2397 quaoceasione
1156 2362 1276 2389 dixerint
1290 2361 1492 2397 Apotlinaristze
1507 2361 1627 2390 hominis
1643 2370 1722 2389 men-

931 2396 985 2433 tem
1016 2405 1078 2425 esse
1110 2397 1301 2433 hypostasimr
1316 2396 1376 2430 Quo
1403 2401 1505 2433 auteur
1522 2405 1605 2433 sensu
1628 2404 1723 2425 vocem

930 2432 1005 2468 illam
1022 2431 1226 2468 usurpaverint,
1242 2432 1320 2468 tacite
1333 2439 1387 2460 non
1401 2435 1442 2460 est
1457 2432 1580 2460 delinire.
1591 2431 1728 2468 Petavius,

930 2467 975 2494 cui
997 2467 1165 2503 sutiragatur
1187 2467 1366 2503 Thomasius.
1386 2467 1582 2502 interpretatur
1603 2469 1639 2495 de
1660 2476 1725 2503 per-

930 2509 1008 2538 sona.
1029 2501 1094 2536 Quae
1109 2510 1172 2538 vero
1186 2503 1268 2538 paulo
1296 2501 1411 2530 inl‘erius
1428 2501 1523 2530 eodem
1546 2503 1597 2530 hoc
1612 2504 1639 2530 in
1660 2501 1724 2530 ioco

931 2536 1102 2572 Epiphanius
1114 2536 1206 2569 habei.
1224 2537 1346 2564 indicare
1364 2538 1492 2565 videntur
1511 2537 1724 2572 Apollinaristas

931 2572 1108 2633 ῖδποστάσεως
1120 2572 1233 2601 nomine
1248 2572 1442 2606 substantiam,
1463 2573 1521 2601 sive
1533 2573 1627 2600 οὐσίαν
1642 2574 1724 2602 intel-

942 2614 1041 2633 exisse.

942 2614 1041 2634 exrsse.

968 2642 1097 2679 (55λΔύο
1113 2641 1309 2679 ὑποστάσεις.
1327 2644 1437 2670 Attente
1451 2643 1551 2679 cogita.
1564 2639 1722 2679 vide,_quid

932 2676 1107 2714 ὑποστάσεῳς
1128 2677 1238 2704 nomine
1262 2677 1319 2714 illic
1336 2679 1372 2714 sit
1395 2676 1615 2714 intelligendum.
1634 2677 1662 2704 Si
1675 2677 1721 2714 οὑ-

933 2713 994 2739 σίαν
1007 2712 1152 2746 intelligas.
1172 2714 1244 2739 recte
1263 2720 1293 2739 se
1309 2712 1390 2740 habet
1406 2713 1475 2741 duas
1487 2712 1551 2742 esse
1568 2713 1595 2740 in
1610 2713 1721 2740 homine

933 2754 989 2774 uno
1005 2751 1128 2774 naturas.
1151 2746 1209 2774 Non
1227 2750 1317 2774 autem
1339 2748 1408 2775 bene
1429 2748 1556 2783 sequitur
1571 2748 1640 2783 duas
1659 2747 1721 2774 illas

933 2786 1047 2809 naturas
1062 2782 1089 2809 in
1104 2789 1185 2808 unam
1200 2782 1355 2816 coalescere
1382 2781 1520 2810 naturam.
1537 2781 1589 2810 Sed
1605 2789 1721 2816 parcen-

932 2816 998 2844 dum
1011 2817 1161 2848 veteribus,
1172 2815 1271 2851 quibus
1288 2822 1416 2844 accurata
1440 2818 1533 2844 deerat
1547 2815 1622 2843 vocis
1645 2816 1720 2851 illius

933 2853 1020 2880 notio.
1036 2851 1075 2879 Ex
1091 2852 1142 2879 hoc
1157 2850 1216 2879 loco
1229 2852 1335 2879 videtur
1354 2852 1502 2878 ὑπόστασιν
1519 2852 1642 2886 posuisse
1657 2850 1721 2887 Epi-

933 2887 1064 2923 phanium
1080 2895 1129 2923 pro
1142 2887 1340 2921 exsistentere,
1358 2887 1400 2915 vel
1413 2887 1576 2914 substantia.
