1940 3043
211 184 263 215 in;
913 182 942 209 s.
964 180 1134 210 EPlPHANll
1798 184 1854 213 ιρι

211 237 420 272 εἰςῑεηιίο.ἰιηο
434 242 458 269 si
477 240 635 277 diligentius
656 241 841 277 inquiramus,
868 249 1000 269 numerus

1055 242 1156 279 θρὼπῳ
1169 250 1175 257 ·
1194 242 1225 269 οὺ
1248 242 1301 278 χρὴ
1318 241 1346 268 δὲ
1373 241 1421 268 καὶ
1449 241 1702 279 πολυπραγμονεῖν.
1715 241 1813 275 Ὅμως
1826 243 1856 270 δὲ

210 290 263 318 iste
278 288 393 316 ulterius
409 287 517 315 extendi
534 287 632 322 poterit
646 297 652 314 :
670 287 770 323 quippe
784 288 909 322 pluribus
923 287 1003 315 homo

1058 290 1128 317 κατὰ
1139 289 1186 316 τὸν
1197 288 1310 315 ἐκείνων
1324 288 1413 322 λόγον,
1429 288 1454 315 εἰ
1466 288 1494 314 δὲ
1505 289 1519 314 ὁ
1532 288 1594 320 νοῦς
1611 290 1671 316 ἐστι
1679 288 1711 316 τὸ
1728 288 1855 325 πνεῦμα,

212 334 442 370 appellationibus
469 333 597 369 insigniri
626 333 705 366 solet,
731 338 760 360 ut
792 341 854 361 cum
889 334 998 360 interior

1056 335 1104 362 καὶ
1123 334 1153 361 τὸ
1180 333 1289 368 πνεῦμα
1307 334 1321 360 ὁ
1344 333 1417 365 νοῦς,
1443 333 1529 360 ταῦτα
1547 333 1575 360 δὲ
1593 333 1671 366 ἐκτὸς
1692 334 1743 370 τῆς
1762 333 1856 370 ψυχῆς

211 386 294 418 atque
321 383 439 409 exterior
458 382 534 409 homo
558 382 677 409 dicitur:
695 390 755 417 qua;
774 383 865 409 omnia
884 381 1002 418 spiritali

1055 381 1185 417 ὑπάρχει,
1214 380 1296 407 πάλιν
1325 379 1377 407 τινι
1397 379 1468 416 λόγῳ
1484 380 1566 415 λέγει,
1588 379 1678 408 Ψαλῶ
1702 380 1742 413 τῷ
1763 381 1857 408 πνεύ-

211 429 329 464 quodam
346 437 429 456 sensu
442 429 469 456 in
484 427 635 464 Scripturis
649 433 827 465 usurpantur,
843 433 874 456 ut
894 437 926 456 ea
947 436 992 455 ra-

1055 436 1138 463 ματι,
1162 425 1251 461 ψαλῶ
1279 426 1328 453 καὶ
1351 425 1391 459 τῷ
1408 427 1472 458 νοῖ;
1494 426 1544 453 Διὰ
1559 425 1638 453 τοῦτο
1654 426 1709 462 γὰρ
1725 426 1856 460 ἀπέδειξε

211 474 286 502 tione
304 479 408 502 mentes
429 478 539 502 nostras
555 476 721 512 astringant,
735 483 790 511 quo
811 475 912 503 nullam
929 475 1003 503 salu-

1058 474 1095 510 μὴ
1114 473 1144 500 τὺ
1173 471 1283 509 πνεῦμα
1307 470 1378 499 εἶναι
1402 472 1448 499 τδν
1475 471 1558 504 νοῦν,
1586 472 1653 508 μηδὲ
1668 472 1714 499 τὸν
1739 471 1803 499 νοῦν
1823 472 1856 498 τὸ

211 521 247 548 tis
262 525 365 548 nostra:
378 525 483 556 partem
502 522 712 557 praetermittere
733 523 867 555 velimus;
885 529 934 550 nec
947 522 1003 549 ulla
1056 519 1175 555 πνεῦμα.

219 567 299 595 nobis
311 568 422 595 occasio
438 568 480 596 vel
497 569 574 596 color
589 569 771 605 relinquatur,
790 574 820 597 ut
834 570 868 598 ab
883 577 915 597 eo
930 569 1003 605 quod
1024 569 1193 604 propositum
1215 571 1268 602 est,
1291 567 1463 595 excidamus.
1482 566 1570 603 igitur
1594 566 1689 595 insunt
1720 567 1766 594 illa
1788 565 1854 601 qui-

211 613 272 641 dem
287 614 314 640 in
326 613 447 646 homine,
460 615 507 642 sed
523 615 661 643 curiosius
673 616 785 644 minime
807 615 1008 651 perscrutanda
1027 619 1101 642 sunt.
1118 613 1312 642 Verumtamen
1325 617 1352 641 et
1372 613 1481 640 illorum
1510 621 1543 640 ex
1560 613 1704 644 sententia,
1726 612 1748 639 si
1773 619 1854 639 mers

211 661 325 695 spiritus
338 666 390 694 est,
409 662 585 698 vicissimque
602 664 715 699 spiritus
733 671 821 698 mens,
840 669 921 699 atque
937 663 995 691 hac
1014 667 1090 690 extra
1111 662 1230 690 animam
1246 665 1311 689 sunt
1324 675 1331 688 ι
1348 668 1399 689 cur
1427 661 1464 688 ita
1494 661 1604 688 tandem
1634 660 1782 695 Apostolus
1809 659 1851 686 lo-

215 709 331 744 quitur:
350 708 474 736 Psallam
493 710 601 744 ερὶνὶιιι,
621 711 736 747 psallam
752 715 776 738 et
797 710 923 738 mente‘?
944 710 1049 744 Quibus
1068 709 1159 738 Verbis
1179 708 1337 745 signiﬁcare
1363 708 1440 736 visus
1464 711 1507 736 est
1529 715 1619 743 neque
1641 707 1766 742 spiritum
1789 713 1855 733 eSse

213 758 346 786 mentem,
361 761 450 789 neque
465 759 583 783 mentem
596 763 658 784 esse
669 756 807 791 spiritum.

247 799 387 828 LXXVIII.
397 800 542 833 Praeterea,
552 800 661 839 Atlima,
679 801 780 837 inquit.
797 810 859 838 quae
873 808 1003 838 peccave-

1093 798 1156 826 Oll‘.
1172 795 1240 826 Εἶτα
1252 796 1343 829 πάλιν,
1350 796 1432 831 Ψυχὴ
1450 797 1466 831 ἠ
1480 795 1764 832 ἁμαρτάνουσα,αὖτη
1781 796 1852 833 arro-

210 846 258 879 rit,
275 847 334 882 ipsa
344 847 476 875 morietur
486 848 507 873 ³.
516 841 587 878 Non,
598 848 706 882 opinor,
721 848 755 876 de
764 848 855 875 anima
865 856 880 875 a
889 855 1003 883 corpore

1058 844 1188 876 Θανεῖται,
1203 843 1254 870 οὐκ
1276 843 1353 874 em;
1373 841 1420 868 τοῦ
1434 840 1852 877 σώματος,ἁτεεφήνατο.*ῌσατ·

211 893 335 928 seiuncta
350 893 456 921 locutus
473 898 525 921 est.
540 892 634 927 Erant,
654 894 702 924 ait.
716 893 743 920 in
761 894 821 921 navi
836 894 1003 929 septuaginta

1057 891 1122 927 γὰρ,
1141 890 1234 926 φησὶν,
1248 890 1284 917 ἐν
1298 889 1338 922 τῷ
1349 889 1445 922 πλοίῳ
1459 888 1500 922 ὡς
1511 888 1717 923 ἐϐδομήκοντα
1732 890 1834 924 ψυχαί
1841 897 1850 905 ⁸

210 939 316 966 circiter
342 939 438 966 anima:
449 939 470 967 ⁸.
500 938 554 966 Nec
584 940 677 974 utique
718 940 844 975 corporis
877 944 1003 975 expertes

210 984 309 1012 anima:
333 984 418 1013 fuisse
437 985 575 1017 dicuntur,
592 985 639 1013 sed
663 987 783 1012 animata
802 985 928 1014 videlicet
942 993 1005 1013 cor—

212 1038 287 1066 pora.
307 1030 408 1058 Eodem
425 1034 452 1058 et
473 1031 541 1058 illud
558 1032 687 1067 pertinet,
714 1032 788 1067 quod
811 1032 951 1059 communi
977 1035 1004 1060 et

211 1077 313 1104 usitata
340 1076 469 1112 loquendi
495 1077 602 1105 ratione
626 1078 766 1105 hominem
785 1077 869 1105 unius
884 1079 1004 1114 appella-

212 1122 289 1150 tione
307 1123 393 1157 partis
407 1123 548 1150 declarare
564 1123 695 1157 solemus,
709 1128 738 1151 ut
759 1128 824 1159 puta
846 1131 908 1152 cum
933 1124 1004 1151 dici—

211 1174 292 1195 mus:
306 1167 439 1196 Dominus
453 1173 496 1196 est
513 1169 652 1204 octoginta
679 1177 847 1204 corporum;
872 1177 926 1196 non
950 1170 1004 1197 uti-

211 1221 266 1248 que
292 1214 446 1241 animarum
468 1215 633 1250 expertium.
653 1215 790 1248 Quocirca
813 1215 926 1242 Verbum
941 1223 1004 1242 caro

213 1259 313 1293 factum
329 1260 400 1292 est‘,
421 1268 476 1287 non
499 1261 569 1288 citra
589 1260 709 1288 animam
726 1269 759 1288 ac
776 1264 862 1288 totum
879 1261 945 1288 illud
961 1268 1005 1288 nc-

212 1305 327 1340 gotium.
342 1305 409 1332 Nam
424 1313 486 1333 cum
500 1305 568 1334 dicit
585 1307 718 1339 animam,
738 1306 798 1334 sine
814 1314 930 1341 corpore
943 1313 1005 1334 esse

213 1358 269 1378 non
288 1351 464 1386 pronuntiat;
491 1359 581 1387 neque
595 1360 657 1380 cum
672 1360 789 1388 corpora
809 1353 937 1387 dicimus,
959 1360 1006 1380 ca-

214 1403 276 1424 rere
293 1397 392 1424 animis
416 1396 607 1432 intelligimus.
632 1395 704 1429 Quid
727 1396 810 1432 igitur
830 1396 876 1425 isti
898 1397 1005 1432 cogita-

213 1447 290 1476 runt,
308 1443 355 1478 qui
373 1447 491 1470 mentem
509 1442 544 1470 ab
561 1445 691 1478 suscepta
705 1442 828 1470 hominis
842 1446 941 1470 natura
962 1449 1006 1469 re-

211 1488 298 1524 jicere
324 1489 489 1516 voluerunt?
517 1492 564 1515 aut
591 1488 658 1524 quid
687 1495 719 1515 ea
745 1495 790 1516 res
813 1488 951 1516 commodi
976 1488 1004 1515 in

214 1533 366 1561 Ecclesium
390 1532 526 1560 contulit?
549 1532 606 1560 lmo
624 1541 689 1561 vero
710 1532 777 1569 quid
794 1539 848 1560 non
870 1532 1004 1560 tumultus

213 1578 469 1614 discordiarumque
491 1579 644 1607 conscivit?
661 1578 757 1606 Nonne
770 1579 816 1614 qui
837 1578 894 1605 haec
913 1578 1004 1605 animo

213 1625 344 1657 concipit,
371 1632 498 1652 mancam
516 1629 543 1652 et
558 1625 714 1652 inchoatam
731 1625 865 1652 duntaxat
887 1625 1003 1652 salutem

213 1676 335 1699 nostram
348 1679 409 1699 esse
423 1671 585 1699 constituit?
598 1670 677 1704 Quod
692 1671 766 1699 enim
781 1671 815 1699 ad
829 1678 881 1698 nos
897 1671 1003 1704 attinet,

214 1722 331 1745 mentem
343 1717 417 1744 aliud
432 1717 561 1752 quiddam
574 1724 606 1744 ac
619 1717 759 1745 diversum
775 1718 933 1745 existimare
949 1726 1005 1745 non

213 1771 373 1798 possumus,
397 1770 484 1798 neque
506 1763 702 1790 subsistentem
720 1771 768 1798 per
783 1770 844 1790 sese
858 1771 1004 1798 personam

212 1816 348 1840 asserere,
362 1808 409 1836 sed
426 1807 493 1835 illud
512 1808 601 1835 solum
618 1808 693 1843 quod
711 1809 894 1843 compositum
909 1811 962 1840 est,
977 1811 1004 1835 et

212 1855 329 1882 rationis
354 1854 502 1889 particeps,
530 1857 556 1882 et
583 1854 611 1881 in
636 1853 693 1889 84
721 1861 885 1889 unoquoque
909 1861 1004 1881 eorum

211 1901 293 1928 etiam
307 1900 354 1935 qui
371 1907 466 1927 errore
479 1899 628 1932 ducuntur,
655 1899 789 1935 sapientia
813 1899 1005 1935 intelligentia-

211 1954 265 1981 que
289 1947 442 1981 praeditum.
469 1947 557 1981 Atque
582 1949 612 1973 ut
638 1945 741 1980 aliquid
764 1945 875 1973 aderam
894 1954 928 1972 ex
955 1945 1006 1972 hu-

211 1999 291 2019 mana
326 1992 493 2027 cogitatione
523 1991 715 2027 depromptum
738 2000 745 2018 :
772 1991 1003 2027 quemadmodum

211 2038 285 2065 oculi
303 2037 330 2064 in
344 2045 458 2073 corpore
472 2041 547 2069 sunt,
561 2037 599 2064 ita
610 2045 686 2064 mens
696 2037 722 2064 in
736 2038 837 2070 anima,
847 2045 1003 2073 quanquam

211 2092 246 2112 ne
263 2083 338 2112 istud
361 2083 471 2119 quidem
490 2083 663 2111 contentiose
681 2091 713 2110 ac
730 2084 907 2118 pertinaciter
922 2091 1003 2111 usur-

211 2137 324 2166 pamus;
350 2129 398 2157 scd
426 2129 589 2164 simpliciter
606 2136 669 2156 esse
689 2133 806 2156 mentem
825 2129 943 2157 dicimus
963 2129 1004 2156 in-

212 2174 352 2210 telligcndi
370 2175 397 2200 in
414 2173 524 2201 homine
544 2174 712 2201 facultatem.
734 2173 804 2207 Quid
825 2174 908 2209 igitur
923 2173 1004 2201 homo

210 2221 321 2248 tandem
335 2220 397 2247 est?
410 2220 520 2251 Anima,
536 2227 648 2254 corpus,
661 2227 748 2250 mens,
767 2223 794 2247 et
810 2219 833 2247 si
849 2219 914 2255 quid
929 2219 1003 2246 aliud

1056 937 1103 964 καὶ
1117 936 1148 963 οὺ
1161 936 1271 968 πάντως
1285 935 1370 971 ψυχαὶ
1387 933 1458 971 ἦσαν
1475 934 1540 961 ἄνευ
1560 935 1698 969 σώματος,
1713 935 1783 962 ἀλλὰ
1798 935 1852 962 σώ-

1056 991 1129 1017 ματα
1146 982 1194 1009 σὺν
1216 982 1327 1017 ψυχαῖς.
1342 981 1398 1008 Καὶ
1423 979 1504 1007 πάλιν
1530 980 1626 1007 εἴωθεν
1639 981 1656 1016 ἡ
1671 980 1851 1016 ἀνθρωπύτης

1055 1027 1148 1056 καλεῖν
1170 1027 1216 1055 τὸν
1244 1027 1388 1063 ἄνθρωπον
1413 1026 1468 1053 ἀπὸ
1488 1025 1536 1052 τοῦ
1559 1026 1618 1057 ἐνὸς
1637 1026 1785 1062 ὀνόματος·
1809 1028 1852 1053 ὅτι

1055 1075 1194 1111 Δεσπότης
1221 1074 1295 1101 ἐστὶν
1323 1072 1488 1108 ὁγδοήκοντα
1524 1073 1667 1107 σωμάτων,
1688 1073 1717 1099 οὑ
1740 1073 1851 1105 πάντας

1055 1120 1118 1146 ἄνευ
1133 1118 1237 1154 ψυχῶν.
1265 1118 1297 1145 '0
1313 1118 1409 1152 Λόγος
1423 1117 1514 1144 τοίνυν
1535 1117 1615 1152 σὰρξ
1635 1117 1780 1153 γενόμενος
1800 1118 1851 1145 οἰκ

1055 1164 1134 1196 ἐκτὸς
1148 1164 1246 1200 ψυχῆς,
1265 1163 1315 1190 οὐκ
1329 1163 1408 1195 ἐκτὸς
1423 1163 1514 1198 πάσης
1528 1162 1729 1199 πραγματείας.
1746 1162 1782 1190 οὐ
1795 1163 1851 1200 γὰρ

1058 1211 1103 1237 ὅτε
1129 1210 1213 1245 λέγει,
1238 1211 1330 1246 ψυχὴ,
1355 1209 1420 1236 ἄνευ
1438 1208 1565 1245 σώματος
1593 1209 1767 1245 ἀπεφήνατο·
1789 1209 1852 1236 οὐδὲ

1058 1255 1103 1282 ὅτε
1118 1256 1245 1292 λέγομεν,
1260 1255 1387 1291 σώματα,
1400 1255 1464 1283 ἄνευ
1476 1255 1565 1290 ψυχῆς
1578 1255 1643 1282 ὗντα.
1657 1254 1850 1290 διανοούμεθα.

1056 1302 1089 1329 Τί
1101 1300 1147 1330 οὖν
1161 1302 1234 1336 ἔδοξε
1261 1303 1317 1334 τοῖς
1334 1301 1506 1338 βουλομένοις
1526 1302 1615 1337 λέγειν
1640 1301 1701 1337 (εις)
1722 1300 1768 1328 τὸν
1788 1300 1852 1328 νοῦν

1057 1347 1315 1384 παρεκὸεϐλῆσθαι;
1331 1347 1347 1383 ἢ
1362 1347 1388 1373 τι
1401 1346 1480 1374 τοῦτο
1495 1347 1544 1383 τὴν
1562 1346 1726 1379 Ἐκκλησίαν
1740 1345 1852 1382 ὠφέλη-

1057 1403 1119 1428 σεν;
1144 1394 1161 1429 ἦ
1185 1394 1212 1420 τί
1226 1393 1325 1429 μᾶλλον
1345 1394 1396 1420 οὐκ
1410 1392 1541 1428 ὲτάραξε;
1562 1392 1625 1424 Πῶς
1640 1392 1668 1419 δὲ
1684 1392 1734 1418 οὐκ
1754 1392 1852 1428 ἐλλιπῆ

1056 1442 1174 1468 ποιεῖται
1202 1440 1250 1476 τὴν
1269 1439 1347 1475 ἡμῶν
1364 1439 1503 1475 σωτηρίαν
1519 1439 1534 1465 ό
1550 1438 1585 1465 τὰ
1601 1437 1713 1465 τοιαῦτα
1728 1437 1852 1465 διανοού-

1058 1494 1158 1521 μενος;
1178 1481 1274 1521 Ἡμεῖς
1300 1485 1354 1520 γὰρ
1370 1485 1400 1511 οὗ
1413 1483 1551 1520 δυνάμεθα.
1572 1484 1735 1510 διανοεῖσθαι
1756 1483 1852 1519 ἕτερον

1055 1533 1102 1559 τὸν
1117 1533 1178 1560 γοῦν
1187 1531 1266 1564 εἶναι,
1278 1532 1338 1559 οὐδὲ
1349 1531 1497 1558 ὑπόστασιν
1507 1531 1601 1558 τοῦτον
1611 1530 1748 1566 δυνάμεθα
1762 1529 1852 1565 λέγειν

1057 1578 1118 1605 καθ’
1134 1578 1240 1611 ἑαυτὸν,
1267 1577 1336 1604 ἀλλὰ
1364 1577 1395 1604 τὸ
1413 1577 1539 1604 σύνθετον
1562 1576 1619 1612 ('56)
1635 1576 1681 1603 καὶ
1696 1576 1727 1602 τὺ
1741 1575 1852 1610 λογικὸν

1056 1625 1103 1651 καὶ
1118 1624 1233 1661 φρονοῦν
1249 1625 1277 1650 ἐν
1301 1624 1408 1659 ἑκάστῳ
1431 1623 1485 1649 τῶν
1510 1623 1727 1658 πεπλανημένων
1743 1623 1754 1639 ⁸
1769 1631 1776 1637 ·
1794 1619 1851 1649 οἷον

1056 1672 1144 1697 εἰπεῖν
1163 1671 1254 1707 νόημα
1267 1670 1314 1697 τοῦ
1334 1669 1491 1706 ἀνθρώπου,
1503 1669 1540 1701 ὼς
1556 1669 1689 1705 ὀφθαλμοὶ
1705 1669 1734 1696 ἐν
1744 1668 1783 1705 τῷ
1797 1669 1852 1695 ed»-

1058 1725 1132 1751 ματι,
1148 1715 1235 1748 οὕτως
1248 1716 1311 1747 νοῦς
1328 1716 1356 1742 ὲν
1374 1715 1446 1751 ψυχῇ
1463 1714 1519 1751 (57)
1533 1722 1540 1729 ·
1552 1714 1632 1742 πάλιν
1649 1715 1678 1741 δὲ
1694 1714 1754 1741 οὐδὲ
1770 1715 1852 1741 τοῦτο
1867 1747 1871 1751 ’

1057 1762 1202 1798 ἐριστικῶς
1217 1769 1317 1797 φαμεν,
1331 1761 1388 1788 ἀλλ’
1407 1760 1501 1793 ἁπλῶς
1517 1761 1547 1787 τὺ
1561 1761 1714 1797 ὲννοητικδν
1727 1760 1783 1787 τῶν
1802 1762 1851 1788 ἀν-

1057 1807 1183 1844 θρώπων.
1199 1807 1232 1834 Τί
1244 1806 1290 1834 οὗν
1306 1809 1380 1834 ἐστιν
1391 1807 1550 1843 ἄνθρωποςξ
1567 1807 1650 1843 ψυχὴ,
1667 1807 1758 1842 σῶμα,
1776 1807 1850 1841 νοῦς,

1056 1853 1103 1881 καὶ
1117 1853 1176 1880 εἴτι
1196 1853 1270 1880 ἐστὶν
1288 1853 1392 1889 ἕτερον.
1407 1853 1439 1879 Τί
1454 1853 1544 1879 τοίνυν
1561 1849 1641 1888 ἦλθεν
1656 1853 1670 1878 ὁ
1682 1852 1784 1888 Κύριος
1797 1852 1836 1880 σῶ
1884 1863 1894 1868 -

1057 1907 1119 1932 σαι;
1140 1898 1283 1935 ἄνθρωπον
1307 1898 1409 1926 τέλειον
1424 1898 1543 1930 πάντως.
1562 1898 1632 1933 Ἀρα
1646 1895 1692 1924 οὖν
1709 1898 1801 1925 πάντα
1815 1898 1851 1925 τὰ

1056 1944 1085 1971 ὲν
1101 1944 1176 1979 αὐτῷ
1190 1944 1300 1976 τελείως
1320 1943 1413 1970 ἔλαϐεν
1424 1953 1430 1959 ·
1447 1944 1507 1970 ἐπεὶ
1524 1943 1605 1970 πόθεν
1627 1943 1714 1970 ταῦτα.
1729 1943 1758 1970 ὲν
1775 1943 1850 1980 αὐτῷ

1056 1989 1224 2025 ἐπληροῦντο
1246 1990 1282 2016 τὰ
1305 1991 1346 2022 εἰς
1370 1989 1514 2026 ἄνθρωπον
1531 1989 1585 2017 ἀπὺ
1597 1989 1643 2017 νοῦ
1662 1989 1708 2016 καὶ
1723 1989 1850 2026 σώματος

1056 2036 1102 2062 καὶ
1112 2035 1211 2071 ψυχῆς,
1223 2037 1270 2063 καὶ
1281 2037 1370 2072 πάσης
1381 2036 1613 2073 ὲνανορωπήσεως
1625 2035 1688 2063 ἄνευ
1699 2037 1848 2072 ἁμαρτίας;

1056 2081 1103 2108 καὶ
1117 2081 1319 2118 προεφητεύετο
1344 2083 1391 2109 καὶ
1418 2082 1581 2117 ἀνελογεῖτο.
1602 2081 1700 2116 Σαφῶς
1713 2082 1768 2118 γὰρ
1784 2082 1849 2118 ἡμῖν

1056 2129 1212 2156 ὑποτίθεται
1235 2129 1250 2155 ὁ
1281 2128 1352 2160 θεῖος
1370 2129 1459 2162 λόγος,
1474 2128 1563 2163 λέγων
1575 2136 1582 2143 ’
1603 2127 1676 2155 Ἰδοὺ
1688 2127 1822 2162 συνήσει
1833 2129 1849 2154 ὀ

1055 2174 1129 2208 Παῖς
1145 2183 1205 2209 μου
1225 2176 1241 2202 d
1263 2174 1428 2209 ἀγαπητὸς,
1446 2174 1484 2201 ὃν
1497 2174 1634 2209 ᾑρέτισα,
1645 2173 1692 2208 ἐφ’
1704 2173 1742 2200 ὃν
1757 2174 1849 2208 ηὐδό-

1056 2228 1151 2255 κησεν
1163 2221 1182 2255 ἠ
1201 2220 1286 2255 ψυχή
1295 2230 1365 2255 μου.
1387 2220 1476 2255 Θήσω
1487 2219 1521 2247 τὸ
1530 2219 1653 2254 Πνεῦμά
1668 2228 1739 2254 μου,
1753 2220 1801 2246 καὶ
1814 2219 1848 2246 τὰ

211 2272 262 2295 est.
291 2265 361 2299 Quid
393 2266 475 2301 igitur
500 2264 627 2293 Christus
648 2265 675 2292 in
692 2265 807 2293 salutem
821 2266 1003 2294 restituturus

1057 2267 1131 2302 ἑξῆς.
1145 2268 1217 2302 ’Λρα
1244 2265 1290 2294 οῦν
1305 2267 1352 2293 τοῦ
1373 2267 1492 2294 συνιέναι
1512 2266 1522 2281 ⁸
1538 2265 1589 2292 ποῦ
1613 2265 1803 2301 πεπλήρωται,
1822 2266 1848 2292 εἰ

211 2313 346 2340 accessit?
366 2312 530 2344 Perfectum,
545 2311 654 2347 opinor,
672 2311 821 2340 hominem.
849 2311 920 2347 Ergo
939 2319 1002 2347 quze

211 2359 239 2385 in
256 2367 288 2386 eo
304 2363 368 2386 sunt
385 2360 478 2388 omnia
497 2359 616 2395 perlecte
644 2359 776 2395 suscepit.
803 2359 914 2395 Alioqui
935 2367 1003 2395 quo-

212 2404 293 2431 modo
317 2405 374 2432 hrc
400 2405 428 2432 in
454 2405 501 2432 illo
522 2413 585 2432 vera
609 2413 671 2433 esse
701 2405 866 2440 potuissent,
890 2413 951 2440 qua:
969 2405 1004 2433 de

211 2449 323 2477 homine
337 2457 370 2477 ex
387 2454 488 2481 mente,
508 2457 633 2485 corpore,
652 2451 756 2481 anima.
774 2457 806 2477 ac
822 2450 926 2485 reliqua
948 2450 1000 2477 hu-

212 2504 300 2525 manae
315 2497 377 2523 vita:
394 2496 550 2524 conditione
572 2501 670 2532 praeter
688 2501 828 2532 peccatum
842 2499 998 2528 constante,

211 2552 227 2571 a
245 2543 385 2579 prophetis
401 2543 529 2578 praedicta
542 2543 777 2579 pronuntiataqne
798 2543 884 2571 sunt?
908 2542 1000 2577 Siquis

211 2590 272 2618 dem
288 2591 433 2618 manifeste
448 2590 588 2627 Scriptura
606 2597 655 2617 nos
671 2590 714 2618 his
732 2590 824 2617 verbis
845 2589 975 2616 admonet
991 2597 997 2615 :

211 2636 278 2665 Ecce
289 2637 415 2673 intelliget
427 2637 498 2664 Puer
512 2645 584 2664 utens
597 2637 718 2669 dilectus,
731 2643 806 2670 quem
819 2636 895 2670 elegi,
910 2635 936 2662 in
950 2643 1001 2670 quo

245 2694 254 2709 ‘
270 2693 280 2720 l
294 2694 358 2722 Cor.
374 2703 432 2728 xtv,
443 2694 486 2722 13.
525 2694 535 2709 ¹
551 2692 650 2720 Ezech.
671 2699 746 2725 n'nt,
770 2692 797 2719 4.

211 2731 341 2757 συνιέναι.

245 2787 302 2822 (56)
320 2786 356 2814 Τὸ
381 2786 540 2817 σύνθετον,
571 2783 759 2822 conjunctum,
780 2783 886 2811 unitum
908 2783 999 2820 potius

211 2820 263 2848 hoc
279 2820 306 2848 in
320 2822 380 2847 loco
394 2822 511 2851 diceres,
528 2827 609 2854 quam
625 2820 819 2854 compositum.

245 2856 301 2892 (37)
320 2856 419 2888 Οὕτως
430 2855 504 2888 νοῦς
514 2853 548 2881 ἐν
558 2854 664 2892 dum};
672 2853 787 2892 Mentem
797 2853 885 2892 igitur
899 2854 998 2892 animae

212 2888 405 2925 prepr'ietatem
418 2897 479 2918 esse
493 2894 567 2918 recte
592 2888 708 2918 credidit
728 2888 906 2926 Epiphanius.
924 2889 1000 2922 Quo-

843 2692 854 2707 ³
871 2693 932 2719 Act.
949 2699 1036 2724 xxv“,

1059 2314 1108 2350 μὲν
1123 2315 1164 2346 εἰς
1192 2314 1242 2350 τὴν
1258 2314 1383 2350 θεότητα,
1400 2314 1492 2349 ἐνδεὴς
1503 2313 1558 2348 ἄρα
1577 2313 1593 2348 ὴ
1610 2311 1706 2347 θεότης
1722 2311 1769 2338 τοῦ
1785 2319 1847 2338 συν-

1057 2362 1143 2394 ιέναι;
1156 2361 1201 2397 Μὴ
1217 2361 1336 2396 γένοιτοῑ
1353 2361 1437 2388 Τοῦτο
1452 2361 1506 2397 γὰρ
1523 2362 1563 2392 εις
1579 2360 1625 2386 τὸν
1645 2360 1785 2396 Κυριακὺν
1801 2360 1848 2387 ἄν·

1056 2408 1164 2444 θρωπον
1178 2407 1339 2443 πληροῦται.
1355 2408 1388 2434 Εἰ
1400 2407 1428 2434 δὲ
1440 2407 1487 2434 ἐπὶ
1497 2406 1542 2434 τὸν
1553 2405 1692 2442 Κυριακὸν
1704 2405 1848 2440 ἄνθρωπον

1054 2452 1244 2488 πεπλήρωται,
1261 2451 1320 2484 πῶς
1347 2452 1457 2487 συνήσει
1478 2451 1685 2487 ὲνανθρὼπησις
1706 2450 1773 2478 ἄνευ
1790 2450 1848 2482 νοὺς

1054 2498 1231 2534 ὑπάρχουσα;
1248 2498 1378 2526 ἀδύνατον
1394 2498 1487 2525 τοῦτο·
1505 2498 1529 2524 εἰ
1551 2497 1605 2534 γὰρ
1627 2497 1749 2529 ὃλωςξτδ
1772 2504 1846 2524 συν-

1054 2543 1122 2576 ήσει
1141 2544 1186 2570 ἐπὶ
1197 2543 1243 2571 τδν
1253 2543 1371 2579 Χριστὸν
1387 2543 1564 2579 ἀναφέρεται,
1578 2543 1696 2579 Χριστὸς
1706 2542 1734 2570 δὲ
1746 2542 1846 2570 ἄνωθεν

1055 2587 1121 2618 θεὸς
1133 2588 1229 2622 Λόγος,
1246 2588 1315 2624 σὰρξ
1329 2588 1358 2615 δὲ
1371 2588 1516 2624 γενόμενος
1537 2588 1590 2615 ἀπὸ
1607 2588 1726 2624 Μαρίας,
1748 2589 1797 2614 καὶ
1805 2588 1847 2614 ὲν-

1056 2634 1239 2670 ανθρωπήσας
1261 2635 1327 2670 ἡμῖν
1342 2635 1547 2671 συνανεστράφη
1560 2634 1630 2662 κατὰ
1643 2634 1673 2660 τὸ
1687 2633 1847 2670 γεγραμμέυ

1052 2692 1096 2720 5⁵1.
1154 2692 1165 2708 ’⁸
1177 2692 1257 2720 Joan.
1270 2700 1290 2725 ι,
1307 2692 1352 2720 Η.
1406 2693 1415 2707 ’⁷
1430 2691 1459 2721 F.
1478 2692 1689 2728 πεπλασμένων.
1743 2692 1754 2707 ⁶
1771 2692 1800 2719 F.
1817 2693 1847 2718 ’.τὸ

1054 2785 1214 2820 ticscunque
1232 2784 1315 2820 igitur
1332 2784 1451 2812 animam
1478 2792 1493 2811 a
1517 2788 1607 2812 mente
1622 2784 1781 2820 distinctam
1796 2782 1844 2820 ad~

1053 2821 1159 2848 mittere
1172 2818 1292 2852 videtnr,
1311 2827 1348 2860 ex_
1362 2820 1584 2860 adversariorum
1601 2819 1731 2855 opinione
1755 2818 1842 2854 loqui.

1052 2859 1106 2890 tur,
1124 2864 1178 2883 non
1193 2863 1270 2882 suam
1286 2856 1362 2890 ponit
1384 2856 1558 2882 sententiam.
