1940 3043
167 155 219 185 Hi7

874 150 903 178 S.
922 145 1093 175 EPIPIMNII

1749 139 1803 168 l68

169 219 230 247 quae
249 209 377 246 precandi
398 217 483 238 causa
517 207 607 246 posita
640 212 699 243 est;
733 211 762 236 at
785 207 859 236 illius
884 206 1039 235 incarnatio
1059 213 1123 234 vere
1147 208 1190 232 est
1214 203 1410 239 prophetarum
1431 199 1552 229 oraculis
1579 197 1728 236 praedicta:
1764 196 1802 224 si-

167 258 276 293 quidem
293 262 321 284 et
335 257 414 290 illud,
431 256 594 283 Procedebat
612 261 700 288 wtate,
716 263 779 284 vere
794 255 958 290 proprieque
976 254 1087 282 dicitur.

204 305 311 332 LXXX.
333 305 471 337 Quidnam
488 309 579 332 autem
598 303 696 332 aﬂerre
707 312 738 331 se
752 303 798 331 isti
817 311 898 338 posse
913 310 977 338 μοι,

1046 303 1089 329 Il’.
1114 301 1197 328 Ἀλλὰ
1218 299 1246 327 τί
1268 300 1294 327 οί
1317 298 1434 326 τοιοῦτοι
1462 296 1605 332 νομίζουσι
1629 295 1734 327 λέγειν,
1755 294 1806 320 Liv

168 356 238 384 tant,
262 352 285 379 si
301 351 452 386 perfectum
471 351 613 379 hominem
630 358 645 378 e
658 349 744 377 Maria
760 350 884 385 genitum
898 356 961 377 esse

168 398 322 429 Christum,
350 400 398 423 aut
423 400 514 424 mente
542 395 687 432 praeditum
714 394 892 422 asseramus?
918 395 961 421 An

169 443 323 479 periculum
348 445 400 474 est,
425 449 460 469 ne
482 442 558 468 illum
576 441 696 476 peccatis
710 439 859 467 obnoxium
877 438 964 467 fuisse

171 487 367 522 suspicemur?
392 487 487 515 Absit!
521 486 664 514 Peccatum
692 487 794 522 quippe
816 494 869 514 non
889 486 962 520 fecit,

172 543 216 562 nec
228 535 345 560 inuentus
362 538 400 560 est
414 533 491 560 dotus
505 533 533 560 in
546 541 590 560 ore
601 533 658 567 ejus
669 533 689 559 ’.
699 531 766 559 Nam
779 532 802 559 si
818 532 872 559 vim
887 539 964 559 suam

172 580 275 608 sanctis
298 579 464 614 quibusdam
485 579 552 606 viris
572 578 721 611 aﬁlaverit,
748 579 795 615 qui
821 582 966 614 propterea

172 626 309 653 constanti
337 625 493 653 testimonio
518 625 623 658 sancti,
648 625 734 660 justi,
760 629 787 652 et
810 628 892 652 actate
916 631 966 651 sua

173 671 297 708 provecti
313 673 382 698 citra
398 671 640 706 reprehensionem
656 671 738 698 ullam
755 670 858 698 vixisse
874 670 966 698 dican-

176 722 230 749 tur,
262 721 366 751 quanto
392 717 480 752 magis
501 717 546 744 ille
567 717 625 752 ipse
640 725 646 743 :
661 715 694 743 In
709 724 760 751 quo
778 717 863 743 omnis
882 716 968 751 pleni-

180 762 241 788 Iuda
257 762 406 789 divinitatis
417 761 536 789 habitare
549 761 723 796 corporaliter
741 761 853 794 voluit’,
872 769 970 796 quam—

184 807 225 834 vis
234 813 326 834 veram
342 815 356 834 e
373 806 457 833 Maria
470 814 579 842 semper
588 807 693 842 virgine
702 814 813 834 carnem
828 810 854 832 et
871 806 970 833 huma-

180 860 244 879 nam
256 853 373 879 animam
386 860 447 879 cum
462 857 553 880 mente
562 860 593 879 ac
603 852 711 881 caeteris
720 852 838 880 hominis
848 852 971 887 Partibus

178 898 326 933 acceperit,
349 898 376 925 in
394 897 487 933 seipso
513 898 550 925 ita
573 898 715 926 continere
743 898 847 931 omnia.
878 903 972 934 utpote

177 942 261 976 Deus,
280 943 380 978 potuit,
399 947 430 970 ut
446 950 534 978 neque
550 944 577 970 in
592 944 742 978 nequitiam
766 950 971 980 spargerentur,

1012 349 1134 384 εἴπωμεν
1152 347 1255 375 τέλειον
1273 346 1417 383 ἄνθρωπον
1437 345 1470 371 ἐκ
1494 343 1604 379 Μαρίας
1619 342 1665 369 τον
1685 341 1807 377 Χριστὸν

1013 394 1155 429 γεγονότα,
1184 394 1201 429 ἢ
1226 392 1363 428 ὶσχηκότα
1381 392 1409 424 ⁶;
1438 391 1485 426 Μὴ
1510 390 1697 424 ὑπονοήσομεν
1722 387 1807 414 αὐτὸν

1013 440 1162 476 ἁμαρτίαις
1177 439 1365 470 ὑποπεσόντας
1382 437 1426 473 Μὴ
1439 437 1557 471 γένοιτοί
1577 436 1736 470 Ἀμαρτίαν
1751 434 1807 469 γὰρ

1014 487 1071 513 οὐκ
1083 485 1240 519 ἐποίησεν,
1257 484 1329 512 οὐδὲ
1343 483 1450 518 εὑρέθη
1465 482 1555 515 δόλος
1571 482 1607 508 ἐν
1620 481 1661 514 τῷ
1679 481 1810 515 στόματι

1015 531 1123 560 αὑτοῦ.
1143 531 1177 558 Et
1200 530 1255 566 γὰρ
1279 530 1330 566 τὴν
1352 529 1434 557 αὐτοῦ
1460 528 1574 563 δύναμιν
1589 527 1734 554 ἐνέπνευσε
1750 526 1810 557 τοις

1017 579 1115 614 ἁγίοις,
1130 578 1179 605 καὶ
1194 578 1223 604 ὲν
1237 573 1278 608 οἷς
1293 575 1438 602 ἐνέπνευσε
1459 572 1660 610 μαρτυροῦνται
1677 573 1719 599 ὃτι
1735 569 1812 607 ἦσαν

1018 625 1102 659 ἅγιοι,
1119 623 1229 655 δίκαιοι,
1247 620 1450 657 προδεδηκότες
1464 620 1492 646 ἑν
1506 620 1566 651 ταῖς
1585 618 1702 654 ἡμέραις
1718 617 1811 644 αὐτῶν

1018 671 1170 707 ἄμεμπτοι,
1186 668 1262 704 πόσῳ
1273 676 1306 702 γε
1321 667 1421 702 μᾶλλον
1435 665 1516 697 αὐτὸς
1529 665 1607 697 ὅλως,
1628 665 1675 691 Ἐν
1688 660 1713 697 ᾧ
1725 663 1813 691 31506-

1020 723 1097 749 κησε
1113 714 1176 742 πᾶν
1194 713 1229 740 τὸ
1244 712 1391 746 πλήρωμα
1407 711 1462 746 τῆς
1478 711 1618 744 θεότητος
1633 708 1814 743 κατοικῆσαι

1019 761 1204 797 σωματικῶς,
1231 760 1283 789 κᾶν
1300 767 1330 786 τε
1354 758 1444 795 σάρκα
1458 757 1587 793 ἀληθινὴν
1608 757 1677 792 λάὸῃ
1700 757 1734 783 ὲκ
1751 757 1814 783 Μαι

1023 807 1083 842 ρίας
1106 807 1155 842 τῆς
1167 805 1359 841 ἀειπαρθένω,
1382 803 1431 830 καὶ
1449 802 1539 838 ψυχὴν
1557 800 1730 838 ἀνθρωπείαν
1745 801 1816 836 ἁλη-

1023 852 1104 885 θινῶς
1128 852 1176 879 κα)⁸
1198 851 1260 878 νοῦν
1284 851 1331 877 καὶ
1351 850 1378 877 εί
1400 857 1426 875 τι
1452 848 1526 875 ἐστὶν
1545 847 1639 883 ἕτερον
1656 847 1685 873 tv
1706 846 1747 882 τῷ
1767 847 1816 873 ἀν-

1024 899 1137 936 θρώπῳ,
1152 898 1234 929 αὐτὸς
1249 898 1279 924 ἐν
1294 895 1384 931 ἐαυτῷ
1406 895 1477 931 ἔχων
1492 893 1527 921 τὰ
1542 893 1601 925 ὅλα,
1622 894 1732 928 κατεῖχε
1745 892 1815 925 Θεὸς

1024 945 1074 978 ὢν,
1085 945 1122 981 μὴ
1139 944 1305 980 μεριζόμενα
1320 942 1388 977 πρὸς
1400 941 1449 977 τὴν
1463 940 1572 972 κακίαν,
1589 939 1626 976 μὴ
1640 939 1817 974 θρυπτόμενα

178 996 268 1024 neque
290 988 401 1024 maligni
426 989 515 1017 hostis
533 988 630 1017 fraude
653 989 760 1018 deliciis
782 978 972 1026 infringeret:-

1028 978 1148 1019 ἀπὺ-του
1173 978 1305 1026 ττονηροῦ,
1327 988 1365 1024 μὴ
1383 987 1549 1022 ἁλισκόμενα
1568 987 1597 1013 δν
1613 987 1645 1021 τῇ
1667 985 1759 1021 ἡδονῇ,
1777 984 1816 1020 μὴ

179 1038 234 1066 tur,
260 1041 349 1068 neque
375 1034 546 1069 voluptatum
568 1034 707 1063 illecebris
733 1039 909 1070 caperentur,
923 1041 975 1063 uec

181 1079 279 1108 Adami
306 1079 407 1107 delicto
438 1081 666 1116 subjicerentur?
697 1081 754 1117 86
781 1079 830 1115 0b.
847 1081 875 1108 id
902 1082 975 1109 cnim

180 1127 332 1162 Apostolus
360 1126 457 1154 dixit:
486 1126 587 1154 Factus
614 1127 661 1154 sub
690 1127 744 1162 lege
764 1127 791 1160 ';
819 1127 911 1154 item:
941 1126 976 1154 Et

182 1171 275 1198 habitu
302 1172 420 1199 inventus
446 1176 474 1198 ut
500 1172 577 1199 homo
588 1172 609 1198 ⁵.
636 1172 701 1205 Quae
733 1172 837 1204 verba,
865 1171 976 1205 habitu,

182 1221 210 1244 et
233 1217 280 1244 sub
305 1217 370 1252 lege,
395 1218 525 1252 utrinque
551 1217 688 1250 collecta,
716 1221 770 1245 tam
788 1221 893 1245 natum
917 1225 978 1253 per-

184 1260 342 1288 fectionem'
362 1262 535 1296 signiﬁcant,
562 1269 643 1297 quam
673 1267 811 1296 expertem
840 1262 978 1298 passionis

185 1310 299 1334 statum.
327 1306 439 1334 Eteninf
458 1314 490 1334 ex
512 1315 545 1334 co
568 1307 642 1342 quod
663 1307 752 1341 [actus
781 1307 891 1341 dicitur,
917 1317 980 1345 per-

186 1353 274 1380 fectus
297 1352 380 1380 fuisse
403 1352 579 1387 declaratur;
612 1353 679 1380 illud
708 1358 811 1388 autem,
841 1355 888 1382 sub
912 1355 978 1391 lege,

185 1404 241 1424 non
271 1396 333 1426 ﬁcte
361 1397 473 1431 solaque
499 1397 590 1432 specie
612 1398 751 1426 hominem
779 1398 864 1427 fuisse
888 1399 980 1428 decla-

186 1448 248 1477 rat;
266 1447 404 1478 postremo
430 1443 535 1471 habitus
560 1443 654 1479 ﬁgura:
675 1445 881 1479 constantiam;
897 1450 980 1481 atque

185 1489 264 1521 illud,
282 1493 310 1515 ut
340 1489 426 1523 homo,
448 1490 598 1517 immunem
616 1497 631 1517 a
657 1494 771 1525 peccalo
793 1491 978 1520 conditionem

186 1535 367 1563 demonstrat.
383 1536 450 1569 Qum
474 1543 536 1562 cum
554 1536 591 1562 ita
612 1544 641 1563 se
658 1536 793 1570 habeant,
819 1545 901 1565 nemo
921 1537 981 1564 ina-

187 1580 269 1608 nibus
306 1581 405 1608 t'abulis
434 1581 562 1616 decipiat.
601 1581 669 1608 Nam
698 1582 723 1609 si
757 1581 827 1609 idem
861 1583 907 1610 ille
931 1584 979 1618 qui

187 1634 298 1654 sursum
326 1635 390 1655 vcre
412 1632 454 1655 est
474 1635 489 1654 a
514 1626 594 1655 Patre
621 1627 740 1662 genitus,
765 1629 848 1655 etiam
865 1636 879 1655 a
894 1628 980 1657 Maria

188 1673 296 1708 genitus
310 1677 361 1706 cst,
379 1676 435 1700 tam
451 1681 573 1706 sursum,
591 1682 673 1710 quam
696 1673 768 1701 infra
786 1682 852 1703 vcre
870 1676 980 1710 genitus

189 1723 241 1746 est.
260 1718 288 1745 Si
303 1726 412 1746 sursum
427 1719 603 1753 imperfectus
623 1723 675 1753 est,
699 1719 770 1747 infra
794 1728 904 1755 quoque
928 1721 982 1748 erit

190 1765 384 1799 imperfectus;
406 1766 428 1792 si
446 1773 556 1793 sursum
572 1766 722 1801 perfectus,
740 1767 823 1794 etiam
836 1766 908 1794 infra
924 1775 982 1802 per-

193 1810 281 1838 fectus
293 1811 355 1838 erit.
379 1810 474 1845 Neque
495 1819 561 1838 vero
587 1812 615 1839 in
642 1812 696 1839 alio
718 1812 837 1847 quodam
860 1812 982 1848 perfecto

193 1856 334 1884 habitasse
354 1855 466 1888 dicitur,
487 1856 535 1884 sed
554 1857 581 1884 in
598 1857 689 1892 seipse
708 1857 857 1893 perfecisse
879 1858 982 1886 omnia.

191 1900 369 1928 Postmodum
392 1909 457 1928 vero
482 1901 522 1929 sic
544 1910 559 1929 a
581 1902 698 1930 mortuis
722 1903 874 1930 resurrexit
886 1907 916 1930 ut
926 1910 983 1931 non

192 1947 310 1983 amplius
333 1948 360 1975 in
385 1955 485 1982 corpus
503 1948 530 1975 in
553 1948 690 1983 sepulcro,
711 1951 739 1976 et
753 1948 936 1981 divinitatem,
956 1951 984 1976 et

194 1995 314 2020 animam
340 1994 392 2021 sub
416 1997 491 2020 terra
520 1993 678 2028 dividatur;
706 2002 795 2029 neque
817 1995 985 2022 contrectari

193 2039 312 2074 amplius
330 2040 434 2075 possit;
453 2047 544 2075 neque
559 2048 642 2075 porro
657 2040 775 2068 discedit
790 2041 919 2076 amplius,
936 2040 985 2068 sed

194 2086 314 2114 Occlusis
339 2085 446 2114 foribus
467 2086 629 2121 ingreditur,
648 2090 675 2114 et
688 2086 799 2114 Thomaa
811 2087 904 2122 digitis
918 2094 986 2115 con-

196 2131 323 2166 tingitur,
345 2139 380 2158 ne
399 2131 469 2159 falsa
495 2131 613 2166 quadam
638 2132 767 2167 imagine,
796 2131 845 2160 sed
870 2132 986 2160 veritate

193 2182 322 2204 constare
340 2177 481 2204 credatur.
495 2177 544 2204 Cui
561 2178 671 2212 quidem
686 2182 782 2213 postea
794 2178 914 2206 Thomas
928 2179 987 2214 ipse

196 2220 276 2249 ﬁdem
305 2221 421 2250 habuit:
439 2222 485 2249 ubi
511 2222 578 2250 illud
608 2223 748 2258 impletum
772 2228 837 2252 est:
861 2224 987 2252 Manibul

194 2267 259 2294 meis
280 2267 365 2294 Deum
387 2268 504 2303 quwsivi,
533 2273 557 2296 et
583 2277 635 2295 non
655 2277 713 2296 sum
735 2269 857 2303 deceptus
870 2270 893 2297 ⁸.
914 2269 987 2298 Idem

1025 1037 1213 1064 ὑποπίπτοντα
1235 1035 1275 1071 τῷ
1288 1034 1336 1062 τοῦ
1359 1034 1444 1069 Ἀδὰμ
1458 1031 1680 1069 παραπτώματα
1700 1031 1754 1057 Καὶ
1770 1031 1818 1057 διὰ

1025 1083 1103 1111 τοῦτό
1118 1091 1200 1118 φησιν
1212 1083 1227 1109 ό
1249 1080 1420 1111 ’Δπόστολος,
1442 1079 1610 1113 Γενόμενος
1632 1076 1691 1104 ὑπὸ
1705 1077 1817 1111 νόμον·

1025 1131 1074 1157 καὶ
1097 1129 1190 1161 πάλιν,
1219 1129 1266 1155 Ἐν
1280 1127 1412 1162 σχήματι
1436 1125 1567 1159 εὑρεθείς
1588 1124 1629 1157 ὡς
1650 1123 1819 1157 ἄνθρωπος.

1026 1176 1064 1203 Τὸ
1077 1176 1106 1202 δὲ
1118 1174 1262 1210 σχήματι,
1278 1174 1326 1201 καὶ
1341 1173 1372 1200 τὺ
1388 1171 1446 1199 ὑπὸ
1465 1172 1570 1206 νόμον,
1596 1170 1629 1196 δι’
1655 1168 1820 1204 ἀμφοτέρων

1028 1221 1221 1256 συναγόμενον,
1239 1218 1395 1253 τελειότητα
1411 1215 1538 1252 σημαίνει
1555 1215 1602 1241 καὶ
1616 1212 1749 1240 ἀπάθειαν
1759 1219 1767 1226 ·
1786 1212 1821 1238 ὲκ

1027 1265 1074 1293 τοῦ
1092 1265 1262 1301 γενόμενος,
1281 1263 1313 1290 τὸ
1338 1260 1407 1289 εἶναι
1423 1260 1538 1291 τέλειος·
1555 1259 1602 1286 καὶ
1616 1257 1662 1284 τοῦ
1686 1256 1745 1284 ὑπὸ
1770 1256 1822 1282 νό-

1027 1320 1096 1348 μον,
1111 1311 1142 1338 τὸ
1159 1311 1196 1346 μὴ
1215 1309 1340 1344 δοκήσειυ
1363 1307 1410 1334 καὶ
1424 1305 1464 1339 τῷ
1482 1304 1624 1340 σχήματι,
1638 1303 1687 1338 τῆς
1703 1302 1775 1333 ἰδέας
1790 1301 1823 1328 τὺ

1030 1358 1138 1394 βέϐαιον
1148 1365 1155 1373 ·
1173 1355 1221 1383 καὶ
1234 1355 1267 1382 ἑκ
1278 1354 1324 1382 τοῦ
1338 1354 1377 1387 ὡς
1391 1353 1556 1386 ἅνθρωπος,
1571 1350 1601 1377 τὸ
1616 1349 1821 1384 ἀναμάρτητον.

1028 1402 1139 1430 Τούτων
1154 1401 1245 1428 τοίνυν
1267 1399 1354 1431 οὕτως
1369 1398 1496 1434 ἑχόντων,
1512 1396 1606 1432 μηδεὶς
1620 1394 1752 1422 ἀπατάτω
1775 1401 1824 1420 κε-

1030 1449 1085 1479 vo't;
1101 1446 1196 1482 μύθοις
1210 1445 1278 1481 (59).
1294 1445 1325 1471 Et
1348 1443 1403 1478 γὰρ
1422 1441 1524 1470 ἄνωθεν
1540 1440 1681 1477 γεννηθεὶς
1696 1440 1750 1467 ἀπὸ
1766 1441 1824 1467 Πα-

1029 1494 1094 1530 τρὸς
1109 1492 1255 1528 ἀληθινῶς,
1276 1490 1410 1526 ἐγεννήθη
1423 1490 1471 1517 καὶ
1487 1489 1541 1516 ἀπὸ
1564 1488 1683 1524 Μαρίας,
1703 1487 1751 1514 καὶ
1766 1487 1825 1514 ἄνω

1030 1539 1168 1574 ἀληθεύει,
1184 1538 1233 1565 καὶ
1249 1537 1325 1565 κάτω
1338 1535 1476 1571 ἀληθεύει.
1493 1535 1548 1562 Καὶ
1568 1534 1594 1560 εί
1606 1535 1680 1561 ἐστιν
1693 1533 1750 1560 ἄνω
1763 1533 1827 1559 ἀτε-

1030 1585 1090 1621 λὴς,
1107 1584 1154 1612 καὶ
1171 1584 1246 1611 κάτω
1261 1582 1372 1618 ἀτελής.
1394 1581 1426 1608 Εἰ
1443 1580 1472 1607 δὲ
1495 1579 1552 1607 ἀνω
1568 1579 1627 1606 ἐπὶ
1646 1578 1759 1611 τέλειος,
1776 1577 1826 1604 καὶ

1032 1632 1107 1659 κάτω
1125 1630 1184 1657 ἐστὶ
1198 1629 1300 1661 τέλειος
1309 1637 1317 1643 ·
1330 1628 1380 1654 οὐκ
1398 1628 1427 1654 ἐν
1436 1626 1508 1662 ἄλλῳ
1523 1626 1619 1661 τελείῳ
1632 1626 1751 1661 ῷιιησεν,
1766 1623 1825 1650 ἀλλ’

1033 1677 1129 1704 ἑαυτὸν
1148 1675 1182 1703 τὰ
1197 1676 1288 1703 πάντα
1304 1673 1447 1701 ἐτελείωσε
1457 1681 1463 1688 ·
1481 1672 1530 1699 καὶ
1548 1671 1646 1707 ἀνέστη
1667 1672 1700 1698 ὲκ
1712 1670 1767 1697 τῶν
1780 1677 1827 1696 νε-

1032 1723 1117 1759 κρῶν,
1146 1721 1244 1758 μηκέτι
1270 1720 1449 1756 μεριζόμενος
1475 1719 1505 1746 ἐν
1530 1718 1652 1754 μνήματι
1668 1717 1709 1749 είς
1732 1716 1827 1751 σῶμα,

1032 1769 1080 1795 καὶ
1095 1767 1220 1803 θεότητα,
1235 1767 1284 1794 καὶ
1295 1766 1384 1802 ψυχὴν
1398 1767 1427 1792 ὲν
1441 1765 1640 1801 καταχθονίοις,
1658 1763 1756 1799 μηκέτι
1773 1763 1829 1790 uno

1033 1814 1106 1849 ἁφὴν
1123 1813 1295 1845 ὑποπίπτων,
1314 1811 1413 1848 μηκέτι
1430 1811 1617 1846 ἀπερχόμενος
1632 1811 1654 1842 ⁷,
1667 1809 1725 1837 ἀλλ’
1738 1809 1831 1844 εἰσερ-

1033 1859 1147 1894 χόμενος
1167 1857 1257 1893 θυρῶν
1280 1856 1491 1892 κεκλεισμένων,
1508 1855 1709 1892 ψηλαφώμενος
1729 1855 1758 1881 δὲ
1773 1854 1829 1881 imo

1033 1903 1081 1930 τοῦ
1101 1903 1198 1938 Θωμᾶ,
1214 1903 1258 1930 ἵνα
1276 1902 1314 1938 μὴ
1336 1901 1472 1938 φαντασίᾳ
1495 1901 1661 1936 ἀπεικασθῇ,
1677 1900 1735 1927 ἀλλ’
1760 1899 1832 1936 ἀλη-

1035 1949 1111 1984 Θείᾳ·
1131 1950 1146 1976 ό
1160 1948 1212 1975 ὑπὸ
1225 1948 1272 1975 τοῦ
1288 1949 1374 1983 Θωμᾶ
1386 1947 1554 1979 πιστευθεὶς,
1573 1946 1643 1982 μετὰ
1663 1946 1694 1973 τὸ
1715 1946 1829 1981 πληρω-

1036 1995 1115 2031 θῆναι
1133 1995 1165 2021 τὺ
1187 1994 1395 2030 προειρημένον,
1415 1993 1482 2027 Ταῖς
1501 1994 1588 2028 χερσί
1607 2002 1666 2028 μου
1682 1992 1736 2020 τὸν
1753 1992 1830 2020 Θεὸν

1035 2039 1210 2074 ὲξεζήτησα,
1230 2040 1280 2067 καὶ
1297 2040 1354 2066 οὐκ
1371 2039 1540 2074 ήπατήθην.
1564 2039 1593 2065 '0
1615 2038 1696 2071 αὐτὸς
1718 2038 1794 2070 Θεὸς,
1813 2039 1830 2064 ὁ

1036 2085 1118 2117 αὐτὸς
1144 2085 1298 2120 ἄνθρωπος,
1327 2085 1342 2110 ὸ
1369 2085 1407 2120 μὴ
1434 2084 1564 2119 σύγχυσιν
1588 2083 1828 2119 ἀπεργασάμενος,

1038 2131 1106 2158 ἀλλὰ
1119 2131 1154 2158 τὰ
1166 2131 1213 2158 δύο
1229 2131 1350 2167 κεράσας
1365 2131 1405 2162 είς
1416 2130 1445 2157 ἒν
1455 2139 1461 2145 ’
1476 2131 1526 2157 οὐκ
1538 2130 1578 2162 είς
1590 2129 1762 2165 ἀνυπαρξίαν
1776 2137 1831 2164 χω-

1040 2178 1144 2214 ρήσας,
1170 2177 1239 2204 ἀλλὰ
1261 2176 1472 2212 συνδυναμώσας
1495 2177 1574 2212 σῶμα
1597 2176 1690 2212 γήινον
1710 2176 1744 2210 τῇ
1768 2174 1830 2201 θεό-

1037 2232 1110 2258 τητι.
1136 2224 1176 2256 είς
1201 2223 1264 2258 μίαν
1281 2223 1402 2263 ,δύναμιν
1424 2223 1540 2257 ἥνωσεν,
1562 2223 1602 2254 εἰς
1626 2222 1691 2257 μίαν
1715 2221 1831 2256 θεότητα

1040 2269 1210 2304 συνήγαγενσ
1238 2265 1279 2299 εἷς
1305 2265 1343 2293 ὢν
1368 2266 1481 2302 Κύριος,
1508 2264 1549 2298 εἷς
1572 2265 1700 2302 Χριστὸς,
1724 2265 1756 2292 οὐ
1783 2265 1832 2292 δύο

195 2319 262 2347 ergo
279 2312 351 2340 Deus
368 2317 395 2340 et
415 2313 497 2341 homo
516 2314 586 2341 nihil
604 2314 767 2350 permislum
785 2314 977 2351 couiusumquv

1039 2314 1164 2351 Χριστοὶ,
1183 2313 1247 2342 οὐδὲ
1266 2313 1313 2340 δύο
1329 2313 1401 2340 Θεοί.
1424 2313 1469 2340 Ἐν
1491 2312 1565 2349 αὒτῷ
1585 2313 1667 2348 σῶμα
1682 2320 1833 2347 πνευματι-

197 2358 335 2393 praestitit.
357 2359 405 2386 sed
426 2360 454 2386 in
480 2368 564 2387 unum
586 2361 667 2388 ambo
684 2361 857 2395 temperavit.
876 2363 916 2390 Ita
933 2371 989 2391 non

198 2403 226 2429 in
248 2403 362 2430 nihilum
384 2405 461 2437 abiit,
483 2405 530 2432 sed
555 2409 693 2433 terrenum
719 2413 820 2442 corpus
846 2407 988 2437 divinitate

198 2447 366 2475 conﬁrmans
382 2449 409 2475 in
428 2457 508 2476 unam
532 2449 585 2476 vim
606 2450 832 2486 divinitatemque
850 2452 987 2486 conﬂavit,

199 2501 271 2521 unus
292 2493 419 2521 videlicet
444 2493 588 2528 Dominus,
612 2504 737 2532 lmusque
760 2497 908 2530 Christus;
933 2506 988 2526 non

199 2538 254 2566 duo
275 2538 388 2571 Christi.
410 2540 452 2568 vel
477 2540 529 2568 Dii.
551 2540 579 2568 In
597 2549 629 2570 eo
644 2543 767 2578 spiritale
783 2551 884 2579 corpus
905 2544 987 2576 inest.

200 2585 228 2612 in
243 2584 338 2612 eodem
353 2584 482 2614 divinitas
501 2595 563 2622 quae
586 2587 782 2623 comprehendi
808 2597 862 2615 non
886 2592 989 2624 potest.

1041 2361 1099 2393 κον,
1115 2362 1144 2387 ὲν
1165 2360 1240 2396 αὺτῷ
1262 2360 1357 2396 θεότης
1374 2360 1575 2395 ἁκατάληπτος,
1596 2359 1628 2386 τὺ
1643 2359 1777 2391 πεπονθὸς
1794 2358 1832 2395 μὴ

1041 2406 1172 2444 φθαρτὸν,
1189 2407 1220 2434 τὸ
1241 2406 1346 2438 ἀπαθὲς
1367 2405 1515 2442 ἄφθαρτον,
1540 2405 1681 2442 ἀφθαρσία
1698 2404 1729 2431 τὸ
1752 2404 1830 2431 ὅλον·

1041 2452 1107 2484 Θεὸς
1122 2452 1235 2488 Κύριος,
1253 2453 1435 2489 καθεζόμενος
1456 2453 1486 2479 ὲν
1502 2452 1577 2488 δεξιᾷ
1596 2451 1644 2478 τοῦ
1659 2451 1775 2487 [ἰατρὸς.
1794 2450 1832 2486 μὴ

1041 2497 1213 2533 παραλείψας
1238 2498 1288 2533 τὴν
1311 2498 1418 2534 σάρκα,
1442 2499 1482 2530 είς
1505 2498 1534 2524 ἐν
1555 2498 1584 2524 δὲ
1609 2497 1764 2528 συνενώσας
1785 2497 1832 2523 καὶ

1041 2544 1080 2574 εις
1096 2543 1160 2578 μίαν
1180 2543 1212 2570 τὺ
1225 2543 1286 2571 ὅλον
1300 2544 1426 2580 θεότητα,
1441 2543 1624 2579 καθεζόμενος
1643 2544 1672 2569 ὲν
1688 2542 1763 2578 δεξιᾷ
1785 2542 1832 2569 τοῦ

1041 2589 1158 2625 Πατρός.

200 2631 239 2658 Ac
266 2630 338 2666 quod
367 2639 479 2668 passum
505 2637 558 2666 est,
588 2635 776 2670 corruptionis
801 2639 843 2662 est
869 2643 988 2670 expers;
1008 2635 1080 2670 quod
1098 2635 1221 2670 passioni
1234 2644 1289 2664 non
1302 2637 1450 2665 obnoxium
1468 2640 1520 2669 est,
1556 2636 1757 2670 incorruptum,
1792 2633 1834 2661 vel

245 2707 268 2734 ¹1
284 2708 355 2750 ῐξοιγ.
369 2717 411 2750 lu,
428 2710 474 2738 22.
488 2711 523 2750 κ·
542 2710 599 2737 Col.
618 2718 647 2750 1-1,
666 2710 693 2738 9.
731 2711 888 2746 ‘Galatdv,
907 2713 934 2740 4.
967 2712 977 2727 ⁸

1028 2712 1101 2748 ilipp.
1119 2721 1149 2746 Il,
1163 2713 1188 2742 7.
1226 2715 1236 2730 ⁵
1252 2714 1324 2742 Psal.
1338 2723 1429 2746 uim.
1442 2715 1468 2742 5.
1507 2715 1518 2731 ⁸
1532 2714 1597 2750 Leg.
1610 2713 1673 2740 νοῦν
1687 2712 1833 2748 ἐσχηκότα.

201 2744 212 2761 ⁷
228 2752 273 2778 πο.
290 2744 470 2780 ἀπεχόμενος.
487 2744 516 2773 F.
532 2745 724 2781 κατεχόμενος.

238 2818 293 2853 (59)
304 2819 423 2861 ,Μηδεὶς
438 2819 578 2861 (imitri-Em
594 2821 693 2861 κενοῖς
704 2822 824 2856 μύθοις.
842 2825 864 2851 Α
881 2824 977 2854 Petavii

1028 2827 1138 2861 crtitur,
1172 2826 1258 2855 Nemo
1291 2827 1414 2855 inanibus
1438 2826 1522 2855 verbis
1544 2825 1650 2853 illudut.
1680 2825 1758 2859 Quod
1780 2830 1834 2851 non

203 2852 342 2882 immerito
356 2852 508 2883 mutavisse
524 2855 545 2882 Τ
548 2852 839 2886 Ιιοιιιοςίυὴιέοηειῐιι.
