1940 3043
71 147 122 177 189

771 137 991 179 auconarus.

1640 135 1692 165 I70

70 205 162 242 potius
186 207 273 232 totum
295 203 385 240 ipsum
405 200 576 236 incorruptio
595 203 648 228 est.
676 199 748 228 Deus
781 199 827 226 ille
860 197 992 225 Dominus
1016 196 1049 224 ad
1074 196 1216 225 dexteram
1239 195 1329 223 Patris
1355 195 1504 224 eonsidcns
1531 202 1616 223 carne
1640 196 1693 224 mi-

71 253 144 281 nime
167 252 307 285 derelicta,
335 251 382 279 sed
404 253 461 278 toto
482 250 509 278 in
528 256 613 276 unum
637 247 766 283 idemque
781 246 854 275 etin
871 253 954 274 unam
983 245 1153 273 divinitatem
1183 244 1355 278 coadunato,
1378 244 1411 272 ad
1438 244 1578 272 dexteram
1601 243 1693 274 Patris

71 299 158 327 sedet.

105 346 170 373 HA'.
190 340 275 376 οὗτος
294 341 341 371 οῦν
362 343 376 371 6
396 343 561 379 Μονογενὴς,
582 343 597 370 6
619 342 730 374 τέλειος,
746 342 760 368 6
782 341 858 368 ἄκτι-

948 336 1069 364 ιιΧΧΧΙ.
1091 336 1197 365 Unicus
1212 335 1351 372 igiturille
1366 335 1414 364 Dei
1431 334 1530 368 Filius,
1542 336 1693 371 perfectus,

72 398 143 422 στος,
160 389 175 416 6
190 388 333 425 ἄτρεπτος,
355 387 370 414 6
388 387 575 420 ἀναλλοίωτος,
595 387 609 413 6
633 386 820 422 ἀπερινόητος,
841 385 856 411 6

71 435 194 470 ἀόρατος,
207 433 418 468 ὲνανθρωπήσας
432 432 462 459 ὲν
482 433 558 468 ἡμῖν,
573 433 620 459 καὶ
634 430 753 462 ἀναστὰς
771 439 855 457 πνευ-

73 479 204 514 ματικῶς,
216 479 263 505 καὶ
277 478 375 514 μηκέτι
382 477 572 513 ἀποθνήσκων,
581 477 679 513 μηκέτι
695 475 852 511 πτωχεύων,

72 527 88 555 ιιι
103 525 140 552 δι’
156 524 236 559 ἡμᾶς
260 525 437 559 anulariam;
465 523 613 557 πλούσιος
636 522 689 557 ὢν,
712 522 727 549 6
747 522 856 558 πνεῦμα

71 571 106 598 ὢν
122 571 194 603 ὅλος,
207 572 222 598 6
233 570 265 597 16
286 569 415 606 σαρκικδν
437 570 485 596 καὶ
504 569 535 596 τὸ
552 569 641 596 θεῖκδν
662 569 740 601 ἑνῶν,
755 567 857 604 Κύριος

72 614 120 648 εἷς,
137 615 273 651 βασιλεὺς,
297 614 424 651 Χριστὸς,
438 615 453 641 6
466 614 530 646 Υἱὸς
551 613 597 640 τοῦ
613 613 691 646 Θεοῦ,
709 614 737 640 έν
750 613 857 649 οὐρανῷ

73 660 214 692 καθεσθεὶς
230 661 259 687 ὲν
269 659 342 695 δεξιᾷ
356 658 402 686 τοῦ
419 659 524 694 [Ia-:96;
537 658 636 686 ἐπάνω
646 659 749 693 πάσης
761 658 858 694 ἀρχῆς

71 706 118 732 καὶ
142 705 299 738 ἐξουσίας,
326 704 480 739 δυνάμεως
502 704 551 732 καὶ
574 704 687 738 παντὸς
713 704 858 738 ὀνόματος

72 749 299 784 ὀνομαζομένου,
320 748 402 783 φησὶν
419 749 448 775 ὲν
465 747 638 783 Εὑαγγελίῳ·
663 747 859 779 Ἀπελθόντες

70 796 239 827 ,βαπτίσατε
254 794 352 821 πάντα
373 793 409 820 τὰ
425 793 497 827 ἔθνη
512 794 554 826 εὶς
569 793 663 828 ὄνομα
680 793 793 827 Πατρός
807 793 857 820 καὶ

73 841 140 868 Υιοῦ
159 841 211 868 καὶ
227 841 313 876 ἁγίου
339 839 520 874 Πνεύματος.
541 838 625 866 Τοῦτο
646 838 684 871 δὲ,
709 838 768 870 καὶ,
794 839 859 865 ἀνα-

75 887 151 921 μέσον
165 886 207 919 ὃν,
222 886 252 912 οῦ
271 886 416 920 συναλοιφῇ
431 885 551 920 ὲσήμανε
563 884 609 911 τὸν
623 884 688 911 Υἱὸν
703 884 743 920 τῷ
759 884 856 919 Πατρὶ,

74 931 137 958 ἀλλά
155 932 266 967 Πατέρα
278 929 332 957 οἵδε
349 930 459 965 Πατέρα
470 929 606 965 ἀληθινὸν,
621 930 667 956 καὶ
682 929 778 956 ἑαυτὸν
792 929 859 966 άλη-

74 977 141 1003 θινὺν
167 977 310 1010 ἀπέδειξεν
334 977 514 1004 ὲνυπόστατον
541 975 636 1010 Λόγον,
657 975 703 1001 καὶ
730 975 760 1001 τὸ
782 974 859 1009 ἅγιον

909 383 1067 413 increatus.
1103 384 1254 414 constans,
1285 380 1484 412 immutabilis.
1522 380 1569 416 qui
1605 389 1696 417 neque

909 427 1001 455 animo
1027 426 1147 462 concipi.
1176 434 1267 462 neque
1292 425 1379 454 videri
1408 428 1508 462 potest,
1541 426 1614 454 inter
1642 434 1695 454 nos

909 472 992 500 homo
1007 472 1106 506 iactus,
1125 479 1157 500 ac
1173 472 1333 508 spiritaliter
1354 479 1510 507 resurgens,
1526 479 1615 507 neque
1634 479 1694 499 mo-

910 519 984 547 riens
999 519 1127 554 amplius,
1156 527 1245 555 neque
1267 513 1444 547 mendicans:
1472 517 1573 546 Nostra
1595 517 1696 553 quippe

910 573 993 592 causa
1018 565 1090 592 diues
1112 573 1172 593 cum
1194 569 1272 599 esset,
1293 565 1441 593 mendicare
1458 565 1538 592 voluit
1552 565 1560 580 ¹
1573 575 1578 592 :
1593 564 1637 592 ille
1648 565 1695 600 qui

911 614 986 637 totus
1010 610 1125 645 spiritus
1148 614 1200 642 est,
1222 610 1268 646 qui
1286 618 1396 638 carnem
1415 618 1476 638 cum
1491 609 1635 638 divinitate
1650 618 1697 638 co-

911 656 1023 691 pulavit.
1048 656 1102 691 8⁸1
1122 664 1194 684 unus
1217 655 1360 688 Dominus,
1393 663 1451 687 rex,
1477 655 1614 689 Christus,
1648 655 1696 683 Dei

911 700 1014 734 Filius,
1042 701 1069 728 in
1098 702 1169 729 coelo
1197 702 1343 730 considens
1372 700 1406 728 ad
1437 700 1526 728 Patris
1554 701 1696 729 dexteram

911 755 993 782 supra
1014 747 1191 782 principatum
1212 755 1326 780 omnem,
1349 751 1505 781 potestatem
1519 754 1550 773 ac
1563 747 1696 779 virtutem,

910 797 934 820 et
948 801 1041 820 nomen
1055 801 1131 820 omne
1142 792 1210 827 quod
1224 792 1355 819 nominari
1373 797 1457 826 potest
1470 793 1480 808 ¹
1491 812 1499 824 ,
1518 792 1554 819 ita
1570 791 1597 818 in
1611 790 1698 818 Evanl

912 838 981 873 gelio
997 838 1124 873 praecepit
1139 847 1145 866 :
1161 837 1261 865 Euntes
1287 837 1419 872 baptizate
1441 846 1529 865 omnes
1555 841 1642 872 gentes
1669 837 1697 863 in

912 883 1016 910 nomine
1040 882 1149 915 Patris,
1172 887 1197 909 et
1221 881 1299 915 Filii,
1324 886 1349 910 et
1369 881 1485 917 Spiritus
1500 882 1618 910 samti‘.
1634 881 1698 909 Hm:

911 935 977 955 vero
996 927 1143 963 copulandi
1168 927 1311 962 inlerjccta
1337 928 1484 963 particula,
1504 932 1540 962 et,
1557 936 1610 956 non
1631 935 1698 956 con-

912 972 1005 1000 fusum
1029 980 1092 1000 cum
1116 973 1196 1001 Patre
1213 972 1313 1000 Filium
1329 981 1390 1001 esse
1405 974 1555 1009 signiticat;
1576 974 1622 1002 sed
1646 973 1698 1001 Pa-

75 1023 152 1049 αὖτοῦ
180 1022 293 1058 Πνεῦμα
316 1023 497 1049 ὲνύπόστατον
521 1021 650 1056 Πνεῦμα,
676 1020 722 1047 καὶ
747 1020 859 1056 Πνεῦμα

914 1024 979 1047 trem
993 1027 1086 1047 verum
1101 1026 1163 1047 esse
1185 1012 1305 1052 Patrem,
1331 1026 1363 1046 ac
1383 1019 1503 1054 seipsum
1524 1027 1618 1046 rerum
1635 1027 1698 1048 esse

73 1068 210 1102 ἀληθείας,
225 1068 362 1100 ἀκτιστον,
374 1068 516 1103 ἄτρεπτον,
540 1067 718 1094 ἀναλλοίωτον
728 1075 734 1082 ·
749 1068 797 1102 οὐχ
822 1067 860 1099 ὡς

74 1113 114 1139 ἵνα
126 1122 167 1145 τις
185 1113 324 1149 ὑπονοήσῃ
343 1113 437 1145 δολίως
453 1113 601 1149 φερόμενος
614 1112 682 1149 πρὸς
695 1111 743 1148 τὴν
758 1112 858 1144 πίστιν,

75 1159 117 1185 καὶ
130 1160 194 1191 τοὺς
211 1159 294 1190 πόδας
310 1158 392 1186 αὐτοῦ
405 1158 601 1194 ἀποκρύπτων,
617 1158 664 1185 καὶ
677 1157 861 1194 δολιευὸμενος

74 1205 138 1241 πρὸς
160 1205 213 1241 τὴν
238 1205 383 1240 ἀλήθειαν·
407 1203 515 1234 Ἐτάζει
536 1203 590 1240 γὰρ
604 1203 729 1238 καρδίας
747 1203 798 1230 καὶ
811 1210 860 1230 νε-

74 1249 160 1284 φροὺς
189 1251 208 1276 ὀ
234 1250 314 1282 Θεός.
343 1249 395 1276 Καὶ
417 1248 491 1283 λέγει
515 1249 529 1275 6
553 1247 707 1283 αἱρετικός·
734 1246 860 1282 Δηλονότι

75 1295 193 1322 πιστεύω
210 1295 250 1321 ὅτι
271 1295 284 1321 6
302 1294 397 1330 Πατὴρ
418 1293 523 1330 Πατὴρ,
545 1293 592 1320 καὶ
607 1294 621 1319 6
637 1293 700 1325 Υἱὸς
718 1292 793 1325 Υἱὸς,
813 1292 861 1320 καὶ

74 1341 102 1368 τὸ
117 1342 197 1376 ἅγιον
217 1340 328 1376 Πνεῦμα
350 1340 427 1375 ἅγιον
443 1339 555 1375 Πνεῦμα
566 1347 573 1354 ⁵
589 1339 636 1366 καὶ
650 1338 772 1374 ὁμολογῶ
787 1339 861 1374 τρεῖς

75 1387 238 1419 ὑποστάσεις
263 1387 292 1413 ὲν
315 1387 364 1422 μιᾷ
382 1386 477 1422 οὐσίᾳ·
500 1386 549 1421 οὐχ
569 1385 664 1421 ἑτέραν
680 1385 708 1412 δὲ
729 1385 802 1420 λέγω
814 1386 860 1412 οὐ-

77 1432 133 1459 σίαν
158 1432 236 1468 παρὰ
249 1431 299 1467 τὴν
316 1431 442 1467 Θεότητα,
463 1431 512 1466 οὐχ
535 1430 631 1467 ἑτέραν
653 1430 766 1466 θεότητα
787 1430 861 1466 παρὰ

75 1478 122 1513 τὴν
143 1478 257 1504 οὐσίαν*
280 1477 347 1504 άλλά
373 1478 417 1504 διά
438 1477 468 1503 τὸ
492 1477 578 1508 οὕτως
608 1475 739 1513 ἀκριϐοῦν
767 1476 861 1503 οὐσίαν

77 1523 222 1559 καλοῦμεν,
239 1523 283 1550 ἵνα
303 1523 341 1559 μὴ
356 1523 420 1550 ἄλλο
440 1523 486 1550 καὶ
507 1522 571 1550 ἀλλο
591 1520 660 1554 εἶδος
675 1522 797 1558 εἴπωμεν
812 1523 862 1556 τῆς

77 1568 202 1605 θεότητος
225 1569 275 1604 τῆς
289 1568 412 1604 Τριάδος.
427 1567 658 1603 Κρυπταζόμενος
677 1567 731 1604 γὰρ
745 1569 759 1595 ὁ
775 1567 863 1594 τοιοῦ-

77 1619 121 1643 τος
146 1612 184 1643 ὡς
199 1610 287 1645 εἷπον,
302 1612 478 1648 ρᾳδιούργως,
499 1612 546 1639 καὶ
566 1612 646 1639 πάλιν
662 1612 756 1644 δολίως
771 1611 860 1646 λέγει·

79 1657 198 1683 Πιστεύω
210 1658 252 1684 ὃτι
266 1658 360 1694 Πατὴρ
372 1658 477 1694 Πατὴρ.
491 1658 555 1690 Υἱὸς
568 1657 642 1689 Υἱὸς,
657 1657 770 1694 Πνεῦμα
786 1657 863 1691 ἇγιον

78 1702 187 1737 Πνεῦμα
207 1703 303 1737 ἆγιον⁸
329 1704 456 1733 ὑπόνοιαν
469 1703 498 1730 δὲ
514 1704 570 1739 ἔχει
590 1703 718 1739 τοιαύτην
741 1711 863 1739 κεκρυμο
877 1695 898 1724 (ἶ

80 1747 171 1784 μένην,
194 1749 234 1780 ὡς
259 1749 306 1783 ἀφ’
321 1750 399 1785 ήμῶν
421 1749 452 1776 τὺ
463 1749 540 1776 Θεῖον
563 1749 717 1781 ἀπεικάσας
740 1749 813 1784 λέγει
834 1750 864 1776 ὲν

79 1794 175 1830 ἑαυτῷ,
199 1796 242 1823 ὅτι
265 1795 309 1827 Ὦς
330 1795 385 1831 ἔχω
411 1796 490 1832 σῶμα
512 1795 558 1822 καὶ
572 1795 660 1831 ψυχὴν
686 1796 732 1822 καὶ
756 1795 864 1830 πνεῦμα

78 1838 255 1873 ἀνθρώπειον,
270 1839 342 1866 οὕτω
363 1841 410 1867 καὶ
425 1841 441 1876 ἡ
456 1839 567 1875 Θεότης.
585 1840 680 1876 Πατὴρ
696 1840 755 1876 μὲν,
772 1840 810 1873 ὡς
825 1841 864 1867 εἰ·

81 1886 146 1916 πεῖν,
163 1885 194 1911 τὸ
216 1883 302 1917 εἶδος·
322 1885 387 1918 Υἱὸς
407 1886 435 1913 δὲ
454 1885 493 1917 ὡς
511 1886 540 1912 ὲν
559 1886 598 1921 τῷ
617 1886 752 1921 ἀνθρώπῳ
772 1885 863 1922 ψυχή·

51 1960 54 1964 ι
80 1930 189 1966 Πνεῦμα
213 1931 244 1957 δὲ
266 1930 360 1967 ὥσπερ
381 1932 412 1958 τὸ
436 1932 552 1968 ὲμπνέον
572 1932 617 1960 διὰ
637 1932 683 1959 τοῦ
706 1931 862 1968 ἀνθρώπου.

80 1975 155 2008 Τινὲς
176 1976 234 2012 γὰρ
261 1976 443 2009 δολιεύονται,
469 1977 518 2004 καὶ
543 1977 630 2009 οὕτως
654 1976 793 2012 νομιζουσι
815 1976 864 2012 τὴν

80 2021 208 2057 Θεότητα.
231 2021 326 2057 Ἡμεῖς
350 2022 379 2049 δὲ.
393 2022 441 2058 οὐχ
464 2023 549 2055 οὕτως
565 2022 712 2058 ἐμάθομεν,
728 2021 786 2048 ἀλλ’
807 2021 863 2048 ἰδοὺ

80 2067 93 2092 6
115 2067 209 2103 Πατὴρ
234 2067 263 2094 ὲν
286 2067 393 2104 οὐρανῷ
415 2068 459 2095 διὰ
483 2068 575 2103 φωνῆς
599 2069 748 2105 μαρτυρεῖ’
773 2067 827 2094 ἰδοὺ
850 2067 865 2094 6

81 2111 142 2143 Υἱὸς
163 2113 192 2139 ἐν
213 2112 331 2149 Ἰορδάνῃ
342 2121 348 2128 ·
366 2113 420 2140 ἰδοὺ
438 2113 468 2140 τὸ
482 2113 594 2149 Πνεῦμα
615 2113 646 2141 τὸ
664 2114 742 2148 ἀγιον
758 2113 788 2139 ὲν
799 2113 864 2139 εἴδει

81 2158 245 2194 περιστερᾶς
266 2158 466 2194 κατερχόμενον
487 2159 695 2195 ἐσχηματιζετο,
713 2159 781 2186 ἀλλά
803 2158 864 2185 καθ’

80 2203 159 2230 ἑαυτὸ
181 2204 390 2239 ὲσχηματίζετο,
414 2205 475 2232 καθ’
494 2205 574 2232 ἑαυτὸ
590 2205 736 2237 ὑπόστασις
750 2204 790 2236 ὃν,
814 2204 865 2231 οὐκ

83 2248 186 2281 ἀλλοίας
204 2249 281 2284 παρὰ
303 2250 353 2286 τὴν
376 2250 423 2277 τοῦ
446 2251 551 2286 Πατρὸς
573 2251 620 2278 καὶ
634 2250 710 2283 Υἱοῦ,
733 2250 802 2277 ἀλλὰ
815 2250 865 2284 τῆς

83 2293 163 2329 αὐτῆς
177 2295 281 2326 οὐσίας.
296 2295 379 2322 Πάλιν
391 2295 506 2331 ἑτέρως’
527 2295 590 2322 Ἰδοὺ
601 2296 695 2331 Πατὴρ
709 2295 824 2331 κάθηται
836 2295 865 2321 ἐν

82 2340 184 2375 οὐρανῷ
197 2349 204 2356 ·
227 2340 259 2367 τὸ
278 2341 306 2367 δὲ
327 2341 450 2375 κάθηται
470 2341 508 2377 μὴ
523 2341 604 2368 πάλιν
626 2341 800 2376 ὑπολάμϐανε
816 2341 864 2366 άν-

83 2385 232 2420 θρωπῐνως,
246 2385 303 2412 ἀλλ’
320 2386 522 2422 ἁνεκδιηγήτως
536 2387 583 2413 καὶ
596 2387 793 2422 άκαταλήπτως
807 2387 863 2423 ἔχε.

83 2429 132 2457 Καὶ
152 2432 203 2458 οὐκ
225 2430 313 2462 εἶπεν,
345 2432 470 2466 Ἀνῆλθεν
493 2433 507 2459 6
523 2433 587 2464 Υἱὸς
609 2433 649 2464 εἰς
675 2432 720 2459 τὸν
743 2433 863 2468 Πατέρα,

83 2477 148 2508 ἀλλ’,
171 2477 331 2504 Ἐκάθισεν
349 2478 384 2504 ἐν
398 2477 482 2511 δεξιᾷ
498 2478 551 2505 τοῦ
571 2479 696 2512 Πατρός.
714 2479 769 2505 Καὶ
784 2479 865 2505 πάλιν

84 2522 144 2556 περὶ
162 2522 209 2548 τοῦ
234 2522 393 2558 Πνεύματος
409 2522 454 2549 τοῦ
474 2523 553 2557 ἁγίου
579 2522 664 2557 λέγων
680 2523 694 2549 6
714 2522 866 2558 Μονογενὴς

84 2567 235 2594 ἐδεδασκεν·
270 2568 458 2603 Ἀπέρχομαι,
479 2568 616 2601 κάκεῖνος
635 2569 809 2601 ἐλεύσεται,
833 2568 865 2595 τὸ

84 2613 201 2648 Πνεῦμα
216 2614 250 2640 τὸ
267 2613 364 2649 ἅγιον,
380 2614 414 2641 τὸ
430 2614 550 2649 Πνεῦμα
563 2614 619 2649 τῆς
636 2615 788 2649 ἀληθείας.
812 2616 867 2642 "Ar

83 2659 122 2693 μὴ
143 2659 200 2694 ἐγὼ
224 2660 358 2694 ἀπέλθω,
386 2661 525 2693 κάκεῖνος
550 2662 605 2688 οὐκ
627 2662 753 2695 ἔρχεται.
782 2661 813 2688 Εἰ
837 2661 866 2688 δὲ

83 2700 116 2738 ἦν
130 2705 161 2732 τὸ
181 2706 295 2740 Πνεῦμα.
309 2706 455 2742 συναλοιφὴ
472 2706 546 2741 αὐτῷ
561 2705 599 2741 τῷ
615 2704 681 2741 Υἱῷ,
698 2706 747 2733 οὐκ
761 2706 794 2733 ἄν
808 2706 866 2732 ἕλε-

84 2757 146 2784 γεν,
182 2751 372 2786 Ἀπέρχομαι,
400 2751 538 2783 κάκεῖνος
569 2751 702 2786 ἔρχι-ταν
732 2751 790 2778 ἀλλ’
823 2752 866 2778 ἵνα

911 1065 1110 1094 demonstravit
1123 1065 1280 1093 subsistens
1295 1065 1425 1098 Verbum,
1443 1073 1475 1093 ac
1489 1065 1620 1101 Spiritum
1632 1073 1697 1093 san-

911 1116 985 1139 ctum
1013 1111 1209 1139 subsistentem
1221 1111 1364 1146 Spiritum,
1379 1115 1406 1139 et
1420 1112 1541 1139 veritatis
1552 1111 1695 1147 Spiritum.

913 1158 1078 1190 incrcatum,
1106 1157 1304 1184 immutabilem
1328 1164 1361 1184 ac
1383 1160 1555 1185 constantem
1574 1166 1580 1184 :
1596 1165 1650 1184 non
1663 1158 1699 1185 ad.

912 1210 975 1229 eum
995 1202 1118 1233 modum,
1133 1209 1188 1236 quo
1202 1193 1369 1237 persuadere
1384 1201 1435 1229 sibi
1447 1201 1582 1236 quispiam
1596 1204 1697 1236 potest,

912 1248 959 1284 qui
987 1248 1079 1275 iucum
1104 1247 1166 1275 fidei
1186 1247 1278 1275 facere
1302 1247 1380 1280 velit,
1400 1255 1432 1274 ac
1445 1247 1560 1282 pedibus
1575 1246 1633 1274 suis
1646 1246 1700 1274 dis-

913 1294 1075 1322 simulanter
1089 1293 1205 1329 ingredi,
1219 1297 1246 1320 et
1263 1294 1403 1321 veritatem
1421 1293 1519 1320 callide
1543 1299 1575 1320 ac
1588 1292 1700 1319 fraudu-

912 1341 1000 1368 lenter
1017 1340 1145 1375 obtegere
1157 1348 1165 1366 :
1177 1339 1248 1366 Deus
1270 1338 1370 1374 quippe
1394 1347 1466 1366 renes
1479 1343 1504 1365 et
1520 1338 1602 1366 corda
1624 1346 1700 1366 scru—

917 1389 991 1412 tatur
999 1386 1020 1413 ⁸.
1034 1385 1085 1413 llic
1101 1385 1167 1412 mihi
1185 1385 1328 1413 haereticus
1345 1385 1439 1420 objicit
1452 1394 1459 1412 ε
1473 1385 1604 1420 Equidem
1618 1385 1699 1413 credo

917 1429 1026 1458 Patrem
1054 1437 1117 1458 esse
1141 1429 1261 1463 Patrem,
1285 1434 1311 1457 et
1334 1429 1433 1457 Filium
1457 1437 1518 1458 esse
1544 1429 1653 1462 Filium,
1673 1434 1700 1457 ct

914 1474 1045 1510 Spiritum
1067 1479 1192 1502 sanctum
1213 1482 1273 1503 esse
1292 1474 1423 1510 Spiritum
1442 1478 1579 1507 sanctum,
1597 1481 1629 1502 ac
1643 1478 1699 1502 tres

914 1521 1077 1556 hypostases
1106 1521 1133 1548 in
1162 1528 1215 1548 una
1241 1521 1395 1549 substantia
1422 1520 1561 1556 prolitcor.
1590 1523 1625 1547 At
1648 1528 1699 1555 ego

914 1565 994 1592 aiiam
1020 1573 1082 1593 esse
1102 1570 1199 1601 pratter
1212 1566 1379 1594 divinitatem
1407 1573 1477 1602 nego
1505 1565 1697 1596 substantiam.

914 1615 961 1638 aut
982 1615 1080 1646 praeter
1102 1611 1284 1640 substantiam
1302 1611 1471 1640 divinitatem
1495 1611 1587 1644 aliam,
1604 1611 1651 1639 sed
1667 1616 1697 1638 ut

916 1657 1073 1686 accuratius
1103 1657 1259 1693 l0quamur,
1279 1665 1311 1685 ac
1326 1665 1360 1685 ne
1375 1657 1427 1684 alia
1442 1661 1468 1685 ct
1482 1657 1535 1684 alia
1550 1656 1700 1685 divinitatis

916 1701 943 1729 in
964 1701 1099 1731 Trinitate
1125 1703 1212 1731 forma
1236 1703 1354 1737 dicatur,
1375 1703 1557 1732 substantiam
1581 1704 1700 1739 appella-

915 1756 988 1776 mus.
1003 1748 1070 1776 Nam
1090 1750 1137 1784 qui
1156 1750 1213 1777 hmc
1225 1750 1302 1783 dicit,
1330 1750 1427 1778 callide
1449 1750 1647 1785 tergiversatur
1666 1757 1700 1777 ac

914 1795 1080 1828 dissimulat,
1099 1799 1126 1824 et
1141 1795 1204 1824 dolo
1227 1797 1299 1824 malo
1324 1797 1365 1824 sic
1387 1796 1508 1831 loquitur
1521 1805 1528 1824 :
1541 1796 1630 1825 Credo
1647 1796 1701 1824 Pa-

915 1842 985 1866 trem
1000 1847 1062 1867 esse
1074 1839 1193 1872 Patrem,
1210 1844 1238 1868 et
1253 1840 1352 1867 Filium
1367 1847 1429 1867 esse
1443 1839 1553 1872 Filium,
1569 1845 1596 1868 et
1614 1840 1701 1876 Spiri-

915 1888 972 1911 tum
985 1888 1110 1912 sanctum
1126 1892 1187 1914 esse
1203 1884 1333 1920 Spiritum
1349 1889 1474 1912 sanctum
1490 1894 1498 1912 :
1514 1893 1576 1912 cum
1591 1885 1699 1912 interim

915 1929 1051 1957 occultam
1073 1930 1218 1965 quamdam
1236 1930 1426 1966 cogitationem
1443 1930 1470 1958 in
1486 1930 1577 1958 animo
1597 1930 1698 1962 foveat.

915 1978 998 2010 atque
1021 1974 1054 2002 ad
1075 1975 1228 2010 exemplum
1245 1979 1349 2003 natura:
1368 1980 1469 2004 nostra
1483 1976 1535 2004 tale
1550 1976 1602 2004 sibi
1617 1976 1699 2012 quid-

915 2019 977 2047 dam
992 2019 1026 2047 de
1043 2020 1188 2048 Divinitate
1211 2020 1294 2056 ﬁngat
1308 2030 1315 2049 :
1329 2020 1374 2048 Uti
1390 2028 1441 2056 ego
1464 2028 1587 2056 corpore,
1609 2022 1699 2048 animo

915 2070 942 2094 ct
959 2066 1080 2094 humano
1094 2074 1154 2094 sum
1173 2067 1269 2102 spiritu
1282 2067 1423 2102 praeditus,
1437 2067 1474 2094 ita
1486 2067 1617 2095 Divinitas
1629 2067 1698 2102 ipsa.

915 2111 1006 2145 Quare
1018 2112 1099 2140 Pater
1118 2113 1191 2140 velut
1210 2112 1299 2140 forma
1320 2113 1443 2148 quaedam
1459 2117 1510 2145 est,
1528 2117 1558 2141 ut
1571 2113 1608 2141 ita
1625 2114 1700 2141 dixe-

916 2158 978 2191 rim,
993 2165 1025 2186 ac
1039 2158 1164 2193 species;
1180 2159 1266 2187 Filius
1285 2160 1397 2195 perinde
1416 2163 1459 2188 est
1479 2164 1561 2196 atque
1582 2159 1699 2188 hominis

916 2204 1026 2238 anima;
1053 2203 1173 2239 Spiritus
1194 2205 1281 2233 instar
1297 2205 1358 2240 ejus
1378 2210 1420 2233 est
1436 2206 1482 2241 qui
1499 2214 1547 2241 per
1562 2205 1698 2234 hominem

916 2251 1012 2286 spirat.
1037 2250 1092 2279 Nec
1113 2251 1186 2279 enim
1209 2251 1381 2280 cavillatores
1397 2253 1506 2287 quidam
1526 2251 1634 2285 desunt,
1652 2252 1698 2287 qui

917 2296 950 2324 de
962 2295 1107 2325 Divinitate
1121 2297 1160 2325 sic
1170 2297 1304 2332 judicent.
1323 2297 1379 2326 Nos
1402 2302 1492 2325 autem
1513 2298 1594 2333 longe
1620 2298 1699 2326 aliter

916 2341 1074 2370 didicimus.
1087 2342 1156 2371 Ecce
1174 2343 1223 2370 tibi
1238 2343 1318 2370 Pater
1330 2351 1346 2370 e
1360 2343 1431 2371 emlo
1444 2343 1516 2370 clara
1531 2350 1599 2371 voce
1615 2347 1699 2371 testa-

917 2390 977 2419 tur;
998 2395 1031 2414 en
1053 2387 1140 2415 Filius
1155 2387 1189 2414 ad
1202 2387 1347 2415 Iordanem
1361 2396 1369 2421 ;
1384 2395 1418 2416 en
1437 2387 1555 2422 Spiritus
1568 2388 1700 2416 columba:

917 2433 1009 2466 specie
1036 2440 1172 2467 apparens
1194 2433 1265 2460 hanc
1283 2441 1332 2468 per
1348 2441 1408 2461 sese
1435 2433 1549 2469 ﬁguram
1574 2433 1664 2461 induit
1677 2436 1699 2467 ',

917 2484 1033 2511 persona
1051 2484 1099 2512 per
1109 2484 1169 2505 sese
1188 2485 1236 2504 sua
1251 2480 1393 2511 constans,
1417 2486 1472 2506 non
1489 2486 1504 2506 a
1517 2477 1598 2506 Patre
1616 2478 1700 2506 Filio-

917 2530 971 2557 que
998 2523 1122 2554 diversae,
1146 2523 1194 2551 sed
1218 2524 1338 2559 ejusdem
1360 2532 1421 2552 cum
1446 2525 1499 2553 illis
1527 2525 1698 2554 substantiae.

919 2566 1012 2594 Potest
1032 2572 1060 2595 et
1077 2567 1143 2594 illud
1159 2568 1213 2595 alio
1228 2569 1307 2596 modo
1322 2569 1458 2597 declarari
1473 2579 1479 2598 :
1494 2570 1574 2598 Pater
1591 2571 1617 2599 in
1630 2573 1700 2599 coelo

918 2613 1043 2642 considet
1056 2624 1063 2642 :
1079 2615 1222 2643 considere
1236 2623 1301 2643 vero
1311 2623 1373 2643 cum
1387 2616 1497 2649 dicitur,
1511 2625 1566 2645 non
1580 2618 1699 2646 humano

921 2667 1007 2692 more,
1028 2660 1076 2688 sed
1092 2661 1279 2696 alia,quadam
1292 2663 1410 2696 ratione,
1423 2670 1485 2698 quae
1497 2670 1547 2690 nec
1557 2663 1699 2698 explicari.

919 2714 1009 2740 neque
1029 2707 1222 2741 comprehendi
1242 2712 1343 2743 potest,
1362 2709 1490 2744 intellige.
1505 2708 1598 2744 Neque
1610 2709 1696 2737 dixit:

918 2752 976 2787 88
987 2751 1116 2780 Ascendit
1129 2752 1163 2780 ad
1178 2752 1286 2782 Patrem
1304 2753 1398 2788 Filius,
1419 2755 1478 2787 sed,
1495 2754 1572 2783 Sedet
1590 2754 1624 2782 ad
1637 2754 1699 2780 der.

118 2828 128 2846 '
145 2829 166 2858 ll
180 2832 244 2860 Cor.
260 2839 318 2863 vm,
335 2831 362 2858 9.
399 2832 409 2847 '
423 2831 520 2867 Ephcs.
537 2840 555 2863 ι,
570 2832 614 2860 2|.
655 2833 664 2849 ³
681 2832 774 2860 Matth.
790 2840 857 2859 χχιιι

914 2833 929 2860 ι.
969 2832 979 2848 ⁸
995 2832 1066 2861 Psal.
1084 2841 1131 2867 vn,
1150 2835 1190 2862 10.
1229 2835 1240 2852 ⁵
1259 2835 1353 2864 Matth.
1370 2843 1411 2868 ιιι,
1426 2836 1472 2868 26,
1487 2834 1530 2861 27.

244 2878 375 2910 ΡΑτ-ιιυι.
393 2880 451 2912 Gn.
483 2880 592 2910 XLIII.

1565 2881 1584 2909 6
