1939 3039
108 161 162 189 173

818 157 1040 189 ᾹΝΟΟΒΑΤΠΞ.

1697 166 1746 194 ﬁt

107 228 188 255 ρεται
200 240 209 253 ,
229 219 277 246 καὶ
297 219 405 255 πρῶτον
426 220 603 255 ἀποθνήσκει,
626 220 720 246 ἔπειτα
737 219 901 255 τελεσφορεῖ-

959 220 1067 247 succisa
1086 223 1150 247 sunt
1177 224 1239 254 post
1262 220 1430 249 cxcisionem
1457 230 1554 251 rursus
1577 222 1745 252 excitantur.

105 275 172 294 ται·
191 267 240 294 ἐὰν
255 267 310 303 γὰρ
326 267 363 303 μὴ
381 267 523 304 ἀποθάνῃ,
535 268 565 294 οὐ
583 268 766 301 ζωογονεῖται.
785 268 904 303 Σφραγῖ-

106 311 159 343 δας
174 312 204 337 ἐν
221 312 288 347 ⁴ἡμῖν
303 313 316 338 ὀ
328 312 395 344 Θεὸς
408 311 518 347 ἐποίησε
533 312 577 338 διὰ
590 312 644 338 τῶν
665 311 768 347 ὀνύχων
780 312 848 339 δέκα
857 312 904 339 καὶ

107 356 188 388 δέκα,
205 357 391 391 ἀναστάσεως,
410 358 474 394 περὶ
488 357 543 384 τῶν
560 357 639 393 ἡμῶν
659 357 773 385 ἐλπίδων
795 365 901 393 μαρτυ-

108 402 223 439 ρούσας.
247 403 328 430 Ἀλλὰ
349 404 396 431 καὶ
409 404 447 436 ὡς
464 404 508 430 διὰ
522 405 654 439 στεφάνου
672 405 721 439 τῆς
741 405 834 440 τριχὸς
856 403 905 439 τὴν

107 448 193 484 ἡμῶν
217 447 367 476 ἀνάστασιν
390 450 522 485 ἐκήρυξε·
541 450 572 476 τὸ
595 450 649 486 γὰρ
671 450 767 477 δοκοῦν
786 451 815 476 ἐν
838 450 904 485 ἡμῖν

108 493 207 529 νεκρὸν
220 494 310 529 σῶμα,
325 495 463 522 τουτέστιν
475 496 503 522 αι
516 495 619 531 τρίχες,
640 495 701 522 καθ’
725 496 843 531 ἑκάστην
857 504 903 521 τε-

109 538 245 574 μνόμεναι
270 537 348 572 αὖθις
371 539 526 574 θάλλουσαι,
541 541 592 576 τῆς
606 541 780 573 ἀναστάσεως
796 540 845 576 τὴν
857 540 901 566 έλ-

107 585 175 611 πίδα
192 586 211 612 ¹.

958 264 1076 292 Locusta
1100 265 1228 297 moritur,
1249 269 1394 301 postquam
1410 266 1495 295 fetum
1511 268 1657 303 quemdam
1675 270 1745 297 enti-

958 311 1008 342 sit,
1027 315 1054 339 et
1067 311 1094 339 in
1109 315 1211 339 terram
1226 311 1370 346 deposuit;
1396 318 1424 339 et
1446 312 1585 347 aliquanto
1600 318 1662 349 post
1676 318 1746 342 tem-

958 364 1023 392 pore
1053 360 1125 384 terra
1151 356 1280 383 mandata
1308 357 1360 384 sibi
1382 364 1414 384 ac
1433 358 1592 392 consepulta
1614 359 1742 387 restituit.

959 401 1111 430 Herbarum
1141 403 1322 438 stirpiumque
1352 403 1457 430 semina
1483 408 1681 435 conseruntur.
1713 412 1744 432 at:

957 448 1075 483 primum
1101 453 1224 476 emortua
1255 449 1289 476 ad
1318 448 1438 483 perlecta
1462 449 1636 484 postmodum
1657 449 1742 477 incre-

957 498 1049 521 menta
1062 494 1245 529 perveniunt;
1264 495 1318 522 nisi
1336 495 1409 522 enim
1430 498 1539 522 mortua
1558 494 1669 526 iuerint,
1697 502 1745 522 nc-

957 546 1094 574 quaquam
1120 539 1269 567 vivisount.
1295 539 1366 572 Quid
1385 539 1460 574 quod
1481 543 1508 566 ct
1520 539 1547 566 in
1568 539 1664 567 decem
1688 546 1747 566 ma-

957 593 1043 612 nuum
1070 592 1100 611 ac
1128 585 1226 619 pedum
1248 585 1385 620 unguibus
1414 585 1643 612 resurrectionem
1667 584 1746 611 nobis
1773 596 1775 598 -

106 632 314 667 quodammodo
332 633 404 661 Deus
424 634 563 669 obsignat,
587 641 619 662 ac
642 633 700 669 spei
731 638 833 661 nostra;
862 632 981 661 evidenti
1009 632 1167 659 testimonio
1191 632 1366 667 sum-agatur.
1401 632 1472 665 Quin
1498 636 1524 660 et
1548 632 1606 667 ipsa
1630 632 1745 666 capillo-

106 686 171 706 rum
199 686 301 707 corona
327 679 450 707 eamdem
482 680 711 708 resurrectionem
744 680 896 715 prazdicat:
916 678 1017 706 etenim
1049 685 1109 713 qua:
1147 678 1272 713 corporis
1295 685 1359 713 pars
1380 679 1408 705 in
1434 678 1515 705 nobis
1537 682 1645 705 mortua
1669 677 1745 704 vide-

105 729 164 756 tur.
186 725 238 752 hoc
259 730 310 757 est,
334 725 380 760 pili
402 725 525 760 quotidie
546 726 654 754 detonsi
684 730 766 761 atque
793 726 898 762 iterum
931 724 1110 760 pullulantes,
1144 731 1219 759 spent
1238 725 1317 752 nobis
1340 724 1552 752 resurrectionis
1576 723 1741 751 ostendunt.

144 771 209 798 HA’.
230 772 286 798 Καὶ
307 772 435 808 ἀμύθητα
457 772 530 800 ἔστιν
549 774 637 800 εἰπεῖν
654 775 694 806 εἰς
713 774 901 812 πληροφορίαν

107 817 164 843 τῶν
179 816 302 843 ἀπίστων
313 817 343 849 ἐξ
357 817 573 853 ὑποδειγμάτων.
592 817 661 844 Ἀλλ’
673 819 722 845 οὑκ
734 818 827 845 ἔπεισε
840 818 901 844 τού‹

992 771 1133 799 LXXXIV.
1153 771 1270 800 Possum
1291 772 1343 799 alia
1362 776 1389 800 et
1413 772 1522 808 quidem
1549 771 1655 799 inﬁnita
1681 779 1744 806 per-

956 824 1079 848 censere.
1099 825 1218 852 quorum
1240 818 1374 852 exemplis
1395 817 1563 853 persuadere
1586 817 1744 845 inﬁdelibus

105 871 172 894 τους
187 863 204 898 ὴ
216 862 306 897 φάττα
319 862 351 889 τὺ
363 862 466 898 ὄρνεον,
479 863 540 890 οὐδὲ
551 863 565 889 ὀ
587 864 692 899 μυωξδς
704 864 760 900 (42)
772 864 803 890 τὸ
814 862 883 895 ζῶον
894 870 901 878 ·

956 862 1008 890 ista
1024 863 1141 898 possint.
1163 862 1264 890 Verum
1290 870 1341 890 nec
1367 863 1421 891 illis
1442 862 1584 898 palumbes
1599 862 1658 890 avis
1671 869 1746 897 quaev

105 907 277 943 ἀποθνήσκει
298 907 354 943 γὰρ
368 907 398 934 τὸ
413 908 534 934 τοιοῦτον
551 908 700 944 ἑξάμηνον,
715 908 761 935 καὶ
781 909 798 944 ἡ
813 908 903 943 φάττα

105 954 215 989 ἡμέρας
230 954 443 989 τεσσαράκοντα,
459 954 505 981 καὶ
528 952 607 987 αὖθις
625 954 695 990 μετὰ
711 955 774 986 τοὺς
790 954 903 990 καιροὺς

104 1001 200 1027 αὐτῶν
225 999 377 1027 ἁναὸιοῦσι.
402 1000 541 1036 Κάνθαροι
557 1000 586 1027 δὲ
612 1000 755 1036 μέλλοντες
774 1000 902 1035 τελευτᾷν

105 1046 154 1073 ἐπὶ
170 1047 289 1082 σφαῖραν
306 1047 357 1081 τῆς
373 1046 476 1081 κόπρου
492 1047 605 1077 ἑαυτοὺς
621 1045 782 1082 κρύπτουσι,
802 1045 903 1080 θάψαν-

105 1100 152 1123 τες
171 1091 222 1127 τὴν
241 1090 370 1126 τοιαύτην
386 1092 504 1126 σφαῖραν
521 1091 550 1118 ἐν
564 1092 599 1126 γῇ
614 1091 661 1117 καὶ
681 1090 901 1127 καταχώσαντες,

105 1138 153 1164 καὶ
169 1137 257 1169 οὕτως
271 1138 304 1163 ἐκ
318 1137 367 1172 τῆς
387 1137 477 1164 αὐτῶν
501 1138 612 1173 ἰκμάδος
632 1135 711 1169 αὖθις
730 1137 902 1173 εὑρίσκονται

104 1182 283 1214 ἀναϐιοῦν-τες
312 1182 342 1215 ἐξ
367 1183 468 1210 αὐτῶν.
491 1183 558 1219 Πῖρὶ
579 1183 607 1210 δὲ
640 1182 683 1209 τοῦ
707 1183 826 1217 φοίνικος
855 1182 902 1210 τοῦ

113 1228 261 1264 Ἀραϐικοῦ
279 1229 372 1264 ὀρνέου
390 1228 520 1264 περισσόν
543 1237 586 1264 μοι
602 1229 633 1255 τὸ
654 1228 757 1263 λέγειν·
773 1229 824 1264 ἤδη
849 1229 903 1265 γὰρ

106 1275 147 1305 εἰς
167 1274 253 1309 ἀκοὴν
275 1275 389 1308 ἀφῖκται
407 1274 511 1300 πολλῶν
533 1273 637 1301 πιστῶν
652 1283 682 1300 τε
702 1275 749 1301 καὶ
769 1274 900 1301 ἀπίστων.

112 1319 146 1346 Ἦ
161 1319 190 1346 δὲ
206 1320 266 1346 κατ’
287 1319 368 1346 αὑτὸν
383 1319 513 1350 ὑπόθεσις
532 1319 622 1346 τοιάδε
637 1320 764 1354 φαίνεται
775 1327 781 1333 ·
798 1321 903 1346 Πεντα‹

106 1365 250 1392 κοσιοστὺν
269 1365 329 1397 ἔτος
348 1365 488 1398 διατελῶν,
505 1364 575 1392 ἐπὰν
591 1365 669 1400 γνοίη
689 1365 734 1392 τὸν
746 1365 840 1400 καιρὸν
853 1365 903 1399 τῆς

105 1410 190 1437 αὐτοῦ
209 1410 339 1446 τελευτῆς
352 1411 493 1443 ἐνστάντα,
511 1410 594 1447 σηκὸν
608 1410 658 1446 μὲν
673 1411 819 1446 ἐργάζεται
833 1412 904 1446 ἀρω-

107 1457 215 1493 μάτων,
232 1457 279 1484 καὶ
291 1457 382 1492 φέρων
397 1457 506 1493 ἔρχεται
521 1458 559 1489 εἰς
578 1457 656 1483 πόλιν
669 1457 724 1483 τῶν
746 1457 902 1491 Αἰγυπτίων

113 1503 285 1530 Ἡλιούπολιν
299 1503 371 1530 οὕτω
386 1503 568 1539 καλουμένην,
584 1504 631 1530 Ὢν
643 1503 665 1530 δ’
681 1503 902 1538 ὲρμηνευομένην

954 909 1037 941 dam,
1069 916 1119 937 nec
1149 909 1251 936 animal
1282 909 1348 936 illud
1377 916 1457 944 quem
1487 916 1592 936 murem
1615 909 1743 943 Alpinum

953 957 1064 986 vocant,
1091 953 1170 981 ﬁdem
1192 958 1308 988 possunt
1330 954 1420 982 facere
1436 963 1442 982 :
1459 961 1475 982 e
1499 954 1600 989 quibus
1625 954 1669 981 hic
1696 961 1744 981 sex

954 1001 1026 1026 totos
1043 1005 1152 1026 menses
1168 998 1239 1026 inter
1254 1003 1377 1026 mortuos
1389 999 1480 1034 jacet;
1493 999 1539 1025 illa
1553 998 1744 1034 quadragenos

954 1046 1012 1074 dies
1029 1055 1035 1072 :
1049 1053 1081 1073 ac
1095 1046 1210 1074 subinde
1235 1046 1294 1074 suis
1312 1047 1411 1081 cuique
1427 1046 1596 1081 temporibus
1615 1046 1743 1079 evolutis,

954 1098 1051 1120 rursus
1079 1092 1235 1119 excitantur
1255 1091 1290 1118 ad
1316 1091 1409 1119 vitam.
1435 1091 1571 1118 Scarabasi
1601 1091 1745 1127 appropin-

954 1141 1058 1172 quante
1086 1142 1175 1165 morte
1200 1138 1332 1165 stercoris
1355 1145 1385 1165 se
1403 1137 1487 1173 pilula
1508 1137 1641 1170 condunt,
1661 1145 1743 1172 quant

955 1184 1006 1211 sub
1025 1187 1125 1210 terram
1145 1183 1306 1216 defodiunt;
1324 1187 1351 1211 et
1366 1183 1477 1219 genitali
1491 1183 1610 1218 quodam
1630 1182 1744 1210 hutnore

955 1237 1036 1265 quem
1050 1238 1066 1257 e
1080 1231 1179 1266 seipsis
1202 1230 1342 1263 emittunt,
1364 1230 1528 1258 reviviscere
1544 1237 1592 1265 per
1606 1237 1668 1257 sese
1683 1237 1744 1257 cer-

953 1279 1066 1302 nuntur.
1081 1274 1150 1302 Nam
1175 1275 1209 1303 de
1231 1275 1358 1310 pbmnice
1382 1274 1486 1304 Arabiae
1505 1282 1555 1302 ave
1577 1275 1743 1303 mentionem

954 1320 1046 1348 facere
1069 1328 1303 1355 supervacaneum
1323 1328 1365 1348 est
1382 1330 1388 1348 :
1403 1324 1446 1348 est
1460 1321 1531 1348 enim
1550 1327 1581 1348 ca
1599 1328 1643 1348 res
1659 1321 1745 1356 pluri-

954 1374 1062 1394 morum
1090 1372 1146 1394 tam
1173 1366 1293 1394 ﬁdelium
1320 1375 1402 1402 quam
1432 1366 1584 1394 inﬁdelium
1605 1367 1745 1395 auditione

954 1413 1072 1447 vulgata.
1085 1411 1170 1447 Cujus
1184 1412 1293 1446 quidem
1307 1412 1421 1440 historia
1437 1417 1478 1440 est
1489 1412 1643 1446 ejusmodi:
1657 1413 1746 1446 Quin-

953 1457 1105 1492 gentesimo
1119 1457 1208 1484 aetatis
1220 1464 1302 1490 anno,
1320 1464 1383 1484 cum
1398 1457 1502 1485 instare
1513 1457 1604 1485 obitus
1616 1457 1660 1485 sui
1677 1462 1745 1486 tem-

955 1510 1006 1537 pus
1026 1502 1209 1537 praesenserit,
1225 1503 1349 1530 cellulam
1371 1510 1405 1530 ex
1424 1503 1592 1531 aromatibus
1615 1508 1744 1532 constru-

106 1550 162 1577 ἀπὸ
175 1550 225 1584 τῆς
240 1550 430 1584 Αἰγυπτιακῆς
452 1548 593 1576 διαλέκτου
615 1549 663 1576 καὶ
683 1549 823 1585 Ἑϐραῖδος
834 1558 840 1564 ·
856 1550 901 1576 καὶ

956 1553 1027 1575 ctam
1042 1550 1069 1575 in
1085 1548 1179 1575 urbem
1196 1547 1344 1582 quamdam
1360 1548 1471 1584 ngypti
1491 1553 1681 1584 transportare
1697 1557 1744 1577 so~

106 1597 219 1632 ταρσοῖς
237 1595 312 1627 ἰδίοις
327 1595 361 1621 τὰ
376 1595 462 1631 στήθη
483 1595 517 1621 τὰ
538 1595 634 1622 ἑαυτοῦ
653 1595 787 1631 μαστίξας
803 1596 899 1628 πολλὰ,

107 1640 164 1676 ττῦρ
187 1639 241 1666 ἀπὸ
257 1639 303 1666 τοῦ
328 1639 454 1674 σώματος
473 1638 554 1665 αὑτοῦ
579 1638 793 1674 προφερόμενος,
819 1638 902 1674 ἐμπί-

107 1694 195 1721 πρησι
220 1685 270 1720 τὴν
294 1684 476 1720 ὑποκειμένην
503 1684 569 1720 ὕλην
583 1683 622 1719 τῷ
642 1684 727 1719 τόπῳ,
748 1685 795 1712 καὶ
815 1684 902 1716 οὕτως

108 1731 205 1757 ἑαυτὸν
226 1730 432 1772 mammam
449 1730 538 1762 πάσας
558 1730 607 1761 τὰς
626 1730 730 1766 σάρκας
753 1730 836 1757 αὐτοῦ
853 1730 902 1757 σὺν

107 1777 222 1808 ὀστέοις.
245 1776 292 1803 Ἐκ
306 1776 374 1802 Θεοῦ
390 1776 418 1803 δὲ
432 1776 588 1811 οἰκονομίας
599 1776 680 1811 νέφος
696 1776 901 1809 ἀποστέλλεται,

107 1824 155 1851 καὶ
165 1823 279 1855 ὐετίζει,
292 1823 339 1849 καὶ
350 1822 544 1849 κατασϐεννύει
555 1822 604 1858 τὴν
617 1822 647 1849 τὸ
659 1822 740 1857 σῶμα
749 1822 796 1849 τοῦ
808 1823 902 1858 ὀρνέου

109 1868 377 1903 καταδαπανήσασαν
396 1867 494 1903 φλόγα,
513 1868 610 1904 νεκροῦ
631 1868 680 1903 μὲν
697 1869 746 1904 ἤδη
766 1868 842 1900 ὄντος
854 1869 902 1895 τοῦ

109 1913 214 1949 ὀρνέου,
229 1913 276 1939 καὶ
291 1912 456 1948 ὀπτηθέντος
470 1912 607 1948 ἀκρότατα
618 1920 625 1928 ⁸
642 1911 802 1946 σϐεσθείσης
813 1911 841 1937 δὲ
852 1911 902 1945 τῆς

111 1959 219 1994 φλογὸς,
232 1958 346 1992 λείψανα
362 1960 411 1993 τῆς
429 1958 531 1993 σαρκδς
552 1957 634 1984 αὑτοῦ
655 1957 694 1983 ἔτι
722 1956 801 1991 σῶμα
822 1965 902 1991 περι-

110 2004 244 2035 λείπεται,
261 2004 309 2031 xui.
328 2003 396 2039 προς
413 2003 477 2039 μίαν
496 2003 602 2039 ἡμέραν
626 2001 809 2037 ἁφανισθέντα
832 2002 903 2028 σκώ-Δ

110 2051 181 2086 ληκα
192 2051 275 2086 γεννᾷ
284 2059 291 2065 ·
305 2051 320 2077 ὀ
337 2048 444 2086 σκώληξ
458 2051 605 2085 πτεροφνεῖ
617 2048 723 2080 νεοττὸς
736 2048 882 2083 γενόμενος
893 2056 900 2065 ι

109 2098 143 2132 τῇ
157 2097 186 2124 δὲ
207 2097 286 2132 τρίτῃ
302 2096 394 2132 ἡμέρᾳ
406 2096 559 2132 ἁδρύνεται,
574 2095 621 2122 καὶ
638 2094 780 2131 ἁδρυνΟεὶς
797 2095 852 2126 τοῖς
864 2093 903 2129 τῷ

111 2144 185 2179 τόπῳ
200 2142 465 2179 ὲξυπηρετουμένοις
479 2143 576 2169 ἑαυτὸν
595 2142 750 2178 ἐμφανίζει,
764 2142 811 2168 καὶ
825 2139 902 2173 αὖθις

112 2189 258 2225 ἀνατρέχει
269 2190 308 2220 εἰς
322 2188 370 2225 τὴν
387 2188 455 2216 ἰδίαν
467 2189 594 2224 πατρίδα,
611 2188 658 2214 καὶ
670 2187 848 2215 ἀναπαύεται.

147 2329 209 2356 ΠΕ¹.
225 2328 370 2363 Θαυμάσαι
385 2327 413 2354 δέ
438 2336 483 2363 μοι
504 2327 597 2353 ἔπεστι
612 2326 676 2362 περλ¹
697 2327 748 2362 τῆς
768 2326 823 2353 τῶν
840 2326 904 2353 ἀπί-

115 2383 183 2401 στων
208 2374 343 2410 Ἐλλήνων
366 2374 412 2400 καὶ
437 2373 524 2400 ἄλλων
552 2372 697 2408 βαρϐάρων
723 2372 904 2408 ἡπατημένης

113 2417 183 2446 κατὰ
197 2418 284 2444 πάντα
303 2417 433 2449 διανοίας,
455 2417 493 2448 ὡς
508 2418 537 2444 ἐν
556 2418 610 2449 τοῖς
633 2417 723 2443 αὐτῶν
741 2417 837 2452 μύθοις
853 2417 903 2442 οὐκ

113 2463 284 2499 αἰσχύνονται
297 2464 444 2490 ἀνάστασιν
454 2463 535 2490 παντὶ
545 2463 697 2498 σημαίνειν,
709 2463 756 2490 καὶ
767 2462 832 2498 περὶ
843 2463 906 2489 ἀνα-

115 2509 236 2542 στάσεως
247 2510 378 2542 πολλάκις
391 2509 473 2546 ᾅδειν,
492 2509 529 2541 ὡς
544 2510 567 2536 οἱ
583 2509 662 2544 μῦθοι
676 2509 767 2536 αὐτῶν
783 2509 905 2544 ἀναγρά-

149 2590 156 2605 ¹
173 2589 255 2617 Deest
271 2588 422 2624 quidpiam.

148 2666 205 2702 (ΑΞ)
220 2666 257 2702 De
272 2665 435 2694 animalculo
449 2666 506 2698 illo,
524 2665 681 2702 cuinomen
693 2665 801 2702 μ-υωξὸς
811 2665 898 2702 Grin

116 2700 212 2734 fecere,
238 2701 405 2736 Epiphanius
429 2702 500 2728 idem
525 2701 552 2736 in
574 2700 670 2727 lncresi
689 2700 734 2736 ﬁt,
762 2708 837 2736 num.
855 2701 899 2732 75,

115 2738 164 2765 sub
179 2734 268 2764 tinctu
280 2734 337 2763 liaec
357 2736 437 2764 habet
449 2737 525 2769 juxta
543 2735 668 2762 Latinam
690 2734 793 2761 Petavii
816 2735 900 2762 inter-

115 2772 294 2809 pretationem
306 2781 319 2809 _:
338 2771 511 2809 Naturalium
522 2778 610 2809 rerum
624 2770 765 2809 scriptores
778 2775 901 2809 asserunt

115 2805 239 2842 iugorum
255 2807 281 2833 in
302 2806 420 2833 latibulis
443 2807 497 2833 suis
516 2807 585 2840 [etus
604 2805 694 2842 eodem
709 2809 788 2842 partu
812 2806 901 2842 plures

114 2841 203 2874 tulere;
220 2842 334 2877 quini/ue
360 2842 476 2868 vide-tiret
497 2845 522 2868 et
538 2849 574 2877 ear
586 2841 711 2877 amplius.
739 2841 821 2874 iisque
838 2841 904 2867 iusi-

113 2879 184 2906 diari
200 2879 325 2911 viperam.
341 2877 406 2910 Qum
421 2877 554 2904 universos
567 2876 593 2902 in
611 2876 721 2902 latibqu
743 2880 830 2908 nacta,
845 2884 902 2902 cum

956 1594 1003 1627 let,
1026 1601 1086 1628 qua:
1110 1592 1260 1628 Heliopolis
1283 1594 1446 1629 appellatur,
1468 1594 1502 1621 ab
1526 1594 1662 1630 [Egyptiis
1679 1603 1744 1623 vero

955 1644 982 1667 et
999 1640 1119 1668 Hebraeis
1133 1639 1185 1667 0n.
1208 1639 1247 1666 lbi
1266 1643 1361 1675 pectus
1387 1648 1469 1668 suum
1489 1642 1589 1676 sepius
1607 1641 1658 1669 alis
1677 1649 1744 1669 con-

955 1686 1114 1718 verberans,
1141 1686 1230 1721 ignem
1251 1693 1268 1713 ο
1293 1693 1345 1714 suo
1373 1693 1488 1721 corpore
1515 1687 1656 1722 exprimit,
1689 1695 1745 1723 quo

956 1731 1108 1766 subjectam
1143 1731 1287 1759 materiam
1319 1731 1440 1759 incendit
1467 1741 1473 1760 :
1503 1732 1540 1759 ita
1569 1733 1744 1768 semetipsam

959 1784 1126 1812 carnemque
1166 1785 1243 1805 suam
1272 1785 1381 1805 omnem
1412 1785 1475 1805 cum
1505 1778 1616 1807 ossibus
1644 1779 1743 1807 exurit.

957 1823 1026 1850 Tum
1055 1823 1163 1851 occulta
1185 1822 1304 1858 quadam
1327 1822 1373 1850 Dei
1400 1823 1571 1858 providentia
1599 1824 1743 1860 superfusa

955 1869 1043 1896 nubes
1069 1868 1184 1903 depluit‘,
1210 1875 1242 1895 ac
1267 1867 1407 1894 ﬂammam
1431 1869 1504 1895 illam
1527 1876 1588 1904 quae
1603 1871 1662 1897 avis
1683 1878 1746 1898 cor-

955 1922 1007 1950 pus
1032 1914 1145 1949 depasta
1170 1913 1269 1946 fuerit,
1292 1913 1348 1948 90
1370 1914 1531 1949 exstinguit.
1560 1914 1668 1942 Mortua
1693 1915 1746 1950 igi-

955 1962 1002 1986 tur
1032 1966 1081 1986 ave
1112 1965 1144 1985 ae
1173 1957 1293 1985 ﬂammis
1324 1965 1438 1993 prorsus
1468 1963 1578 1992 assata,
1613 1960 1744 1988 restincta

955 2004 1085 2037 ﬂamma,
1111 2005 1203 2032 carnis
1229 2011 1261 2031 ac
1286 2004 1410 2040 corporis
1437 2005 1598 2039 superstites
1623 2005 1746 2042 reliquias

955 2049 1051 2078 eodem
1086 2049 1131 2077 die
1167 2055 1336 2085 consumptae
1364 2057 1480 2076 vermem
1507 2053 1638 2085 generant
1663 2059 1670 2077 :
1697 2051 1744 2086 qui

956 2097 1039 2132 paulo
1062 2100 1124 2131 p05t
1144 2099 1281 2131 pennatus
1297 2095 1400 2128 evadit,
1419 2100 1445 2123 et
1462 2095 1490 2122 in
1507 2095 1610 2130 pullum
1627 2102 1744 2124 conver-

956 2142 1081 2169 titur:is
1108 2142 1188 2169 tertio
1216 2141 1260 2170 die
1288 2141 1398 2169 demum
1425 2139 1569 2174 adolescit,
1598 2145 1679 2177 atque
1706 2142 1743 2169 ita

956 2188 1010 2214 loci
1027 2187 1102 2214 illius
1128 2187 1230 2215 accolis
1252 2187 1300 2223 qui
1325 2186 1387 2215 istic
1414 2190 1604 2222 occupantur,
1637 2186 1746 2222 conspi-

919 2227 942 2254 Ῑ)
957 2235 1084 2263 ciendum
1100 2242 1131 2263 se
1147 2235 1270 2271 prtubct:
1286 2236 1350 2263 inde
1372 2235 1399 2262 in
1424 2235 1539 2270 patriam
1561 2234 1698 2267 cenvolat,
1719 2239 1746 2263 et

956 2282 1117 2317 acquiescit.

991 2327 1122 2355 LXXXV.
1144 2327 1199 2363 Ego
1215 2334 1280 2355 vero
1292 2327 1408 2362 gentiles
1424 2326 1491 2353 istos
1507 2326 1617 2353 Grzecos
1633 2332 1665 2352 ac
1680 2325 1746 2353 bar-

955 2375 1037 2401 baros
1049 2373 1172 2401 inﬁdeles
1183 2373 1320 2400 admiror:
1332 2379 1450 2407 quorum
1462 2371 1530 2399 adeo
1539 2371 1694 2399 obcaecatus
1705 2376 1746 2399 est

956 2419 1074 2451 animus,
1095 2423 1124 2445 ut
1145 2418 1172 2445 in
1194 2418 1252 2445 suis
1270 2417 1393 2452 ipsorum
1415 2416 1515 2443 fabulis
1532 2416 1746 2444 resurrectionis

956 2464 1121 2492 mentionem
1138 2462 1285 2490 identidem
1301 2469 1454 2497 aspergere,
1471 2468 1503 2488 ac
1517 2461 1550 2489 de
1561 2469 1593 2489 ea
1603 2461 1748 2497 quamplu-

955 2509 1025 2536 rima
1048 2508 1198 2543 praedicare
1221 2507 1334 2536 minii'nc
1351 2511 1513 2541 vereantur;
1534 2515 1608 2542 nam,
1627 2512 1656 2535 ut
1677 2508 1748 2535 ﬁctis

952 2665 1077 2693 devorare
1097 2666 1178 2693 simul
1200 2673 1289 2693 omnes
1311 2672 1430 2702 nequeat.
1447 2673 1501 2694 tum
1525 2667 1629 2702 quidem
1652 2674 1734 2694 unum

954 2702 1117 2736 alterumque
1128 2702 1164 2728 ad
1179 2702 1329 2728 satietatem
1343 2703 1476 2734 absumit;
1496 2707 1604 2729 ctvteros
1617 2702 1748 2736 confossiv

955 2736 1037 2763 oculis
1060 2737 1094 2763 ad
1119 2736 1245 2770 pabulum
1270 2737 1374 2770 aufert;
1390 2745 1523 2772 cwcosque
1547 2738 1640 2768 nutrit,
1666 2737 1748 2772 donec

955 2771 1083 2805 prolatos,
1104 2771 1148 2798 ubi
1165 2772 1269 2798 libitum
1282 2777 1331 2802 est,
1354 2771 1655 2806 singulos'depasculur.
1671 2771 1708 2797 At.
1727 2771 1748 2796 si

957 2807 1025 2840 forte
1044 2807 1130 2841 ignari
1144 2807 1252 2841 quidam
1265 2808 1293 2833 in
1311 2808 1377 2834 tales
1390 2805 1538 2837 inciderint,
1556 2810 1580 2832 et
1596 2805 1630 2831 ad
1644 2813 1748 2831 restem

956 2841 1018 2867 dum
1035 2840 1159 2875 ceperint.
1173 2842 1302 2876 letiferum
1318 2850 1349 2868 ex
1362 2843 1394 2869 iis
1413 2849 1535 2869 venenum
1555 2840 1694 2874 hauriunt,
1705 2845 1748 2867 ut-

957 2882 1016 2912 ραις
1032 2878 1123 2912 vipera:
1139 2885 1233 2904 vntch
1247 2878 1365 2904 maritis.
