1939 3039
194 161 243 188 ιτεε

903 158 931 185 S.
944 157 1121 186 'EPIIIIMN‘H

1770 159 1824 186 176

195 218 303 244 illorum
316 215 479 243 commentis
496 214 624 248 traditur,
642 215 760 243 Alcestis
772 214 853 242 Pelia:
867 214 922 241 ﬁlia
933 222 983 250 pro

1041 223 1144 248 poucw'
1172 213 1319 250 Ἀλκηστιν
1346 214 1396 250 μὲν
1419 214 1620 251 τελευτῆσασαν
1646 214 1696 250 τὴν
1719 214 1824 242 -Πελίου

194 263 310 290 Admeto
324 261 384 288 viro
399 268 450 288 suo
465 266 584 293 mortua,
600 261 693 288 triduo
709 265 804 296 postea
819 259 854 287 ab
869 259 984 287 Hercule

195 307 230 334 ad
243 313 358 341 superos
390 306 528 338 excitata,
558 313 591 332 ex
617 305 767 333 inferorum
799 306 983 341 penetralibus

199 353 320 381 emersit.
341 351 418 384 Quod
434 351 503 378 idem
513 355 540 379 et
549 351 640 387 Pelopi
656 352 771 387 contigit
791 351 899 378 Tantali
917 351 982 382 ﬁlio,

198 406 259 426 cum
282 399 342 433 ejus
358 405 459 433 corpus
480 398 507 424 in
530 397 616 425 frusta
640 398 782 425 concisum
802 404 901 432 parcns
926 397 985 431 ipse

196 443 273 470 falsis
293 443 401 470 illorum
418 442 577 470 numinibus
597 443 782 477 apposuisset.
799 441 911 469 Necnon
927 440 983 468 Eu-

195 489 273 521 cleis,
293 495 373 523 quem
389 487 565 523 Esculapius
585 488 722 514 revocavit
739 487 773 514 ad
791 488 884 515 vitam.
903 487 984 514 Item—

196 542 249 569 que
259 534 356 561 Castor
367 533 486 560 Pollucis
500 533 594 560 fratris
609 532 741 560 beneficio
754 533 788 561 ab
803 533 914 561 interitu
929 532 986 560 vin-

196 580 323 606 dicatur:
340 579 385 614 qui
402 579 515 606 alternis
530 586 592 605 cum
608 586 640 606 eo
656 578 739 606 vitam
761 586 838 606 suam
860 586 984 606 commu-

198 629 258 652 tare
283 623 389 651 maluit.
419 623 518 650 Adlnuc
543 622 710 651 Protesilaus
737 623 806 651 idem
833 623 986 651 Laodamiae

198 677 280 705 opera
300 675 465 698 consecutus
481 670 602 704 ﬁngitur.
622 669 757 697 Praeterea
780 669 943 706 Sisyphum,
958 674 986 698 et

197 716 353 748 Tantalum,
370 719 397 743 et
410 715 524 743 Caucasi
541 715 611 743 ﬁlias
627 723 697 750 quas
709 714 811 743 Furias
828 720 937 748 vocant,
954 723 986 743 ac

196 762 315 797 denique
341 760 474 789 Tiresiam
489 782 496 793 ,
518 761 545 788 in
570 765 674 788 tartara
693 761 822 789 detrusos
851 761 985 789 scelerum

198 807 254 835 illic
269 814 364 842 pcenas
384 807 548 842 expendere,
565 811 592 834 et
607 807 690 834 alium
713 815 791 839 saxo,
805 807 888 834 alium
905 813 964 834 rola
976 828 984 841 ,

199 850 282 877 alium
298 850 424 885 supplicii
442 850 496 877 alio
511 858 610 885 genere
625 851 756 883 cruciari,
777 852 804 878 in
822 859 910 886 eoque
925 859 986 886 per-

200 904 326 924 severare
340 896 487 924 commenti
503 900 577 929 sunt,
591 900 620 924 ut
630 904 685 923 non
703 896 811 932 penitus
826 897 853 924 in
870 897 984 924 nihilum

198 941 301 969 redacti
319 942 385 974 sint,
403 941 451 969 sed
467 949 527 968 cum
545 942 708 976 corporibus
722 943 870 970 etiamnum
889 950 987 978 supcr-

199 988 264 1015 sint.
280 984 348 1013 Nam
361 987 384 1014 si
399 992 527 1014 carerent
543 987 715 1022 corporibus,
731 987 844 1022 quinam
855 995 926 1018 saxo
943 995 987 1014 ro-

199 1037 259 1059 tave
275 1031 399 1058 damnari
421 1031 555 1066 possent?
573 1031 656 1059 Multa
681 1032 707 1059 id
726 1040 811 1067 genus
833 1032 886 1059 alia
910 1039 987 1059 com-

198 1076 330 1111 prehendi
348 1079 474 1111 possunt,
499 1077 599 1112 quibus
614 1082 641 1104 et
656 1077 722 1104 ﬁdes
746 1081 841 1105 nostra
858 1078 989 1106 corrobo-

199 1123 265 1156 rari,
279 1128 307 1150 et
321 1123 429 1150 illorum
443 1123 569 1151 convinci
589 1124 695 1151 falsitas
711 1124 810 1159 possit.

233 1168 377 1196 LXXXVI.
399 1169 448 1197 His
472 1170 613 1205 gentilium
637 1169 753 1198 somniis
778 1174 806 1197 et
832 1169 988 1197 inﬁdelitati

199 1217 305 1251 gemina
322 1220 388 1244 sunt
403 1223 436 1243 ac
447 1223 586 1251 germana,
600 1223 660 1250 qua:
671 1216 706 1242 ab
721 1215 858 1243 haereticis
871 1215 986 1243 all'crun-

199 1268 253 1288 tur.
279 1262 400 1294 Quorum
423 1261 548 1288 nonnulli
564 1268 618 1288 non
637 1268 795 1296 corporum,
813 1260 861 1288 sed
882 1261 989 1288 anima-

200 1314 260 1333 rum
284 1305 511 1334 resurrectionem
544 1305 602 1332 fore
626 1305 786 1340 pradicant.
815 1306 893 1338 Quod
918 1306 989 1333 idem

201 1352 317 1387 gentiles
333 1351 384 1384 illi,
400 1351 434 1378 de
447 1351 548 1386 quibus
561 1350 629 1384 dixi,
646 1351 775 1386 opinione
790 1359 839 1378 sua
858 1352 991 1386 proﬁten-

203 1402 247 1424 tur
261 1407 267 1425 :
282 1398 349 1425 adeo
367 1401 397 1425 ut
410 1397 519 1424 illorum
531 1397 611 1433 longe
625 1398 825 1425 absurdissima
841 1399 879 1425 sit
890 1399 990 1431 oratio,

201 1446 229 1469 et
252 1442 286 1469 ad
310 1441 484 1469 excitandum
509 1441 595 1468 risum
621 1441 654 1468 ab
676 1441 730 1468 illis
753 1443 898 1477 explirata.
923 1441 990 1469 Nam

201 1488 274 1522 quod
289 1487 520 1515 resurrectionem
537 1486 654 1514 haereses
673 1486 725 1513 illae
746 1490 886 1522 utcunque
901 1487 991 1516 fatens

1034 260 1105 296 ὑπὲρ
1126 259 1173 287 τοῦ
1198 260 1294 296 ἀνδρὸς
1317 260 1403 296 αὐτῆς
1421 261 1566 296 Ἀδμήτου,
1583 260 1630 287 καὶ
1650 260 1722 295 ὑπὲρ
1741 261 1750 276 ί
1775 260 1824 286 τοῦ

1040 305 1187 341 Ἡρακλέος
1216 306 1286 341 μετὰ
1309 306 1358 342 (δὲ)
1379 307 1528 342 τριήμερον
1551 307 1749 341 ὲγηγερμένην,
1775 307 1825 332 καὶ

1034 350 1088 377 ἀπὸ
1101 350 1155 377 τῶν
1177 351 1280 378 ἀδύτων
1297 351 1495 387 ἀνηνεγμένην.
1517 351 1627 378 Πέλοπά
1642 360 1671 377 τε
1691 351 1738 378 τὸν
1752 350 1826 377 Ταν-

1033 396 1114 423 τάλου
1132 396 1201 432 μετά
1216 397 1246 423 τὸ
1259 397 1483 433 κρεωνομηθῆναι
1499 396 1551 423 ὑπὸ
1569 396 1616 422 τοῦ
1634 396 1698 422 ἰδίου
1718 396 1825 431 πατρὸς

1036 443 1056 477 (¹
1075 441 1245 477 ’Δμιριάρεω)
1263 443 1319 473 τοῖς
1329 441 1518 476 ψευδωνύμως
1530 441 1620 468 αὐτῶν
1639 440 1720 473 θεοῖς.
1742 442 1798 467 Καὶ
1809 442 1824 467 ὁ

1035 487 1155 523 Εὑκλεὴς
1171 487 1224 514 ὑπὸ
1239 487 1285 513 τοῦ
1314 486 1480 522 Ἀσκληπιοῦ
1501 486 1744 522 ἀναζωσγονῃθείς.
1763 487 1823 513 Κά-

1036 541 1109 569 στωρ
1130 533 1174 560 διὰ
1190 533 1362 567 Πολυδεύκην
1384 533 1430 560 τὸν
1450 532 1564 567 ἀδελφὸν
1586 532 1680 564 αὑτοῦ,
1694 532 1732 563 ὡς
1752 531 1824 558 ἑκὼν

1035 579 1171 614 αὐτῷτὴν
1188 578 1260 615 ζωὴν
1280 579 1345 614 παρ’
1359 578 1467 614 ἡμέραν
1489 578 1633 605 ἀλλάσσειν
1653 578 1749 604 εἵλετο.
1768 579 1826 604 Καὶ

1035 626 1048 651 ὁ
1063 624 1249 660 Πρωτεσίλαος
1265 623 1309 650 διὰ
1326 623 1509 658 Λαοδάμειαν.
1528 623 1608 650 Ἀλλά
1630 624 1677 650 καὶ
1695 623 1823 658 Σίσυφον,

1035 671 1141 698 καὶτὸν
1159 670 1305 702 Τάνταλον,
1317 670 1365 696 καὶ
1386 669 1435 702 τὰς
1459 670 1607 696 Καυκάσου
1625 669 1776 704 ουγατέρας
1790 669 1825 700 ἃς

1041 715 1180 753 Ἐριννύας
1201 715 1362 750 κεκλήκασι,
1377 716 1423 742 καὶ
1436 715 1579 750 Τειρεσίαν
1601 714 1659 749 ἅμα
1673 714 1760 750 τούτῳ
1773 723 1825 742 κα-

1035 761 1301 797 τατεταρταρῶσοαι,
1322 762 1368 788 καὶ
1381 761 1471 788 δοῦναι
1487 761 1563 796 δίκην
1587 762 1686 792 ἐκεῖσε,
1705 761 1750 787 τὸν
1774 761 1824 795 μὲν

1035 809 1078 836 διὰ
1095 809 1207 844 πέτρας,
1224 808 1268 834 τὸν
1279 808 1307 834 δὲ
1321 808 1372 834 ὑπὸ
1387 807 1493 843 τροχὸν,
1507 807 1552 834 καὶ
1569 807 1664 838 ἄλλους
1680 807 1766 838 ἄλλως
1781 815 1824 832 τε-

1036 855 1218 891 τιμωρῆσθαι,
1241 854 1288 880 καὶ
1306 853 1346 880 ἔτι
1369 853 1502 888 ὑπάρχειν
1518 854 1546 879 ὲν
1568 852 1697 888 τιμωρίᾳ,
1722 852 1760 884 ὼς
1785 852 1823 887 μὴ

1037 902 1075 932 sl;
1090 900 1258 936 ἀνυπαρξίαν
1278 899 1483 935 κεχωρηκότας,
1499 899 1670 934 ὑπάρχοντας
1681 898 1710 924 δὲ
1725 899 1755 924 ἐν
1771 897 1825 924 σώ-

1039 955 1134 982 μασιν·
1157 946 1235 982 εἰμὴ
1257 945 1311 981 γὰρ
1333 945 1445 980 σώματα
1468 942 1551 980 εἶχον,
1573 945 1630 977 πῶς
1646 945 1698 971 ὑπὸ
1722 943 1825 979 πέτραν

1039 992 1084 1019 καὶ
1096 992 1191 1027 τροχὸν
1210 991 1356 1027 τιμωρίαις
1375 990 1549 1026 παρεδίδοντο
1562 998 1568 1022 ;
1586 990 1641 1017 Καὶ
1655 989 1737 1016 πολλὰ
1751 990 1825 1016 ἔστιν

1041 1041 1102 1075 περὶ
1114 1039 1215 1066 τούτων
1233 1039 1332 1072 λέγειν,
1345 1038 1386 1069 εις
1409 1037 1580 1072 παράστασιν
1596 1037 1644 1072 τῆς
1658 1037 1686 1062 ὲν
1701 1036 1766 1071 ἡμῖν
1775 1035 1825 1062 πι-

1039 1093 1133 1117 στεως,
1154 1085 1263 1120 ἔλεγχον
1277 1084 1306 1111 δὲ
1319 1083 1365 1110 τὸν
1383 1083 1450 1119 πρὸς
1469 1082 1576 1114 αὐτούς.

1075 1172 1145 1206 nq’.
1169 1172 1248 1199 Ἀλλά
1265 1173 1311 1199 καὶ
1338 1173 1362 1199 oi.
1385 1173 1416 1199 ἐκ
1439 1171 1493 1198 τῶν
1515 1172 1646 1207 αἱρέσεων
1670 1171 1825 1207 ὁρμώμενοι

1040 1220 1141 1254 ἁδελφά
1159 1219 1264 1249 τούτοις
1282 1219 1375 1255 ᾄδουσι
1390 1219 1436 1245 καὶ
1455 1219 1561 1253 συνῳδὰ
1575 1219 1622 1254 τῆς
1640 1219 1780 1250 ἀπιστίας,
1797 1219 1826 1244 ὲν

1039 1265 1078 1300 τῷ
1090 1264 1163 1296 τινὰς
1175 1265 1224 1300 μὲν
1236 1265 1290 1291 τῶν
1302 1264 1447 1300 αἱρετικῶν
1462 1264 1549 1298 λέγειν
1562 1265 1592 1290 οὐ
1606 1263 1730 1299 σώματος
1746 1264 1824 1298 (42⁸),

1041 1311 1108 1338 ἀλλὰ
1120 1310 1208 1346 ψυχῆς
1222 1310 1368 1337 ἀνάστασιν
1383 1309 1506 1336 ἔσεσθαι·
1524 1309 1653 1340 ὡσαύτως
1666 1309 1694 1335 δὲ
1707 1309 1754 1335 καὶ
1765 1309 1826 1340 τοὺς

1041 1356 1257 1392 προειρημένους
1275 1355 1411 1392 ’Έλληνας
1432 1355 1463 1382 τὺ
1487 1355 1551 1382 αὐτὸ
1579 1353 1698 1390 νομίζειν
1724 1363 1753 1380 τε
1779 1355 1826 1380 καὶ

1042 1402 1211 1435 συνδοξάζειν
1221 1410 1227 1417 ·
1242 1402 1279 1433 ὡς
1294 1400 1362 1428 εἶναι
1377 1402 1422 1428 τὸν
1436 1401 1514 1435 λόγον
1529 1401 1617 1428 αὐτῶν
1634 1400 1742 1436 ληρώδη
1758 1400 1825 1435 μᾶλ-

1041 1448 1085 1474 λον
1101 1447 1170 1483 ὑπὲρ
1183 1447 1316 1482 κινήσεως
1331 1447 1340 1462 ³
1355 1446 1582 1482 προϐαλλόμενον.
1606 1446 1668 1472 Ἐὰν
1686 1445 1739 1480 γὰρ
1758 1445 1826 1472 ἀνά-

1043 1501 1135 1520 στασιν
1143 1493 1256 1519 εἴπωσιν
1267 1492 1295 1519 αἱ
1303 1492 1432 1527 αἱρέσεις,
1444 1491 1490 1518 καὶ
1499 1491 1567 1523 ὅλως
1576 1491 1723 1517 ἀνάστασιν
1735 1490 1828 1525 ἡγοῦν-

202 1539 247 1561 ιιιι·
267 1541 298 1560 ac
321 1533 440 1560 futuram
456 1532 623 1564 existiment,
646 1533 768 1560 sedeam
781 1533 814 1560 ad
834 1534 908 1561 solas
928 1534 988 1561 ani-

1041 1548 1096 1570 ται,
1112 1538 1176 1574 περὶ
1190 1537 1283 1572 ψυχῶν
1305 1537 1333 1563 δὲ
1352 1536 1431 1563 τοῦτο
1450 1536 1596 1572 ὁρίζονται,
1615 1535 1710 1571 εῠηοές
1724 1537 1783 1561 ἐστι
1798 1536 1828 1561 ἰδ

202 1588 260 1608 mas
271 1579 412 1613 referunt;
433 1578 498 1614 ﬁngi
514 1578 581 1605 nihil
600 1578 653 1614 91
673 1583 763 1613 potest
786 1579 916 1614 ineptius.
936 1580 987 1613 Qui

201 1627 274 1653 enim
289 1632 432 1660 resurgere
446 1624 546 1660 poterit
560 1625 662 1658 anima,
680 1633 741 1660 quae
758 1634 898 1661 nunquam
916 1627 988 1654 ceci-

201 1671 291 1700 derit?
305 1672 363 1699 Non
382 1671 457 1698 enim
477 1670 584 1698 animas
604 1671 632 1698 in
649 1672 786 1706 sepulcra,
807 1673 855 1700 sed
874 1680 990 1708 corpora

202 1717 386 1752 deponimus:
405 1716 503 1743 animas
521 1716 621 1751 quippe
642 1724 698 1744 non
724 1718 835 1751 cadunt,
860 1718 907 1746 sed
931 1726 992 1746 car-

202 1772 266 1797 nes;
284 1763 356 1791 unde
376 1768 403 1791 et
422 1766 592 1790 mortuorum
611 1771 727 1799 corpora
750 1764 831 1799 vulgo
853 1765 987 1793 cadavera

202 1810 388 1837 nominantur.
402 1809 587 1842 Quamobrem
601 1810 623 1837 si
639 1817 693 1845 qua
716 1810 787 1845 apud
810 1811 871 1838 illos
886 1817 928 1839 est
944 1819 989 1838 re-

201 1856 381 1885 Surrcctionis
398 1855 477 1890 ﬁdes,
498 1854 605 1883 nemini
615 1855 728 1883 dubium
743 1859 786 1883 est
799 1857 864 1891 quin
880 1856 914 1883 ad
932 1864 990 1883 cor-

201 1910 256 1938 pus
269 1901 342 1937 quod
359 1901 468 1934 cecidit,
489 1908 543 1928 non
559 1902 591 1929 ad
613 1901 733 1928 animam
750 1902 837 1936 ipsam
853 1902 992 1937 pertinere

202 1948 308 1975 debeat.
329 1947 416 1975 Graeci
436 1955 500 1975 vero
516 1955 548 1975 ac
563 1947 678 1982 gentiles
690 1947 741 1982 ipsi
754 1948 800 1982 qui
811 1949 993 1975 resurrectio-

203 2002 264 2021 nem
279 1993 403 2021 funditus
418 1996 528 2031 negant,
544 1993 587 2020 vel
599 1993 651 2020 hoc
667 2000 722 2020 uno
740 1996 900 2028 argumento
915 1993 994 2021 refel-

203 2040 307 2072 luntur,
329 2038 400 2074 quod
421 2038 588 2066 solemnibus
608 2045 677 2073 quos
699 2041 798 2065 vocant
821 2037 932 2070 diebus,
954 2039 993 2065 ci-

203 2087 266 2113 bum
288 2092 320 2112 ac
343 2088 437 2120 potum
462 2083 496 2111 ad
515 2087 686 2111 mortuorum
708 2084 832 2119 sepulcra
856 2084 992 2118 deferunt,

202 2132 249 2159 ubi
265 2132 356 2159 cibum
373 2137 480 2158 omnem
495 2129 613 2157 ﬂammis
629 2129 749 2162 adolent,
772 2134 799 2158 et
820 2131 853 2158 de
873 2133 937 2158 vino
957 2131 990 2158 li-

204 2179 269 2205 bant
284 2187 290 2204 :
304 2183 358 2212 qua
372 2176 399 2203 in
408 2183 437 2203 re
446 2183 535 2210 neque
548 2176 664 2203 mortuis
675 2181 803 2211 prosunt,
819 2181 847 2204 et
859 2177 911 2204 sibi
925 2177 992 2212 ipsis

204 2224 396 2251 detrimentum
414 2222 540 2250 all‘erunt.
559 2221 613 2249 Sed
628 2222 670 2249 vel
687 2222 744 2257 ipsa
759 2230 806 2250 eos
820 2223 991 2250 consuetudo
1008 2224 1029 2251 Β

204 2269 238 2296 ad
260 2269 441 2297 conﬁtendam
465 2272 636 2295 mortuorum
661 2269 890 2296 resurrectionem
908 2269 991 2304 adigit

203 2314 285 2341 etiam
298 2314 399 2341 invitos
412 2322 419 2341 :
432 2313 567 2348 siquidem
585 2312 618 2340 ad
631 2321 692 2341 eum
711 2314 800 2341 locum
817 2315 844 2340 in
858 2321 913 2349 quo
925 2323 992 2342 con-

204 2359 260 2386 dita
279 2362 344 2386 sunt
365 2364 534 2386 mortuorum
559 2365 692 2393 corpora,
717 2366 777 2386 sese
800 2359 990 2393 conferentes,

204 2405 381 2438 consepultos
396 2404 450 2432 illic
465 2405 626 2432 nominatim
644 2404 793 2432 inclamant
810 2414 816 2432 z
834 2404 931 2441 Surge,
948 2407 991 2434 in‘

240 2483 249 2498 ¹
269 2481 332 2509 Cor.
348 2482 410 2509 ὑπό.
446 2483 457 2498 ¹
471 2482 573 2510 Vitium
591 2483 684 2512 subest
707 2484 771 2512 huic
793 2471 863 2512 loco.

241 2543 308 2578 (42‘)
328 2543 369 2570 οὺ
383 2542 529 2578 σώματος.
549 2543 615 2572 Vide
636 2545 759 2573 haeresim
776 2545 820 2578 67,
839 2546 988 2573 numerisl

205 2583 233 2608 et
247 2579 275 2609 6.
288 2578 470 2613 potissimum.

239 2614 295 2648 (45)
313 2614 408 2641 Ἔνθα
422 2614 478 2648 γὰρ
491 2613 575 2647 ἐτέθη
597 2614 632 2640 τὰ
651 2614 780 2649 σώματα.
795 2614 868 2641 Zeno
885 2614 986 2642 Veron.

204 2651 231 2677 in
247 2649 319 2677 Psal.
339 2656 416 2676 XLIX:
437 2648 497 2676 Non
511 2650 530 2676 ii
551 2650 646 2679 solum,
660 2651 703 2684 qui
723 2650 787 2676 mles
808 2654 880 2679 sum.
897 2650 992 2684 displi-

204 2689 261 2712 cent
285 2684 336 2711 Ι)εο
348 2692 356 2715 ;
370 2683 414 2711 sed
433 2689 457 2711 et
479 2685 529 2715 illi,
549 2685 593 2719 qui
614 2683 670 2717 per“
684 2684 804 2716 sepulcra
817 2685 989 2716 discurrunt;

204 2721 248 2755 qui
267 2719 358 2754 [clasis
375 2719 494 2753 prandiis
510 2719 680 2755 cadaueribus
694 2720 848 2753 sucri/icant
869 2726 989 2746 mortuo-

204 2753 274 2782 rum;
292 2755 461 2789 Augustinus
479 2761 502 2780 vt
520 2753 597 2785 Con].
619 2761 678 2788 cap.
697 2761 727 2785 ιι,
756 2755 851 2782 scribit
873 2755 990 2781 Ambro~

204 2791 275 2816 sium
300 2789 442 2816 Mediolani
465 2788 646 2824 prohibuisso.
663 2796 696 2815 nc
720 2789 818 2823 pultes,
836 2797 943 2824 panem,
964 2793 990 2816 et

205 2832 321 2854 merum,
338 2825 408 2851 sicut
420 2824 447 2850 in
462 2823 554 2849 Africa
565 2823 749 2856 lierisolcbal,
767 2824 800 2851 ad
817 2823 992 2852 hoitorandas

203 2859 395 2887 defunctorum
419 2857 564 2885 memorias
588 2858 729 2893 inferrent,
752 2867 782 2887 ne
808 2859 864 2887 ulla
889 2861 992 2887 occasio

1041 1583 1159 1611 τοιοῦτον
1170 1591 1176 1598 '
1191 1583 1249 1614 πῶς
1261 1583 1312 1618 γὰρ
1323 1582 1395 1618 ψυχὴ
1409 1583 1590 1617 ἀναστήσεται
1602 1581 1640 1617 μὴ
1654 1582 1827 1613 ﬂammatum;

1041 1630 1078 1657 Οὐ
1093 1630 1146 1665 γὰρ
1161 1629 1299 1664 θάπτομεν
1312 1629 1361 1659 τὰς
1376 1628 1465 1663 ψυχὰς
1480 1627 1508 1653 ἐν
1525 1629 1581 1658 τοῖς
1596 1626 1828 1662 μνημείοις,ἁλ).ἀ

1041 1675 1075 1702 τὰ
1086 1675 1213 1711 σώματα·
1225 1674 1309 1710 ψυχαὶ
1324 1675 1378 1710 γάρ
1389 1674 1418 1700 οὺ
1431 1673 1584 1705 πίπτουσιν,
1599 1672 1655 1699 ἀλλ’
1669 1673 1694 1699 αἱ
1711 1672 1827 1708 σάρκες*

1041 1721 1079 1753 ὡς
1094 1720 1140 1747 καὶ
1157 1721 1173 1755 ἡ
1188 1720 1316 1755 συνήθεια
1344 1718 1422 1745 εἴωθε
1438 1718 1531 1744 καλεῖν
1550 1718 1583 1744 τὰ
1605 1716 1688 1752 νεκρὰ
1704 1716 1827 1751 σώματα,

1042 1765 1186 1801 πτώματα.
1204 1765 1299 1791 Τοίνυν
1322 1765 1346 1790 εἰ
1367 1764 1515 1794 ἀνάστασις
1535 1754 1598 1797 παῗρ¹
1619 1762 1710 1792 αὐτοῖς
1732 1761 1828 1796 ὁμολο-

1042 1812 1140 1845 γεῖται,
1157 1809 1237 1836 παντί
1259 1818 1296 1844 τῳ
1309 1809 1387 1843 δῆλόν
1405 1809 1478 1834 ἐστιν
1492 1807 1521 1835 οὑ
1536 1807 1636 1842 ψυχῆς,
1654 1806 1723 1833 ἀλλά
1736 1808 1828 1840 σωμα-

1042 1865 1086 1888 τος
1109 1856 1290 1887 πεπτωκότος.
1313 1854 1442 1889 ’Έλληνες
1463 1854 1491 1880 δὲ
1517 1853 1596 1880 πάλιν
1620 1852 1776 1887 ἐλέγχονται
1801 1851 1830 1877 τὺ

1042 1904 1097 1930 πᾶν
1109 1903 1159 1938 τῆς
1173 1902 1346 1933 ἀναστάσεως
1360 1901 1531 1936 ἀρνούμενοι,
1547 1899 1731 1934 ἀποφέροντες
1746 1899 1786 1929 εὶς
1796 1898 1828 1923 τὰ

1045 1949 1172 1984 μνήματα
1188 1948 1320 1984 βρώματά
1333 1956 1362 1974 τε
1378 1948 1425 1974 καὶ
1439 1947 1548 1983 πόματα
1563 1947 1592 1973 ὲν
1609 1947 1668 1977 ταῖς
1679 1945 1828 1979 πανδήμοις

1043 1995 1222 2029 καλουμέναις
1233 1993 1350 2029 ἡμέραις
1362 2002 1369 2008 ·
1384 1992 1559 2020 ὁλοκαυτοῦσι
1575 1992 1623 2027 μὲν
1635 1991 1669 2017 τὰ
1681 1991 1827 2025 ἐδέσματα,

1045 2040 1186 2067 σπένδουσι
1208 2040 1237 2066 δὲ
1252 2040 1315 2071 τοὺς
1336 2039 1436 2071 οἴνους,
1460 2038 1544 2074 μηδὲν
1563 2038 1612 2073 μὲν
1633 2038 1696 2068 τοὺς
1717 2036 1829 2071 νεκροῦς

1044 2086 1220 2121 ὠφελοῦντες,
1245 2086 1357 2117 ἑαυτοὺς
1377 2085 1406 2111 δὲ
1432 2084 1530 2120 μᾶλλον
1556 2083 1728 2118 βλάπτοντες.
1747 2081 1829 2108 Πάλιν

1044 2132 1243 2167 ἀναγκάζονται
1258 2131 1311 2157 ἀπὸ
1328 2131 1377 2166 τῆς
1392 2129 1536 2166 συνηθείας
1553 2129 1694 2165 ὁμολογεῖν
1713 2127 1763 2162 τὴν
1777 2127 1828 2154 τῶν

1044 2178 1149 2214 νεκρῶν
1161 2178 1307 2205 ἀνάστασιν
1318 2185 1324 2190 ·
1340 2176 1403 2203 ένοα
1420 2175 1474 2211 γὰρ
1494 2175 1572 2211 ἐτέθη
1590 2174 1624 2201 τά
1647 2173 1762 2209 σώματα
1776 2173 1829 2206 (43)

1043 2224 1096 2250 τῶν
1111 2222 1328 2259 τελευτησάντων
1349 2221 1556 2258 παραγίνονται,
1574 2220 1621 2247 καὶ
1639 2219 1829 2255 προσφωνοῦσι

1044 2271 1100 2302 τοῖς
1114 2269 1293 2304 τεθαμμένοις
1308 2269 1413 2303 νεκροῖς
1431 2266 1461 2299 ὲξ
1474 2267 1619 2301 ὀνόματος·
1641 2265 1768 2296 Ἀνάστα,
1786 2264 1830 2298 qi-

1045 2324 1166 2346 σκοντες,
1180 2315 1194 2340 ὁ
1209 2314 1292 2345 δεῖνα,
1309 2313 1378 2348 φάγε
1394 2313 1441 2339 καὶ⁴
1453 2312 1511 2339 πῖθι
1523 2311 1570 2338 καὶ
1585 2310 1761 2346 εὐφράνθητι.
1777 2310 1829 2336 Καὶ

1044 2363 1068 2388 εἰ
1086 2361 1134 2395 μὲν
1155 2360 1204 2392 τὰς
1220 2359 1309 2395 ψυχὰς
1329 2360 1417 2386 ἐκεῖσε
1439 2358 1595 2394 νομίζουσιν
1613 2356 1829 2392 ἐμπαραμένειν,

1044 2407 1107 2435 ἔνθα
1123 2407 1157 2434 τὰ
1173 2407 1286 2441 λείψανα
1299 2405 1352 2432 τῶν
1371 2404 1591 2440 τελευτησάντιιιν
1604 2403 1747 2437 τέθαπται,
1762 2403 1830 2429 ἀπα-

916 2485 926 2501 ³
945 2485 975 2514 F.
993 2486 1063 2522 ὑπὲρ
1079 2486 1129 2517 τῆς
1148 2485 1194 2511 τοῦ
1208 2484 1324 2520 γέλωτος
1341 2485 1483 2520 κινήσεως.

1042 2554 1070 2573 se
1088 2545 1267 2580 ingurgitandi
1287 2544 1396 2570 dat-elur
1413 2543 1542 2580 ebriosis;
1557 2548 1581 2570 et
1602 2542 1665 2577 quia
1688 2541 1832 2580 illauquasi

1042 2578 1192 2615 parentalia
1219 2580 1402 2612 supcrstiliani
1418 2579 1554 2615 gentilium
1575 2582 1650 2615 euut
1683 2578 1830 2615 simillima.

1043 2611 1227 2642 ‘l‘ertulliaims
1249 2615 1358 2649 Apolug.
1384 2611 1443 2648 cap.
1462 2614 1494 2640 l5
1507 2622 1514 2640 :
1529 2613 1599 2645 Quid
1621 2613 1727 2649 omnin
1742 2611 1776 2638 ad
1789 2612 1832 2649 Ilo-

1042 2650 1176 2677 noramlas
1189 2659 1232 2677 eos
1247 2648 1346 2683 facitis.
1363 2649 1431 2684 quod
1445 2657 1495 2675 non
1513 2650 1593 2674 etiam
1610 2648 1729 2684 mortuis»
1743 2648 1832 2684 vestris

1042 2685 1207 2719 conferatis?
1225 2682 1307 2711 (Eilcs
1326 2682 1457 2718 proinde:
1481 2692 1543 2710 aras
1560 2683 1679 2716 proinde.
1696 2682 1771 2708 Illum
1788 2682 1833 2707 Ιιιι-

1044 2720 1124 2753 bilus,
1139 2725 1163 2746 et
1177 2721 1295 2754 insignia
1308 2721 1333 2746 in
1344 2719 1450 2746 statutis
1463 2726 1472 2750 ;
1484 2723 1511 2745 ιιι
1527 2723 1602 2754 (rtus,
1613 2724 1639 2743 ιιι
1649 2726 1708 2754 ars,
1719 2722 1746 2754 ul
1759 2725 1833 2751 ncgo—

1043 2757 1108 2781 tium
1125 2756 1224 2781 mortui
1236 2753 1299 2788 fuit,
1320 2756 1358 2781 ila
1374 2754 1443 2781 Deus
1461 2759 1509 2781 εει.
1528 2753 1586 2786 Quo
1609 2753 1698 2786 differt
1716 2753 1748 2778 ab
1760 2753 1833 2784 epulo

1043 2789 1129 2821 Jovis,
1152 2789 1346 2817 Siliccrnium?
1367 2799 1381 2816 (ι
1408 2789 1520 2823 simpulo
1543 2787 1629 2815 abba?
1654 2788 1686 2813 ab
1715 2788 1833 2823 (φωνὴ-ε

1045 2826 1204 2859 pollinctor?
1221 2824 1289 2851 Nam
1300 2830 1324 2852 et
1343 2821 1577 2859 aruspes‘mortuis
1592 2827 1711 2857 apparet.
1728 2821 1829 2849 Psnv.
