1939 3039
104 175 152 202 (77

809 177 1027 206 ΑΜΣΟΙίΛΤυδ.

1676 177 1726 205 US

101 233 150 269 θής
165 242 207 265 τις
229 233 339 270 τοιαύτη
358 234 411 261 τῶν
427 235 522 271 ψυχῶν
543 237 707 272 προσδοκία’
728 237 890 273 ὲμπαραμέ-

948 237 1048 272 ιυίυιιι,
1062 235 1184 263 defuncti
1195 242 1293 262 nomen
1305 235 1482 270 appellantes,
1495 235 1557 263 bibe
1566 240 1593 264 et
1603 237 1726 272 epulare.

100 286 176 303 νουσι
193 277 248 314 γὰρ
264 278 313 313 τῆν
335 279 441 315 ἡμέραν
458 281 507 316 τὴν
523 281 682 316 μέλλουσαν,
695 282 741 309 καὶ
755 281 804 317 τὴν
825 282 891 308 ἀνά-

102 331 196 349 στασιν
220 322 271 358 τῆς
296 324 515 359 παλιγγενεσίας,
530 326 582 358 ἕως
605 326 639 354 τὰ
663 326 778 354 σύνθετα
798 327 845 354 καὶ
857 327 891 353 τὰ

103 369 210 403 σύζυγα
231 369 320 396 αὐτῶν
343 370 499 399 ἀπολάϐωσι
517 371 643 407 σώματα*
669 373 694 399 εἰ
714 373 761 399 καὶ
782 372 891 407 βδελύτ-

102 423 192 441 τονται
204 415 229 441 οἱ
245 415 299 441 τῶν
318 415 452 451 Ἐλλήνων
465 418 558 450 παῖδες
570 418 618 453 τὴν
632 418 721 455 σάρκα
737 419 774 450 ὡς
787 418 891 453 φαύλην

101 458 195 493 οὖσαν,
224 461 270 487 καὶ
300 462 390 488 τέλεον
419 463 631 499 ἀφανιζομένην.
660 465 708 491 καὶ
734 464 829 491 ἐλπίδα
854 463 891 499 μὴ

102 505 216 541 ἔχουσαν
232 506 416 539 ἀναϐιώσεως,
427 508 458 534 El
469 508 496 535 δὲ
509 509 546 544 μὴ
558 509 646 544 τούτῳ
656 510 695 545 τῷ
709 510 801 545 τρόπῳ
813 509 892 536 τοῦτο

103 551 221 584 ποιοῦσι,
237 552 291 579 τίνι
313 553 352 588 τῷ
368 553 440 588 λόγῳ
457 553 505 585 τὰς
521 554 642 589 βελτίους
662 554 751 590 ψυχὰς
773 554 822 590 τῆς
837 553 891 580 τῶν

103 598 239 632 σωμάτων
251 598 346 631 οὐσίας
362 599 572 634 ὲγκαταδέοντες
589 600 720 636 καταδίκῃ
734 601 833 636 μᾶλλον
844 609 892 626 πε-

102 643 270 679 ριϐάλλουσι,
284 645 317 679 τῇ
329 644 462 680 ὑπολήψει
472 644 742 681 ταῦταὸριζόμενοιλ,
754 645 801 672 καὶ
812 654 893 680 προσ-

101 688 242 723 εδρεύουσι
258 690 313 721 τοῖς
330 690 534 726 τετελευτηκόσι
557 691 708 727 λειψάνοις;
726 691 742 727 ἢ
764 691 810 718 ἐπὶ
829 691 893 727 ποίᾳ

102 733 254 769 πψοδοκίᾳ
276 734 382 766 ἐλπίδος
403 736 605 771 παραμένουσι;
629 736 792 771 λεγέτωσαν.
813 736 893 763 ’Λλλὰ

100 778 180 814 δῆλον
195 779 235 805 ὅτι
252 779 290 805 oti
303 779 353 811 τὰς
376 779 466 816 ψυχὰς
481 781 636 816 νομίζουσιν
653 779 722 808 εἶναι
737 782 764 808 ὲν
784 782 893 817 μνήμα-

102 832 156 855 σιν,
181 824 239 850 ἀλλ’
259 825 288 851 ὲν
310 826 433 861 ταμείοις
456 827 527 853 τισὶν
548 827 580 853 ὲκ
605 827 672 853 Θεοῦ
695 827 798 863 ἑκάστῃ
820 826 892 862 ψυχῇ

102 870 337 906 ἀποτεταγμένοις
354 872 414 898 κατ’
427 871 505 903 ἀξίαν
521 868 557 898 ὧν
571 872 660 905 ἔϐίων,
678 872 794 908 ἔδρασάν
804 881 832 898 τε
846 872 893 899 καὶ

103 915 331 942 ὲπολιτεύσαντο“
347 915 381 943 τὰ
399 916 428 942 δὲ
443 916 649 952 σώματα-ἰδίαις
672 917 766 953 χερσὶν
779 917 892 948 ἕκαστος

102 962 149 988 τοῦ
161 961 246 992 πέλας
259 963 286 988 ὲν
297 963 356 993 ταῖς
369 961 466 997 θήκαις
477 963 529 990 τῶν
544 964 677 998 σωμάτων
688 963 776 990 εἴτουν
791 964 892 990 ὀστέων

103 1007 260 1033 κατέθεντο.
274 1006 378 1042 Εὗηθες
399 1007 421 1033 δ’
439 1008 472 1034 ἂν
494 1007 537 1044 εἴη
559 1008 634 1044 παρὰ
657 1010 740 1035 πᾶσιν
757 1007 826 1035 εἶναι
845 1007 894 1044 τὴν

104 1053 169 1088 μίαν
186 1053 321 1088 ὑπόληψιν
337 1054 440 1080 τούτων
452 1054 500 1081 καὶ
513 1054 683 1087 ἀκολουθίαν,
697 1052 738 1087 οἷς
750 1055 781 1081 ὲκ
793 1063 895 1082 παντα-

102 1097 183 1132 χόθεν
201 1097 384 1133 ὡμολόγηται·
403 1099 479 1134 παρὰ
495 1099 524 1125 δὲ
538 1100 593 1130 τοῖς
607 1099 730 1130 ἀπίστοις
743 1099 895 1126 τούναντίον

102 1143 138 1169 τὰ
159 1143 273 1178 ἀληθινὰ
293 1144 475 1179 ὲξαρνεῖσοαι,
494 1145 540 1170 καὶ
555 1144 590 1171 τὰ
613 1145 642 1170 ὲν
656 1144 715 1180 Θεῷ
733 1144 833 1171 δυνατὰ
856 1145 895 1176 εἰς

103 1188 213 1220 ἐλπίδας
228 1190 292 1225 παρ’
307 1190 398 1221 αὐτοῖς
414 1191 451 1225 μὴ
466 1189 660 1225 κεκρατύνθαι.

941 282 1023 317 Atqui
1037 282 1096 309 sive
1110 281 1216 309 animas
1229 281 1349 308 residere
1365 280 1420 307 illic
1434 284 1529 315 putant
1544 282 1588 308 ubi
1604 286 1729 309 mortuo~

942 335 1002 354 rum
1015 326 1145 362 depositae.
1160 329 1225 353 sunt
1240 325 1372 360 reliquiae,
1391 324 1542 352 affectionis
1558 333 1656 360 expers
1668 325 1729 352 ani-

943 380 1048 400 marum
1064 371 1234 406 exspectatio
1249 371 1294 398 illa
1309 370 1415 399 videtur
1431 379 1437 398 :
1453 370 1586 405 siquidem
1605 371 1726 398 futurum

942 417 1018 445 illum
1033 417 1105 445 diem
1121 425 1154 444 ac
1174 416 1404 444 resurrectionem
1423 420 1450 443 et
1472 416 1595 442 iteratam
1615 424 1728 451 genera-

942 464 1042 491 tionem
1056 463 1151 490 tandiu
1163 463 1364 498 praestolamur,
1381 462 1470 489 donec
1484 465 1600 496 cognata
1613 469 1644 488 ae
1655 469 1731 488 eom-

942 509 1018 544 paria
1036 509 1087 536 sibi
1103 516 1217 544 corpora
1233 508 1377 542 recipiant,
1393 514 1549 542 quanquam
1566 506 1653 533 Graeci
1669 513 1731 533 car-

942 562 1003 582 nem
1016 558 1145 589 tanquam
1161 553 1270 585 malam,
1285 553 1448 588 penitusque
1462 552 1688 583 consumeudam,
1703 555 1731 579 et

942 600 976 627 ab
992 599 1065 627 omni
1083 606 1131 634 spe
1146 598 1326 626 reviviscendi
1344 605 1457 633 prorsus
1474 598 1614 625 exclusam
1630 596 1732 623 abomi-

943 645 1002 672 nari
1023 644 1121 672 solent.
1145 643 1208 671 Sive
1226 644 1400 671 nouidcireo
1417 644 1469 671 ista
1490 643 1609 672 faciant;
1630 642 1732 677 quibus

943 689 1051 717 tandem
1064 689 1097 716 de
1110 689 1202 716 causis
1216 690 1321 716 animas
1331 697 1392 724 qua:
1407 689 1570 716 substantia:
1584 696 1625 716 co:
1633 695 1730 723 porum

943 738 1082 770 premant,
1100 735 1248 770 illigantcs,
1265 734 1394 762 damnare
1407 735 1498 770 potius
1515 734 1652 768 videntur,
1666 734 1732 761 dum

945 780 1099 808 istiusmodi
1110 781 1252 815 opiniones
1265 781 1434 816 sequuntur?
1448 780 1504 808 Cur
1517 781 1550 807 ad
1563 784 1731 807 mortuorum

945 826 1074 860 reliquias
1090 825 1298 854 adhaerescunt?
1319 830 1366 853 aut
1389 833 1470 861 quam
1487 826 1514 853 in
1541 833 1616 860 spem
1640 825 1683 852 his
1704 824 1733 851 in

945 872 1013 899 locis
1027 872 1250 900 commorantur?
1271 871 1364 899 dicant
1387 873 1409 899 si
1431 876 1553 907 possunt.
1586 871 1639 899 Sed
1653 871 1731 902 illud,

945 918 1053 952 opinor,
1072 918 1244 945 manifestum
1264 923 1317 950 est,
1330 919 1436 946 animas
1451 918 1512 945 illos
1527 926 1581 945 non
1596 917 1623 944 in
1639 916 1733 951 sepul-

946 964 1012 996 cris,
1028 964 1076 991 sed
1089 964 1172 992 certis
1182 964 1209 991 in
1224 964 1292 991 locis
1303 963 1503 998 domiciliisque
1515 963 1659 995 Collocare,
1673 968 1733 996 quae

947 1010 1094 1045 unicuique
1109 1018 1125 1037 a
1146 1009 1201 1038 Deo
1215 1017 1264 1045 pro
1287 1017 1381 1037 eorum
1399 1017 1460 1044 qua:
1481 1010 1509 1036 in
1524 1009 1578 1036 vita
1601 1007 1685 1043 gessit
1699 1014 1732 1033 ac

946 1056 1076 1090 suscepit,
1098 1056 1196 1083 merito
1217 1055 1385 1087 tribuuntur,
1404 1056 1468 1082 dum
1492 1054 1601 1082 interim
1620 1052 1733 1088 quilibet

946 1102 1160 1136 propinquorum
1183 1109 1295 1129 suorum
1321 1109 1437 1136 corpora
1459 1101 1487 1128 in
1508 1101 1670 1128 cadaverum
1690 1098 1733 1126 vel

947 1147 1049 1174 ossium
1065 1147 1264 1182 potius-loculis
1277 1147 1430 1183 componit...
1439 1147 1571 1174 Czeterum
1584 1144 1731 1173 ridiculum

947 1192 1013 1220 illud
1030 1199 1062 1219 ac
1079 1193 1207 1220 stolidum
1225 1198 1276 1225 est,
1295 1201 1357 1221 cum
1368 1193 1495 1220 omnibus
1505 1192 1591 1219 insita
1607 1191 1642 1218 sit
1657 1197 1732 1217 com-

103 1235 201 1262 munis
228 1235 273 1262 illa
302 1235 394 1270 opinio
420 1243 452 1263 ac
477 1236 557 1263 veluti
580 1236 767 1271 praesumptio,
792 1240 821 1263 ut
845 1238 1074 1266 resurrectionem
1100 1239 1220 1266 universi
1244 1239 1323 1274 plane
1343 1239 1496 1271 fateantur,
1522 1238 1557 1265 ab
1580 1237 1735 1265 infidelibus

103 1285 196 1308 tamen
216 1289 249 1308 ex
263 1282 380 1309 adverso
395 1282 547 1309 certissima
563 1281 608 1308 illa
623 1282 726 1318 negari,
756 1286 783 1309 et
807 1289 839 1308 ea
870 1290 930 1317 qua:
954 1283 999 1311 Dei
1024 1285 1126 1313 virtute
1147 1285 1270 1319 praestari
1294 1285 1387 1320 utique
1411 1287 1537 1320 possunt,
1562 1289 1734 1318 nequaquam

101 1328 161 1363 spei
181 1328 307 1356 firmitate
324 1330 457 1356 roborari.

141 1375 204 1402 llZ'.
225 1375 303 1402 Ἀλλὰ
314 1376 488 1411 περὶτούτων
507 1376 588 1403 ἱκανὰ
595 1375 698 1412 νομίζω
714 1376 851 1413 εἰρῆσθαι,
864 1377 896 1403 ὲκ

101 1420 159 1447 τῶν
188 1420 292 1447 πολλῶν
313 1422 542 1457 παραδειγμάτων
563 1422 640 1456 ὀλίγα
660 1422 737 1458 ἡμῶν
758 1422 895 1457 παραθέν-

100 1465 161 1500 τες(
168 1465 206 1499 Η]
213 1485 219 1492 .
227 1466 294 1500 Περὶ
304 1465 358 1492 τῶν
365 1466 514 1493 δοκούντων
522 1466 692 1502 Χριστιανῶν
700 1465 780 1500 εῖναι,
789 1467 894 1502 Ὠριγέ-

101 1521 144 1539 νει
157 1512 185 1539 δὲ
193 1512 372 1548 πειθομένων,
387 1513 434 1539 καὶ
448 1513 497 1548 τὴν
509 1512 558 1546 μὲν
569 1512 623 1538 τῶν
633 1512 737 1548 νεκρῶν
748 1512 895 1539 ἀνάστασιν

101 1557 318 1594 ὁμολογούντων,
339 1558 441 1593 σαρκός
455 1566 485 1584 τε
501 1557 553 1592 τῆς
568 1558 716 1593 ἡμετέρας,
732 1559 778 1584 καὶ
801 1557 894 1592 σώμα-

101 1611 150 1634 τος
167 1602 214 1629 τοῦ
238 1603 343 1638 Κυρίου
358 1603 405 1629 τοῦ
421 1603 499 1637 ἁγίου
523 1603 627 1629 ἐκείνου
647 1602 693 1630 τοῦ
709 1603 763 1629 ἀπὸ
786 1602 898 1638 Μαρίας

101 1647 318 1683 ἀνειλημμένον,
341 1647 443 1683 ταύτην
465 1647 493 1674 δὲ
517 1648 565 1681 τὴν
590 1647 679 1683 σάρκα
703 1648 836 1682 λεγόντων
861 1647 897 1682 μὴ

102 1693 272 1730 ἐγείρεσθαι,
293 1693 350 1719 ἀλλ’
368 1692 452 1727 ἄλλην
471 1693 526 1728 (45)
541 1693 600 1719 ἀντὶ
613 1693 715 1729 ταύτης
730 1695 762 1720 ὲκ
778 1693 845 1719 Θεοῦ
860 1693 898 1719 δί-

102 1738 213 1769 δοσθαι,
230 1737 289 1769 πῶς
303 1737 362 1772 οὐχὶ
379 1737 478 1773 μᾶλλον
491 1737 545 1764 τῶν
563 1737 650 1764 ἄλλων
664 1738 788 1773 εἴποιμεν
803 1738 896 1764 ἀσεϐε-

104 1784 207 1819 ςτὲραν
221 1783 295 1818 ἔχειν
316 1782 461 1818 ὑπόληψιν,
481 1783 529 1809 καὶ
552 1783 734 1819 εὑηῢεστέραν
757 1783 811 1809 τῶν
834 1783 897 1818 παρ’

104 1829 239 1864 Ἐλλησις
254 1829 366 1864 Πρῶτον
383 1829 431 1863 μὲν
442 1828 496 1863 γὰρ
512 1829 536 1855 εί
552 1828 618 1863 ἄλλη
633 1829 700 1855 ἀντὶ·
715 1828 816 1863 ταύτης
829 1828 900 1860 ἐγεί-

108 1883 187 1910 ρεται
207 1874 276 1900 κατὰ
289 1873 334 1900 τὴν
348 1873 438 1900 αὐτῶν
459 1873 548 1906 λόγον,
565 1874 595 1900 οὺ
612 1874 704 1900 δικαία
717 1875 734 1909 ἡ
758 1873 804 1900 τοῦ
830 1872 898 1900 Θεοῦ

106 1919 210 1955 κρίσις,
224 1919 308 1953 ἄλλην
325 1919 413 1954 σάρκα
435 1918 565 1954 κρίνουσα
586 1920 647 1946 ἀντὶ
668 1919 719 1954 τῆς
736 1919 898 1955 ἁμαρτησά-

105 1974 170 2000 σης,
186 1965 202 2000 ἢ
215 1965 278 1992 ἄλλο
293 1965 372 1999 σῶμα
388 1965 509 2001 φέρουσα
520 1966 558 1996 είς
570 1965 649 1997 δόξαν
660 1965 842 2000 κληρονομίας
853 1964 900 1991 καὶ

108 2009 249 2044 βασιλείας
256 2009 388 2045 οὐρανῶν,
404 2009 465 2036 ἀντὶ
484 2009 530 2036 τοῦ
558 2010 587 2035 ὲν
602 2009 740 2044 νηστείαις
754 2009 801 2034 καὶ
815 2009 901 2044 ἀγρυ-

106 2056 201 2087 πνίαις
217 2056 264 2082 καὶ
280 2056 408 2091 διωγμοῖς
425 2056 495 2090 ὑπὲρ
510 2055 639 2090 ὀνόματος
648 2054 714 2082 Θεοῦ
729 2055 900 2090 κεκμηκότος

108 2102 248 2137 σώματος.
264 2102 326 2133 Πῶς
339 2101 367 2128 δὲ
386 2101 433 2128 καὶ
450 2101 522 2137 ψυχὴ
548 2100 697 2136 καοήσεται
715 2102 722 2116 ¹
740 2101 806 2136 μόνη
830 2100 900 2127 κατὰ

105 2146 154 2173 τὸν
169 2146 248 2180 λόγον
263 2146 317 2172 τῶν
333 2146 476 2181 αἱρέσεων,
493 2145 530 2181 μὴ
546 2145 678 2181 παρόντος
698 2145 743 2172 τοῦ
762 2154 901 2181 συναμαρς

106 2192 243 2227 τήσαντος
267 2191 408 2227 σώματος;
429 2191 556 2227 Ἀντείπῃ
577 2191 632 2227 γὰρ
656 2192 673 2227 ἡ
695 2191 806 2226 τοιαύτη
827 2191 899 2226 ψυχὴ

106 2238 142 2272 τῇ
158 2236 206 2263 τοῦ
220 2236 288 2263 Θεοῦ
307 2237 406 2272 κρίσει,
429 2237 572 2272 φάσκουσα
584 2237 631 2263 τοῦ
649 2237 773 2271 σώματος
787 2238 899 2273 γεγενῆ-

108 2282 174 2309 σθαι
190 2282 225 2308 τὰ
241 2282 437 2317 ἁμαρτήματα.
457 2283 534 2317 Ἔχει
552 2282 598 2309 καὶ
610 2281 659 2317 τὴν
677 2281 815 2315 ἀπόδειξιν
829 2281 900 2308 κατὰ

107 2328 156 2354 τὸν
173 2327 324 2363 φιλονεικίᾳ
343 2327 491 2363 φερόμενον
507 2328 586 2361 λόγον
596 2327 644 2354 καὶ
661 2327 698 2363 μὴ
709 2327 839 2362 ἀληθείᾳο
854 2327 900 2354 δύ-

107 2381 190 2400 ναται
204 2373 258 2408 γὰρ
272 2372 361 2406 λέγειν
370 2381 377 2388 ο
394 2374 450 2399 Οὐκ
460 2372 515 2407 ἐγὼ
530 2373 665 2408 ἥμαρτον,
679 2372 746 2399 ἀλλὰ
758 2372 787 2399 τὸ
803 2372 881 2407 σῶμα
892 2381 899 2388 ·

108 2418 203 2451 ὲξότου
219 2417 275 2453 γὰρ
289 2417 398 2454 ἐξῆλθον
415 2418 447 2445 ὲκ
456 2418 503 2444 τοῦ
514 2418 651 2454 σώματος,
665 2417 726 2444 οὔτε
738 2417 900 2453 ὲπόρνευσα,

147 2505 157 2522 ¹
169 2505 201 2533 F.
220 2505 392 2542 κριθήσεται.

159 2583 206 2616 Η)
222 2582 378 2618 Legendum
394 2581 502 2618 videtur
513 2580 698 2618 παραθέντων.
713 2579 792 2618 Enn;

159 2615 205 2654 45)
226 2615 308 2654 Ἀᾇλξ
321 2617 431 2650 ἄλλην.
449 2615 593 2651 Origenem
616 2615 739 2654 Platonis
756 2615 899 2649 abreptum

112 2649 287 2688 philosophia
303 2653 373 2679 inter
384 2649 481 2679 caetera
495 2649 544 2679 sua
557 2654 657 2688 errata,
672 2654 700 2677 et
715 2649 789 2688 circa
807 2656 901 2688 resur-

113 2684 264 2716 ieetionem
289 2690 459 2714 mortuorum
489 2694 507 2714 ει
527 2689 602 2713 ι’ωο
630 2685 745 2712 sincera:
769 2684 902 2711 doctrinae

114 2724 225 2760 tramite
240 2721 381 2760 deflexisse
389 2742 398 2760 ε
408 2725 447 2760 σε
447 2720 558 2760 quidem
567 2719 601 2746 ad
612 2727 673 2747 eum
688 2719 807 2760 modum,
817 2725 898 2760 quem

115 2758 143 2785 in
161 2757 288 2792 praesenti
303 2756 413 2791 exponit
427 2752 605 2791 Epiphanius,
626 2757 735 2781 constat
757 2752 827 2787 apud
849 2752 901 2779 Pa—

116 2796 183 2815 tres.
199 2800 233 2815 ex
248 2791 399 2815 Eninhanio
414 2791 564 2815 nrtnserlim
579 2793 635 2815 tum
651 2788 696 2815 hic
712 2788 739 2815 in
753 2788 898 2815 Ancorato.

116 2791 183 2823 tres.
199 2800 234 2820 ex
248 2791 399 2826 Epiphanio
432 2791 564 2818 rtesertim
579 2793 635 2816 tum
652 2791 696 2815 hic
712 2791 739 2815 in
753 2791 898 2819 Ancorato,

117 2827 214 2854 tumin
231 2799 537 2862 Panaﬂgadﬁzeresim
552 2824 603 2857 οι,
619 2831 651 2851 ex
669 2823 900 2862 fragtiieutisqlue

117 2865 228 2892 aulam.
247 2860 320 2897 apud
337 2860 516 2896 Epiphanium
531 2856 681 2888 memorata
695 2856 722 2886 iu
745 2857 840 2885 haeresi
853 2856 899 2889 64,

983 1377 1037 1412 92
1057 1375 1210 1404 LXXXVII.
1230 1376 1331 1404 Verum
1347 1376 1380 1404 de
1392 1376 1435 1404 liis
1450 1376 1599 1410 hactenus;
1619 1383 1681 1403 nam
1700 1383 1734 1404 ex

949 1423 1055 1450 infinito
1074 1423 1258 1458 exemplorum
1281 1430 1395 1450 numero
1411 1430 1497 1457 pauca
1519 1423 1642 1457 quaedam
1661 1430 1676 1449 a
1692 1430 1736 1450 me

948 1468 1060 1496 collecta
1082 1467 1228 1495 sufﬁciunt.
1253 1467 1313 1495 Jam
1337 1475 1400 1495 vero
1421 1467 1493 1503 quod
1511 1467 1544 1495 ad
1567 1475 1615 1495 eos
1638 1468 1736 1495 attinet

947 1514 994 1549 qui
1013 1521 1042 1542 se
1054 1514 1224 1541 Christianos
1242 1514 1414 1549 profitentur,
1428 1518 1454 1541 et
1470 1513 1613 1548 Origenem
1630 1513 1733 1546 secuti,

921 1553 930 1563 ¹
949 1564 1117 1587 mortuorum
1132 1559 1242 1594 quidem
1263 1560 1491 1587 resurrectionem
1508 1558 1655 1586 admittunt
1670 1566 1733 1586 cum

947 1606 1039 1633 carnis
1050 1610 1159 1636 nostrae,
1178 1609 1234 1632 tum
1250 1605 1416 1633 sanctissimi
1435 1605 1508 1633 illius
1525 1604 1658 1632 Dominici
1672 1612 1735 1632 cor-

947 1652 1021 1687 poris
1046 1651 1117 1686 quod
1141 1658 1156 1678 e
1175 1651 1259 1678 Maria
1281 1654 1439 1686 susceptum
1463 1655 1522 1684 est;
1546 1650 1593 1678 sed
1611 1650 1734 1678 eamdem

948 1696 1128 1724 nihilominus
1142 1704 1252 1723 carnem
1266 1697 1379 1724 excitari
1397 1704 1451 1723 non
1467 1700 1574 1731 putant,
1592 1696 1638 1724 sed
1651 1697 1736 1724 aliam

949 1749 964 1768 a
984 1741 1039 1769 Deo
1058 1742 1085 1768 in
1097 1742 1157 1777 ejus
1173 1742 1262 1768 locum
1279 1741 1427 1769 substitui:
1449 1750 1540 1769 nonne
1561 1742 1632 1769 hanc
1647 1742 1736 1777 ipsam

948 1786 1104 1821 opinionem
1119 1790 1234 1814 caeteras
1256 1794 1350 1813 omnes
1373 1786 1512 1820 impietate
1536 1794 1679 1820 superare,
1704 1793 1736 1813 ac

948 1831 1089 1867 gentilium
1103 1831 1184 1858 etiam
1198 1831 1337 1858 erroribus
1349 1830 1538 1858 absurdiorem
1552 1838 1614 1858 csso
1627 1831 1737 1865 putabi-

949 1877 1028 1903 mus?
1047 1876 1074 1903 ln
1090 1876 1184 1910 primis
1201 1875 1273 1903 enim
1298 1876 1321 1902 si
1346 1876 1406 1902 alia.
1421 1875 1543 1910 quaedam
1569 1883 1614 1902 ex.
1628 1875 1736 1902 illorum

949 1920 1077 1955 opinione
1101 1927 1165 1947 caro
1190 1919 1217 1946 in
1237 1919 1320 1953 hujus
1346 1923 1447 1946 nostrae
1473 1920 1563 1946 locum
1589 1918 1736 1952 succedit;

951 1964 1176 1998 minimejustum
1190 1968 1233 1991 est
1244 1963 1290 1991 Dei
1302 1964 1446 1998 judicium,
1460 1964 1505 1999 qui
1521 1969 1569 1991 aut
1581 1965 1662 1991 aliam
1677 1971 1737 1990 car-

951 2017 1011 2037 nem
1032 2017 1081 2044 pro
1097 2017 1127 2036 ea
1141 2017 1202 2044 qua:
1219 2010 1381 2044 peccaverit,
1407 2009 1580 2043 condemnet,
1596 2014 1642 2036 aut
1663 2009 1737 2036 aliud

951 2062 1053 2090 corpus
1073 2054 1107 2081 ad
1123 2055 1243 2082 caelestis
1258 2055 1414 2090 patrimonii
1435 2056 1549 2090 gloriam
1568 2062 1738 2090 regnumque

952 2100 1091 2135 perducat,
1106 2108 1186 2134 quam
1205 2100 1270 2128 illud
1289 2101 1378 2136 ipsum
1395 2102 1466 2136 quod
1484 2101 1608 2136 jejuniis,
1625 2099 1736 2135 vigiliis,

953 2146 1177 2174 insectationibus
1193 2146 1240 2173 Dei
1256 2152 1298 2174 est
1313 2155 1394 2175 causa
1411 2147 1606 2174 conﬂictatum.
1620 2145 1737 2179 Quintam

951 2198 1016 2218 vero
1036 2193 1173 2223 convenit,
1191 2196 1220 2218 ut
1235 2193 1293 2220 sola
1310 2192 1400 2219 anima
1415 2193 1474 2220 sine
1489 2192 1599 2228 peccati
1617 2191 1691 2219 socio
1706 2197 1738 2217 ac

953 2236 1085 2271 participe
1106 2236 1321 2264 condemnetur?
1343 2241 1372 2263 ut
1389 2237 1507 2264 haereses
1528 2235 1588 2263 ista
1609 2234 1660 2262 sibi
1677 2241 1738 2268 pcr-

953 2281 1080 2309 suadent.
1109 2281 1205 2309 Merito
1221 2282 1321 2317 quippe
1339 2281 1384 2309 Dei
1399 2282 1504 2316 judicio
1519 2279 1654 2316 ejusmodi
1669 2279 1738 2305 resi-

951 2332 1025 2355 stere
1037 2327 1135 2361 poterit
1147 2327 1248 2359 anima,
1263 2335 1294 2354 ac
1304 2327 1551 2362 corporis-propria
1565 2333 1626 2353 esse
1640 2324 1738 2352 delicta

951 2371 1070 2399 causari.
1087 2371 1179 2406 Neque
1194 2371 1315 2399 rationes
1332 2371 1356 2398 ei
1376 2379 1407 2398 ac
1427 2371 1597 2398 firmamenta
1612 2369 1737 2399 deerunt,

953 2417 977 2445 si
997 2417 1106 2445 illorum
1127 2417 1223 2453 dogma
1238 2417 1309 2452 quod
1329 2417 1477 2452 pertinacia
1498 2417 1585 2452 magis
1600 2423 1681 2452 quant
1693 2421 1739 2443 ve:

953 2579 1017 2607 item
1032 2586 1071 2607 οι·
1089 2579 1137 2606 lib‘.
1155 2578 1194 2606 De
1213 2578 1404 2605 resurrectione
1426 2578 1552 2606 Methodii
1577 2579 1737 2607 Patarorum

952 2614 1081 2649 primum,
1105 2613 1203 2649 deinde
1230 2612 1297 2648 Tyri
1323 2614 1455 2648 episcopi,
1473 2614 1519 2648 qui
1546 2622 1599 2641 non
1623 2615 1703 2649 longe
1721 2621 1737 2640 a

953 2648 1121 2684 temporibus
1148 2648 1273 2683 Origenis
1298 2649 1383 2684 vixit;
1407 2649 1519 2676 ﬂorebat
1542 2650 1614 2676 enim
1636 2648 1737 2676 saeculo

953 2682 1082 2711 Ecclesiae
1104 2684 1185 2711 tertio
1199 2682 1333 2711 ’exeunte.
1350 2682 1435 2719 Negat
1463 2691 1543 2711 nemo
1558 2684 1735 2719 implicatam,

953 2719 1109 2753 obscuram,
1130 2718 1290 2753 ambagibus
1315 2717 1444 2753 repletam
1470 2719 1584 2745 inveniri
1598 2717 1736 2753 'Origenis

952 2752 987 2780 de
1003 2752 1378 2781 resurrectionedoctrinam
1401 2753 1427 2780 in
1448 2753 1590 2787 ipsiusmet
1613 2752 1744 2787 scriptis,

952 2788 1044 2822 qualia
1069 2788 1249 2823 addnostram
1270 2795 1416 2823 pervenere
1439 2792 1556 2815 aetatem.
1585 2787 1643 2819 Qua
1659 2787 1692 2813 de
1707 2792 1739 2813 re.

953 2821 1087 2851 adeantur
1101 2821 1191 2851 lluetii
1215 2821 1376 2859 Oripeiziana
1387 2822 1435 2850 lib.
1453 2830 1484 2857 ιι,
1500 2825 1595 2857 quiest:
1613 2828 1651 2848 ιι,
