1939 3039
207 178 258 206 179

891 177 920 205 S.
941 177 1109 205 EPIPIIANII

1790 180 1839 208 ιω

208 238 288 266 ritate
302 238 408 271 nititur,
427 238 506 266 fidem
524 238 604 264 ullam
624 241 761 265 mercatur
777 248 782 265 :
798 237 848 266 hoc
863 238 934 266 enim
948 247 997 273 pro

1056 238 1111 265 ὥτε
1129 238 1287 274 ἐμοίχευσα,
1303 239 1352 265 οὐκ
1377 239 1488 273 ἔκλεψα,
1504 239 1553 265 οὐκ
1571 237 1713 273 ἐφόνευσα,
1731 239 1782 266 οὐκ
1800 240 1839 267 ει-

209 290 238 310 sc
253 287 344 318 potest
358 284 456 311 aﬂ‘erre
467 292 474 310 :
487 283 543 318 Ego
558 290 611 309 non
626 283 746 318 peccavi,
770 283 817 311 sed
831 290 932 319 corpus
947 291 998 311 :ex

208 336 263 362 quo
279 329 351 356 cnim
364 329 398 355 ab
410 336 442 356 eo
457 328 583 360 discessi,
602 328 811 356 fornicationem
826 329 939 360 nullam,
953 334 1000 356 aut

208 374 384 407 adulterium,
402 379 447 400 aut
470 374 585 406 furtmn,
608 378 656 401 aut
682 373 858 401 homicidium
882 375 1000 408 admisi;

209 427 241 447 ac
264 420 339 447 nullo
359 428 402 447 me
426 420 560 448 idolorum
576 421 662 452 cultu,
679 424 726 446 aut
742 421 848 449 cancris
872 421 898 448 id
915 429 1001 456 genus

209 467 379 495 detestandis
403 468 553 495 sceleribus
575 467 720 494 obstrinxi.
744 467 800 494 Nec
827 467 929 502 injusta
953 468 1002 495 dc—

1050 284 1268 320 δωλολὰτρευσα,
1283 283 1312 310 οὗ
1329 293 1353 310 τι
1373 284 1428 311 τῶν
1444 284 1537 311 κακῶν
1553 284 1600 310 καὶ
1616 284 1773 319 ἀνηκέστων
1786 285 1841 321 εἱρ-

1049 331 1190 366 γασάμην.
1206 330 1259 357 Καὶ
1277 330 1387 365 εῠλογος
1408 330 1586 367 εὑρεθήσεται
1600 331 1617 366 ή
1635 331 1719 366 αὐτῆς
1740 331 1840 358 ἀπολο-

1050 376 1107 410 γία.
1125 376 1251 410 Εὺλόγως
1265 376 1294 402 δὲ
1314 377 1399 411 αὐτῆς
1417 376 1649 411 ἀπολογουμένης,
1666 377 1693 402 τί
1704 377 1838 412 ὲροῦμενς

1058 422 1151 458 ’Λργεί
1165 423 1218 458 ἄρα
1231 424 1246 458 ἡ
1266 423 1313 449 τοῦ
1328 422 1396 450 Θεοῦ
1413 423 1518 459 κρίσις;
1535 423 1592 449 ἀλλ’
1601 423 1701 455 ἀδίκως
1715 423 1840 458 ἐπιφέρει

1052 468 1102 503 τὴν
1116 467 1200 503 ὀργὴν
1216 468 1230 494 ὁ
1247 468 1313 500 Θεὸς
1324 468 1396 495 κατὰ
1415 468 1469 494 τῶν
1486 467 1651 504 ἀνθρώπων;
1666 468 1703 502 μὴ
1716 468 1838 502 γένοιτο]

212 513 297 540 fensio
310 513 360 540 ista
377 513 467 540 fuerit.
481 513 549 540 Cum
566 513 623 540 hate
639 513 721 548 igitur
735 513 833 541 merito
848 513 881 540 ad
896 514 938 541 sui
962 514 1166 541 excusationem
1194 514 1326 548 attulerit,
1342 515 1407 550 quid
1439 515 1579 543 dicemus?
1598 514 1638 541 An
1666 515 1786 542 otiosum
1809 522 1840 541 ac

210 566 444 593 supervacaneum
460 566 501 588 est
521 559 567 588 Dci
587 560 797 595 judiciumiaut
819 559 922 595 injuste
942 567 1020 587 suam
1050 561 1076 588 in
1115 561 1239 588 homines
1261 561 1328 588 iram
1357 569 1483 589 exercere
1508 560 1645 596 putandus
1673 564 1715 588 est
1747 560 1840 588 Deus?

210 605 288 633 Absit
301 606 307 632 ί

248 651 413 679 LXXXVIII.
434 651 489 680 Nos
514 652 586 679 enim
611 653 715 680 scimus
738 652 805 679 nihil
830 659 883 679 non
906 659 921 678 a
946 651 1000 679 Deo

213 697 269 724 ﬁeri
286 705 367 732 posse
381 707 387 724 :
403 705 434 725 ac
450 706 504 725 non
525 698 606 725 modo
623 698 683 726 sine
703 698 793 724 anima
809 704 923 733 corpora
939 704 1001 732 pro-

213 743 284 770 ferre
300 751 390 778 posse,
404 744 451 771 sed
467 748 493 771 et
504 744 639 772 exstincta
655 744 763 779 penitus
782 743 827 770 illa
840 743 1002 771 reviviscere

212 789 302 816 denuo
313 796 404 824 posse,
417 796 448 816 ac
461 796 509 824 per
519 797 579 817 sese
593 789 675 816 etiam
688 796 740 816 non
753 789 872 815 animata
886 787 1000 818 mOveri,

212 834 236 862 si
250 835 325 868 velit,
337 835 565 870 quemadmodum
576 842 692 870 corpora
705 834 748 861 illa
758 842 818 869 quze
826 833 1001 861 sanctissimo

213 880 347 909 Etechieli
360 889 407 917 per
422 881 509 909 visum
525 881 614 908 oblata
629 885 704 911 sunt,
722 880 847 915 exemplo
862 887 913 908 suo
925 887 1001 907 com-

1089 651 1155 679 IIH'.
1175 651 1293 686 Οἴδαμεν
1312 650 1340 677 δὲ
1357 651 1397 677 ὅτι
1417 650 1506 677 πάντα
1526 649 1565 685 τῷ
1588 649 1646 684 Θεῷ
1662 649 1773 680 δυνατὰ,
1795 649 1842 675 καὶ

1053 697 1164 724 δύναται
1175 697 1220 723 καὶ
1233 697 1311 733 σῶμα
1320 696 1413 732 φέρειν
1423 697 1486 723 ἄνευ
1494 696 1592 731 ψυχῆς,
1601 695 1647 722 καὶ
1654 695 1687 721 τὰ
1696 694 1789 729 ἀφανῆ
1798 703 1843 728 γε-

1053 744 1150 778 γονότα
1167 743 1279 778 σώματα
1294 742 1404 772 δύναται
1423 742 1503 769 πάλιν
1519 741 1657 774 ἀναϐιοῦν,
1668 740 1802 767 κινεῖσθαί
1815 748 1844 766 τε

1055 790 1124 816 αὐτὰ
1138 790 1185 824 ἀφ’
1202 788 1305 816 ἑαυτῶν
1316 788 1379 816 ἄνευ
1398 787 1503 823 ψυχῶν,
1523 787 1569 814 ἐὰν
1583 786 1656 822 θέλῃ.
1671 786 1714 817 Ὡς
1730 785 1778 812 καὶ
1793 785 1844 821 ἠδη

1055 834 1089 861 τὰ
1105 834 1152 861 τοῦ
1166 834 1319 869 ἁγιωτάτου
1339 833 1467 869 Ὶεζεκιὴλ
1480 834 1529 869 τὴν
1546 832 1672 868 τοιαύτην
1689 832 1845 867 οἰκονομίαν

1056 879 1194 914 ἐποίησεν.
1212 879 1310 913 Ἔλεγε
1323 878 1378 914 γὰρ
1395 878 1433 914 τῷ
1449 879 1520 913 ἁγίῳ
1538 878 1681 913 προφήτῃ·
1698 876 1783 908 Εἰπὲ,
1800 875 1846 902 vis

214 927 373 960 probarunt.
395 927 463 954 Nam
477 935 539 954 cum
555 927 694 962 propheta:
708 925 825 953 dixisset
837 926 907 954 Deus
921 936 927 952 :
940 925 1000 958 Dic,

1056 925 1230 961 ἀνθρώπου.
1253 924 1367 952 ὀστοῦν
1391 924 1464 959 πρὸς
1489 923 1611 956 ὀστοῦν,
1634 922 1682 949 καὶ
1700 922 1847 956 ἁρμονίαν

213 972 253 1005 [ili
268 972 395 1003 hominis,
413 978 442 1000 ut
459 981 488 1000 os
504 972 539 999 ad
556 981 595 1006 ns,
613 978 637 999 et
653 975 782 1007 junctum
802 972 836 998 ad
846 973 1002 1006 juncturam

212 1017 302 1044 redeat
317 1017 325 1032 ²
339 1026 344 1044 :
360 1021 417 1044 tum
435 1017 599 1052 stupendum
619 1017 728 1044 virtutis
751 1016 851 1043 divinae
865 1016 1003 1051 specimen

212 1063 336 1098 contigit,
358 1068 398 1093 ut.
421 1070 484 1090 cum
506 1063 626 1090 nondum
651 1062 751 1090 infusae
771 1068 866 1090 essent
885 1062 1002 1094 animm,

213 1109 260 1136 sed
287 1109 363 1136 arida
387 1109 520 1137 duntaxat
548 1117 612 1137 ossa
636 1113 822 1144 superessent,
845 1116 900 1136 non
923 1108 1003 1135 modo

213 1155 339 1183 movendi
356 1155 398 1183 sui
413 1155 467 1190 93
487 1155 540 1182 vim
558 1155 591 1182 ad
608 1155 731 1182 divinum
748 1154 814 1181 illud
831 1161 900 1187 opus
919 1152 1004 1179 habe-

214 1205 289 1232 rent,
307 1201 354 1229 sed
379 1205 406 1229 et
422 1202 557 1236 sapientia
577 1200 811 1236 intelligentiaque
822 1199 935 1226 minime
945 1198 1004 1225 vul-

214 1248 273 1282 gari
290 1255 354 1275 ossa
378 1248 423 1274 illa
442 1248 555 1282 prmdita
576 1246 755 1274 viderentur:
769 1253 823 1272 non
849 1245 921 1272 enim
943 1251 1005 1279 qua:

215 1293 303 1320 vicina
319 1293 400 1327 capiti
417 1297 491 1326 sunt,
510 1294 542 1321 ad
559 1293 640 1328 pedes
657 1292 774 1326 quadam
791 1291 928 1318 oblivione
944 1298 1005 1318 sese

214 1338 405 1372 conferebant;
419 1347 506 1374 neque
522 1339 584 1366 colli
598 1338 741 1369 vertebraa,
754 1337 787 1363 ad
800 1337 916 1363 talorum
930 1343 1005 1362 com-

215 1386 349 1413 missuras
365 1385 527 1413 oberrantes
541 1385 631 1412 locum
647 1383 806 1419 quaerebant
821 1392 828 1410 :
845 1382 892 1410 sed
906 1389 1004 1409 unum-

214 1432 343 1467 quodque
357 1432 461 1459 ossium
478 1432 517 1459 sic
530 1451 537 1462 ,
555 1435 687 1465 tanquam
706 1429 881 1464 intelligentia
905 1428 1003 1463 praedi-

215 1482 272 1505 tum
293 1482 384 1510 esset,
409 1477 505 1511 agitari
531 1477 712 1512 progrediquc
732 1475 821 1502 visum
841 1477 900 1506 est,
926 1477 953 1502 et
970 1473 1004 1500 ad

214 1532 373 1560 compagem
404 1524 593 1551 adlnerescerc
626 1530 716 1550 suam.
745 1520 881 1554 Quocirca
914 1523 1004 1554 potest

215 1569 298 1600 Dens.
322 1570 344 1597 si
366 1569 451 1600 lubet,
474 1568 580 1596 animas
602 1568 661 1595 sine
683 1566 845 1601 corporibus
861 1566 1000 1592 excitare:

215 1615 262 1650 qui
285 1615 312 1641 in
335 1623 368 1642 eo
390 1615 460 1642 viam
481 1621 558 1641 suam
579 1620 611 1640 ac
632 1612 780 1647 potentiam
797 1610 1002 1645 comprobavit,

215 1660 289 1695 quod
303 1659 377 1687 istud
398 1659 486 1694 ipsum
506 1658 578 1694 quod
595 1659 712 1685 maxime
729 1658 763 1685 ab
780 1657 937 1684 hominibus
955 1657 1003 1684 de-

216 1709 354 1740 speratum
370 1708 453 1734 esset.
471 1703 634 1731 reviviscere
650 1708 711 1730 ante
731 1707 827 1731 caetera
851 1702 941 1729 omnia
957 1710 1004 1729 vo-

216 1751 298 1778 luerit
314 1758 362 1785 per
381 1750 539 1777 mandatum
563 1749 629 1775 illud
655 1748 725 1782 quod
750 1748 885 1775 Ezechieli
910 1747 1004 1774 datum

215 1799 267 1822 est.
283 1795 376 1830 Neque
394 1803 457 1822 vero
477 1794 543 1821 dixit
557 1804 562 1821 :
578 1793 657 1826 ane,
680 1793 715 1820 tili
739 1794 869 1824 hominis,
886 1793 1003 1828 primum

214 1839 343 1868 advenire
358 1840 484 1875 spiritum
497 1848 504 1866 :
519 1839 567 1866 sed
584 1839 671 1874 prius,
693 1839 766 1874 quod
781 1838 916 1865 difficilius
930 1838 1005 1865 vidc-

215 1885 310 1918 batur,
332 1885 513 1913 informandze
540 1885 601 1912 fidei
624 1885 712 1920 gratia
735 1886 847 1920 planum
870 1892 902 1911 ac
925 1885 1005 1912 facile

214 1931 347 1964 reddidit,
368 1931 420 1959 hoc
439 1935 491 1964 est,
517 1938 632 1966 corpora
656 1931 715 1966 ipsa
737 1931 951 1966 conglutinavit,
972 1937 1004 1958 ac

214 1982 272 2004 tum
290 1978 397 2004 animas
415 1977 442 2004 in
457 1984 573 2012 corpora
591 1977 683 2004 subire
695 1977 790 2011 jussit.
821 1976 853 2003 Et
875 1976 1003 2010 surrexit,

215 2023 315 2058 inquit,
340 2024 430 2059 ingens
450 2023 527 2050 turba
537 2024 558 2050 ¹.
585 2022 679 2057 Itaque
704 2031 767 2049 cum
792 2022 874 2054 Deus,
896 2023 935 2049 uti
958 2022 1004 2050 de-

215 2075 398 2098 monstratum
422 2074 479 2103 est,
507 2070 592 2096 vitam
615 2068 740 2104 corporis
768 2068 923 2096 instaurare
946 2069 1006 2097 sine

215 2117 306 2144 anima
323 2117 421 2152 possit,
450 2123 551 2151 corpus
572 2119 662 2142 tamen
689 2115 777 2149 ipsum
800 2122 848 2149 per
867 2123 928 2142 sese
946 2116 1005 2143 sine

215 2161 307 2189 anima
322 2161 499 2188 condemnari
519 2168 573 2187 non
595 2163 695 2194 potest;
720 2159 801 2186 habet
821 2159 893 2186 enim
907 2160 1006 2195 justis-

216 2207 314 2234 simam
333 2204 531 2236 defensionem,
552 2213 633 2239 quam
649 2206 781 2232 adversus
800 2204 921 2232 divinum
936 2206 1006 2241 judi-

1055 974 1130 1009 πρὸς
1147 974 1302 1008 ἁρμονίαν.
1330 972 1383 1000 Καὶ
1408 970 1442 1008 ἦν
1468 971 1607 1007 θαυμάσαι
1630 971 1679 1005 τὴν
1705 970 1753 996 τοῦ
1777 969 1846 996 Θεοῦ

1054 1020 1181 1055 δύναμιν,
1194 1020 1234 1046 ὃτι
1256 1019 1370 1054 μηδέπω
1386 1018 1439 1045 τῶν
1458 1017 1553 1053 ψυχῶν
1567 1015 1763 1052 ὲμόληθεισῶν,
1777 1015 1846 1042 ἀλλὰ

1056 1065 1145 1102 ξηρῶν
1163 1065 1248 1092 ὅντων
1261 1065 1376 1096 ὀστέων,
1392 1065 1422 1091 οὺ
1440 1064 1521 1100 μόνον
1542 1063 1587 1089 τοῦ
1604 1061 1735 1089 κινεῖσθαι
1754 1061 1823 1096 ἔχων
1835 1061 1846 1076 ³

1054 1112 1169 1148 δύναμιν
1188 1112 1234 1138 ἐπὶ
1250 1111 1300 1146 τῆς
1319 1110 1366 1137 τοῦ
1389 1110 1456 1137 Θεοῦ
1472 1109 1607 1145 πράξεως,
1625 1107 1693 1134 ἀλλὰ
1713 1107 1761 1134 καὶ
1780 1114 1845 1133 συν-

1055 1158 1141 1190 έσεως
1167 1158 1202 1184 τὰ.
1231 1157 1297 1184 ὂστᾶ
1319 1156 1473 1192 ἐνεπλήσθη
1507 1156 1553 1183 καὶ
1578 1154 1705 1189 γνώσεως
1740 1153 1771 1180 οὺ
1796 1154 1846 1188 τῆς

1055 1204 1208 1239 τυχούσης·
1227 1204 1256 1230 οὐ
1272 1203 1326 1239 γὰρ
1339 1202 1374 1229 τὰ
1389 1202 1457 1238 πρὸς
1470 1202 1533 1233 τοὺς
1552 1201 1633 1231 πόδας
1650 1199 1741 1231 ὀστέα,
1762 1200 1846 1233 ἐγγὺς

1054 1250 1104 1284 τῆς
1122 1249 1242 1284 κεφαλῆς
1259 1248 1330 1275 κατὰ
1348 1248 1434 1284 λήθην
1449 1247 1570 1279 ἐϐάδιζεν
1582 1255 1588 1261 ·
1604 1245 1663 1272 οὐδὲ
1676 1245 1700 1271 οἱ
1718 1244 1766 1272 τοῦ
1778 1253 1845 1279 τρα-

1054 1295 1136 1330 χήλου
1150 1294 1301 1326 σπόνδυλοι,
1312 1294 1378 1329 περὶ
1389 1293 1438 1325 τὰς
1452 1292 1506 1319 τῶν
1521 1291 1699 1328 ἀστραγάλων
1713 1290 1847 1326 ἁρμονία-ς

1057 1340 1228 1376 πλανώμενοι
1255 1340 1302 1366 τὸν
1323 1340 1404 1366 τόπον
1428 1339 1558 1374 ἐζήτουν·
1581 1337 1638 1364 ἀλλ’
1657 1337 1772 1363 ἕκαστον
1791 1334 1846 1361 τῶν

1055 1387 1157 1413 ὀστέων
1174 1386 1222 1412 καὶ
1243 1385 1354 1421 ἐκινήθη
1373 1384 1419 1411 καὶ
1436 1384 1542 1416 ἐϐάδιζε
1565 1383 1635 1409 κατὰ
1654 1382 1777 1414 σύνεσιν,
1798 1381 1846 1407 καὶ

1055 1434 1088 1468 τῇ
1105 1432 1187 1459 αὑτοῦ
1204 1432 1320 1468 ἁρμονίᾳ
1334 1431 1518 1466 προσετίθετο.
1531 1430 1562 1456 Εἰ
1576 1428 1639 1463 γοῦν
1653 1428 1725 1455 θέλει
1740 1428 1755 1454 ὸ
1767 1427 1844 1458 Θεὸς,

1055 1477 1167 1503 δύναται
1184 1476 1231 1503 καὶ
1248 1475 1361 1511 σώματα
1378 1475 1442 1501 ἄνευ
1456 1474 1544 1510 ψυχῆς
1563 1474 1677 1509 ἐγεῖραι.
1696 1472 1740 1499 Ἐν
1757 1471 1846 1507 τούτῳ

1055 1523 1110 1559 γὰρ
1126 1523 1158 1549 τὸ
1172 1521 1284 1549 δυνατὸν
1306 1521 1388 1547 αὑτοῦ
1410 1520 1519 1553 ἔδειξεν,
1540 1521 1568 1546 ὲν
1583 1519 1621 1554 τῷ
1641 1518 1671 1545 τὸ
1692 1518 1768 1553 παρὰ
1789 1519 1847 1549 τοῖς

1056 1568 1210 1604 ἀνθρώποις
1227 1567 1443 1604 ἀπηλπισμένον,
1466 1567 1554 1593 ἐκεῖνο
1575 1565 1682 1601 πρῶτον
1705 1563 1845 1595 ἀναϐιοῦν,

1055 1614 1099 1640 διὰ
1112 1614 1142 1640 τὸ
1157 1614 1196 1649 τῷ
1217 1613 1347 1649 Ίεζεκιὴλ
1371 1612 1593 1648 προστεταχέναι.
1611 1611 1666 1638 Καὶ
1681 1610 1731 1637 οὐκ
1751 1608 1827 1636 εἶπεν
1838 1617 1846 1626 ·

1055 1660 1132 1691 Εἰπὲ,
1146 1660 1187 1686 υἱὲ
1201 1659 1357 1695 ἀνθρώπου,
1372 1658 1479 1694 πρῶτον
1495 1658 1581 1684 ἐλθεῖν
1595 1657 1626 1683 τὸ
1640 1655 1749 1691 πνεῦμα
1759 1664 1765 1670 ·
1777 1654 1848 1682 ἀλλὰ

1057 1704 1126 1740 μετὰ
1141 1703 1172 1730 τὸ
1191 1703 1377 1740 ὲξευμαρῆσαι
1390 1703 1401 1718 ⁸
1415 1703 1445 1729 τὸ
1464 1702 1594 1738 δυσχερὲς
1610 1701 1654 1729 διὰ
1676 1702 1726 1736 τὴν
1744 1701 1846 1732 πίστιν,

1055 1752 1127 1786 φημὶ
1148 1751 1176 1777 δὲ
1203 1750 1233 1776 τὸ
1262 1749 1296 1776 τὰ
1326 1749 1441 1785 σώματα
1471 1747 1732 1784 συναφθῆναι,τότε
1759 1755 1847 1782 προσ-

1055 1796 1133 1830 έταξε
1146 1796 1196 1828 τὰς
1208 1795 1296 1831 ψυχὰς
1315 1796 1445 1823 εἰσελθεῖν
1462 1796 1501 1827 εις
1515 1795 1584 1822 αὐτὰ
1594 1794 1629 1821 τὰ
1642 1793 1767 1830 σώματα.
1791 1793 1848 1820 Καὶ

1055 1842 1180 1876 ἀνέστη,
1198 1842 1275 1877 φησὶ,
1294 1841 1396 1875 πολλὴ
1416 1840 1589 1876 συναγωγή.
1607 1840 1740 1867 Δύνεισθαι
1757 1840 1848 1867 τοίνυν

1055 1887 1100 1913 τὸν
1126 1887 1191 1914 Θεὸν
1214 1887 1326 1922 ποιῆσαι
1346 1886 1414 1922 ἔφην
1436 1887 1484 1914 καὶ
1506 1887 1584 1922 σῶμα
1608 1886 1668 1921 δίχα
1680 1885 1771 1921 ψυχῆς
1781 1886 1848 1912 ἀνα.-

1056 1932 1141 1966 6ιοῦν,
1164 1932 1235 1960 καθὰ
1261 1933 1465 1969 προδέδεικται·
1479 1932 1536 1959 ἀλλ’
1549 1932 1578 1959 οὐ
1596 1932 1705 1959 δύναται
1718 1931 1848 1967 κριθῆναι

1055 1978 1136 2005 ἑαυτὸ
1155 1979 1184 2005 τὸ
1208 1978 1305 2014 σῶμα’
1333 1977 1389 2013 ἔχει
1413 1977 1467 2013 γὰρ
1491 1978 1598 2004 δικαίαν
1621 1977 1769 2012 ἀπολογίαν

1056 2026 1124 2061 πρὶς
1142 2025 1191 2060 τὴν
1212 2025 1259 2052 τοῦ
1287 2025 1354 2052 Θεοῦ
1378 2025 1480 2061 κρίσιν.
1499 2025 1601 2052 Φάσκει
1623 2025 1678 2061 γὰρ
1703 2025 1750 2051 καὶ
1780 2023 1848 2050 αὐτὸ

1055 2069 1152 2103 λέγον·
1172 2069 1220 2096 Ἐκ
1243 2070 1291 2106 τῆς
1305 2070 1394 2105 ψυχῆς
1418 2069 1525 2105 ἐκείνης
1544 2067 1578 2105 ἦν
1600 2071 1616 2104 ή
1636 2070 1778 2105 ἁμαρτία,
1796 2070 1848 2096 οὐκ

1055 2114 1130 2150 ἥμην
1158 2115 1243 2141 αἴτιον
1271 2114 1346 2148 ἐγώ·
1380 2114 1471 2147 ἑξότου
1496 2115 1549 2150 γὰρ
1578 2114 1670 2150 ἐκείνη
1703 2115 1750 2142 ἀπ’
1778 2113 1848 2149 ἐμοῦ

1056 2158 1172 2194 ἀπέστη,
1187 2157 1223 2193 μὴ
1240 2158 1406 2193 ἐμοίχευσας
1423 2159 1460 2194 μὴ
1473 2159 1638 2194 ὲπόρνευσα;
1655 2159 1692 2194 μὴ
1707 2158 1847 2193 κέκλοφα;

1059 2202 1096 2238 μὴ
1114 2203 1359 2238 εἰδωλολάτρευσας
1383 2204 1420 2239 μή
1443 2213 1469 2231 τι
1486 2204 1540 2231 τῶν
1556 2204 1682 2231 τοιούτων
1697 2204 1849 2239 ἀμπλακη-

217 2252 289 2279 cium
308 2255 445 2287 opponat:
460 2258 522 2278 nam
538 2255 564 2278 et
585 2250 673 2285 ipsum
690 2258 738 2284 pro
757 2258 786 2277 se
803 2251 874 2278 istud
887 2252 1003 2287 allegare

1060 2249 1152 2283 μάτων
1171 2249 1359 2285 εἰργασάμηνς
1383 2251 1438 2277 Καὶ
1453 2250 1530 2277 ἔσται
1545 2251 1616 2277 κατὰ
1639 2250 1684 2277 τὸν
1700 2250 1754 2277 τῶν
1773 2250 1850 2285 φιλο-

217 2297 382 2332 potest:Ab
406 2297 497 2324 anima
521 2296 566 2322 illa
585 2300 725 2331 peccatum
749 2303 829 2322 omne
853 2295 1004 2331 profectum

217 2347 260 2370 est
275 2352 281 2369 :
298 2350 348 2377 ego
360 2343 424 2377 quid
441 2342 536 2378 potui?
552 2350 613 2369 nam
629 2349 660 2369 ex
673 2349 727 2377 quo
742 2349 756 2368 a
770 2350 813 2369 me
829 2342 885 2369 [nec
898 2342 1006 2371 absces-

218 2387 265 2419 sit,
288 2394 352 2414 num
379 2388 544 2415 adulterium
568 2391 614 2413 aut
637 2386 845 2414 fornicationem
869 2387 1006 2415 furtumve

218 2433 361 2460 commisi?
380 2441 444 2459 num
461 2433 532 2460 idola
548 2432 639 2459 calui?
660 2440 724 2459 num
740 2436 900 2460 cmterorum
918 2433 1007 2460 crimi-

218 2485 283 2505 num
301 2479 409 2512 aliquod
434 2478 605 2513 perpetravi?
630 2477 667 2504 lta
687 2485 718 2505 ex
742 2479 924 2512 pervicacium
940 2478 1007 2506 isto-

219 2532 280 2551 rum
296 2524 430 2551 sententia
447 2523 491 2551 Dei
505 2524 638 2559 judicium
661 2525 742 2551 inaue
757 2527 784 2551 α
799 2523 893 2551 inutile
913 2523 1005 2551 fuerit.

219 2570 354 2604 Quocirca
375 2570 413 2597 uti
439 2577 538 2605 corpus
558 2575 586 2598 et
603 2570 693 2598 anima
710 2570 736 2596 in
753 2577 836 2596 unum
860 2569 1005 2603 conjuncta

221 2623 304 2642 unum
325 2616 460 2644 hominem
484 2616 638 2644 conﬂarunt
660 2623 675 2642 a
695 2615 749 2641 Dco
768 2614 928 2648 productum
945 2624 951 2640 :
966 2616 1006 2642 sic

1059 2297 1157 2323 νείκων
1169 2296 1247 2331 λόγον
1261 2298 1401 2334 ἄπρακτος
1421 2300 1438 2335 ὴ
1452 2299 1498 2325 τοῦ
1510 2298 1576 2325 Θεοῦ
1593 2299 1692 2333 κρίσις.
1709 2296 1759 2322 Διὰ
1769 2295 1851 2322 τοῦτο

1060 2342 1096 2374 ὡς
1109 2341 1142 2378 ἦν
1157 2343 1187 2369 τδ
1202 2343 1280 2379 σῶμα
1291 2344 1337 2371 καὶ
1348 2345 1364 2380 ἡ
1376 2344 1448 2380 ψυχὴ
1468 2344 1593 2375 σύνθετος
1605 2342 1645 2374 εἷς
1655 2342 1798 2378 ἄνθρωπος
1815 2341 1850 2367 ἑκ

1060 2388 1127 2415 Θεοῦ
1152 2390 1313 2425 γενόμενος,
1341 2388 1419 2422 αὖθις
1441 2392 1456 2418 ὁ
1474 2391 1575 2422 δίκαιος
1596 2388 1692 2424 κριτὴς
1714 2388 1744 2414 τὸ
1767 2386 1851 2421 σῶμα

1059 2434 1172 2470 ἐγείρει,
1189 2436 1234 2462 καὶ
1247 2437 1295 2471 τὴν
1313 2437 1403 2472 ψυχὴν
1426 2436 1508 2464 αὑτοῦ
1533 2437 1562 2462 ὲν
1582 2434 1656 2469 αὺτῷ
1671 2434 1780 2465 δίδωσιν
1800 2432 1850 2458 καὶ

1058 2479 1145 2512 οὕτως
1168 2482 1261 2508 δικαία
1274 2483 1420 2518 γενήσεται
1436 2484 1451 2518 ὴ
1467 2482 1515 2508 τοῦ
1537 2481 1604 2508 Θεοῦ
1630 2480 1721 2515 κρίσις
1732 2500 1739 2511 1
1758 2479 1850 2513 ἀμφο-

1058 2525 1145 2560 τέρων
1162 2527 1361 2554 κοινωνούντων
1371 2547 1378 2560 ,
1397 2528 1413 2563 ἢ
1430 2528 1479 2562 τῆς
1491 2527 1526 2553 δι’
1543 2526 1679 2561 ἁμαρτίας
1692 2523 1831 2559 τιμωρίας
1841 2541 1850 2554 ,

1058 2570 1074 2605 ἣ
1095 2571 1144 2606 τῆς
1169 2572 1202 2598 δι’
1225 2573 1324 2608 ἀρετὴν
1345 2573 1511 2606 θεοσεϐείας,
1544 2572 1591 2598 καὶ
1615 2571 1666 2605 τῆς
1696 2568 1851 2605 μελλούσης

1062 2617 1234 2646 ἀποδίδοσθαι
1253 2621 1309 2650 τοῖς
1330 2619 1417 2654 ἁγίοις
1434 2618 1657 2654 μισθαποδοσίας.

217 2665 307 2697 justus
323 2663 368 2691 iile
398 2664 478 2698 judcx
501 2671 600 2698 corpus
619 2663 731 2694 est-itaut,
762 2670 794 2689 ac
814 2670 892 2690 suam
913 2661 950 2688 illi
973 2663 1090 2690 animam
1109 2665 1238 2693 infundit.
1267 2667 1355 2702 Atque
1387 2667 1438 2694 hoc
1456 2672 1535 2701 pacto
1551 2665 1655 2699 justum
1681 2667 1723 2690 est
1736 2661 1786 2689 Dei
1805 2661 1853 2695 ju-

218 2710 332 2742 dicium,
354 2717 415 2737 cum
437 2710 522 2737 amba:
542 2713 634 2744 partes
653 2709 711 2736 sive
727 2709 870 2735 constituti
896 2715 1009 2744 peccato
1029 2712 1168 2746 supplicii,
1182 2713 1242 2740 'sive
1257 2713 1350 2749 pietati
1366 2713 1515 2748 virtutique
1527 2720 1559 2739 ac
1580 2711 1684 2739 sanctis
1717 2708 1848 2737 omnibus

220 2757 361 2792 promissa:
374 2755 465 2791 gloria:
479 2754 671 2782 communione
685 2754 846 2789 jungantur.

257 2815 264 2829 ³
282 2813 379 2840 Ezech.
395 2819 497 2844 xxxv”,
510 2811 536 2837 7.

574 2811 584 2826 ¹
599 2810 664 2838 ibid.
679 2811 722 2838 10.
762 2811 772 2827 ³
787 2811 816 2839 F.
832 2809 914 2848 εἶχον.
953 2811 963 2828 ⁸
977 2813 1042 2848 Reg.
1059 2813 1244 2851 ἐξερευνῆσαι.

254 2859 410 2897 (ιω-Ἔχει
429 2858 482 2892 γειρ
502 2856 622 2884 δικαίαν
644 2857 820 2891 ἁπολίγίαν.
848 2858 883 2886 De
905 2859 999 2888 eodem

1056 2868 1067 2889 ε
1095 2866 1255 2897 argumento
1270 2861 1329 2890 vide
1344 2870 1489 2891 numerum
1521 2862 1554 2889 72
1572 2861 1707 2890 hmrescos
1740 2859 1788 2895 GI,
1818 2859 1849 2888 in

220 2893 347 2921 I’anario.
