1939 3039
77 161 123 189 lSl
784 167 1005 197 ANCORATUS.

1654 172 1705 199 182

111 219 271 246 ΠΘ¹.Ταῦτα
278 219 306 246 δὲ
316 221 356 252 εἰς
363 222 533 257 παράστασιν
541 223 588 259 τῆς
595 224 724 260 ἀληθείας
732 225 780 260 τῆς
789 225 859 261 ἡμῶν

956 227 1098 256 LXXXIX.
1117 227 1177 255 llaec
1193 236 1243 255 nos
1256 228 1288 255 ad
1298 228 1437 256 veritatem
1450 229 1507 264 spei
1521 233 1621 256 nostra:
1631 236 1705 256 eom-

74 263 183 296 ἐλπίδος
201 265 301 298 ἱκανῶς
319 267 392 303 ἔχειν
411 269 580 303 νομίζοντες,
595 270 673 305 ὀλίγα
687 271 747 298 ἀντὶ
760 272 864 299 πολλῶν

75 311 262 346 παρεθέμεθα.
279 312 330 339 Διὰ
343 313 371 339 δὲ
384 314 448 345 τοὺς
463 314 593 349 λέγοντας
607 315 661 352 (47)
677 316 770 352 ἕτερον
787 318 866 353 σῶμα

73 353 135 379 ἀντὶ
153 353 201 380 τοῦ
226 355 371 388 πίπτοντος
395 357 566 393 ἐγείρεσθαι,
588 360 668 387 πάλιν
688 361 727 395 τῷ
750 361 865 397 καμάτῳ

73 399 290 433 προστιθέμεοα,
310 400 449 437 ὠφελῆσαι
473 404 537 435 τοὺς
552 404 728 440 βουλομένους
746 407 865 434 συνιέναι

72 445 122 472 καὶ
149 445 198 480 τὴν
227 447 312 482 αὐτὴν
341 447 414 482 ζωὴν
444 449 575 476 ἀπολέσαι
608 450 646 486 μὴ
678 452 865 488 πειρωμένους

73 489 244 524 βουλόμενοι.
264 491 371 518 Γὲνοιτο
397 493 452 528 γὰρ
475 493 590 528 κάμνειν
620 496 694 530 ἡμᾶς
715 497 779 529 τοὺς
802 497 865 524 ἐλα-

73 534 185 568 χίστους
198 536 245 562 καὶ
258 535 430 571 οὐδαμινοὺς,
448 538 495 564 καὶ
511 538 615 571 πάντας
630 540 802 575 ὡφελεῖσθαι.
818 543 865 569 καὶ

73 580 113 624 μὴ
139 581 280 616 ἀρνεῖσθαι
296 583 445 611 ἀνάστασιν
469 585 519 621 τῆς
535 587 672 623 ἡμετέρας
700 588 811 624 σαρκὸς,
835 590 864 615 ὲν

71 622 147 661 ᾗπερ
163 627 218 658 πᾶς
241 627 255 652 ὁ
271 627 408 664 θησαυρὸς
425 630 473 657 καὶ
495 631 598 666 κρηπὶς
611 622 710 664 τιαντδς
727 622 865 669 σώφρονος

70 670 219 707 λογισμοῦ,
241 673 288 700 καὶ
305 674 395 710 πάσης
418 675 602 712 ἀγαθοεργίας
620 679 697 711 ἐλπὶς
719 679 863 714 διάκειται,

70 717 143 743 κατὰ
155 718 186 744 τὸ
198 719 343 755 εἰρημένον
352 729 358 736 ⁸
374 722 517 756 Ἔχοντες
528 723 582 750 τὸν
591 726 744 759 θησαυρὸν
757 727 865 754 τοῦτον

56 763 106 789 ’ἐν
121 764 314 798 ὀστρακίνοις
329 767 459 801 σώμασι,
472 769 521 795 καὶ
541 769 577 796 τὰ
590 770 664 806 ἑξῆς.
685 771 864 808 Ἐγκρατευό-

71 809 143 844 μεθα
173 810 228 846 γὰρ
244 812 268 838 οἰ
294 812 435 846 ἀσθενεῖς,
460 815 655 851 ἁγνευόμενοι,
680 818 864 854 ἐλεημοσύνας

69 854 257 891 ἐπιωῡοῦμεν
280 859 365 884 ποιεῖν
392 859 415 884 oi
435 859 579 892 ἀδύνατοι,
598 861 642 888 διὰ
658 862 707 897 τὴν
723 863 776 889 τῶν
789 864 864 890 ἐλπι-

922 273 1090 308 probandam
1106 275 1230 302 sutlicerc
1241 274 1305 305 rati,
1321 282 1336 301 e
1351 274 1443 301 multis
1461 281 1546 309 pauca
1562 276 1705 310 proposui~

920 325 990 346 mus.
1020 318 1098 346 Nunc
1126 319 1257 347 adversus
1290 319 1366 351 illos,
1396 319 1443 354 qui
1469 319 1542 346 aliud
1567 321 1703 354 quoddam

919 371 1019 398 corpus
1048 365 1082 391 ab
1109 372 1141 391 eo
1165 365 1237 400 quod
1265 364 1374 396 cecidit,
1400 364 1512 391 excitari
1537 368 1641 398 putant,
1669 365 1703 392 ad

920 413 1079 444 susceptum
1092 409 1249 445 disputandi
1264 410 1383 436 laborem
1392 409 1518 436 nonnihil
1532 409 1703 444 adjieicmus.

921 458 951 482 ut
975 462 1022 482 eos
1049 455 1095 490 qui
1118 455 1270 491 intelligere
1293 455 1345 483 ista
1364 455 1515 488 voluerint,
1537 458 1565 482 et
1588 455 1703 482 salutem

917 501 1037 528 retinere
1053 501 1219 533 studueriut,
1235 501 1405 536 adjuremus.
1418 501 1512 536 Neque
1522 508 1586 528 vero
1600 501 1704 528 tenuis-

918 546 1001 579 simis
1012 547 1094 574 nobis
1111 555 1145 574 ac
1157 547 1258 575 nullius
1275 548 1352 582 pretii
1369 547 1525 574 hominibus
1544 546 1702 574 detrectan-

917 592 969 620 dus
986 592 1041 628 94
1062 593 1138 620 labor
1152 597 1213 620 est:
1234 594 1257 620 si
1280 593 1360 620 modo
1379 601 1411 621 ea
1432 593 1459 620 in
1483 600 1580 620 omnes
1599 592 1704 620 utilitas

916 637 1054 665 derivetur
1067 643 1094 665 ut
1113 646 1145 666 ne
1156 640 1247 666 carnis
1260 642 1362 666 nostras
1375 639 1604 666 resurrectionem
1619 638 1704 664 abue-

916 688 990 718 geut,
1013 684 1039 711 in
1057 691 1111 719 qua
1130 685 1275 712 thesaurus
1292 685 1381 712 omnis
1394 689 1421 712 et
1439 691 1512 712 sana:
1533 684 1632 712 mentis
1656 684 1703 710 tir-

916 733 1097 762 mamentum,
1109 736 1141 756 ac
1155 729 1218 756 boni
1231 729 1320 756 onmis
1332 728 1412 756 cilicii
1425 736 1488 764 spes
1497 732 1556 756 est:
1571 728 1702 755 [labentes

917 773 1068 801 thesaurum
1080 775 1148 802 hanc
1163 776 1188 802 in
1201 775 1326 810 ﬁctilibus
1339 775 1491 809 corporibus
1503 775 1524 809 ³,
1535 779 1587 803 etc.
1599 775 1704 810 Quippe

914 826 967 847 nos
993 820 1144 849 imbecilles
1172 822 1236 849 licet
1264 822 1462 850 continentiam
1489 828 1522 848 ac
1549 821 1703 849 castitatem

914 866 1046 898 colimus,
1068 870 1095 894 et
1122 867 1148 893 in
1177 874 1311 902 pauperes
1338 867 1451 895 beneﬁci
1473 875 1535 895 esse
1559 866 1702 896 studemus

70 899 195 936 ζομένων
220 902 371 930 ἀπόλαυσιν
386 905 437 939 τῆς
460 906 515 932 τῶν
545 907 650 942 νεκρῶν
673 908 859 940 ἀναστάσεωςλ

916 910 1043 944 quamvis
1061 910 1160 938 inﬁrmi
1180 919 1212 939 ac
1220 912 1342 950 .debiles,
1359 915 1388 939 ut
1402 912 1436 940 iis
1452 912 1535 940 rebus
1552 920 1622 947 quas
1639 920 1701 947 spe-

70 948 118 973 καὶ
135 947 224 980 οὕτως
236 950 250 976 ὁ
260 949 372 984 κάμνων
388 951 584 986 τεθεμελίωται
600 953 717 984 πίστεως
728 954 773 980 καὶ
789 954 864 980 etut-

70 993 132 1024 δος,
158 994 226 1021 Θεοῦ
252 996 364 1031 ἀγάπης
384 998 544 1033 μαρτυρίῳ,
568 999 615 1025 καὶ
641 1000 711 1036 ὑπὲρ
733 1000 864 1035 ὀνόματος

69 1038 138 1065 Θεοῦ
155 1040 185 1066 ἐν
201 1041 331 1076 διωγμοῖς
351 1041 474 1077 βασάνων
497 1045 545 1071 καὶ
567 1045 655 1072 ἄλλων
671 1045 862 1082 ἀπανθρώπων

68 1084 226 1116 κολάσεων,
252 1086 281 1112 ἐν
302 1088 358 1118 τοῖς
376 1087 413 1122 μὴ
440 1088 618 1124 ἀρνουμένοις
639 1089 789 1118 ἀνάστασιν
812 1091 862 1126 τῆς

71 1132 148 1167 ἡμῶν
168 1133 281 1168 σαρκὸς,
306 1133 373 1160 ἀλλὰ
394 1134 569 1162 πιστεύουσιν
584 1135 625 1162 ὅτι
647 1136 714 1162 αὐτὸ
734 1137 765 1163 τὸ
783 1145 860 1163 σπει-

70 1177 185 1213 ρόμενον
200 1179 230 1205 ὲν
243 1180 277 1214 τῇ
299 1180 334 1215 γῇ
358 1180 572 1216 ὲνεργηθήσεται
587 1182 606 1208 ¹.
625 1182 676 1208 Δύο
690 1181 743 1218 γὰρ
764 1185 860 1218 σαφεῖς

69 1223 116 1249 καὶ
127 1223 238 1258 ἀληθεῖς
256 1225 409 1260 μαρτυρίας
421 1226 525 1253 ἔδωκαν
539 1227 604 1262 ἡμῖν
619 1228 646 1253 αἰ
658 1227 729 1254 θεῖαι
741 1228 761 1254 Γ
764 1228 858 1264 ραφαὶ,

68 1269 101 1294 δι’
121 1265 159 1295 ὧν
173 1269 314 1305 δυνάμεθα
328 1271 377 1306 τὴν
395 1271 447 1306 τῆς
471 1272 549 1307 ἡμῶν
574 1272 746 1305 ἀναστάσεως
765 1273 860 1300 ἐλπίδα

67 1313 231 1347 γνῶναι,κα“ι
240 1314 277 1350 μὴ
287 1315 418 1351 σφαλῆναι
428 1316 523 1351 μύθοις
531 1317 692 1350 καινοδὸξων
699 1318 858 1354 ἀνθρώπων,

67 1359 279 1394 ἀπατηθέντων,
298 1361 344 1387 καὶ
359 1362 398 1397 τῷ
413 1361 463 1397 βιῳ
477 1362 534 1398 (48)
553 1363 661 1399 ἀπάτην
684 1363 858 1399 γραψάντων.

67 1404 115 1430 Ἵν¹
135 1402 184 1430 οὖν
200 1405 237 1440 μὴ
253 1405 362 1438 πολλαῖς
381 1407 546 1443 μαρτυρίαις
564 1409 710 1444 χρήσωμαι
738 1408 777 1444 (οὐ
804 1409 859 1445 γάρ

65 1450 136 1474 εἰςιν
150 1449 240 1483 ὀλίγαι
256 1451 285 1476 ὲν
304 1452 390 1487 Καινῇ
407 1460 436 1478 τε
449 1452 498 1479 καὶ
512 1453 619 1489 Παλαιᾷ
633 1454 699 1489 περϊ
718 1455 767 1489 τῆς
781 1454 858 1490 ἡμῶν

64 1494 175 1526 ἐλπίδος
190 1495 237 1521 καὶ
254 1496 452 1532 ἀναστάσεως),
462 1498 604 1534 συντόμως
625 1499 681 1534 ὲρῶ
698 1499 777 1526 τοῦτο
790 1499 856 1536 (49).

916 963 1020 987 ramus,
1043 957 1069 984 in
1087 961 1258 984 mortuorum
1287 958 1332 984 illa
1355 958 1556 985 resurrectione
1579 958 1704 992 perfrua-

916 1008 987 1029 mur.
1005 1001 1042 1029 lta
1060 1003 1106 1038 qui
1128 1002 1234 1029 labores
1252 1002 1378 1037 suscipit,
1398 1002 1468 1033 tldei,
1488 1002 1544 1037 spei
1559 1008 1590 1028 ac
1603 1002 1703 1029 divina:

914 1047 1062 1074 cltaritatis
1082 1047 1240 1075 testimonio
1257 1047 1399 1081 fundatur,
1417 1051 1444 1074 et
1459 1054 1507 1082 pro
1523 1047 1570 1075 Dei
1591 1047 1702 1076 nomine

913 1093 939 1120 iu
960 1094 1185 1128 persecutionum
1201 1094 1369 1122 cruciatibus
1386 1097 1412 1121 et
1430 1093 1612 1120 atrocissimis
1631 1101 1702 1128 sup-

914 1139 1002 1173 pliciis
1020 1139 1090 1166 inter
1113 1147 1161 1167 eos
1176 1143 1341 1173 perseverat,
1358 1139 1403 1174 qui
1425 1139 1517 1167 carnis
1536 1142 1636 1166 nostra:
1656 1147 1701 1166 re-

914 1185 1111 1212 surrectionem
1123 1193 1175 1212 uou
1190 1189 1300 1221 negant,
1313 1185 1362 1213 sed
1374 1184 1444 1212 idem
1459 1184 1524 1212 illud
1536 1184 1608 1219 quod
1620 1183 1701 1211 modo

914 1230 1116 1264 proseminatur
1132 1231 1159 1257 in
1176 1235 1258 1264 terra,
1271 1236 1489 1258 resurrecturum
1499 1237 1561 1258 esse
1573 1230 1698 1257 credunt.

915 1275 987 1303 Duas
1010 1276 1081 1303 cnim
1107 1276 1265 1311 perspicuas
1284 1284 1316 1304 ac
1334 1276 1504 1304 certissimus
1523 1276 1701 1303 auctoritates

913 1329 1000 1349 sacrze
1016 1321 1096 1349 nobis
1116 1321 1223 1349 Litterae
1246 1321 1430 1356 suppeditant.
1451 1320 1551 1356 quibus
1575 1327 1701 1348 resurre-

912 1366 1011 1393 ctionis
1027 1370 1128 1393 nostrae
1143 1373 1218 1400 spem
1230 1372 1396 1401 cognoscere
1413 1371 1570 1399 possumus,
1583 1371 1617 1390 ne
1637 1363 1699 1389 ina-

912 1411 986 1438 nium
1000 1410 1140 1437 hominum
1156 1410 1256 1438 l‘abulis
1272 1410 1451 1441 abducamur.
1468 1409 1514 1444 qui
1525 1413 1551 1436 et
1571 1408 1621 1444 ipsi
1638 1407 1701 1434 falsi

912 1458 988 1486 sunt,
1007 1457 1035 1481 et
1051 1454 1171 1481 humano
1196 1454 1288 1488 generi
1306 1454 1364 1482 suis
1378 1453 1488 1488 seriptis
1505 1452 1631 1480 falsitatis
1651 1459 1700 1478 au-

912 1504 1004 1527 ctores
1027 1499 1200 1526 exstiterunt.
1222 1498 1313 1531 Quare
1334 1507 1368 1526 ne
1390 1498 1515 1533 pluribus
1535 1496 1700 1524 testimoniis

64 1540 98 1567 ad
116 1541 143 1567 id
166 1547 238 1574 utar,
260 1543 389 1577 quoniam
411 1552 465 1571 non
488 1552 575 1580 pauca
598 1549 663 1573 sunt
680 1546 707 1573 in
736 1545 812 1574 Navo
833 1553 865 1573 ac
884 1545 982 1574 Vetere
1006 1546 1192 1578 Testamento,
1221 1545 1322 1581 quibus
1339 1552 1401 1580 spes
1413 1549 1508 1572 nostra
1528 1550 1559 1570 ac
1573 1550 1697 1570 resurre-

63 1586 167 1614 ctionis
184 1587 252 1616 ﬁdes
271 1590 379 1622 nititur,
396 1591 493 1625 paucis
511 1591 563 1619 ista
580 1593 757 1627 complectar.

101 1635 137 1666 ιζ.
158 1632 189 1659 Εἰ
205 1634 270 1661 ἄλλο
283 1633 316 1671 ἦν
328 1635 358 1662 τὸ
369 1636 554 1672 ἐγειρόμενον,
570 1638 696 1673 καθάπερ
720 1639 792 1670 τινὲς
807 1639 858 1674 φά-

946 1635 1003 1662 XC.
1025 1634 1053 1662 Si
1065 1633 1140 1662 aliud
1152 1637 1224 1662 esset
1239 1633 1313 1669 quod
1330 1633 1446 1669 resurgit
1467 1641 1578 1669 corpus,
1592 1637 1622 1661 ut
1634 1642 1701 1662 now

64 1687 189 1712 σχουσιν,
205 1680 256 1707 οὐκ
273 1680 307 1707 ἂν
329 1682 343 1708 ὁ
360 1682 520 1714 Ἀπόστολος
540 1683 735 1717 διεϐεϐαιοῦτο,
753 1684 838 1718 λέγων
849 1693 857 1700 ·

62 1725 115 1751 Δεῖ
124 1725 178 1759 γὰρ
191 1726 223 1753 τὸ
235 1727 368 1760 φθαρτὸν
380 1728 468 1755 τοῦτο
481 1729 666 1757 ἐνδύσασθαι
676 1731 856 1765 ἀφθαρσίαν.

70 1769 152 1796 Ἐπεὶ
166 1769 194 1796 δὲ
217 1771 263 1797 καὶ
286 1772 351 1807 περὶ
369 1772 449 1807 δόξης
470 1772 525 1800 τῶν
550 1774 649 1808 ἁγίων,
669 1775 707 1807 ὡς
733 1775 858 1811 μέλλουσι

63 1814 282 1850 φαιδρύνεσθαι,
306 1818 354 1844 καὶ
381 1816 553 1845 ἀλλοιοῦσθαι
579 1820 608 1846 ἐν
631 1819 693 1855 δόξῃ
719 1820 786 1855 μετὰ
809 1821 858 1856 τὴν

62 1861 234 1892 ἀνάστασιν,
262 1862 388 1898 καθάπερ
411 1864 503 1898 λέγει,
525 1865 685 1900 ἘγεΙρεται
708 1867 742 1892 ἐν
764 1866 857 1901 δόξῃ,

63 1907 245 1943 ὲδραιωῦἦναι
257 1909 267 1924 ¹
278 1910 352 1944 ἡμᾶς
367 1911 396 1936 ἐν
415 1911 448 1946 τῇ
463 1911 550 1937 ἐλπίδι
561 1919 568 1926 °
584 1912 666 1946 φησὶν
679 1912 695 1946 ἡ
710 1912 774 1946 ἁγία
786 1913 859 1947 Γρα-

62 1953 100 1986 φή
111 1960 118 1966 ⁸
134 1952 266 1986 Ἄφρων.
286 1953 327 1980 σὺ
349 1954 365 1980 ὂ
380 1955 516 1989 σπείρεις
531 1956 567 1982 οὺ
590 1955 786 1990 ζωογονεῖται,
803 1955 858 1982 ἐὰν

60 1997 104 2031 μὴ
116 1997 270 2033 ἀποθάνῃ·
288 1999 337 2025 καὶ
352 2000 407 2027 οὐκ
424 2000 496 2027 αὐτὸ
516 2001 548 2028 τὸ
564 2002 786 2036 γεννησόμενον
797 2001 857 2028 σῶ-

61 2050 103 2076 μα
123 2042 272 2076 σπείρεις,
286 2044 355 2070 ἀλλ’
371 2045 397 2071 sl
422 2046 510 2079 τύχῃ,
532 2045 645 2073 κόκκον
658 2046 745 2072 σίτου
764 2045 783 2081 ἦ
799 2046 859 2073 τῶν

103 2121 111 2135 ¹
127 2119 160 2147 F.
179 2121 398 2157 ὲξεγερθήσεται.
438 2124 448 2139 ²
463 2122 543 2151 Deest
559 2123 672 2151 verbum
687 2123 808 2158 aliquod.

101 2178 160 2212 (Ηὶ
179 2178 232 2204 Διὰ
242 2178 283 2215 νδέ
300 2179 371 2212 τοὺς
384 2179 543 2214 λέγοντας.
567 2179 723 2215 Origenem,
742 2181 857 2215 ejusque

64 2217 220 2240 sectatores
241 2214 377 2249 intelligit,
397 2216 443 2249 qui
460 2214 757 2243 statuebant,homines
771 2216 797 2242 iu
815 2214 858 2242 re-

845 2123 856 2139 ⁸
870 2123 890 2150 ll
901 2123 965 2150 Cor.
978 2131 1014 2156 tv,
1031 2122 1057 2149 7.

911 1680 993 1708 milis
1008 1679 1106 1715 placet,
1119 1687 1258 1714 nunquam
1280 1679 1352 1706 istud
1367 1678 1512 1706 aﬁirmarct
1529 1679 1676 1715 Apostolus
1691 1690 1697 1707 :

911 1726 1021 1760 Oportet
1043 1726 1113 1752 enim
1137 1725 1308 1761 corruptibile
1331 1726 1379 1752 hoc
1403 1725 1510 1753 induere
1525 1727 1700 1761 incorruptio-

910 1781 970 1801 nem
983 1773 1004 1799 ⁸.
1034 1772 1071 1800 De
1091 1777 1248 1800 sanctorum
1269 1779 1333 1799 vero
1358 1772 1445 1807 gloria
1469 1773 1698 1807 quemadmodum

910 1818 1111 1854 splendidiores
1129 1818 1195 1850 ﬁeri,
1214 1826 1246 1845 ac
1260 1822 1322 1853 post
1344 1819 1574 1845 resurrectionem
1592 1819 1619 1845 in
1640 1819 1698 1853 glo-

910 1865 950 1890 ria
963 1863 1126 1891 conuuutari
1135 1863 1245 1894 debent,
1258 1862 1487 1897 quemadmodum
1501 1862 1582 1890 dicit:
1600 1863 1699 1890 Resur-

911 1914 950 1945 get
970 1909 996 1936 in
1019 1908 1143 1943 gloria“:
1160 1908 1378 1943 quandoquidem
1391 1908 1418 1934 iu
1433 1915 1463 1934 ea
1481 1915 1528 1942 spe
1542 1907 1696 1935 conﬁrmari

911 1963 961 1982 nos
977 1957 1093 1990 oportet.
1108 1953 1249 1988 Scriptura
1265 1954 1306 1980 sic
1322 1953 1462 1988 loquitur:
1477 1953 1574 1987 Stulte,
1590 1961 1618 1980 tu
1629 1953 1699 1987 quod

910 2000 1025 2027 seminus
1044 2005 1096 2026 non
1112 1999 1222 2030 viuiscit,
1237 1999 1289 2025 nisi
1307 2003 1438 2025 mortuum
1456 1999 1491 2025 ait
1504 2006 1513 2025 :
1524 2003 1548 2025 et
1565 2006 1616 2026 non
1631 1997 1700 2025 idem

910 2045 980 2081 quod
996 2045 1174 2080 generundum
1195 2049 1232 2072 est
1247 2052 1343 2079 corpus
1361 2044 1488 2076 seminus,
1511 2044 1568 2076 sed,
1582 2044 1605 2071 si
1620 2044 1698 2078 forte,

1097 2121 1128 2148 ιι
1144 2121 1206 2150 Cor.
1219 2130 1263 2156 xv,
1274 2121 1320 2150 55.
1357 2121 1368 2138 ⁸
1386 2121 1465 2154 ibid.,
1481 2122 1528 2150 43.

911 2184 983 2208 tetur
997 2187 1109 2207 necesse
1121 2183 1179 2212 est;
1195 2178 1317 2207 declarat
1330 2179 1402 2207 enim
1414 2179 1559 2214 quamdam
1575 2179 1697 2207 omnium

910 2216 1030 2250 genitum
1049 2215 1130 2242 veluti
1152 2215 1372 2247 consensionem,
1390 2215 1569 2250 iutiununque
1585 2222 1695 2250 sensum

65 2248 241 2275 surrectione
259 2246 372 2283 corpora
393 2246 536 2277 habituros
558 2259 619 2277 esse
637 2251 670 2277 al)
690 2251 733 2280 iis.
757 2251 857 2284 quibus
875 2246 894 2273 ο
910 2246 1139 2278 resurrectionem
1164 2257 1309 2284 corporum
1330 2246 1533 2277 ostendentem:
1547 2249 1635 2276 Simili
1653 2250 1696 2276 via

64 2284 122 2309 vita
143 2284 252 2310 mortali
272 2288 395 2318 utuntur,
411 2285 531 2318 diversa,
547 2289 574 2313 ct
590 2286 751 2313 orbiculata:
765 2287 859 2313 nescio

64 2318 148 2352 cujus
168 2319 269 2351 ﬁgurae.

103 2353 161 2388 (ιδ)
182 2354 236 2380 Καὶ
254 2354 294 2386 τῷ
307 2355 375 2388 βίῳ.
390 2354 490 2383 Vocem
507 2354 563 2391 βίος
579 2363 632 2391 pro
641 2355 781 2382 hominum
798 2356 859 2383 uni-

65 2390 203 2426 :ersitate
229 2395 307 2426 recte
332 2390 511 2425 interpretati
529 2395 592 2417 sunt
611 2390 751 2426 rI’ctavius
777 2395 859 2426 atque

66 2423 256 2460 Thomasius;
283 2425 308 2451 id
327 2423 540 2460 euim‘postnlat
565 2425 615 2451 loci
642 2425 746 2452 imiules
771 2423 857 2453 Grfcci

67 2459 208 2495 sermonis
234 2461 314 2494 genio
343 2461 454 2488 minime
484 2464 662 2495 repugnante.
688 2459 858 2495 Epiphanius

67 2493 136 2521 inihi
149 2493 294 2529 Origenem
311 2496 495 2530 perstringere
513 2493 629 2527 videtur,
645 2493 772 2530 illiusque
786 2497 858 2523 scri—

68 2533 124 2563 pta,
150 2537 213 2566 quze
227 2534 299 2556 tanta
319 2535 516 2561 memorantur,
536 2535 564 2556 ιιι
578 2539 632 2558 non
652 2530 788 2566 defuerint.
812 2532 857 2566 qui

68 2571 117 2600 se;
147 2565 231 2600 millia
258 2566 463 2593 Immerarerint
489 2566 652 2593 volumina:
677 2564 715 2592 De
741 2564 858 2600 Origene

69 2599 132 2636 vide
150 2598 323 2636 Vincentium
350 2600 520 2628 Lit-incusem
544 2600 751 2628 Commonitorio
774 2598 857 2636 supra

67 2634 102 2660 ad
124 2642 184 2668 pag.
203 2635 254 2662 159
268 2640 296 2662 et
309 2640 434 2669 sequeut.
450 2637 534 2670 partis
549 2644 567 2662 ι.

106 2669 163 2706 (49)
183 2670 217 2706 Si
237 2670 273 2706 ad
300 2672 419 2698 rationes
443 2669 470 2698 et
495 2676 653 2706 argumenta
675 2671 855 2705 respicimus,

68 2705 175 2741 quibus
200 2704 228 2732 S.
256 2705 423 2740 Epiphanius
457 2715 505 2741 pro
530 2704 733 2733 resurrectione
766 2707 857 2733 carnis

68 2739 126 2774 agit
141 2739 282 2776 adversus
296 2739 538 2776 lueretirom'patet
552 2750 608 2768 rem
627 2749 704 2768 suam
722 2741 857 2775 principio

67 2775 204 2810 exemplis
234 2776 398 2810 quibusdam
426 2784 440 2802 a
467 2775 553 2803 rebus
580 2781 683 2803 natura:
707 2775 856 2810 desutnptis

68 2809 159 2846 ipsum
177 2809 376 2838 exornavissc:
396 2811 493 2838 deinde
517 2812 650 2843 moribus,
669 2809 856 2846 religiosisque

69 2844 207 2873 institutis
223 2846 364 2873 hominum
391 2846 463 2872 illam
503 2846 665 2873 conﬁrmare
691 2844 854 2880 suscepisse.

71 2880 148 2913 and
175 2888 244 2910 sane
271 2882 423 2917 argumenti
443 2888 529 2915 genus
547 2881 612 2909 satis
635 2882 750 2909 validum
776 2889 855 2916 repu-

910 2290 936 2313 et
944 2286 1049 2313 ratione
1060 2284 1143 2313 Deum
1155 2287 1287 2312 exsistere
1297 2292 1359 2312 eum
1369 2284 1510 2316 Cicerone,
1518 2284 1695 2317 Tel-tulliano,

910 2321 1026 2356 aliisque
1039 2321 1174 2348 veteribus
1186 2320 1353 2356 philosophis
1365 2320 1553 2356 demonstrare
1565 2319 1694 2347 solemus.

910 2355 1003 2383 Tertio
1021 2356 1192 2391 progreditur
1216 2355 1385 2391 Epiphanius
1403 2355 1526 2391 adcum
1551 2362 1696 2391 argumen-

911 2389 1027 2418 talionis
1035 2389 1134 2421 locum,
1151 2391 1194 2417 cui
1209 2389 1324 2417 rationis
1337 2389 1495 2424 theologica:
1507 2397 1604 2416 nomen
1616 2389 1695 2422 juxta

911 2432 1013 2453 morem
1031 2426 1056 2453 in
1078 2425 1179 2453 scholis
1195 2429 1344 2460 receptant,
1364 2423 1453 2460 facere
1469 2431 1625 2458 possumus.
1642 2423 1694 2457 Qui

910 2467 976 2489 sane
1000 2462 1076 2488 locus
1103 2465 1133 2487 ut
1150 2461 1176 2487 in
1194 2456 1336 2495 prreseutia
1351 2460 1385 2486 ab
1409 2456 1560 2495 Epiphanio
1584 2456 1695 2487 adhibe-

910 2501 964 2527 tur.
988 2496 1050 2523 licet
1071 2496 1270 2523 ineluctabilem
1286 2495 1386 2522 habere
1401 2495 1454 2522 vim
1473 2502 1526 2522 non
1552 2495 1693 2526 videatur;

909 2532 1064 2563 elumbem,
1094 2531 1286 2565 inﬁrmumque
1309 2530 1422 2556 oruuiuo
1450 2534 1578 2565 reputare
1604 2534 1694 2557 tamen

911 2566 985 2592 illum
1002 2574 1055 2592 unu
1074 2566 1214 2592 delenitis.
1232 2566 1266 2592 Se
1286 2566 1422 2592 convertit
1441 2564 1548 2592 dcuuuu
1576 2564 1609 2591 ad
1625 2565 1695 2591 divi-

909 2609 1005 2628 narum
1024 2601 1225 2635 Seripturorum
1247 2601 1420 2631 dmumeuta,
1439 2608 1498 2634 quae
1517 2601 1549 2626 ad
1567 2604 1694 2635 astruen-

910 2637 972 2663 dam
997 2644 1053 2663 rem
1072 2635 1194 2662 eamdem
1216 2636 1340 2662 adhibuit
1355 2636 1466 2663 uberius
1479 2635 1578 2662 deinde
1593 2635 1619 2661 in
1641 2634 1695 2661 Pa-

911 2672 985 2698 naria
1005 2671 1037 2698 ad
1054 2671 1173 2697 ha‘rcscs
1189 2670 1223 2697 (ii
1238 2675 1264 2697 et
1278 2671 1322 2697 67.
1338 2670 1375 2696 Ea
1395 2671 1569 2700 doeumcnta,
1586 2671 1608 2697 si
1626 2669 1692 2700 illis.

910 2712 938 2733 ut
953 2714 1000 2741 par
1014 2711 1066 2736 est.
1085 2709 1177 2732 utatur
1193 2706 1344 2741 theologus,
1357 2706 1614 2741 ﬁrmissimaurprm
1634 2712 1694 2730 ()Ill-

909 2740 990 2768 uibus
1013 2742 1073 2768 aliis
1098 2742 1265 2775 argumentis
1289 2740 1430 2768 solliciunt
1456 2741 1489 2767 ad
1514 2740 1694 2767 evinceudum

909 2777 1060 2808 rationem;
1079 2774 1164 2803 sacra:
1186 2777 1289 2811 quwvis
1310 2776 1448 2810 religionis
1470 2776 1560 2809 capita
1576 2774 1629 2800 iliis
1649 2780 1694 2799 ro-

908 2811 1040 2851 borantur
1055 2820 1061 2838 :
1092 2811 1236 2839 ruboretur
1251 2811 1359 2839 etiillud
1376 2812 1409 2839 de
1434 2817 1580 2845 corporum
1601 2814 1694 2835 resur-

909 2852 961 2874 ηεξ
968 2855 1039 2874 ιυιιυ.
