1939 3039
265 177 316 203 185
972 179 1001 207 S.
1018 179 1030 207 Ι

1121 179 1188 207 ANll
1835 179 1883 207 184

265 233 346 261 tritici
360 241 483 268 granum,
495 233 534 260 vel
548 233 658 260 alterius
682 234 789 261 seminis
811 243 819 268 ;
838 234 907 262 Deus
924 243 983 263 vero
1000 236 1030 262 da

1116 237 1202 264 αλων
1213 235 1390 270 σπερμάτων
1404 235 1470 271 (50),
1483 235 1531 262 καὶ
1543 237 1559 262 d
1572 235 1643 268 Θεὸς
1653 235 1777 262 δίδωσιν
1787 235 1858 262 αὐτὸ
1871 238 1881 253 ι

263 277 306 305 illi
320 285 414 312 corpus
428 282 506 312 prout
521 278 574 304 vult
587 279 607 304 ¹.
622 277 679 306 Hoc
693 279 782 314 ipsum
798 279 832 306 ad
846 288 940 308 eorum
951 288 1028 316 repra

1119 282 1134 308 ὸ
1155 281 1240 316 σῶμα
1259 282 1298 315 ὡς
1316 282 1456 315 ἠθέλησε.
1477 281 1561 308 Τοῦτο
1582 282 1622 312 εἰς
1639 281 1718 314 δόξαν
1740 281 1796 307 τῶν
1813 282 1884 315 ἐγει-

264 324 427 351 sentamlam
443 323 558 357 gloriam
575 324 622 358 qui
640 332 702 351 eum
718 325 765 352 illo
784 326 930 360 splendore
944 333 975 353 ac
989 327 1029 354 luc

1120 327 1222 362 ομένων
1236 327 1264 353 ἐν
1283 326 1440 363 φαιδρότητι
1458 323 1609 352 εἷπεν.”1να
1630 326 1659 352 δὲ
1678 325 1752 361 δείξῃ
1766 325 1812 352 τὸν
1826 326 1885 353 κόκ-

265 369 447 397 rcsurrecturi
473 373 548 399 sunt.
574 369 678 404 injecit.
701 370 790 405 Atque
813 375 843 398 ut
863 379 976 406 granum
1001 379 1030 407 pc

1120 381 1149 399 ον
1167 372 1409 408 προσλαμϐάνοντα
1428 371 1476 408 τὴν
1497 372 1574 404 δόξαν
1588 372 1622 398 δι’
1639 372 1748 405 ἑαυτοῦ,
1765 369 1842 399 εἶπεν
1855 374 1885 399 ὲν

267 414 386 449 seipsum
404 415 437 442 ad
457 422 516 442 eam
536 415 649 449 gloriam
666 416 808 450 pervenire
822 420 998 448 monstraret,
1021 417 1028 444 i

1121 418 1138 454 ᾦ
1151 417 1309 453 Εὐαγγελίῳ
1323 419 1336 444 ὁ
1349 418 1395 444 καὶ
1411 419 1440 444 ὲν
1449 417 1546 452 Παύλῳ
1556 417 1674 453 λαλήσας
1691 418 1757 452 περὶ
1769 418 1886 444 ἀνσπά-

266 458 414 495 Evangelio
432 461 502 488 dixit
524 461 594 488 idem
613 462 659 496 qui
681 466 709 488 et
726 463 752 488 in
775 462 860 489 l’aulo
874 462 907 490 de
926 471 1031 491 resurre

1120 470 1187 494 εως·
1212 463 1282 489 Ἐὰν
1302 461 1345 496 μὴ
1369 463 1386 488 ὁ
1410 463 1519 494 κόκκος
1534 461 1588 488 τοῦ
1607 462 1695 488 σίτου
1713 461 1818 488 πεσὼν
1841 463 1885 494 εις

266 508 358 534 ctione
373 507 523 535 disseruit:
547 507 610 535 Nisi
630 516 741 542 granum
763 509 890 543 frumenti
908 510 1004 537 cadens
1022 511 1031 536 i

1121 507 1158 540 ὴν
1180 506 1240 542 γῆν
1261 506 1408 540 ἀποθάνῃ,
1431 507 1514 541 φησὶ,
1538 507 1632 540 μόνος
1656 506 1756 541 μένει·
1775 507 1830 533 ἐὰν
1851 506 1886 532 δὲ

267 557 380 586 terram,
405 559 538 580 mortuum
561 553 654 588 fuerit,
680 554 766 581 solum
789 561 894 584 manet:
918 557 941 582 si
962 560 1032 582 auter

1121 552 1248 586 ποθάνῃ,
1264 552 1363 579 πολὺν
1377 552 1494 586 καρπὸν
1507 551 1598 586 φέρει.
1613 553 1644 578 Ἀ
1650 560 1683 587 ρα
1695 551 1760 586 γοῦν
1772 553 1787 578 ὁ
1807 552 1886 578 Ἀπό-

266 603 399 626 mortuum
421 599 518 633 fuerit,
541 599 654 626 multum
667 599 783 633 fructum
795 601 906 635 aﬂ'ert‘.
930 601 999 635 Ergo
1021 609 1031 629 ε

1120 597 1193 629 τολος
1207 597 1305 624 κόκκον
1323 597 1418 632 ἔφησε,
1435 598 1482 624 καὶ
1492 598 1506 623 ὀ
1520 597 1614 633 Σωτὴρ
1629 598 1674 624 τὸν
1687 597 1769 624 αὑτὸν
1785 597 1885 623 κόκκον

266 643 414 678 Apostolus
430 651 544 678 granum
559 645 719 678 nominavit,
735 651 761 672 et
775 645 846 673 idem
862 654 975 681 granum
992 654 1031 674 COI

1119 642 1147 669 οὗ
1165 641 1291 677 σώματος
1311 642 1346 669 δι’
1362 642 1445 669 αὐτοῦ
1469 641 1604 674 ἀπέδειξε.
1621 642 1653 668 Τί
1676 640 1722 669 οὖν
1748 642 1884 677 ἐροῦμεν;

266 688 341 722 poris
361 688 486 716 Salvator
508 696 555 724 per
579 690 699 725 seipsum
723 691 853 719 ostendit.
874 692 944 724 Quid
967 692 1031 727 igitu

1120 688 1150 715 'nc
1165 688 1232 714 αὐτὸ
1244 687 1274 714 τὺ
1299 687 1402 724 σπαρὲν
1418 688 1483 714 ῐδιον
1500 687 1581 714 αὐτοῦ
1606 687 1694 722 σῶμα,
1719 687 1857 713 τουτέστιν
1871 688 1885 713 ό

266 733 357 760 dicere
370 735 537 768 possumus?
553 735 649 763 Nonne
666 737 805 771 proprium
820 737 908 772 ipsum
923 737 977 772 95
990 738 1031 772 eju

1120 734 1214 765 όκκος,
1242 733 1356 768 ἀνέστη;
1378 733 1393 769 ἢ
1421 734 1513 768 ἕτερον
1536 731 1570 768 ἦν
1593 733 1623 759 τὺ
1649 732 1678 764 ἐξ
1704 732 1787 758 αὑτοῦ
1815 732 1885 767 μετὰ

265 784 377 812 corpus,
396 778 447 806 hoc
468 782 520 812 est,
544 779 614 806 idem
635 787 750 814 granum
771 781 908 808 surrexit?
927 789 961 808 an
977 781 1029 808 aliu

1120 779 1248 814 ριήμερον
1260 779 1380 805 ἀναστὰν
1397 779 1428 805 ὲκ
1444 778 1490 804 τοῦ
1513 778 1663 813 μνημείου;
1678 778 1715 809 ὡς
1732 778 1756 803 οἱ
1773 777 1885 810 ἄγγελοι

266 826 308 850 est
324 822 397 858 quod
409 831 440 850 ex
459 824 518 858 ipso
533 829 595 859 post
607 826 726 853 triduum
741 834 756 853 e
772 825 898 860 sepulcro
911 826 1030 854 surrexit

1118 824 1224 858 έγουσιν
1234 833 1240 839 ·
1261 824 1392 857 Ἀνέστη,
1408 825 1462 851 οὐκ
1473 824 1558 850 ἐστιν
1567 820 1639 849 ὧδε·
1657 822 1704 849 καὶ
1716 822 1753 854 ὣς
1766 831 1832 857 φησι
1849 823 1883 857 τῇ

267 871 296 894 ut
308 868 395 902 angeli
413 872 565 897 testantur:
585 870 716 903 Surrexit,
738 878 789 897 non
803 875 841 897 est
857 870 898 896 hic
914 870 942 897 ³;
959 875 1004 897 aut
1023 870 1029 897 i

1121 871 1209 906 lapiq.‘
1238 869 1285 903 Μή
1313 879 1372 904 μου
1393 869 1506 897 ἅπτου·
1534 868 1615 895 οὔπω
1637 868 1691 902 γὰρ
1714 866 1886 900 ἀναϐέϐηκα

265 913 337 947 quod
359 913 450 941 Mariae
465 914 551 942 dicit:
576 914 641 942 Noli
657 924 697 943 me
713 921 835 951 tangere;
851 915 966 942 nondum
980 916 1030 942 cui:

1119 915 1174 949 ρὸς
1191 915 1244 941 τὸν
1259 914 1375 948 Πατέρα
1385 922 1460 948 μου·
1478 914 1524 940 καὶ
1537 913 1574 944 ὡς
1589 913 1706 940 δείκνυσι
1723 913 1772 944 τὰς
1790 914 1884 948 χεῖρας

265 958 372 985 escendi
390 959 424 986 ad
446 959 555 986 Patrem
576 969 661 988 meum
674 961 699 994 δ;
720 965 768 988 aut
786 969 848 988 cum
868 969 966 989 manus
985 969 1030 988 sua

1119 960 1147 987 al.
1163 961 1213 996 τὴν
1232 959 1353 995 πλευρὰν
1367 959 1406 994 τῷ
1427 960 1521 995 Θωμᾷ,
1534 959 1635 993 λέγων·
1652 959 1699 993 Μὴ
1716 960 1802 993 γ’νου
1817 958 1884 984 ἀπι-

266 1010 300 1029 ac
313 1003 387 1031 latus
402 1003 514 1032 Thomas
528 1012 589 1031 cum
613 1005 656 1032 his
671 1005 761 1032 verbis
781 1004 968 1032 demonstrat:
986 1004 1029 1031 No

1119 1013 1183 1038 τος.
1217 1005 1285 1031 Ἀλλ’
1311 1005 1433 1032 ἀπίστων
1459 1005 1519 1031 ἐστὶ
1547 1004 1577 1031 τὺ
1601 1005 1687 1031 εἰπεῖν
1719 1004 1798 1034 ὅλως,
1826 1004 1884 1030 Οὐκ

265 1056 321 1075 esse
343 1049 494 1076 incredulus
509 1051 530 1076 ⁸.
557 1049 610 1077 Sed
633 1054 680 1077 aut
704 1049 854 1077 inﬁdelium
874 1055 916 1077 est
941 1049 1030 1084 peuitu

1120 1050 1199 1086 νέστη
1212 1059 1219 1066 ·
1237 1050 1263 1086 ἢ·
1272 1050 1319 1077 καὶ
1330 1050 1502 1077 κακοπιστων
1518 1050 1576 1077 ἐστὶ
1592 1051 1622 1077 τὸ
1635 1050 1732 1082 εἰπεῖν,
1747 1050 1804 1075 Οὐκ
1816 1049 1885 1075 αὐτὸ

265 1093 341 1120 illum
358 1095 543 1122 resurrexisse
563 1102 684 1130 negare:
710 1099 756 1122 aut
774 1102 869 1122 eorum
886 1095 933 1129 qui
952 1095 1030 1130 depra

1119 1095 1130 1122 ὸ
1145 1096 1275 1131 κοιμηθὲν
1300 1096 1417 1132 ἀνέστη⁸
1435 1095 1540 1123 πιστῶν
1554 1096 1582 1123 δέ
1599 1098 1655 1123 ἔστι
1676 1097 1706 1123 τὸ
1731 1099 1829 1131 εἰπεῖν,
1843 1098 1884 1125 ὅτι

265 1141 354 1166 vatam
370 1139 449 1167 [idem
466 1140 579 1173 habent,
594 1148 718 1168 asserere
732 1148 785 1167 non
801 1140 871 1167 idem
887 1141 959 1175 quod
975 1148 1030 1167 mor

1121 1140 1166 1168 ὐτὸ
1176 1141 1206 1167 τὸ
1220 1141 1300 1176 σῶμα
1312 1141 1423 1176 ἀνέστη.
1448 1142 1502 1168 Καὶ
1515 1141 1569 1168 ἀπὸ
1580 1142 1627 1168 τοῦ
1639 1142 1720 1169 αὑτοῦ
1735 1143 1862 1178 σώματος
1872 1144 1884 1159 '

265 1188 341 1211 tuum
354 1189 397 1212 est
415 1186 600 1214 resurrexisse
613 1194 728 1222 corpus;
748 1186 867 1213 lidelium
885 1185 994 1213 demum
1007 1193 1030 1213 et

1100 1186 1225 1221 ἠγείρετο
1242 1187 1318 1221 ἡμῖν,
1334 1187 1378 1214 ἴνα
1391 1187 1431 1218 εἰς
1444 1186 1538 1214 ἐλπίδα
1552 1187 1679 1222 ἀληθείας
1687 1189 1827 1227 ,καταστῄ

265 1233 409 1266 aﬂirmare,
425 1233 496 1261 idem
520 1241 581 1261 esse
605 1241 706 1268 corpus
725 1234 883 1261 excitatum.
914 1232 1000 1260 Porro
1028 1240 1090 1260 cum
1109 1233 1202 1261 eodem
1225 1234 1367 1261 nobiscum
1384 1241 1498 1269 corpore
1517 1233 1630 1261 excitari
1646 1234 1740 1266 voluit,
1762 1238 1790 1261 ut
1806 1241 1883 1270 spem

265 1280 344 1308 nobis
363 1280 486 1308 veritatis
498 1280 640 1308 tribueret.

301 1325 369 1354 XCI.
388 1326 430 1354 Ad
447 1327 572 1354 eumdem
594 1327 694 1362 quippe
712 1327 792 1354 linem
818 1327 958 1354 clavorum
975 1327 1048 1355 cica-

1135 1326 1194 1360 L.A'.
1214 1327 1261 1359 Εἰς
1277 1326 1357 1353 τοῦτο
1382 1326 1438 1361 (51)
1463 1326 1518 1362 γὰρ
1540 1327 1666 1358 καὶτοὺς
1680 1327 1781 1360 τύπους
1807 1330 1883 1356 εἴασε

266 1372 349 1400 trices
363 1371 480 1406 reliquit.
495 1379 546 1399 nec
556 1372 617 1399 illas
632 1372 740 1398 abolere
751 1372 836 1399 voluit
846 1379 934 1407 neque
947 1373 1031 1401 lance:

1118 1371 1153 1398 ὢν
1168 1371 1251 1407 ἥλων,
1270 1372 1307 1407 μὴ
1330 1372 1482 1407 ἀπαλείψας
1504 1372 1602 1404 αὐτοὺς
1614 1391 1622 1403 ,
1647 1373 1713 1408 μηδὲ
1732 1373 1778 1400 τὸν
1799 1374 1883 1401 τύπον

267 1417 420 1452 vestigium,
437 1417 545 1444 tametsi
563 1416 654 1450 januis
679 1417 781 1444 clausis
806 1422 880 1445 esset
897 1418 1032 1453 ingressus

1118 1417 1150 1452 ἧς
1173 1417 1288 1452 λόγχης,
1317 1417 1436 1451 καίτοιγε
1463 1417 1590 1445 εἰσελθὼν
1608 1418 1697 1454 Θυρῶν
1721 1419 1883 1454 κεκλεισμέ-

267 1463 372 1491 Etenim
392 1462 465 1497 quod
487 1462 513 1490 in
535 1470 567 1490 eo
583 1463 693 1490 carnale
713 1470 814 1497 corpus
837 1467 906 1497 erat,
928 1464 1032 1499 spirital

1117 1471 1163 1489 ων.
1180 1463 1216 1489 Τὸ
1233 1463 1287 1498 γὰρ
1300 1463 1430 1498 σαρκικὺν
1455 1462 1536 1489 αὐτοῦ
1563 1463 1746 1498 πνευματικὸν
1765 1464 1881 1499 ἀνέστη,

267 1508 387 1536 surrexit
403 1517 409 1535 :
424 1507 471 1535 scd
486 1515 540 1535 non
560 1507 633 1535 aliud
649 1512 737 1536 tamen
754 1513 852 1543 praeter
867 1509 893 1536 id
907 1517 962 1544 quo
981 1517 1032 1544 pra

1119 1509 1158 1535 λλ*
1171 1509 1221 1535 οὐκ
1234 1508 1298 1535 ἄλλο
1312 1508 1386 1543 παρὰ
1398 1508 1428 1534 τὸ
1438 1507 1479 1538 ὃν,
1489 1509 1528 1539 εἰς
1541 1507 1653 1543 θεότητσ
1669 1508 1827 1539 συνενωθὲν,
1843 1509 1883 1540 εἰς

266 1554 340 1581 ditus
356 1558 425 1584 erat,
444 1552 517 1587 quod
530 1561 591 1580 cum
609 1552 753 1581 Divinitate
766 1554 942 1588 conjunctum
958 1555 985 1582 in
996 1556 1031 1589 spl

1118 1554 1250 1589 επτότητα
1271 1554 1424 1588 πνεύματος
1450 1553 1596 1588 κοσμηθέν.
1614 1554 1646 1580 Et
1667 1553 1716 1588 μὲν
1733 1554 1788 1589 γὰρ
1808 1554 1829 1569 ¹⁶
1850 1552 1883 1588 ἦν

268 1599 374 1625 ritalcm
390 1597 534 1632 quamdam
557 1598 734 1625 subtilitatem
756 1600 875 1627 transiit.
896 1599 955 1627 Nisi
976 1600 1033 1627 enim

1118 1599 1231 1634 επτότης
1256 1599 1421 1633 πνεύματος,
1441 1599 1506 1625 ποια
1528 1599 1580 1634 γῆς
1603 1599 1655 1634 ὀπὴ
1673 1599 1779 1634 ἐδέχετο
1805 1600 1883 1634 σῶμα

267 1643 398 1678 spiritalis
411 1643 456 1670 illa
466 1643 603 1671 subtilitas
618 1643 723 1675 fuisset.
740 1644 875 1679 quodnam
891 1649 969 1672 terra:
979 1645 1032 1672 fora

1124 1645 1217 1680 txpév;
1237 1644 1305 1671 Ἀλλ’
1321 1645 1364 1671 ἵνα
1377 1645 1450 1680 δείξῃ
1467 1646 1507 1672 ὃτι
1522 1645 1587 1671 αὐτὸ
1603 1645 1640 1672 Τὸ
1654 1645 1787 1679 φθαρτὸν
1801 1645 1885 1679 ἡμῶν

267 1696 331 1715 men
359 1689 492 1715 tantillum
515 1696 614 1723 corpus
641 1689 811 1724 excepisset?
835 1689 887 1718 Sed
909 1689 1032 1717 declarar

1117 1690 1234 1717 νδύεται
1257 1689 1437 1723 ἀφθαρσίαν.
1464 1689 1495 1715 Et
1523 1689 1576 1725 γὰρ
1597 1689 1643 1715 καὶ
1669 1689 1765 1724 θνητόν
1790 1691 1882 1722 ἐστιν,

267 1734 341 1761 istud
361 1734 466 1761 voluit:
487 1733 663 1768 Corruptibile
684 1739 802 1761 nostrum
824 1735 872 1761 hoc
896 1742 990 1769 corpus
1008 1735 1032 1762 in

1119 1735 1247 1762 Bavaolav
1277 1733 1409 1761 ἐνδύεται.
1437 1734 1553 1770 Εἰσῆλθε
1581 1734 1630 1768 μὲν
1658 1734 1748 1769 θυρῶν
1777 1735 1884 1761 κεκλει-

266 1779 346 1806 duere
363 1780 585 1814 incorruptionem
597 1779 618 1807 ⁸.
636 1780 712 1812 Quod
727 1781 779 1807 etsi
796 1781 910 1808 mortale
932 1781 978 1811 sit,
1000 1781 1031 1807 im

1119 1775 1224 1814 μένών,
1244 1780 1289 1806 ἵνα
1307 1779 1380 1814 δείξῃ
1403 1778 1433 1804 τὸ
1456 1778 1611 1814 παχυμερὲς
1631 1777 1814 1812 λεπτομερὲς.
1837 1779 1884 1804 καὶ

266 1826 431 1854 mortalitate
445 1826 569 1853 vestitur.
584 1826 689 1854 Idcirco
704 1826 808 1855 foribus
821 1827 939 1854 occlusis
958 1827 1031 1863 ingrc

1119 1827 1129 1852 δ
1143 1825 1238 1861 ϐνητὸν
1252 1824 1384 1851 ἀθάνατον
1395 1844 1402 1856 ,
1422 1825 1468 1851 καὶ
1482 1823 1512 1850 τὸ
1525 1823 1643 1858 φθαρτὸν
1656 1823 1792 1858 ἄφθαρτον
1803 1832 1812 1838 ·
1841 1824 1884 1850 ἵνα

265 1872 351 1904 ditur,
367 1876 397 1900 ut
409 1871 481 1907 quod
498 1879 623 1899 crassum
637 1880 670 1900 ac
684 1877 841 1900 concretum
854 1877 907 1904 est,
921 1878 1003 1900 tcnuo
1017 1880 1030 1899 a

1119 1874 1127 1898 ὲ
1146 1873 1249 1902 πάντας
1272 1870 1368 1905 ἐλέγξῃ
1384 1870 1446 1902 τοὺς
1468 1869 1649 1900 ἀπιστοῦντας
1670 1869 1709 1900 εἰς
1737 1869 1788 1903 τὴν
1806 1868 1884 1903 ἡμῶν

265 1917 383 1951 subtile;
401 1917 474 1952 quod
484 1917 598 1944 mortale
617 1921 669 1950 est,
688 1917 855 1950 immortale;
871 1917 943 1952 quod
952 1925 1030 1945 corru

1118 1917 1247 1952 ωτηριαν,
1266 1916 1336 1951 φημὶ
1351 1915 1379 1941 δὲ
1399 1914 1447 1950 τὴν
1459 1915 1618 1946 ἀνάστασιν,
1634 1914 1648 1939 ὁ
1668 1914 1707 1944 εἰς
1731 1912 1883 1948 λεπτότητα

265 1963 351 1998 ptioni
360 1963 506 1990 obnoxium
515 1963 761 1997 est,incorruptum
772 1963 1030 1991 monstraretNerut

1122 1962 1274 1989 εταὸἀλλων
1299 1961 1328 1987 τὸ
1353 1960 1450 1996 σῶμα,
1473 1960 1519 1987 καὶ¹
1547 1959 1586 1991 εἰς
1616 1958 1721 1993 πνεῦμα
1750 1959 1885 1993 συγκερά-

265 2012 297 2036 ut
303 2016 399 2036 omnes
407 2009 579 2036 convinceret
587 2008 633 2043 qui
642 2009 721 2035 saluti
731 2012 840 2041 nostrae,
851 2009 902 2036 hoc
908 2013 950 2037 est
958 2017 1030 2036 rcsut

1119 2016 1149 2038 ας
1174 2007 1224 2042 τὴν
1249 2007 1414 2037 ἀνάστασιν,
1432 2005 1481 2031 οὐκ
1501 2003 1635 2039 ἀπήλειψε
1655 2003 1704 2035 τὰς
1724 2003 1807 2035 οὐλὰς
1831 2003 1884 2029 τῶν

265 2055 382 2083 rectioni
396 2054 531 2088 dillidunt,
547 2055 619 2082 idem
639 2055 685 2082 ille
697 2055 744 2090 qui
758 2063 859 2090 corpus
870 2056 897 2083 in
910 2056 1030 2083 subtilita

1120 2052 1171 2079 λων
1181 2072 1188 2083 ,
1205 2051 1265 2078 οὐδὲ
1281 2051 1326 2078 τὸν
1342 2051 1425 2077 τύπον
1440 2050 1488 2085 τῆς
1502 2049 1614 2085 λόγχης·
1630 2048 1685 2075 ἀλλ’
1705 2048 1804 2081 ἔδειξεν
1819 2048 1885 2075 αὐτὸ

264 2105 319 2128 tem
339 2104 519 2132 converterat,
537 2103 565 2127 et
582 2100 810 2128 resurrectionem
833 2104 998 2136 temperarat
1021 2101 1028 2127 i

1120 2100 1146 2125 rt‘t
1169 2098 1216 2124 τοῦ
1243 2096 1359 2133 σταυροῦ
1384 2095 1534 2128 πεπονθὸς,
1561 2096 1603 2122 ὅτι
1634 2095 1684 2121 οὐκ
1705 2094 1769 2121 ἄλλο
1793 2092 1828 2129 ἦν
1855 2094 1885 2119 τὸ

265 2145 403 2180 spiritum,
416 2145 555 2173 clavorum
567 2145 710 2174 cicatrices
722 2150 768 2172 aut
781 2146 880 2174 lanceae
892 2154 946 2174 non
959 2150 1030 2174 sustt

1120 2144 1229 2175 ναστὰν,
1243 2143 1304 2170 οὐδὲ
1323 2142 1371 2169 ἀπ’
1385 2141 1468 2168 αὐτοῦ
1491 2141 1584 2177 ἕτερον
1601 2141 1677 2175 φυὲν,
1696 2139 1754 2166 ἀλλ’
1770 2139 1837 2166 αὐτὸ
1855 2139 1885 2166 τὸ

265 2192 306 2223 lit,
327 2190 373 2219 sed
391 2191 461 2218 idem
481 2198 543 2219 esse
565 2187 669 2222 docuit,
691 2191 764 2226 quod
784 2192 813 2218 in
832 2198 915 2219 cruce
937 2198 1030 2226 passm

1119 2189 1234 2221 εεπονοὸς
1246 2189 1359 2220 ἀπαθὲς,
1372 2189 1419 2214 καὶ
1428 2187 1509 2218 αὐτὸς
1519 2188 1533 2213 ὁ
1544 2186 1634 2213 πεσὼν
1645 2186 1743 2215 κόκκος
1755 2185 1884 2217 ἀναστὰς,

265 2240 359 2270 postea
376 2236 543 2270 resurrexit;
566 2243 654 2271 nequo
667 2243 731 2263 vero
751 2236 823 2263 aliud
838 2243 871 2263 ex
888 2236 947 2271 ipso
968 2243 1030 2263 coor

1120 2235 1221 2266 ναστάς
1234 2235 1262 2261 δὲ
1283 2234 1431 2269 ἄφθαρτος.
1447 2233 1501 2258 Καὶ
1517 2233 1560 2259 ἵνα
1577 2232 1657 2258 πάλιν
1676 2231 1713 2267 μὴ
1728 2230 1885 2265 νομίσωμεν

264 2286 333 2314 tum,
350 2289 443 2309 verum
457 2281 510 2309 hoc
523 2281 623 2317 ipsum,
638 2281 712 2316 quod
725 2288 883 2316 perpessum
897 2285 966 2313 erat,
988 2289 1029 2315 pet

1121 2281 1185 2317 .épo;
1202 2289 1228 2307 τι
1245 2280 1393 2316 ὲγηγέρθαι
1407 2279 1435 2312 ἐξ
1447 2278 1540 2310 αὐτοῦ,
1553 2278 1618 2305 αὐτὸ
1633 2278 1681 2313 μὲν
1695 2277 1755 2304 ὃ).ον
1772 2276 1823 2302 οὐκ
1833 2274 1886 2301 εἶδε

265 2326 403 2360 pessionis
414 2333 512 2360 expers
525 2333 588 2354 esse
601 2325 702 2353 factum
713 2334 721 2359 ;
733 2329 760 2353 et
772 2325 842 2352 idem
857 2325 930 2360 quod
941 2325 1030 2353 cecide

1118 2325 1263 2361 ιαφθοράν,
1292 2325 1350 2351 ἀλλ’
1379 2323 1444 2350 αὐτὸ
1473 2323 1533 2349 ὅλον
1567 2322 1677 2356 ἀνέστη.
1707 2320 1789 2355 Λέγει
1810 2321 1883 2356 γάρ·

265 2375 318 2402 rat,
333 2371 382 2399 sed
404 2371 591 2406 incorruptum
613 2371 799 2399 resurrexisse
814 2378 941 2406 granum.
959 2372 998 2399 Ac
1014 2379 1030 2398 n

1122 2369 1241 2403 tréo'tn,
1254 2369 1309 2396 οὐκ
1322 2369 1406 2396 ἐστιν
1416 2364 1485 2394 ὦδε.
1506 2366 1652 2402 1Αληθινῶς
1667 2366 1778 2402 ἀνέστη,
1795 2367 1843 2393 καὶ
1856 2366 1887 2393 οὐ

264 2417 335 2444 forte
353 2422 458 2451 partem
478 2417 611 2445 duntaxat
626 2417 699 2445 illius
713 2417 855 2445 excitatam
875 2423 936 2444 esse
952 2416 1029 2444 creda

1123 2415 1267 2450 φάλλονται
1281 2415 1308 2441 αἱ
1325 2414 1443 2450 Γραφαὶ,
1462 2411 1540 2440 οὖσαι
1554 2412 1674 2448 ἡμετέρα
1693 2411 1761 2447 ζωή.
1777 2411 1831 2439 Καὶ
1845 2413 1888 2438 ἴνα

265 2469 336 2494 inus,
351 2462 416 2489 licet
428 2466 514 2490 totum
533 2463 622 2498 ipsum
642 2463 845 2498 corruptionem
868 2469 922 2489 non
937 2462 1030 2489 viderit

1122 2462 1142 2497 ,ὴ
1167 2461 1285 2497 εὕρωσιν
1312 2461 1338 2487 ot
1359 2459 1529 2495 ἠπατημένοι
1554 2457 1711 2494 πρόφασιν,
1732 2456 1815 2483 ὀστέα
1840 2457 1887 2483 καὶ

264 2511 352 2535 totum
365 2508 543 2536 nihilominus
563 2508 722 2536 resurrexit.
742 2508 878 2543 Scriptum
898 2507 970 2534 enim
984 2511 1026 2534 est

1120 2506 1193 2541 ἀρκα
1213 2504 1296 2537 ἔδειξε
1320 2504 1360 2540 τῷ
1383 2504 1482 2539 Θωμᾷ,
1499 2502 1547 2530 καὶ
1564 2504 1620 2534 τοῖς
1644 2501 1776 2537 μαθηταῖς
1803 2500 1885 2528 αὐτοῦ

263 2553 406 2588 Surrexit,
428 2562 479 2581 non
493 2559 531 2582 est
547 2554 589 2581 hic
599 2555 621 2582 ⁷.
636 2555 707 2582 Vere
723 2562 788 2589 ergo
805 2553 923 2582 surrexit
936 2562 943 2580 :
959 2560 1028 2588 nequ

1121 2555 1206 2586 tsyev'
1240 2549 1333 2578 ἰδετέ
1361 2558 1400 2585 με
1430 2549 1475 2576 ὅτι
1503 2549 1561 2584 ἐγώ
1584 2550 1658 2584 ειμι·
1690 2547 1807 2581 πνεῦμα
1831 2546 1886 2582 τὰρ

301 2646 309 2661 ¹
326 2645 347 2671 ll
365 2646 428 2674 Cor.
445 2653 490 2678 xv,
502 2645 594 2673 56—58.
649 2646 659 2661 ⁹
671 2645 750 2672 Joan.
765 2643 868 2676 ωλι.
918 2643 929 2659 ³
945 2642 1029 2678 Marc.
1044 2650 1066 2669 x'

1120 2642 1137 2678 ξ.
1189 2641 1290 2669 ‘Joan.
1305 2648 1352 2673 xx,
1370 2639 1414 2666 17.
1451 2639 1462 2655 ¹
1475 2639 1540 2667 ibid.
1555 2638 1601 2666 27.
1640 2638 1651 2654 ⁸
1669 2636 1677 2664 I
1692 2636 1754 2665 Cor.
1771 2644 1816 2670 xv,
1840 2636 1885 2664 53.

262 2679 272 2695 ⁷
293 2679 378 2708 Marc.
396 2688 453 2712 xvt,
467 2681 493 2708 (5.
531 2681 542 2697 ³
557 2680 589 2708 F.
604 2680 689 2714 αὐτῷ.
728 2680 738 2696 ³
755 2679 786 2706 F.
802 2678 938 2714 χώματος.
960 2679 981 2694 ¹⁰
997 2677 1027 2705 F.

396 2688 453 2712 xvt,
467 2681 493 2708 6.
531 2681 542 2697 ³
557 2680 589 2708 F.
604 2680 689 2714 αὐτῷ.
728 2680 738 2696 ³
755 2679 786 2706 F.
802 2678 938 2714 χώματος.
960 2679 981 2694 ¹⁰
997 2677 1028 2705 F.
1047 2677 1085 2712 μὴ
1097 2677 1160 2713 γάρ.

298 2758 355 2793 (50)
377 2757 405 2784 In
414 2756 640 2793 Epistolaprima
650 2755 694 2793 _ad_
703 2757 860 2793 Qorinlhios
875 2764 935 2792 cap.
948 2755 1052 2793 “138.
1141 2755 1198 2791 (5|)
1217 2754 1282 2793 Qum
1295 2754 1390 2793 hocet
1413 2751 1537 2793 sequenti
1546 2758 1671 2793 potuero
1684 2750 1833 2793 Amorem:

264 2785 391 2825 lcg‘imlls.
413 2785 488 2818 'o'ss
505 2785 571 2823 Θεδξ
590 2790 774 2827 surgisiam
794 2792 883 2827 σῶμα,
899 2785 952 2819 ἐιο.
976 2785 1029 2819 οη(

1119 2785 1292 2827 ζιιὶιῑιίτ,ἶιῖι]ο
1302 2788 1407 2827 iisdem
1428 2785 1494 2827 fere,
1512 2787 1554 2813 vel
1578 2786 1713 2827 similibus
1732 2785 1884 2827 verbisu-

262 2819 391 2854 qlictionis
409 2826 505 2853 vitium
529 2819 570 2854 ab'
589 2826 641 2853 hoc
653 2819 804 2862 'Epiphanii
826 2819 887 2856 loco
905 2835 1027 2863 possumt

264 2868 397 2890 amovere.

1121 2826 1194 2852 tosila
1209 2819 1234 2852 et
1253 2824 1280 2850 in
1301 2823 1416 2851 Panario
1431 2822 1482 2852 sub
1498 2821 1619 2849 numeris
1639 2820 1673 2848 64
1687 2823 1714 2848 ct
1730 2819 1765 2848 65
1791 2819 1886 2854 Orige-

1124 2861 1192 2888 ianae
1208 2859 1351 2887 haereseos.
