1939 3039
79 139 130 169 I89

785 141 1006 171 ANCORATL‘S.

1663 141 1714 170 I90

76 195 118 230 τῷ
133 194 202 230 Θεῷ.
218 195 280 222 Νῶε
307 195 420 223 κιϐωτὸν
436 197 636 225 κατεσκεύασεν
653 198 685 224 ἐκ
709 197 776 225 Θεοῦ
792 199 874 234 πρᾶσ-

930 205 981 224 non
1008 197 1202 225 meminerint?
1233 196 1352 224 Prinmm
1387 196 1480 224 Abelis
1506 196 1618 231 sanguis
1640 195 1714 223 illam

76 240 220 276 τάγματος
233 241 241 257 ¹
257 241 347 277 ἑαυτῷ
362 242 568 277 παλιγγενεσίας
587 243 626 279 τῷ
654 243 746 280 οἰκείῳ
760 245 874 280 ἐργαζὸ-

79 293 163 320 μενος
182 286 251 322 οίκῳ
267 306 274 312 .
302 287 427 322 Ἀϐραὰμ
452 287 585 323 γηραλέος
613 288 746 324 λαμϐάνει
775 289 873 321 παῖδα,

79 331 287 367 νενεκρωμένου
304 333 354 369 ἢδη
375 332 422 359 τοῦ
449 333 585 369 σώματος.
613 335 666 361 Καὶ
685 335 718 361 ὲκ
734 334 838 371 νεκρῶν
860 337 874 362 ό

78 375 149 408 Θεὸς
171 376 221 412 τὴν
235 377 331 404 ἐλπίδα
350 378 526 415 κεχάρισται,
547 379 733 415 νεκρωθςίσης
758 379 875 415 μάλιστα

78 421 131 455 τῆς
159 422 267 458 μήτρας
291 423 418 460 Σάῤῥας·
438 425 486 451 καὶ
511 424 541 450 τὸ
566 425 808 460 πεπαλαιωμένον,
829 425 874 452 καὶ

78 467 167 501 ἐγγὺς
181 468 336 504 ἀφανισμοῦ
352 469 464 504 γεγονὸς
479 470 529 505 τῆς
543 471 603 497 κατ’
617 470 729 506 ἐθισμὸν
748 471 876 505 γυναικὸς

79 511 245 544 ἀκολουθίας
257 533 264 545 ,
282 513 299 548 ἡ
320 513 484 549 ξηρανθεῖσα
498 514 574 550 πηγὴ
587 513 664 547 αὖθις
677 515 791 550 δύναμιν
807 515 876 551 λαμ-

80 555 160 582 ϐάνει
175 557 216 588 εἰς
230 557 382 594 καταϐολὴν
398 559 555 595 σπέρματος
566 581 573 593 ,
586 561 632 587 καὶ
644 561 660 596 ἠ
675 561 797 597 γηραλέα
813 571 876 589 νεω-

78 602 150 636 τέρα
179 603 296 630 κυῖσκει.
324 604 379 631 Καὶ
410 605 503 632 Ἰσαὰκ
531 606 586 632 ἀπὸ
610 607 724 634 Θανάτου
745 607 816 640 ζῶν,
837 608 876 644 τῷ

80 647 168 683 πατρὶ
186 649 322 684 παρεδόθη
332 658 339 665 ·
352 650 366 675 ό
386 650 440 686 γὰρ
459 650 525 682 Θεὸς
541 650 571 684 ἐξ
585 652 759 684 ἀναστάσεως
771 652 876 690 νεκρῶν

80 693 121 728 τῷ
140 695 226 730 πατρὶ
239 695 284 722 τὸν
304 696 388 723 παῖδα
409 698 573 733 παραδιδοὺς
590 697 679 730 ζῶντα
698 698 793 725 ἐλπίδα
812 699 877 734 ἐκή-

82 748 193 775 ρυττεν.
225 740 323 776 Ἰωσὴφ
339 741 460 768 δείκνυσι
490 743 539 779 τὴν
559 744 749 778 πραγματείαν
761 764 769 777 ,
793 745 831 780 μὴ
846 745 876 771 ἐν

80 783 202 819 δευτέρῳ
218 785 358 820 τιθέμενος
382 786 431 821 τὴν
445 786 500 813 τῶν
516 787 618 814 ὀστέων
644 787 738 814 ἐλπίδα
750 796 756 802 ·
775 789 877 824 ἐπεμε-

80 831 154 858 λεῖτο
167 831 221 866 γὰρ
240 832 293 858 τῶν
307 832 435 860 τοιούτων
446 852 454 865 ,
471 833 521 868 οὐχ
538 834 576 866 ὡς
591 834 801 870 ἀπολλυμένων,
819 835 875 862 ἀλλ’

925 243 1054 279 ρτωδίεδι
1073 253 1079 270 :
1105 251 1167 270 nam
1198 247 1258 277 post
1282 246 1395 269 mortem
1410 242 1498 269 adlme
1516 242 1636 276 loquitur
1649 261 1657 273 .
1684 246 1715 269 ut

925 289 1008 317 refert
1020 288 1189 323 Scriptura'.
1206 287 1294 315 Enoclt
1311 286 1459 313 translatus
1473 291 1523 318 est,
1540 292 1563 313 et
1579 294 1629 312 non
1643 287 1714 313 iuue-

926 335 1062 367 niebatur,
1092 341 1180 368 neque
1209 338 1323 360 mortem
1349 331 1433 363 vidit,
1458 331 1586 366 quoniam
1614 331 1716 366 placuit

926 379 982 407 Deo
994 379 1016 405 ³.
1034 378 1090 407 Noe
1107 379 1152 407 Dei
1168 379 1296 406 mandato
1314 377 1458 404 fabricavit
1478 384 1581 407 aream,
1601 383 1716 411 eamque

925 425 998 452 velut
1024 425 1259 460 regenerationem
1288 424 1397 450 fatniliae
1424 430 1480 450 suae
1504 422 1709 450 inolitus'est‘.

925 471 1100 498 Ahrahamus
1127 473 1206 497 atate
1231 469 1374 497 confectus
1401 468 1485 494 ﬁlium
1511 472 1636 495 emortuo
1658 467 1714 501 jam

926 524 1042 551 corpore
1058 516 1183 551 suscipit,
1205 522 1237 542 ac
1259 514 1329 542 Deus
1350 522 1425 549 spem
1443 522 1459 542 e
1472 513 1588 540 mortuis
1602 513 1717 547 largitus

926 566 980 594 est,
1002 561 1152 596 praesertim
1170 568 1232 587 cum
1256 560 1331 588 Sara:
1347 563 1489 587 emortuus
1513 563 1586 586 esset
1604 564 1716 590 uterus;

927 615 959 634 ac
973 607 1045 642 quod
1064 607 1263 634 inreterarerat
1276 609 1304 633 et
1323 605 1521 640 propemodum
1542 608 1602 632 erat
1615 603 1718 631 exstin-

927 657 1013 684 ctum,
1032 651 1084 679 hoc
1106 656 1157 683 est.
1181 651 1344 686 proﬂuvium
1368 650 1434 677 illud
1462 650 1595 677 muliebre
1608 649 1719 684 jamdu—

927 698 991 725 dum
1014 697 1184 725 exsiceatum
1200 704 1310 724 rursum
1325 696 1507 726 instauratur,
1522 699 1549 722 et
1569 694 1602 721 ad
1624 702 1717 722 semen

927 741 1107 769 emittendum
1138 741 1211 769 vires
1235 741 1360 776 accepit;
1386 748 1456 767 anus
1484 740 1601 774 denique
1623 739 1719 774 puella:

927 795 1004 815 more
1020 787 1167 822 parturit“.
1189 786 1222 814 Et
1240 786 1315 814 Isaac
1332 787 1406 814 velut
1426 793 1441 812 a
1465 789 1553 812 morte
1573 789 1718 813 revocatus

928 832 962 859 ad
975 833 1057 859 vitam
1070 832 1179 860 oblatus
1193 836 1235 859 est
1249 833 1320 867 patri
1331 832 1341 848 ⁸
1356 841 1363 858 ι
1379 832 1480 867 quippe
1502 831 1574 858 Deus
1591 838 1625 858 ex
1644 839 1719 858 mor-

81 876 120 908 ὡς
148 877 300 912 μελλόντων
317 876 395 910 αὖθις
412 878 549 906 ἀναϐιοῦν.
575 879 631 906 Καὶ
647 880 796 907 ἐνετέλλετο
811 881 876 907 ἀνα-

930 882 1038 905 tuorutu
1061 879 1262 906 resurrectione
1283 878 1373 905 vivutn
1390 878 1493 913 parenti
1518 882 1719 912 repraesentans

83 921 248 956 κομισθῆναι
266 923 298 948 ὲκ
322 923 371 957 τῆς
385 923 440 950 τῶν
456 923 613 957 Αἰγυπτίων
632 924 733 960 χώρας.
760 925 790 952 οὐ
803 933 874 961 παρ·

83 965 181 1001 ἑργως.
208 967 264 993 Καὶ
291 968 305 994 ὁ
339 968 438 1003 Ἰωσὴφ
460 968 540 995 τοῦτο
566 970 705 1005 ὲσήμανε,
731 971 875 998 Συνανοι-

82 1011 159 1038 σατέ
187 1020 249 1046 μου
283 1012 319 1039 τὰ
350 1012 445 1045 ὀστᾶ,
471 1013 582 1047 φάσκων
600 1022 607 1028 ·
640 1013 792 1048 ἐπισκοπῇ
821 1015 876 1050 πὰρ

81 1056 282 1090 ἐπισκέψεται
302 1056 378 1092 ὑμᾶς
398 1059 415 1084 ό
429 1058 546 1092 Κύριος.
562 1059 592 1084 Εἰ
616 1058 653 1094 μὴ
676 1058 754 1090 ὲλπὶς
767 1056 800 1094 ἦν
813 1059 877 1086 ἁνα-

84 1101 224 1134 στάσεως,
250 1103 292 1134 τίς
315 1102 416 1129 ὀστέων
439 1104 455 1138 ἡ
481 1104 623 1138 ἐπιμέλεια
647 1105 712 1139 περὶ
731 1104 784 1131 τῶν
799 1104 876 1139 φθει-

85 1147 209 1182 ρομένων
233 1148 334 1187 ἐιστὲων
354 1148 524 1175 ἐντέλλεσθαι
541 1150 603 1181 τοὺς
620 1149 758 1182 δικαίους;
776 1150 875 1185 Πρώτη

85 1193 161 1229 φωνὴ
177 1193 216 1228 τῷ
228 1194 332 1230 Μωῠσῇ
348 1195 364 1230 ἡ
382 1194 429 1221 τοῦ
443 1194 510 1221 Θεοῦ
527 1195 758 1231 μαρτυρίαοΈγὼ
775 1197 792 1223 ὁ
805 1195 877 1228 Θεὸς

91 1239 220 1273 Ἀϐραὰμ
230 1259 238 1271 ,
252 1239 301 1266 καὶ
318 1242 334 1267 ό
349 1241 422 1274 Θεὸς
442 1241 556 1274 Ἰσαὰκ,
574 1241 623 1268 καὶ
640 1243 657 1268 ὁ
672 1242 745 1274 Θεὸς
763 1241 876 1274 Ἰακὼϐ,

84 1284 138 1311 τῶν
154 1285 183 1311 ἐν
197 1285 292 1321 κόσμῳ
312 1286 362 1320 μὲν
383 1286 580 1321 κοιμωμένων,
598 1288 662 1322 παρ’
679 1287 741 1322 ἐμοὶ
757 1285 875 1319 ζώντων.

87 1331 135 1356 Ἐν
152 1330 276 1365 Πνεῦμα,
291 1331 337 1357 καὶ
348 1331 378 1357 τὸ
392 1331 458 1358 αὐτὸ
469 1331 499 1358 τὸ
512 1331 632 1367 λαλῆσαν
645 1333 674 1358 ὲν
688 1332 776 1368 νόμῳ,
792 1333 839 1359 καὶ
850 1333 879 1360 ὲν

85 1375 248 1411 Εὐαγγελίῳ
262 1376 388 1404 διδάσκον
399 1386 406 1393 ο
421 1377 500 1404 τοῦτο
515 1378 570 1412 γὰρ
591 1378 639 1405 καὶ
656 1378 842 1410 Σαδδουκαίοις
865 1379 880 1406 ὀ

86 1421 183 1458 Σωτὴρ
196 1423 343 1458 ἐσήμαινεν
353 1442 361 1456 ,
384 1423 411 1450 '0
428 1423 531 1451 λαλῶν
553 1424 588 1451 ἐν
603 1423 664 1457 τοῖς
691 1426 858 1459 προφήταις
870 1442 878 1457 ,

84 1467 218 1502 πάρειμι.

931 924 1027 955 lilium,
1043 931 1119 959 spem
1135 923 1346 952 resurrectionis
1358 923 1490 951 ostendit.
1509 922 1581 950 Idem
1598 926 1625 949 et
1639 922 1718 950 Jose—

929 969 1001 1004 phus
1025 977 1075 996 suo
1092 969 1165 997 facto
1181 969 1380 1004 comprobavit,
1400 976 1462 994 eum
1487 967 1590 995 ossium
1606 974 1718 994 suorum

929 1022 1005 1049 spem
1017 1018 1044 1041 et.
1065 1014 1298 1049 exspectationem
1315 1013 1503 1049 negligendam
1520 1021 1574 1040 non
1592 1013 1716 1047 putavit:

929 1060 1030 1095 quibus
1051 1067 1106 1087 non
1128 1064 1258 1095 tanquam
1280 1059 1421 1094 perituris,
1448 1058 1494 1086 sed
1516 1063 1546 1085 ut
1570 1058 1634 1085 olim
1658 1057 1719 1085 vitae

929 1105 1105 1133 restituendis
1126 1113 1220 1132 curam
1243 1105 1384 1137 adhibuit;
1401 1108 1483 1139 atque
1506 1108 1536 1131 ut
1553 1111 1586 1131 ex
1601 1103 1720 1139 (Egi-pio

931 1152 1144 1186 deportarentur
1153 1152 1237 1179 etiam
1253 1155 1334 1185 atque
1348 1151 1430 1178 etiam
1444 1151 1584 1185 praecepit,
1601 1150 1643 1178 his
1658 1158 1719 1177 ver-

931 1197 973 1224 bis
987 1205 1052 1225 suos
1067 1198 1203 1225 allocutus
1218 1205 1226 1223 '.
1243 1196 1399 1231 Exportate,
1412 1197 1511 1232 inquit,
1526 1204 1587 1224 ossa
1602 1204 1659 1222 mea
1674 1204 1721 1223 vo-

930 1243 1031 1270 biscum
1045 1251 1054 1270 .'
1069 1243 1200 1270 visitando
1213 1243 1283 1270 enim
1295 1243 1411 1270 visitubit
1426 1251 1469 1269 vos
1482 1242 1610 1269 Dominus
1622 1242 1644 1268 ⁷.
1673 1243 1722 1268 At-

931 1289 978 1325 qui
993 1290 1016 1317 si
1035 1290 1109 1316 nulla
1125 1293 1198 1318 esset
1216 1290 1306 1316 futura
1327 1288 1503 1319 resurrectio,
1521 1295 1653 1322 quorsum
1666 1291 1721 1322 tam

931 1335 1048 1371 diligens
1062 1335 1166 1364 ossium
1187 1343 1264 1367 cura,
1281 1338 1310 1361 ut
1332 1335 1366 1363 de
1386 1334 1517 1370 perituris
1533 1333 1721 1368 ossibusjusti

931 1381 1058 1408 homines
1077 1385 1132 1408 tam
1153 1385 1283 1408 accurate
1296 1381 1527 1415 vehementerque
1542 1381 1723 1408 mandarent?

930 1425 988 1453 Vox
1004 1426 1050 1453 illa
1068 1426 1155 1461 prima
1179 1434 1241 1461 qua:
1258 1425 1343 1461 Moysi
1360 1426 1432 1453 edita
1456 1430 1509 1458 est,
1524 1426 1557 1452 de
1574 1426 1668 1452 eadem
1693 1432 1723 1453 re

930 1473 977 1502 Dei
1005 1475 1190 1502 testimonium
1215 1473 1333 1501 habuit:
1360 1473 1414 1508 Ego
1434 1481 1504 1504 sum,
1523 1472 1621 1507 inquit,
1651 1470 1722 1498 Deus

85 1511 235 1545 Abraham,
259 1518 284 1540 et
306 1513 374 1541 Deus
391 1513 480 1547 Isaac,
504 1519 529 1541 el
554 1514 624 1542 Deus
645 1515 730 1543 Iacob
741 1516 764 1548 ⁸,
787 1517 834 1552 qui
852 1518 879 1545 in
897 1519 999 1547 mundo
1017 1520 1130 1552 mortui,
1149 1518 1219 1554 apud
1235 1526 1278 1546 tne
1294 1519 1399 1546 vivunt.
1433 1518 1508 1545 linus
1524 1526 1605 1553 porro
1636 1517 1723 1544 idene-

86 1567 141 1593 que
156 1558 288 1594 Spiritus,
306 1561 351 1596 qui
369 1561 396 1589 in
418 1562 476 1598 lege
499 1562 607 1590 loeutus
630 1567 688 1595 est,
712 1563 786 1591 istud
809 1565 897 1600 ipsum
919 1566 946 1593 in
967 1566 1114 1601 Evangelio
1137 1573 1247 1600 quoque
1274 1565 1370 1594 decuit
1392 1575 1398 1592 :
1432 1565 1566 1600 siquidem
1592 1563 1722 1591 Dominus

87 1607 250 1636 Sadducmis
265 1608 334 1635 idem
354 1609 432 1643 plane
447 1608 611 1644 signiﬁcavit
624 1609 692 1642 :Qui
705 1609 830 1645 loquebar
851 1611 878 1638 in
895 1612 1038 1646 prophetis,
1056 1620 1114 1638 erce
1129 1611 1224 1638 adsum
1232 1611 1256 1638 °.

123 1654 184 1688 ιβ’.
215 1654 366 1686 Ύποδείξει
395 1654 424 1680 δὲ
440 1655 456 1688 ή
485 1654 583 1689 ῥάϐδος
605 1654 653 1680 τοῦ
684 1655 788 1691 Ἀαρὼν
812 1656 878 1692 ξηρὰ

971 1656 1052 1685 XCV.
1072 1656 1128 1684 Nec
1143 1657 1235 1686 minus
1253 1655 1285 1683 ad
1303 1655 1369 1682 illud
1385 1654 1630 1682 detnonstrandum
1651 1654 1724 1681 valet

86 1698 157 1728 οὖσα
180 1700 284 1726 πολλῶν
298 1701 368 1735 τάχα
385 1699 464 1732 ὲτῶν,
477 1700 524 1726 καὶ
544 1701 573 1727 ὲν
599 1702 686 1736 σκηνῇ
703 1701 749 1736 ἀφ’
764 1701 883 1737 ἑσπέρας

87 1747 137 1774 καὶ
153 1749 214 1782 ᾶχρι
239 1746 290 1780 τῆς
314 1746 351 1772 Em
378 1745 601 1780 καταλειφθεῖσα.
618 1746 716 1778 Δὺτοῖς
742 1747 797 1782 γὰρ
813 1748 883 1782 μετὰ

87 1792 221 1827 καμάτων
237 1792 292 1827 (56)
311 1791 345 1818 τὰ
362 1791 452 1823 ζῶντα
475 1791 572 1827 δένδρα
595 1791 639 1818 διὰ
655 1791 768 1818 δεκαδύο
790 1793 882 1828 μηνῶν

89 1837 162 1864 κατὰ
174 1837 298 1872 περίοδον
312 1836 435 1864 ἐνιαυτοῦ
450 1837 639 1872 πληρουμένου
653 1837 775 1873 καρποὺς
789 1838 881 1873 γεννᾷ,

88 1883 166 1918 ἡλίου
178 1890 209 1908 τε
223 1882 371 1914 θάλποντος
382 1902 389 1914 ,
409 1882 493 1908 ὑετῶν
508 1882 678 1918 ἀρδευόντων
690 1903 698 1915 ,
717 1883 819 1919 δρόσων
835 1892 883 1910 πε-

88 1928 262 1955 ταννυσυσῶν
272 1948 280 1960 ,
296 1928 394 1959 νυκτός
406 1936 436 1954 τε
450 1929 497 1955 καὶ
509 1928 618 1965 ἡμέρας
637 1929 797 1964 τρεφουσῶν
810 1950 816 1961 ,
830 1929 883 1956 ὑπὸ

90 1974 156 2010 μίαν
173 1973 258 2000 νύκτα
281 1973 311 2000 τὸ
325 1973 453 2010 δυσχερὲς
471 1974 582 2010 εὐχερὲς
603 1975 617 2001 ό
638 1974 704 2006 Θεὸς
717 1975 879 2009 εἰργάσατο·

88 2020 242 2055 ἐϐλάστησε
272 2019 326 2055 γὰρ
345 2019 362 2054 ὴ
377 2019 449 2054 ξηρὰ
459 2019 556 2054 ῥάϐδος
568 2039 576 2051 ,
591 2019 638 2046 καὶ
652 2019 739 2054 φύλλα
758 2019 882 2046 ἐκϐάλλει

89 2067 137 2092 καὶ
164 2066 287 2101 καρποὺς
304 2066 462 2101 πεπείρους.
486 2065 526 2092 Τὰ
550 2066 631 2100 ὃμοια
647 2066 700 2102 γὰρ
717 2066 854 2100 ὑπέδειξεν
869 2067 883 2093 ό

87 2111 156 2142 Θεδς
168 2111 220 2146 τῆς
238 2111 389 2146 μελλούσης
402 2111 448 2138 ὑπ’
465 2112 548 2138 αὐτοῦ
564 2111 673 2138 ἔσεσθαι
696 2112 880 2144 ἀναστάσεως.

88 2158 357 2194 Συλλαμϐανομένων
375 2157 403 2184 δὲ
429 2157 483 2184 τῶν
505 2157 607 2184 παίδων
627 2157 697 2184 κατὰ
720 2157 764 2184 τὸν
785 2158 882 2192 σεμνὸν

88 2205 179 2240 γάμον
189 2224 197 2236 .
209 2204 240 2230 ὃν
256 2205 271 2231 ὸ
287 2203 389 2240 Κύριος
404 2203 526 2236 ὑπέδειξε
536 2224 543 2236 ,
557 2203 665 2239 πρῶτον
682 2203 881 2230 καταϐάλλεται

89 2251 202 2286 σπέρμα
230 2250 280 2285 τῆς
304 2249 480 2282 ἀκολουθίας,
512 2249 549 2282 ὡς
563 2249 716 2282 κατέδειξεν
738 2251 752 2276 ὁ
768 2251 880 2286 Κύριος,

89 2297 161 2324 κατὰ
173 2297 224 2329 τὰς
241 2296 402 2331 γεννητικὰς
418 2297 538 2332 μήτρας’
552 2295 641 2332 χρόνῳ
653 2295 680 2322 ὣ
700 2295 882 2332 ἁνακυλιόμε-

933 1704 1052 1731 Aaronis
1071 1703 1116 1730 illa
1132 1703 1218 1738 virga,
1233 1710 1295 1738 qua:
1315 1701 1474 1735 multisjam
1491 1702 1570 1729 annis
1590 1701 1721 1734 arefacta,

933 1752 960 1776 et
979 1749 1006 1776 in
1027 1748 1205 1776 tabernaculo
1225 1755 1240 1775 a
1266 1755 1381 1784 vespera
1404 1748 1438 1775 ad
1465 1747 1615 1775 diluculum
1637 1755 1724 1782 usque

933 1795 1056 1830 deposita
1073 1794 1160 1823 fuerat
1171 1795 1203 1821 ¹⁸.
1222 1794 1289 1822 Cum
1307 1794 1380 1822 enim
1406 1793 1474 1820 viva:
1500 1794 1613 1820 arbores
1636 1794 1724 1828 spisse

933 1848 1103 1876 operoseque
1130 1840 1275 1867 duodecim
1304 1839 1369 1866 totis
1385 1839 1442 1873 99
1456 1839 1614 1870 mensibus,
1643 1843 1724 1873 atque

933 1894 1006 1914 anno
1030 1891 1153 1913 vertente
1178 1886 1284 1912 fructus
1307 1885 1425 1920 pariant,
1452 1892 1512 1912 cum
1539 1885 1606 1912 solis
1626 1884 1724 1912 ardore

933 1931 1064 1963 eonfotze,
1095 1935 1152 1958 tum
1178 1931 1296 1966 irrigata:
1321 1930 1438 1965 pluviis,
1462 1935 1545 1964 atque
1569 1929 1724 1964 cxplicante

934 1986 995 2006 rore
1012 1978 1146 2013 germina,
1174 1985 1206 2005 ac
1230 1977 1290 2004 dies
1308 1981 1336 2005 et
1351 1980 1446 2003 noctes
1464 1976 1562 2009 alente,
1591 1983 1644 2003 una
1669 1983 1723 2002 non

933 2023 1051 2057 amplius
1072 2027 1162 2056 nocte,
1188 2023 1260 2058 quod
1286 2022 1397 2049 dillicile
1424 2025 1484 2049 erat
1516 2021 1591 2048 nullo
1615 2021 1725 2056 negotio

934 2068 1004 2096 Deus
1025 2068 1160 2102 absolvit;
1182 2076 1245 2096 nam
1267 2073 1294 2095 et
1320 2068 1396 2094 arida
1413 2067 1489 2102 virga
1512 2067 1669 2102 pullulavit,
1696 2069 1724 2094 et

935 2114 998 2142 folia
1014 2119 1191 2150 maturosque
1207 2114 1312 2142 fructus
1334 2114 1440 2149 peperit
1455 2122 1462 2139 ε
1479 2120 1532 2147 qua
1556 2112 1668 2147 quidem
1686 2112 1725 2140 si-

935 2160 1088 2188 militudine
1110 2160 1228 2187 futuram
1255 2160 1330 2187 illam
1363 2159 1390 2186 vi
1418 2166 1467 2186 sua
1492 2157 1723 2186 resurrectionem

934 2204 1005 2232 Deus
1025 2205 1187 2232 adumbrare
1205 2205 1302 2232 voluit.
1317 2205 1386 2232 Cum
1405 2205 1528 2231 honestis
1544 2203 1645 2238 nuptiis
1656 2210 1724 2237 qua-

934 2258 993 2278 rum
1009 2255 1106 2278 auctor
1120 2256 1162 2278 est
1185 2250 1267 2282 Deus,
1288 2250 1367 2278 liberi
1387 2254 1584 2286 propagantur,
1605 2249 1723 2284 primum

935 2297 963 2324 in
980 2297 1125 2333 genitalem
1148 2298 1244 2325 matris
1265 2302 1383 2327 utcrutn,
1399 2296 1627 2331 quetmnimmlum
1653 2294 1724 2322 Deus

89 2351 135 2370 νον
150 2343 183 2369 τὸ
198 2342 368 2378 καταϐληθὲν
383 2343 412 2369 ὲν
429 2343 462 2377 τῇ
477 2342 596 2377 γαστρὶ,
611 2341 815 2378 τελεσφορεῖται
835 2342 878 2370 διὰ

934 2343 1064 2375 instituit,
1081 2350 1174 2370 semen
1194 2342 1357 2373 infunditur,
1375 2345 1431 2368 tum
1454 2347 1599 2375 progressu
1619 2345 1724 2375 tempo-

89 2389 186 2425 χρόνου
206 2388 399 2424 ὲνναμηνιαίου
410 2396 418 2404 ο
438 2388 511 2422 φημὶ
524 2388 552 2414 δὲ
565 2388 617 2414 ὑπὸ
633 2388 712 2415 ἐννέα
730 2388 822 2424 μηνῶν
836 2389 882 2415 τὸν

88 2434 208 2471 ἀριθμὸν
228 2434 456 2469 τελεσιουργεῖται
474 2433 505 2460 τὸ
520 2433 700 2468 κυῖσκόμενον
717 2434 765 2460 καὶ
786 2434 881 2468 γεννᾶ-

88 2488 144 2506 ται.
166 2480 212 2506 Ἐν
223 2479 252 2506 δὲ
267 2481 299 2515 τῇ
311 2479 456 2506 ἀναστάσει
474 2479 524 2514 οὐχ
537 2478 622 2509 οὕτως
636 2499 643 2511 ,
661 2479 715 2505 ὑπὸ
729 2479 805 2514 θῆξιν
827 2479 881 2514 γὰρ

88 2525 120 2552 τὸ
135 2525 216 2561 ἔργον
228 2534 235 2541 ·
252 2525 397 2552 suum;
415 2525 471 2559 γὰρ
483 2545 490 2558 ,
515 2525 564 2551 καὶ
588 2526 614 2551 οἱ
638 2525 738 2559 νεκροὶ
761 2525 882 2560 ἐττροή-

88 2578 197 2598 σονται
215 2569 375 2605 ἄφθαρτον
392 2570 428 2602 ὡς
442 2570 541 2604 ἔδειξεν
557 2571 571 2598 ὁ
586 2569 688 2606 Κύριος
701 2571 730 2596 ἐν
745 2572 778 2606 τῇ
795 2572 880 2606 σκηνῇ

127 2651 135 2666 ί
151 2649 252 2677 ncesse
268 2650 391 2677 nonnihil
413 2650 528 2676 videtur.

90 2686 124 2713 10
139 2693 200 2720 sqq.

90 2722 106 2748 6
121 2729 182 2756 sqq.

577 2651 587 2665 ¹
599 2649 681 2676 IIebr.
696 2657 733 2681 XI,
747 2650 772 2676 4.

223 2721 244 2736 ¹¹
263 2721 346 2747 ICor.
362 2728 406 2752 xv,
422 2720 465 2747 52.

125 2782 182 2816 (56)
197 2779 279 2807 Μετά
293 2787 450 2816 “mare”;
470 2786 578 2816 operose
590 2799 596 2810 ,
621 2786 680 2816 cum
706 2777 804 2806 labore.
827 2778 878 2816 _A(I

92 2813 236 2852 Ep’iptianii
250 2819 371 2852 mentem
383 2815 454 2852 eoin
470 2815 530 2841 loco
538 2815 563 2852 ,εἰ
578 2813 879 2852 respiciaums,optime

91 2848 252 2880 redderetur
275 2857 323 2884 per
340 2849 498 2877 adverbium
520 2849 571 2876 vix.
589 2848 655 2876 Illud
684 2849 771 2877 nostri
799 2849 879 2876 inter-

827 2649 837 2664 ³
852 2648 917 2676 ibid.
938 2649 972 2679 ὃς
990 2648 1058 2676 Gen.
1073 2657 1099 2682 v,
1119 2649 1163 2676 ΞΗ.

240 2686 250 2701 ⁶
270 2685 337 2712 Gen.
360 2693 425 2711 xui.
446 2685 494 2718 I2;
508 2683 588 2712 llehr.
609 2693 645 2716 si,
663 2684 705 2712 I9.
742 2684 751 2700 ⁷
773 2683 858 2712 Exod.
875 2692 934 2717 aut,
951 2684 994 2712 19.
1032 2684 1140 2712 8Exod.
1162 2692 1202 2717 In,
1223 2684 1249 2712 6.
1287 2684 1298 2700 ’
1314 2684 1366 2712 Isa.
1385 2682 1476 2717 “1,6.
1516 2684 1537 2699 ¹⁶
1555 2682 1635 2710 Num.
1654 2690 1722 2715 xvu,

935 2389 973 2416 ris
989 2389 1062 2424 quod
1077 2393 1166 2416 satum
1183 2392 1228 2416 est
1246 2389 1272 2415 in
1286 2391 1376 2421 utero,
1389 2395 1485 2414 novem
1503 2385 1639 2413 mensium
1655 2391 1724 2413 tem-

934 2442 1000 2469 pore
1020 2435 1171 2469 perﬁcitur,
1190 2441 1223 2461 ac
1246 2433 1356 2460 demum
1373 2433 1402 2460 in
1426 2433 1515 2460 lucem
1533 2432 1678 2460 emittitur.
1693 2431 1723 2458 In

934 2480 1135 2507 resurrectione
1167 2486 1234 2506 vero
1263 2485 1317 2505 non
1344 2478 1438 2506 eadem
1465 2478 1517 2505 erit
1546 2478 1634 2510 ratio;
1663 2485 1722 2504 Illo-

935 2529 1026 2553 mento
1042 2527 1141 2560 quippe
1156 2532 1200 2552 res
1223 2528 1279 2551 tota
1295 2525 1433 2559 peragitur
1450 2534 1457 2551 ;
1476 2523 1578 2550 Etenim
1597 2524 1659 2550 tuba
1679 2531 1724 2549 ca-

935 2575 988 2603 uel,
1004 2575 1028 2597 et
1041 2571 1139 2598 mortui
1155 2574 1290 2606 resurgent
1306 2570 1494 2604 incorrupti”.
1505 2569 1532 2597 Id
1546 2569 1620 2605 quod
1635 2570 1662 2596 in
1676 2569 1722 2596 illo

1217 2648 1227 2664 ‘
1241 2648 1308 2676 Gen.
1325 2657 1361 2681 Vt,
1378 2649 1394 2675 8
1406 2657 1467 2684 sqq.
1520 2649 1531 2664 '
1547 2647 1615 2684 Gen.
1635 2655 1721 2677 xvttt.

933 2777 1018 2814 pretis
1034 2778 1117 2814 spisse
1133 2785 1354 2814 operoscr/ueinct:
1377 2775 1614 2814 sensumreddere
1631 2773 1718 2814 (ξτωεὶ

933 2810 1023 2842 iextus
1040 2810 1162 2847 videtur,
1186 2810 1274 2850 neque
1289 2813 1413 2841 Latinam
1429 2811 1532 2840 redolet
1545 2810 1718 2845 elegantiam.
