1939 3039
211 115 260 144 191

214 174 379 202 Testimouii
398 174 577 202 tabernaculo
595 173 725 202 Dominus
738 175 869 208 ostendit,
889 176 935 203 ubi
950 184 1002 204 nu-
1018 180 1039 208 Α

211 228 259 248 ces
273 228 342 256 quas
358 221 424 248 vivae
440 220 553 248 arbores
569 224 632 255 post
648 220 791 248 duodecim
815 229 924 249 menses
937 230 1000 257 pro-

212 266 314 298 ferunt,
332 266 360 292 in
379 265 455 292 arido
477 272 651 300 exsuccoque
672 266 746 301 ligno
770 271 910 301 conceptae
939 267 1002 294 den-

213 311 300 338 siores
315 310 537 345 germinarunt‘,
555 314 585 337 ut
607 310 681 346 quod
703 311 857 345 duodecim,
878 313 917 340 uti
933 313 1000 347 dixi,

213 355 352 382 mensibus
365 355 499 382 elaborari
516 356 594 388 soletl
612 364 665 383 una
687 362 766 384 nocte
779 358 821 384 vel
839 365 894 385 uno
909 359 1000 393 potius

212 400 287 427 horae
308 404 449 428 momento
469 401 504 428 sit
522 409 538 428 a
559 401 614 428 Deo
634 401 796 436 perfectum.
819 403 1003 436 Quemadmo-

212 445 276 471 dmn
291 452 351 472 cum
371 445 464 473 infans
488 454 585 475 acrem
609 448 750 476 mensibus
767 450 863 476 matris
882 449 909 476 in
925 454 1003 477 utero

212 494 343 524 gestatus,
369 491 501 518 diuturno
535 496 658 527 tempore
687 494 750 529 tingi
776 494 925 529 perlicique
954 502 999 522 so-

211 535 278 566 leat;
301 535 327 561 in
345 537 547 563 resurrectione
565 541 655 564 tamen
680 542 818 565 montento
846 546 910 569 uno.
933 547 1002 574 pun-

210 583 310 613 ctoque
319 580 451 614 temporis
462 580 601 615 perfectus
614 586 696 616 atqtte
707 582 850 610 absolutus
862 588 1000 617 exsurget.

247 623 340 651 XCVl.
369 623 460 651 Fidem
482 625 638 653 inﬁdelibus
663 626 820 654 hominibus
846 626 929 654 faciat
955 626 1002 654 Dei

211 669 254 695 vis
273 676 304 695 ac
329 669 460 703 polentia,
487 670 567 704 cujus
585 670 715 697 voluntati
741 679 816 698 nemo
830 676 914 705 potest
937 672 1004 698 resi-

211 719 279 740 stere
289 715 309 740 ¹.
328 714 429 740 Audiat
447 714 553 750 Moyses
574 719 600 742 et
624 716 751 744 ostendat
767 727 773 744 :
791 717 861 750 Quid
876 718 902 744 in
923 725 1003 745 manu

211 764 258 788 tua
270 759 369 786 habes?
385 760 422 786 ait
433 760 469 786 illi
482 759 613 788 Dominus
624 761 650 788 ':
673 767 699 788 at
711 762 750 789 is:
772 762 888 797 Virgam,
905 763 999 797 inquit.

214 803 296 838 Virga
320 811 402 839 porro
418 805 506 838 lignea
525 809 552 832 et
575 806 694 833 arefacta
712 815 825 842 prorsus
844 812 912 835 erat.
933 808 1002 835 Tum

213 849 345 877 Dominus
360 859 367 877 :
384 850 499 884 Proﬁce,
522 852 621 886 inquit,
634 852 708 879 illam
727 853 753 879 in
770 858 879 881 terram.
897 854 1004 889 Abjrcil.
1019 845 1040 874 Β

212 902 278 929 ergo
292 894 398 930 Moyses
422 897 525 923 aridam
541 897 657 932 virgam;
674 902 701 925 et
724 898 796 932 quod
809 899 914 925 aridum
932 902 1002 930 erat,

213 940 354 967 humidum
367 948 399 968 ac
416 942 490 969 succi
505 943 613 977 plenum
636 943 752 971 reddidit
769 943 838 972 Deus
853 954 860 972 :
880 952 930 972 nec
953 945 1004 971 ltu-

214 985 318 1012 midum
345 986 427 1012 modo
451 987 498 1015 sed
525 991 551 1014 ct
576 988 736 1020 animatum,
763 989 889 1024 adeoque
906 994 1001 1016 natura

212 1036 358 1063 mutatum,
381 1036 409 1060 et
433 1033 514 1059 aliam
539 1033 566 1060 in
588 1034 769 1061 subslautiam
791 1035 1001 1062 conformatum.

211 1077 267 1106 Nec
293 1079 382 1106 imuis
410 1079 626 1114 adumbrataque
653 1079 703 1106 fuit
731 1080 776 1107 illa
809 1080 915 1115 species
932 1089 939 1107 :
956 1079 1002 1107 Dei

215 1124 316 1158 quippe
332 1128 468 1158 pra-cepto
492 1132 524 1151 ex
549 1124 587 1151 rei
607 1125 722 1152 veritate
744 1132 798 1151 non
822 1125 896 1151 inani
913 1126 1003 1160 specie

212 1175 282 1202 opus
300 1168 388 1202 ipsum
408 1169 560 1204 perﬁcitur.
572 1169 661 1204 Atque
676 1172 706 1196 ut
727 1169 936 1203 iuteiligentiam
952 1177 1002 1196 no-

212 1217 297 1239 stram
319 1213 346 1239 in
361 1213 487 1240 omnibus
506 1214 644 1249 dirigeret,
663 1218 690 1240 et
713 1214 855 1241 aberrore
872 1214 1002 1248 prohibe-

213 1262 265 1289 ret,
284 1259 425 1285 veritatem
440 1259 497 1294 ipse
510 1267 557 1294 per
574 1259 683 1294 Moysen
699 1259 833 1286 exhibuit.
850 1258 918 1286 Nam
930 1260 1002 1294 quod

213 1308 270 1331 tum
288 1305 379 1336 (iebat,
394 1313 447 1332 non
473 1306 533 1332 ficta
551 1305 642 1340 specie
664 1305 711 1332 sed
728 1312 756 1332 re
776 1313 840 1332 vera
865 1305 921 1340 geri
937 1313 1002 1340 pro-

214 1351 294 1385 pheta
311 1355 366 1377 tttm
380 1350 508 1385 fugiendo
520 1350 691 1377 monstravit.
708 1349 774 1377 Nam
793 1350 816 1377 si
827 1351 960 1378 duntaxat
972 1351 1000 1379 id

213 1402 353 1429 apparere,
376 1395 453 1429 100
465 1403 519 1422 non
542 1402 572 1422 re
592 1395 651 1429 ipsa
670 1394 727 1422 ﬁeri
745 1395 917 1428 credidisset,
937 1404 995 1424 ser-

213 1443 321 1474 pentem
337 1440 412 1467 illutn
428 1448 483 1467 non
504 1439 619 1474 fugeret.
638 1440 691 1468 Sed
707 1448 740 1467 ne
755 1440 826 1469 forte
840 1442 999 1476 pervicaces

214 1485 341 1513 homines
357 1485 516 1512 olfensionis
532 1485 607 1512 illinc
629 1487 803 1514 occasionem
819 1487 903 1521 nacti,
925 1488 1003 1515 nobis

213 1531 287 1558 istud
302 1531 434 1565 objiciant
450 1531 526 1558 :Alia
542 1535 598 1557 tum
613 1532 687 1567 virga
703 1533 764 1564 fuit,
781 1533 825 1560 cui
843 1517 913 1560 Deus
929 1534 1002 1561 aliud
1017 1517 1039 1546 ϐ

215 1575 352 1609 quoddam
368 1583 468 1609 corpus
484 1583 532 1609 pro
547 1583 596 1603 sua
615 1577 756 1605 voluntate
768 1578 873 1606 tribuit.
893 1579 1003 1606 Discant

215 1620 243 1646 in
258 1620 354 1654 primis
373 1624 542 1655 oportctuon
560 1621 672 1649 alteram
689 1630 737 1656 pro
752 1623 846 1655 altera,
862 1624 909 1651 sed
929 1631 1003 1651 eatu-

214 1664 275 1691 dem
292 1665 377 1700 ipsam
393 1673 453 1699 qua:
475 1666 550 1692 arida
567 1671 636 1699 erat,
653 1668 801 1694 animatam
819 1668 904 1696 fuisse
918 1678 924 1696 :
940 1676 1004 1704 pro-

215 1715 307 1745 pterea
328 1711 401 1746 quod
416 1719 517 1738 novum
533 1712 600 1739 illud
622 1713 705 1748 virga:
719 1721 820 1748 (Orpus
835 1714 960 1746 inditum,
976 1718 1003 1741 et

215 1764 275 1790 qua:
291 1756 325 1783 ab
341 1756 436 1784 eodem
459 1758 613 1793 agitabatur
628 1763 726 1785 natura
747 1759 804 1786 sive
819 1759 918 1791 forma,
934 1759 1005 1787 hanc

215 1800 286 1828 Deus
309 1801 487 1836 adjudiciutn
510 1804 622 1831 minime
634 1804 765 1837 vocabat;
785 1812 874 1839 neque
893 1805 926 1832 de
945 1813 1005 1832 ser-

214 1852 296 1881 pente
311 1855 360 1882 pro
375 1848 452 1883 virga
472 1849 598 1883 judicare
615 1850 740 1882 volebat;
756 1849 803 1876 scd
825 1849 1006 1877 resurrectio-

214 1891 258 1918 nis
275 1891 302 1918 in
319 1892 365 1919 illa
386 1893 461 1928 virga
484 1893 665 1922 certissimam
689 1894 779 1922 facere
803 1894 883 1922 fidem
907 1894 1007 1921 consti-

215 1940 254 1962 ιιι,
265 1942 316 1968 rat,
333 1945 365 1964 ac
381 1946 458 1965 suatn
473 1939 582 1966 interitu
597 1941 788 1968 demonstrare
802 1941 960 1975 potentiam,
976 1945 1006 1967 ut

216 1990 250 2007 uc
266 1983 327 2016 quis
342 1983 366 2010 ei
387 1984 433 2018 qui
458 1984 485 2011 in
508 1985 636 2012 omnibus
652 1990 804 2020 praepotens
825 1991 879 2017 est.
897 1985 1038 2013 dillilerct.

918 116 946 145 S.
966 117 1137 145 EPIPHANII

1795 118 1862 148 132

1053 170 1102 204 τοῦ
1120 175 1285 213 μαρτυρίου,
1302 175 1343 202 ὃτι
1367 175 1400 202 τὰ
1416 175 1504 211 κάρυα
1522 175 1556 202 τὰ
1571 175 1600 202 ἐν
1620 175 1675 208 τοῖς
1700 175 1767 207 ζῶσι
1794 176 1863 203 δέν-

1055 221 1129 257 δροις
1143 221 1188 248 διὰ
1202 220 1315 247 δεκαδύο
1331 220 1422 256 μηνῶν
1434 219 1654 255 ἐγκυμονούμενα
1671 221 1700 246 ἐν
1717 219 1756 255 τῷ
1773 220 1863 255 ξηρῷ

1054 267 1124 302 ξύλῳ
1144 266 1313 298 πυκάζονται
1328 287 1336 299 ,
1354 266 1400 292 καὶ
1427 265 1536 300 βλαστοὶ
1558 264 1685 299 γινόμενα
1697 285 1704 297 ,
1730 264 1780 291 καὶ
1799 264 1863 291 ὑπὸ

1055 312 1119 347 μίαν
1136 311 1220 338 νύκτα
1232 331 1240 343 .
1265 312 1295 338 οὺ
1313 311 1392 346 μόνον
1404 310 1442 342 δὲ,
1454 310 1510 337 ἀλλ’
1527 310 1579 336 ὑπὸ
1594 309 1669 344 θῆξιν
1686 311 1752 345 μιᾶς
1773 310 1862 346 ὥρας

1053 357 1274 393 ἐτελεσιούργησε
1294 357 1325 384 τὸ
1346 356 1391 383 διὰ
1407 356 1520 383 δεκαδύο
1539 355 1631 391 μηνῶν
1644 375 1652 387 ,
1669 356 1707 387 ὡς
1722 356 1859 391 εἴρηται.

1053 403 1194 438 γινόμενον
1205 411 1211 417 ·
1229 403 1275 429 καὶ
1292 401 1330 434 ὡς
1348 401 1378 428 τὺ
1396 401 1430 428 δι’
1445 401 1522 428 ἐννέα
1540 401 1631 436 μηνῶν
1651 401 1680 427 ὲν
1700 403 1732 436 τῇ
1759 401 1860 437 κοιλίᾳ

1052 448 1198 483 γενόμενον
1225 447 1340 483 βρέφος,
1369 447 1384 473 ὃ
1409 446 1453 473 διὰ
1481 446 1576 473 πολλοῦ
1594 446 1646 473 τοῦ
1664 447 1762 483 χρόνον
1783 456 1858 474 συν-

1053 493 1134 528 αχθὲν
1165 492 1328 524 τελειοῦται,
1353 492 1383 519 ἐν
1408 492 1440 519 δὲ’
1458 493 1492 527 τῇ
1518 491 1663 518 ἀναστάσει
1684 492 1742 527 ,ὑπὸ
1770 492 1858 527 θῆξιν

1055 540 1108 575 πλη
1113 549 1152 575 ρω
1157 538 1202 566 etv
1217 538 1369 566 ἀνίσταται.

1089 626 1154 658 aqu
1168 625 1296 652 Πεισάτω
1305 624 1368 656 τοὺς
1381 623 1512 656 ἀπίστους
1523 624 1539 658 ἡ
1550 622 1662 657 δύναμις
1673 621 1719 648 τοῦ
1729 622 1857 657 Κυρίου,

1055 670 1066 686 ⁸
1076 668 1577 704 οὐδεῑςάνθίστατηιτῷβσυλήματι,
1596 667 1752 694 ’Δκουσάτω
1765 668 1857 695 Μωΰ-

1054 715 1104 750 σῆς
1115 734 1123 746 ,
1135 713 1182 741 καὶ
1199 713 1375 741 ἐπιδεικνύτω
1387 721 1394 728 ·
1418 713 1449 740 Τί
1467 712 1502 740 ἐν
1521 712 1560 747 τῇ
1574 712 1651 747 χειρί
1669 720 1748 743 σου;
1765 713 1856 747 φησὶν

1053 760 1067 786 6
1081 759 1183 795 Κύριος
1194 767 1201 774 ·
1219 759 1234 785 ὁ
1252 758 1281 785 δὲ
1297 755 1358 784 εἷπε
1370 777 1377 790 ,
1402 757 1537 790 Ῥάϐδος.
1556 757 1586 784 Ἢ
1600 757 1630 783 δὲ
1643 757 1738 792 ῥάϐδος
1754 756 1853 791 ξυλίνη

1052 803 1105 841 ἦν,
1121 804 1191 841 ξηρὰ
1203 804 1232 831 δὲ
1256 803 1355 838 πάντη.
1374 803 1429 830 Καί
1447 811 1528 838 φησι’
1551 803 1653 837 Ῥίιψον
1675 802 1775 836 αὐτὴν
1798 802 1852 828 ἐπὶ

1055 849 1110 884 τῆς
1132 849 1199 884 γῆς.
1220 849 1275 875 Καὶ
1293 847 1388 884 ἔρριψε
1413 847 1462 883 τὴν
1492 847 1576 883 ξηρὰν
1602 847 1716 882 ῥάϐδον,
1742 844 1792 872 κάι
1820 847 1853 872 τὸ

1055 895 1161 930 ξηρὸν-ὀ
1173 894 1239 926 Θεὸς
1262 893 1345 929 ὑγρὸν
1360 893 1500 926 ἐπετέλει,
1518 893 1565 919 καὶ
1592 892 1622 918 οὐ
1648 892 1726 927 μόνον
1751 892 1850 927 ὑγρὸν,

1053 939 1120 967 ἀλλὰ
1135 939 1183 966 καὶ
1199 938 1320 974 {adnixsz
1333 959 1340 970 ,
1359 938 1426 965 ἀλλὰ
1443 938 1489 964 καὶ
1504 938 1538 972 τῇ
1556 936 1634 972 φύσει
1651 936 1853 972 παρηλλαγμὲι

1053 994 1098 1012 νον
1109 1005 1116 1016 ,
1131 985 1178 1011 καὶ
1191 986 1224 1019 τῇ
1242 983 1321 1019 οὐσίᾳ
1335 983 1435 1018 ἑτέρως
1450 982 1683 1018 ἐσχηματισμένον
1699 981 1768 1017 (57).
1791 981 1851 1007 Οὐκ

1051 1029 1086 1066 ἦν
1104 1030 1249 1065 φάντασμα
1275 1029 1305 1056 τὸ
1324 1029 1403 1065 ἔργον
1417 1037 1424 1044 ·
1440 1028 1551 1063 ἀληθείᾳ.
1576 1028 1630 1062 γὰρ
1657 1027 1726 1054 8εοῦ
1755 1035 1849 1062 προσ-

1055 1077 1180 1111 τάγματι.Δ
1202 1075 1366 1111 ἐργάζεται,
1398 1074 1445 1100 καὶ
1470 1074 1501 1099 οὐ
1526 1073 1671 1108 φαντασίᾳ.
1691 1073 1735 1100 Ἑν
1760 1073 1850 1099 ἄπεισι

1052 1123 1106 1158 γὰρ
1121 1121 1315 1157 διορθουμένην
1334 1120 1384 1156 τὴν
1398 1119 1477 1155 ἡμῶν
1491 1119 1609 1145 διάνοιαν
1623 1118 1782 1154 παρέστησε
1804 1118 1849 1144 διὰ

1052 1167 1191 1198 Μωῦσέως
1204 1166 1253 1202 τὴν
1273 1166 1412 1201 ἀλήθειαν.
1434 1166 1524 1199 Ἔγνω
1538 1165 1591 1199 γὰρ
1611 1164 1625 1190 6
1647 1165 1791 1199 προφήτης
1806 1164 1847 1190 ὅτι

1052 1214 1082 1240 τὸ
1096 1213 1236 1248 γινόμενον
1247 1213 1296 1238 οὐκ
1307 1209 1340 1247 ἦν
1354 1211 1475 1246 δοκήσει,
1488 1210 1544 1237 ἀλλ’
1555 1209 1677 1245 ἀληθείᾳ,
1690 1209 1768 1244 ἐν-τῷ
1780 1210 1848 1235 ἁπο-

1053 1259 1165 1295 δρᾶσαι.
1183 1259 1216 1285 Εἰ
1239 1258 1294 1293 γὰρ
1318 1257 1453 1292 φαντασίᾳ
1476 1256 1534 1292 ᾔδει
1561 1255 1594 1282 τδ
1613 1256 1771 1290 γινόμενον,
1799 1254 1848 1280 οὐκ

1053 1305 1249 1340 ἀπεδίδρασκεν
1277 1303 1330 1330 ἀπὸ
1348 1303 1493 1338 προσώπου
1520 1302 1567 1328 τοῦ
1583 1302 1681 1336 ὄφεως.
1701 1300 1783 1326 una:
1810 1299 1848 1335 μὴ

1053 1350 1134 1378 πάλιν
1144 1349 1223 1376 τοῦτο
1237 1349 1276 1380 εις
1290 1348 1440 1375 σκάνδαλον
1449 1348 1592 1383 γενήσεται
1603 1348 1659 1378 τοῖς
1671 1346 1844 1380 φιλονείκοις,

1054 1397 1100 1423 καῖ
1123 1396 1236 1422 εἴπωσιν
1249 1415 1256 1426 ,
1272 1395 1313 1422 ὅτι
1328 1395 1394 1429 ἄλλη
1410 1392 1443 1430 ἦν
1460 1395 1476 1428 ἡ
1493 1393 1590 1428 ῥάϐδος
1602 1413 1609 1426 ,
1627 1393 1641 1418 6
1655 1393 1682 1419 δὲ
1697 1392 1764 1423 Θεὸς
1780 1391 1847 1417 ἔδω·

1053 1451 1100 1469 κεν
1114 1442 1182 1477 αὐτῇ
1194 1441 1296 1468 ἀλλοῖον
1315 1441 1394 1474 σῶμα
1411 1440 1448 1472 ὡς
1462 1439 1590 1475 ἠθέλησε.
1603 1438 1658 1465 Καὶ
1675 1438 1784 1473 πρῶτον
1800 1438 1847 1472 μὲν

1053 1486 1099 1514 οὖν
1114 1487 1272 1522 μαοέτωσαν
1284 1506 1292 1518 ,
1307 1486 1347 1512 δτι
1362 1486 1412 1511 οὐκ
1432 1485 1515 1520 ἄλλην
1528 1485 1587 1516 astri
1598 1483 1847 1519 άλληςέψύχωσεν,

1054 1534 1111 1560 ἀλλ’
1127 1533 1211 1568 αὐτὴν
1236 1533 1344 1567 ἐκείνην
1358 1531 1406 1567 τὴν
1430 1530 1515 1566 ξηρὰν
1535 1528 1617 1557 οὖσαν
1632 1530 1785 1565 ὲψύχωσεψ
1807 1530 1849 1556 ὅτι

1054 1579 1132 1606 τοῦτο
1145 1579 1175 1605 τὸ
1197 1578 1273 1604 δοθὲν
1297 1579 1329 1612 τῇ
1347 1577 1436 1612 ῥάϐδῳ
1454 1576 1546 1612 σῶμα,
1563 1577 1609 1602 καὶ
1632 1575 1789 1610 κινούμενον
1803 1575 1848 1601 ὑπ’

1055 1624 1137 1651 αὑτοῦ
1154 1623 1231 1658 γένος
1243 1643 1250 1654 ,
1271 1623 1288 1658 ἣ
1307 1620 1376 1653 εἶδος
1387 1643 1395 1654 ,
1407 1622 1447 1653 εἰς
1464 1621 1553 1656 κρίσιν
1567 1621 1581 1648 6
1596 1621 1661 1652 Θεὸς
1675 1621 1724 1647 οὐκ
1746 1620 1848 1650 ἐκάλει.

1055 1670 1116 1697 οὐδὲ
1137 1670 1196 1696 ἀντὶ
1214 1669 1266 1703 τῆς
1286 1668 1388 1704 ῥάϐδου·
1409 1668 1454 1694 τὸν
1478 1668 1613 1703 δράκοντα
1634 1666 1749 1701 ἠθέλησε
1773 1666 1850 1692 δικά-

1057 1714 1125 1748 ζειν,
1140 1714 1207 1741 ἀλλὰ
1223 1713 1410 1749 πληροφορίαν
1433 1713 1481 1748 μὲν
1497 1712 1542 1738 διὰ
1557 1712 1607 1746 τῆς
1625 1711 1722 1748 ῥάϐδου
1735 1711 1850 1738 ἀναστά-

1061 1769 1130 1792 σεως
1162 1760 1319 1795 εἰργάσατο.
1338 1759 1375 1785 Τὸ
1402 1758 1430 1785 δὲ
1455 1758 1520 1785 ἴδιον
1544 1758 1652 1784 δυνατὸν
1669 1759 1682 1784 ὸ
1708 1757 1774 1788 Θεδς
1796 1757 1848 1783 ἀπ-

1058 1807 1163 1833 εδεικνυ
1177 1826 1184 1838 ,
1204 1807 1247 1832 ἵνα
1263 1806 1356 1840 μήτις
1376 1797 1513 1839 ἀπιστξσῃ
1532 1803 1572 1838 τῷ
1591 1803 1696 1838 δυνατῷ
1722 1804 1751 1829 ἐν
1770 1803 1846 1829 πᾶσι.

1058 1851 1113 1878 Καὶ
1138 1851 1204 1878 αὐτὸ
1218 1851 1246 1877 δὲ
1264 1850 1333 1885 μετὰ
1358 1849 1448 1884 πάσης
1464 1848 1614 1883 ἀσφαλείας
1637 1848 1783 1882 ἐποιήσατο
1794 1856 1800 1862 ·
1815 1848 1846 1874 οὐ

1058 1895 1112 1931 γὰρ
1129 1895 1211 1931 μέρος
1237 1903 1263 1921 τι
1289 1895 1340 1930 τῆς
1364 1894 1461 1931 ῥάϐδου
1486 1894 1616 1930 ἧγειρεν,
1631 1893 1687 1921 ἀλλ’
1711 1894 1775 1929 ὃλην
1797 1893 1846 1929 τὴν

1062 1941 1158 1976 ῥάϐδον
1177 1940 1324 1975 μετέϐαλεν
1340 1940 1377 1971 ὡς
1392 1939 1517 1974 ἠθέλησε.

1060 1987 1150 2021 Atque
1164 1987 1215 2013 hoc
1248 1986 1337 2020 ipsum
1372 1992 1434 2012 cum
1466 1985 1540 2012 omni
1557 1985 1684 2012 cautione
1711 1983 1845 2019 perfecit:

215 2035 270 2054 non
299 2028 371 2054 enim
399 2033 501 2063 partem
524 2030 608 2065 virgae
632 2030 766 2057 duntaxat
791 2031 940 2062 excitavit;
956 2031 1003 2058 sed
1024 2031 1156 2066 integram
1175 2031 1262 2065 ipsam
1275 2030 1418 2058 voluntate
1431 2037 1478 2056 sua
1497 2029 1643 2057 convertit.

253 2072 356 2100 XCV”.
377 2073 454 2106 Quod
469 2078 558 2101 autem
575 2075 612 2101 ita
629 2083 689 2103 sese
709 2083 753 2103 res
768 2076 878 2106 habeat.
891 2082 923 2102 ac
935 2083 1007 2102 sem-

217 2119 328 2153 pilerna‘.
343 2118 404 2145 vita:
426 2126 491 2153 spes
509 2119 626 2147 mortuis
639 2126 749 2147 ostensa
765 2121 809 2152 sit,
827 2120 956 2155 quodque
973 2120 1006 2147 ad

217 2163 300 2189 vitam
319 2164 456 2190 excitandi
481 2163 518 2190 illi
543 2164 598 2191 sint
625 2166 670 2199 qui
696 2165 724 2192 in
750 2166 884 2200 sepulcris
902 2166 1004 2201 jacent,

219 2206 329 2242 Moysen
347 2215 444 2236 rursus
463 2212 592 2243 tanquam
605 2209 737 2243 majorem
754 2211 827 2237 omni
841 2211 1002 2246 exceptione

218 2255 314 2279 testem
341 2252 444 2280 advoca
459 2262 466 2280 :
481 2253 553 2288 apud
579 2261 659 2288 quem
684 2261 746 2281 cum
780 2254 876 2282 Ruben
899 2256 1005 2283 facinus

217 2301 414 2331 perpetrasset.
431 2299 471 2326 sic
492 2299 516 2326 ei
531 2303 607 2334 pater
622 2300 814 2328 sanctissimus
831 2301 875 2328 ille
890 2302 1007 2336 patriar-

217 2342 268 2368 cha
285 2342 370 2370 Jacob
395 2343 583 2379 imprecatur:
599 2344 688 2372 Ruben
713 2347 901 2382 printogenitus
921 2355 1003 2379 meus,

217 2391 242 2413 et
264 2388 422 2421 principium
442 2389 585 2416 liberorum
608 2399 735 2423 mearum,
759 2392 886 2426 injuriam
907 2392 1003 2426 fecisti.

219 2432 295 2460 Sicut
310 2441 379 2468 aqua
399 2442 450 2460 non
463 2435 598 2469 e/ferveas.
612 2436 797 2464 Conscendisti
818 2437 902 2465 cubile
919 2439 1004 2472 patris

220 2479 270 2512 tui,
287 2483 312 2505 et
327 2480 456 2513 retexiui,
471 2481 570 2515 inquit,
586 2490 636 2517 quo
660 2484 804 2510 ascendisti
816 2483 837 2511 ⁵.
855 2484 890 2510 At
907 2484 935 2511 in
951 2483 1005 2512 lle-

254 2539 356 2577 ‘_Num.
373 2548 439 2574 xvn,
455 2541 471 2569 6
487 2549 547 2577 sqq.
585 2544 595 2559 ²
613 2542 711 2571 Esther
740 2551 799 2576 xm,
812 2544 840 2571 9.

219 2574 320 2612 θωθάρ.

255 2631 313 2669 (57)
339 2632 393 2660 Ital
417 2632 455 2669 τῇ
486 2634 576 2668 οὐσίᾳ
602 2633 708 2668 ἑτέρως
733 2633 1005 2669 ἐσχηματισμένον.

220 2666 332 2701 Proprie
353 2675 407 2704 non
422 2666 534 2696 denotat
551 2666 633 2704 tiliam
648 2666 685 2695 'in
696 2666 701 2667 ⁷
713 2666 889 2696 substantiam
901 2666 1008 2704 'confor-

221 2707 333 2739 matum,
346 2702 496 2739 sed_potius
506 2704 533 2739 in
545 2703 696 2730 substantia
708 2704 786 2731 aliter
801 2702 1006 2739 conformatum.

222 2736 363 2777 Quodmad
387 2736 532 2772 Epipltanii
555 2741 672 2765 mentem
700 2743 728 2766 et
755 2736 867 2775 scopum
897 2741 1008 2776 propius

223 2771 433 2844 ³Ιρἳἓὶικιίν-δὲ
459 2805 498 2839 τῷ
526 2806 678 2840 Ἐϐραῖκῷ.
694 2806 811 2836 Verbum
830 2814 904 2840 ἠπίη
923 2818 937 2838 a
955 2814 1008 2841 ant

889 2543 900 2559 ⁸
917 2543 1001 2571 Exod.
1020 2551 1056 2576 tv,

1096 2076 1152 2108 L,Z'.
1171 2074 1226 2101 Καὶ
1239 2074 1280 2100 ὅτι
1298 2074 1347 2109 μὲν
1363 2072 1449 2099 ταῦτα
1465 2071 1551 2104 οὕτως
1568 2072 1623 2108 ἔχει
1633 2092 1640 2104 ,
1655 2073 1702 2099 καὶ
1716 2073 1742 2098 οἱ
1758 2074 1847 2108 νεκροὶ

1061 2120 1155 2147 ἐλπίδα
1181 2120 1272 2155 ἔχουσι
1290 2119 1362 2154 ζωῆς
1387 2118 1496 2145 αἰωνίου
1511 2139 1519 2151 ,
1542 2117 1589 2145 καὶ
1604 2118 1629 2144 οἱ
1653 2118 1682 2145 ἐν
1710 2119 1845 2154 μνήμασιν

1024 2156 1044 2183 D
1059 2166 1274 2201 ἀναστήσονται,
1291 2165 1368 2191 κάλει
1387 2172 1431 2199 μοι
1453 2164 1534 2190 πάλιν
1555 2163 1681 2204 μάρτυρα
1702 2164 1749 2190 τὸν
1775 2164 1846 2196 ἀξιό.

1059 2219 1154 2238 πιστον
1167 2211 1294 2238 Μωῡσέα.
1312 2210 1563 2245 Πλημμελήσαντος
1579 2209 1633 2246 γὰρ
1643 2209 1690 2236 τοῦ
1711 2210 1842 2245 Ῥουϐεὶμ,

1057 2256 1193 2291 ἐπαρᾶται
1206 2255 1280 2290 αὐτῷ
1291 2256 1305 2282 6
1319 2255 1411 2291 πατὴρ
1427 2255 1511 2282 αὐτοῦ
1526 2256 1540 2282 ὁ
1551 2255 1628 2290 ἅγιος
1651 2254 1748 2282 Ἰακὼϐ
1765 2257 1784 2282 ὁ,
1794 2264 1842 2282 πα-

1057 2301 1207 2337 τριάρχης,
1235 2301 1282 2327 καί
1304 2310 1370 2337 φησι
1383 2310 1390 2316 ·
1424 2300 1565 2334 Ῥουϐεὶμ,
1583 2300 1769 2335 πρωτότοκός
1788 2309 1843 2334 μου

1056 2346 1106 2373 καὶ
1123 2345 1200 2380 ἀρχὴ
1218 2345 1331 2372 τέκνων
1351 2353 1428 2380 μου,
1444 2345 1618 2380 ἐξύϐρισας·
1641 2345 1682 2378 ὡς
1704 2345 1783 2379 ὕδωρ
1802 2345 1842 2380 μὴ

1055 2391 1181 2426 exii-(7m
1193 2400 1200 2407 ·
1217 2391 1327 2424 ἀνέϐης
1343 2391 1398 2425 γὰρ
1414 2392 1457 2424 εις
1470 2391 1528 2424 τὴν
1541 2391 1647 2424 κοίτην
1667 2390 1720 2418 τοῦ
1737 2391 1842 2425 πατρός

1057 2444 1116 2465 σου
1126 2456 1133 2467 .
1151 2436 1200 2463 καὶ
1216 2435 1417 2470 ἀπεκάλυψας
1429 2457 1436 2469 ,
1452 2436 1551 2471 φησιν,
1567 2434 1603 2464 οὗ
1618 2437 1741 2470 ἀνέϐης.
1760 2437 1803 2463 Ἐν
1815 2436 1841 2463 δὲ

1057 2483 1096 2519 τῷ
1114 2482 1251 2518 Ἑϐραῐκῷ
1273 2482 1330 2518 (58)
1342 2503 1349 2514 ,
1368 2482 1502 2517 ἐλθωϐὐρ
1516 2483 1526 2498 ³
1539 2491 1546 2498 '
1569 2483 1638 2519 ὅπερ
1662 2483 1746 2510 ἐστὶν-
1762 2483 1840 2518 ἑρμη-

1073 2542 1089 2569 2
1105 2549 1165 2577 sqq.
1216 2541 1226 2557 δ
1243 2540 1310 2569 Gen.
1324 2549 1398 2574 XLII,
1416 2540 1451 2573 5.
1467 2542 1493 2569 ι.
1545 2542 1555 2557 ⁸
1567 2540 1647 2569 Deest
1658 2539 1698 2568 οὗ.
1753 2541 1764 2557 ⁶
1780 2541 1837 2569 Cor.

1056 2634 1128 2669 quod
1143 2633 1277 2674 {reuellere
1290 2633 1436 2674 significat.
1457 2633 1582 2674 Pro‘quo
1597 2633 1668 2674 LX);
1680 2633 1750 2674 :‘Mh
1768 2633 1841 2674 ἐκζέ-

1057 2668 1116 2705 σῃς.
1139 2668 1181 2696 Ne
1196 2669 1307 2696 ebullias
1319 2687 1327 2700 ,
1343 2673 1367 2696 et
1384 2669 1495 2703 ferveat.
1510 2668 1576 2696 Nam
1591 2669 1661 2704 quod
1685 2668 1785 2701 fervet,
1799 2673 1835 2696 at-

1057 2705 1162 2744 tollitur
1176 2707 1202 2731 et
1216 2704 1335 2744 eminet.‘
1342 2704 1377 2730 At
1385 2703 1651 2744 .Epi‘phaniusjdetu
1659 2737 1664 2744 .
1672 2704 1791 2744 νει-ιιιιιιι.
1802 2706 1835 2731 ait

1058 2739 1221 2779 ψιλοιῦμενον
1244 2738 1353 2774 proprie
1368 2737 1524 2779 significare
1548 2739 1585 2774 μὴ
1603 2737 1727 2779 εκξέσῃς.
1743 2739 1834 2771 Cujus-

1058 2775 1132 2801 modi
1158 2774 1262 2801 nullum
1297 2774 1478 2808 propinquius
1504 2774 1639 2804 occurrit,
1666 2781 1748 2808 quant
1769 2779 1837 2805 nm.

1059 2809 1117 2839 Sed
1130 2809 1182 2837 hoc
1207 2809 1296 2844 ipsqu
1309 2808 1391 2837 nimis
1402 2809 1519 2838 alienum
1534 2808 1650 2838 vitietur.
