1939 3039
57 166 110 195 193

746 161 968 192 ANCORATUS.

1637 167 1690 196 ιω

57 223 219 259 νευόμενον,
234 222 278 257 μὴ
294 221 493 258 (inanimi-nc,
517 221 552 257 ἢ,
570 220 615 256 μὴ
633 221 847 256 προστεθειης,

902 221 972 249 brato
989 220 1030 249 sic
1042 220 1174 256 scriptum
1188 223 1241 253 est,
1256 222 1399 254 eIthtIiar,
1415 223 1488 258 quod
1502 224 1572 253 idem
1588 229 1629 253 est
1644 234 1688 259 ac,

56 270 73 305 ῆ
91 269 173 296 πάλιν
185 289 192 301 ,
203 268 247 303 μὴ
265 268 489 303 περισσεύσῃς”ο
502 266 664 302 φιλούμενον
675 266 702 293 δὲ
715 267 748 302 τῇ
761 266 848 300 λέξει,

54 315 98 350 μὴ
110 315 251 349 ἐκζὲσῃς·
263 315 323 342 οἱδὲ
336 313 518 348 Ἐρμηνευταὶ
531 312 586 348 (59)
603 311 737 344 ἐξέδωκαν
751 311 848 344 οὓτως.

56 359 113 386 Καὶ
126 359 216 391 Θέλεις
235 358 330 394 μαθεῖν
349 359 390 385 ὅτι
404 357 482 384 ταῦθ’
494 357 580 389 οὕτως
595 357 680 392 φησὶ,
698 358 745 384 καὶ
756 357 849 384 θανόν-

55 413 102 436 τος
118 405 126 420 ¹
144 405 197 431 ἀπὺ
211 404 314 440 πατρὸς
328 403 443 439 ὡρίζετο
460 403 548 438 τούτῳ
569 402 753 438 ἡμαρτηκότι,
765 403 849 430 Monii—

56 450 109 486 σῆς
125 459 168 477 σοι
190 449 342 486 σαφηνίσει.
357 449 485 482 Ἐὑλογῶν
507 448 562 484 γὰρ
578 448 658 480 αὐτὸς
673 447 720 474 καὶ
737 447 787 479 τὰς
800 446 850 474 δώ-

55 495 124 522 δεκα
143 494 245 529 φυλὰς,
268 494 315 520 ἐπὶ
341 493 387 520 τὸν
417 492 544 528 Ῥουὸεὶμ
572 491 672 524 ἐλθὼν,
699 492 745 519 καὶ
769 492 850 525 γνοὺς

55 541 97 567 ὅτι
111 540 201 576 ἱερεὺς
212 539 278 566 Λευτ
289 539 329 574 (έν
344 539 416 575 χειρὶ
437 539 492 575 γὰρ
512 538 565 574 τῆς
585 538 741 574 ’ἱερωσύνης
759 537 851 564 ἐλύετο

56 585 104 612 καὶ
117 584 279 619 ἐδεσμεύετο
291 585 325 611 τὰ
339 585 552 620 ἁμαρτήματα),
568 583 652 619 φησί·
673 583 756 617 Ζήτω
772 583 851 610 Ῥου-

56 631 133 665 Gelu,
163 631 213 657 καί
237 630 281 665 μὴ
299 630 448 663 ἀποθάνῃ.
462 629 526 660 Πῶς
537 630 565 656 δὲ
579 629 690 656 ἐδύνατο
703 629 751 665 ζῇν
767 629 781 655 ὁ
798 629 850 664 προ

54 676 155 703 ἑκατὸν
171 677 257 703 είκοσι
279 676 308 709 ἒξ
328 675 396 702 ἑτῶν
411 675 467 710 (60)
495 675 685 711 τεθαμμένος;
717 674 774 702 ἀλλ’
789 675 850 701 ἐπεὶ

55 722 98 756 (εἰ
112 722 143 756 ⁸)
171 721 220 748 καὶ
245 721 296 757 τὴν
323 721 471 747 ἀνάστασιν
500 720 571 747 κατὰ
598 720 686 747 πάντα
702 719 850 756 μέλλουσαν

55 767 166 794 ἔσεσθαι
179 787 186 800 ,
200 765 253 794 οἵδε
275 766 304 793 δὲ
319 766 434 793 θάνατον
456 766 581 802 δεύτερον
596 765 639 792 διὰ
653 765 802 801 καταδίκης
820 766 850 792 ἐν

54 815 87 848 τῇ
102 813 196 848 ἡμέρα
217 813 268 847 τῆς
282 813 400 849 κρίσεως
411 833 417 844 ,
445 812 607 848 βουλόμενος
630 811 711 838 αὑτὸν
727 811 788 838 ἀντὶ
801 811 850 845 τῆς

56 860 120 894 μιᾶς
134 858 270 894 τιμωρίας
288 858 414 892 κουφίσαι
439 857 492 884 ἀπὸ
516 858 569 884 τῶν
587 857 753 892 μελλόντων,
771 856 848 891 φησὶ,

54 892 140 938 ὶήτω
150 892 171 936 ,⁷
184 892 215 930 ὲν
226 905 258 939 τῇ
276 904 421 930 ἀναστάσει
438 903 578 938 σημαίνων
594 902 661 938 (ᾔδει
680 903 734 938 γὰρ
747 903 787 929 ὅτι
802 902 848 937 ςή-
866 892 887 919 Β

55 958 148 976 σονται
167 949 307 983 ἅπαντες),
321 948 370 975 καὶ
381 949 424 983 μὴ
438 947 576 983 ἀποθάνῃ
587 968 595 980 ,
612 948 736 975 τουτέστι
751 948 792 984 μὴ,
805 957 852 974 πε-

55 994 171 1029 ριϐληοῇ
186 993 291 1029 θανάτῳ
313 993 431 1029 δευτέρῳ
445 992 484 1028 τῷ
500 992 544 1018 διὰ
568 992 718 1027 καταδίκης
737 991 783 1018 καὶ
806 992 852 1027 βαι

54 1039 129 1073 σάνῳ
152 1038 264 1072 αίωνίῳ.
286 1037 318 1063 Εἰ
345 1037 400 1072 γὰρ
423 1037 487 1072 περὶ
505 1037 553 1072 τῆς
577 1037 679 1072 ζημίας
703 1037 753 1071 τῆς
777 1036 851 1071 ζωῆς

53 1083 130 1119 αὐτῷ
153 1083 265 1118 ἔμελεν,
279 1082 360 1118 ἢρκει
377 1083 464 1108 εἰπεῖν
481 1082 560 1117 μόνον
573 1102 580 1114 ,
598 1081 682 1114 Ζήτω
704 1082 848 1115 Ῥουϐείμ.

61 1128 172 1163 Ἐπειδὴ
191 1128 220 1154 δὲ
241 1128 305 1162 περὶ
329 1127 383 1154 τῶν
412 1126 561 1162 μελλόντων
589 1126 735 1162 σημαίνει,
760 1125 845 1160 λέγει,

55 1175 140 1207 Ζιὶτω
164 1173 305 1207 Ῥουϐεὶμ,
318 1173 367 1199 και
382 1173 425 1207 μὴ
443 1171 591 1206 ἀποθάνῃ.

900 273 931 293 ne
942 265 1044 298 redeas,
1068 265 1136 298 sive,
1154 274 1186 293 ne
1203 266 1338 294 addideris
1350 287 1357 297 ,
1374 267 1427 299 vel,
1452 276 1482 295 ne
1500 270 1687 299 abundaverit.

899 309 977 344 Quod
993 310 1016 338 si
1037 310 1091 338 leni
1105 310 1204 346 spiritu
1223 312 1426 346 pronuntianda
1450 313 1486 340 sit
1505 314 1599 347 dictio,
1616 316 1688 343 idem

899 359 941 383 est
959 363 1002 388 ac,
1016 364 1047 383 ne
1061 356 1197 391 effervens,
1214 365 1295 392 quem
1318 365 1433 385 sensum
1453 359 1619 394 lnterpretes
1641 368 1689 388 ex—

900 405 1071 435 presserunt.
1087 400 1166 434 Quod
1181 402 1204 430 si
1217 402 1275 429 haec
1293 402 1328 429 ab
1339 403 1390 443 illo
1405 403 1442 430 ita
1457 411 1520 431 esse
1531 405 1603 432 dicta
1620 407 1690 434 velis

899 445 1006 473 discere
1024 451 1126 482 :atque
1146 454 1161 474 a
1185 450 1263 485 patre
1285 448 1309 475 ei
1325 448 1370 483 qui
1394 449 1556 485 deliquerat,
1573 456 1688 478 mortem

899 497 987 524 paenae
996 491 1061 518 loco
1073 484 1254 518 constitutam
1268 491 1363 524 fuisse,
1379 484 1488 528 Moyses
1503 494 1550 520 tibi
1564 494 1690 522 declara-

899 536 949 564 bit.
965 535 1018 569 Qui
1034 544 1095 564 cum
1108 537 1252 565 duodecim
1268 537 1395 565 tribubus
1406 539 1591 570 benediceret,
1609 544 1637 566 et
1655 540 1689 567 ad

900 581 995 609 Ruben
1011 583 1190 617 pervenisset,
1211 590 1265 611 non
1284 583 1414 618 ignorans
1433 585 1605 612 sacerdotem
1628 593 1690 612 esse

900 627 964 656 Levi
983 629 1141 663 (sacerdotii
1158 630 1230 657 enim
1250 630 1489 658 administratione
1510 632 1689 660 solvebantur

900 678 927 701 et
950 674 1142 709 obligabantur
1162 677 1307 711 peccata),
1324 677 1352 704 in
1379 677 1436 704 haec
1459 678 1542 705 verba
1565 686 1689 713 pronun-

900 718 950 744 tiat
974 727 980 745 :
1011 718 1087 746 Vivat
1107 720 1208 752 Ruben,
1230 725 1255 746 et
1280 729 1333 748 non
1356 722 1517 749 moriatur'.
1545 722 1689 756 Quomodo

900 761 991 790 vivere
1010 762 1056 790 ille
1072 768 1188 798 poterat,
1204 765 1249 799 qui
1266 769 1329 793 ante
1345 771 1454 793 centum
1480 772 1507 794 ct
1526 768 1620 803 viginti
1638 776 1688 796 an-

901 815 951 835 nos
969 809 1093 843 sepultus
1107 809 1217 837 fuerat?
1233 810 1334 839 Verum
1345 820 1381 839 eo
1404 813 1456 840 ista
1471 813 1540 840 dixit
1556 815 1629 849 quod
1645 823 1687 842 re-

901 854 1097 882 surrectionem
1113 856 1224 883 omnino
1239 856 1296 885 fore
1310 863 1497 893 cognosceret,
1516 864 1572 886 tum
1589 861 1687 888 mortis

901 899 1015 926 alterum
1035 907 1120 934 genus
1138 901 1197 935 ipso
1211 901 1306 936 judicii
1331 903 1375 931 die
1396 904 1623 932 condemnatione
1645 913 1688 933 se-

901 948 1041 972 cuturum.
1064 944 1141 973 Unde
1166 947 1342 975 unicotillum
1361 949 1487 984 supplicii
1513 958 1613 984 genere
1628 959 1690 986 per-

901 989 1024 1017 functum
1045 998 1059 1017 a
1082 991 1182 1019 futuris
1209 993 1350 1021 exsalvere
1373 994 1510 1029 cupiens:
1533 995 1618 1028 Vivat,
1645 996 1688 1022 in-

901 1036 970 1071 quit,
990 1036 1017 1063 in
1038 1037 1237 1065 resurrectione
1252 1038 1394 1072 videlicet;
1415 1040 1491 1074 101
1508 1047 1596 1075 neque
1613 1041 1685 1067 enim

902 1081 1045 1116 ignorabat
1065 1089 1161 1110 omnes
1177 1083 1267 1111 denuo
1290 1091 1351 1111 esse
1372 1085 1503 1112 victuros.
1524 1085 1591 1112 Illud
1610 1093 1686 1120 vero,

898 1130 923 1152 et
948 1134 999 1153 non
1019 1128 1160 1159 moriatur,
1186 1128 1257 1156 idem
1283 1133 1325 1156 est
1350 1135 1441 1164 atque,
1472 1130 1510 1158 Ne
1536 1131 1685 1158 set-undam

899 1170 1135 1198 condemnationis
1151 1174 1178 1198 et
1191 1171 1284 1199 aeterni
1299 1173 1426 1207 supplicii
1442 1178 1557 1201 mortem
1575 1174 1685 1201 subeat.

56 1219 123 1246 Nam
138 1220 160 1247 si
178 1219 212 1247 de
227 1219 370 1254 pmsentis
388 1219 522 1246 duntaxat
538 1220 601 1246 vitm
619 1219 727 1255 jactura
746 1219 882 1247 sollicitus
895 1221 979 1250 esset,
993 1218 1062 1245 satis
1072 1222 1131 1245 erat
1145 1218 1258 1251 dixisse,
1289 1219 1365 1247 Vivat
1395 1220 1506 1254 Ruben;
1541 1222 1589 1250 sed
1616 1228 1687 1257 quo-

56 1265 129 1292 niam
154 1265 187 1292 ad
203 1265 295 1292 futura
313 1268 468 1300 respectum
490 1264 623 1297 habebat;
642 1264 729 1298 Vivat,
745 1264 843 1299 inquit,
856 1262 956 1294 Ruben,
970 1266 994 1289 et
1008 1270 1059 1289 non
1073 1263 1213 1290 moriatur.

90 1311 152 1344 LJV.
169 1311 224 1337 Kal
235 1310 316 1336 πόθεν
330 1319 372 1342 τις
384 1310 530 1345 δυνήσεται
546 1310 672 1343 συλλέξαι
686 1310 736 1342 τὰς
751 1308 848 1336 τοσαύ-

54 1366 105 1388 τας
124 1356 278 1392 μαρτυρίας
295 1356 359 1390 περὶ
378 1356 427 1391 τῆς
446 1355 525 1391 ἡμῶν
541 1356 647 1388 ἐλπίδος
666 1356 713 1383 καλ⁴
734 1355 849 1391 προσδο-

55 1403 118 1434 κίας
142 1403 191 1437 τῆς
210 1402 384 1433 ἀναστάσεως
415 1401 465 1436 τῆς
488 1401 518 1428 ὲν
539 1401 662 1437 ἀληθείᾳ,
687 1402 734 1428 καὶ
755 1401 805 1427 οὐκ
820 1401 849 1426 έν

55 1449 184 1483 δοκήσει;
206 1447 367 1482 Λεγέτωσαν
390 1447 443 1482 γάρ
459 1447 482 1473 oi.
503 1446 646 1479 κενόδοξοι,
671 1447 719 1474 καὶ
735 1447 848 1481 φιλονει-

56 1493 170 1524 κοῦντες
194 1491 292 1526 μάτην,
316 1491 431 1526 πότερόν
446 1499 511 1517 ποτε
536 1491 619 1526 μέρος
637 1491 779 1517 ἀνίσταται
794 1491 849 1518 τῶν
863 1504 885 1533 C

57 1538 204 1574 σωμάτων,
215 1538 231 1573 ἧ
246 1537 355 1564 πάντων
368 1537 419 1563 ἀνὰ
432 1536 524 1572 μέρος,
535 1537 552 1571 ἢ
566 1536 646 1563 πάλιν
659 1536 740 1563 τινῶν
750 1536 779 1563 τὸ
791 1537 850 1563 ὅλον

56 1584 206 1619 ἐγείρεται,
220 1583 267 1610 καὶ
275 1583 355 1609 τίνων
370 1582 422 1609 ἀνὰ
434 1582 515 1617 μέρος
531 1583 547 1617 ἡ
559 1582 716 1614 ἀνάστασις,
729 1582 809 1609 τίνων
824 1582 852 1609 δὲ

57 1628 116 1656 ὅλον
136 1630 168 1656 τὸ
194 1628 282 1664 σῶμα.
311 1628 358 1659 Τίς
379 1629 395 1663 ἡ
414 1627 526 1663 τοιαύτη
541 1628 775 1663 προσωποληψία;
797 1626 852 1664 ἆρα

56 1674 273 1711 προσωποληψία
282 1674 357 1709 παρὰ
368 1673 405 1708 τῷ
413 1673 488 1708 Θεῷ;
505 1673 542 1709 μὴ
552 1673 668 1708 γένοιτοί
686 1674 852 1709 Ἐρευνήσω-

59 1730 109 1756 μεν
127 1720 179 1747 ποῦ
197 1720 213 1755 ἢ
230 1720 295 1746 πότε
312 1720 426 1755 ἤγειραν
436 1720 460 1746 oi.
473 1719 546 1754 ἅγιοι
562 1719 657 1755 νεκρὸν
674 1720 728 1746 ἀπὸ
744 1719 849 1755 μέρους,

59 1766 108 1792 καὶ
123 1765 186 1800 οὐχὶ
205 1765 265 1791 ὅλον
290 1764 320 1790 τὺ
343 1764 423 1800 σῶμα
435 1783 443 1790 .
463 1764 492 1790 '0
514 1764 573 1796 υἱὸς
592 1764 642 1799 τῆς
661 1765 690 1790 ὲν
710 1764 852 1800 Σαραφθιᾳ

57 1812 147 1847 χήρας
158 1811 219 1841 ὅλος
233 1810 343 1844 ἀνέστη,
359 1810 404 1836 καὶ
418 1809 448 1836 οὐ
469 1809 552 1845 μέρος
565 1810 730 1845 κατελείφθη
739 1818 745 1824 ·
765 1811 779 1837 ό
794 1810 851 1841 υἱὸς

58 1857 107 1892 τῆς
122 1855 314 1890 Σουναμίτιδος
328 1855 387 1887 ὅλος
402 1855 512 1890 ἀνέστη,
529 1856 576 1882 καὶ
588 1855 664 1882 οὐδὲν
676 1855 757 1890 μέλος
770 1855 851 1882 αὑτοῦ

59 1903 134 1929 είασε
153 1902 191 1936 μὴ
205 1901 338 1928 ἀναστὰν.
355 1901 407 1927 Καὶ
425 1900 526 1936 Κύριος
539 1900 586 1927 τὸν
602 1901 725 1936 Λάζαρον
740 1902 845 1937 ἤγειρε,

59 1948 105 1974 καὶ
123 1948 174 1974 οὑκ
196 1946 357 1981 ἐγκατέλιπε
380 1945 506 1981 λείψανον
528 1946 557 1972 ὲν
574 1945 613 1980 τῷ
635 1947 767 1981 μνήματι,
784 1946 852 1972 ἀλλά

60 1993 132 2028 μετᾶ
147 1992 258 2028 κειριῶν
276 1993 322 2019 καὶ
345 1992 399 2019 τῶν
422 1992 510 2019 ἄλλων
524 1992 682 2026 ἐνδυμάτων
695 2001 701 2008 ·
729 1992 777 2019 καὶ
792 1993 852 2027 οὐχὶ

59 2039 169 2070 πάντως
183 2038 239 2065 τῶν
255 2039 370 2074 ίματίων
383 2037 463 2073 χρεία
485 2038 513 2064 ὲν
534 2037 628 2073 ἡμέρᾳ
646 2037 773 2072 κρίσεως.
801 2037 852 2063 Τὸν

59 2085 117 2111 υἱὶν
142 2084 193 2119 τῆς
219 2085 249 2110 ἐν
272 2085 305 2119 τῇ
326 2083 395 2110 Ναῖν
422 2084 482 2110 ὅλον
507 2083 618 2118 ἢγειρε,
645 2082 694 2118 τὴν
716 2082 852 2118 θυγατέρα

58 2130 105 2157 τοῦ
132 2129 371 2165 ἀρχισυναγώγου,
398 2129 448 2164 τὴν
477 2127 638 2163 ουγατέρα³
667 2127 714 2154 τοῦ
742 2129 852 2154 ἑκατον-

936 1306 1052 1336 XCVIII.
1074 1308 1173 1343 Ecquis
1185 1317 1250 1336 vero
1262 1313 1317 1336 tam
1329 1310 1436 1338 inﬁnita
1454 1313 1612 1340 testimonia
1629 1316 1688 1344 col—

900 1353 983 1388 ligere
994 1361 1026 1381 ae
1043 1355 1273 1389 comprehendere
1292 1356 1399 1390 poterit,
1418 1365 1478 1392 quae
1496 1358 1528 1385 ad
1544 1366 1620 1393 spem
1635 1369 1687 1388 n0-

901 1403 998 1431 stram,
1014 1407 1046 1427 ac
1062 1408 1134 1428 verat
1154 1404 1181 1428 et
1205 1408 1257 1429 non
1282 1402 1451 1431 adumbratae
1474 1407 1687 1436 resurrectionis

901 1444 1026 1472 ﬁduciam
1042 1445 1218 1473 astruendam
1230 1447 1384 1481 pertinent?
1396 1447 1492 1476 Dicant
1504 1451 1576 1477 enim
1592 1452 1688 1481 inanes

902 1489 947 1517 isti
965 1498 997 1518 ac
1010 1491 1164 1526 pertinaces
1185 1491 1320 1524 homines,
1337 1496 1493 1520 utrumnam
1511 1503 1576 1529 pars
1595 1497 1687 1532 aliqua

901 1544 1046 1571 corporum
1071 1538 1219 1570 excitetur;
1243 1546 1278 1565 an
1302 1539 1425 1566 omnium
1448 1548 1511 1575 pars
1530 1541 1629 1577 aliquaI
1654 1551 1688 1570 an

901 1583 1082 1618 quorumdam
1104 1587 1190 1610 totum
1211 1591 1312 1620 corpus
1325 1590 1450 1621 resurgat
1466 1595 1472 1613 :
1491 1587 1555 1614 item
1571 1595 1687 1622 quorum

901 1635 966 1662 pars
986 1627 1130 1655 excitanda
1152 1628 1199 1661 sit,
1214 1632 1241 1656 et
1255 1636 1371 1664 quorum
1399 1637 1500 1665 corpus
1514 1631 1603 1665 ipsum
1626 1634 1689 1660 uni—

902 1681 1021 1702 versum.
1034 1673 1163 1706 Quaenam
1175 1678 1218 1702 est
1230 1675 1283 1702 ista
1296 1683 1475 1710 personarum
1490 1677 1583 1704 habita
1599 1679 1690 1706 ratio?

903 1719 999 1747 Utrum
1020 1720 1128 1747 tandem
1149 1720 1221 1748 Dens
1240 1729 1417 1756 personarum
1441 1723 1575 1757 rationem
1590 1723 1690 1751 habet?

901 1765 994 1792 Absit!
1013 1764 1185 1800 Inquiramus
1215 1773 1307 1800 porro,
1337 1766 1361 1793 si
1384 1767 1469 1798 lubet,
1496 1767 1608 1795 ubinam
1643 1772 1690 1795 aut

901 1810 1012 1845 quando
1037 1811 1124 1838 sancti
1151 1815 1288 1837 mortuum
1312 1819 1344 1838 ex
1366 1816 1442 1846 parte
1462 1816 1489 1839 et
1523 1820 1577 1839 non
1602 1817 1689 1840 totum

902 1855 990 1889 ipsum
1006 1862 1106 1889 corpus
1121 1855 1276 1882 excitarint.
1301 1854 1498 1889 Sarephthanxn
1513 1857 1604 1884 vidule
1619 1857 1690 1885 [ilius

902 1899 1006 1934 integer
1031 1899 1190 1931 surrexit“;
1217 1906 1305 1938 neque
1320 1907 1383 1933 pars
1404 1899 1478 1927 illius
1497 1905 1539 1927 est
1555 1893 1609 1928 ulla
1627 1902 1690 1929 reli-

902 1948 956 1972 cta.
975 1944 1156 1971 Sunamitidis
1178 1944 1256 1971 Iilius-
1265 1939 1339 1971 totus
1363 1946 1548 1979 resnrrexit’;
1575 1955 1626 1974 nec
1648 1948 1691 1974 ul-

902 1990 955 2016 lam
972 1990 1032 2023 ejus
1048 1992 1153 2024 partem
1171 1989 1295 2016 destituit
1308 1990 1521 2019 resurrectionis
1538 1997 1690 2027 expertem.

903 2034 967 2062 Item
996 2033 1128 2062 Dominus
1150 2034 1284 2062 Lazarum
1312 2036 1469 2068 excitavit',
1498 2044 1548 2064 nec
1564 2038 1633 2066 ullas
1664 2039 1690 2066 in

903 2081 1072 2108 monimento
1097 2081 1227 2115 reliquias
1256 2088 1400 2115 superesse
1426 2081 1520 2114 voluit,
1549 2083 1598 2110 sed
1627 2091 1690 2110 cum

903 2127 998 2155 fasciis
1018 2134 1051 2154 ac
1067 2126 1180 2161 reliquis
1195 2126 1318 2154 vestibus
1340 2127 1487 2160 excitavit;
1505 2129 1579 2163 atqui
1605 2129 1691 2156 vcsti—

59 2176 170 2211 τάρχου.
200 2174 256 2202 Καὶ
279 2171 302 2201 ὧ
328 2174 442 2209 μάταιος
465 2173 578 2200 ὑπόνοια
602 2173 656 2200 τῶν
684 2173 718 2200 τὰ
740 2173 850 2200 τοιαῦτα

903 2173 955 2201 bus
969 2173 996 2200 in
1007 2173 1066 2207 ipso
1079 2172 1175 2207 judicii
1188 2172 1232 2199 die
1243 2172 1313 2199 nihil
1329 2180 1398 2207 opus
1412 2173 1475 2201 erit.
1490 2173 1590 2201 Adbaac
1602 2175 1691 2203 viduae

59 2221 253 2256 λογιζομένων,
271 2221 312 2247 ὅτι
331 2221 412 2260 μέρος
429 2219 540 2255 ἐγείρει,
556 2219 603 2245 καὶ
621 2219 702 2254 μέρος
717 2219 851 2254 καταλιμ-

60 2267 160 2294 πάνει]
183 2267 297 2301 Ἴδωμεν
310 2266 339 2292 δὲ
354 2265 384 2298 ἐξ
408 2265 496 2292 αὐτῶν
518 2263 713 2299 ὑποκειμένων,
730 2264 776 2291 καὶ
796 2264 851 2291 τῶν

60 2313 110 2349 ἠδη
133 2313 265 2348 ίσόρροπα
281 2312 387 2343 ἐλπίδος
399 2312 464 2347 ἡμῖν
476 2310 677 2345 γεγενημένων.
693 2309 778 2345 Ἑνὼχ
792 2310 852 2342 ὅλος

62 2358 194 2395 μετετέθη
212 2358 258 2384 καὶ
273 2357 321 2384 οὐκ
336 2355 404 2383 εἶδεν
421 2357 484 2391 ἄχρι
499 2356 549 2389 τῆς
564 2354 643 2390 δεῦρο
659 2354 788 2381 θάνατον·
807 2355 851 2381 ἵνα

60 2407 88 2432 ὲν
102 2405 163 2431 δυσὶ
180 2404 247 2436 ζῶσι
262 2403 385 2438 σώμασιν
407 2400 594 2437 ’παραστήσωι
609 2401 675 2435 ἡμῖν
683 2400 788 2427 τελείαν
804 2401 852 2436 τὴν

61 2451 222 2477 ἀνάστασιν.
242 2449 297 2475 Kal
314 2449 358 2475 ἵνα
375 2449 411 2483 μή
429 2456 471 2478 τις
485 2445 641 2481 ἀμφιϐάλλῃ
658 2445 704 2472 δύο
715 2446 853 2481 χαρακτῆ-

64 2504 114 2532 ρας
125 2495 180 2521 τῶν
191 2494 238 2521 δύο
253 2494 432 2529 πρωτοτόκων
447 2493 496 2527 τῆς
508 2490 645 2526 ἡμετέρας
659 2491 833 2523 ἀναστάσεως
843 2499 850 2507 ο

69 2540 155 2576 Ἑνὼχ
171 2538 206 2575 ἦν
223 2540 251 2566 ὲν
264 2539 440 2574 ἀκροϐυστίᾳ,
455 2538 502 2564 καὶ
517 2537 567 2563 οὐκ
588 2536 722 2563 ἐκώλυσεν
737 2538 753 2573 ἡ
768 2538 852 2573 ἀκρο-

63 2587 161 2614 ϐυστία
174 2586 225 2622 τὴν
240 2585 397 2617 ἀνάστασιν,
409 2584 469 2611 οὐδὲ
481 2583 530 2620 τὴν
544 2582 590 2609 τοῦ
603 2581 726 2618 σώματος
740 2584 783 2611 διὰ
794 2584 852 2619 βίου

350 2663 360 2678 ¹
375 2661 405 2689 F.
420 2661 488 2689 ἤδει.

97 2666 106 2681 ¹
121 2663 152 2691 F.
170 2663 294 2694 θάνατος.

542 2661 767 2694 'Ilallucinalur;
796 2669 858 2687 nam
890 2661 972 2688 παῖδα
996 2659 1078 2688 scrib.

904 2227 965 2254 quae
987 2219 1014 2246 in
1030 2219 1129 2254 oppido
1147 2218 1224 2245 Naim
1251 2223 1320 2251 erat,
1337 2222 1423 2247 totum
1445 2219 1528 2247 ﬁlium
1550 2221 1689 2248 revocavit

904 2265 938 2292 ad
953 2264 1068 2292 vitam‘.
1087 2263 1158 2291 ldem
1179 2263 1205 2304 in
1223 2264 1355 2299 principis
1374 2264 1524 2299 Synagogze
1539 2265 1593 2292 Iilia
1605 2266 1637 2296 ιο,
1658 2274 1690 2293 ac

904 2310 1074 2338 centurionis
1099 2317 1208 2345 quoque
1232 2309 1287 2336 ﬁlia
1313 2309 1483 2344 praestitit“.
1501 2310 1523 2336 Ο
1547 2310 1690 2339 ridiculam

905 2356 1013 2383 illorum
1034 2355 1208 2386 sententiam,
1226 2355 1272 2388 qui
1290 2359 1392 2389 partem
1415 2362 1566 2389 resurgere,
1586 2359 1690 2389 partem

904 2401 1015 2429 destitui
1041 2401 1169 2428 censent!
1191 2399 1338 2427 Videamus
1360 2407 1443 2434 porro
1466 2407 1497 2426 ex
1515 2400 1560 2427 illo
1586 2400 1645 2435 ipso
1659 2402 1692 2429 de

906 2455 962 2482 quo
992 2447 1110 2481 agimus,
1136 2449 1307 2480 argumento,
1333 2453 1393 2480 quae
1418 2445 1541 2472 eamdem
1567 2453 1628 2472 cum
1659 2454 1692 2473 eo

905 2491 977 2527 quod
994 2499 1147 2526 speramus.
1163 2491 1216 2518 vim
1228 2498 1260 2518 ac
1275 2496 1441 2518 momentum
1454 2491 1582 2518 habeant.
1599 2491 1691 2518 Enorh

906 2537 1055 2564 translatus
1069 2539 1110 2563 est
1124 2540 1208 2567 totus,
1225 2539 1252 2563 et
1268 2534 1301 2562 ad
1324 2535 1394 2562 hanc
1408 2535 1479 2562 diem
1500 2539 1614 2563 mortem
1638 2544 1692 2563 non

906 2582 975 2611 vidit
985 2583 1019 2614 “,
1030 2585 1060 2609 ut
1074 2581 1102 2608 in
1121 2580 1228 2608 duobus
1242 2580 1312 2608 vivis
1329 2580 1492 2615 corporibus
1509 2580 1629 2615 perfecta
1642 2588 1693 2607 no-

1131 2659 1142 2675 ⁸
1156 2658 1186 2685 F.
1204 2659 1379 2694 παραστήσῃ.
1431 2658 1442 2674 ⁸
1453 2657 1541 2694 Ιλοιιι.Δ
1552 2657 1691 2694 xxxnt,_(_i.

62 2701 73 2716 '
89 2681 131 2727 ΙΙΙΙ
310 2697 356 2725 22.
375 2681 405 2713 Ὗ
419 2681 530 2733 [Vrit-eg.
544 2681 773 2730 Ξὲῗωέῖίὸἔιιῖ
1093 2694 1136 2721 M.
1156 2681 1197 2709 ’ίθ
1431 2681 1692 2724 ἰᾞὲίὶίιιῖ

62 2736 84 2752 ¹²
104 2735 173 2762 Gen.
191 2733 217 2765 ν,
233 2733 279 2760 22.

96 2790 155 2824 (59)
171 2790 203 2815 Ol
215 2788 249 2815 δὲ
264 2784 464 2824 Ἐρμηνευταὶ.
476 2785 650 2824 Septuaginta
666 2787 749 2824 illius
763 2787 848 2824 Inter-

81 2822 153 2853 τοι.ρέ
182 2824 284 2851 indicat
310 2822 497 2857 Epiphanius,
523 2822 568 2855 qui
597 2823 623 2848 in
655 2822 770 2857 (Egyptp
801 2823 852 2849 sub

84 2861 210 2889 tolomzco
226 2865 287 2894 rege
312 2863 405 2885 sacros
423 2856 594 2884 Hebraeorum
612 2856 726 2886 Codices
743 2856 852 2884 Gnecos

905 2786 1004 2856 reﬁgit?)-
1016 2820 1075 2855 Πρὸ
1099 2820 1207 2848 ἑκατὸν
1227 2821 1322 2848 εἴκοσι
1344 2819 1378 2852 ἐξ
1393 2819 1484 2852 ἐτῶν,
1507 2822 1567 2845 ante
1590 2819 1693 2843 tantum

905 2857 997 2892 viginti
1009 2864 1055 2884 sea:
1071 2864 1166 2883 annos.
