1939 3039
226 140 275 170 ωε)

911 139 941 168 S.
958 138 1135 167 EPIPHANII

1793 136 1849 165 τοι)

224 205 279 226 uno
298 197 382 225 verbo
399 196 568 236 complectar;
575 205 582 224 :
595 195 707 223 Brevem
722 201 755 222 ac
772 195 1006 231 compendiariam

1061 198 1086 224 ὲν
1099 196 1166 223 πᾶσι
1180 195 1208 222 δὲ
1224 195 1252 222 ὲν
1270 195 1320 231 μιᾷ
1335 194 1423 222 ὲλπίόι
1433 195 1483 231 τῆς
1499 194 1673 227 ἀναστάσεως
1686 194 1752 230 ἡμῖν
1766 202 1852 229 κεκη-

223 243 321 271 salutis
333 251 394 271 esse
406 247 509 270 nostrae
520 242 603 274 viam,
616 248 648 268 ac
663 248 719 276 prae
732 241 839 268 caeteris
850 240 878 268 in
892 240 943 268 hac
953 248 1007 268 una

224 288 436 316 resurrectionis
449 295 510 322 qua:
525 286 670 322 praedicata
682 287 761 314 nobis
774 290 828 318 est,
841 286 940 314 fiducia
952 286 1010 313 col-

223 334 351 361 locatam.
370 333 422 360 Sed
439 332 481 360 his
496 332 575 360 ﬁdem
590 333 722 368 abrogant
736 332 871 364 inﬁdeles,
887 339 1010 360 corrum-

223 384 291 413 punt
306 377 438 409 haeretici,
452 380 629 404 contumaces
645 380 789 411 respuunt,
805 376 867 404 vani
883 376 1008 404 homines

223 423 361 458 rcjiciunt.
383 423 454 450 Deus
478 430 544 450 vero
567 422 785 450 misericordiam
803 421 933 450 omnibus
958 421 1010 449 im-

224 467 318 503 pertiri
341 468 417 500 velit.
439 472 466 496 et
485 468 621 496 obductas
641 468 757 503 caligine
772 473 877 496 mentes
899 467 1008 495 illorum

224 521 274 541 sua
289 514 348 541 luce
368 513 524 549 perfundat.
544 513 650 541 Etenim
667 514 793 549 gentiles,
809 514 856 541 ubi
874 513 1008 548 Spiritum

224 563 350 586 sanctum
372 559 539 594 acceperint,
558 559 592 586 ab
609 559 667 594 ipsa
682 559 797 587 veritate
812 566 844 586 ac
860 558 1010 594 superiori-

224 605 275 632 bus
300 605 427 632 omnibus
450 605 526 632 hisce
546 605 710 632 testimoniis
734 603 910 638 refellentur,
929 604 977 632 sed
993 611 1008 632 a

224 650 301 677 vobis
319 643 434 676 maxime
447 654 549 677 sanctae
561 649 608 677 Dei
624 649 754 677 Ecclesia:
766 657 798 677 ac
809 649 871 677 ﬁdei
881 650 1011 677 orthodo-

224 703 264 722 xa:
277 695 348 722 ﬁliis.
367 695 465 722 Ducete
480 695 572 731 itaque
587 702 635 722 vos
649 696 696 730 qui
711 694 814 730 Spiritu
834 699 930 723 sancto
940 703 1010 731 praa-

224 741 274 767 dili
294 740 374 771 estis,
391 740 491 775 quibus
509 740 655 775 opportuni
673 741 809 768 sermonis
825 748 956 768 concessa
972 740 1010 767 fa-

223 787 313 813 rultas
324 790 365 813 est
381 793 443 812 cum
461 793 493 813 os
507 785 671 820 aperueritis
686 793 693 812 ε
709 786 825 820 primum
839 786 910 820 quod
927 785 1010 813 disci-

224 831 279 866 puli
299 839 360 858 esse
373 830 475 858 Christi
494 831 634 859 meruistis
655 835 795 865 pastorum
819 832 967 868 principis,
982 835 1009 859 et

1063 242 1210 278 ρυγμένης.
1222 242 1314 268 Ταῦτα
1324 242 1353 268 δὲ
1363 240 1522 268 ἀπιστοῦσιν
1534 242 1558 268 οἱ
1569 241 1688 273 ἄπιστοι,
1697 240 1853 276 παραφθείρ-

1063 296 1138 323 ρουσι
1154 286 1304 321 κακόδοξοι,
1318 287 1348 314 οὐ
1368 286 1488 322 δέχονται
1505 286 1662 322 φιλόνεικοι,
1676 285 1852 312 ἀπωθοῦνται

1061 332 1203 365 κενόδοξοι.
1224 333 1286 364 Τοῖς
1306 332 1336 359 δὲ
1351 333 1433 359 πᾶσιν
1453 333 1468 359 ό
1486 332 1552 364 Θεὸς
1569 331 1601 358 τὸ
1613 331 1686 362 ἕλεος
1701 330 1851 366 παράσχοι,

1060 379 1109 405 καὶ
1117 377 1260 412 διαυγάσοι
1270 377 1305 404 τὰ
1323 378 1500 412 ζεζοφωμένα
1513 377 1566 404 τῶν
1580 376 1778 411 διανοημάτων.
1788 375 1853 402 Ἕλ-

1060 424 1139 459 ληνες
1154 423 1203 459 μὲν
1214 423 1268 459 γὰρ
1277 422 1403 455 λαϐόντες
1414 423 1526 459 Πνεῦμα
1536 423 1622 458 ἅγιον,
1638 421 1851 457 ἐλεγχθήσονται

1061 470 1114 496 ὑπὸ
1141 469 1191 504 τῆς
1217 468 1345 504 ἀληθείας
1372 469 1419 495 καὶ
1449 468 1543 496 πασῶν
1572 468 1627 495 τῶν
1651 466 1854 503 προλεχθεισῶν

1062 514 1229 550 μαρτυριῶν,
1247 514 1362 549 μάλιστα
1374 514 1402 540 δέ
1419 513 1464 548 ὑφ’
1473 514 1549 549 ὑμῶν
1563 513 1617 540 τῶν
1628 513 1693 541 υἱῶν
1705 513 1756 548 τῆς
1768 513 1853 546 ἁγίας

1059 559 1106 586 τοῦ
1127 559 1194 586 θεοῦ
1210 558 1372 594 Ἐκκλησίας
1392 558 1439 585 καὶ
1458 558 1597 594 όρθοδόξου
1621 558 1748 589 πίστεως.
1773 557 1854 584 Διδά-

1061 612 1140 631 σκετε
1162 604 1216 639 γὰρ
1236 603 1363 636 λαϐόντες
1383 603 1496 639 Πνεῦμα
1521 603 1610 638 ἅγιον,
1635 603 1852 636 καταξιωθέντες

1060 649 1139 683 λόγου
1156 649 1266 676 εὐθέτου
1284 649 1313 675 ἐν
1325 648 1427 681 ἀνοίξει
1442 649 1489 676 τοῦ
1505 650 1654 684 στόματος·
1670 649 1778 685 πρῶτον
1790 649 1851 682 μὲν,

1060 694 1100 720 ὅτι
1123 694 1242 729 μαθηταὶ
1265 693 1311 720 τοῦ
1335 694 1453 729 Χριστοῦ
1476 693 1688 726 καταξιωθέντες
1710 691 1781 721 εἶναι
1803 693 1851 720 τοῦ

1060 739 1254 775 ἀρχιποιμένος
1271 740 1318 766 καὶ
1337 739 1491 774 προστάτου
1509 740 1564 766 τῶν
1585 739 1726 775 ἡμετέρων
1744 739 1850 774 ψυχῶν,

1059 783 1098 815 ὡς
1125 784 1160 811 τὰ
1185 784 1307 819 τρόφιμα
1334 786 1390 816 τοῖς
1413 784 1460 811 τοῦ
1485 785 1605 820 Χριστοῦ
1632 785 1767 820 ποιμνίοις
1794 786 1852 816 τοῖς

1061 828 1164 855 ἑαυτῶν
1196 828 1271 860 λαοῖς
1300 831 1516 863 συναγαγόντες,
1555 829 1741 864 μεριμνῶντες
1776 829 1852 860 ὅπως

224 872 375 902 animarum
390 879 546 902 nostrarum
563 875 756 906 moderatoris.
770 883 801 902 ac
815 876 948 910 praesidis,
966 880 1009 902 ut-

1062 873 1173 906 ὲαυτούς
1197 882 1226 903 τε
1248 874 1295 900 καὶ
1318 874 1365 900 τοῦ
1390 875 1457 901 θεοῦ
1483 875 1647 911 θρέμματα,
1667 875 1739 910 φημὶ
1758 874 1786 901 δὲ
1804 875 1852 900 τὸν

224 927 285 956 pote
299 922 345 956 qui
361 921 462 948 Christi
488 921 614 956 gregibus
625 940 632 952 ,
657 921 708 948 hoc
728 925 770 948 est
785 922 940 949 comnmissis
961 929 1011 957 po-

223 967 294 1001 pulis
305 967 433 993 alimenta
446 966 616 1000 colligentes,
627 966 653 992 in
662 973 720 992 eam
736 973 830 992 curam
843 966 1012 1000 iucumbitis,

223 1016 253 1038 ut
268 1016 322 1038 tam
338 1019 386 1038 vos
403 1011 487 1046 ipsos,
510 1018 591 1046 quam
611 1011 659 1038 Dei
676 1018 784 1045 pecora,
801 1019 897 1046 nempe
914 1019 1010 1046 quem~

223 1057 288 1084 libet
312 1057 359 1091 qui
381 1064 414 1084 ex
437 1060 532 1084 sancta
557 1056 602 1083 illa
623 1060 696 1084 terra
717 1063 778 1092 quae.
805 1057 878 1091 apud
900 1057 1011 1092 Moysen

223 1101 404 1137 significatur.
421 1101 538 1128 fructum
552 1109 648 1136 capere
662 1101 791 1132 voluerit,
807 1101 902 1128 sedulo
915 1108 1011 1136 pasca-

223 1147 268 1175 tis.
288 1147 354 1180 Quis
371 1147 453 1182 igitur
470 1147 602 1182 prudens,
620 1147 643 1175 si
660 1146 695 1174 ad
710 1154 758 1174 vos
774 1147 918 1182 religiosos
932 1155 963 1174 ac
979 1147 1012 1174 li—

222 1194 298 1221 deles
315 1193 453 1227 respiciat,
473 1200 489 1220 o
510 1193 639 1220 catholici
660 1196 688 1220 et
712 1191 841 1219 Ecclesiae
864 1192 912 1219 lilii
937 1192 1011 1227 (cum

223 1238 328 1272 aliquos
341 1237 464 1269 nomino,
478 1237 602 1264 veritatis
613 1244 709 1263 omnes
725 1236 806 1268 ﬁlios.
822 1236 861 1263 uti
877 1237 1010 1271 scriptum

223 1287 276 1315 est.
290 1283 484 1318 comprehendi
498 1282 581 1316 volo),
595 1282 670 1316 quis,
686 1281 807 1316 inquam.
823 1289 873 1309 vos
888 1282 1009 1315 intuens,

223 1328 257 1355 de
279 1329 375 1355 borum
392 1327 444 1355 lide
457 1327 609 1354 dubitabit?
630 1326 684 1354 Vos
701 1327 774 1354 enim
791 1327 922 1362 sapientis
936 1328 1010 1355 illius

223 1381 256 1401 ac
271 1373 428 1401 fortissima:
447 1373 569 1400 mulieris
592 1373 660 1400 estis
685 1372 750 1406 lilii,
775 1372 855 1406 cujus
878 1373 963 1400 decus
983 1377 1011 1401 et

223 1420 337 1455 gloriam
361 1419 489 1446 Salomon
514 1419 557 1446 his
575 1418 667 1446 verbis
690 1419 826 1453 expressit
845 1429 851 1445 :
870 1418 1011 1447 Mulierem

223 1466 318 1500 [artem
329 1466 386 1499 quis
400 1464 510 1492 inveniet
521 1464 529 1480 ¹
542 1463 554 1491 ’ἒ
572 1462 663 1497 Quare
677 1471 739 1491 cum
755 1471 845 1491 raram
862 1464 936 1491 illam
948 1472 1010 1493 esse

224 1511 266 1538 vel
282 1511 446 1546 singularem
462 1509 553 1544 potius
564 1509 686 1543 judicet,
702 1515 751 1535 vos
766 1507 839 1543 quod
856 1509 954 1537 melius
967 1513 1010 1538 est

1063 918 1223 954 βουλόμενον
1249 919 1357 952 πάντως
1377 919 1539 954 ὠφελεῖσθαι
1567 921 1599 946 ἐκ
1620 920 1667 955 τῆς
1691 920 1771 953 ἁγίας
1800 919 1852 954 γῆς

1060 965 1110 1000 ’τῆς
1134 964 1209 1000 παρὰ
1235 965 1339 1001 Μωῦσῇ
1367 965 1565 1001 αίνιττομένης,
1595 965 1724 1001 θρέψητε.
1754 965 1802 996 Τίς
1821 964 1851 990 δὲ

1060 1010 1114 1036 τῶν
1140 1010 1342 1046 εὐφρονούντων
1358 1011 1399 1042 εἰς
1420 1011 1491 1046 ὑμᾶς
1517 1012 1579 1042 τοὺς
1599 1010 1721 1041 εὐλαϐεῖς
1741 1010 1788 1036 καὶ
1809 1018 1853 1035 πι-

1062 1056 1141 1087 στοὺς
1161 1055 1285 1088 σκοπῶν,
1297 1053 1320 1082 ὦ
1333 1055 1466 1092 ὀρθόδοξοι
1485 1056 1531 1082 καὶ
1552 1056 1604 1082 υἱοὶ
1619 1056 1669 1089 τῆς
1687 1054 1850 1088 Ἐκκλησίας

1069 1102 1167 1137 (ἐνίους
1181 1102 1235 1137 γὰρ
1248 1102 1345 1136 λέγων,
1355 1103 1459 1135 πάντας
1475 1102 1536 1133 τοὺς
1554 1102 1628 1132 υἱοὺς
1645 1101 1693 1136 τῆς
1710 1100 1838 1135 ἀληθείας

1061 1147 1142 1182 λέγω,
1160 1148 1230 1174 κατὰ
1241 1148 1271 1174 τὸ
1284 1147 1497 1183 γεγραμμένον),
1510 1147 1554 1179 τίς
1571 1147 1634 1182 περὶ
1648 1146 1750 1173 τούτων
1763 1147 1834 1180 ἀμφι
1843 1161 1850 1166 -

1061 1194 1169 1226 Θάλλου
1191 1194 1279 1229 Σοφῆς
1297 1193 1351 1229 γὰρ
1364 1193 1440 1225 ὄντες
1461 1195 1508 1220 καὶ
1529 1193 1719 1228 ἀνδρειοτάτης
1738 1192 1791 1218 υἱοὶ
1801 1201 1851 1226 γυ-

1061 1238 1162 1270 ναικὸς,
1175 1237 1209 1274 ἦς
1216 1239 1246 1264 τὸ
1259 1238 1335 1270 κλέος
1344 1239 1420 1274 παρὰ
1430 1239 1582 1274 Σολομῶντι
1591 1239 1694 1272 λέγοντι
1706 1238 1852 1265 Τυναῖκα

1061 1283 1203 1318 ἀνδρείαν
1215 1283 1262 1317 τίς
1275 1283 1414 1318 sumini;
1427 1284 1464 1316 ὡς
1478 1284 1592 1316 σπανίας
1608 1284 1700 1319 οῦσης,
1713 1284 1811 1319 μᾶλλον
1822 1284 1852 1310 δὲ

1062 1330 1136 1364 μιᾶς,
1148 1328 1178 1355 τδ
1191 1330 1316 1366 κρεῖττον
1329 1329 1480 1362 ὲκλέξεσοε,
1493 1330 1540 1356 καὶ
1552 1330 1582 1356 τὸ
1593 1330 1731 1365 ὠᾳέλιμον
1740 1329 1852 1364 ἀγαπή-

1061 1372 1550 1409 σετε.’Λνὸρείιινδὲτνυναῖκανοεῖτέ
1565 1384 1610 1411 μοι
1627 1376 1676 1410 τὴν
1689 1375 1852 1410 Ἐκκλησίαν

1060 1422 1106 1448 τοῦ
1126 1422 1192 1448 Θεοῦ
1210 1422 1258 1458 τὴν
1275 1423 1352 1458 ὑμῶν
1377 1423 1492 1458 μητέρα,
1507 1419 1541 1458 ἧς
1560 1423 1635 1449 οὐδὲν
1653 1422 1850 1458 ἀνδρειότερον,

1060 1467 1231 1503 θνησκούσης
1260 1468 1321 1494 καθ’
1345 1469 1460 1495 ἕκαστον
1494 1468 1703 1504 ἐπεγειρόμενον
1732 1467 1851 1503 διωγμὸν

1063 1512 1133 1548 ὑπὲρ
1147 1513 1195 1540 τοῦ
1209 1514 1340 1549 ὀνόματος
1354 1514 1402 1541 τοῦ
1417 1514 1481 1541 ἰδίου
1494 1514 1600 1550 ἀνδρός.

224 1558 323 1591 eligite,
336 1561 362 1585 et
377 1556 449 1592 quod
459 1557 524 1583 utile
539 1559 583 1583 est
594 1556 729 1583 adamate.
746 1554 855 1583 Fortem
869 1563 935 1583 vero
959 1558 1095 1586 mulierem
1108 1560 1140 1587 ad
1167 1560 1318 1588 Ecelesiam
1340 1561 1399 1594 Dei,
1423 1565 1593 1596 matremque
1617 1564 1735 1588 vestram
1766 1559 1852 1595 perti-

225 1614 290 1633 nere
311 1609 416 1640 pulate.
435 1612 490 1640 qua
505 1603 572 1631 nihil
590 1611 652 1631 esse
671 1607 761 1639 potest
781 1604 891 1637 fortius,
908 1609 935 1632 ut
951 1613 1012 1640 quae
1028 1607 1144 1643 singulis
1158 1608 1313 1644 quibusque
1324 1609 1562 1644 persecutionibus
1587 1616 1636 1644 pro
1664 1608 1715 1636 viri
1728 1608 1772 1635 sui
1800 1614 1852 1635 no-

226 1651 299 1678 mine
318 1653 433 1677 mortem
449 1653 569 1685 oppetat.

259 1693 314 1721 Cll.
336 1693 436 1720 Eadem
456 1701 522 1720 vero
538 1693 732 1721 candidissima
748 1694 846 1722 mulier
859 1694 892 1722 de
908 1702 1009 1730 sponso

1095 1697 1155 1723 PB'.
1169 1697 1242 1733 Αὕτη
1265 1695 1311 1724 οὖν
1335 1698 1351 1733 ἡ
1374 1698 1567 1733 ἐπιεικεστάτη
1583 1697 1628 1724 τὸν
1651 1697 1714 1723 [διον
1735 1699 1852 1733 νυμφίον

225 1746 276 1766 suo
293 1739 439 1773 diligenter
457 1739 616 1766 sciscitatur
634 1738 661 1766 in
679 1739 802 1766 Canticis
815 1749 822 1767 :
837 1739 886 1766 Ubi
906 1741 1010 1775 pascis,

224 1784 270 1811 ubi
289 1786 371 1811 cubas
387 1785 414 1811 in
435 1784 543 1811 meridie
555 1786 565 1801 ³
576 1785 587 1811 ἳ
600 1784 727 1813 Christus
741 1792 807 1813 vero
823 1786 852 1812 in
872 1789 944 1813 terra
965 1786 1012 1813 illa

225 1839 278 1858 non
302 1830 383 1857 modo
404 1831 504 1866 pascit,
529 1830 577 1858 sed
592 1834 619 1858 et
636 1836 774 1865 pastorum
790 1839 902 1859 suorum
929 1832 1011 1867 pedes

225 1876 417 1903 calceamentis
433 1876 496 1903 exui
510 1875 598 1910 jubet,
623 1877 661 1904 uti
678 1875 785 1912 Moyses
806 1877 947 1912 principio
960 1878 1009 1905 de-

225 1921 341 1948 claravit
351 1921 373 1948 ⁸.
386 1920 408 1947 Δ
425 1928 480 1955 quo
493 1925 520 1948 et
534 1929 582 1948 vos
597 1921 728 1949 traditum
747 1922 813 1949 illud
833 1924 1011 1958 accipientes,

225 1966 343 2000 primum
361 1973 409 1992 eos
421 1965 468 2000 qui
483 1965 517 1992 ad
533 1970 654 1993 sanctam
669 1967 812 1995 scientiam
829 1968 1011 1995 introducun-

225 2011 281 2039 tur,
296 2012 356 2035 tuto
370 2008 491 2044 dirigite,
507 2014 534 2036 et
552 2014 582 2036 ut
599 2011 714 2045 quilibet
729 2012 836 2039 calceos
852 2016 935 2039 exuat
949 2013 1011 2039 dili-

225 2059 321 2088 genter
334 2052 445 2081 ‘el'licite.
459 2053 532 2080 Varii
547 2062 628 2089 porro
650 2060 714 2082 sunt
730 2056 946 2091 uniuscujusque
960 2063 1010 2083 no-

225 2103 312 2127 strum
332 2099 416 2127 calcei
429 2107 437 2131 ;
453 2107 516 2126 nam
531 2100 589 2128 suis
603 2101 719 2135 quisque
733 2100 814 2129 factis
824 2102 898 2129 velut
908 2102 1010 2129 calcea-

224 2145 322 2172 mentis
339 2145 479 2172 subnexus
493 2149 546 2172 est.
566 2145 654 2180 Atque
669 2147 747 2181 105
767 2147 819 2174 hoc
836 2147 918 2175 modo
931 2148 1011 2176 vobis

224 2190 326 2218 Christi
342 2189 484 2224 discipulis
494 2194 520 2217 et
530 2191 646 2225 egregiis
661 2192 816 2226 pastoribus
828 2193 1011 2228 obsequentes

225 2236 341 2271 singuli,
359 2235 382 2263 si
399 2235 462 2271 quis
485 2235 620 2264 idolorum
645 2237 718 2264 cultu
737 2239 811 2264 velut
830 2239 923 2266 calceo
945 2239 1010 2267 sub-

225 2281 339 2308 strictus
350 2285 402 2312 est.
414 2281 489 2308 hunc
503 2281 591 2316 ipsum
605 2281 708 2308 cultum
721 2286 810 2310 vestra
822 2283 1011 2312 cohortatione

226 2327 321 2359 solvit;
341 2327 412 2355 alius
427 2327 589 2355 adulterium
606 2328 690 2360 exuit,
707 2328 915 2358 fornicationem
928 2331 1009 2364 alius,

227 2371 297 2417 alius
311 2371 421 2405 furtum,
438 2372 612 2408 cupiditatem
627 2373 697 2401 alius
708 2378 735 2402 et
748 2376 898 2403 avaritiam.
915 2375 1008 2412 Neque
1025 2390 1046 2417 ι)

228 2416 280 2444 hoc
295 2420 409 2446 tantum.
425 2418 471 2445 sed
490 2424 517 2445 et
532 2418 721 2447 abominandis
735 2421 825 2449 verbis
837 2428 869 2448 ac
882 2423 1007 2457 turpibus

228 2461 398 2492 renuntians,
409 2469 456 2496 spe
470 2463 607 2491 felicitatis
622 2465 727 2492 illectus
742 2467 932 2502 unusquisque
947 2475 1009 2496 sese

229 2506 280 2534 sub
298 2506 473 2534 fortissimam
497 2509 590 2543 optimi
616 2511 734 2545 pastoris
755 2519 865 2539 manum
887 2520 935 2547 per
956 2521 1007 2542 vos

229 2551 374 2585 praeclaros
394 2550 543 2587 discipulos
558 2555 725 2588 pascendum
741 2557 888 2584 committit
905 2566 911 2584 :
928 2565 1009 2586 nemo

263 2630 271 2645 '
286 2628 365 2656 Prov.
383 2637 456 2664 xxxi,
474 2629 517 2658 l0.
561 2631 661 2660 'Cant.
680 2640 699 2666 ι,
717 2633 743 2660 7.
781 2633 792 2649 ³
809 2633 893 2661 Exod.
910 2642 951 2667 ιιι,
967 2635 994 2662 5'.

263 2706 325 2743 (65)_
338 2705 398 2743 ΔἜχε
411 2705 449 2743 [ᾖ
461 2706 506 2743 ,τῇ
529 2708 733 2743 προειρημένῃ.
749 2709 915 2737 Crediderim
931 2711 1007 2738 hisce

227 2741 256 2777 in
271 2741 360 2777 verbis
374 2742 403 2769 S.
419 2742 598 2776 Epiphanium
609 2741 613 2742 ⁷
623 2741 777 2777 respexisse
797 2745 830 2771 ad
844 2744 1004 2773 Ecclesiam.

227 2775 318 2813 Nostri
340 2775 499 2813 interpretes
522 2777 610 2804 locum
631 2775 707 2805 illum
733 2779 884 2813 exprimere
903 2779 1005 2809 Latinis

227 2810 316 2838 verbis
331 2811 569 2846 praetermiserunt.

1061 1742 1181 1777 ἀκριϐῶς
1191 1743 1281 1778 ἐρωτᾷ
1292 1743 1320 1769 ὲν
1335 1743 1367 1777 τῇ
1381 1742 1463 1777 βίϐλῳ
1474 1742 1528 1768 τῶν
1536 1742 1677 1777 ’ᾼσμάτων
1690 1750 1697 1757 ο
1715 1743 1777 1769 Ποῦ
1787 1751 1851 1769 πω-

1058 1787 1194 1821 μαίνεις;
1206 1787 1264 1814 ποῦ
1276 1787 1418 1821 κοιτὰζεις
1428 1788 1462 1814 ἐν
1469 1788 1654 1822 μεσημϐρίςι;
1665 1788 1808 1823 Ποιμαίνει
1823 1789 1852 1816 δὲ

1061 1832 1176 1867 Χριστὸς
1190 1833 1218 1858 ἐν
1233 1834 1267 1868 γῇ
1282 1834 1314 1868 τῇ
1330 1834 1516 1869 προειρημένῃ
1526 1833 1592 1868 (65),
1605 1833 1650 1860 καὶ
1659 1834 1688 1860 οὺ
1702 1834 1781 1868 μόνον
1792 1843 1852 1860 ποι-

1063 1878 1162 1912 μαίνει,
1183 1878 1252 1904 άλλὰ
1272 1879 1320 1906 καὶ
1341 1879 1507 1914 προστάσσει
1525 1879 1598 1906 λύειν
1615 1878 1644 1906 τὸ
1658 1879 1785 1915 ὑπόδημα
1797 1880 1852 1906 τῶν

1061 1923 1148 1949 ποδῶν
1160 1923 1214 1949 τῶν
1228 1924 1372 1958 ποιμένων,
1384 1924 1421 1955 ὡς
1433 1924 1553 1959 Μωῡσῆς
1565 1924 1673 1960 πρῶτον
1683 1925 1846 1960 λέγει.Παρ“

1061 1966 1092 1995 οῦ
1110 1967 1159 2003 τὴν
1179 1968 1327 2003 παράδοσιν
1348 1969 1545 2004 παρειληφότες
1564 1970 1610 1996 καὶ
1630 1970 1716 2002 αὐτοὶ,
1734 1971 1798 2002 τοὺς
1811 1971 1852 2001 είς

1060 2013 1111 2048 τὴν
1133 2013 1212 2046 ἁγίαν
1226 2014 1380 2049 ἐπιστήμην
1394 2015 1598 2049 εἰσαγομένους,
1612 2015 1739 2050 ἀσφαλῶς
1751 2024 1850 2051 χειρα-

1061 2058 1174 2091 γωγεῖτε
1185 2057 1240 2093 (66)
1259 2059 1375 2094 πρῶτον,
1390 2059 1425 2085 τὰ
1439 2059 1600 2095 ὑποδήματα
1611 2061 1727 2087 ἑκάστου
1740 2061 1850 2087 ἐπιλύε-

1062 2103 1122 2129 σθαι
1135 2103 1337 2138 ἐπιμελόμενοι.
1348 2104 1523 2140 ’Υποδήματα
1535 2105 1563 2132 δὲ
1578 2106 1692 2132 ἑκάστου
1705 2107 1782 2141 ἡμῶν
1793 2106 1849 2141 ἔχει

1060 2148 1207 2182 διαφοράν·
1228 2150 1261 2184 τῇ
1283 2149 1338 2184 γὰρ
1353 2150 1405 2185 ἰδίᾳ
1426 2151 1481 2185 (67)
1502 2151 1598 2177 ἑαυτοῦ
1617 2151 1714 2186 πράξει
1729 2151 1846 2182 ἕκαστος

1062 2193 1223 2228 ὑπεδήσατο.
1252 2195 1307 2221 Καὶ
1322 2194 1414 2222 λοιπὸν
1432 2195 1508 2231 ὑμῶν
1525 2196 1578 2222 τῶν
1595 2196 1723 2231 μαθητῶν
1740 2197 1786 2223 καὶ
1800 2206 1849 2223 κα-

1062 2238 1115 2265 λῶν
1134 2239 1270 2275 ποιμένων
1283 2241 1427 2268 ὑπακούων
1442 2241 1570 2275 ἓκαστος,
1587 2242 1615 2273 ὃς
1630 2243 1678 2277 μὲν
1697 2243 1849 2278 ὑπεδήσατο

1062 2284 1292 2321 εἰδωλολατρείαν,
1308 2287 1459 2314 ὐπελύσατο
1474 2289 1507 2324 τῇ
1521 2288 1600 2324 ἡμῶν
1611 2288 1735 2324 νουθεσίᾳ
1745 2297 1753 2304 ·
1769 2288 1847 2320 ἄλλος

1061 2331 1090 2357 δὲ
1107 2331 1228 2366 μοιχείαν
1243 2332 1405 2365 ὑπελύσατο,
1421 2334 1514 2369 ἔτερος
1530 2334 1666 2368 πορνείαν.
1687 2334 1766 2366 ἄλλος
1783 2334 1846 2361 κλο-

1060 2377 1124 2413 πὴν,
1142 2377 1171 2409 ὃς
1185 2377 1213 2404 δὲ
1232 2378 1396 2412 πλεονεξίαν.
1409 2379 1446 2406 Οὐ
1463 2380 1542 2415 μόνον
1556 2380 1596 2411 δὲ,
1615 2380 1682 2407 ἀλλὰ
1693 2380 1740 2407 καὶ
1758 2379 1847 2414 λόγοις

1061 2424 1204 2458 στυγητοῖς
1220 2424 1266 2450 καὶ
1280 2425 1400 2460 αἰσχροῖς
1419 2425 1539 2460 ῥήμασιν
1553 2427 1778 2461 ἀποτασσόμενοι,
1796 2435 1847 2460 μα-

1061 2468 1159 2503 καρίας
1172 2468 1182 2484 ⁸
1198 2469 1303 2496 ἐλπίσιν
1317 2470 1369 2496 ὑπὸ
1380 2472 1459 2505 χεῖρα
1473 2472 1605 2507 κραταιὰν
1616 2472 1663 2498 τοῦ
1676 2471 1777 2506 ἀγαθοῦ
1792 2480 1848 2498 ποι.-

1063 2514 1142 2548 μένος
1164 2514 1196 2540 δι’
1214 2515 1290 2550 ὑμῶν
1307 2516 1361 2543 τῶν
1386 2516 1475 2543 καλῶν
1490 2517 1564 2552 (τῶν)
1585 2517 1713 2553 μαθητῶν
1733 2517 1847 2548 ἕκαστος

1063 2559 1248 2594 βουκολεῖσθαι
1276 2562 1460 2598 παραδίδωσιν
1486 2563 1581 2592 ἑαυτόν
1596 2572 1603 2579 ·
1636 2564 1766 2599 ἀφέξεται
1792 2564 1846 2600 γὰρ

1032 2635 1044 2651 ⁸
1063 2634 1093 2662 Ρ.
1106 2637 1264 2673 μακαρίαις.

1167 2714 1382 2758 ξςιρᾳγγιιζξῖτε,
1392 2724 1483 2758 main
1508 2717 1596 2758 ducite
1606 2738 1613 2750 ,
1630 2718 1842 2758 niaiiuﬁirigile.

1059 2748 1152 2817 di
1169 2749 1207 2783 Τῇ
1219 2748 1272 2784 γὰρ
1288 2750 1357 2783 ἰδίᾳ,
1373 2755 1428 2779 etc.
1451 2752 1591 2780 Sententia
1607 2748 1843 2782 animadversioiie
