1939 3039
83 129 132 156 201

726 110 730 114 ”
774 127 995 157 ANCORATUS.

1663 128 1716 157 20?-

83 186 198 216 ἓκαστος
210 184 319 216 πάντως
336 185 386 220 τῆς
400 184 515 220 πλάνης,
534 186 588 212 Καὶ
602 185 655 221 πρὸ
666 185 814 221 ὀφθαλμῶν
827 194 877 212 πα-

934 185 999 212 enim
1017 185 1079 216 erit,
1094 184 1141 220 qui
1157 192 1210 211 non
1228 191 1350 213 errorem
1366 184 1487 220 abjiciat.
1503 184 1559 212 Vos
1574 189 1666 212 autem
1679 185 1716 213 ob

84 230 226 266 ρατίθεσθε
234 230 284 266 τὴν
294 230 432 266 ἀλήθειαν,
440 231 537 258 εἴδωλα
549 232 597 266 μὲν
607 232 872 267 παραχαράττοντες,

84 278 136 304 καὶ
148 276 300 310 ἀναφανδὸν
311 277 360 309 τὴν
372 277 437 312 περὶ
451 277 540 303 αὐτῶν
554 277 658 312 πλάνην
672 278 874 315 ἀνακηρύττον-

82 331 138 354 τες.
152 321 222 349 Οὕτε
234 322 290 358 γὰρ
300 323 412 358 νεκροὺς
424 322 535 354 τούτους
548 323 670 358 ἡγεῖσθε,
684 323 745 349 ἐπεὶ
758 324 795 359 μή
809 332 875 349 ποτε

83 367 203 403 ἔζησαν·
222 367 289 394 κενὰ
309 367 337 394 δὲ
355 368 401 393 καὶ
415 368 515 402 μάταια
532 368 580 396 καί
600 369 650 395 οὐκ
671 367 746 400 ὅντα,
763 369 876 400 εἰκότως

84 413 189 445 πάντας
205 413 320 440 πάντοτε
333 413 521 445 διδάσκοντες·
542 414 572 440 οὺ
586 414 641 450 γὰρ
653 411 723 450 ἦσάν
740 423 815 447 ποτε,
833 415 876 442 ἵνα

83 455 161 486 ὦσιν.
171 459 286 485 Ἐκεῖνοι
299 458 327 486 δέ
342 459 395 485 εισι
412 459 616 494 κακοδαίμονες,
632 459 804 495 ἀνθρωπίνης
820 461 877 486 δια-

84 505 160 535 νοίας
175 504 336 545 παράθεσις,
349 504 450 539 ἡδονῶν
467 505 594 541 ἀφορμὰς
606 505 793 541 ὲπιρῤεύσασα
803 505 874 542 (68)·

84 552 133 577 κει).
145 551 222 577 ἐνθεν
233 552 286 578 ὑπὸ
299 551 414 578 ἑκάστου
425 552 456 578 τὸ
468 552 532 578 ἴδιον
542 552 627 584 πάθος
637 554 676 585 είς
692 553 815 589 σέϐασμα
827 563 877 581 κυ-

85 597 174 632 ρωθὲν
189 597 365 633 τετόλμηται.
374 597 486 632 Πρῶτον
496 598 561 633 γὰρ,
573 599 654 630 εὐθὺς
669 599 712 626 ὅτε
728 599 807 626 τοῦτο
820 601 876 631 τοῖς

83 641 240 677 ἀνθρώποις
261 642 457 677 ὲκαινοτόμητο
481 643 524 669 διὰ
545 643 679 678 δαιμόνων
697 644 875 679 κακουργίας,

85 686 182 722 πρώτη
205 686 274 722 αὕτη
299 687 411 722 πορνεία
436 687 641 721 ἀπεφθέγγετο,
676 688 725 715 καὶ
748 697 877 724 σκιογρα-

84 733 264 768 φξαις(6θ)τά
273 733 369 759 εἴδωλα
379 733 696 769 προετυποῦτο.Ἐπειτα
712 734 809 770 τέχνην
825 734 874 770 τὴν

87 777 166 809 ἰδίαν,
187 778 220 812 ἦν
240 777 311 813 μετὰ
325 779 420 814 χήρας
430 777 502 812 εἶχεν
514 779 641 812 ἕκαστος,
651 779 683 806 δι’
696 777 731 816 ἦς
743 780 792 815 τὴν
800 780 878 807 εὐπο-

86 823 147 858 ρίαν
159 823 248 857 ἔσχεν,
258 825 297 855 είς
311 823 435 859 σέϐασμα
448 825 504 855 τοῖς
520 824 595 856 ἰδίοις
608 825 748 860 παρεδίδου
759 826 875 859 τέκνοις,

926 231 1021 258 oculos
1048 232 1194 258 veritatem
1223 230 1386 266 proponite.
1414 234 1441 257 ct
1455 230 1536 258 idolis
1562 229 1713 263 damnatis,

924 280 1093 311 quantopere
1118 276 1248 304 oberrent
1266 275 1283 302 ii
1302 275 1349 310 qui
1371 283 1402 302 ea
1419 281 1598 308 veneramur,
1623 276 1715 311 palam

923 326 953 350 et
967 322 1054 350 libere
1069 321 1225 357 praedicate.
1245 320 1338 356 Neque
1359 320 1431 348 enim
1447 324 1570 349 mortuos
1585 322 1647 349 illos
1660 322 1717 349 exi-

924 367 1055 401 stimate,
1081 372 1110 395 ut
1134 367 1181 402 qui
1202 367 1286 394 vitam
1313 366 1460 393 habuerint
1486 374 1640 401 nunquam;
1667 367 1714 395 scd

924 421 1006 446 vana,
1020 413 1122 445 inania,
1140 420 1191 440 nec
1204 419 1320 447 usquam
1334 411 1495 440 exsistentia
1507 411 1605 438 merito
1620 418 1716 438 omnes

927 466 959 486 ac
975 463 1106 494 perpetuo
1118 458 1229 486 docete:
1243 465 1330 492 neque
1341 457 1412 484 enim
1430 456 1577 492 aliquando
1595 456 1718 490 fuerunt,

927 508 957 531 ut
971 511 1033 532 esse
1053 504 1190 531 dicantur.
1205 503 1259 531 Sed
1279 503 1347 530 nihil
1364 502 1436 530 aliud
1456 506 1521 530 sunt
1535 506 1717 537 pmterqnam

927 550 991 577 mali
1006 550 1155 582 daemones,
1181 549 1356 586 cogitationis
1375 550 1501 576 humana:
1519 552 1717 580 commentum,

927 596 1000 631 quod
1015 597 1181 630 voluptatum
1195 595 1331 623 illecebris
1343 595 1504 623 occasiones
1520 595 1717 629 suppeditavit.

929 641 997 669 Ilinc
1014 641 1171 669 aﬂ‘ectiones
1196 641 1313 676 quisque
1330 648 1394 669 suas
1418 640 1511 668 divino
1526 641 1600 668 cultu
1619 647 1718 667 conse-

927 695 1007 715 crare
1029 695 1112 715 ausus
1129 691 1180 714 est.
1201 687 1240 713 Ac
1255 686 1390 721 principio
1403 686 1523 721 quidem,
1540 686 1717 720 simulatque

928 733 1082 760 daemonum
1102 732 1276 767 improbitate
1292 740 1391 760 novum
1409 731 1614 766 superstitionis
1631 739 1718 766 genus

928 777 956 805 in
978 778 1103 805 homines
1128 778 1264 805 invectum
1280 782 1333 808 est,
1355 777 1475 812 primum
1491 776 1636 804 fornicatio
1649 783 1718 803 vouc

929 830 960 850 ac
972 830 1098 851 sermone
1110 823 1210 850 tradita
1221 827 1277 855 est,
1290 830 1322 850 ac
1332 822 1394 850 rudl
1409 822 1524 857 picturae
1534 822 1718 849 delineatione

85 869 133 895 καὶ
151 869 196 895 διὰ
207 868 258 904 τῆς
281 869 346 904 ὕλης
369 870 418 905 τῆς
440 870 510 901 ιδίας
537 871 716 906 τεχνουργίας
733 871 812 903 θεοὺς
829 873 876 898 ἁν-

934 871 993 895 ;unt
1021 875 1150 902 expressa
1180 867 1336 895 simulacra.
1362 868 1465 895 Deinde
1494 874 1575 902 quam
1600 868 1719 902 quisque

85 914 248 940 επ).άσαντο-
266 915 312 941 καὶ
331 915 470 950 κεραμεὺς
489 915 538 950 μὲν
560 917 592 942 ὲκ
607 915 704 951 πηλοῦ,
726 916 830 943 τέκτων
844 917 875 943 ὲκ

86 957 166 990 ξύλου
180 958 247 994 (70),
270 959 415 994 χρυσοχόος
432 960 464 986 ὲκ
485 959 609 995 χρυσίου,
626 960 673 987 καὶ
687 961 876 995 ἀργυροκόπος

84 1002 227 1036 ὡσαύτως.

122 1134 184 1161 PI".
200 1135 260 1161 Ἔτι
275 1135 302 1162 δὲ
317 1135 397 1164 πάλιν
412 1136 527 1168 ἕκαστος
543 1137 598 1172 (7l)
611 1137 641 1164 τὸ
658 1137 723 1164 ἴδιον
739 1138 824 1170 πάθος
838 1139 878 1171 εἰς

89 1181 198 1215 μορφὴν
213 1181 364 1215 ὲμφερείας
378 1182 386 1197 ί
400 1182 454 1208 τῶν
468 1182 538 1208 ἰδίων
555 1182 702 1218 ὀφθαλμῶν
720 1183 876 1219 διέγραφεν.

93 1225 124 1251 ’0
145 1225 194 1259 μὲν
221 1225 366 1260 αἰμοὸὀρος
387 1234 428 1258 τις
452 1226 521 1262 ἀνὴρ
534 1227 619 1262 Ἄρεα
639 1228 763 1261 φάσκων·
786 1229 878 1264 μοιχὸς

88 1269 118 1296 δὲ
131 1270 148 1305 ἢ
164 1270 261 1304 μοιχὰς
283 1271 332 1305 τὴν
357 1270 515 1297 πολύκοινον
548 1271 725 1306 Ἀφροδίτην·
746 1271 879 1307 τύραννος

87 1314 117 1341 δὲ
138 1315 228 1350 Νίκην
243 1315 438 1350 ἀναπτερώσας
449 1323 456 1330 ·
477 1315 622 1351 αὐχμώδης
633 1316 688 1352 γὰρ
702 1317 749 1343 καὶ
764 1318 828 1353 περὶ
845 1318 880 1345 τὰ

89 1360 206 1395 βιωτικὰ
216 1361 348 1395 κεχηνὼς.
361 1361 465 1396 Κρόνου
478 1361 522 1387 τὸν
535 1361 618 1388 τύπον
633 1362 736 1398 ἔγραφε
748 1370 755 1378 ⁸
769 1363 880 1399 θηλυνό-

90 1415 171 1442 pavo;
186 1406 232 1432 ’δὲ
247 1406 374 1441 Κυϐέλην
388 1406 435 1433 καὶ
450 1406 537 1439 Ῥέαν,
547 1407 592 1434 διὰ
607 1407 637 1434 τὸ
652 1408 775 1442 ῥευστδν,
791 1407 878 1444 οἶμαι,

87 1452 140 1486 τῆς
150 1451 205 1478 ἀπὸ
218 1451 272 1478 τῶν
293 1452 426 1486 σωμάτων
444 1451 605 1486 πολυμιξίας
616 1460 622 1467 ·
640 1452 719 1483 ἄλλος
731 1461 762 1479 τε
779 1453 880 1488 ρἐϐος

88 1499 106 1532 ἢ
127 1497 233 1532 ρεμϐἆις
246 1498 376 1533 ’Ἄρτεμιν
394 1497 578 1532 κυνηγέτριαν
592 1498 813 1533 προετύπου,καὶ
832 1498 881 1534 μέ-

89 1545 173 1570 θυσον
187 1544 325 1575 Διόνυσον,
341 1544 388 1569 καὶ
400 1543 569 1578 πολύμοχθον
592 1543 729 1579 Ἠρακλέα
740 1551 746 1559 ⁵
765 1543 882 1579 πολύμιξ
896 1536 917 1565 (ἶ

89 1591 170 1622 ᾶέτις
191 1590 239 1616 Δία
253 1589 300 1616 καὶ
323 1589 487 1616 Ἀπόλλωνα.
506 1589 559 1615 Καὶ
575 1588 600 1614 τί
617 1597 660 1623 μοι
677 1588 712 1615 τὰ
732 1588 821 1623 πλήθη
838 1588 882 1615 λέ-

89 1644 151 1669 γειν
160 1636 265 1670 μυρίων
280 1634 374 1660 παθῶν
387 1635 415 1660 ὲν
430 1633 582 1668 ἀνθρώποις
595 1633 771 1668 ὑπαρχόντων
782 1641 788 1665 ;
799 1633 882 1659 Πλέον

89 1681 120 1707 δὲ
138 1681 247 1712 πάντως
264 1679 408 1713 Αἰγύπτιοι
431 1678 613 1714 πλανηθέντες
634 1679 664 1705 οὺ
682 1679 761 1714 μόνον
775 1678 809 1704 τὰ
830 1678 882 1705 ἴδια

90 1728 167 1763 πάθη
180 1726 378 1762 ἐσεϐάσθησαν,
390 1725 457 1752 ἀλλὰ
473 1725 561 1760 πτηνὰ
582 1726 628 1752 καὶ
648 1726 809 1761 τετράποδα,
821 1735 884 1762 χερ-

92 1774 158 1800 σαῖά
182 1781 213 1798 τε
234 1772 281 1798 καὶ
298 1772 404 1807 ἔνυδρα,
423 1772 470 1798 ml
490 1771 624 1798 ἀτίθασσά
644 1780 704 1798 τινα
724 1771 816 1807 θηρία.
837 1773 883 1798 καὶ

45 1831 49 1835 -
91 1819 126 1845 τὰ
139 1819 180 1849 είς
191 1817 272 1844 δοῦλα
285 1817 376 1849 αὐτοῖς
393 1817 445 1843 ὑπὸ
452 1817 499 1843 τοῦ
515 1817 592 1850 ἁγίου
602 1816 669 1843 Θεοῦ
685 1817 883 1852 παραδοθέντα,

91 1866 126 1900 τῇ
145 1863 221 1896 τάξει
241 1863 420 1898 μετήλλαξαν,
447 1863 494 1889 καὶ
509 1863 546 1894 ὡς
555 1863 632 1893 ὄντες
648 1864 680 1898 τῇ
696 1863 799 1898 διανοίᾳ
816 1872 879 1898 κτη-

93 1909 199 1941 νὼδεις,
226 1909 406 1944 ὕπερσέῧουσι
420 1909 454 1935 τὰ
479 1908 534 1940 ζῶα
557 1909 591 1934 τὰ
612 1910 677 1944 παρ’
705 1909 807 1942 αὐτοῖς,
826 1909 885 1935 θεο-

93 1955 247 1988 ποιοῦντες,
266 1955 313 1981 καὶ
330 1955 380 1981 οὐκ
392 1955 581 1990 αἰσχυνόμενοι
605 1954 673 1980 κύνα
687 1955 717 1980 τὸ
729 1955 884 1988 ὑλακτικὸν,

92 2002 221 2036 αἴλουρον
233 2001 263 2027 τὸ
278 2000 476 2035 ἑρπετοφάγον,
490 2000 591 2035 τράγον
608 2000 638 2026 τὺ
649 2000 809 2033 ἀκόλαστον,
820 2001 884 2037 πρό-

94 2047 178 2074 ϐατον
203 2048 234 2074 τὺ
258 2047 383 2082 βληχρὺν.
412 2047 581 2082 κροκόδειλον
602 2047 633 2074 τὸ
656 2047 814 2083 πολυσχιδὲς
840 2048 886 2074 καὶ

94 2092 291 2127 ἁμειδέστατον
315 2091 336 2123 ³,
367 2091 420 2117 ῖϐιν
434 2091 483 2126 τὴν
508 2090 622 2126 ίοϐόρον,
650 2091 697 2118 καὶ
719 2093 815 2125 ίκτῐνα,
839 2093 886 2119 καὶ

97 2138 207 2173 ἱέρακα.
240 2137 288 2164 καὶ
317 2138 422 2172 κόρακα
436 2137 470 2163 τὰ
493 2137 758 2172 δονλοπρεπὲστατα,
781 2137 842 2172 ὅφιν
858 2137 886 2164 δὲ

94 2184 126 2210 τὺ
141 2183 248 2210 σκολιὸν
264 2182 309 2209 καὶ
324 2183 488 2218 ἀηδέστατον
500 2190 506 2195 ·
530 2181 577 2208 καὶ
601 2181 779 2214 ἁπαξαπλῶς,
795 2182 818 2208 ὣ
836 2181 886 2216 τῆς

98 2229 221 2265 μεγάλης
240 2228 371 2263 αίσχύνης
391 2228 445 2254 τῶν
461 2228 528 2264 μηδὲ
544 2228 605 2262 δψιν
621 2228 674 2254 τῶν
693 2227 797 2254 ἑαυτῶν
809 2227 886 2261 ἐλέγ-

97 2283 152 2309 χων
170 2275 181 2290 ⁵
197 2273 410 2304 κατανοοὺντων,
441 2272 488 2299 καὶ
515 2272 551 2307 μὴ
577 2272 673 2304 ἀκοαῖς
692 2272 740 2308 τὴν
763 2271 887 2307 αἴσθησιν

97 2318 378 2356 παραλαμϐανόντων,
410 2318 477 2353 μήτε
499 2317 603 2353 διανοίᾳ
635 2318 689 2345 τῶν
711 2319 776 2353 παρ’
797 2318 888 2349 αὐτοῖς

649 2393 807 2428 θηλυνόμος.

134 2396 141 2412 ¹
168 2403 215 2430 γρ·
239 2393 486 2430 μορμοεμφερείας-
554 2394 621 2428 ἠρ-

99 2430 222 2465 ἔλεγχον.

137 2506 194 2543 (68)
209 2505 408 2543 Animadverte
430 2513 490 2540 quae
506 2506 592 2541 prima
608 2505 686 2540 juxta
706 2505 887 2541 Epiphanium

102 2540 226 2570 Inanium
243 2540 355 2568 deorum
368 2540 452 2576 origo.

138 2568 518 2612 (limitem-magiaﬁprimd
540 2575 586 2602 illa
600 2575 808 2612 reirdelineatio
833 2582 887 2610 qua

121 2611 222 2638 ic’tores
237 2611 264 2637 in
278 2611 368 2646 tabula
386 2611 425 2637 rei
441 2611 563 2646 ejusdem
580 2611 698 2646 speciem
711 2611 887 2637 adumbrant.

121 2619 222 2638 ictores
237 2619 264 2637 m
278 2619 368 2637 tabula
386 2619 425 2637 rei
441 2619 563 2646 ejusuem
580 2619 698 2645 speciem
711 2619 887 2637 atlumDI'anl.

101 2619 162 2673 Itali
171 2645 319 2674 vernaculo
332 2653 459 2673 sermone
471 2646 650 2680 nostro,quod
664 2645 748 2673 (ἰηιιυί
767 2653 892 2680 σκιογρα-

103 2681 293 2716 φίανννοςοηι,
306 2679 403 2716 dicere
412 2679 604 2716 consuevimus
621 2680 801 2716 cltiarosruro.

138 2715 195 2750 (70)
215 2714 332 2750 Τέκτων
346 2715 380 2741 ἐκ
392 2714 497 2747 ξύλου,
510 2714 598 2742 Faber
611 2715 739 2749 lignarius
749 2722 781 2741 ea;
795 2714 865 2749 ligno
880 2722 889 2740 :

101 2750 175 2786 quod
191 2753 234 2777 est
250 2750 277 2776 in
288 2749 380 2786 lfatina
398 2750 521 2786 versione
533 2750 675 2786 omissum.

138 2785 195 2820 (7|)
209 2785 274 2811 Ἔτι
289 2783 429 2820 demim-
441 2785 578 2820 ἕκαστος.
602 2784 749 2812 Clementis
772 2784 891 2820 Alexan-

103 2818 176 2848 drini
189 2820 268 2848 locus
283 2818 378 2848 eodem
395 2819 511 2854 pertinet
531 2819 676 2846 Strnm.vn
696 2828 702 2846 :
723 2819 851 2854 ’Έλληνες
864 2818 893 2845 δὶ

266 2866 400 2896 Ρλτιιοιμ
416 2867 475 2897 (in.
498 2867 609 2898 XLIII.

874 2394 884 2409 ³
908 2393 937 2421 F.
965 2394 1144 2421 ἀειδέστατον.

929 914 1073 941 exercebat
1084 917 1182 947 artem,
1197 922 1249 948 qua
1259 914 1446 948 quotidianum
1461 914 1513 941 sibi
1527 915 1627 941 victum
1644 922 1720 949 quae-

929 963 1011 991 reret,
1026 959 1206 986 venerandam
1222 967 1254 986 ac
1267 959 1408 986 colendam
1423 959 1516 986 liberis
1531 959 1589 986 suis
1602 959 1717 988 obtulit:

929 1004 1002 1032 unde
1017 1012 1051 1032 ex
1068 1004 1198 1039 peculiari
1223 1004 1291 1031 artis
1317 1011 1373 1031 suae
1402 1004 1515 1031 materia
1539 1004 1639 1039 singuli
1665 1005 1717 1032 sibi

930 1048 997 1076 deos
1013 1047 1185 1080 eﬂinxerunt,
1210 1047 1293 1074 veluti
1313 1047 1410 1081 figulus
1431 1055 1446 1074 e
1471 1048 1539 1080 luto,
1563 1048 1669 1075 aurifex
1683 1056 1718 1075 cx

931 1100 1007 1124 auro,
1029 1098 1055 1120 et
1070 1093 1240 1128 argentarius
1256 1092 1332 1119 faber
1348 1100 1379 1120 ex
1397 1096 1520 1127 argento.

966 1138 1031 1166 CIII.
1051 1138 1090 1166 Ad
1107 1139 1164 1165 haec
1182 1137 1353 1166 all‘ectionem
1371 1137 1562 1172 unusquisque
1586 1143 1665 1165 suam
1684 1137 1719 1164 ad

931 1189 991 1209 eam
1015 1182 1161 1216 imaginem
1180 1190 1261 1217 quant
1283 1182 1319 1209 ob
1333 1182 1428 1209 oculos
1446 1181 1498 1209 sibi
1520 1185 1717 1217 prbposuerat.

931 1227 1086 1262 descripsit.
1103 1227 1194 1261 Itaque
1208 1227 1329 1255 crudelis
1339 1227 1476 1261 quispiam
1488 1230 1514 1253 et
1526 1227 1719 1261 sanguinarius

932 1273 1012 1300 deum
1025 1279 1087 1300 esse
1111 1271 1224 1300 Martem
1249 1272 1386 1304 asseruit;
1409 1271 1533 1299 mmchus
1555 1272 1656 1306 aliquis
1673 1276 1721 1299 aut.

933 1317 1049 1351 nttecha,
1061 1317 1244 1352 promiscuam
1260 1316 1394 1344 Venerem
1406 1325 1414 1350 ;
1426 1320 1559 1352 tyrannus
1571 1316 1719 1345 Victoriam

933 1363 1031 1398 pennis
1048 1363 1195 1396 instruxit;
1217 1363 1360 1398 squalidus
1377 1362 1421 1390 ille
1437 1370 1468 1389 ac
1482 1363 1560 1390 lucro
1577 1367 1604 1390 et
1620 1363 1720 1399 opibus

934 1409 1043 1436 inhians
1060 1408 1169 1435 Saturni
1191 1408 1306 1445 eﬂigiem
1330 1409 1433 1443 edidit;
1454 1409 1627 1437 eﬂ'eminatus
1651 1409 1722 1437 alter

934 1454 1051 1488 Cybelen
1065 1458 1091 1481 et
1103 1454 1216 1486 Rheam,
1232 1458 1341 1490 propter
1356 1455 1468 1483 rheusin
1483 1455 1541 1483 sive
1556 1454 1719 1490 proﬂuvium

936 1500 1017 1533 illud,
1039 1500 1146 1534 opinor,
1167 1500 1238 1535 quod
1257 1501 1284 1528 in
1318 1501 1414 1528 crebra
1435 1508 1582 1536 corporum
1606 1502 1722 1528 cummi--

935 1546 1025 1573 stione
1045 1549 1147 1579 scatet;
1164 1554 1250 1581 vagus
1262 1546 1330 1574 alter
1345 1551 1464 1582 autvaga
1479 1547 1643 1575 venatricem
1659 1546 1722 1574 Dia-

936 1599 997 1618 nam
1014 1591 1141 1624 instituit,
1163 1596 1209 1619 aut
1225 1592 1364 1619 ebriosum
1380 1592 1529 1623 Bacchum,
1542 1597 1589 1619 aut
1604 1592 1723 1620 laborio-

936 1643 996 1663 sum
1016 1635 1176 1668 Herculem;
1196 1637 1242 1671 qui
1262 1637 1443 1671 promiscuam
1460 1645 1584 1665 venerem
1599 1637 1724 1665 sectaba-

937 1685 992 1714 tur,
1009 1681 1102 1709 Jovcm
1119 1687 1145 1708 et
1160 1682 1324 1716 Apollinem.
1345 1681 1415 1715 Quid
1440 1685 1529 1710 autem
1547 1682 1643 1709 attinet
1663 1684 1724 1709 mll-

937 1726 1056 1753 nitarum
1078 1727 1104 1753 in
1130 1726 1286 1754 hominibus
1312 1726 1485 1754 affectionum
1512 1734 1655 1754 recensere
1676 1734 1723 1754 co-

937 1772 1030 1807 piam?
1051 1772 1129 1807 106
1149 1772 1201 1799 Sed
1217 1772 1357 1799 nationum
1373 1772 1495 1799 omnium
1509 1780 1629 1800 errorem
1646 1772 1725 1799 facile

937 1822 1102 1852 superarunt
1115 1817 1233 1853 Aigyptii
1250 1827 1256 1844 :
1269 1819 1313 1852 qui
1327 1825 1379 1844 non
1395 1817 1552 1846 all’cctioncs
1566 1819 1646 1845 modo
1659 1827 1724 1846 snas

938 1862 1050 1890 deorum
1066 1863 1153 1889 instar
1178 1862 1296 1890 venerati
1321 1867 1406 1889 sunt:
1428 1862 1476 1889 sed
1496 1866 1522 1889 ct
1548 1863 1674 1890 volucres
1693 1871 1724 1890 ac

938 1907 1139 1943 quadrupedes,
1152 1908 1292 1934 terrestria
1307 1907 1398 1934 itidem
1413 1911 1439 1934 et
1454 1907 1480 1933 in
1491 1907 1570 1942 aquis
1587 1908 1723 1942 (lt-gentia,

939 1953 1084 1980 nonnullas
1102 1952 1174 1980 feras
1194 1957 1221 1979 et
1237 1958 1359 1987 agrestes
1381 1952 1495 1984 belluas,
1511 1960 1598 1988 caque
1614 1953 1724 1980 demum

940 1998 1089 2024 animantia
1113 2005 1173 2032 qua:
1192 1998 1243 2025 sibi
1266 1998 1300 2024 ad
1323 1998 1482 2025 servitutem
1509 2005 1524 2025 a
1542 1998 1597 2026 Deo
1622 1998 1725 2025 tributa

940 2042 1059 2076 fuerant,
1079 2042 1178 2071 divinis
1196 2043 1346 2070 honoribus
1369 2042 1526 2071 aﬂ‘ecerunt.
1544 2043 1599 2071 Nec
1616 2051 1664 2072 cos
1683 2045 1726 2071 vel

940 2089 1016 2116 canis
1032 2089 1158 2117 latrantis
1174 2089 1282 2124 puduit.
1297 2090 1339 2116 vel
1354 2090 1430 2116 zeluri
1447 2090 1493 2125 qui
1509 2090 1651 2125 reptilibus
1676 2098 1726 2124 pa-

940 2136 1042 2168 scitur,
1057 2135 1098 2162 vel
1119 2135 1186 2162 hirci
1206 2135 1354 2169 libidinosi,
1365 2136 1406 2164 vel
1429 2136 1572 2164 imbecillis
1593 2136 1707 2163 oviculze
1718 2156 1726 2168 ,

939 2181 981 2209 vel
997 2181 1123 2208 multiﬁdi
1141 2186 1168 2209 et
1183 2182 1373 2210 immanissimi
1387 2183 1528 2216 crocodili,
1544 2187 1585 2210 vet
1602 2182 1654 2210 ibis
1667 2190 1726 2217 qua:

941 2234 1044 2254 veneno
1059 2228 1187 2261 vescitur,
1200 2231 1246 2255 aut
1258 2228 1354 2262 milvii,
1367 2233 1413 2256 aut
1423 2229 1572 2263 accipitris,
1583 2233 1629 2256 aut
1638 2229 1725 2260 corvi,

940 2281 1001 2308 quae
1012 2273 1122 2300 servilia
1144 2274 1170 2300 in
1185 2273 1280 2308 primis
1301 2273 1427 2301 animalia
1445 2278 1518 2307 sunt,
1539 2281 1588 2300 nec
1610 2275 1726 2302 tortuosi

941 2318 1059 2353 denique
1079 2326 1111 2345 ac
1132 2318 1275 2346 ftedissimi
1297 2318 1443 2353 serpentis.
1463 2318 1496 2345 Et
1517 2323 1547 2345 ut
1564 2319 1658 2354 paucis
1678 2319 1727 2347 ab-

1196 2394 1206 2410 δ
1225 2393 1290 2421 Cor.
1310 2393 1363 2420 τῶν
1384 2393 1446 2429 μηδ’
1459 2393 1519 2428 ὕψει
1554 2394 1600 2421 τδν
1624 2395 1728 2422 ἑαυτῶν

941 2505 1036 2541 ὥσπερ
1049 2505 1310 2541 ὰνθρωπομόρφους,
1326 2504 1413 2536 οὕτως
1431 2505 1478 2541 καὶ.
1503 2504 1729 2541 ἀνθρωποπαθεῖς

940 2541 1004 2576 τοὺς
1021 2539 1106 2572 θεοὺς
1126 2539 1299 2576 ὑποτίθενται
1311 2547 1317 2554 '
1335 2540 1382 2566 καὶ
1408 2539 1534 2576 καθᾲπερ
1556 2539 1608 2576 τὰς
1622 2539 1729 2576 μορφὰς

941 2575 1030 2602 αὐτῶν
1046 2575 1144 2619 paulo“;
1159 2575 1399 2619 léauco‘igmilxaqtot
1421 2574 1670 2619 διαζωγραφοῦσιν,
1692 2575 1731 2619 ῶς

941 2619 1024 2645 φησιν
1042 2611 1056 2636 ὸ
1066 2609 1230 2644 Ξενοφάνης.
1247 2609 1373 2645 Αἰθίοπές
1390 2609 1440 2644 (τε)
1453 2609 1570 2645 μέλανας
1587 2618 1618 2636 τε.
1633 2610 1730 2645 σιμούς

941 2643 983 2681 τε,
1003 2645 1110 2681 Θρᾷκές
1120 2653 1149 2681 τε
1159 2643 1278 2681 πυρροὺς
1290 2646 1338 2671 καὶ
1351 2643 1487 2681 γλαυκοῇς
1497 2644 1604 2681 ὀὕτως
1618 2643 1669 2672 καῖ
1680 2645 1729 2676 τὰς

941 2679 1031 2714 ψυχὰς
1057 2679 1212 2714 όμοιοῦσιν,
1232 2680 1278 2706 καὶ
1308 2681 1364 2710 τοῖς
1390 2679 1482 2710 αὐτοῖς
1502 2679 1729 2706 ἀναπλάττουσιν.

942 2713 1045 2750 Αὐτίκα
1060 2713 1192 2750 βάρϐαροι
1212 2715 1257 2748 (οἱ)
1274 2715 1325 2750 μὲν
1338 2713 1491 2750 θηριώδεις,
1504 2714 1552 2740 καὶ
1569 2713 1730 2750 ἀγρίους-τὰ

942 2749 1006 2784 ἢθη,
1018 2747 1210 2784 ἡμερωτέρους
1229 2749 1256 2775 δὲ
1271 2747 1409 2784 Ἕλληνές,
1426 2748 1494 2784 πλὴν
1510 2747 1653 2784 ἐμπαθεῖς.
1668 2747 1728 2774 Ila‘c

944 2783 977 2811 ad
990 2783 1083 2812 locum
1098 2783 1257 2819 praesentem
1275 2783 1415 2816 Petavius.

1591 2865 1612 2894 '1
