1939 3039
120 223 173 251 209
822 232 885 261 ΛΝ(

989 231 1042 260 L‘S.
1699 233 1751 261 alo

155 283 227 316 PG".
246 283 301 310 Καὶ
322 284 348 310 τί
375 292 421 319 μοι
442 285 475 312 τὰ
498 285 586 322 πλήθη
606 287 695 322 λέγειν
715 288 761 316 τοῦ
784 291 907 324 γενναίου

996 290 1064 318 CVI.
1086 290 1156 324 Quid
1174 291 1219 319 hic
1234 291 1335 327 egregii
1349 291 1422 318 illitis
1438 291 1603 326 stupratoris
1624 298 1655 319 ac
1674 298 1751 319 scon-

120 328 215 356 τούτου
236 329 361 365 φθορὲως
371 349 377 361 ,
400 330 447 357 καὶ
460 331 593 366 φθορείων
605 334 612 348 ¹
630 333 808 368 διδασκάλους
828 332 865 362 Οὖ
880 345 885 353 υ

987 341 1085 364 uorum
1103 338 1228 373 magistri
1244 336 1349 365 inﬁnita
1366 337 1468 372 ﬂagitia
1486 338 1682 372 percenseam?
1697 337 1752 365 Cu-

120 374 217 409 μνῆμα
241 374 291 401 οὐκ
309 374 412 410 ὀλίγοις
434 377 491 403 ἐστὶ
513 377 608 413 δῆλον·
628 380 657 405 ὲν
681 380 779 416 Κρήτῃ
800 381 852 417 γὰρ
877 390 885 407 λι

985 391 1008 410 IS
1032 384 1188 418 sepulcrum
1213 384 1352 419 plerisque
1375 384 1514 418 cognitum
1537 387 1602 410 cst:
1627 384 1700 419 quod
1723 384 1750 410 in

119 420 194 455 νήσῳ
208 421 236 447 ἐν
261 419 301 455 τῷ
323 420 383 456 ὄρει
402 421 442 457 τῷ
465 422 604 459 λεγομένῳ
628 425 721 460 Λασίῳ
734 446 740 456 ,
759 426 810 459 ἕως
832 427 884 463 δεῠέ

984 429 1055 456 isula
1078 430 1160 457 Creta
1179 430 1207 457 in
1225 434 1317 457 monte
1331 429 1412 457 Lasio
1433 429 1466 456 ad
1482 429 1553 456 hanc
1573 436 1660 463 usque
1679 428 1749 455 diem

118 465 395 494 δακτυλοδεικτεῖται.
410 468 496 503 Ζῆνες
512 469 540 495 δὲ
557 470 606 505 οὺχ
620 469 666 503 εἷς
679 471 695 507 ἦ
710 471 768 504 δύο,
783 472 850 500 ἀλλὰ
865 482 882 500 κ

985 474 1050 510 igito
1067 475 1252 504 demonstrari
1274 475 1356 503 solet.
1379 475 1515 502 Cmterum
1536 481 1592 501 non
1609 481 1681 500 unus
1705 477 1750 500 aut

119 512 194 554 τρεῖς
208 512 256 538 καὶ
264 512 398 549 τέσσαρες
410 515 538 548 γεγόνασι
547 515 593 542 τὸν
608 516 734 552 ἀριθμόν.
751 518 781 544 Ὁ
800 517 848 553 μὲν
857 518 884 552 γὲ

984 519 1035 546 lter
1052 517 1169 554 Jupiter,
1189 520 1237 547 sed
1254 523 1310 546 tres
1329 522 1482 554 quatuorve
1502 524 1616 544 numero
1632 516 1748 544 fuerunt.

119 553 161 587 εἷς
184 556 275 583 αὐτῶν
293 556 430 593 Κρονίδης
443 559 457 585 ό
471 559 681 596 προειρημένος,
698 562 712 588 6
731 562 884 598 ταρταρώσι

986 571 1087 596 tuorum
1101 572 1173 592 unus
1187 553 1388 592 Satnrniusrest
1403 564 1457 594 ille.
1470 563 1503 591 de
1518 571 1572 599 quo
1586 563 1751 590 mentionem

118 602 166 628 τὸν
189 602 256 629 ἰδιον
280 603 364 630 αὑτοῦ
387 604 495 640 πατέρα
521 605 550 632 ὲν
571 605 610 641 τῷ
629 607 780 643 Καυκασίῳ
802 607 874 643 ὄρει·

985 609 1093 642 :cimus,
1114 610 1162 645 qui
1183 609 1216 637 ad
1236 610 1390 637 Caucasum
1411 612 1531 636 montem
1550 612 1654 643 patrem
1671 615 1750 635 suum

117 647 142 673 δ’
157 647 238 680 ἄλλος
251 649 417 684 Λατριάριος
434 649 489 685 (84)
504 651 659 686 γενόμενος,
675 652 704 685 ἐξ
719 649 806 689 οὗπερ
824 655 848 680 οἰ
865 663 882 689 μ

987 664 992 680 l
1010 654 1173 689 profundum
1189 654 1337 687 demersit;
1353 655 1421 681 alter
1433 653 1551 682 Latiaris
1566 653 1656 680 dictus
1668 656 1720 684 est,
1737 660 1751 679 ιι

117 694 234 729 νομάχοι
251 696 412 729 γεγόνασιν⁴
428 696 508 729 ἄλλος
521 697 549 724 δὲ
566 699 580 725 6
599 700 749 735 τραγῳδὸς,
768 701 781 726 6
797 700 844 727 καὶ
863 710 882 727 τί

987 707 1020 726 uo
1035 700 1204 735 gladiatores
1219 700 1353 736 originem
1365 702 1551 734 acceperunt;
1571 699 1671 726 tertius
1696 702 1752 724 tra-

117 742 199 777 χεῖρα
222 742 304 768 αὐτοῦ
321 742 445 775 καύσας·
469 744 538 779 τάχα
562 744 590 771 δὲ
618 746 680 778 θεὸς
705 745 742 773 ὢν
765 747 879 774 mmo:

985 747 1073 778 cedus,
1096 746 1143 781 qui
1170 753 1281 773 manum
1309 746 1472 773 combussit.
1497 745 1586 772 Credo
1607 744 1678 771 enim
1701 744 1750 772 etsi

117 787 160 813 ὅτι
176 787 270 814 δάκνει
284 788 315 814 τὸ
333 788 399 824 πῦρ,
419 790 468 816 καὶ
484 790 534 817 οὐκ
552 788 609 826 εἶχε
624 791 674 827 τὴν
691 791 845 827 πρόγνωσιν
864 802 882 821 τη

987 800 1034 819 eus
1059 795 1129 825 erat,
1155 792 1281 819 mordere
1301 792 1390 826 ignem
1414 791 1516 818 oblilus
1539 791 1639 823 fuerat;
1664 797 1752 825 neque

117 833 246 868 λέγοντος
258 834 351 870 τράγῳ
363 835 402 871 τῷ
413 836 526 872 Σατύρῳ
540 838 648 874 εὑρόντι
660 838 792 875 πρότερον
804 839 834 866 τὸ
845 840 880 866 πῦ

986 838 1039 865 ιιιιὰ
1065 841 1259 873 praesenserat,
1278 837 1352 872 quod
1371 831 1448 864 hirco
1467 835 1565 872 Satyro
1581 837 1628 870 qui
1648 835 1751 870 primus

117 880 166 906 καὶ
174 880 350 916 προσελθόντι
366 881 488 917 φιλῆσαι·
504 883 565 918 (Μὴ
578 883 645 920 ἅψῃ,
660 885 755 920 τράγε’
767 885 882 921 άψάμενι

987 891 1054 918 ξιιοιιι
1080 887 1231 918 repererat,
1258 882 1291 910 ad
1314 882 1496 910 osculandum
1519 881 1658 909 accedenti
1683 880 1752 916 ignis

116 925 172 960 γάρ
189 934 240 960 μου
250 926 406 962 ἐμπρήσεις
419 927 453 954 τὰ
463 928 566 962 γένεια,
574 938 583 954 ι
606 929 717 964 ’Λοηναῖ
726 931 754 957 δὲ
766 931 881 965 γεγόναο

986 930 1031 956 lim
1045 928 1148 956 dixisse
1162 928 1243 963 109
1255 928 1357 955 fertur:
1376 927 1430 955 «Ne
1440 927 1572 962 attigeris,
1582 926 1673 957 ltiree;
1690 934 1751 953 nam

116 971 148 997 οὖ
165 972 226 1007 μία.
242 972 310 999 ἀλλὰ
330 973 443 1000 πολλαί“
462 974 512 1010 μία
531 974 581 1010 μὲν
598 976 767 1011 ῥεμϐομένη.
785 977 832 1004 καὶ
848 985 881 1003 πε

1010 983 1053 1002 me
1066 974 1226 1010 contigeris,
1237 974 1349 1002 barbam
1364 979 1439 1001 tuam
1455 974 1581 1000 adut-es.)
1604 972 1661 998 .Iam
1678 973 1751 1006 quod

116 1016 167 1052 τὴν
179 1017 330 1052 Τριτωνίδα
342 1019 440 1055 λίμνην
455 1019 583 1056 ἀλωμένη
592 1028 599 1036 ³
613 1021 680 1057 ἄλλη
692 1022 720 1049 δὲ
736 1023 752 1057 ἡ
770 1022 881 1049 Ὦκεανο

985 1021 996 1048 1
1016 1019 1164 1048 Minervam
1190 1020 1320 1054 pertinet,
1345 1027 1397 1046 nec
1422 1019 1469 1045 illa
1492 1018 1602 1052 quidem
1625 1017 1750 1052 simplex,

117 1062 200 1098 ἑτέρα
223 1063 252 1090 δὲ
271 1065 288 1100 ἡ
303 1064 426 1099 Κρόνου,
450 1066 499 1092 καὶ
519 1066 615 1093 πολλαὶ
633 1067 722 1095 ἄλλαι.
754 1068 881 1104 Ἀρτέμιδ

985 1066 1009 1093 3d
1023 1065 1145 1100 ejusdem
1163 1065 1281 1092 nominis
1295 1063 1452 1098 complures
1465 1066 1671 1090 enumerantur.
1684 1061 1750 1087 Nam

116 1108 226 1141 πολλαὶ,
241 1109 291 1145 μία
309 1110 358 1146 μὲν
376 1111 393 1146 ή
410 1112 532 1146 Ἐφεσία,
550 1113 617 1148 ἄλλη
632 1114 660 1140 δὲ
680 1114 697 1150 ἡ
713 1113 760 1141 τοῦ
775 1115 846 1147 Διὸς,
864 1124 880 1142 κ

985 1111 1016 1137 lia
1031 1117 1099 1144 vaga
1122 1112 1149 1136 et
1170 1109 1202 1136 ad
1216 1108 1368 1135 Tritoniam
1385 1108 1510 1142 paludem
1531 1107 1666 1134 oberrans
1682 1105 1750 1138 fuit;

115 1154 198 1181 ἄλλαι
214 1155 345 1188 ὡσαύτως
363 1157 413 1184 οὐκ
422 1157 522 1192 ὀλίγαι.
536 1159 593 1185 Καὶ
605 1159 734 1191 Διόνυσος
753 1160 767 1186 6
782 1159 880 1196 Θηϐαῖε

988 1155 1084 1183 :cunda
1096 1154 1197 1182 Oceani
1211 1154 1283 1188 ﬁlia;
1296 1154 1348 1181 alia
1363 1153 1486 1185 Saturni,
1502 1158 1532 1180 ut
1547 1157 1660 1180 exteras
1673 1151 1753 1180 omit«

115 1199 199 1231 ἄλλος
214 1200 243 1226 δὲ
263 1202 277 1228 6
295 1201 427 1237 Σεμέλης,
450 1203 464 1229 6
483 1203 529 1229 ἐπὶ
550 1203 605 1230 τῶν
625 1204 817 1240 Κορυϐάντων,
835 1206 880 1232 και

986 1210 1029 1229 im.
1051 1201 1145 1228 Diana:
1165 1205 1295 1236 prmterea
1316 1200 1410 1236 plures
1432 1200 1515 1227 eliam
1538 1200 1713 1227 exstiterunt.
1731 1197 1751 1224 E

114 1244 171 1271 ὑπὸ
189 1245 246 1272 τῶν
258 1246 381 1273 Τιτάνων
395 1246 585 1283 διασπώμενος
603 1249 650 1276 καὶ
667 1250 820 1286 Κουρήτων
832 1251 846 1277 6
862 1259 878 1277 τ

986 1247 1062 1275 uibus
1076 1247 1128 1274 alia
1151 1247 1203 1273 fuit
1219 1246 1347 1281 Ephesia,
1367 1244 1443 1272 Jovis
1458 1245 1542 1271 altera
1561 1244 1626 1276 lilia,
1648 1247 1675 1271 et
1693 1243 1751 1270 aliae

115 1290 302 1326 κληρονομίαν
318 1292 402 1327 μείων
413 1294 435 1320 ⁵.
455 1293 593 1330 Ἡρακλῆς
610 1294 639 1321 δὲ
652 1295 666 1321 6
682 1295 831 1331 λεγόμενος
845 1305 880 1323 πα

986 1294 1092 1328 :ineeps
1104 1293 1176 1320 haud
1188 1299 1291 1328 paucaz.
1306 1291 1430 1319 Bacchus
1443 1297 1508 1318 vero
1521 1289 1670 1316 Thebanus
1682 1289 1751 1316 alius

115 1336 213 1368 αὐτοῖς
234 1337 419 1371 ’Δλεξίκακος,
435 1337 466 1366 οὗ
478 1339 528 1372 τὰς
547 1340 663 1376 πράξεις
679 1342 771 1374 πάσας
789 1343 880 1369 άποσιι

987 1340 1030 1370 Iit,
1047 1339 1119 1366 alius
1136 1338 1258 1366 Semeles
1275 1338 1358 1368 ﬁlius,
1372 1337 1469 1364 tertius
1483 1335 1668 1370 Corybantum
1685 1341 1752 1368 pra:-

115 1383 215 1417 πήσω·
234 1383 298 1419 μίαν
314 1384 343 1411 δὲ
363 1385 417 1412 ἀπὸ
445 1387 539 1414 πασῶν
553 1387 609 1414 τῶν
632 1389 698 1424 παρ’
726 1389 817 1420 αὐτοῖς
840 1389 880 1424 τά]

984 1392 1007 1412 :s
1021 1393 1027 1412 :
1041 1388 1098 1411 tum
1113 1391 1128 1411 a
1142 1383 1288 1410 Titanibus
1301 1387 1327 1410 et
1341 1382 1487 1410 Curetibus
1499 1380 1655 1415 discerptus
1667 1380 1749 1411 alius.

115 1429 320 1465 ἐπαινουμένην
332 1430 475 1465 ὑποδείξω.
493 1432 520 1458 Ἀ
527 1432 619 1468 ρκέσει
632 1433 719 1469 τούτῳ
729 1434 776 1461 τὸν
787 1435 879 1470 κάματ

982 1429 1006 1457 ui
1020 1430 1137 1457 laniena:
1153 1437 1184 1457 ac
1197 1428 1391 1457 viscerationis
1407 1427 1537 1463 mysteria
1554 1427 1600 1453 illa
1615 1426 1747 1453 serviunt.

115 1475 212 1502 τοῦτον
229 1469 393 1512 ὑποστῆναι,
412 1477 455 1504 ἵνα
471 1478 509 1514 τῷ
534 1478 584 1515 βίῳ
601 1480 723 1515 σωτηρία
735 1469 857 1516 γένηται.
878 1482 880 1486 ⁴

987 1474 1088 1502 ereulis
1103 1482 1178 1507 vero,
1204 1482 1285 1510 quem
1310 1473 1354 1501 isti
1381 1474 1568 1500 Averrnncum
1596 1472 1749 1503 nominant.

116 1520 156 1557 μὴ
171 1521 226 1557 γάρ
238 1521 362 1558 ἔφθειρεν
372 1523 401 1550 ὲν
416 1525 465 1559 μιᾷ
475 1524 552 1551 νυκτὶ
563 1525 732 1560 πεντήκοντα
741 1515 880 1562 (825)7711190

983 1519 1076 1554 aliquis
1103 1519 1230 1546 omnibus
1257 1518 1373 1553 egregiis
1404 1517 1485 1544 l'aetis
1512 1515 1636 1548 omissis,
1664 1522 1748 1542 unum

114 1575 190 1599 νους,
204 1567 264 1600 πῶς
279 1568 294 1594 ὁ
306 1568 409 1604 κόσμος
422 1568 555 1604 ἐσώζετος
567 1571 676 1598 Μᾶλλον
687 1571 715 1598 δὲ
731 1571 837 1598 ὀλώλει.
851 1561 879 1598 VK

983 1569 1104 1596 untaxat,
1127 1564 1210 1600 quod,
1236 1568 1265 1591 ut
1289 1564 1396 1599 opinor,
1417 1561 1630 1598 praedicare'illi
1650 1561 1748 1593 solent,

115 1611 222 1644 ἁπλῶς,
244 1612 367 1648 ὁμολογῶ
381 1622 439 1646 σοι,
464 1615 608 1651 περικακῶ
633 1616 683 1648 τὰς
710 1616 799 1648 κακὰς
822 1617 880 1643 αὐτὶ

985 1610 1057 1637 aueis
1072 1610 1215 1645 attingam.
1233 1609 1318 1645 Igitur
1334 1609 1402 1637 satis
1419 1608 1457 1635 illi
1474 1607 1555 1635 fuerit
1572 1607 1605 1634 ad
1625 1606 1750 1633 humana:

114 1657 233 1692 πράξεις
257 1639 446 1696 καταλογάδην
469 1639 638 1697 ἀναγράψαι.
663 1639 724 1689 "En
744 1663 773 1689 δὲ
787 1639 879 1697 ᾎαξξιέ

985 1658 1024 1683 ita:
1039 1655 1288 1691 reprzL-sentandam
1308 1655 1424 1682 salutem
1442 1654 1577 1688 ingentem
1596 1652 1750 1686 suSrepisse

114 1703 163 1729 καὶ
187 1703 316 1739 τύραννοι
333 1705 516 1741 ἀπηνέστατοι
535 1707 719 1743 ἔπιποϐήτους
734 1707 812 1739 τινὰς
830 1708 879 1744 ὲσχ

985 1700 1095 1728 .borem.
1120 1699 1178 1727 Nisi
1201 1700 1273 1727 enim
1295 1699 1389 1726 eadem
1410 1702 1491 1725 nocte
1508 1701 1617 1724 centum
1638 1700 1750 1724 constu-

115 1750 206 1783 χότες,
224 1750 272 1776 καὶ
286 1750 397 1783 τούτους
413 1752 442 1778 ὲν
457 1754 492 1788 γῇ
507 1753 718 1788 κατορύξαντες,
737 1753 818 1781 πλέον
831 1762 858 1780 τι
872 1763 880 1789 ι

983 1761 1069 1785 rasset
1089 1756 1222 1792 virgines,
1249 1763 1368 1791 quonam
1394 1758 1475 1789 pacto
1501 1753 1622 1780 mundus
1643 1752 1748 1780 servari

114 1793 225 1828 ἔχοντες
238 1793 343 1826 τούτοις
354 1796 528 1830 χαρίσασθαι,
541 1795 585 1824 οἷα
598 1798 630 1834 δὴ
646 1798 694 1824 καὶ
707 1799 783 1825 αὐτοὶ
796 1799 879 1835 φθαρτ

986 1802 1116 1830 otuisset?
1131 1801 1188 1829 lino
1202 1809 1267 1829 vero
1290 1800 1414 1827 funditus
1430 1804 1503 1826 esset
1520 1799 1683 1825 exstinctus.
1703 1797 1751 1823 At-

115 1839 178 1866 xzr'
195 1840 296 1872 αὐτοὺς
315 1840 409 1873 ὄντες,
434 1843 474 1873 είς
496 1843 546 1878 τὴν
570 1843 684 1870 ἐκείνων
712 1843 820 1871 εὔνοιαν
847 1853 878 1871 το

985 1856 1025 1880 ue,
1046 1852 1075 1875 ut
1094 1855 1149 1875 uno
1168 1847 1252 1874 verbo
1265 1846 1366 1877 dicant,
1388 1844 1476 1872 fateor
1490 1852 1534 1871 me
1556 1844 1582 1870 in
1599 1848 1654 1870 tam
1674 1843 1750 1870 dete—

115 1887 220 1922 τάφους
241 1887 332 1915 αὐτῶν
350 1888 397 1915 ἐπὶ
419 1889 509 1925 πλάνῃ
531 1889 580 1917 τοῦ
604 1889 661 1925 βίου
684 1891 741 1922 τοῖς
757 1890 834 1922 ἰδίοις
858 1892 880 1917 ὑ·

984 1893 1070 1920 .andis
1085 1892 1193 1919 illorum
1215 1891 1385 1918 facinoribus
1401 1889 1598 1924 persequendis
1621 1895 1682 1916 esse
1701 1887 1749 1915 de-

114 1934 210 1967 ηκόοις
222 1933 267 1960 ἐπὶ
279 1935 352 1970 κακῇ
365 1935 502 1970 προφάσει
510 1936 604 1967 κακῶς
613 1935 813 1971 ορησκεύεσθαι
826 1945 879 1971 παρ

984 1947 1078 1967 assum.
1093 1938 1207 1965 Accedit
1225 1937 1257 1964 ad
1274 1937 1416 1971 superiora
1432 1936 1533 1968 omnia,
1557 1934 1630 1970 quod
1646 1933 1749 1969 princi-

114 1978 275 2006 δεδώκασιν.
298 1979 344 2011 Ὦς
361 1981 375 2006 6
394 1980 528 2012 ’Λντῖνοος
543 1981 557 2007 6
575 1981 604 2007 ὲν
621 1981 758 2007 Ἀντινόου
778 1982 876 2017 κεκηδε

1035 1983 1133 2018 [uidam
1145 1986 1172 2010 et
1188 1980 1378 2009 immanissimi
1395 1980 1502 2016 tyranni
1517 1988 1586 2015 quos
1600 1980 1626 2006 in
1645 1979 1750 2007 deliciis
1796 1996 1800 2000 -

119 2023 212 2058 μένος,
224 2024 272 2051 καὶ
289 2024 338 2051 σὺν
353 2025 486 2060 λουσορίῳ
500 2025 586 2060 πλοίῳ
600 2026 726 2061 κείμενος
739 2026 791 2052 ὑπὸ
809 2027 881 2062 Ἀδρι

985 2029 1126 2060 abuerant,
1145 2035 1207 2055 cum
1226 2031 1350 2054 mortuos
1373 2026 1546 2061 sepelissent,
1565 2033 1655 2060 neque
1669 2024 1750 2061 quid-

115 2069 163 2096 νοῦ
182 2069 270 2102 οὕτως
287 2070 435 2106 κατετάγη.
456 2071 616 2106 Τιμαγένης
635 2072 664 2098 δὲ
690 2076 718 2098 εν
738 2072 832 2108 Ἀσία·
854 2073 876 2099 Κ

984 2081 1043 2101 uam
1061 2073 1095 2101 iis
1111 2073 1229 2109 amplius
1247 2072 1395 2108 gratilicari
1412 2075 1534 2107 possent,
1551 2074 1646 2105 utpote
1660 2070 1706 2105 qui
1723 2073 1749 2097 et

115 2115 203 2148 νωδός
220 2125 250 2143 τε
266 2117 280 2143 6
291 2117 429 2144 Μενελάου
441 2116 621 2153 κυϐερνήτης,
636 2118 683 2144 καὶ
698 2118 714 2153 ἡ
728 2117 825 2144 τούτου
841 2127 880 2153 γυη

984 2120 1014 2147 ιςί
1028 2119 1160 2147 mortales
1171 2123 1282 2152 essent;
1295 2126 1345 2153 pro
1358 2117 1525 2146 inﬂammato
1537 2117 1564 2144 in
1579 2117 1641 2144 illos
1656 2124 1749 2143 amore

117 2161 285 2196 Εὐμενουως
310 2162 339 2188 ὲν
367 2161 557 2198 Ἀλεξανδρείᾳ
578 2162 745 2198 τεθαμμένοι
776 2163 880 2198 τιμῶντ

983 2174 1023 2198 ιο,
1042 2166 1210 2193 monimenta
1223 2165 1331 2192 illorum
1348 2172 1380 2192 ac
1399 2164 1524 2200 sepulcra
1540 2163 1610 2198 apud
1625 2162 1748 2190 subditos

116 2207 188 2243 πρὸς
204 2209 237 2242 τῇ
250 2207 318 2244 ὄχθῃ
340 2207 390 2242 τῆς
410 2207 559 2243 θαλάσσης,
571 2207 626 2236 ἀπὸ
648 2208 762 2235 δεκαδύο
789 2209 881 2244 σημείι

986 2211 1013 2239 bi
1030 2211 1145 2247 populos
1156 2211 1285 2247 pessimis
1301 2211 1335 2238 de
1345 2211 1438 2238 causis
1451 2210 1480 2237 in
1496 2209 1671 2237 veneratione
1688 2214 1749 2235 esse

115 2252 270 2284 διεστῶτες.
282 2253 337 2280 Καὶ
348 2254 464 2290 Μαρνᾶς
474 2253 568 2286 δοῦλος
583 2254 724 2290 Ἀστερίου
737 2255 784 2281 τοῦ
801 2256 878 2291 Κρητ

985 2258 1126 2290 oluerunt,
1143 2264 1176 2284 ex
1191 2265 1245 2292 quo
1257 2258 1353 2292 ingens
1371 2257 1398 2284 in
1413 2255 1555 2283 hominum
1573 2255 1655 2281 vitam
1673 2261 1750 2281 error

116 2300 193 2334 παρὰ
210 2299 354 2332 Γαζαίοις·
373 2300 477 2332 Κάσιος
492 2300 521 2327 δὲ
537 2300 552 2326 ὀ
576 2300 730 2337 ναύκληρος
755 2301 832 2337 παρὰ
852 2302 881 2329 Πτ

985 2304 1135 2331 ltroduclus
1146 2307 1198 2331 est.
1218 2303 1259 2330 Ad
1273 2303 1346 2330 hunc
1362 2302 1470 2330 modum
1486 2300 1621 2327 Antinous
1639 2299 1666 2326 in
1683 2298 1750 2326 urbe

115 2342 125 2369 ὶ
132 2351 163 2369 ου
167 2343 287 2377 σιώταις.

984 2349 1003 2376 ii
1036 2349 1156 2376 nominis
1190 2356 1251 2375 eum
1284 2348 1388 2375 lusorio
1421 2346 1529 2380 navigio
1559 2346 1683 2380 sepultus
1717 2345 1749 2371 ab

116 2390 240 2419 Adriano
256 2391 283 2418 in
300 2391 412 2420 deorum
426 2400 570 2421 numerum
585 2394 687 2422 relatus
700 2398 750 2423 est.
775 2393 925 2431 Itidemque
941 2395 1105 2432 Timagenes
1126 2395 1154 2422 in
1165 2395 1240 2428 Asia,
1258 2399 1284 2422 et
1301 2393 1429 2421 Canobus
1452 2391 1565 2419 Menelai
1585 2392 1751 2427 gubernator

116 2445 181 2465 cum
208 2445 293 2465 uxore
311 2445 361 2466 sua
383 2438 584 2467 Eumenuthide
621 2440 655 2468 ad
680 2441 874 2468 Alexandriam
905 2442 1005 2478 sepulti
1027 2449 1111 2477 prope
1133 2441 1210 2468 littus
1241 2439 1405 2467 duodecimo
1428 2438 1463 2464 ab
1488 2437 1556 2465 urbe
1584 2437 1684 2472 lapide,
1708 2437 1750 2463 di-

115 2486 182 2513 vino
199 2486 275 2514 cultu
291 2491 497 2514 consecrantur.
512 2485 622 2515 Marnas
643 2487 743 2516 Asterii
764 2488 906 2516 Cretensis
924 2496 1022 2517 servus
1045 2489 1117 2524 apud
1135 2487 1260 2520 Gaza-Os,
1278 2486 1377 2514 (iasius
1400 2486 1550 2514 nauclerus
1568 2492 1583 2512 a
1606 2485 1750 2513 Pelusiotis

115 2533 228 2560 colitur.

150 2578 212 2606 PZ'.
233 2580 327 2607 Ταῦτα
353 2578 400 2608 οὖν
420 2581 510 2608 πάντα
537 2581 602 2609 ὅταν
628 2581 698 2618 μέσῃ
716 2583 748 2617 τῇ
774 2583 909 2619 ἐκκλησίᾳ

997 2579 1076 2610 CVII.
1097 2579 1147 2608 His
1162 2580 1291 2607 omnibus
1312 2579 1402 2606 media
1422 2578 1449 2606 in
1467 2578 1584 2606 ecclesia
1605 2579 1749 2614 diligenter

114 2624 279 2660 ἀκριϐοῦται
293 2626 315 2658 ³,
332 2626 417 2653 κακὸν
432 2626 585 2663 ὑπόδειγμα
601 2627 754 2663 θανασίμης
769 2628 829 2654 ὁδοῦ
845 2637 879 2655 τοη

982 2626 1115 2661 :plieatis,
1139 2625 1219 2661 longe
1240 2626 1389 2661 pessimum
1410 2624 1462 2652 viae
1482 2624 1572 2652 letalis
1595 2626 1747 2661 exeianqu

115 2670 188 2697 οὕτω
203 2671 390 2706 προαχθέντας
409 2672 568 2700 ὑπολύεται.
593 2673 709 2705 ’Ἄλλους
727 2673 756 2699 δὲ
778 2674 833 2700 ἀπὸ
849 2683 880 2709 μο

983 2681 995 2700 s
1010 2672 1058 2706 qui
1072 2672 1107 2700 ad
1127 2679 1188 2699 eum
1207 2672 1318 2699 modum
1343 2671 1448 2698 inducti
1473 2670 1669 2706 depravatique
1691 2671 1748 2698 rue.

115 2716 192 2750 ιείας
203 2717 244 2748 ιίς
255 2717 433 2753 σωφροσύνην
447 2718 554 2754 φέρετε,
573 2718 620 2745 καὶ
638 2718 676 2754 μὴ
691 2718 770 2754 μόνον
781 2718 829 2745 τοῦ
844 2719 880 2746 κλ⁴

987 2723 1025 2751 ιιι,
1041 2718 1116 2746 velut
1135 2718 1351 2746 caleeamenlum
1370 2718 1478 2745 solvite.
1494 2717 1570 2745 Alios
1589 2717 1624 2744 ab
1643 2717 1748 2745 adulte—

151 2793 160 2808 '
175 2793 242 2821 Cor.
259 2793 391 2829 φθορέων.
429 2795 440 2810 ¹
454 2794 518 2822 Cor.
536 2795 707 2831 κρεωνομίαν
725 2795 809 2831 μυῶν.
850 2795 860 2811 ³
873 2795 903 2822 F.

512 2815 518 2822 .
536 2795 707 2831 κρεωνομίαν
725 2795 809 2831 μυῶν.
850 2795 860 2811 ³
873 2795 903 2822 F.
921 2795 1080 2831 ἀκριὸοὗτε,
1094 2798 1121 2823 ct
1134 2795 1273 2822 ὑπολύετε.

151 2870 211 2912 βό)
232 2870 265 2897 '0
287 2870 313 2898 δ’
326 2873 426 2912 fuam;
440 2873 624 2912 Λατριὰριος.
644 2873 716 2901 Idem
738 2872 838 2909 Scalig.
855 2874 909 2912 Aq~

996 2874 1051 2910 (85)
1072 2873 1274 2908 Πεντήκοντα,
1292 2873 1494 2908 quinquaginta,
1513 2878 1566 2898 non
1581 2873 1671 2896 autem
1686 2877 1746 2896 ccu-

116 2906 222 2941 τιάριος
236 2907 390 2933 emendavit
407 2914 457 2942 pro
471 2906 642 2944 πατριάριος,
655 2917 736 2944 quem
753 2912 782 2936 tu
796 2906 880 2937 censu

119 2940 152 2967 ad
170 2948 234 2969 ann.
250 2941 313 2969 876.
332 2941 431 2970 l‘snv.

260 2907 457 2970 ἶξῖῗιάίιέῗλειο
471 2906 642 2944 πατριάριος,
655 2917 736 2944 quem
753 2912 782 2936 tu
796 2906 909 2937 consule
961 2906 1025 2936 tum.
