1939 3039
210 212 259 239 2M

920 205 950 232 S.
970 204 1143 233 EPIPHANII

1788 205 1839 232 ΞΗ

209 277 259 298 rus
277 268 310 296 ad
326 267 484 303 pudicitiam
503 265 648 294 traducite.
665 264 758 300 Neque
772 264 860 299 solum
880 263 914 291 ab
928 263 992 291 alie-

1049 264 1182 299 ψιγαμεῖν
1204 263 1304 295 αὐτοὺς
1318 262 1521 295 ἀπαλλάττετε,
1541 261 1610 289 ἀλλά
1630 261 1678 288 καὶ
1708 261 1778 294 ἰδίας
1790 262 1839 297 τῆς

208 315 252 343 nis
275 314 410 342 violandis
434 313 568 348 conjugiis
596 312 745 344 abducite,
777 311 824 339 sed
849 315 877 339 et
903 314 934 338 ut
965 310 997 337 ab

207 359 338 395 legitimae
353 359 449 386 uxoris
472 357 672 386 consuetudine
696 357 852 385 abstineant
869 356 999 384 cohorta-

208 405 283 432 tione
302 409 393 432 vestra
413 405 556 440 perlicite:
578 403 690 439 Tempus
707 403 776 430 enim
793 402 867 430 breve
888 407 938 433 est.
961 403 1000 429 ait

207 451 358 484 Apostolus
371 451 391 476 ¹.
417 451 496 487 ιιο
518 450 559 477 Ad
578 450 636 478 haec
658 449 839 477 tornicatores
858 449 997 481 instruite,

209 505 244 525 ne
255 497 290 524 ob
304 496 441 525 nefarium
463 500 491 525 et
506 499 561 524 tam
584 495 656 531 apud
676 495 760 523 Deum
774 503 857 531 quam
873 495 998 523 homines

208 543 334 571 illicitum
360 543 468 570 facinus
490 549 586 578 pomus
608 541 773 577 expendant.
795 541 919 576 Cumque
943 547 997 568 non

207 596 335 616 sermone
349 592 467 617 tantum,
476 587 524 616 sed
537 592 564 615 et
579 586 660 615 factis
675 587 850 615 elaborantes
869 586 926 613 haec
941 593 998 612 om-

206 634 253 661 nia
267 633 446 665 tradideritis,
460 633 623 668 persuadete
635 632 689 661 illis
707 636 734 660 ut
746 632 804 659 haec
818 631 876 667 ipsa
891 639 907 658 a
918 632 998 659 vobis

206 680 363 715 accipiant:
381 684 560 716 posteaquam
577 679 672 707 eadem
687 679 740 714 ipsi
759 678 954 714 prmstiteritis,
968 682 996 705 et

207 726 236 754 iu
247 726 326 754 vobis
339 734 472 762 expresso
490 727 612 754 omnium
629 726 766 760 exemplo,
783 733 815 753 ea
834 733 863 752 re
880 724 996 760 potissi-

205 778 281 798 mum
302 771 385 799 tidem
407 771 524 799 orationi
545 775 643 799 vestrae
665 770 892 802 conciliaveritis,
922 769 996 805 quod

205 819 270 842 ante
285 815 468 850 vosmetipsos
484 814 566 842 factis
585 814 763 847 edocueritis,
780 821 862 849 quam
878 814 912 841 ad
933 814 996 842 illos

206 860 392 889 instituendos
414 859 598 888 accesseritis.
618 859 658 887 lta
674 860 775 895 quippe
791 860 877 887 solem
893 860 935 887 vel
953 863 995 886 ta-

205 908 299 933 centes
313 905 469 936 imitamiui.
482 904 529 939 qui
544 904 630 932 silens
642 905 701 940 ipse
712 911 809 932 omnes
826 904 928 940 ubique
939 908 994 932 ter-

1050 309 1123 337 κατὰ
1148 309 1229 344 φύσιν
1249 310 1451 345 καταφρονεῖν,
1468 309 1505 340 ὡς
1534 308 1573 334 ἐτι
1603 309 1619 336 ὁ
1638 308 1740 342 καιρὸς
1765 315 1840 335 συν-

1048 355 1234 390 εσταλμένος
1251 356 1344 388 ἐστὶν,
1368 355 1406 387 ὦς
1426 363 1509 390 φησιν
1524 355 1538 381 ὁ
1567 354 1639 390 ἱερὸς
1662 354 1838 386 ’Διιῖὸοτολος⁸

1049 401 1166 437 πόρνους
1176 401 1205 429 δὲ
1221 403 1377 438 κατηχεῖτε,
1397 402 1442 430 ἵνα
1460 402 1497 438 μὴ
1517 401 1567 436 τὴν
1587 401 1715 437 ἀθέμιτον
1740 402 1839 437 πρᾶξιν

1049 448 1126 483 παρὰ
1142 447 1201 483 Θεῷ
1219 457 1249 475 τε
1270 448 1319 475 καὶ
1344 447 1496 484 ἀνθρώποις
1517 449 1700 484 ἐργασάμενοι
1713 457 1838 483 τιμωρη-

1049 494 1142 521 οῶσιν.
1161 495 1217 521 Καὶ
1230 495 1275 522 ὅτε
1292 495 1384 522 πάντα
1403 495 1491 522 ταῦτα
1512 495 1557 522 διὲ
1579 495 1716 530 στόματος
1735 495 1783 522 καὶ
1805 495 1838 522 δι’

1049 539 1138 576 ἔργων
1151 541 1302 577 κάμνοντες
1317 541 1472 577 παραδῶτε,
1488 541 1598 568 πείθετε
1613 541 1684 568 αὐτὰ
1701 541 1736 568 τά
1749 542 1838 569 πάντα

1048 586 1280 621 ὲγκαταδέξασθαι
1306 586 1399 622 ὑμῶν,
1416 586 1491 622 ἔργῳ
1516 587 1606 614 πάντα
1631 587 1742 623 πρῶτον
1764 587 1838 622 τρά-

1046 632 1153 667 ξαντες,
1169 633 1215 660 καὶ
1232 633 1261 660 ὲν
1283 633 1376 665 αὐτοῖς
1394 633 1647 669 ἀνατυπωσάμενοι,
1662 633 1725 664 τοὺς
1740 632 1838 666 λόγους

1048 677 1272 710 πιοτοποιοῦντες
1279 686 1285 693 '
1300 675 1340 710 οἷς
1350 677 1395 705 διὰ
1405 677 1458 705 τῶν
1470 678 1596 714 πράξεων
1606 677 1719 709 ἑαυτοὺς
1729 677 1838 712 πρῶτον

1047 723 1203 755 ἐδιδάξατε,
1220 723 1264 750 ἵνα
1285 723 1333 750 καὶ
1362 722 1471 758 ἑτέρους
1492 721 1679 758 μαθητεύοιτε.
1708 722 1837 756 Ἐπέχετε

1047 770 1101 805 γὰρ
1123 769 1170 796 καὶ
1185 768 1344 801 σιωπῶντες
1366 768 1470 804 τρόπον
1496 768 1587 805 ἡλίου,
1608 767 1655 794 τοῦ
1678 767 1726 794 καὶ
1745 768 1836 802 σιωπῇ

1047 816 1151 848 πάντας
1164 815 1301 851 πανταχοῦ
1314 815 1485 846 διδάσκοντος
1497 823 1503 829 ·
1515 814 1597 847 εὐθὺς
1607 814 1661 850 γὰρ
1671 813 1836 845 ἀνατέλλων,

1047 861 1094 888 καὶ
1114 860 1236 893 σιωπῶν,
1257 860 1307 892 τὰς
1331 860 1427 896 τέχνας
1448 859 1557 889 πάντων
1579 859 1762 886 ἀναδιδάσκει.
1781 858 1837 885 Καὶ

1047 908 1112 935 ὅταν
1126 907 1176 942 μὲν
1192 906 1295 934 τούτων
1309 905 1437 933 ἁπάντων
1448 905 1500 941 τὴν
1515 904 1649 939 ὠφέλειαν
1662 906 1718 936 τοῖς
1730 903 1836 930 ἑαυτῶν

206 958 300 978 rarum
321 950 453 978 instituit.
471 949 539 977 Nam
557 950 581 977 is
601 950 692 977 statim
709 955 792 985 atque
810 937 922 978 exortus
940 955 992 982 est,

1047 937 1163 985 τέκνοις,
1175 953 1262 980 εῐτουν
1278 951 1401 986 ἀδελφοῖς
1414 937 1585 982 πιστοτάτοις
1602 949 1755 985 παραδῶτε,
1770 957 1836 984 προ·

205 1001 280 1024 artes
297 1004 404 1029 omnes,
419 995 527 1023 etiamsi
551 1000 650 1027 taceat,
673 995 787 1022 edocere
805 995 922 1023 videtur.
938 995 997 1023 Cae-

205 1046 297 1068 terum
319 1049 382 1069 eum
402 1041 501 1068 horum
524 1040 646 1068 omnium
668 1040 787 1067 fructum
804 1044 831 1068 et
849 1040 994 1068 utilitatem

207 1087 270 1114 tiliis
282 1088 382 1115 vestris
398 1087 455 1115 sive
473 1087 564 1122 potius
582 1086 723 1114 ﬁdissimis
740 1086 872 1114 fratribus
895 1087 997 1121 imper-

205 1133 315 1166 tieritis,
343 1133 379 1159 ita
403 1132 465 1159 illos
487 1131 644 1164 inim-male,
669 1135 698 1159 ut
718 1132 746 1158 in
773 1135 846 1159 terra
869 1132 996 1167 gradien-

205 1183 258 1207 tes.
271 1179 333 1206 θαιιί
349 1179 500 1213 municipes
515 1186 576 1205 esse
593 1178 737 1205 videantur
751 1179 773 1204 ².
794 1177 938 1205 Monastici
952 1178 994 1205 in-

206 1225 294 1252 stituti
306 1224 470 1251 desiderium
485 1227 512 1251 et
524 1223 651 1250 ardorem
663 1223 819 1250 constantia
830 1227 921 1251 vestra
937 1224 995 1251 siu-

205 1279 321 1306 eeraque
346 1271 397 1299 tide
419 1269 630 1306 quamplurimis
652 1269 792 1297 insinuare
815 1274 992 1298 mementote.

206 1317 355 1345 lla‘reticos
368 1325 431 1345 vero
442 1317 619 1348 detestantes,
631 1315 795 1343 Mauichmos
806 1323 856 1342 con
862 1316 992 1350 tutantes,

204 1369 237 1389 ac
258 1362 450 1389 Marcionistas
468 1365 495 1389 et
515 1365 630 1388 caeteros
651 1359 710 1393 ejus
725 1360 820 1387 farina:
836 1361 960 1389 homines
976 1369 992 1389 a

206 1408 285 1435 eaula
306 1407 353 1435 Dei
377 1412 404 1435 et
429 1408 493 1434 ovili
512 1407 662 1442 depellite:
685 1410 712 1434 et
735 1406 862 1434 omnibus
882 1406 991 1433 illorum

202 1454 370 1489 argumentis
388 1453 501 1484 eversis.
519 1453 658 1480 silentium
673 1452 796 1480 indicite.
817 1452 992 1488 Quzcrunquc

203 1503 285 1530 porro
308 1496 440 1523 adversus
465 1495 548 1523 Deum
566 1503 597 1522 ac
621 1500 732 1524 sanctos
753 1495 814 1530 ejus
841 1497 990 1531 prophetas

202 1545 304 1569 temere
315 1542 441 1576 garriunt
457 1541 581 1568 homines
595 1541 738 1575 levissimi,
759 1550 791 1570 ac
809 1542 912 1578 Spiritu
927 1551 992 1570 san-

1048 999 1175 1031 ϐιϐάζετε
1192 998 1241 1034 μὲν
1258 997 1356 1029 αὐτοὺς
1374 997 1422 1023 ἐπὶ
1439 996 1490 1032 γῆς
1510 996 1559 1031 μὲν
1579 995 1707 1030 βαδίζειν,
1732 995 1761 1021 ἐν
1788 995 1835 1021 οὺ-

1049 1045 1122 1083 ρανῷ
1135 1045 1164 1071 δὲ
1179 1043 1251 1080 ἔχειν
1267 1044 1298 1070 τὸ
1313 1043 1473 1077 πολίτευμα.
1489 1040 1621 1076 Μοναχῶν
1634 1040 1663 1067 δὲ
1680 1039 1760 1076 ζῆλον
1778 1039 1835 1070 τοῖς

1047 1091 1182 1122 πλείστοις
1197 1090 1343 1124 ὲγγεννᾶτε
1351 1089 1395 1116 διὰ
1408 1088 1457 1123 τῆς
1471 1089 1499 1114 ὲν
1514 1088 1578 1122 ὑμῖν
1596 1086 1775 1121 στερρότητος
1789 1086 1834 1111 καὶ

1045 1136 1227 1172 ἀνυποκρίτου
1241 1135 1372 1165 πίστεως·
1386 1132 1549 1170 αἱρεσιὼτας
1559 1131 1730 1166 στυγοῦντες,
1747 1131 1834 1157 Μανι-

1045 1183 1139 1218 χαίους
1153 1181 1310 1216 φιμοῦντες,
1322 1178 1529 1215 Μαρκιωνιστὰς
1544 1177 1591 1204 καὶ
1603 1177 1715 1208 λοιποὺς
1725 1176 1835 1211 ὁμοίους

1045 1227 1135 1255 αὐτῶν
1157 1227 1208 1263 τῆς
1224 1226 1270 1253 τοῦ
1296 1225 1364 1252 Θεοῦ
1395 1224 1516 1260 μάνδρας
1537 1222 1720 1254 ἀπελαύνετε,
1742 1221 1834 1252 πάσας

1045 1273 1134 1300 αὐτῶν
1154 1273 1203 1304 τὰς
1229 1272 1380 1307 προφάσεις
1414 1268 1599 1305 παραλύοντες
1620 1268 1667 1294 καὶ
1690 1267 1835 1302 ἐπιστομί-

1044 1319 1145 1351 ζοντες.
1159 1319 1228 1344 "Octa.
1246 1317 1300 1353 γὰρ
1314 1316 1386 1343 κατά
1398 1315 1448 1342 τοῦ
1456 1314 1522 1342 Θεοῦ
1537 1315 1584 1341 καὶ
1597 1313 1666 1340 κατὰ
1679 1313 1734 1340 τῶν
1747 1313 1834 1347 ἁγίων

1043 1363 1126 1391 αὑτοῦ
1145 1363 1292 1399 προφητῶν
1310 1361 1453 1397 τολμηρῶς
1472 1359 1718 1394 καταφοέγγονται,
1735 1357 1834 1391 κοῦφοι

1043 1409 1119 1442 ὅντες
1131 1409 1178 1436 καὶ
1193 1409 1266 1436 κενοὶ
1278 1408 1332 1435 ἀπὸ
1349 1407 1427 1442 ἁγίου
1441 1405 1609 1441 Πνεύματος,
1630 1405 1670 1436 εις
1681 1404 1709 1430 δὲ
1719 1403 1766 1430 τὺν
1777 1402 1833 1429 τῶν

1041 1457 1111 1484 ὅλων
1125 1454 1291 1491 δημιουργὸν
1305 1451 1505 1489 βλασφημοῦσι,
1518 1451 1565 1478 καὶ
1576 1451 1629 1477 ὅσα
1636 1448 1707 1476 καλὰ
1718 1449 1762 1476 διὰ
1777 1448 1834 1475 τῶν

1042 1500 1129 1535 ἁγίων
1148 1498 1231 1527 αὑτοῦ
1249 1497 1397 1535 προφητῶν
1413 1498 1469 1529 τοῖς
1491 1496 1572 1523 πᾶσιν
1591 1492 1744 1530 ἀνθρώποις
1759 1492 1833 1518 κατά

1043 1545 1211 1584 προφητείαν
1231 1545 1246 1572 ὁ
1262 1545 1329 1576 Θεὸς
1347 1543 1506 1579 ἐχαρίσατο,
1522 1538 1593 1568 οὗτοι
1611 1539 1731 1584 μισοῦσι,
1750 1538 1786 1565 τά
1802 1546 1834 1564 τε

202 1591 248 1614 cto
262 1587 405 1614 destituti:
427 1589 484 1613 tum
500 1594 561 1621 qua:
585 1587 613 1614 in
629 1587 799 1615 conditorem
815 1596 908 1616 rerum
932 1596 990 1616 om-

1044 1592 1181 1627 βαθύτατα
1191 1591 1239 1618 τοῦ
1255 1591 1339 1626 νόμου
1354 1590 1401 1618 καὶ
1413 1589 1467 1617 τῶν
1484 1587 1643 1623 προφητῶν,
1657 1583 1701 1613 οἶα
1713 1585 1745 1621 δὴ
1761 1584 1832 1633 γεάν

202 1631 278 1658 nium
295 1631 492 1659 contumeliose
506 1632 626 1667 jaciunt,
640 1640 701 1659 cum
717 1633 824 1661 scilicet
844 1634 990 1662 innumera

201 1677 273 1704 bona
299 1676 486 1712 beneﬁciaque
506 1678 534 1705 iu
552 1678 709 1705 universum
720 1678 861 1706 hominum
875 1688 964 1715 genus
975 1688 989 1708 a

201 1720 257 1748 Deo
272 1729 319 1756 per
333 1722 521 1749 sanctissimos
534 1722 682 1757 prophetas
698 1730 848 1761 eorumque
861 1725 990 1752 vaticinia

201 1766 323 1794 derivata
337 1767 509 1793 insectentur
522 1770 550 1793 et
563 1767 687 1801 oderint;
702 1775 734 1794 ac
749 1768 816 1804 legis
831 1773 857 1796 et
871 1770 990 1804 prophe-

201 1814 289 1836 tarum
306 1810 442 1837 altissima
459 1810 599 1845 mysteria,
616 1816 747 1846 tanquam
759 1819 821 1839 cum
838 1817 910 1840 terra
928 1821 990 1840 cor-

200 1855 368 1890 poribusque
395 1856 517 1883 concreti
537 1856 671 1888 homines,
697 1857 862 1892 inquirendo
878 1861 989 1895 assequi

1042 1636 1097 1667 δεις
1110 1636 1185 1668 ὅντες
1200 1635 1248 1661 καὶ
1268 1633 1435 1669 σωματικοὶ,
1451 1631 1660 1667 ἀνακρινόμενοι
1679 1631 1710 1657 οὺ
1728 1630 1831 1664 νοοῦσι,

1045 1681 1134 1717 μάτην
1149 1679 1355 1715 βλασφημοῦσιν
1369 1678 1449 1710 εὐθὺς
1460 1678 1480 1693 ¹¹
1495 1677 1544 1713 τὴν
1556 1676 1644 1703 αὐτῶν
1659 1675 1776 1711 πλάνην,
1793 1675 1832 1710 μὴ

1043 1727 1147 1754 ὀκνεῖτε
1163 1725 1216 1752 ἀπὸ
1231 1725 1284 1751 τῶν
1303 1724 1469 1755 ἀκουόντων,
1485 1721 1646 1750 ἀποσείεσθε
1664 1721 1762 1752 αὐτοὺς
1776 1719 1834 1747 ἀπὺ

1041 1771 1095 1798 τῶν
1106 1770 1240 1806 ἀληθινῶν
1253 1769 1418 1802 ἀποδείξεων
1427 1778 1434 1785 ·
1448 1769 1491 1796 διὰ
1507 1769 1562 1804 γὰρ
1572 1768 1625 1796 τῶν
1638 1767 1766 1794 τοιούτων
1783 1767 1834 1801 ῥη-

1043 1815 1136 1851 μάτων
1153 1815 1177 1841 οἱ
1193 1813 1402 1850 ματαιόφρονες,
1418 1813 1513 1850 ὥσπερ
1532 1812 1657 1849 φρύγανα
1671 1813 1702 1840 ὲν
1714 1811 1832 1848 ῥεύματι

1042 1859 1170 1886 πλουσίου
1188 1858 1311 1894 ποταμοῦ
1329 1858 1540 1894 καταφέρονται.

200 1906 347 1936 nequeant.
371 1906 398 1930 et
422 1902 526 1930 idcirco
543 1904 741 1931 contumeliose
766 1904 868 1933 frustra
889 1907 1060 1936 detrahant:
1088 1915 1138 1935 vos
1159 1907 1227 1939 hmo,
1259 1906 1379 1941 inquam,
1414 1906 1506 1933 omnia
1535 1909 1562 1933 et
1591 1912 1700 1933 errores
1720 1904 1830 1932 illorum

199 1950 360 1977 certissimis
375 1951 527 1978 rationibus
538 1951 653 1986 impigre
665 1959 698 1978 ex
712 1952 867 1981 auditorum
883 1955 983 1983 animis
1002 1956 1120 1984 evellite.
1139 1954 1301 1983 Istiusmodi
1312 1955 1415 1991 quippe
1443 1953 1558 1982 vocibus
1585 1953 1711 1982 homines
1738 1953 1831 1981 vanis-

199 1996 273 2026 simi.
292 2000 421 2030 tanquam
446 1997 558 2024 inutiles
582 1997 705 2031 frutices,
733 2000 856 2028 secundo
879 2001 985 2039 eopiosi
1004 2002 1127 2031 ﬂuminis
1140 2003 1260 2030 decursu
1275 2001 1430 2037 rapiuntur.

234 2039 324 2068 CVlll.
339 2040 392 2068 Sed
408 2041 473 2070 illud
491 2043 516 2069 in
530 2043 627 2077 primis
642 2043 763 2078 objicere
780 2045 866 2073 solent
882 2055 888 2073 :
903 2046 986 2082 Egre-

1073 2048 1138 2075 PH'.
1159 2046 1259 2074 Εῖπασι
1275 2047 1314 2078 δὲ,
1331 2046 1372 2073 ὅτι
1399 2046 1488 2077 Καλὸς
1504 2047 1518 2073 ὁ
1540 2045 1606 2077 Θεὸς
1620 2044 1667 2072 τοῦ
1685 2045 1780 2080 νόμου,
1800 2045 1830 2076 ὃς

199 2086 274 2121 gium
288 2094 353 2114 vero
369 2087 435 2122 legis
452 2087 527 2114 illum
548 2096 610 2116 esse
620 2088 715 2122 Deum,
734 2089 780 2125 qui
804 2090 915 2118 ubinam
934 2092 986 2120 loci

1044 2093 1084 2120 τὸν
1103 2092 1189 2127 Ἀδὰμ
1200 2092 1306 2126 ἀγνοῶν
1325 2092 1377 2119 ποῦ
1393 2092 1466 2119 ἔστιν
1484 2091 1587 2127 ἠρώτα,
1601 2091 1687 2125 λέγων
1698 2099 1705 2106 ·
1726 2090 1828 2125 Ἀδὰμ,

198 2131 320 2159 Adamus
334 2136 409 2159 esset
424 2132 497 2159 velut
511 2132 621 2167 ignarus
637 2135 786 2170 lnterroget
803 2145 810 2163 :
829 2136 926 2169 Adam,
944 2138 987 2164 in-

1044 2138 1097 2166 τοῦ
1110 2136 1155 2170 sl;
1169 2137 1215 2164 καὶ
1228 2138 1267 2173 τῷ
1284 2138 1354 2165 Κάῖν
1364 2137 1439 2172 λέγει
1449 2145 1456 2153 ·
1472 2136 1535 2164 Ποῦ
1556 2137 1645 2162 Ἅϐελ
1662 2137 1678 2162 ὁ
1697 2135 1828 2170 ἀδελφός

199 2177 269 2212 quit,
302 2178 348 2203 ubi
373 2176 520 2204 es"!Tum
546 2177 662 2205 Cainum
685 2179 848 2215 alloquens:
868 2181 917 2209 Ubi
937 2188 986 2216 est,

1044 2191 1116 2216 70v;
1132 2183 1260 2218 καὶπρὸς
1278 2183 1323 2209 τὸν
1344 2182 1484 2218 Ἁϐραάμ·
1507 2181 1569 2208 Ποῦ
1585 2180 1684 2214 Σὰρῤα
1707 2180 1726 2214 ἡ
1750 2180 1826 2215 γυνή

199 2223 296 2258 inquit,
321 2222 387 2250 Abel
408 2223 493 2257 frater
514 2225 616 2251 tuus“!
630 2225 693 2252 Item
722 2226 755 2252 ad
781 2226 985 2256 Abrahanium:

1044 2239 1114 2263 trav;
1130 2230 1177 2256 καὶ
1199 2229 1266 2256 ἄλλα
1289 2229 1373 2255 πολλὰ
1391 2227 1502 2255 τοιαῦτα
1518 2227 1593 2253 αὐτοὶ
1609 2228 1632 2253 οἱ
1650 2226 1762 2252 τοιαῦτα
1783 2225 1827 2252 λέυ-

202 2266 251 2294 Ubi
275 2274 315 2295 est
334 2268 418 2296 Sarra
441 2277 509 2295 uxor
525 2275 569 2296 tua
582 2270 613 2297 ⁸2
635 2270 749 2306 Aliaque
764 2277 896 2307 prattcrea
912 2281 988 2301 com-

1044 2284 1133 2311 γοντες
1151 2274 1308 2302 πιστεύουσι
1324 2273 1362 2310 τῷ
1377 2274 1484 2309 Σωτῆρι
1499 2273 1558 2309 Θεῷ
1578 2272 1703 2307 στόματι,
1719 2271 1765 2298 καὶ
1779 2270 1830 2297 οὐχ

201 2319 397 2346 memorantes,
427 2316 560 2342 servatori
592 2315 657 2350 Deo,
689 2317 833 2354 eidemque
861 2327 935 2352 vero,
962 2324 990 2348 et

1044 2321 1167 2356 ἀληθείᾳ,
1186 2320 1245 2355 Θεῷ
1259 2320 1315 2346 ὄντι
1332 2319 1378 2346 κα)⁵
1389 2319 1542 2354 πρόγνωσιν
1561 2318 1656 2352 ἔχοντι,
1670 2316 1703 2342 τὰ
1716 2315 1744 2342 ἃ
1757 2315 1828 2342 αὐτὰ

201 2359 329 2386 universa
350 2360 516 2394 pratscienti,
533 2368 580 2388 ore
605 2369 637 2388 ac
653 2362 745 2390 verbis
765 2363 908 2397 duntaxat,
933 2371 989 2391 non

1044 2368 1075 2403 τῇ
1090 2366 1195 2401 Παλαιᾷ
1207 2366 1308 2401 ὁμοίως
1323 2364 1498 2400 ἐπερωτῶντι
1507 2372 1515 2380 ·
1537 2363 1599 2390 Ποῦ
1611 2362 1762 2389 τεθείκατε
1775 2360 1831 2388 τὸν

200 2412 235 2432 ex
260 2405 352 2432 animo
376 2413 408 2432 ac
431 2407 543 2435 veritate
561 2407 687 2435 credunt.
711 2408 789 2444 ιιι
806 2408 888 2446 Atqui
915 2410 989 2438 idem

200 2450 260 2485 ipse
276 2457 332 2477 non
349 2450 468 2478 absimili
486 2456 568 2487 atque
594 2454 622 2479 in
638 2452 730 2480 Veteri
746 2454 921 2483 Testamento
944 2464 990 2483 ra-

199 2495 273 2523 tione
300 2496 430 2523 nonnulla
450 2497 627 2531 sciscitatur;
642 2499 796 2534 cujusmodi
825 2501 892 2529 illud
919 2506 959 2530 est
977 2511 984 2529 :

202 2540 253 2568 Ubi
280 2541 408 2575 posuistis
435 2540 611 2570 Lazarum“?
637 2549 686 2572 et:
704 2544 771 2578 Quis
796 2554 836 2574 me
861 2547 987 2581 tetigit'?

199 2587 264 2615 item
279 2597 285 2615 :
299 2587 408 2614 Habetis
427 2596 506 2623 pauca
528 2590 697 2618 vobiscum"?
724 2592 788 2618 item
808 2601 815 2619 :
833 2592 915 2625 Quem
928 2593 985 2619 vul-

198 2633 233 2660 tis
244 2633 274 2661 ’ἳ
288 2639 334 2661 aut
349 2643 354 2660 :
372 2635 454 2668 Quem
466 2637 582 2669 quwrilis
594 2637 634 2663 ‘°?
653 2637 833 2669 Quamobrem
850 2637 937 2665 facilis
945 2643 987 2665 est

198 2679 332 2709 adversus
347 2680 408 2726 illos
426 2685 454 2709 et
470 2682 594 2717 expedita
607 2682 687 2709 ratio.
703 2682 770 2710 Nam
785 2687 815 2710 ut
830 2683 915 2711 Filius
934 2684 986 2711 etsi

197 2726 349 2759 prasciret,
372 2727 569 2761 interrogavit:
587 2727 627 2754 sic
642 2731 669 2754 et
689 2727 769 2755 Pater
791 2736 853 2755 cum
872 2729 942 2756 idem
959 2734 986 2757 et

197 2770 376 2799 immutabilis
406 2777 528 2805 maneat,
563 2773 590 2799 in
617 2773 674 2808 lege
705 2779 891 2809 percontatur.
917 2775 985 2804 Nam

233 2847 240 2861 ¹
257 2847 265 2873 I
280 2848 345 2875 Cor.
358 2855 408 2878 vn,
421 2848 467 2874 29.
505 2848 515 2863 '
530 2848 597 2875 Phili

197 2889 257 2924 vni,
283 2881 327 2911 45.

197 2922 254 2943 και.

393 2883 404 2898 ⁸
423 2881 508 2910 Marc.
528 2881 628 2915 v1.38:
675 2885 685 2900 '
704 2884 897 2919 Muttinxxvn,
910 2887 954 2914 21.

619 2855 646 2884 p.
659 2849 760 2885 ιιιη20.
799 2851 809 2866 ³
821 2850 890 2879 Gen.
903 2859 943 2882 ιιι,
957 2852 984 2880 9.

1044 2854 1109 2882 Gen.
1121 2861 1158 2885 Iv,
1168 2853 1195 2880 9.
1232 2853 1243 2869 ⁸
1255 2853 1413 2884 Cenavin.
1428 2851 1456 2879 9.
1494 2851 1505 2867 ⁸
1517 2850 1597 2879 Joan.
1607 2858 1646 2884 Ix,
1657 2849 1702 2878 '54.

1041 2412 1173 2446 Λάζαρον
1180 2420 1190 2444 ;
1215 2411 1273 2444 καὶ,
1303 2411 1352 2444 Τίς
1372 2420 1432 2446 μου
1454 2409 1572 2444 ἢψιῑτο;
1588 2409 1646 2438 καὶ,
1661 2407 1702 2435 ὄτι
1723 2408 1830 2442 Ἔχετε

1040 2458 1149 2491 ἄρτους
1165 2457 1229 2492 μεθ’
1241 2455 1382 2493 ,ἑαυτῶνί
1403 2456 1461 2489 καὶ,
1489 2455 1559 2483 Τίνα
1579 2453 1680 2481 θέλετε
1687 2462 1697 2486 ;
1711 2452 1740 2488 ἦ,
1759 2452 1831 2479 Τίνα

1041 2501 1168 2535 ζητεῖτε;
1183 2501 1307 2537 Εὑχερὴς
1320 2501 1413 2528 λοιπὸν
1432 2502 1480 2528 καὶ
1495 2500 1585 2536 ῥᾴδιος
1602 2500 1616 2526 ὸ
1634 2498 1703 2534 πρὸς
1716 2497 1829 2529 τούτους

1039 2548 1158 2583 ἐλεγχος.
1177 2547 1222 2579 Ὡς
1237 2547 1292 2583 γὰρ
1314 2547 1439 2582 ἐπερωτᾷ
1459 2547 1474 2572 ὁ
1491 2545 1554 2577 Υἱὸς
1567 2544 1720 2580 πρόγνωσιν
1742 2543 1828 2578 ἔχων,

1039 2593 1126 2625 οὕτως
1151 2593 1199 2620 καὶ
1224 2594 1239 2620 ὁ
1261 2592 1357 2628 Πατὴρ
1380 2592 1405 2618 εἰ
1429 2591 1510 2624 αὐτὸς
1526 2591 1573 2618 καὶ
1597 2590 1619 2606 ⁸³
1639 2591 1668 2616 ἐν
1690 2589 1729 2624 τῷ
1752 2588 1830 2624 νόμῳ

1041 2639 1177 2676 ἐπερωτᾷ,
1192 2640 1206 2665 ὁ
1220 2639 1302 2670 αὐτὸς
1316 2637 1353 2665 ῶν
1370 2637 1424 2670 ἀεὶ,
1439 2637 1485 2664 καὶ
1505 2637 1542 2672 μὴ
1565 2635 1827 2671 μεταλλασσόμενος,

1046 2685 1110 2712 Ἐὰν
1127 2685 1180 2722 γὰρ
1195 2685 1261 2721 εἴπῃ
1271 2693 1277 2699 ·
1296 2684 1358 2712 Ποῦ
1375 2684 1523 2711 τεθείκατε
1536 2683 1590 2710 τὸν
1604 2681 1754 2715 Λάζαρον;
1765 2679 1829 2707 οὒτε

1039 2731 1070 2758 τὸ
1086 2731 1253 2766 Εὑαγγέλιον
1267 2731 1369 2765 ἀγνοεῖ,
1388 2728 1450 2756 οὔτε
1467 2730 1517 2765 τὴν
1531 2727 1654 2755 Παλαιὰν
1677 2726 1827 2762 Διαθήκην.

1039 2777 1102 2804 Ποῦ
1115 2776 1264 2804 τεθείκατε
1281 2775 1391 2808 αὺτόν;
1407 2774 1493 2809 λέγει,
1515 2772 1654 2808 ἐξελέγξαι
1677 2772 1764 2799 θέλων
1778 2770 1829 2803 τὰς

1740 2849 1750 2866 "
1759 2848 1826 2876 an.

1024 2889 1047 2905 ¹⁰
1060 2889 1140 2917 Joan.
1152 2883 1225 2915 'xvnt
1243 2888 1269 2916 4.
1336 2888 1357 2903 ’³
1374 2883 1528 2921 COrruptus
1540 2886 1627 2914 locus.
1679 2885 1700 2901 "
1719 2883 1785 2920 Leg.
1801 2883 1827 2910 sl
