1939 3039
90 216 145 245 ΞΒ

796 217 1015 247 ANCDRATUS.

1670 217 1726 244 916

91 275 160 312 μηδὲ
173 275 223 311 τήν
244 275 306 311 ῐσην
328 275 418 303 πίστιν
443 276 632 311 ἐξενηνοχυίας
656 276 722 311 πρὸς
747 277 797 312 τὴν
820 277 880 304 Σου-

938 277 1010 313 quod
1041 276 1076 303 ita
1106 276 1228 312 loquitur
1249 285 1255 303 :
1274 275 1324 302 Ubi
1347 276 1473 310 posuistis
1493 274 1646 305 Lazarum!
1673 284 1723 304 nec

95 322 214 356 μανϊτιν.
234 321 335 348 Καίτοι
358 329 390 355 γε
402 321 510 356 ἐκείνης
528 319 595 356 πρὶς
605 321 745 357 ἄνθρωπον
758 322 882 358 ἐχούσης,

91 365 231 392 τουτέστιν
249 365 401 392 Ἐλισσαῖον
423 365 470 392 τὸν
492 365 568 400 ἀγιον
593 360 755 402 προφήτην,
778 365 828 397 τὰς
854 366 883 392 δὲ

91 411 157 446 περὶ
170 410 286 446 Μάρθαν
303 410 420 446 ἐχούσας
440 410 508 446 πρὸς
520 411 566 438 τὸν
580 410 655 438 Θεόν.
672 411 726 438 Καὶ
743 411 791 438 ἐὰν
806 410 882 447 εῐπῃ,

95 454 144 487 τίς
158 462 218 488 μου
238 453 358 488 iub-ato;
382 455 433 481 οὐκ
447 455 552 489 ἀγνοῶν
570 455 654 490 λέγει,
666 455 724 483 ἀλλ’
742 455 785 482 ῐνα
801 455 883 492 πείσῃ

90 499 141 534 τὴν
159 500 273 533 γυναῖκα
292 499 338 534 ἀφ’
357 500 457 535 ἑαυτῆς
480 500 665 536 ὁμολογῆσαι,
691 500 735 527 ἵνα
755 500 792 536 μὴ
811 501 884 536 περὶ

91 543 191 570 ἑαυτοῦ
219 544 345 579 μαρτυρῇ
362 544 376 570 ὸ
393 543 456 576 Υίδς
473 545 520 571 τοῦ
539 544 622 578 Θεοῦ,
645 545 703 572 ἀλλ’
719 546 771 573 ὑπὸ
796 546 883 573 ἄλλων

90 587 247 624 δοξάζηται.
260 589 315 616 Καὶ
327 590 391 617 ὅταν
403 591 478 627 εἴπῃ,
493 591 595 626 Ἔχετε
615 591 723 626 ἄρτους
736 591 800 626 μεθ’
813 591 882 619 ἐαυ-

91 632 173 667 τῶν;
197 634 245 662 ἐπὶ
272 634 360 671 τούτῳ
374 635 459 670 λέγει,
487 636 532 663 ἵνα
548 637 579 663 τὺ
604 636 692 672 βραχὺ
713 637 768 663 τῶν
792 636 882 672 ἄρτων

91 680 160 706 πᾶσι
185 681 329 716 σημανθῇ,
354 681 402 709 καὶ
422 682 453 708 τδ
479 682 594 717 μέγεθος
608 683 657 718 τῆς
673 683 756 710 αὐτοῦ
776 683 882 720 θαυμα-

89 725 220 760 τουργίας
237 725 399 762 θαυμασθῇ,
416 727 462 754 διὰ
489 728 624 755 τοσούτων
645 728 735 765 ἀρτων
754 730 881 757 τοσούτου

89 769 241 804 τραφέντος
256 771 344 806 ὄχλου.
358 772 414 798 Καὶ
426 773 489 800 ὅταν
502 773 578 809 ετπῃ.
594 773 667 801 Τίνα
682 774 808 808 (meite;
819 776 882 808 τοὺς

90 814 242 850 ζητοῦντας
256 817 391 844 δείκνυσιν
405 819 599 854 ἠπατημένους
611 820 702 852 ὄντας,
718 822 766 848 καὶ
779 821 880 857 Ἰησοῦν

90 859 238 896 ζητοῦντας
253 862 297 889 τὸν
315 863 423 896 Ἰατρὸν
439 863 656 900 ἑρμηνευόμενον
678 866 725 893 καὶ
740 866 879 901 Σωτῆρα·

90 905 208 984 ξιέξᾶταν
223 907 422 935 ἀποκτείνωσιν
445 909 543 942 αὑτὸν,
569 909 618 945 τῆς
635 910 729 938 τούτου
746 913 881 949 σωτηρίας

99 969 105 975 .
140 958 217 977 ωσιν.

99 958 217 977 ιηξωσιν.

936 323 1112 358 Evangelium
1143 329 1233 357 neque
1261 321 1468 349 Testamentum
1495 321 1577 350 Vetus
1603 323 1722 358 ignorat.

936 368 988 396 Ubi
1003 369 1131 404 posuistis
1146 369 1251 402 ipsum?
1265 368 1364 403 inquit,
1382 372 1411 395 ut
1427 375 1537 395 sorores
1551 368 1612 396 illas
1625 377 1722 404 argue-

935 418 989 447 ret,
1004 422 1064 449 qua:
1080 422 1114 441 ne
1128 414 1260 449 aequalem
1279 413 1388 448 quidem
1409 412 1573 440 Sunamitidi
1591 413 1629 440 illi
1642 413 1721 441 ﬁdem

936 466 992 495 pra:
1014 467 1044 488 se
1061 459 1174 487 ferrent.
1199 458 1360 494 Quanquam
1380 458 1420 486 illi
1443 466 1505 486 eum
1531 458 1640 486 homine
1654 457 1724 485 dun-

936 508 1013 533 taxat
1036 513 1080 533 res
1107 508 1191 538 esset,
1219 504 1309 532 Eliseo
1327 511 1424 539 nempe
1451 502 1722 539 prophetazMartha

934 558 1000 578 vero
1020 550 1135 586 ejusque
1161 557 1241 578 soror
1262 557 1325 577 cum
1350 548 1406 582 Deo
1427 553 1528 584 ageret.
1555 547 1622 583 Nam
1649 547 1722 584 quod

935 595 1002 623 alias
1026 595 1095 623 dixit
1114 606 1121 624 :
1138 595 1204 628 Quia
1225 603 1266 622 me
1282 594 1383 630 tetigit!
1400 601 1455 621 non
1470 594 1521 621 hoc
1545 601 1578 621 ex
1595 593 1722 629 ignoran-

935 641 972 668 tia
986 641 1056 669 dixit
1071 641 1138 669 :sed
1151 645 1180 669 ut
1201 640 1236 668 ab
1251 641 1368 676 ipsamet
1384 640 1498 667 muliere
1519 639 1721 667 confessionem

934 688 1107 722 exprimeret,
1132 695 1167 715 ne
1181 686 1215 715 de
1238 686 1329 722 seipso
1347 685 1539 714 testiﬁcaretur
1556 685 1603 713 Dei
1622 684 1720 717 Filius,

934 732 982 760 sed
996 732 1111 760 aliorutn
1132 732 1292 760 testimonio
1307 732 1557 760 commendaretur.
1575 731 1652 764 Quod
1669 739 1718 758 au-

934 781 988 806 tem
1003 779 1037 806 ad
1051 778 1103 807 ista
1122 780 1240 814 pertinet
1253 789 1261 807 :
1279 777 1389 807 Habetis
1403 786 1483 813 panes
1496 777 1647 805 vobiscum?
1660 777 1720 804 ideo

935 827 1115 858 percontatus
1130 830 1182 858 est,
1200 830 1230 852 ut
1241 833 1322 861 quam
1334 824 1430 860 exigua
1448 824 1527 859 panis
1542 827 1615 851 esset
1629 823 1719 858 copia,

933 872 961 896 et
974 868 1143 898 incredibilis
1159 871 1227 898 tanti
1244 870 1359 905 prodigii
1376 868 1535 906 magnitudo
1548 869 1721 896 demonstra-

935 920 1026 949 retur;
1042 924 1102 951 quae
1113 924 1145 944 eo
1164 921 1236 944 esset
1260 917 1457 948 admirabilior,
1478 924 1532 951 quo
1555 920 1610 943 tant
1626 915 1720 950 paucis

891 956 912 982 Β
928 960 1043 994 panibus
1069 965 1109 988 tot
1130 962 1213 988 millia
1232 962 1373 988 hominum
1400 962 1524 989 aluisset.
1549 960 1634 987 Porro
1657 968 1719 987 cum

90 995 241 1031 interrogat
261 1006 268 1024 :
287 997 368 1029 Quem
393 999 536 1033 qua'ritis.’
560 1007 608 1028 eos
631 1001 678 1035 qui
708 1003 877 1036 quaerebant,
896 1005 1024 1041 deceptos
1045 1014 1106 1034 esse
1122 1007 1268 1042 significat.
1297 1008 1341 1043 qui
1361 1006 1451 1035 Jesum
1483 1010 1643 1042 quaererent,
1671 1013 1723 1033 cu.

89 1043 135 1078 jus
151 1051 250 1072 nomen
268 1044 399 1073 Medicum
423 1054 455 1074 ac
478 1047 644 1076 Salvatorem
673 1049 820 1085 signiﬁcat,
843 1057 873 1078 ut
899 1060 931 1080 eo
959 1054 1103 1082 interiecto
1130 1055 1358 1082 communicatam
1391 1055 1424 1082 ab
1441 1062 1473 1082 eo
1490 1054 1605 1082 salutem
1638 1052 1720 1079 amit-

89 1094 190 1118 tureut.

125 1137 187 1164 PO’.
206 1137 313 1173 Ὥσπερ
333 1135 379 1166 οὖν
401 1140 435 1167 τά
459 1141 523 1176 περὶ
541 1141 590 1177 τῆς
612 1142 660 1170 τοῦ
681 1145 785 1180 Κυρίου
802 1145 881 1180 ἡμῶν

88 1183 246 1218 οἰκονομίας
272 1184 431 1220 ἐδείξαμεν,
449 1186 584 1222 λεγόμενα
609 1189 659 1223 μὲν
684 1189 875 1226 ἀνθρωπίνως,

88 1229 139 1254 οὐκ
161 1229 263 1264 ἄμοιρα
280 1229 309 1255 δὲ
338 1230 517 1265 προγνώσεως
531 1232 603 1267 (οὐδὲ
627 1233 682 1269 γάρ
702 1243 743 1266 τις
758 1235 812 1261 τῶν
835 1236 880 1261 εὑ-

90 1274 264 1310 φρονούντων
285 1276 350 1312 εἴπῃ
372 1277 478 1310 ἀγνοεῖν
495 1278 576 1304 αὐτὸν
598 1279 648 1306 ποῦ
669 1280 807 1307 τεθείκασι
824 1282 881 1308 Λά-

89 1320 185 1360 ζαρον,
207 1321 292 1354 ἐγγὺς
311 1321 375 1347 ὄντα
396 1322 442 1349 τοῦ
456 1323 551 1355 τόπου,
569 1324 594 1349 εί
616 1324 662 1351 καὶ
678 1325 711 1352 δι’
725 1325 754 1352 ὂν
769 1327 882 1361 εἴπομεν

87 1365 190 1401 τρόπον
215 1366 318 1401 ¹ηρώτα,
337 1367 431 1403 πόρῤω
453 1368 597 1401 Γαλιλαίας
618 1370 714 1406 πρώην
735 1372 815 1405 ὄντα,
833 1372 881 1399 καὶ

87 1412 213 1444 δείξαντα
229 1412 275 1446 ἀφ’
289 1413 396 1445 ἑαυτοῦ,
410 1414 451 1441 ὃτι
465 1413 578 1451 τέθνηκε
591 1416 738 1453 Λάζαρος),
748 1415 817 1443 οὕτω
829 1418 876 1444 καὶ

87 1458 154 1493 περὶ
168 1458 217 1494 τῆς
229 1458 350 1490 Παλαιᾶς
362 1459 499 1496 Διαθήκης
512 1460 599 1488 ταῦτα
613 1461 750 1498 εὐφρόνως
765 1463 878 1490 ἀναλύο-

90 1510 140 1536 μεν
150 1502 180 1528 τὸ
191 1503 276 1529 εἰπεῖν
286 1503 332 1529 τὺν
343 1503 517 1539 Θεόν”Ἁδὰμ,
528 1505 587 1532 ποῦ
603 1504 647 1538 ei;
658 1507 707 1533 οὐκ
717 1506 876 1541 ἀγνοοῦντος

968 1144 1035 1172 (ΠΧ.
1057 1144 1292 1177 Quemadmodum
1319 1143 1400 1177 igitur
1415 1151 1475 1178 qua:
1490 1143 1523 1170 de
1546 1142 1648 1170 Christi
1670 1142 1720 1170 Do-

933 1190 999 1217 mini
1024 1189 1212 1216 incarnatione
1230 1188 1371 1221 dicuutur,
1394 1188 1426 1215 ad
1444 1188 1590 1215 humanam
1607 1187 1718 1222 quidem

932 1235 1102 1263 affectionem
1119 1233 1324 1262 accommodate
1342 1240 1403 1260 esse
1425 1237 1566 1267 concepta,
1583 1232 1631 1260 sed
1648 1241 1719 1267 pra:—

934 1281 1056 1308 scientiae
1087 1287 1258 1314 nequaquam
1295 1279 1416 1313 expertia
1475 1279 1721 1307 demonstravimus

931 1326 1022 1362 (nemo
1039 1326 1139 1360 quippe
1157 1324 1275 1360 prudens
1288 1323 1429 1359 ignorasse
1454 1328 1512 1350 tum
1534 1323 1609 1350 illum
1628 1322 1721 1350 dicere

933 1374 1033 1406 potest,
1051 1378 1112 1397 cum
1131 1368 1316 1404 interrogabat
1334 1378 1340 1395 :
1356 1367 1406 1395 Ubi
1418 1368 1544 1402 posuistis
1565 1367 1722 1396 Lazarum?

931 1414 1153 1450 quandoquidem
1172 1414 1196 1442 ei
1212 1414 1273 1441 loco
1286 1413 1456 1448 propinquus
1468 1417 1536 1444 erat,
1551 1420 1614 1439 cum
1630 1411 1673 1440 his
1686 1411 1721 1439 de

930 1460 1023 1487 causis
1040 1467 1109 1495 quas
1124 1464 1186 1487 ante
1203 1459 1271 1491 dixi,
1293 1462 1470 1494 percontatus
1487 1457 1568 1485 fuerit
1582 1467 1588 1484 :
1605 1465 1721 1492 praeser-

929 1505 978 1532 tim
994 1505 1041 1540 qui
1056 1504 1138 1539 paulo
1155 1507 1218 1531 ante
1238 1503 1334 1538 procul
1352 1511 1367 1530 a
1389 1502 1519 1530 Galilxca'
1536 1502 1651 1530 dissitus
1668 1501 1720 1529 La-

90 1546 133 1582 ἧν,
143 1548 211 1574 ἀλλὰ
224 1548 390 1580 δεικνύοντος
401 1549 455 1576 ἀπὸ
466 1550 521 1576 οἴου
533 1550 616 1586 ὕψους
628 1551 694 1587 πρὸς
706 1552 781 1579 ποῖον
795 1552 876 1587 βάθος

933 1550 984 1578 tari
1000 1553 1114 1577 mortem
1129 1557 1177 1585 per
1189 1557 1251 1577 sese
1260 1547 1465 1585 signiﬁcasset):
1480 1548 1517 1575 ita
1533 1552 1559 1575 et
1576 1547 1603 1574 iu
1616 1546 1712 1575 Vetere

90 1593 201 1628 αἴσχους
210 1594 224 1620 ὁ
236 1594 320 1629 ’Δδὰμ
328 1594 582 1628 ὲκπεπτὼκει.’Καὶ,
596 1597 657 1623 Ποῦ
669 1598 757 1624 Ἀϐελ
767 1599 783 1625 ὁ
791 1598 879 1626 ἀδελ-

933 1595 1105 1623 Teslamento
1124 1602 1184 1630 qua:
1207 1595 1250 1623 his
1272 1594 1361 1621 allinia
1388 1597 1453 1622 sunt
1468 1593 1616 1628 prudenter
1637 1592 1723 1628 expli—

89 1638 147 1672 φός
164 1645 242 1670 σου;
258 1638 298 1664 ὅτι
312 1639 341 1665 ὅν
357 1647 386 1664 σε
400 1638 453 1664 ἔδει
467 1639 558 1674 φέρειν
574 1640 616 1666 ἀεὶ
630 1641 658 1666 ἐν
671 1641 813 1675 ἀγκάλαις,
833 1645 880 1670 καί¹

90 1684 133 1710 ἀεὶ
146 1685 265 1711 συνεῖναι
277 1684 361 1719 αὐτῷ,
373 1680 449 1716 οὗτος
462 1686 508 1711 ἐπὶ
520 1686 571 1720 γῆν
587 1687 660 1722 παρά
672 1687 718 1714 σοῦ
732 1688 859 1724 ἔρριπται
871 1699 877 1705 ·

90 1729 213 1756 δείκνυσι
232 1729 285 1765 γὰρ
312 1730 343 1756 ὲκ
360 1730 407 1756 τοῦ
427 1730 607 1766 ἐπαγομένοὺ,
632 1733 672 1759 ὃτι
698 1734 747 1760 οὐκ
769 1735 880 1769 ἀγνοίας

88 1776 170 1810 χάριν
185 1775 289 1811 ἠρώτα,
302 1775 368 1802 ἀλλὰ
381 1776 525 1812 διελέγχων
538 1778 566 1804 ὲν
581 1777 620 1812 τῷ
631 1779 726 1812 εἰπεῖν,
746 1780 786 1807 ὅτι
805 1781 880 1808 Ἐπι-

89 1821 257 1854 κατᾰρατος
275 1822 294 1855 ἡ
310 1821 348 1855 τῆ
365 1823 400 1848 ὲν
415 1822 478 1854 τοῖς
494 1823 591 1857 ἔργοις
613 1831 671 1850 σου
682 1844 689 1856 ,
711 1825 759 1852 καὶ
780 1826 880 1854 ἐπικα-

89 1866 216 1899 τάρατος
237 1866 278 1893 σὺ
294 1867 353 1893 ἀπὸ
370 1867 424 1901 τῆς
448 1867 513 1902 γῆς,
535 1868 600 1901 ἥτις
623 1869 714 1903 ἔκανε
734 1870 767 1897 τὸ
784 1871 881 1906 στόμα

89 1910 187 1944 αὐτῆς
203 1911 348 1943 δέξασθαι
362 1911 397 1938 τὸ
412 1910 483 1947 αἷμα
495 1914 548 1940 τοῦ
560 1913 694 1948 ἀδελφοῦ
706 1923 765 1942 σου
781 1916 814 1943 ἐκ
825 1916 881 1951 τῆς

89 1957 192 1991 χειρός
206 1966 264 1984 σου
274 1965 281 1972 '
298 1958 362 1985 ὶδοὺ
377 1959 443 1993 γὰρ,
459 1959 551 1995 φησὶν.
568 1959 587 1993 ἠ
602 1960 685 1994 φωνὴ
700 1962 793 1989 αὐτοῦ
806 1962 880 1996 πρὸς

87 2003 137 2036 μέ.
164 2003 230 2035 Καὶ,
252 2003 314 2030 Ποῦ
337 2003 437 2038 Σὰρῤα
454 2004 474 2038 ὴ
501 2003 577 2039 γυνή
602 2011 660 2032 σου
672 2013 681 2036 ;
703 2006 753 2032 οὐκ
776 2006 881 2041 ἀγνοῶν

89 2046 171 2075 εἶπεν
184 2057 191 2064 ·
207 2049 269 2075 ἐπεὶ
283 2049 342 2080 πῶς
357 2049 449 2084 ἠγνόει
464 2050 478 2076 ὸ
492 2050 616 2084 γελῶσιν
630 2051 702 2078 ἔνδον
724 2052 773 2087 τῆς
793 2053 881 2085 οίκίας

91 2094 171 2126 εἰδὼς
188 2095 274 2130 αὐτήν
293 2094 370 2130 (86);
390 2095 445 2121 Οὐκ
468 2095 573 2129 ἀγνοῶν
591 2096 680 2123 τοίνυν
703 2095 805 2133 ἠρώτα,
822 2099 880 2126 ἀλλ’

91 2140 138 2167 ἵνα
156 2141 322 2176 παραστήσῃ
340 2141 398 2172 ταῖς
415 2140 581 2176 θυγατράσιν
599 2141 696 2177 αὐτῆς,
715 2143 774 2174 ταῖς
792 2143 880 2178 ἑπαγ-

90 2186 269 2221 γελλομέναις
284 2186 447 2218 Θεοσέϐειαν,
462 2186 557 2222 μαθεῖν
570 2187 620 2223 τὴν
635 2188 744 2224 ἐκείνης
758 2189 879 2224 ἀγωγὴν,

90 2232 156 2259 ὅταν
171 2232 260 2266 ἁγίοις
284 2233 316 2259 ὲκ
332 2232 386 2259 τῶν
409 2232 481 2259 [δίων
506 2233 639 2268 καμάτων
654 2234 801 2270 ὑπηρετεῖν
818 2243 879 2263 πει-

93 2277 213 2313 ρῶνται·
240 2278 330 2313 ἐκείνη
355 2277 408 2313 γὰρ
431 2278 460 2305 ὲν
482 2278 599 2314 τοσαύτῃ
629 2280 765 2316 ὑπηρεσίᾳ
789 2281 878 2317 ύπὰρ-
896 2269 918 2297 Ῑ)

93 2331 188 2357 χουσα,
202 2323 271 2358 αὑτὴ
284 2323 347 2354 τοὺς
359 2323 480 2359 ἀζύμους
491 2325 538 2350 καὶ
549 2324 613 2355 τοὺς
624 2325 787 2361 ὲγκρυφίους
797 2327 879 2362 ἐργα-

92 2367 212 2402 ζομένη,
242 2368 289 2394 καὶ
311 2368 360 2402 τὴν
388 2368 522 2403 τοσαύτην
538 2368 689 2404 ὑπηρεσίαν
710 2369 880 2405 ἑξαρτύσασα

94 2413 154 2447 ἅμα
172 2414 230 2445 τοῖς
245 2413 320 2444 ίδίοις
337 2413 422 2448 αὐτῆς
442 2413 572 2445 οἰκέταις,
591 2413 735 2449 πρόσωπον
754 2414 808 2442 τῶν
830 2417 881 2443 ύπ-

93 2459 284 2494 ηρετουμένων
298 2458 346 2494 οὐχ
362 2458 446 2494 ἐώρα,
467 2457 643 2495 σωφροσύνης
662 2460 798 2492 ἐπιεικοῦς
814 2461 881 2488 ὐπο-

93 2505 224 2540 τραμμὺν
251 2505 312 2536 ταῖς
334 2504 482 2539 ἡμετέραις
511 2505 619 2538 γενεαῖς
643 2505 877 2540 ύπολιμπάνυυσα.

94 2550 150 2576 Καὶ
172 2549 259 2576 ταῦτα
284 2550 333 2584 μὲν
359 2549 470 2584 ἀρκέσει
486 2549 526 2581 είς
551 2549 723 2584 παράστασιν
749 2552 808 2583 ταῖς
827 2551 880 2578 τῶν

95 2594 220 2629 ματαίων
232 2594 409 2628 ἀντιλογίαις.

931 1649 1028 1668 camus
1042 1648 1049 1672 ;
1065 1640 1194 1666 nimirum
1217 1647 1371 1667 sermonem
1388 1639 1463 1666 illum
1479 1638 1545 1665 Dei:
1564 1637 1659 1669 Adam,
1676 1636 1721 1664 ubi

930 1688 978 1715 es?
1000 1695 1054 1714 non
1077 1686 1228 1722 ignorantis
1253 1694 1326 1719 esse,
1349 1685 1396 1713 sed
1418 1685 1566 1712 indicantis
1587 1687 1690 1719 quanta
1705 1690 1721 1710 e

932 1733 1101 1762 sublimitate
1117 1738 1246 1768 quantam
1263 1733 1290 1760 in
1306 1731 1451 1760 dedecoris
1467 1736 1493 1758 et
1508 1730 1628 1758 infamia:
1641 1736 1720 1756 vora-

931 1780 1021 1815 ginem
1035 1779 1157 1807 Adamus
1175 1778 1328 1806 incidisset.
1346 1777 1477 1813 Ejusdem
1495 1776 1603 1810 generis
1616 1780 1642 1802 et
1655 1775 1720 1801 illud

931 1829 972 1852 est
988 1835 994 1851 :
1012 1825 1061 1851 Ubi
1077 1830 1116 1852 est
1133 1824 1196 1851 Abel
1214 1823 1298 1858 [ναίειν
1320 1823 1403 1849 tuus?
1418 1828 1516 1855 nempe
1539 1827 1619 1854 quem
1643 1823 1671 1845 tu
1693 1820 1719 1845 in

932 1871 1005 1898 ulnis
1018 1871 1128 1898 assidue
1147 1874 1254 1905 gestare
1267 1868 1414 1898 debueras.
1439 1871 1541 1894 etcum
1565 1872 1598 1892 eo
1615 1864 1720 1891 versari

931 1920 1074 1952 perpetuo,
1099 1916 1144 1942 hic
1164 1922 1179 1941 a
1201 1919 1227 1941 te
1242 1914 1269 1941 in
1286 1917 1386 1940 terram
1410 1911 1534 1946 abiectus
1557 1913 1609 1937 est.
1626 1909 1665 1935 Ex
1687 1908 1720 1934 iis

932 1963 1003 1989 enim
1021 1969 1080 1997 qua
1095 1964 1249 1996 sequuntur
1264 1958 1384 1987 ostendit
1397 1966 1427 1986 se
1438 1965 1491 1985 non
1507 1964 1540 1984 ex
1552 1955 1718 1991 ignorantia,

935 2007 956 2040 ι
963 2004 1162 2041 ιξοιιιδοᾱ
1172 2008 1201 2031 ut
1210 2003 1347 2031 hominem
1357 2002 1531 2030 convinceret
1542 2001 1592 2028 ista
1603 1999 1718 2027 dixisse.

933 2051 1064 2086 Sequitur
1083 2051 1155 2078 enim
1172 2059 1179 2078 :
1194 2049 1341 2076 Maledicta
1361 2053 1432 2075 terra
1455 2049 1481 2074 in
1507 2046 1628 2081 operibus
1650 2045 1718 2076 tuis;

931 2103 955 2125 ιιι
969 2103 996 2124 tu
1014 2098 1070 2132 ipse
1095 2096 1251 2124 maledictus
1268 2103 1284 2122 a
1300 2099 1380 2127 terra,
1398 2101 1456 2130 qum
1475 2093 1577 2129 aperuit
1598 2101 1626 2119 os
1643 2099 1718 2118 suum

932 2148 961 2169 ut
986 2143 1113 2177 exciperet
1140 2142 1294 2177 sanguinem
1316 2141 1410 2176 fratris
1434 2140 1473 2167 tui
1502 2139 1533 2166 de
1559 2146 1639 2165 manu
1662 2142 1717 2165 tua.

934 2188 1001 2216 Ecce
1010 2189 1090 2220 enim,
1108 2188 1208 2223 inquit,
1233 2195 1283 2214 vox
1303 2187 1386 2221 ipsius
1405 2186 1504 2213 clamat
1520 2185 1553 2212 ad
1573 2192 1612 2210 me
1622 2184 1642 2210 '.
1659 2182 1719 2210 Jam

933 2234 1000 2261 illud
1017 2243 1023 2261 :
1042 2233 1092 2261 Ubi
1103 2238 1141 2261 est
1157 2233 1242 2261 Sarra
1257 2241 1326 2260 uxor
1350 2233 1418 2259 tua?
1433 2239 1487 2259 non
1505 2231 1635 2265 ignorans
1655 2235 1718 2263 pro-

934 2279 1004 2310 tulit.
1022 2281 1068 2308 Sed
1084 2283 1113 2306 ut
1126 2279 1309 2315 propagandis
1323 2279 1358 2306 ab
1379 2285 1410 2305 ea
1425 2277 1534 2305 ﬁliabus
1555 2283 1616 2311 qua:
1633 2275 1719 2309 pieta-

934 2329 986 2352 tem
1009 2324 1214 2359 proﬁterentur,
1229 2325 1404 2359 disciplinam
1427 2323 1510 2352 illius,
1534 2322 1609 2348 velut
1631 2320 1718 2357 quod-

933 2371 995 2398 dam
1013 2371 1154 2405 exemplar
1180 2370 1306 2404 ofierret;
1322 2370 1355 2397 ad
1382 2369 1454 2404 quod
1480 2367 1652 2403 potissimum
1675 2373 1722 2394 πε

933 2418 1102 2445 commodari
1121 2425 1167 2445 eas
1182 2421 1330 2453 oporteret,
1351 2416 1458 2451 quoties
1473 2414 1576 2442 sanctis
1590 2414 1656 2440 viris
1669 2420 1718 2440 suo

933 2464 1026 2491 labore
1040 2464 1206 2491 ministrant.
1223 2463 1328 2491 Etenim
1347 2462 1391 2489 illa
1406 2465 1460 2488 tam
1476 2461 1617 2495 negotioso
1637 2459 1718 2486 mini-

934 2508 1019 2534 sterio
1032 2507 1174 2539 distracta,
1189 2515 1251 2535 eum
1264 2515 1374 2542 azymos
1388 2510 1415 2534 et
1426 2506 1623 2534 subcinericios
1633 2512 1717 2539 panes

933 2552 993 2587 ipsa
1018 2553 1192 2585 confecisset,
1210 2560 1242 2579 ac
1265 2556 1363 2579 caetera
1388 2558 1449 2578 cum
1474 2550 1583 2578 famulis
1604 2550 1717 2577 obiissct

933 2598 1036 2630 omnia,
1057 2605 1152 2626 eorum
1173 2598 1274 2634 quibus
1289 2599 1345 2627 haec
1368 2597 1526 2632 apparabat,
1549 2596 1641 2624 vultus
1670 2604 1718 2624 ne-

93 2648 232 2676 quaquam
248 2641 370 2675 aspexit,
389 2648 477 2676 eoque
494 2640 567 2668 facto
583 2648 675 2668 rarum
693 2646 721 2669 et
738 2643 877 2678 singulare
909 2645 1047 2679 pudicitia:
1078 2652 1110 2672 ac
1133 2644 1274 2672 modestiae
1295 2644 1451 2678 exemplum
1477 2642 1632 2678 posteritati
1652 2641 1717 2669 reti.

92 2687 163 2722 qnit.
187 2686 276 2721 Atque
294 2686 350 2713 lizec
377 2685 509 2713 adversus
530 2685 764 2720 ineptissimorum
788 2687 930 2715 hominum
948 2688 1117 2723 obiectiones
1129 2687 1318 2716 demonstrata
1332 2686 1476 2715 sulﬁcient.

73 2752 78 2771 ι
132 2741 141 2757 ⁵
156 2740 297 2768 Bethania.
335 2741 346 2756 ⁸
361 2739 429 2768 Gen.
445 2748 482 2773 tv,
497 2740 527 2768 Η
549 2747 615 2776 sqq.

129 2795 186 2830 (86)
219 2795 301 2822 Ἐπεὶ
319 2795 505 2830 πῶςνήγννόει
526 2795 542 2822 ὀ
559 2795 699 2830 γελῶσαν
717 2793 814 2830 ἔνᾷονν
827 2794 883 2829 τῆς

92 2829 192 2863 οἰκίας
215 2829 300 2863 statim
320 2829 437 2865 αὐτήνζ
470 2829 571 2857 Horum
595 2831 740 2865 verborum
757 2829 882 2865 Latinam

95 2866 253 2893 versionem
270 2863 395 2900 omisere
411 2867 498 2892 nostri
518 2865 689 2900 interpretes.
714 2863 882 2900 Referttntur

94 2900 142 2928 illa
150 2899 184 2928 ad
193 2899 358 2928 versiculum
371 2899 505 2928 decimum
522 2899 620 2936 capitis
635 2907 702 2927 xvm
722 2899 783 2927 libri
791 2899 878 2927 Gene-

935 2803 996 2833 sees
1008 2805 1016 2830 ι
1028 2804 1077 2824 nec
1090 2796 1125 2824 ad
1138 2797 1281 2833 Epiphanii
1298 2799 1447 2827 orationem
1461 2799 1586 2827 conferre
1601 2797 1715 2833 multum

935 2831 1072 2864 videntur,
1091 2833 1112 2860 si
1134 2831 1168 2860 ad
1181 2831 1252 2861 sacri
1264 2834 1337 2863 illius
1352 2835 1404 2862 loci
1421 2834 1562 2862 historiam
1577 2831 1719 2859 attendere

935 2866 976 2893 vel
993 2867 1125 2902 tantisper
1135 2868 1258 2896 velimus.
