1939 3039
259 103 310 132 ΗῚ

944 98 974 127 S.
994 97 1163 125 EPIPIIANII

1843 93 1898 121 ατε

258 172 317 192 rum
329 163 350 189 '.
376 161 429 189 Sed
454 169 504 189 nee
519 161 586 189 illud
602 160 806 192 intellexerunt,
818 159 890 194 quod
907 160 933 186 in
951 159 1041 187 eodem

1100 159 1168 194 αὐτῇ
1197 157 1280 193 βίϐλῳ
1302 155 1406 192 ῥητοῦ,
1431 156 1472 183 ὅτι
1501 154 1620 189 Ἐσρεεε
1634 154 1742 189 Κύριος
1770 153 1856 187 πῦρ,
1883 151 1898 177 ὕ

257 209 327 236 libro
347 208 479 242 scriptum
495 211 536 234 est
548 215 556 233 :
570 205 644 233 Pluit
667 206 752 241 ignem
767 205 907 237 Dominus,
926 204 950 231 is
967 204 1050 231 uimi-

258 262 318 281 rum
341 254 387 289 qui
411 253 444 280 ad
464 253 649 280 Abrahamum
671 252 836 283 diverterat,
852 259 869 278 a
883 251 994 277 Domino
1017 249 1050 276 de

257 300 323 327 calo
333 301 354 333 ',
371 299 405 326 ab
422 306 455 326 eo
471 298 596 325 videlicet
617 297 664 332 qui
681 304 743 325 sese
758 297 878 324 miserat.
901 295 957 323 Nec
972 293 1048 322 illum

259 345 342 372 fuisse
366 347 527 378 cognorunt,
539 343 586 378 qui
602 350 632 370 se
645 342 679 369 ab
693 341 812 377 Egypto
827 341 970 368 liberarat.
993 339 1048 367 Nec

259 391 398 426 propheta:
413 397 507 416 vocem
525 389 599 416 illam
630 387 841 414 intellexerunt:
860 386 893 413 Et
912 390 940 412 tu
966 384 1048 412 Beth-

260 436 342 463 leliem
368 443 532 470 nequaquam
556 434 666 460 minima
688 441 716 460 es
728 433 747 459 ³.
761 432 827 459 Nam
853 432 898 467 qui
929 431 1039 458 tandem

258 483 369 509 minima
387 482 431 508 illa
446 481 498 508 dici
511 483 609 515 potest,
625 487 685 514 quae
696 479 771 506 illum
781 479 895 514 ceperit,
910 477 957 513 qui
973 477 1045 504 caelo

258 533 385 562 terraque
398 525 591 561 comprehendi
606 533 660 552 non
674 525 780 560 potest?
793 524 857 551 Item
870 533 876 550 :
887 523 929 550 Ea:
945 528 970 550 te
980 524 1048 550 uie!

258 573 323 600 dum.
352 573 419 605 Quis
435 576 478 599 est
494 576 584 598 autem
604 571 649 598 ille
669 570 715 605 qui
737 569 912 597 Bethlehemo
928 569 1037 604 egredi-

258 619 324 647 tur?
338 618 422 645 IIomo
438 621 489 644 est.
506 617 577 644 Deus
590 624 654 643 vero
671 624 719 643 cur
733 615 848 642 dicitur?

292 663 386 690 CXVI.
407 661 462 689 lIoc
483 662 555 688 enim
579 660 617 687 illi
641 660 845 695 perturbantur.
868 658 940 693 quod
964 655 1041 686 Deus

258 709 330 736 idem
347 711 375 736 et
397 707 477 734 homo
498 706 543 734 sit.
560 705 627 732 Nam
651 705 678 732 in
700 705 811 732 eodem:
836 704 963 740 Egressus
987 704 1044 739 ejus

257 757 319 781 sunt
335 762 351 780 a
368 752 531 788 principio,a
545 751 723 786 procreatione
747 749 848 782 mundi,
872 750 951 784 120
970 749 1044 784 quod

257 800 368 836 quidem
383 807 438 826 non
453 799 508 833 jam
526 797 559 824 ad
577 795 783 828 hominem,sed
800 796 833 822 ad
851 795 935 822 Deum
948 795 1043 822 'rel'er-

259 850 313 872 tur.
337 844 430 878 Neque
447 850 511 870 vero
533 842 612 870 istius
631 841 737 868 oraculi
761 839 960 867 rccordantur:
977 839 1043 866 Ecce

258 890 329 924 uirgo
345 888 482 922 concipiet,
503 891 528 914 et
546 887 630 920 pariet
646 886 743 920 ﬁlium,
764 889 787 911 et
803 884 929 911 vocabunt
952 893 1044 912 nomen

255 935 314 969 ejus
332 933 518 961 Emmanuel‘.
535 932 612 965 Quod
626 932 750 963 verbum,
774 931 912 963 vocabunt,
936 932 1042 966 piorum

257 987 290 1007 ac
316 979 434 1006 ﬁdelium
464 978 593 1005 Ecclesia:
624 977 740 1003 ﬁliorum
765 984 869 1003 morem
894 977 1041 1011 signiﬁcat.

256 1025 323 1051 Nam
339 1025 376 1057 hi,
396 1024 497 1051 Judaeis
517 1022 620 1050 Christi
640 1021 747 1048 Domini
767 1021 988 1049 interfectoribus
1010 1022 1044 1049 de

257 1070 399 1097 Salvutore
417 1068 634 1100 sciscitantibus,
649 1075 699 1095 cur
713 1067 740 1094 in
755 1075 815 1094 eum
829 1068 876 1102 qui
890 1067 966 1095 cruci
985 1067 1043 1094 suf—

256 1114 327 1141 ﬁxus
341 1118 384 1140 est
397 1113 509 1140 credere
529 1120 590 1140 sese
619 1111 818 1146 proﬁteantur,
836 1111 872 1138 ita
891 1112 983 1140 ﬁdeles
999 1120 1043 1140 re-

1059 827 1080 853 Β

1102 204 1170 240 πρὸς
1190 203 1316 238 Ἀϐραὰμ
1341 201 1497 237 ἐληλυθὼς,
1527 200 1607 235 παρὰ
1629 201 1740 234 Kvplvv
1758 199 1816 227 ἀπ’
1847 201 1897 227 οὑ-

1096 249 1192 285 ρανοῦ
1203 269 1211 281 ,
1225 249 1273 275 τοῦ
1288 248 1370 274 αὑτὸν
1386 247 1606 278 ἀποστείλαντος.
1621 246 1688 272 Οὐδὲ
1704 246 1835 279 ἔγνωσαν
1849 245 1897 272 αὖ-

1099 296 1144 323 τδν
1171 294 1219 321 ἀπ’
1237 293 1375 327 Αἰγύπτου
1399 291 1579 324 ἐκϐάλλοντα,
1609 291 1669 318 οὐδὲ
1695 290 1824 325 συνῆκαν
1850 290 1896 318 τοῦ

1099 340 1238 376 προφήτου
1258 338 1381 372 λέγοντος
1393 345 1400 353 ·
1418 336 1473 364 Καὶ
1490 337 1542 369 σὺ,
1557 335 1702 370 Βηθλεὲμ,
1722 336 1796 369 οὐχι
1825 336 1897 362 ἐλα-

1099 387 1199 422 χίστη.
1216 384 1279 416 Πῶς
1294 383 1349 420 γὰρ
1359 382 1414 410 οἷόν
1428 391 1458 409 τε
1465 381 1726 419 ἐλαχίστην-καλεῖν
1741 382 1825 408 πόλιν
1842 392 1896 417 χω-

1099 433 1222 468 ρήσασαν
1231 430 1260 456 ὃν
1275 429 1388 465 οὐρανὸς
1401 428 1448 455 καὶ
1458 429 1547 455 πάντα
1560 428 1656 463 χωρεῖν
1671 427 1702 454 οὐ
1712 427 1894 462 δεδύνηνταιε

1098 478 1166 510 Καὶ,
1182 477 1221 504 ὅτι
1244 476 1291 502 Ἐκ
1307 475 1366 502 σοῦ
1392 483 1443 509 μοι
1457 474 1647 507 ἐξελεύσεται
1660 474 1846 508 ἡγούμενος.
1864 474 1896 500 Τί

1096 523 1125 548 δὲ
1150 523 1205 548 ἀπὸ
1219 520 1342 556 Βηθλεὲμ
1361 519 1559 556 ὲκπορεὺεταις
1577 519 1633 546 Καὶ
1656 519 1803 555 ἄνθρωπός
1824 520 1894 550 ἐστι,

1096 568 1145 594 καὶ
1157 567 1215 598 πῶς
1228 566 1412 600 θεολογεῖταις

1131 649 1213 688 Ρῖςι.
1230 653 1366 688 ’ταράσσει
1387 652 1487 684 αότοὺς
1507 653 1537 679 τὸ
1550 650 1620 679 εἷναι
1639 652 1705 679 Θὲὸν
1718 652 1767 679 καὶ
1783 652 1893 687 ἄνθρω-

1096 705 1156 725 πον,
1177 697 1222 723 Ἐν
1233 695 1324 731 ταυτῷ
1338 695 1393 731 γὰρ
1405 714 1413 728 ,
1433 698 1467 723 Al
1480 695 1609 728 διέξοδοι
1623 696 1717 723 αὑτοῦ
1731 696 1890 731 ἀπῳχής,

1095 741 1155 770 ἀπὸ
1174 742 1299 774 κτίσεως
1319 741 1452 775 κόσμου·
1472 740 1551 767 τοῦτο
1573 740 1602 766 δὲ
1626 741 1676 767 οὐκ
1696 740 1771 767 ἔστιν
1794 741 1890 768 οὐκέτι

1095 789 1257 826 ἀνθρώπου,
1282 788 1350 815 ἀλλὰ
1362 787 1440 815 Θεοῦ.
1457 787 1494 814 οὗ
1510 787 1658 823 μέμνηνται
1681 787 1726 818 δὲ,
1747 787 1790 813 ὅτι
1815 785 1887 813 Ἰδοὺ

1093 834 1242 869 παρθένος
1259 834 1294 861 ἐν
1309 834 1414 869 γαστρὶ
1430 833 1509 865 ἔξει,
1527 833 1576 859 καὶ
1595 832 1710 864 τέξεται
1733 831 1802 859 utor
1813 852 1821 863 ,
1839 831 1889 858 καὶ

1094 881 1261 908 καλέσουσι
1283 881 1318 906 τὸ
1338 880 1432 914 ὄνομα
1453 879 1547 907 αὐτοῦ
1573 879 1772 913 Ἐμμανουήλ.
1794 879 1833 905 Τὸ
1845 878 1886 910 δὲ,

1094 927 1272 958 καλέσουσι,
1290 926 1418 961 σημαίνει
1431 925 1476 952 τὸν
1491 925 1591 961 τρόπον
1605 924 1659 950 τῶν
1672 925 1757 958 ἁγίων
1772 925 1821 951 καὶ
1839 933 1887 951 πι-

1094 971 1164 998 στῶν
1184 970 1238 998 τῶν
1258 971 1324 997 υίῶν
1336 971 1387 1005 τῆς
1409 970 1581 1005 Ἐκκλησῑας.
1606 969 1815 1004 Ἐξεταζὸμενοι
1831 970 1887 1004 γὰρ

1094 1018 1146 1044 ὑπὸ
1158 1017 1211 1044 τῶν
1226 1017 1415 1052 Κυριοκτόνων
1438 1016 1572 1043 Ἰουδαίων
1590 1016 1653 1051 περὶ
1677 1015 1722 1042 τοῦ
1738 1016 1882 1050 Σωτῆρος,

1093 1063 1134 1089 ὃτι
1160 1063 1221 1094 Πῶς
1231 1063 1270 1094 είς
1284 1063 1330 1089 τὸν
1345 1062 1537 1097 σταυρωθέντα
1549 1061 1738 1096 όμολογοῦσιν;
1752 1061 1884 1088 ἀκούουσι

1093 1108 1169 1143 παρὰ
1179 1107 1232 1134 τῶν
1246 1107 1335 1134 αὐτῶν
1348 1107 1464 1138 πιστῶν.
1480 1107 1520 1133 ὅτι
1533 1107 1600 1142 Παρ¹
1619 1107 1682 1141 ὑμῖν
1698 1106 1883 1142 ἐσταύρωται,

256 1159 410 1194 spondent:
426 1158 471 1185 Ille
487 1159 546 1193 ipse
561 1158 608 1192 qui
630 1157 702 1192 apud
722 1164 770 1184 vos
784 1157 811 1183 in
831 1165 942 1184 crucem
964 1162 1041 1185 actus

1094 1153 1250 1187 μεθ’ὴμῶν
1257 1152 1286 1178 δὲ
1303 1153 1375 1185 Oed;-
1384 1153 1459 1179 ἐστι.
1476 1152 1529 1178 Τοῦ
1543 1152 1570 1178 δὲ
1589 1151 1669 1178 Aufile
1681 1152 1731 1178 οὐκ
1750 1152 1882 1187 ἥκουσαν,

255 1208 313 1237 est,
333 1204 467 1230 nobiscum
489 1203 559 1230 Deus
579 1208 628 1230 est.
650 1202 783 1230 Pneterea
805 1209 893 1237 neque
913 1202 1040 1230 Davidem

257 1249 380 1280 audiunt,
396 1255 446 1275 nec
467 1248 592 1275 timorem
618 1247 691 1274 illius
715 1247 881 1282 intelligunt,
897 1255 979 1282 quem
1003 1248 1042 1274 vi-

255 1293 323 1320 dens
336 1300 384 1328 per
397 1292 528 1327 Spiritum
544 1295 670 1319 sanctum
686 1290 805 1322 dicebat,
823 1291 1041 1319 contremiscens

255 1337 378 1373 ejusdem
396 1337 502 1365 Domini
524 1337 644 1363 futuram
668 1336 898 1368 incarnationem,
922 1336 1038 1364 dicens:

255 1384 330 1410 Dixit
347 1383 473 1410 Dominus
490 1381 603 1408 Domino
621 1389 687 1413 meo,
707 1381 772 1408 Sede
788 1390 803 1407 ο
817 1381 916 1408 dextris
934 1383 998 1409 meis
1009 1382 1020 1398 ⁸
1031 1401 1039 1414 ,

255 1434 310 1457 etc.
332 1428 402 1464 Ergo
423 1432 514 1454 vetera
537 1427 582 1453 illa
605 1426 725 1453 Sabbata
748 1427 938 1461 praeterierunt
961 1436 968 1454 :
992 1435 1041 1462 pro

255 1475 355 1509 quibus
368 1480 461 1501 verum
482 1479 497 1498 a
515 1472 594 1499 nobis
611 1471 777 1506 prmdieatur
794 1471 954 1500 Sabbatum.
973 1471 1038 1499 Item
1055 1486 1075 1514 ο

255 1519 330 1554 prior
345 1519 391 1545 illa
407 1518 513 1545 sublata
528 1521 555 1544 et
570 1518 710 1551 antiquata
726 1517 900 1545 circumcisio
915 1523 966 1550 est,
980 1525 1041 1552 quae

256 1571 337 1590 unam
357 1571 389 1590 ac
411 1562 583 1597 perexiguam
600 1567 704 1597 partem
723 1564 846 1597 corporis
871 1563 1040 1597 amputabat.

255 1607 333 1634 Nunc
348 1614 412 1634 vero
431 1607 551 1634 cmlcstis
566 1607 613 1633 illa
628 1607 804 1634 circumcisio
820 1615 880 1642 quas
898 1607 930 1634 ad
955 1612 1040 1635 totum

255 1660 356 1688 corpus
375 1653 502 1687 pertinet,
520 1653 598 1688 longe
618 1656 660 1679 est
682 1652 879 1680 eﬁicacissima.
899 1653 1039 1688 Siquidem

255 1706 333 1733 aqua:
344 1702 370 1725 et
387 1699 521 1725 invocatio
533 1702 627 1725 sancta
639 1706 693 1725 non
710 1706 793 1725 unuln
809 1698 942 1726 duntaxat
954 1707 1040 1726 mem-

254 1744 334 1771 brum
352 1743 470 1770 hominis
489 1747 636 1778 occupant,
659 1743 704 1771 sed
730 1745 863 1779 integrum
885 1752 985 1779 corpus
1001 1752 1042 1772 re-

253 1793 382 1824 purgant,
401 1789 620 1821 circumcidunt,
648 1796 680 1816 ac
701 1790 780 1816 malis
802 1790 930 1816 omnibus
949 1791 1041 1818 exsol-

254 1838 332 1861 vunt.
349 1834 488 1867 Ejusmodi
504 1834 634 1869 mysteria
648 1839 831 1862 sacrosanctae
845 1834 892 1862 Dei
910 1835 1040 1863 Ecclesiae

255 1876 354 1904 tradita
371 1881 443 1904 sunt.
458 1876 558 1904 Verum
572 1877 704 1905 adversus
717 1878 790 1904 illam
805 1879 970 1906 atrocissimi
985 1880 1042 1915 qui-

253 1922 315 1949 dam
333 1921 426 1949 hostes
444 1922 554 1949 excitati
573 1927 646 1954 sunt,
662 1923 709 1957 qui
729 1924 872 1951 domestici
893 1924 1040 1952 nominan-

254 1971 309 1997 tur,
325 1973 386 1992 cum
405 1965 438 1992 ad
454 1965 640 2000 apostolorum
656 1965 764 1994 Domini
780 1974 872 1994 veram
888 1967 1042 1995 sinceram-

253 2018 307 2046 que
327 2010 406 2038 ﬁdem
428 2011 503 2038 uullo
523 2011 604 2038 modo
620 2011 791 2046 pertineant;
805 2012 829 2039 si
843 2013 916 2040 enim
931 2021 965 2040 ex
987 2013 1042 2042 illis

253 2062 359 2088 essent,
376 2065 438 2084 cum
460 2057 514 2084 illis
540 2058 634 2093 utique
652 2058 871 2092 permansissent
886 2057 908 2085 ⁸.
927 2057 979 2086 Sed
997 2059 1042 2086 ni—

254 2102 353 2128 mirum
377 2101 464 2136 spurii
483 2101 596 2136 quidam
612 2109 645 2129 ac
665 2101 815 2136 promiscui
830 2102 938 2137 generis
953 2101 1041 2138 Egy-

1093 1198 1141 1224 καὶ
1155 1198 1205 1224 οὐκ
1222 1197 1344 1231 ἔγνωσαν
1366 1197 1448 1224 αὑτοῦ
1461 1198 1506 1224 τὸν
1519 1197 1600 1232 φόϐον
1611 1217 1618 1230 ,
1630 1196 1659 1223 ὃν
1682 1196 1752 1230 ὁρῶν
1766 1198 1796 1223 ὲν
1812 1197 1886 1230 ἁγίῳ

1092 1243 1229 1278 Πνεῦματι
1243 1263 1251 1274 ,
1279 1243 1372 1277 ἔλεγε,
1390 1243 1509 1278 φρίττων
1532 1243 1582 1278 τὴν
1607 1241 1689 1269 αὐτοῦ
1712 1242 1760 1268 τοῦ
1777 1242 1882 1276 Κυρίου

1093 1289 1242 1324 μέλλουσαν
1255 1288 1363 1316 ἔσεσθαι
1379 1289 1534 1324 οἰκονομίαν
1544 1308 1551 1321 ,
1566 1288 1652 1322 λέγων
1661 1296 1670 1305 ο
1686 1286 1783 1315 Εἶπεν
1794 1290 1810 1315 ὀ
1825 1289 1881 1315 Κύ-

1087 1342 1154 1368 ριος
1169 1333 1211 1366 τῷ
1224 1334 1322 1368 Κιιριῳ
1333 1342 1403 1368 μου,
1417 1333 1516 1361 Κάθου
1531 1334 1567 1360 ἐκ
1581 1333 1687 1365 δεξιῶν
1698 1342 1767 1367 μου,
1786 1333 1834 1359 καὶ
1846 1333 1881 1360 τὰ

1091 1379 1165 1414 ἑξῆς.
1175 1379 1302 1406 Σάϐϐατα
1314 1380 1403 1406 τοίνυν
1416 1379 1450 1406 τὰ
1463 1379 1563 1414 ἀρχαῖα
1578 1378 1758 1413 παρελήλυθε,
1771 1379 1881 1405 Σάϐϐα-

1091 1433 1136 1452 τον
1149 1425 1178 1451 δὲ
1197 1425 1322 1460 ἀληθινὸν
1338 1427 1403 1461 mp‘
1423 1426 1489 1460 ἡμῖν
1514 1425 1688 1460 κηρύττεται.
1712 1425 1837 1459 Ἥργησε
1850 1425 1881 1451 δὲ

1092 1473 1109 1507 ἡ
1136 1471 1232 1507 πρώτη
1262 1471 1395 1506 περιτομὴ
1426 1470 1456 1496 ἓν
1494 1470 1574 1505 μέλος
1599 1471 1779 1506 σμικρότατον
1804 1479 1880 1506 περι-

1091 1518 1237 1552 τέμνουσα,
1249 1517 1355 1552 ὲνεργιῖ
1366 1516 1394 1542 δὲ
1406 1514 1436 1542 εὖ
1450 1516 1521 1551 μάλα
1535 1517 1552 1551 ἡ
1565 1517 1722 1551 ἐπουράνιος
1733 1517 1878 1551 περιτομὴ,

1092 1564 1152 1590 ὂλον
1174 1563 1204 1590 τὸ
1228 1563 1307 1595 σῶμα
1332 1563 1543 1598 περιτέμνουσα.
1563 1562 1604 1589 Τὰ
1621 1563 1674 1598 γὰρ
1691 1563 1775 1589 ὓδατα
1792 1563 1839 1588 καὶ
1859 1563 1878 1597 ἡ

1092 1611 1158 1643 ἁγία
1171 1609 1312 1644 ἐπίκλησις
1332 1609 1383 1635 οὐκ
1406 1609 1435 1635 ὲν
1461 1609 1500 1636 ἑνὶ
1523 1608 1597 1644 μέλει
1610 1609 1656 1634 τοῦ
1676 1608 1821 1643 ἀνθρώπου
1835 1608 1881 1642 γί-

1091 1663 1166 1682 νεται
1181 1675 1188 1686 ,
1216 1654 1274 1681 ἀλλ’
1290 1654 1350 1681 ὅλον
1370 1653 1401 1680 τὸ
1423 1653 1501 1688 σῶμα
1524 1653 1666 1688 ἀνθρώπου
1691 1654 1878 1686 καθαροποιεῖ,

1092 1699 1260 1735 περιτέμνει,
1278 1699 1386 1725 πάντων
1397 1698 1451 1725 τῶν
1462 1698 1555 1725 κακῶν
1569 1699 1744 1725 ἀπαλλάττει.
1765 1700 1798 1726 Ἡ
1814 1699 1879 1733 γοῦν

1091 1745 1156 1779 ἁγία
1193 1744 1339 1779 Ἐκκλησία
1365 1745 1502 1780 παρέλαϐε
1540 1744 1625 1771 ταῦτα
1656 1745 1689 1770 τὰ
1718 1746 1877 1780 μυστήρια·

1091 1789 1281 1824 ἐπανέστησαν
1296 1788 1326 1815 δὲ
1340 1789 1409 1823 αὑτῇ
1421 1789 1469 1815 καὶ
1485 1788 1567 1815 δεινοὶ
1578 1789 1669 1824 ἐχθροὶ
1684 1789 1816 1815 οίκειακοὶ
1835 1789 1878 1815 λι-

1091 1834 1200 1868 γόμενοι
1211 1853 1218 1865 ,
1233 1833 1270 1869 μὴ
1283 1834 1358 1864 ὄντες
1369 1833 1397 1860 δὲ
1412 1834 1444 1860 ὲκ
1460 1834 1509 1868 τῆς
1521 1833 1574 1861 τῶν
1586 1833 1741 1860 ἀποστόλων
1759 1833 1806 1859 τοῦ
1820 1834 1877 1860 Κυ-

1093 1879 1151 1914 ρίου
1175 1878 1291 1914 ἀληθοῦς
1306 1879 1423 1910 πίστεως
1433 1887 1442 1894 ο
1457 1880 1482 1905 εί
1503 1879 1558 1914 γὰρ
1569 1877 1639 1914 ἦσαν
1661 1878 1690 1910 ἐξ
1704 1878 1794 1905 αὐτῶν
1804 1899 1811 1910 ,
1829 1887 1877 1914 με-

1092 1925 1244 1960 μενήκεσαν
1268 1924 1301 1951 ἂν
1329 1925 1387 1960 μετ’
1403 1924 1502 1951 αὐτῶν.
1525 1924 1606 1951 Ἀλλὰ
1631 1924 1702 1951 νόθοι
1727 1924 1805 1955 ὅντες
1831 1923 1877 1950 καὶ

1092 1970 1261 2006 σύμμικτοι,
1288 1970 1436 2005 ἐπιθυμίαν
1460 1970 1548 2006 κακὴν
1575 1970 1626 2005 τῆς
1654 1969 1687 1996 δι’
1705 1969 1804 2005 ἰχθύων
1831 1970 1878 1997 καὶ

1092 2015 1193 2042 ωκιῶν
1204 2015 1359 2049 Αἰγυπτίων
1370 2016 1470 2051 ὀδωδῆς
1482 2016 1563 2043 πάλιν
1573 2015 1747 2050 ἐπιθυμοῦσι.
1760 2015 1878 2050 βλασφηο

1093 2061 1206 2096 μοῦντες
1228 2061 1284 2088 ἄνω
1298 2061 1344 2088 καὶ
1367 2061 1443 2088 κάτω
1457 2061 1502 2088 τὸν
1522 2062 1586 2088 Υίὸν
1602 2060 1649 2087 τοῦ
1665 2060 1733 2087 Θεοῦ
1746 2069 1753 2075 ·
1777 2061 1878 2095 Ἀρειο-

1093 2106 1222 2141 μανίτσιι,
1250 2105 1297 2137 οὓς
1322 2105 1372 2140 ήδη
1394 2106 1423 2132 ἐν
1449 2107 1505 2138 τοῖς
1531 2106 1585 2141 πρὸ
1610 2104 1703 2132 τούτου
1718 2105 1809 2139 λόγοις
1822 2105 1875 2140 (24)

254 2146 373 2180 ptiorum
389 2147 486 2174 iterum
510 2146 626 2181 piscium
642 2153 675 2174 ac
694 2153 871 2174 cucumerum
888 2147 1041 2175 odorando-

1094 2150 1321 2185 ὲστηλιτεύσαμεν
1334 2159 1342 2165 ⁸
1373 2150 1448 2177 ἄλλοι
1473 2151 1501 2177 δὲ
1524 2151 1672 2178 Σαϐέλλιοι.
1697 2150 1754 2178 Καὶ
1779 2151 1804 2177 οί
1829 2151 1875 2185 μὲν

255 2199 314 2219 rum
335 2195 500 2226 praepostera
513 2191 665 2226 cupiditate
682 2194 820 2222 tenentur,
836 2191 928 2219 acDei
940 2191 1039 2219 Filium

253 2237 367 2264 inﬁnitis
389 2236 492 2271 passim
517 2235 693 2264 contumeliis
717 2240 843 2263 onerant.
869 2236 949 2265 Tales
975 2241 1041 2265 sunt

252 2270 448 2313 Ariomanitaa,
468 2288 538 2316 quos
555 2281 583 2308 in
606 2270 793 2316 s‘iperioribus
816 2281 895 2310 libris
918 2283 1040 2317 proseri-

254 2329 368 2363 psimus.
385 2327 466 2356 Tales
482 2332 546 2356 sunt
556 2333 583 2355 et
595 2326 717 2355 SabclIii.
732 2326 784 2360 Qui
799 2327 907 2362 quidem
924 2327 1038 2355 Sabellii

253 2373 351 2400 Filium
369 2382 401 2401 ac
419 2374 551 2408 Spiritum
572 2378 696 2402 sanctum
714 2381 826 2408 prorsus
841 2383 856 2402 e
872 2375 961 2402 medio
985 2375 1039 2401 tol-

253 2419 311 2446 lunt
324 2429 330 2446 :
343 2425 469 2447 asserunt
486 2421 559 2447 enim
575 2420 683 2453 Filium,
698 2421 785 2455 ipsum
801 2428 861 2448 esse
875 2420 997 2453 Patrem,
1012 2424 1040 2447 et

253 2464 373 2495 Patrem,
395 2466 485 2499 ipsum
496 2474 558 2493 esse
575 2466 687 2499 Filium,
704 2473 731 2494 et
745 2467 876 2502 Spiritum
893 2470 1019 2494 sanctum
1031 2486 1040 2498 ,

253 2510 341 2544 ipsum
361 2517 423 2537 esse
442 2510 570 2539 Patrem:
587 2520 721 2548 nusquam
736 2518 766 2540 ut
780 2513 816 2542 sit
829 2512 914 2540 Filius
930 2520 961 2540 ac
978 2513 1041 2547 Spi-

289 2599 299 2616 ‘
310 2598 384 2627 Psal.
398 2608 483 2633 xxx",
499 2601 526 2628 6.
564 2602 574 2617 ³
594 2601 662 2628 Gen.
679 2608 736 2633 nx,
753 2600 799 2628 24.

287 2690 341 2725 (24)
361 2690 413 2717 Ἓν
433 2691 495 2723 τοῖς
522 2689 577 2724 πρὸ
602 2689 710 2725 τούτου
733 2689 844 2725 λόγοις-τ
867 2688 1035 2725 Crediderim

250 2723 311 2753 esse
324 2723 490 2752 reddendum
503 2723 556 2751 non
573 2725 599 2750 in
621 2723 801 2758 superioribus
815 2724 891 2750 libris
902 2745 908 2754 .
925 2724 973 2751 sed
987 2731 1034 2758 po-

251 2761 305 2787 tius
320 2761 346 2786 in
361 2759 538 2793 superioribus
555 2758 633 2791 hujus
650 2757 713 2784 libri
731 2759 861 2790 partibus.
882 2758 939 2786 Non
963 2757 1036 2785 enim

250 2799 357 2822 constat
371 2792 550 2829 Epiphanium
566 2797 630 2820 ante
650 2792 811 2820 Ancoraium
834 2794 903 2821 alios
917 2793 1037 2821 edidisse

837 2600 848 2616 ³
861 2599 942 2628 Mieh.
962 2608 988 2632 v,
1007 2599 1025 2626 2
1039 2607 1101 2634 sqq.

1091 2194 1230 2221 Σαϐέλλιοι
1246 2195 1338 2222 τέλεον
1359 2195 1504 2230 ἀρνοῦνται
1528 2195 1574 2222 τοῦ
1595 2192 1664 2221 εἶναι
1679 2194 1725 2221 τὸν
1740 2194 1808 2221 Υἱὺν
1831 2194 1876 2221 καὶ

1091 2239 1170 2273 ἅγιον
1194 2239 1307 2274 Πνεῦμα
1321 2259 1329 2272 ,
1356 2239 1480 2273 λέγοντες
1495 2239 1536 2266 ὅτι
1559 2240 1574 2266 ὁ
1591 2239 1655 2270 Υἱὸς
1679 2238 1760 2270 αὑτός
1776 2239 1848 2266 ἐστιν
1862 2239 1877 2264 6

1092 2284 1204 2320 Πατὴρ,
1231 2284 1279 2311 καὶ
1306 2286 1321 2311 ό
1343 2285 1438 2320 Πατὴρ
1459 2285 1538 2316 αὑτός
1566 2286 1640 2311 ἐστιν
1665 2285 1679 2311 6
1693 2284 1776 2317 Υἱὸς,
1791 2285 1877 2311 καὶτὸ

1092 2330 1168 2363 ἅγιον
1192 2329 1304 2365 Πνεῦμα
1318 2331 1399 2362 αὐτός
1423 2332 1497 2357 ἐστιν
1522 2331 1536 2357 ὁ
1556 2331 1667 2366 Πατήρ·
1692 2331 1730 2361 ὼς
1756 2331 1793 2365 μὴ
1811 2329 1876 2356 εἶναι

1093 2376 1158 2402 Υἱὸν
1171 2377 1217 2403 καὶ¹
1238 2376 1315 2410 ἅγιον
1326 2376 1447 2411 Πνεῦμα.
1465 2376 1591 2410 Δεύτεροι
1612 2375 1746 2406 Ἰουδαῖοι,
1762 2375 1808 2401 καὶ
1824 2375 1877 2401 Ku-

1095 2421 1226 2457 ριοκτόνοι
1240 2421 1464 2456 ἀπελεγχόμενοι.
1489 2421 1690 2456 Ἀρειομανῖται
1715 2420 1744 2446 δὲ
1763 2421 1788 2446 οἱ
1813 2420 1875 2446 πάιν-

1094 2475 1148 2493 των
1165 2466 1341 2493 ἀσεϐέστατοι
1351 2487 1359 2499 ,
1375 2467 1400 2492 οἱ
1415 2467 1460 2493 τὸν
1477 2466 1539 2493 Υἱὸν
1553 2466 1608 2492 ἀπὸ
1620 2467 1668 2501 τῆς
1692 2465 1822 2500 πατρῴας
1834 2466 1875 2491 οὑ-

1093 2513 1156 2544 σίις
1183 2512 1296 2548 διαιρεῖν
1327 2513 1374 2541 καὶ
1401 2512 1599 2547 ἀπαλλοτριοῦν
1628 2511 1802 2546 τολμῶντες,
1829 2511 1876 2537 οὐκ

1138 2598 1148 2614 ⁸
1163 2598 1215 2626 Isa.
1230 2605 1278 2632 vn,
1292 2599 1336 2626 14.
1374 2599 1384 2615 ⁸
1399 2599 1473 2626 Psal.
1490 2606 1546 2631 cut,
1563 2599 1588 2626 I.
1638 2599 1649 2614 '
1662 2597 1672 2625 l
1686 2597 1768 2625 Joan.
1789 2606 1818 2630 ιι,
1832 2598 1876 2625 9.9.

1089 2689 1176 2716 libros
1202 2688 1334 2716 adversus
1348 2689 1534 2717 Ariomanitas
1559 2688 1616 2716 sive
1635 2687 1763 2715 Arianos.
1795 2687 1874 2716 Parus

1091 2724 1179 2754 rium,
1196 2724 1241 2750 ubi
1259 2723 1378 2751 hmretici
1395 2724 1433 2750 illi
1447 2724 1632 2756 confutantur,
1648 2723 1873 2758 quemadmodum

1091 2766 1145 2785 non
1164 2759 1246 2798 semel
1264 2759 1438 2798 monuimus,
1465 2759 1575 2787 biennio
1597 2762 1743 2794 postquam
1758 2758 1873 2786 Ancona-

1092 2798 1146 2820 (um
1162 2793 1301 2827 emiserat,
1316 2793 1447 2828 scripsit.
