1939 3039
56 104 116 132 2'29

765 102 928 131 ANCORAT
933 103 985 131 US.

1642 107 1697 137 930

60 161 173 195 ἀξιοῦσι
194 161 240 189 τὸν
265 161 330 190 Υίδν
347 162 477 198 ὁμότιμον
496 159 566 189 εἶναι
581 161 621 197 τῷ
634 162 739 198 Πατρὶ,
751 161 811 189 οὐδὲ
826 162 859 189 ἐκ

912 161 982 189 ritus
996 165 1128 195 sanctus;
1142 161 1228 190 Judaei
1248 162 1358 198 quidam
1373 164 1452 192 alteri
1463 171 1496 192 ac
1514 163 1620 192 Domini
1633 172 1696 200 par-

60 207 115 243 τῆς
144 207 239 240 οὐσίας
255 209 303 235 τοῦ
327 208 432 244 Πατρδς
458 208 539 235 αὑτὸν
558 208 748 243 γεγεννῆσθαι.
766 208 858 235 Ἀλλοι

61 254 91 280 δὲ
118 253 222 280 τούτων
247 253 364 288 ἔκγονοι,
382 255 407 280 ot
427 254 480 289 πρὸ
501 254 596 281 τούτου
613 255 681 290 μετὰ
703 254 757 281 τῶν
771 254 859 282 ἄλλων

61 298 120 325 τῶν
150 299 357 334 προταχθέντων
372 319 379 331 ,
405 299 460 326 εἴθε
487 300 557 327 κατὰ
589 300 734 332 Ἰουδαίους
760 300 859 332 αὐτοὺς

61 344 254 380 ἁπηρίθμουν,
274 345 337 376 τοὺς
346 344 574 380 βλασφημοῦντας
588 346 620 372 τὺ
633 346 710 380 ἅγιον
725 345 838 381 Πνεῦμα
849 352 856 360 ·

61 389 189 425 δεύτεροι
201 389 373 417 Σαδδουκαῖοι
399 391 445 418 καὶ
463 392 645 427 Σαμαρεῖται,
664 391 711 418 καὶ
724 391 857 425 ἄγνιίιᾶτοι

61 435 161 469 νεκροὶ
178 436 224 461 καὶ
241 436 360 464 ἄπιστοι.

907 207 1011 234 ricidaa.
1028 207 1083 234 Sed
1103 207 1278 236 Ariomanitae
1300 212 1416 237 ceteros
1440 217 1535 238 omnes
1557 209 1695 244 impietate

909 256 1051 288 superant,
1068 253 1114 288 qui
1129 252 1229 282 Filium
1241 261 1257 281 a
1268 254 1349 282 Patre
1364 255 1518 283 Substantia
1534 256 1655 284 dividere
1666 259 1695 284 et

910 299 1067 326 abalienare
1083 299 1153 326 nihil
1169 299 1259 333 veriti,
1275 300 1408 335 aqualem
1427 300 1501 328 Patri
1518 300 1615 328 Filium
1631 308 1695 330 esse

909 343 1071 377 dilIitcntur;
1088 351 1138 371 nec
1149 351 1211 371 eum
1227 348 1325 379 putant
1340 352 1355 372 e
1369 344 1460 373 Patris
1471 353 1533 372 esse
1543 345 1695 373 substantia

909 391 1041 426 genitum.
1062 390 1115 417 Alii
1131 394 1196 418 sunt
1219 390 1330 418 iUorum
1346 391 1419 418 velut
1442 391 1556 426 posteri.
1571 392 1619 426 qui
1632 396 1695 419 ante

911 437 964 464 hoc
987 440 1095 472 temptts
1118 436 1219 464 emersi
1253 444 1271 463 ιι
1294 440 1455 464 catterorum
1482 444 1596 464 numero
1621 444 1696 464 com-

60 482 195 517 prehensi
214 487 293 509 sunt:
306 491 374 518 quos
393 483 498 510 utinam
511 483 581 511 inter
589 483 698 512 Judaeos
710 484 786 519 121
799 484 895 511 saltem
911 491 1054 511 recensere
1070 483 1110 512 ias
1127 487 1217 511 esset:
1230 490 1294 510 nam
1310 482 1442 518 Spiritum
1460 488 1584 510 sanctum
1597 486 1698 509 contu-

63 527 157 554 Ineliis
176 533 334 563 aspergunt,
350 529 427 556 alteri
445 529 556 563 quidam
576 528 717 556 Sadducati
737 532 784 555 aut
804 528 957 560 Samaritae.
976 532 1003 556 et
1016 528 1128 556 obscuri
1146 527 1246 555 mortui
1259 531 1286 554 et
1301 527 1434 555 inﬁdeles.

100 573 176 601 PlZ'.
192 574 250 600 Ἵνα
265 574 293 600 δὲ
312 574 348 610 μὴ
362 574 405 601 διὰ
421 574 535 610 μέλανος
547 576 595 602 καὶ
610 575 712 609 χάρτου
725 574 774 606 τὰς
787 575 860 602 κατὰ

62 618 170 645 τούτων
190 618 343 654 μαρτυρίας
363 619 408 646 διὰ
429 620 527 647 πολλοῦ
550 619 749 655 ποιησώμεθα,
770 620 811 651 είς
827 620 858 647 τὸ

62 663 106 698 μὴ
133 665 296 698 περικακεῖν
317 665 381 696 τοὺς
408 664 664 699 ἀναγινώσκοντας,
692 665 856 700 ἀρκέσουσιν

62 709 170 741 αὐτοῖς.
187 708 374 741 Σαϐελλιανοῖς
386 709 436 745 μὲν
448 709 517 746 μετὰ
531 710 585 737 τῶν
596 710 683 738 ἄλλων
698 711 856 747 μαρτυριῶν

62 754 81 788 ὴ
100 753 240 788 μαρτυρία
257 752 305 779 τοῦ
326 753 457 789 Ἰορδάνου
470 774 478 786 ,
499 755 537 786 ὡς
552 754 602 790 ἤδη
615 752 701 781 εἷπον.
720 755 784 787 Υἱὸς
803 755 858 790 γὰρ

64 799 95 825 ἐν
126 799 247 835 Ἰορδάνῃ
276 799 383 834 ἀληθῶς
403 799 599 835 παραγίνεται,
626 799 692 832 Θεὸς
716 800 858 836 ἄνθρωπος

64 843 208 878 γεγονὼς,
227 845 258 871 οὐ
278 844 382 880 τροπὴν
398 844 535 877 ὑποστὰς,
553 845 621 872 ἀλλὰ
644 846 735 880 σάρκα
754 845 856 878 λαϐὼν,

65 889 98 915 οὐ
114 888 160 915 διὰ
174 889 332 924 σπέρματος
354 889 450 924 ἀνδρὸς
460 909 468 921 ,
484 889 541 917 ἀλλ’
554 890 608 916 ἀπὸ
622 889 672 925 τῆς
686 890 766 924 ἁγίας
785 890 859 926 Hap-

66 934 146 960 θένου
162 934 242 969 σῶμα
255 934 408 970 ἀνειληφὼς
418 955 426 967 ,
447 935 480 962 δι’
494 935 572 970 ἁγίου
587 935 746 970 Πνεῦματος
762 935 859 970 συλλη-

66 979 134 1014 φοὲν
150 979 229 1015 σῶμα
246 980 364 1012 τέλειον,
384 981 522 1008 τουτέστιν
535 980 677 1017 ἄνθρωπον
692 980 795 1007 τέλειον
808 980 860 1016 ψυ-

67 1027 101 1061 χῇ
119 1026 166 1052 καὶ
184 1025 301 1060 σώματι.
318 1026 432 1060 Γέγονεν
452 1024 498 1053 οὖν
515 1026 530 1052 ὁ
559 1026 624 1057 Θεὸς
647 1026 695 1053 καὶ
716 1025 859 1062 ἄνθρωπος

67 1071 138 1106 προς
171 1071 298 1105 Ἰωάννην
327 1071 356 1098 ὲν
391 1071 430 1106 τῷ
462 1071 598 1107 Ἰορδάνῃ,
622 1067 662 1102 εἷς
689 1070 726 1097 ὣν
744 1071 758 1096 ὁ
779 1070 860 1101 αὐτὸς

67 1117 133 1148 Tib;
160 1117 207 1143 καὶ
234 1117 351 1152 Χριστὸς
380 1117 428 1144 καὶ
453 1117 566 1152 Κύριος.
587 1117 681 1151 Πατὴρ
705 1116 733 1143 δὲ
757 1116 860 1142 ἄνωθεν

68 1162 120 1197 βοᾷ
130 1183 136 1194 ,
154 1161 300 1197 μαρτυρῶν
313 1161 351 1197 τῷ
364 1162 419 1197 Υίῷ
434 1162 472 1197 τῷ
487 1164 514 1189 ἐν
527 1162 566 1197 τῷ
589 1162 707 1198 Ἰορδάνῃ
723 1161 858 1196 γεγονότι“

69 1206 166 1241 Οὗτός
181 1208 267 1235 ἐστιν
286 1210 302 1236 ὁ
321 1209 388 1242 Υιός
399 1217 459 1243 μου
475 1210 492 1236 ὁ
505 1208 665 1242 ἀγαπητός.
687 1208 723 1235 Τὸ
737 1208 766 1235 δὲ
784 1208 860 1242 ᾶγιον

69 1252 183 1287 Πνεῦμα
201 1254 228 1279 ὲν
254 1253 319 1280 εδει
342 1255 505 1290 περιστερᾶς
535 1254 694 1281 κατέϐαινεν
719 1255 762 1281 ἐπ’
778 1254 859 1281 αὑτὸν

69 1299 110 1329 εἰς
130 1299 165 1324 τὰ
178 1297 262 1325 ὕδατα
275 1298 476 1334 κατεληλυθότα
492 1300 512 1333 ¹,
533 1299 577 1326 ’ίνα
591 1299 697 1335 καθαρὰ
710 1299 779 1326 αὐτὰ
794 1300 861 1326 ἀπο-

68 1341 144 1378 δείξῃ
163 1343 219 1376 (Ξῦ)
230 1362 238 1374 ,
254 1343 348 1369 ἕνεκεν
362 1343 416 1370 τῶν
431 1343 581 1379 μελλόντων
596 1345 636 1376 είς
656 1344 740 1379 ὄνομα
753 1344 861 1379 Πατρδς

69 1387 118 1412 καὶ
135 1386 200 1412 Υίοῦ
215 1386 261 1412 καὶ
277 1386 354 1420 ἁγίου
371 1387 529 1422 Πνεύματος
549 1387 742 1422 βαπτίζεσθαι·
757 1389 814 1419 τοῖς
831 1387 861 1414 δὲ

76 1432 226 1467 Ἀρειανοῖς
250 1432 319 1466 μετὰ
335 1432 388 1458 τῶν
406 1432 606 1468 προλεχθεισῶν
619 1432 675 1468 (9:6)
697 1433 808 1468 ἀρκέσει
821 1432 861 1468 τῷ

70 1479 160 1504 εἰπεῖν
178 1477 223 1504 τὸν
244 1478 306 1504 Υίόν
319 1486 326 1493 ·
349 1478 419 1514 Ἐγὼ
434 1479 469 1505 ἐν
489 1478 529 1511 τῷ
544 1479 644 1513 Πατρὶ,
658 1479 707 1506 καὶ
727 1481 743 1506 ό
759 1478 861 1513 Πατὴρ

69 1526 104 1549 ἐν
123 1521 188 1556 ἐμοι
199 1529 206 1535 ·
234 1522 344 1558 ἰσότητα
367 1523 422 1558 γὰρ
445 1522 562 1550 ἐνταῦθα
583 1523 651 1558 πρὸς
672 1523 782 1559 Πατέρα
808 1524 861 1550 ἀπ-
874 1515 896 1543 c

70 1566 154 1599 ἑίειξε
177 1567 224 1594 καὶ
237 1567 414 1602 γνησιότητα.
431 1567 492 1599 Τοῖς
505 1568 628 1601 ἐκγόνοις
642 1567 696 1595 τῶν
715 1567 861 1603 ’Δρειανῶν

70 1614 128 1644 τοῖς
151 1613 181 1640 τδ
196 1614 273 1648 ἅγιον
289 1613 400 1648 Πνεῦμα
422 1613 612 1648 βλασφημοῦσι
623 1633 630 1646 ,
655 1613 800 1649 ἀρκέσουσι
816 1614 862 1640 δύο

72 1658 222 1694 μαρτυρίαι
247 1659 277 1685 αι
297 1659 346 1694 ἤδη
375 1660 575 1694 προτεταμέναι
610 1659 680 1694 μετὰ
704 1659 753 1691 τὰς
779 1659 862 1691 ἄλλας

72 1704 241 1738 μαρτυρίας⁶
268 1704 318 1737 μία
331 1704 380 1738 μὲν
393 1704 447 1730 ἀπὸ
459 1704 505 1730 τοῦ
519 1704 617 1739 Δανιὴλ
633 1704 719 1735 οὕτως
742 1704 840 1739 ἔχουσα
853 1713 860 1720 ·

77 1749 122 1774 Ἐν
136 1750 168 1784 τῇ
181 1749 289 1784 καμίνῳ
298 1750 344 1776 τοῦ
359 1749 444 1784 πυρὸς
457 1749 575 1784 Σεδρὰχ,
588 1750 691 1780 ltissim,
711 1749 862 1784 Ἀϐδεναγὼ

71 1794 211 1826 αἰνοῦντες
224 1795 270 1821 τὸν
285 1795 360 1827 Θεὸν,
375 1795 665 1831 συμπεριλαμϐάνουσι
683 1796 742 1831 μεθ’
758 1797 861 1823 ἑαυτῶν

72 1840 122 1874 τὴν
147 1841 235 1866 πᾶσαν
252 1832 299 1866 τοῦ
322 1840 389 1867 Θεοῦ
416 1840 524 1873 κτίσιν,
550 1841 596 1867 καὶ
611 1841 750 1874 λέγουσιν’
769 1842 863 1868 Εὐλο-

73 1885 166 1919 γεῒτε,
192 1885 290 1912 πάντα
313 1886 349 1913 τὰ
373 1886 444 1920 ἔργα
460 1887 571 1920 Κυρίου
581 1906 589 1918 ,
607 1886 661 1913 τὸν
677 1887 799 1920 Κύριον·
815 1887 864 1913 καὶ

71 1929 228 1965 ὴρῖθμησαν
243 1931 373 1966 οὐρανοὺς
391 1932 437 1957 καὶ
452 1931 594 1965 ἀγγέλους,
610 1932 657 1958 καὶ
674 1931 800 1967 σελήνην,
816 1932 863 1958 καὶ

71 1975 158 2010 ἥλιον,
175 1976 221 2002 καὶ
234 1976 373 2010 δυνάμεις,
388 1976 440 2011 γῆν
455 1984 483 2002 τε
498 1977 545 2003 καὶ
553 1976 700 2008 θάλασσαν,
713 1976 761 2003 καὶ
774 1976 864 2003 πάντα

72 2021 106 2046 τὰ
120 2020 148 2046 ἐν
163 2021 254 2052 αὐτοῖς
267 2040 273 2053 ,
292 2022 338 2047 καὶ
359 2021 477 2056 οὐδαμοῦ
492 2021 554 2048 Υίὺν
566 2042 574 2055 ,
591 2022 639 2048 καὶ
660 2023 737 2056 ἅγιον
751 2022 864 2057 Πνεῦμα

73 2066 280 2102 συνηρίομησαν
304 2068 364 2099 ταῖς
393 2068 509 2095 κτίσεσι.
535 2068 576 2095 Τὰ
604 2069 725 2104 aspargit;
757 2068 864 2103 ἁγιάζει

72 2111 176 2146 Τριάδα
191 2111 255 2144 ἴσως
271 2113 319 2147 οὺχ
334 2113 407 2146 ἅπαξ
417 2134 424 2146 ,
449 2113 480 2140 οὐ
502 2114 542 2146 δὶς
555 2134 563 2147 ,
588 2114 618 2141 οὺ
632 2114 761 2150 τέταρτον
773 2134 780 2147 ,
795 2114 864 2141 ἀλλὰ

72 2157 134 2190 τρὶς
147 2157 178 2182 τὸ
189 2157 286 2191 Ἄγιος
303 2157 426 2191 λέγοντα.

949 573 1054 602 CXVII.
1076 573 1174 601 Verum
1191 581 1227 601 ne
1242 573 1276 601 ad
1297 573 1360 601 illos
1376 572 1581 601 convincendos
1600 576 1697 600 aucto-

911 620 1007 648 ritates
1021 628 1053 648 ac
1068 620 1224 648 testimonia
1241 619 1350 655 longius
1363 627 1443 654 quam
1461 626 1510 654 par
1526 623 1569 646 est
1585 620 1697 655 scriptis

910 671 992 702 atque
1006 669 1160 693 atramento
1179 672 1341 699 prosequar,
1356 672 1391 692 ne
1406 664 1433 692 id
1454 664 1604 692 lectoribus
1622 664 1699 692 tasti-

910 711 985 745 diu_m
1007 710 1124 738 atterat:
1145 709 1277 738 adversus
1299 709 1469 738 Sabellianos
1491 709 1603 744 quidem
1625 710 1698 738 inter

911 757 964 784 alia
978 755 1135 783 testimonia
1151 755 1219 783 satis
1238 754 1290 782 erit
1311 754 1388 787 illud,
1409 754 1482 789 quod
1501 754 1535 782 ad
1549 753 1697 783 Iordanem

911 804 953 828 est
976 800 1092 833 editum,
1115 803 1146 826 ut
1162 803 1245 827 antea
1266 798 1333 826 dixi.
1357 799 1464 834 Quippe
1484 798 1571 827 Filius
1583 807 1647 828 vere
1662 799 1698 827 ad

907 842 1053 872 Jordanem
1075 842 1203 874 accessit,
1228 842 1300 870 Deus
1325 842 1406 881 homo
1433 842 1534 876 factus,
1553 843 1612 872 sine
1639 844 1698 871 ulla

908 893 997 916 tamen
1011 887 1163 915 mutatione
1175 887 1230 920 sui,
1243 887 1293 915 sed
1305 895 1387 915 carne
1399 887 1532 916 duntaxat.
1543 893 1698 924 assumpta,

907 941 970 962 cum
985 935 1060 962 nullo
1072 935 1152 969 plane
1167 934 1240 962 virili
1252 938 1313 962 satu
1327 935 1460 970 genitum.
1475 935 1522 963 sed
1538 940 1696 971 susceptum

908 987 923 1007 e
938 979 1022 1007 Maria
1039 979 1150 1015 Virgine
1164 980 1300 1015 integrum
1317 987 1417 1014 corpus
1431 980 1563 1013 induerit,
1581 980 1632 1008 hoc
1642 986 1696 1014 est,

909 1025 1047 1052 hominem
1068 1033 1083 1052 ε
1101 1032 1216 1059 corpore
1244 1025 1390 1059 annuaque
1418 1024 1578 1059 perfectum.
1607 1025 1699 1058 Quare

909 1069 982 1097 Deus
998 1069 1068 1097 idem
1087 1074 1115 1097 et
1130 1070 1222 1102 homo,
1239 1077 1320 1103 unus,
1339 1069 1463 1104 inquam,
1483 1072 1509 1096 et
1526 1069 1595 1096 idem
1611 1069 1698 1097 Filius

910 1123 942 1142 ac
961 1116 1089 1143 Christus
1109 1119 1136 1143 et
1155 1116 1285 1144 Dominus
1300 1115 1398 1143 Joanni
1419 1122 1478 1142 sese
1496 1115 1530 1142 ad
1550 1113 1697 1142 Iordanem

911 1161 1018 1188 obtulit.
1044 1160 1126 1188 Pater
1139 1169 1204 1189 vero
1220 1161 1329 1189 cmlitus
1343 1161 1501 1189 exclamans
1517 1160 1549 1188 de
1564 1159 1634 1187 Filio
1651 1160 1698 1195 qui

911 1207 944 1233 ad
968 1206 1113 1234 Jordancm
1136 1211 1206 1239 erat,
1232 1207 1282 1234 bac
1300 1214 1367 1235 voce
1387 1207 1568 1234 testiﬁcatur:
1586 1205 1638 1235 Ili:
1659 1210 1698 1235 est

911 1251 1000 1278 Filius
1015 1260 1087 1278 metu
1106 1251 1217 1279 dilectus
1230 1253 1251 1279 ³.
1271 1251 1390 1287 Spiritus
1405 1252 1522 1288 denique
1543 1256 1655 1280 sanctus
1670 1253 1699 1280 in

910 1296 1036 1325 eiundem
1051 1305 1113 1324 cum
1129 1297 1162 1324 ad
1175 1305 1261 1332 aquas
1275 1297 1473 1329 descendisset.
1489 1298 1624 1325 columbae
1636 1306 1699 1332 spe-

911 1342 953 1369 cie
978 1342 1107 1377 delapsus
1132 1347 1184 1374 est,
1207 1342 1247 1369 uti
1274 1349 1357 1376 puras
1373 1342 1432 1369 illas
1453 1349 1538 1376 aquas
1558 1342 1585 1369 in
1602 1350 1699 1370 eorum

911 1387 1026 1423 gratiam
1046 1387 1213 1419 ostenderet.
1229 1388 1276 1423 qui
1291 1388 1319 1414 in
1332 1387 1431 1419 Patris,
1448 1387 1508 1415 Filii
1525 1395 1556 1415 ac
1579 1388 1701 1423 Spiritus

911 1434 1000 1462 sancti
1026 1434 1137 1461 nomine
1161 1433 1257 1462 iisdem
1277 1438 1371 1461 essent
1393 1434 1529 1460 initiandi.
1551 1433 1628 1466 Quod
1664 1435 1699 1462 ad

911 1477 1029 1506 Arianos
1046 1482 1160 1513 spectat,
1175 1478 1226 1505 hoc
1241 1479 1372 1506 adversus
1384 1485 1431 1506 eos
1446 1479 1514 1507 satis
1524 1487 1585 1506 esse
1597 1484 1700 1514 potest,

912 1523 985 1558 quod
1003 1524 1118 1558 ipsemet
1134 1523 1221 1551 Filius
1233 1523 1324 1551 dixit:
1346 1523 1402 1557 Ego
1415 1524 1442 1550 in
1460 1523 1550 1557 Patre,
1574 1529 1599 1551 et
1619 1524 1700 1552 Pater

911 1569 938 1596 in
957 1577 997 1596 me
1018 1574 1057 1596 ert
1069 1569 1088 1596 ³.
1106 1569 1212 1602 Quibus
1226 1569 1315 1596 verbis
1333 1569 1466 1603 aequalem
1482 1576 1543 1596 esse
1561 1568 1634 1596 Patri
1655 1569 1701 1596 Fi-

911 1614 977 1652 liupi
989 1622 1020 1642 ac
1033 1615 1182 1650 legitimum
1196 1614 1378 1641 demonstrat.
1392 1613 1459 1641 Nam
1474 1614 1608 1642 adversus
1621 1615 1702 1642 Aria—

912 1667 1009 1687 norum
1029 1663 1165 1694 posteros,
1183 1658 1230 1693 qui
1247 1659 1367 1693 Spiritus
1382 1659 1470 1686 sancti
1486 1659 1611 1694 dignitati
1629 1667 1701 1687 con-

912 1706 1059 1733 tumeliose
1078 1705 1237 1738 detrahunt,
1260 1705 1316 1732 duo
1334 1705 1380 1732 illa
1401 1706 1559 1733 testimonia
1575 1706 1701 1734 sufﬁcere

912 1755 1038 1786 possunt,
1063 1759 1124 1785 qua:
1144 1755 1206 1785 post
1226 1751 1279 1778 alia
1295 1751 1474 1785 subjeciinus.
1493 1751 1616 1784 Quorum
1633 1753 1701 1780 alte-

913 1806 972 1825 rum
996 1805 1011 1824 c
1038 1796 1147 1823 Daiiiele
1173 1795 1364 1831 depromptum
1389 1800 1431 1823 est
1457 1797 1614 1830 hujusmodi
1630 1806 1637 1824 :
1654 1796 1700 1823 Si-

913 1842 1008 1873 drach,
1033 1841 1116 1868 Ilisae
1146 1844 1173 1867 et
1187 1840 1334 1875 Abdenago
1357 1839 1441 1867 Deum
1464 1840 1492 1866 in
1507 1848 1639 1867 succensa
1655 1841 1702 1867 illa

914 1887 1025 1914 fornace
1049 1885 1248 1916 collaudantes,
1277 1884 1404 1912 conditas
1428 1884 1463 1911 ab
1479 1892 1511 1912 eo
1535 1893 1581 1913 res
1603 1893 1703 1913 omnes

913 1937 1005 1959 secum
1024 1929 1057 1956 ad
1075 1928 1279 1964 praadieaudum
1299 1928 1342 1955 his
1356 1929 1448 1955 verbis
1465 1929 1601 1956 invitant:
1619 1929 1702 1957 Bene-

912 1974 1002 2007 dicite,
1026 1973 1114 2000 omnia
1129 1979 1208 2006 opera
1221 1971 1340 2004 Domini,
1365 1972 1477 1999 Domino
1490 1973 1511 2000 ⁸.
1529 1973 1598 2001 Tum
1616 1975 1703 2002 cmlos

913 2024 939 2047 et
955 2019 1074 2054 angelos,
1086 2023 1113 2045 et
1124 2018 1226 2049 lunam,
1246 2021 1273 2045 et
1284 2017 1380 2048 solem.
1394 2022 1422 2045 et
1441 2018 1566 2051 virtutes,
1588 2023 1701 2052 terram,

913 2073 998 2098 mare,
1020 2072 1052 2092 ac
1073 2063 1203 2099 quidquid
1226 2069 1257 2090 ea
1277 2062 1436 2094 continent.
1457 2063 1616 2098 singillatim
1633 2071 1704 2090 enu-

913 2116 1032 2144 merant;
1050 2109 1148 2137 Filium
1169 2117 1244 2142 vero,
1258 2115 1291 2135 ac
1307 2107 1439 2143 Spiritum
1457 2112 1583 2136 sanciunt
1596 2116 1641 2135 res
1657 2108 1702 2135 in-

913 2161 955 2186 ter
973 2161 1079 2184 creatas
1096 2155 1221 2190 nuspiam
1245 2153 1379 2182 referunt.
1404 2153 1540 2182 Praeterea
1561 2153 1701 2190 seraphim

73 2201 233 2229 Trinitatem
244 2203 384 2238 :cqualiter
394 2203 545 2237 celebrant,
560 2212 593 2232 ac
605 2213 660 2233 non
670 2205 754 2233 semel
767 2213 857 2241 neque
874 2204 918 2233 bis
938 2211 1027 2239 neque
1054 2205 1150 2238 quate!
1161 2222 1170 2234 .
1195 2200 1243 2229 50d
1263 2205 1306 2229 tel'
1331 2200 1455 2234 omnino.
1471 2200 1603 2234 δυϐιαε»
1635 2207 1700 2236 ΡΝ·

73 2248 202 2274 nuntiant
214 2248 235 2275 ³.

108 2292 184 2319 Plll'.
211 2292 363 2327 Ἔλεγξάτω
381 2293 409 2320 δὲ
435 2294 515 2322 πάλιν
529 2295 640 2328 τούτους
659 2297 764 2333 Πέτρος
776 2297 860 2323 tmte

951 2291 1067 2321 CXVIII.
1088 2289 1209 2318 Accedat
1223 2288 1257 2316 ad
1273 2288 1335 2315 illos
1354 2287 1512 2315 refutandus
1528 2287 1600 2316 Petri
1622 2289 1700 2317 insu-

74 2339 135 2373 μῶν
150 2339 206 2370 τοῖς
229 2340 293 2374 περὶ
316 2340 449 2374 Ἀνανίαν,
469 2341 516 2368 κιαι
540 2341 644 2377 λέγων·
673 2342 863 2376 Ἐπειράσατε

72 2384 106 2411 τὸ
120 2384 206 2418 ἅγιον
221 2386 350 2420 Πνεῦμα.
369 2386 423 2413 Καί
439 2395 521 2421 φησι·
541 2388 602 2415 οὐκ
621 2387 795 2422 ἐψεύσασθε
808 2388 862 2414 ἀν-

73 2429 188 2463 θρώπῳ,
205 2430 285 2457 ἀλλὰ
300 2430 340 2463 τῷ
352 2430 422 2464 Θεῷ,
449 2432 480 2458 ’0
494 2432 523 2459 δὲ
538 2432 698 2465 ’Δπόστολος
720 2431 799 2465 οἶδεν,
821 2433 860 2465 ῶς

914 2347 963 2375 per
979 2337 1147 2368 auctoritas.
1164 2335 1211 2370 qui
1227 2334 1361 2360 Ananiam
1377 2336 1404 2360 et
1421 2332 1583 2368 Sapphiram
1606 2334 1700 2368 objuro

911 2393 990 2422 gans.
1015 2383 1159 2414 Tentastis,
1183 2380 1296 2415 inquit,
1326 2378 1454 2412 Spiritum
1475 2384 1606 2406 sanctum.
1631 2379 1700 2408 Tum

913 2429 1024 2465 subjit'it
1039 2438 1046 2456 :
1060 2426 1121 2454 Non
1139 2425 1241 2452 mentiti
1259 2424 1322 2451 estis
1343 2423 1453 2455 homini,
1469 2423 1515 2450 sed
1530 2424 1581 2451 Deo
1595 2425 1615 2452 ⁸.
1633 2425 1700 2453 Nam

73 2475 122 2500 καὶ
138 2474 268 2507 πολλάκις
280 2476 404 2511 εἴπομεν,
419 2477 449 2503 τὸ
463 2476 575 2512 Πνεῦμα
591 2477 629 2513 μὴ
640 2478 778 2514 ἀλλότριον
789 2477 858 2505 εἶναι

912 2475 1097 2510 Apostolus,ut
1104 2479 1174 2506 saepe
1181 2469 1348 2502 monuimus,
1355 2468 1484 2503 Spiritum
1493 2469 1570 2503 122
1577 2474 1701 2499 sanctum

75 2521 121 2546 τοῦ
134 2520 213 2553 θεοῦ,
228 2521 314 2555 λέγων
323 2529 330 2536 ·
351 2522 475 2556 Ἐρευνᾷ
488 2522 538 2549 καὶ
553 2522 590 2549 τὰ
600 2522 682 2556 βάθη
699 2523 751 2550 τοῦ
770 2522 843 2550 Θεοῦ
853 2529 860 2537 ⁸

73 2566 104 2592 τδ
118 2567 146 2593 δὲ
167 2567 204 2602 μὴ
217 2567 246 2593 ὃν
260 2567 292 2594 ἐκ
309 2568 358 2602 τῆς
373 2568 467 2600 οὐσίας
488 2568 536 2596 τοῦ
555 2568 633 2601 Θεοῦ,
659 2568 787 2596 ἀδύνατόν
804 2569 862 2595 ἐστι

111 2634 119 2649 ⁸
141 2633 231 2660 Scrib.
246 2633 439 2668 κατεληλυθός.
476 2635 487 2650 ¹
502 2634 595 2662 Matth.
613 2643 655 2668 ιιι,
671 2635 715 2663 t7.
754 2635 764 2651 ⁸
777 2634 855 2662 Joan.

912 2643 933 2666 ι’,
951 2634 995 2662 to.
1034 2634 1045 2649 ⁸
1061 2632 1129 2659 Dan.
1144 2638 1186 2662 ut,
1202 2628 1237 2656 57
1251 2635 1312 2663 sqq.

76 2670 93 2695 3
106 2677 164 2703 sqq.
205 2670 214 2682 ⁷
230 2669 238 2694 Ι
255 2670 316 2695 (lor.
334 2677 363 2699 ιι,
380 2668 422 2695 to.

915 2529 932 2549 a
952 2521 1033 2548 Patre
1047 2526 1101 2546 non
1116 2517 1234 2544 alienant
1251 2522 1312 2542 esse
1327 2518 1430 2545 censet,
1446 2521 1508 2542 cum
1525 2522 1585 2542 eum
1602 2517 1702 2544 asserit

916 2566 964 2594 Dei
979 2564 1112 2600 profunda
1123 2561 1238 2590 scrutari
1249 2560 1270 2586 ⁷.
1281 2559 1347 2586 Nam
1365 2559 1435 2596 quod
1452 2567 1467 2588 e
1484 2561 1637 2588 substantia
1655 2561 1702 2589 ιὶιηί

1366 2627 1376 2643 ⁸
1391 2626 1441 2654 lsa.
1459 2634 1498 2659 vt,
1510 2627 1537 2655 5.
1577 2629 1660 2655 Ἀρι.
1674 2638 1702 2661 v,

112 2724 166 2759 (25)
186 2725 254 2751 'lra
281 2725 394 2758 καθαρὰ
416 2724 492 2751 αὐτὰ
512 2724 667 2756 ἀποδείξῃ.
698 2723 760 2750 llmc
777 2723 858 2759 verba

913 2723 1018 2759 ιῑεεξλίιι
1031 2722 1253 2759 ροτιιπιὲῃιτιιὶηῃι
1267 2719 1386 2754 efﬁceret.
1397 2720 1458 2759 qui:
1468 2721 1523 2759 'etc.

77 2757 202 2786 Petavius
226 2757 443 2794 reddidit'modo
464 2759 603 2794 aliquanto
624 2760 731 2785 diverso
748 2766 779 2785 ac
797 2757 859 2784 reti-

77 2794 174 2822 dantur
188 2802 203 2821 a
224 2792 387 2826 Thomasio;
405 2795 443 2821 ait
457 2792 552 2822 enim:
572 2793 617 2821 Uti
640 2801 719 2828 puros
741 2793 800 2820 illos
820 2793 860 2819 (a-

913 2792 943 2818 τδ
955 2793 1053 2818 εἰπεῖν.

950 2751 1185 2797 (ξω-[ιρδςιιιιῖιιιὶ
1213 2751 1318 2783 videtur
1343 2751 1564 2788 προλεχθέντων,
1587 2757 1613 2780 et
1639 2759 1699 2778 mox

1092 2799 1148 2818 DIT.
