1939 3039
219 109 267 137 9.5!

916 108 945 135 S.
966 109 1136 137 El‘lPllANl‘

1797 115 1849 143 252

222 175 276 196 non
300 170 354 196 est.
378 166 438 201 cjus
458 164 592 200 profunda
616 168 732 191 scrutari
755 172 808 191 non
835 169 932 200 potest.
959 165 1013 194 Nos

1066 167 1102 193 τὰ
1117 166 1198 200 ,βάθη
1225 166 1275 193 τοῦ
1305 168 1378 193 Θεοῦ
1405 168 1541 202 ἐρευνᾶν.
1573 169 1669 204 Ἡμεῖς
1690 170 1718 197 δὲ
1740 171 1849 208 οἴδαμεν

221 214 306 248 igitur
323 211 433 238 Patrem
447 213 605 246 proﬁtentur
617 218 679 238 esse
692 211 799 237 Patrem
813 219 819 243 ;
837 210 948 243 Filiuiu,
966 211 1010 238 lt‘i-

220 259 305 291 lium;
334 257 465 292 Spiritum
494 261 618 283 sanctum
647 256 765 291 denique
793 256 924 292 Spiritum
949 264 1011 284 esse

221 308 366 331 sanctum:
385 303 436 329 hoc
451 306 502 332 est,
520 300 682 328 Trinitatem
700 303 726 328 in
746 303 850 329 unitate
882 304 1009 337 positam.

221 348 374 384 Singularis
390 348 489 382 quippe
506 346 593 374 Patris
608 354 639 374 ac
655 347 717 374 Filii
738 352 765 375 et
786 348 906 382 Spiritus
922 350 1010 375 sancti

220 394 312 420 unitas
332 397 387 426 est,
411 401 465 419 una
484 393 649 425 subsmutia,
672 393 829 421 dominatus
848 402 936 426 unus,
957 402 1011 421 una

219 439 360 465 voluntas:
371 446 425 465 una
441 437 573 468 Ecclesia,
589 438 733 472 baptismus
751 446 829 471 unus,
846 447 899 465 una
912 439 977 473 ﬁdes
990 440 1010 466 '.

219 482 391 517 Proindeque
410 483 537 510 desinant
555 484 600 510 isti
618 487 741 510 sanctam
757 483 861 512 Christi
877 485 1010 520 virginem

219 535 252 554 ae
272 528 456 555 castissimam
478 536 636 564 oppugnare
656 537 796 564 sponsam,
820 534 945 563 matrem,
968 531 1012 558 in-

219 582 315 609 quam,
332 578 454 601 nostram
476 574 642 608 Eeclesiam;
665 575 744 610 cujus
769 576 814 603 ﬁlii
833 584 849 603 a
872 577 1013 604 sanctissi-

219 621 271 647 mis
282 621 341 647 suis
351 619 490 653 Pati-ibus,
500 621 551 647 hoc
561 625 604 647 est
627 622 768 655 apostolis,
783 629 844 648 cum
856 622 1013 649 custodien—

218 666 280 693 dam
301 666 392 699 ﬁdem,
413 671 470 693 tum
486 667 544 694 suis
558 674 667 701 quoque
685 667 778 694 liberis
802 667 963 695 tradendam
980 675 1012 696 ac

218 712 420 747 praedicandam
441 716 617 747 acceperunt.
640 713 762 745 Quorum
785 721 800 740 e
823 713 940 740 ﬁliorum
961 722 1012 740 nu—

220 766 297 785 mero
312 759 375 785 date
388 766 497 792 operam
510 762 540 784 ut
553 758 624 789 sitis.
640 757 739 785 fratres
753 758 922 789 charissimi,
937 766 1012 785 eam-

218 802 333 836 demque
352 801 505 829 doctrinam
521 802 548 827 in
567 801 666 828 liberos
687 805 794 829 vestros
816 801 1008 829 transfundite.

1063 213 1174 248 Πατέρα
1199 213 1319 248 Πατέρα,
1346 213 1407 240 Υίὺν
1431 214 1504 247 Υἱὸν,
1530 215 1607 248 ἅγιον
1631 216 1743 252 Πνεῦμα
1776 219 1850 252 ἅγιον

1063 258 1185 292 Πνεῦμα,
1208 258 1310 293 Τριάδα
1335 259 1363 285 ὲν
1386 260 1499 295 ἑνότητι.
1525 261 1582 287 Μία
1606 260 1661 296 γὰρ
1678 262 1772 297 ἑνότης
1795 264 1851 291 ἐστι

1063 303 1168 339 Πατρὸς
1184 303 1230 330 καὶ
1248 303 1313 330 Υῐοῦ
1330 305 1376 331 καὶ
1398 305 1477 339 ἁγίου
1502 305 1670 341 Πνεύματος,
1696 307 1745 342 μία
1763 308 1850 343 οὐσία,

1063 350 1112 384 μία
1133 351 1271 386 κυριότης,
1290 349 1319 377 ἓν
1343 350 1463 386 θέλημα·
1481 351 1530 387 μία
1551 352 1697 388 Ἐκκλησία
1710 373 1718 386 ,
1742 353 1778 380 ἓν
1790 354 1849 386 ,βά-

1062 402 1186 430 πτισμα,
1210 396 1264 430 μία
1287 396 1398 429 πίστις.
1426 397 1478 423 Καὶ
1507 397 1706 424 παυσάσθωσαν
1730 399 1755 424 οἱ
1783 401 1854 427 κατὰ

1061 440 1111 474 τῆς
1124 440 1204 474 ἁγίας
1221 441 1356 476 παρθένου
1371 441 1417 468 τοῦ
1428 442 1557 477 Χριστοῦ,
1575 443 1621 468 καὶ
1632 443 1740 478 νύμφης
1755 444 1852 481 ἁγνῆς,

1061 486 1185 512 τουτέστι
1201 487 1251 521 τῆς
1269 487 1371 522 μητρὸς
1396 488 1474 522 ἡμῶν
1498 488 1548 522 τῆς
1569 488 1649 522 ἁγίας
1678 489 1852 524 Ἑκκλησῐας.

1062 531 1220 567 Παρέλαόον
1233 532 1287 567 γὰρ
1309 533 1334 558 oi
1350 532 1453 568 ταύτης
1470 534 1564 565 παῖδες
1579 534 1654 570 παρὰ
1669 534 1754 568 ἁγίων
1767 536 1855 562 Πατέ-

1062 585 1128 612 ρων,
1147 577 1271 604 τουτέστι
1287 577 1340 604 τῶν
1358 578 1443 610 ἁγίων
1458 579 1625 612 ἀποστόλων,
1644 580 1734 607 πίστιν
1751 581 1854 615 φυλάτ-

1061 630 1117 648 τειν
1129 631 1136 637 ·
1159 623 1216 658 ἅμα
1235 623 1263 649 δὲ
1288 623 1334 649 καὶ
1350 625 1406 655 τοῖς
1430 625 1535 652 ἑαυτῶν
1550 625 1656 657 τέκνοις
1677 627 1854 661 παραδιδόναι

1061 675 1091 693 τε
1116 667 1163 693 καὶ
1188 668 1382 707 απαγγέλλειν.
1408 669 1451 702 Ἐξ
1465 666 1503 696 ὢν
1520 670 1568 696 καὶ
1592 671 1668 697 αὐτοὶ
1690 672 1744 697 υἱοὶ
1764 672 1855 707 ὑπάρ-

1062 721 1134 746 χετε,
1157 704 1318 747 τιμιώτατοι
1335 714 1454 748 ἀδελφοὶ,
1476 715 1523 741 καὶ
1547 717 1603 747 τοῖς
1629 716 1733 742 ἑαυτῶν
1747 704 1856 748 τέκνοις

1061 756 1163 791 ταύτην
1179 757 1229 792 τὴν
1252 758 1426 786 διδασκαλίαν
1447 760 1636 795 παραδιδόατε.
1657 761 1750 788 Ταῦτα
1767 762 1856 793 οὕτως

1062 800 1196 834 λέγοντες,
1213 801 1307 828 καὶτὰ
1323 802 1427 834 τούτοις
1446 804 1525 838 ὃμοια
1548 805 1601 831 ἀπὸ
1613 805 1666 832 τῶν
1680 805 1760 833 θείων
1782 808 1851 842 1‘91-

218 847 282 874 llaec
295 855 355 881 qua:
374 847 507 874 hactenus
525 846 598 878 dixi,
621 849 703 880 atque
726 847 769 874 his
792 847 891 873 similia
914 847 1012 881 przedi-

1066 845 1121 879 φῶν
1135 845 1284 880 βεϐαιῶσαι
1300 848 1398 879 αὐτούς
1414 857 1443 874 τε
1466 849 1512 875 καὶ
1531 850 1594 881 τοὺς
1615 851 1761 887 ἀκούοντας
1775 853 1856 887 ὑμῶν

219 893 317 925 cando,
334 896 415 926 atque
429 899 444 918 e
458 891 544 918 sacris
568 891 678 918 Litteris
698 892 880 926 vosmetipsos
906 892 1014 919 audito-

219 946 318 972 resque
337 943 442 964 vestros
464 936 626 963 c0nﬁrmare
667 936 802 968 docendo,
829 937 1013 969 instituendo,

219 982 385 1009 moderando
402 981 481 1008 ﬁnem
504 982 606 1007 nullum
626 981 717 1012 facttc,
734 981 827 1009 ﬁdeles
839 986 866 1009 et
882 982 1011 1009 catholici

219 1027 280 1053 Viri.
303 1027 418 1062 Pergite,
433 1019 556 1061 inquam,
576 1031 697 1054 sanctam
715 1027 785 1053 hanc
810 1027 937 1055 Ecclesia:
953 1035 1017 1055 con-

221 1078 332 1098 servare
353 1071 444 1102 ﬁdem,
460 1079 541 1105 quam
557 1076 732 1098 sacrosancta
750 1079 781 1098 ae
799 1073 950 1107 singularis
968 1072 1014 1099 Dei

222 1117 298 1151 virgo
315 1117 350 1144 ab
367 1117 498 1151 apostolis
521 1117 626 1144 Domini
652 1117 704 1144 sibi
727 1117 858 1145 creditam
883 1118 1013 1153 accepit:

222 1161 348 1196 idemque
363 1161 568 1188 catechumenis
587 1161 716 1189 omnilms
737 1161 782 1196 qui
802 1162 833 1188 ad
850 1162 1014 1196 baptismum

223 1214 284 1234 sese
298 1211 469 1241 comparant,
496 1207 632 1234 inculeate
654 1207 809 1241 diligenter.
834 1207 928 1242 Neque
951 1208 1014 1235 ﬁliis

226 1251 327 1278 vestris
339 1251 366 1278 in
379 1251 494 1278 Domino
510 1251 535 1277 id
552 1251 698 1286 prmcipere
712 1252 843 1277 duntaxat
858 1255 888 1277 ut
902 1251 1015 1278 credant

224 1301 342 1331 oportet,
361 1295 408 1322 scd
422 1301 448 1322 et
461 1296 522 1322 illos
536 1296 634 1323 docere
649 1300 677 1322 ut
691 1296 760 1322 hanc
775 1295 918 1322 forumlam
934 1303 1014 1330 quam

225 1345 346 1368 vestrum
365 1345 545 1374 nostrumque
569 1341 690 1366 omnium
711 1345 799 1367 mater
821 1341 1013 1375 amplectitur,

225 1392 355 1420 expresse
371 1385 527 1419 diser-teque
541 1385 633 1411 dicant
649 1394 656 1412 :

263 1430 354 1458 CXIX.
374 1430 518 1458 Credimus
543 1431 568 1457 in
590 1439 673 1457 unum
699 1431 781 1458 Deutn
800 1431 906 1458 Patrem
927 1433 1015 1459 mutti-

1066 890 1245 924 διδάσκοντες,
1267 893 1460 926 ὁδοποιοῦντες,
1482 896 1673 930 κατηχοῦντες,
1700 897 1736 933 μὴ
1752 898 1855 925 διαλεί-

1067 945 1145 971 πητε,
1160 938 1183 963 οἱ
1201 938 1290 964 πιστοὶ
1305 939 1352 964 καὶ
1366 939 1509 974 ὀρθόδοξοι,
1523 941 1625 976 ταύτην
1640 942 1689 976 τὴν
1703 943 1784 976 ἁγίαν
1806 944 1854 970 πί-

1067 990 1126 1007 στιν
1147 982 1197 1016 τῆς
1222 982 1369 1018 καθολικῆς
1402 983 1575 1019 Ἐκκλησίας,
1598 986 1636 1017 ὡς
1659 987 1814 1021 παρέλαϐεν
1837 991 1855 1024 ὴ

1067 1026 1132 1060 ἁγία
1155 1027 1201 1053 καὶ
1223 1028 1290 1062 μόνη
1308 1028 1442 1064 παρθένος
1466 1029 1513 1056 τοῦ
1528 1031 1595 1057 Θεοῦ
1619 1032 1672 1057 ἀπὸ
1694 1033 1747 1058 τῶν
1769 1034 1856 1066 ἁγίων

1066 1071 1221 1098 ἀποστόλων
1232 1073 1279 1098 τοῦ
1295 1074 1396 1108 Κυρίου
1413 1074 1570 1108 φυλάττειν·
1584 1077 1629 1102 καὶ
1641 1076 1727 1109 οὕτως
1740 1078 1855 1104 ’ἑκαστον

1065 1116 1120 1142 τῶν
1135 1118 1344 1153 κατηχουμένων
1366 1120 1420 1146 τῶν
1445 1120 1595 1154 μελλόντων
1611 1121 1648 1156 τῷ
1663 1123 1733 1158 ἁγίῳ
1750 1123 1855 1160 λουτρῷ

1066 1163 1207 1198 προσιέναι
1232 1165 1262 1190 οὗ
1290 1165 1369 1199 μόνον
1396 1166 1577 1200 ἀπαγγέλλειν
1598 1169 1718 1202 ὀφείλετε
1747 1170 1779 1196 τὸ
1809 1180 1854 1197 πι-

1067 1208 1172 1234 στεύειν
1191 1211 1247 1241 τοῖς
1269 1211 1373 1237 ἑαυτῶν
1391 1212 1458 1244 υἱοῖς
1471 1213 1499 1238 ἐν
1513 1213 1618 1249 Κυρίῳ.
1634 1214 1701 1240 ἀλλὰ
1715 1216 1763 1242 καὶ
1783 1216 1856 1243 διδά-

1066 1261 1143 1280 σχειν
1158 1255 1246 1289 ῥητῶς
1267 1256 1304 1287 ὡς
1319 1257 1426 1284 πάντων
1443 1259 1459 1293 ἡ
1478 1259 1547 1294 αὑτὴ
1565 1261 1656 1296 μήτηρ
1672 1261 1749 1296 ὑμῶν
1763 1270 1793 1288 τε
1809 1263 1859 1289 καὶ

1065 1299 1155 1333 ἡμῶν,
1170 1299 1200 1326 τὸ
1216 1301 1316 1335 λέγειν·

1100 1432 1173 1459 ΡΙΘ’.
1194 1434 1362 1470 Πιστεύομεν
1385 1437 1425 1469 είς
1450 1437 1504 1464 ἕνα·
1518 1438 1594 1478 Θεὸν,
1621 1441 1730 1477 Πατέρα
1757 1452 1857 1472 παπο-

229 1481 380 1512 potentem,
406 1476 537 1503 factorem
555 1476 617 1502 coeli
640 1480 667 1502 et
686 1480 775 1509 terrm,
792 1477 939 1504 visibilium
957 1486 1013 1504 om-

1066 1478 1196 1514 κράτορα,
1225 1481 1340 1516 ποιητὴν
1362 1483 1477 1518 οὐρανοῦ
1493 1477 1593 1512 τεκαὶ
1616 1487 1676 1522 γῆς,
1701 1489 1808 1523 ὁρατῶν
1825 1500 1855 1517 τε

230 1523 304 1549 nium
323 1526 349 1548 et
364 1521 551 1548 invisibiliuut.
570 1521 601 1547 Et
619 1522 645 1548 in
663 1529 747 1548 unum
764 1522 906 1550 Dominqu
922 1523 1014 1551 Jesum

229 1567 369 1594 Christum
383 1566 481 1592 Filium
499 1566 544 1592 Dei
563 1567 747 1601 unigenitum;
771 1575 803 1594 ex
821 1567 901 1595 Patre
922 1573 1015 1595 natum

231 1615 294 1637 ante
310 1611 402 1637 omnia
419 1611 528 1640 saecula.
549 1611 599 1638 hoc
612 1615 664 1644 est,
683 1619 715 1639 ex
737 1613 891 1640 substantia
907 1614 994 1642 Patris
1006 1634 1013 1646 ,

232 1657 323 1683 lumen
337 1656 371 1683 de
387 1656 500 1687 lumine,
517 1656 600 1683 Deum
619 1664 713 1684 verum
730 1659 762 1685 de
787 1659 840 1685 Deo
853 1666 928 1691 vero,
946 1659 1018 1694 geni-

230 1705 357 1735 tum,non
369 1701 483 1733 factum,
499 1703 761 1730 consubstantialem
776 1703 865 1731 Patri:
878 1712 925 1739 per
935 1713 1016 1739 quem

231 1749 322 1773 omnia
336 1746 404 1777 facta
419 1750 483 1774 sunt
495 1754 556 1781 qure
568 1748 594 1774 in
610 1748 688 1775 cmlis
701 1751 728 1775 et
747 1757 808 1783 qua:
820 1750 846 1775 in
868 1754 938 1776 terra
955 1758 1018 1776 con-

231 1793 362 1819 tinentur.
382 1792 433 1825 Qui
451 1796 561 1827 propter
583 1801 632 1820 nos
650 1793 775 1821 homines
789 1798 816 1821 et
836 1799 947 1829 propter
971 1803 1018 1822 no-

230 1840 314 1863 stram
334 1836 448 1863 salutem
469 1837 607 1864 descendit
632 1830 782 1871 deat-telis,
806 1843 832 1866 et
858 1840 1016 1868 incarnatus

228 1881 319 1908 estde
342 1882 445 1916 Spiritu
463 1886 558 1909 sancto
582 1891 613 1910 ex
637 1883 721 1911 Maria
742 1884 863 1919 Virgine,
887 1889 914 1912 et
935 1885 1017 1913 homo

230 1927 319 1953 factus
338 1931 389 1955 est.
410 1927 564 1955 Cruciﬁxus
581 1929 662 1955 etiam
685 1937 734 1963 pro
751 1929 829 1957 nobis
849 1931 900 1957 sub
920 1930 1016 1957 Pontio

228 1970 327 2004 Pilato,
347 1980 445 2006 passus
459 1977 485 2000 et
502 1974 628 2008 sepultus
644 1979 685 2001 est
702 1983 708 2001 τ
725 1978 752 2001 et
769 1976 919 2003 resurrexit
937 1976 1017 2003 tertia

230 2016 275 2044 die
292 2018 441 2044 secundum
459 2017 634 2054 Scripturas;
661 2024 687 2046 et
709 2021 832 2047 ascendit
852 2021 879 2047 in
898 2022 1015 2053 coelum,

230 2065 257 2088 et
274 2061 350 2089 sedet
372 2062 404 2089 ad
425 2063 564 2090 dexteram
586 2063 692 2097 Patris;
715 2069 742 2091 et
763 2064 861 2091 iterum
884 2071 1017 2094 venturus

226 2111 268 2134 est
291 2115 352 2134 cum
376 2109 460 2143 gloria
479 2109 604 2142 judicare
630 2109 706 2136 vivos
727 2113 754 2136 ct
775 2116 913 2143 mortuos;
938 2111 1016 2147 123

1067 1525 1176 1551 πάντων
1190 1526 1237 1552 καὶ
1261 1527 1394 1562 ἀοράτων.
1418 1530 1473 1556 Καὶ
1490 1532 1529 1562 είς
1554 1531 1601 1557 ἕνα
1625 1532 1726 1570 Κῦριον
1751 1535 1857 1571 Ἰησοῦν

1067 1570 1182 1603 Χριστὸν
1205 1571 1250 1598 τὸν
1275 1572 1339 1599 Υἱὸν
1354 1574 1402 1600 τοῦ
1421 1574 1489 1601 Θεοῦ
1513 1576 1559 1602 τὸν
1584 1581 1725 1614 μονογενῆ,
1750 1570 1798 1607 τὸν
1824 1583 1857 1608 ὲκ

1067 1615 1113 1640 τοῦ
1141 1616 1247 1652 Πατρδς
1264 1618 1428 1653 γεννηθέντα
1451 1621 1504 1656 πρὸ
1529 1621 1638 1650 πάντων
1661 1624 1715 1650 τῶν
1737 1625 1856 1659 αἰώνων,

1066 1660 1204 1688 τουτέστιν
1220 1663 1252 1688 ὲκ
1267 1663 1316 1698 τῆς
1328 1664 1422 1695 οὐσίας
1437 1665 1484 1691 τοῦ
1498 1666 1614 1701 Πατρὺς,
1633 1668 1691 1703 φῶς
1709 1670 1740 1696 ὲκ
1755 1671 1856 1704 φωτὸς,

1067 1702 1133 1729 Θεὸν
1162 1703 1286 1740 ἀληθινὸν
1315 1707 1347 1733 ἐκ
1377 1707 1444 1734 Θεοῦ
1474 1709 1611 1744 ἀληθινοῦ,
1635 1702 1808 1748 γεννηθέντα,
1825 1702 1856 1743 οὺ

1067 1749 1222 1783 ποιηθέντα,
1243 1751 1384 1785 ὁμοούσιον
1409 1753 1448 1788 τῷ
1470 1755 1574 1791 Πατρί’
1602 1757 1635 1782 δι’
1656 1754 1685 1784 οὗ
1708 1759 1742 1785 τὰ
1767 1761 1859 1790 πάντα

1067 1793 1184 1827 ἐγένετο,
1211 1796 1246 1822 τά
1272 1805 1302 1822 τε
1327 1797 1356 1824 ἐν
1376 1799 1431 1830 τοῖς
1446 1800 1570 1834 οὐρανοῖς
1589 1802 1635 1828 καὶ
1653 1803 1686 1829 τὰ
1703 1805 1732 1830 ἐν
1752 1806 1785 1840 τῇ
1802 1811 1855 1841 τῇ

1067 1839 1112 1864 τὸν
1129 1840 1162 1866 δι’
1177 1841 1251 1874 ἡμᾶς
1263 1842 1326 1873 τοὺς
1347 1843 1508 1879 ἀνθρώπους
1525 1846 1571 1872 καὶ
1594 1846 1638 1873 διὰ
1653 1847 1701 1883 τὴν
1718 1839 1857 1886 ἡμετέραν

1069 1885 1205 1920 σωτηρίαν
1223 1887 1386 1915 κατελθόντα
1402 1890 1434 1915 ὲκ
1456 1890 1508 1916 τῶν
1531 1891 1664 1927 οὐρανῶν,
1678 1895 1724 1920 καὶ
1748 1885 1857 1931 σαρκω-

1068 1929 1148 1957 θέντα
1162 1931 1194 1957 ὲκ
1207 1932 1363 1967 Πνεῦματος
1375 1934 1452 1968 ἁγίου
1468 1936 1514 1962 καὶ
1525 1936 1631 1973 Μαρίας
1641 1938 1690 1973 τῆς
1704 1929 1856 1975 Παρθένου,

1068 1976 1115 2001 καὶ
1140 1976 1396 2013 ὲνανθρωπήσαντα,
1424 1981 1614 2015 σταυρωθέντα
1635 1992 1664 2010 τε
1689 1984 1759 2020 ὑπὲρ
1776 1986 1857 2021 ἡμῶν

1068 2021 1114 2048 ἐπὶ
1128 2022 1240 2049 Ποντίου
1257 2023 1384 2056 Πιλάτου,
1400 2026 1446 2052 καὶ
1462 2026 1589 2060 παθόντα,
1603 2029 1649 2055 καὶ
1665 2031 1795 2064 ταφέντα,
1809 2033 1857 2059 καὶ

1068 2067 1222 2094 ἀναστάντα
1239 2070 1271 2105 τῇ
1288 2070 1366 2106 τρίτῃ
1390 2071 1491 2107 ἡμέρᾳ,
1510 2073 1580 2100 κατὰ
1599 2074 1648 2106 τὰς
1669 2076 1791 2110 Γραςὰς,
1808 2079 1856 2104 καὶ

1068 2113 1213 2141 ἀνελθόντα
1228 2115 1267 2146 είς
1292 2116 1355 2148 τοὺς
1368 2117 1516 2152 οὐρανοὺς,
1543 2120 1589 2145 καὶ
1614 2120 1796 2157 καθεζόμενον
1822 2125 1856 2150 ἐκ

225 2152 306 2186 cujus
321 2153 397 2187 regni
414 2160 467 2180 non
488 2154 540 2180 erit
555 2153 627 2182 linis.
653 2154 685 2181 Et
701 2155 726 2181 in
742 2154 874 2190 Spiritth
889 2161 1013 2184 sanctum

1067 2158 1161 2190 δεξιῶν
1181 2160 1227 2186 τοῦ
1242 2161 1357 2196 Πατρὸς,
1375 2163 1421 2189 καὶ
1437 2163 1516 2190 πάλιν
1529 2165 1676 2200 ἐρχόμενον
1693 2152 1763 2201 μετὰ
1775 2167 1856 2203 δόξης

226 2195 370 2223 Dominum
393 2201 420 2223 et
440 2198 632 2232 viviﬁcantem,
653 2200 699 2234 qui
721 2208 752 2227 ex
779 2199 858 2228 Patre
874 2202 1014 2236 procedit,

226 2241 271 2276 qui
290 2249 351 2268 cum
368 2241 447 2269 Patre
465 2246 491 2269 et
507 2241 575 2270 Filio
600 2244 680 2270 si:qu
698 2244 826 2271 aduratur
842 2250 868 2272 et
883 2247 1015 2281 conglori-

227 2287 335 2318 licatur,
351 2287 397 2322 qui
413 2287 520 2315 locutus
534 2293 575 2316 est
588 2297 636 2323 per
654 2290 811 2324 prophetas.
828 2290 860 2318 Et
876 2291 903 2318 in
919 2299 1012 2325 unam,

226 2337 364 2366 sanctam,
392 2333 556 2361 catholicam
583 2338 611 2361 et
641 2335 820 2370 apostolicam
853 2336 1012 2366 Ecclesium.

225 2377 394 2405 Conﬁtentur
414 2387 497 2405 unum
513 2379 649 2414 baptisma
666 2380 692 2406 in
710 2381 899 2410 remissionem
917 2391 1015 2418 pecca-

225 2427 327 2450 torum.
342 2423 539 2458 Exspectamus
554 2424 781 2453 TCSlII‘l'CCliOIICIII
798 2432 968 2455 mortuorum
987 2433 1014 2456 et

225 2469 308 2494 vitam
325 2467 408 2494 futuri
427 2469 529 2496 surculi.
545 2470 643 2497 Amen.
670 2470 724 2499 Eos
743 2479 807 2499 vero
831 2473 877 2508 qui
897 2473 1012 2501 ditunt:

225 2512 288 2539 Fuit
300 2513 446 2547 aliquando
461 2521 523 2541 cum
536 2523 590 2542 non
601 2521 687 2550 esset;
703 2523 741 2550 et,
754 2518 907 2554 Antequam
921 2519 1015 2554 gigne-

225 2562 301 2585 retur
314 2565 367 2585 nou
379 2563 451 2592 erat;
467 2560 536 2592 sive,
547 2560 584 2588 Ex
598 2569 650 2589 non
668 2564 840 2591 exstantibus
860 2565 949 2592 factus
960 2570 1013 2596 est,

223 2603 266 2630 ψει
289 2610 322 2630 cx
346 2604 398 2631 alia
420 2605 559 2640 hypostasi
586 2607 627 2634 vel
653 2608 822 2640 substantia;
848 2609 950 2644 qudque
967 2609 1014 2637 Dei

225 2647 323 2676 Filium
349 2650 476 2677 lluentem
505 2656 552 2678 aut
577 2654 736 2680 mutabilem
762 2661 822 2680 esse
845 2654 1012 2688 defendunt;

224 2694 275 2722 hos
288 2701 382 2724 omnes
394 2697 564 2725 anathemate
580 2697 689 2725 damnat
705 2699 841 2727 catholica
857 2705 884 2728 et
901 2706 1013 2736 aposto-

266 2771 276 2788 ¹
294 2771 394 2807 Epltes.
413 2781 450 2804 Iv,
469 2773 496 2801 5.

1064 2205 1155 2239 κρῖναι
1178 2204 1282 2237 ζῶντας
1307 2207 1353 2232 καὶ
1371 2208 1498 2243 νεκρούς·
1520 2207 1549 2236 οὗ
1569 2210 1619 2246 τῆς
1642 2211 1780 2246 βασιλείας
1803 2215 1856 2240 οὐκ

1065 2247 1140 2274 ἔσται
1158 2249 1244 2280 τέλος.
1269 2250 1324 2277 Καὶ
1349 2251 1389 2283 είς
1410 2253 1439 2278 τὸ
1456 2253 1567 2289 Πνεῦμα
1587 2255 1617 2281 τὸ
1640 2256 1726 2290 ἅγιον,
1752 2258 1857 2293 Κυριον

1066 2294 1114 2320 καὶ
1135 2294 1284 2327 ζωοποιὸν,
1312 2296 1341 2322 τὸ
1365 2297 1396 2324 ὲκ
1421 2298 1467 2324 τοῦ
1493 2298 1600 2335 Πατρὸς
1626 2301 1855 2338 ἐκπορευόμενον,

1065 2338 1096 2364 τὺ
1110 2339 1158 2365 σὺν
1174 2340 1260 2376 Πατρὶ
1277 2341 1322 2367 καὶ
1344 2341 1401 2377 Υίῷ
1415 2345 1709 2380 συμπροσκυνούμενον
1730 2348 1778 2374 καὶ
1793 2357 1857 2376 συν-

1065 2383 1251 2419 δοξαζόμενον,
1281 2386 1310 2412 τὸ
1332 2386 1452 2422 λαλῆσαν
1474 2388 1517 2414 διὰ
1539 2390 1593 2416 τῶν
1622 2393 1778 2428 προφητῶν.
1808 2394 1856 2427 Et;

1069 2429 1133 2463 μίαν
1150 2429 1230 2463 ἁγίαν
1247 2430 1393 2467 καθολικὴν
1410 2434 1456 2460 καὶ
1475 2434 1655 2471 ἀποστολικὴν
1679 2437 1855 2473 Ἐκκλησίαν.

1073 2474 1273 2510 ὐμολογοῦμεν
1298 2476 1328 2503 ἓν
1353 2478 1492 2513 βάπτισμα
1517 2481 1557 2512 εἰς
1579 2481 1675 2516 ἄφεσιν
1701 2483 1854 2519 ἁμαρτιῶν,

1068 2520 1262 2556 προσδοκῶμεν
1282 2523 1430 2550 ἀνάστασιν
1443 2525 1556 2560 νεκρῶν,
1573 2527 1621 2553 καὶ
1636 2527 1708 2563 ζωὴν
1724 2529 1770 2555 τοῦ
1790 2530 1856 2565 μέλ-

1067 2564 1159 2596 λοντος
1175 2566 1282 2599 αἰῶνος.
1303 2568 1400 2604 Ἀμήν.
1416 2570 1486 2602 Τοὺς
1500 2571 1528 2597 δὲ
1552 2571 1697 2606 λέγοντας·
1718 2571 1773 2601 Ἦν
1788 2583 1855 2601 ποτε

1067 2610 1110 2636 ὅτε
1125 2610 1174 2636 οὐκ
1190 2609 1234 2646 ἦν,
1250 2612 1305 2645 καὶ,
1322 2613 1390 2649 Πρὶν
1412 2615 1573 2650 γεννηθῆναι
1591 2617 1640 2643 οὐκ
1658 2615 1703 2652 ἦν,
1723 2618 1739 2653 ἢ
1753 2619 1793 2645 ὃτι
1810 2620 1856 2652 Ἐξ

1065 2654 1115 2681 οὐκ
1138 2655 1223 2683 ὄντων
1241 2657 1357 2691 ἐγένετο,
1372 2659 1389 2694 ἦ
1408 2660 1436 2692 ἐξ
1461 2660 1557 2696 ἑτέρας
1579 2661 1755 2695 ὑποστάσεως
1774 2664 1791 2699 ἢ
1807 2664 1854 2691 «Λῖ-

1065 2701 1136 2734 σίας,
1162 2703 1315 2737 φάσκοντας
1338 2703 1407 2732 εἶναι
1431 2707 1541 2741 ῥευστὸν
1555 2708 1571 2743 ἢ
1587 2708 1732 2736 ἀλλοιωτὸν
1746 2709 1793 2738 τὸν
1807 2709 1856 2737 τοῦ
