1939 3039
259 109 311 138 221

946 103 975 133 S.
996 102 1164 131 ΕΡὶΡΙΙΛΝΙΙ

1837 98 1896 126 228

260 170 350 198 rum'.
378 167 430 195 Sed
455 174 505 195 nec
520 167 587 194 illud
604 166 807 198 intellexerunt,
820 165 892 200 quod
908 165 934 192 in
952 165 1042 193 eodem

1101 165 1169 200 αὐτῇ
1199 163 1281 198 βίϐλῳ
1304 161 1407 198 ῥητοῦ.
1432 162 1473 188 ὅτι
1502 159 1621 194 Ἔσρεξε
1635 159 1742 194 Κύριος
1769 158 1851 192 πῦρ,
1879 156 1896 182 ὁ

259 215 328 243 libro
348 214 480 248 scriptum
496 217 557 240 est:
571 211 645 239 Pluit
668 212 753 247 ignem
768 211 908 243 Dominus,
927 210 951 237 is
968 210 1051 237 nimi-

259 269 319 287 rum
342 260 388 295 qui
412 259 445 286 ad
465 259 650 286 Abrahamum
672 258 837 288 diverterat,
853 265 870 283 a
884 256 995 283 Domino
1018 255 1051 282 de

258 306 324 333 calo
334 307 355 339 ',
372 305 406 332 ab
423 312 456 332 eo
472 304 597 331 videlicet
618 303 666 338 qui
683 310 744 331 sese
759 302 879 330 miserat.
902 301 958 329 Nec
973 299 1049 328 illum

260 351 344 378 fuisse
368 353 528 384 cognorunt,
541 348 587 383 qui
603 356 633 376 se
647 348 680 375 ab
695 347 813 383 Egypto
828 347 970 374 liberarat.
994 345 1050 372 Nec

260 397 399 432 prophetae
414 402 508 422 vocem
526 395 601 422 illam
631 393 842 420 intellexerunt:
861 392 894 419 Et
913 396 941 418 tu
967 390 1049 418 Bella-

262 442 343 469 lehem
369 449 532 476 nequaquam
557 440 667 466 minima
689 447 717 466 es
729 439 749 465 ³.
762 438 828 465 Nam
854 438 899 473 qui
931 437 1040 464 tandem

259 489 370 515 minima
388 488 432 514 illa
447 487 499 514 dici
512 489 610 521 potest,
626 493 686 520 quae
697 485 772 512 illum
783 485 895 519 ceperit,
911 483 958 518 qui
974 483 1046 510 coelo

259 539 386 568 terraque
399 531 592 567 comprehendi
607 539 661 558 non
675 530 781 566 potest?
794 530 858 557 Item
871 529 930 556 2E1:
947 533 971 556 te
981 529 1049 556 (εἰει

259 580 324 606 dum.
353 579 420 611 Quis
437 581 479 604 est
496 581 585 604 autem
605 577 650 603 ille
670 576 716 611 qui
738 575 912 602 Betltlehemo
929 575 1038 609 egredi-

259 626 324 653 tur?
339 624 424 651 llomo
439 627 490 650 est.
508 622 578 650 Deus
591 629 656 649 vero
672 629 720 649 cur
733 621 849 648 dicitur?

293 668 387 696 CXVI.
408 667 464 694 lloc
485 667 557 694 enint
580 666 618 693 illi
643 665 846 701 perturbantur.
869 664 941 699 quod
965 661 1042 692 Deus

259 715 331 742 idem
349 718 377 742 et
397 713 478 740 homo
499 712 544 739 sit.
561 711 628 738 Nam
651 711 679 737 in
701 710 812 738 eodem:
837 709 964 745 Egressus
988 709 1046 744 ejus

257 764 320 787 sunt
336 767 352 785 ιι
369 758 532 793 principio,a
546 757 724 792 procreatione
748 755 849 787 mundi,
872 755 952 790 120
971 755 1045 790 qttod

258 806 369 842 quidem
384 813 438 832 non
454 805 509 839 jam
528 803 561 830 ad
578 802 726 833 hominem,
737 801 784 829 sed
801 801 834 828 ad
852 800 935 828 Deum
958 801 1044 828 reler-

259 856 314 878 tur.
338 850 431 884 Neque
448 855 512 876 vero
534 848 613 875 istius
632 846 738 874 oraculi
761 845 961 872 recordamur:
978 844 1044 872 Ecce

259 896 330 930 virgo
346 894 483 927 concipiet,
504 897 529 919 et
547 892 631 925 pariet
647 891 743 925 ﬁlium,
765 894 789 917 et
803 889 930 916 vocabunt
952 898 1044 917 nomen

257 941 315 975 ejus
332 939 488 967 Emmanuel
499 938 519 965 ⁵.
536 938 612 971 Quod
628 937 752 969 verbum,
775 936 913 968 vocabunt,
937 937 1043 972 piorum

258 993 291 1012 ac
317 985 434 1012 ﬁdelium
465 983 594 1011 Ecclesia:
625 982 741 1009 ﬁliorum
767 989 870 1009 morem
895 982 1042 1016 signiﬁcat.

257 1031 324 1058 Nam
339 1030 378 1063 hi,
397 1029 498 1056 Judaeis
518 1028 621 1056 Christi
642 1027 748 1054 Domini
769 1027 989 1054 interfectoribus
1010 1027 1044 1054 de

258 1076 400 1103 Salvatore
419 1075 635 1106 sciscitantibus,
650 1081 700 1100 cur
715 1073 742 1100 in
756 1080 816 1100 eum
831 1073 876 1108 qui
891 1073 967 1100 cruci
985 1073 1044 1100 δαί-

258 1119 328 1147 llxus
343 1123 385 1146 est
399 1119 510 1146 credere
531 1126 591 1146 sese
620 1117 802 1152 profiteantur
813 1137 819 1148 ,
838 1117 873 1143 ita
892 1117 984 1145 Meles
1000 1125 1044 1145 re-

1059 832 1081 859 Β

1103 210 1171 246 πρὸς
1191 208 1317 244 ’Δῦραὰμ
1342 207 1498 243 ἐληλυθὼς,
1528 206 1608 240 παρὰ
1630 206 1740 239 Κυρίου
1757 205 1810 232 ἀπ’
1841 207 1896 232 οὐ-

1097 255 1193 290 ρανοῦ
1205 274 1212 287 ,
1226 254 1274 281 τοῦ
1289 254 1370 280 αὑτὸν
1387 253 1607 283 ἀποστείλαντος.
1622 251 1688 277 Οὐδὲ
1706 252 1830 285 ἔγνωσαν
1844 250 1895 277 αὖ·

1100 302 1145 328 τὸν
1172 301 1220 327 ἀπ’
1238 299 1376 333 Αἰγύπτου
1400 297 1580 329 ἐκϐάλλοντα,
1610 296 1670 323 οὐδὲ
1697 296 1819 330 συνῆκαν
1845 296 1894 323 τοῦ

1100 346 1239 382 προφήτου
1259 344 1382 378 λέγοντος
1394 351 1401 358 ·
1419 342 1474 370 Καὶ
1491 342 1543 374 σὺ,
1557 340 1703 375 Βηθλεὲμ,
1723 341 1794 375 οὐχι
1821 341 1895 368 ἐλα-

1100 393 1200 427 χίστη.
1218 390 1279 422 Πῶς
1296 389 1350 425 γὰρ
1360 387 1415 415 οἷόν
1429 397 1459 415 τε
1466 387 1727 424 ὲλαχίστηνκαλεῖν
1742 388 1821 414 πόλιν
1837 398 1893 423 χω-

1100 438 1222 474 ρήσασαν
1232 436 1261 462 ὂν
1276 435 1390 471 οὐρανὸς
1402 434 1449 460 καὶ
1459 435 1548 460 πάντα
1560 433 1658 469 χωρεῖν
1672 433 1703 459 οὐ
1713 432 1873 467 δεδύνηνται
1884 443 1892 463 ;

1099 483 1166 516 Καὶ,
1183 483 1222 508 ὅτι
1246 482 1292 507 Ἐκ
1308 480 1367 507 σοῦ
1393 488 1444 514 μοι
1458 479 1649 512 ἐξελεύσεται
1662 480 1841 514 ἡγούμενος.
1859 479 1893 505 Τί

1097 528 1126 554 δὲ
1152 528 1206 554 ἀπὸ
1220 526 1343 562 Βηθλεὲμ
1362 525 1560 562 ὲκπορεὺεταις
1578 524 1634 551 Καὶ
1657 524 1801 560 ἄνθρωπός
1820 525 1891 556 ἔστι,

1097 573 1146 600 καὶ
1158 572 1216 604 πῶς
1229 572 1412 605 θεολογεῖταις

1132 655 1214 693 Ρῖςι.
1230 659 1367 694 Ταράστει
1388 657 1488 690 αὐτοὺς
1508 659 1537 684 τὸ
1551 655 1621 684 εἶναι
1640 657 1706 684 Θεὸν
1719 657 1766 684 καὶ
1783 657 1891 692 ἄνθρω-

1097 711 1157 730 πον.
1178 703 1223 728 Ἐν
1234 701 1324 736 ταυτῷ
1339 701 1393 737 γὰρ
1406 720 1414 733 ,
1434 703 1468 729 Al
1481 701 1610 734 διέξοδοι
1624 702 1717 728 αὑτοῦ
1733 701 1889 736 ἀπαρχῆς,

1096 747 1156 775 ἀπὸ
1175 747 1300 779 κτίσεως
1320 746 1453 780 κόσμου’
1472 746 1552 772 τοῦτο
1574 745 1603 772 δὲ
1627 746 1676 772 οὐκ
1697 745 1771 773 ἐστιν
1794 747 1890 773 οὐκέτι

1096 795 1239 831 ἀνθρώπου
1250 814 1258 826 ,
1283 794 1350 821 ἀλλὰ
1363 793 1441 820 Θεοῦ.
1458 793 1495 820 οὐ
1511 793 1659 828 μέμνηνται
1682 792 1727 824 δὲ,
1747 792 1790 818 ὅτι
1813 791 1887 818 Ἰδοὺ

1095 840 1242 874 παρθένος
1260 839 1295 866 ἐν
1310 839 1415 874 γαστρὶ
1431 839 1493 870 ἔξει
1503 858 1510 870 ,
1527 838 1577 864 καὶ
1596 837 1711 869 τέξεται
1733 837 1802 864 υιὸν
1812 858 1820 869 ,
1837 837 1889 863 καὶ

1095 886 1261 913 καλέσουσι
1284 886 1319 912 τὸ
1339 885 1433 920 ὄνομα
1454 885 1548 912 αὐτοῦ
1574 884 1771 918 Ἐμμανουήλ.
1794 884 1832 910 Τὸ
1845 884 1886 916 δὲ,

1095 932 1272 964 καλέσουσι,
1292 931 1419 966 σημαίνει
1433 931 1477 957 τὸν
1492 931 1591 966 τρόπον
1606 929 1660 956 τῶν
1673 930 1758 964 ἁγίων
1772 930 1820 956 καὶ
1838 939 1887 957 πι-

1095 977 1165 1003 στῶν
1185 976 1239 1003 τῶν
1259 976 1325 1003 υῑῶν
1337 976 1388 1010 τῆς
1410 975 1582 1010 Ἐκκλησὶας.
1607 975 1815 1009 Ἐξεταζόμενοι
1831 975 1887 1010 γὰρ

1095 1023 1147 1049 ὑπὸ
1159 1023 1211 1049 τῶν
1227 1022 1416 1057 Κυριοκτόνων
1439 1022 1573 1048 Ἰουδαίων
1590 1022 1654 1057 περὶ
1677 1021 1723 1047 τοῦ
1739 1022 1882 1056 Σωτῆρος,

1094 1068 1135 1094 ὅτι
1160 1068 1222 1099 Πῶς
1232 1069 1271 1100 εις
1284 1068 1330 1094 τὸν
1347 1067 1538 1102 σταυρωθέντα
1549 1066 1739 1102 ὁμολογοῦσιν;
1753 1067 1884 1093 ἀκούουσι

1094 1113 1169 1148 παρὰ
1179 1113 1233 1140 τῶν
1247 1113 1336 1140 αὐτῶν
1349 1112 1464 1143 πιστῶν,
1481 1113 1522 1138 ὃτι
1534 1112 1602 1147 Παρ’
1620 1113 1683 1147 ὑμῖν
1699 1112 1883 1147 ἐσταύρωται,

257 1164 412 1200 spondent:
427 1164 472 1191 Ille
489 1164 547 1198 ipse
562 1163 609 1198 qni
631 1162 703 1197 apud
723 1169 772 1189 vos
786 1162 812 1189 in
832 1170 942 1189 crucem
965 1167 1042 1190 actus

1095 1159 1156 1192 μεθ’
1166 1158 1250 1192 ἡμῶν
1258 1157 1287 1184 δὲ
1304 1159 1376 1190 θεός
1385 1159 1460 1184 ἐστι.
1477 1157 1530 1184 Τοῦ
1544 1157 1571 1183 δὲ
1590 1157 1670 1183 Δαόὶδ
1682 1157 1732 1184 οὐκ
1751 1158 1882 1192 ἥκουσαν,

257 1214 314 1243 est,
334 1210 469 1236 nobiscum
491 1209 561 1236 Deus
581 1213 629 1236 est.
651 1208 785 1234 Przeterea
806 1215 895 1242 neque
914 1207 1041 1235 Davidem

257 1255 381 1286 audiunt,
398 1261 448 1281 nec
468 1254 594 1281 timorem
619 1253 692 1279 illius
716 1253 882 1287 intelligunt,
899 1260 979 1287 quem
1003 1254 1043 1280 vi-

257 1299 324 1326 dens
338 1306 386 1333 per
399 1298 529 1332 Spiritum
545 1301 670 1324 sanctum
687 1296 806 1328 dicebat,
823 1296 1042 1324 contremiseens

257 1343 378 1378 ejusdem
397 1343 503 1370 Domini
526 1342 645 1368 futuram
669 1341 899 1373 incarnationem,
923 1341 1040 1369 dicens:

257 1390 332 1416 Dixit
348 1389 475 1415 Dominus
492 1387 604 1414 Domino
622 1394 688 1418 meo,
708 1386 773 1414 Sede
789 1396 804 1413 α
818 1387 917 1414 dextris
934 1388 998 1414 meis
1010 1387 1040 1420 ⁵,

256 1439 311 1463 etc.
334 1434 403 1469 Ergo
424 1438 515 1460 vetera
538 1433 583 1458 illa
607 1431 726 1459 Sabbata
749 1433 939 1467 praeterierunt
961 1441 969 1460 :
993 1440 1041 1467 pro

257 1481 356 1515 quibus
369 1485 463 1506 verum
483 1485 498 1503 ει
516 1477 595 1504 nobis
612 1477 778 1512 praedicatur
795 1477 955 1506 Sabbatum.
974 1477 1039 1504 Item
1056 1491 1076 1519 ο

255 1525 331 1559 prior
346 1524 392 1550 illa
409 1523 514 1550 sublata
529 1526 556 1549 et
571 1523 712 1557 antiquata
727 1523 901 1551 circumcisio
915 1529 967 1555 est,
980 1531 1041 1557 quae

257 1577 338 1596 unam
358 1576 390 1596 ac
411 1568 584 1603 perexiguam
601 1572 705 1602 partem
724 1569 847 1603 corporis
872 1567 1040 1603 amputabat.

255 1613 334 1640 Nunc
349 1620 413 1640 vero
432 1612 552 1639 caelestis
567 1612 613 1638 illa
629 1612 805 1640 circumcisio
820 1620 881 1647 qme
899 1613 931 1639 ad
955 1617 1040 1639 totum

255 1666 357 1693 corpus
376 1659 502 1692 pertinet,
521 1658 599 1693 longe
619 1661 660 1685 est
682 1658 879 1686 efﬁcacissima.
899 1658 1040 1692 Siquidem

255 1712 334 1739 aqua:
345 1708 371 1730 et
388 1704 522 1731 invocatio
533 1707 627 1731 sancta
639 1711 694 1731 non
711 1712 794 1730 unum
809 1703 942 1730 duntaxat
954 1712 1041 1731 mem-

255 1749 334 1776 brum
352 1749 471 1776 hominis
490 1753 637 1784 occupant,
659 1749 705 1776 sed
730 1749 864 1783 integrum
886 1757 986 1783 corpus
1001 1757 1042 1776 re-

255 1798 382 1829 purgant,
402 1795 620 1827 circumcidunt,
649 1801 681 1820 ac
701 1795 780 1821 malis
803 1794 930 1821 omnibus
950 1795 1042 1823 exsol-

255 1844 333 1866 vunt.
350 1839 488 1873 Ejusmodi
505 1839 634 1874 mysteria
648 1843 831 1866 sacrosanctae
845 1839 892 1867 Dei
910 1840 1040 1868 Ecclesiae

256 1882 355 1909 tradita
371 1886 443 1910 sunt.
458 1881 559 1909 Verum
572 1881 705 1910 adversus
718 1882 790 1909 illam
805 1884 970 1912 atrocissimi
985 1885 1042 1920 qui-

254 1927 316 1954 dam
334 1927 426 1955 hostes
445 1927 556 1954 excitati
573 1931 646 1958 sunt,
663 1927 710 1961 qui
730 1928 872 1956 domestici
894 1929 1041 1957 nominan-

255 1976 309 2003 tur,
325 1978 387 1998 cum
405 1970 439 1998 ad
455 1970 642 2005 apostolorum
657 1970 765 1999 Domini
781 1979 873 1999 veram
889 1972 1042 2001 sinceram-

254 2024 308 2051 que
328 2016 406 2043 ﬁdem
429 2016 504 2043 nullo
524 2015 605 2042 modo
620 2016 830 2050 perlineant;si
844 2018 916 2045 enim
932 2026 966 2045 ex
987 2019 1042 2047 illis

254 2067 359 2094 essent,
377 2069 438 2090 eum
461 2062 514 2089 illis
541 2062 635 2098 utique
653 2063 871 2097 permansissent
886 2063 908 2090 ‘.
927 2063 980 2091 Sed
998 2064 1042 2091 ni-

255 2107 354 2133 mirum
378 2106 466 2141 spurii
485 2106 597 2141 quidam
613 2113 646 2133 ac
666 2107 816 2141 promiscui
831 2108 938 2143 generis
953 2107 1043 2144 Egy-

1094 1203 1142 1230 xal.
1156 1203 1206 1229 οὐκ
1223 1203 1344 1237 ἔγνωσαν
1366 1202 1449 1229 αὑτοῦ
1462 1203 1507 1229 τὸν
1520 1202 1601 1237 φόϐον
1611 1223 1619 1235 ,
1631 1202 1660 1228 ὃν
1683 1201 1753 1236 ὁρῶν
1766 1203 1798 1229 ὲν
1813 1203 1886 1236 ἁγίῳ

1093 1249 1230 1283 Πνεύματι
1245 1268 1252 1280 ,
1279 1249 1373 1282 ἔλεγε,
1391 1249 1510 1283 φρίττων
1533 1248 1583 1284 τὴν
1608 1247 1689 1274 αὑτοῦ
1713 1247 1761 1274 τοῦ
1778 1248 1883 1282 Κυρίου

1094 1295 1242 1330 μέλλουσαν
1256 1294 1364 1321 ἔσεσθαι
1380 1294 1535 1329 οἰκονομίαν
1545 1313 1552 1326 ,
1567 1294 1653 1328 λέγων
1662 1301 1671 1310 ⁸
1687 1292 1784 1321 Εἶπεν
1795 1295 1812 1320 ὀ
1825 1294 1882 1320 K15—

1089 1348 1155 1373 ριος
1170 1339 1211 1371 τῷ
1224 1339 1322 1373 Kt'plq)
1334 1348 1404 1373 μου,
1418 1339 1517 1366 Κάθου
1532 1339 1568 1365 ἐκ
1581 1338 1688 1370 δεξιῶν
1698 1348 1767 1373 μου,
1786 1339 1835 1365 καὶ
1847 1339 1882 1365 τὰ

1092 1384 1166 1419 ἑξῆς.
1176 1384 1303 1410 Σάϐϐατα
1315 1385 1404 1411 τοίνυν
1417 1385 1451 1412 τὰ
1464 1385 1564 1419 ἀρχαῖα
1579 1383 1759 1419 παρελήλυθε,
1771 1384 1882 1410 Σάϐϐα-

1091 1438 1137 1456 τον
1150 1430 1178 1456 δὲ
1198 1430 1322 1465 ἀληθινὸν
1339 1431 1404 1466 παρ’
1423 1431 1489 1466 ἡμῖν
1515 1431 1690 1466 κηρύττεται.
1713 1430 1838 1465 Ἦργησε
1851 1430 1882 1456 δὲ

1093 1478 1110 1512 ἠ
1137 1476 1232 1511 πρώτη
1262 1476 1396 1511 περιτομὴ
1427 1476 1456 1501 ἓν
1495 1476 1575 1510 μέλος
1600 1476 1779 1510 σμικρότατον
1805 1485 1881 1511 περι-

1092 1522 1238 1557 τέμνουσα,
1250 1522 1356 1556 ὲνεργεῑ
1368 1521 1395 1548 δὲ
1408 1520 1436 1548 εὖ
1451 1522 1522 1556 μάλα
1536 1522 1552 1556 ὴ
1566 1522 1722 1556 ἐπουράνιος
1733 1522 1879 1557 περιτομὴ.

1093 1568 1152 1595 ὃλον
1174 1568 1204 1595 τὺ
1228 1568 1308 1600 σῶμα
1333 1568 1544 1603 περιτέμνουσα.
1564 1567 1604 1594 Τὰ
1622 1569 1675 1603 γὰρ
1691 1568 1776 1594 ὕδατα
1793 1568 1840 1594 καὶ
1860 1568 1879 1602 ἡ

1093 1615 1158 1648 ἁγία
1171 1614 1312 1649 ἐπίκλησις
1333 1614 1384 1641 οὐκ
1407 1615 1436 1640 ἐν
1462 1614 1500 1641 ἑνὶ
1523 1613 1597 1649 μέλει
1610 1614 1656 1640 τοῦ
1676 1614 1822 1649 ἀνθρώπου
1836 1614 1882 1647 γι-

1092 1668 1166 1686 νεται
1181 1679 1188 1691 ,
1217 1659 1274 1686 ἀλλ’
1291 1659 1351 1686 ΰλον
1371 1659 1402 1685 τὸ
1423 1658 1502 1693 σῶμα
1525 1659 1666 1694 ἀνθρώπου
1692 1659 1880 1691 καθαροποιεῑ,

1093 1704 1261 1740 περιτέμνει,
1278 1704 1387 1730 πάντων
1397 1703 1452 1730 τῶν
1463 1703 1556 1730 κακῶν
1569 1704 1744 1731 ἀπαλλάττει.
1765 1705 1798 1731 Ἡ
1814 1704 1881 1738 γοῦν

1092 1750 1157 1784 ἁγία
1193 1749 1340 1784 Ἐκκλησία
1365 1750 1502 1785 παρέλαϐε
1540 1749 1626 1776 ταῦτα
1656 1749 1690 1776 τὰ
1719 1751 1879 1785 μυστήρια’

1092 1794 1281 1829 ἐπανέστησαν
1297 1793 1325 1820 δὲ
1341 1794 1409 1828 αὐτῇ
1422 1794 1469 1820 καὶ
1486 1793 1568 1820 δεινοὶ
1579 1794 1670 1829 ἐχθροὶ
1685 1794 1816 1820 οῑκειακοὶ
1836 1794 1880 1820 λε-

1091 1839 1201 1874 γόμενοι
1211 1858 1219 1870 ,
1233 1839 1270 1874 μὴ
1283 1839 1359 1870 ὄντες
1370 1838 1398 1865 δὲ
1413 1839 1444 1865 ἐκ
1461 1839 1509 1873 τῆς
1521 1838 1575 1866 τῶν
1587 1839 1742 1866 ἀποστόλων
1759 1838 1807 1865 τοῦ
1821 1839 1879 1865 Ku-

1093 1885 1151 1920 ρίου
1176 1883 1292 1919 ἀληθοῦς
1307 1884 1423 1916 πίστεως
1434 1893 1442 1899 ·
1458 1885 1482 1910 εἰ
1504 1884 1558 1919 γὰρ
1570 1882 1640 1920 ἦσαν
1662 1884 1691 1916 ἐξ
1704 1884 1794 1910 αὐτῶν
1804 1904 1812 1916 ,
1829 1892 1880 1919 με-

1093 1930 1245 1965 μενήκεσαν
1268 1929 1301 1956 ἂν
1329 1931 1388 1965 μετ’
1403 1929 1503 1956 αὐτῶν.
1526 1929 1607 1956 Ἀλλὰ
1631 1929 1703 1956 νόθοι
1728 1929 1806 1960 ὄντες
1831 1929 1879 1956 καὶ

1092 1975 1240 2010 σύμμικτοι
1253 1994 1261 2007 ,
1288 1975 1437 2010 ἐπιθυμίαν
1460 1975 1549 2011 κακὴν
1575 1975 1627 2010 τῆς
1654 1974 1687 2001 δι’
1706 1974 1805 2009 ἰχθύων
1832 1975 1880 2002 καὶ

1092 2020 1194 2047 συκιῶν
1204 2020 1359 2054 Αἰγυπτίων
1370 2021 1470 2056 ὀδωδῆς
1482 2021 1563 2048 πάλιν
1574 2019 1747 2055 ὲπιθυμοῦσι.
1761 2019 1881 2054 βλασφη-

1093 2065 1206 2100 μοῦντες
1228 2066 1284 2093 ἄνω
1298 2066 1344 2092 καὶ
1368 2066 1443 2093 κάτω
1457 2066 1503 2093 τὸν
1522 2067 1586 2093 Υἱὸν
1603 2065 1650 2092 τοῦ
1665 2065 1734 2092 Θεοῦ
1746 2074 1752 2080 ·
1777 2066 1881 2100 Ἀρειο-

1094 2111 1222 2145 μαντταιι,
1250 2109 1297 2142 οὒς
1322 2111 1372 2146 ήδη
1394 2111 1423 2137 ὲν
1449 2112 1505 2142 τοῖς
1532 2111 1585 2146 πρὸ
1610 2110 1704 2137 τούτου
1719 2110 1810 2144 λόγοις
1823 2111 1879 2145 (24)

255 2152 374 2186 ptiorum
390 2151 487 2178 iterum
511 2151 626 2186 piscium
642 2159 675 2179 ac
695 2159 871 2180 cucumerum
888 2153 1042 2180 odorando-

1095 2155 1342 2191 ἑστηλιτεύσαμεν·
1374 2155 1449 2182 ἄλλοι
1473 2156 1502 2182 δὲ
1524 2156 1672 2182 Σαϐέλλιοι.
1698 2155 1754 2183 Καὶ
1780 2157 1804 2182 ot
1830 2156 1879 2190 μὲν

255 2204 315 2224 rum
335 2200 500 2232 praepostera
514 2196 667 2231 cupiditate
682 2201 821 2228 tenentur.
836 2196 928 2224 ac-Dei
940 2197 1040 2224 Filium

254 2242 368 2270 inﬁnitis
390 2241 493 2276 passim
518 2242 693 2270 contumeliis
718 2245 843 2269 onerant.
870 2241 950 2270 Tales
975 2246 1041 2270 sunt

253 2286 449 2318 Ariomanita),
469 2294 539 2321 quos
556 2286 583 2314 in
606 2276 793 2322 s‘lpcrioribus
816 2287 895 2314 libris
919 2287 1040 2322 proscri-

254 2334 369 2368 psimus.
386 2332 467 2361 Tales
483 2337 583 2361 suntet
596 2332 717 2361 Sabellii.
733 2332 785 2365 Qui
800 2332 907 2366 quidem
925 2331 1038 2360 Sabellii

255 2378 352 2405 Filium
370 2387 402 2406 ac
420 2378 551 2413 Spiritum
572 2384 696 2408 sanciunt
714 2386 827 2413 prorsus
841 2386 856 2406 e
873 2379 961 2406 medio
986 2379 1039 2406 tol-

254 2424 312 2451 lunt
325 2433 331 2451 :
345 2431 469 2452 asserunt
487 2427 559 2453 enim
575 2425 683 2458 Filium,
698 2426 785 2459 ipsum
802 2433 862 2452 esse
875 2424 997 2458 Patrem,
1013 2429 1040 2452 et

254 2470 373 2502 Patrem,
396 2471 485 2505 ipsum
497 2480 558 2500 esse
575 2471 687 2503 Filium,
704 2477 731 2498 et
745 2471 876 2506 Spiritum
894 2475 1020 2499 sanctum
1032 2491 1040 2503 ,

253 2515 342 2550 ipsum
361 2524 423 2544 esse
442 2517 571 2545 Patrem:
588 2524 722 2552 nusquam
736 2522 766 2544 ut
780 2517 816 2546 sit
830 2516 914 2545 Filius
930 2525 961 2545 ac
978 2518 1041 2552 Spi-

290 2605 299 2622 ι
310 2604 383 2634 Psal.
398 2613 484 2638 xxxii,
500 2605 526 2632 6.
565 2606 575 2620 ⁸
595 2604 663 2632 Gen.
680 2613 736 2638 xix,
753 2605 799 2634 24.

287 2695 341 2730 (2-1)
361 2696 414 2722 Ἐν
433 2694 495 2730 τοῖς
523 2693 580 2730 πρὸ
603 2694 710 2722 τούτου
733 2695 844 2730 λόγοις.
868 2693 1035 2730 Crediderim

251 2728 312 2758 esse
325 2728 491 2756 reddendum
504 2737 557 2755 non
573 2729 600 2755 in
622 2729 802 2762 superioribus
816 2729 891 2755 libris
902 2750 908 2759 .
926 2729 973 2756 sed
988 2736 1035 2763 po-

251 2766 306 2791 tius
321 2766 347 2791 in
362 2763 539 2797 superioribus
556 2764 634 2797 hujus
651 2763 713 2790 libri
731 2764 862 2797 partibus.
882 2763 940 2791 Non
964 2764 1036 2790 enim

251 2803 359 2826 constat
372 2798 552 2834 lipipltanium
567 2803 630 2826 aute
651 2799 812 2826 Ancomtum
835 2799 903 2827 alios
917 2798 1038 2826 edidisse

838 2605 849 2621 ³
862 2605 942 2633 Mich.
962 2613 988 2637 ν,
1008 2604 1025 2631 2
1039 2612 1101 2639 sqq.

1091 2199 1231 2226 Σαὸέλλιοι
1246 2199 1338 2227 τέλεον
1360 2199 1505 2235 ἀρνοῦνται
1528 2199 1574 2226 τοῦ
1595 2198 1665 2226 εἶναι
1680 2200 1726 2226 τὸν
1741 2199 1808 2226 Υιὺν
1832 2200 1881 2226 καὶ

1091 2244 1170 2278 ἅγιον
1194 2244 1307 2280 Πνεῦμα
1321 2264 1329 2277 ,
1357 2243 1480 2278 λέγοντες
1496 2244 1537 2271 ὅτι
1560 2245 1574 2271 ὁ
1591 2244 1655 2275 Υἱὸς
1679 2243 1760 2275 αὐτός
1776 2244 1849 2270 ἐστιν
1864 2244 1881 2269 ὁ

1092 2289 1204 2325 Πατὴρ,
1231 2289 1279 2317 καὶ
1306 2290 1321 2316 ὁ
1343 2290 1438 2325 Πατὴρ
1459 2290 1539 2321 αὑτός
1567 2291 1640 2317 ἐστιν
1665 2290 1776 2322 ὁΥῑδς,
1791 2289 1882 2316 καὶτὸ

1092 2335 1169 2368 ἅγιον
1192 2335 1304 2370 Πνεῦμα
1318 2336 1400 2366 αὑτός
1424 2336 1497 2362 ἐστιν
1523 2337 1536 2362 ό
1557 2336 1667 2371 Πατήρ·
1692 2336 1730 2367 ὡς
1756 2337 1793 2371 μὴ
1812 2334 1881 2361 εἶναι

1094 2381 1158 2407 Υἱὺν
1171 2381 1217 2407 καὶ
1238 2381 1315 2414 ἂγιον
1326 2381 1447 2416 Πνεῦμα.
1465 2381 1592 2415 Δεύτεροι
1612 2381 1746 2411 Ἰουδαῖοι,
1762 2380 1809 2406 καὶ
1825 2381 1882 2406 Κυ-

1095 2426 1227 2461 ριοκτόνοι
1240 2426 1464 2461 ἀπελεγχόμενοι.
1489 2427 1690 2461 Ἀρειομανῖται
1715 2426 1744 2451 δὲ
1763 2427 1788 2451 οἱ
1813 2426 1881 2451 πᾶν·

1094 2480 1148 2498 των
1165 2471 1359 2504 ἀσεϐέστατοι,
1375 2472 1400 2497 οἱ
1416 2471 1460 2497 τὸν
1477 2471 1539 2498 Yle
1553 2472 1608 2497 ἀπὸ
1620 2472 1668 2506 τῆς
1692 2470 1823 2506 πατρῴας
1837 2471 1881 2497 οὖα

1093 2517 1156 2549 σίας
1183 2517 1296 2553 διαιρεῖν
1326 2517 1374 2546 καὶ
1401 2517 1599 2552 ἀπαλλοτριοῦν
1628 2516 1802 2551 τολμῶντες,
1831 2516 1882 2542 οὐχ

1138 2603 1149 2620 ⁸
1163 2603 1215 2631 lsa.
1231 2611 1279 2638 vlt,
1292 2603 1336 2631 li.
1374 2604 1384 2620 '
1399 2603 1472 2631 Psal.
1490 2611 1546 2636 cur,
1562 2603 1588 2630 1.
1639 2603 1649 2619 ⁸
1662 2603 1672 2630 1
1686 2602 1767 2631 Joan.
1789 2612 1819 2635 ιι,
1835 2603 1882 2631 29.

1090 2694 1176 2721 libros
1203 2694 1334 2721 adversus
1349 2693 1534 2721 Ariomanitas
1559 2693 1616 2721 sive
1636 2692 1763 2720 Arianos.
1795 2693 1881 2721 Pana-

1091 2729 1160 2755 rium
1172 2747 1179 2760 ,
1197 2728 1241 2755 ubi
1259 2729 1378 2756 haeretici
1395 2729 1433 2755 illi
1447 2729 1633 2760 confutantur,
1648 2728 1880 2763 quemadmodum

1091 2771 1145 2790 non
1164 2764 1247 2791 semel
1265 2765 1438 2794 monuimus,
1465 2764 1575 2793 biennio
1598 2767 1743 2799 postquam
1758 2763 1879 2792 Ancona—

1092 2803 1146 2824 tum
1162 2798 1301 2832 emiserat,
1317 2798 1446 2834 scripsit.
