1939 3039
59 91 119 119 2'29

769 89 988 118 ANCORATUS.

1646 95 1701 124 ‘230

63 148 177 181 ἀξιοῦσι
198 147 244 176 τδν
269 149 334 177 Υἰδν
351 149 481 185 ὁμότιμον
501 146 570 176 εἶναι
584 148 625 184 τῷ
638 148 724 184 Πατρὶ
733 168 743 182 ,
754 148 815 175 οὐδὲ
829 148 862 176 ἐκ

916 148 985 176 ritus
1000 152 1131 182 sanctus;
1145 147 1232 176 Judaei
1251 149 1361 184 quidam
1377 150 1456 179 alteri
1466 158 1499 178 ac
1517 150 1624 179 Domini
1636 159 1700 187 par-

63 194 119 229 τῆς
148 194 244 226 οὐσίας
259 195 307 221 τοῦ
330 195 437 230 Πατρὸς
462 195 543 222 αὑτὸν
561 195 752 230 γεγεννῆσθαι.
770 194 862 221 ’Δλλοι

64 240 95 267 δὲ
121 240 227 267 τούτων
251 239 367 275 ἔκγονοι,
386 242 411 267 ot
431 241 484 276 πρὸ
505 241 599 267 τούτου
616 241 685 276 μετὰ
707 241 761 267 τῶν
775 241 863 268 ἄλλων

64 285 123 312 τῶν
153 285 361 321 προταχθέντων
376 306 383 317 ,
409 285 464 313 eme
491 286 561 314 κατὰ
593 287 738 318 Ἰουδαίους
764 287 863 319 αὐτοὺς

64 331 257 367 ἁπηρίθμουν,
278 332 341 363 τοὺς
350 331 578 367 βλασφημοῦντας
592 333 623 359 τὸ
637 332 714 366 ἅγιον
729 332 842 367 Πνεῦμα
852 339 860 347 ⁰

65 376 193 412 δεύτεροι
205 377 377 404 Σαδδουκαῖοι
403 378 450 404 καὶ
466 379 649 413 Σαμαρεῖται,
667 378 714 405 καὶ
728 377 861 412 ἄγνωστοι

66 422 164 456 νεκροὶ
182 423 228 448 καὶ
245 423 364 451 ἄπιστοι.

911 193 1014 221 ricidzg.
1032 194 1086 221 Sed
1106 194 1282 223 Ariomanitae
1304 199 1419 223 czetcros
1444 203 1540 224 omnes
1561 196 1699 232 impietate

913 243 1055 274 superant,
1071 239 1117 275 qui
1133 239 1232 268 Filium
1245 248 1260 268 a
1272 240 1353 269 Patre
1367 242 1521 270 Substantia
1538 243 1659 271 dividere
1671 247 1699 271 et

913 285 1070 313 abalienare
1087 286 1156 313 nihil
1173 286 1263 319 veriti,
1279 287 1412 322 aqualem
1430 287 1506 314 Patri
1522 287 1619 316 Filium
1635 296 1699 317 esse

913 329 1075 364 diditcntur;
1091 338 1142 358 nec
1153 338 1215 358 eum
1231 334 1329 366 putant
1343 339 1359 358 e
1374 331 1464 360 Patris
1475 339 1536 359 esse
1547 332 1698 360 substantia

913 377 1045 412 genitum.
1066 376 1119 404 Alii
1135 380 1200 404 sunt
1224 377 1334 404 illorum
1349 378 1423 405 velut
1446 378 1560 413 posteri.
1575 379 1622 413 qui
1635 383 1699 406 ante

915 423 968 451 hoc
991 426 1099 458 tempus
1122 423 1223 451 emersi
1256 431 1275 450 ιι
1298 427 1459 450 ceterorum
1485 431 1599 450 numero
1624 431 1700 451 com-

65 468 200 504 prehensi
217 473 296 496 sunt:
310 477 377 504 quos
397 469 501 497 utinam
515 470 585 498 inter
593 469 702 498 Iudaeos
714 470 790 506 121
803 470 899 498 saltem
915 478 1058 498 recensere
1073 469 1114 498 fas
1131 474 1220 498 esset:
1234 476 1297 497 nam
1313 469 1446 504 Spiritum
1463 475 1588 497 sanctum
1601 473 1701 496 contu-

68 514 161 542 meliis
180 520 338 549 aspergunt,
354 515 431 542 alteri
448 515 559 549 quidam
579 515 721 542 Saddncati
741 519 788 542 aut
808 515 961 547 Samaritae,
979 519 1006 542 et
1020 515 1132 542 obscuri
1150 513 1251 541 mortui
1263 517 1290 541 et
1305 513 1438 541 inﬁdeles.

104 561 180 588 PlZ'.
196 560 254 586 ’Ὶνα
269 561 297 587 δὲ
316 561 352 597 μὴ
365 561 409 588 διὰ
425 561 539 597 μέλανος
551 562 599 588 καὶ
614 562 715 596 χάρτου
729 561 778 592 τὰς
791 561 864 589 κατὰ

67 605 174 632 τούτων
194 606 347 640 μαρτυρίας
366 606 411 633 διὰ
433 606 531 633 πολλοῦ
554 606 753 642 ποιησώμεθα,
774 607 814 638 είς
831 606 862 634 τὸ

67 650 110 685 μὴ
137 651 299 685 περικακεῖν
320 651 384 683 τοὺς
412 651 668 686 ἀναγινώσκοντας,
695 651 860 686 ἀρκέσουσιν

67 696 174 727 αὐτοῖς,
192 695 378 728 Σαϐελλιανοῖς
390 696 440 732 μὲν
452 696 522 732 μετά
535 696 588 724 τῶν
600 697 686 724 ἄλλων
702 697 860 734 μαρτυριῶν

67 741 86 775 ἡ
105 740 244 775 μαρτυρία
261 739 308 766 τοῦ
330 740 461 776 Ἰορδάνου
473 761 482 773 ,
503 741 541 772 ὡς
556 741 605 777 ἠδη
619 739 705 768 εἷπον.
724 741 788 774 Υἱὸς
807 741 861 776 γὰρ

70 786 100 812 ὲν
130 785 251 822 Ἰορδάνῃ
280 786 387 821 ἀληθῶς
407 786 603 822 παραγίνεται,
630 786 696 818 Θεὸς
720 786 862 822 ἄνθρωπος

70 830 211 864 γεγονὼς,
232 831 261 858 οὐ
281 831 385 867 τροπὴν
402 831 539 863 ὑποστὰς,
556 831 625 858 ἀλλὰ
648 832 738 867 σάρκα
758 831 860 865 λαϐὼν,

70 876 101 902 οὐ
117 875 164 902 διὰ
178 875 336 910 σπέρματος
358 876 454 911 ἀνδρὸς
464 895 472 907 ,
487 876 545 903 ἀλλ’
558 876 612 903 ἀπὸ
625 876 676 911 τῆς
690 877 770 911 ἁγίας
789 877 863 912 Παρ-

71 921 150 947 θένου
166 921 246 956 σῶμα
258 921 412 956 ἀνειληφὼς
422 942 429 953 ,
450 922 484 948 δι’
497 921 576 956 ἁγίου
591 921 750 957 Πνεύματος
766 922 863 956 συλλη-

71 966 138 1001 φΟὲν
153 966 233 1002 σῶμα
249 966 368 998 τέλειον,
388 967 526 994 τουτέστιν
539 967 681 1003 ἄνθρωπον
696 967 798 994 τέλειον
811 967 863 1002 ψυ-

71 1014 104 1048 λῇ
121 1012 169 1039 καὶ
187 1012 305 1047 σώματι.
321 1013 436 1046 Γέγονεν
455 1010 503 1040 οὖν
519 1013 533 1038 ὁ
562 1012 628 1044 Θεὸς
651 1013 699 1039 καὶ
720 1012 863 1048 ἄνθρωπος

71 1057 140 1092 πρὸς
174 1057 301 1092 Ἰωάννην
331 1058 360 1084 ὲν
394 1057 434 1092 τῷ
465 1057 602 1094 Ἰορδάνῃ,
626 1054 666 1088 εἷς
693 1056 730 1084 ὢν
748 1057 762 1083 ὸ
783 1057 864 1087 αὐτὸς

70 1103 136 1135 Υἱὺς
163 1104 210 1130 καὶ
237 1103 355 1138 Χριστὸς
384 1103 431 1130 καὶ
457 1103 570 1139 Κύριος.
591 1103 685 1138 Πατὴρ
709 1103 737 1129 δὲ
761 1102 863 1130 ἄνωθεν

72 1149 122 1183 βοᾷ
132 1169 139 1180 ,
157 1148 304 1183 μαρτυρῶν
316 1148 354 1184 τῷ
367 1148 423 1184 Υίῷ
438 1148 476 1184 τῷ
490 1151 518 1175 ἐν
531 1148 569 1183 τῷ
592 1149 710 1184 Ἰορδάνῃ
727 1148 862 1182 γεγονότι·

72 1192 169 1227 οὗτός
184 1195 271 1221 ἐστιν
290 1196 306 1222 ό
325 1195 391 1228 Υιός
403 1204 462 1230 μου
479 1197 495 1222 ὁ
509 1195 668 1229 ἀγαπητός.
691 1195 727 1222 Τὸ
741 1195 770 1222 δὲ
787 1195 864 1229 ἅγιον

72 1238 187 1274 Πνεῦμα
204 1241 232 1266 ἐν
258 1240 322 1266 εῖδει
346 1241 509 1276 περιστερᾶς
538 1241 698 1267 κατέϐαινεν
723 1241 766 1267 ἐπ’
782 1240 864 1267 αὐτὸν

72 1285 112 1315 εἰς
132 1285 168 1310 τὰ
181 1283 266 1310 ὕδατα
279 1284 480 1320 κατεληλυθότα
496 1286 516 1318 ί,
537 1285 582 1313 ἵνα
595 1286 702 1321 καθαρὰ
714 1286 784 1313 αὐτὰ
798 1286 865 1312 ἀπο-

72 1328 146 1364 δείξῃ
165 1329 223 1363 (25)
234 1348 242 1360 ,
258 1329 351 1356 ἕνεκεν
366 1330 420 1356 τῶν
435 1330 585 1365 μελλόντων
600 1331 639 1362 εἰς
660 1331 744 1366 ὄνομα
757 1331 865 1366 Πατρὸς

72 1373 120 1399 καὶ
138 1372 204 1398 Υίοῦ
219 1373 266 1399 καὶ
281 1373 358 1406 ἁγίου
375 1373 533 1409 Πνεύματος
553 1373 747 1408 βαπτίζεσθαι”
761 1375 818 1406 τοῖς
835 1374 865 1401 δὲ

79 1419 230 1454 ’Δρειανοίς
255 1419 323 1453 μετὰ
339 1419 392 1445 τῶν
410 1419 610 1454 προλεχθεισῶν
623 1419 679 1454 (96)
701 1419 812 1454 ἀρκέσει
825 1419 864 1455 τῷ

73 1466 163 1491 εἰπεῖν
182 1464 227 1490 τὸν
246 1464 310 1491 Υίόν
323 1473 330 1480 ι
353 1465 424 1500 Ἐγὼ
438 1465 473 1492 ἐν
493 1465 533 1498 τῷ
548 1465 648 1499 Πατρὶ,
662 1465 711 1492 καί
731 1467 747 1492 ό
764 1464 864 1500 Πατὴρ

74 1513 107 1535 ἐν
124 1508 210 1543 ἐμοι·
238 1508 347 1544 ἰσότητα
371 1509 426 1544 γὰρ
449 1509 567 1536 ὲνταῠοα
587 1509 655 1545 πρὸς
677 1510 786 1545 Πατέρα
813 1511 865 1537 ἀπ·
879 1501 900 1530 c

74 1553 158 1586 ἔδειξε
181 1554 228 1581 καὶ
242 1553 418 1589 γνησιότητα.
435 1553 496 1585 Τοῖς
509 1554 632 1588 ἐκγόνοις
646 1554 700 1581 τῶν
719 1554 866 1590 Ἀρειανῶν

74 1601 130 1630 τοῖς
155 1600 184 1626 τὺ
200 1600 277 1634 ἅγιον
292 1599 404 1635 Πνεῦμα
426 1599 634 1634 βλασφημοῦσι,
659 1600 805 1635 ἀρκέσουσι
820 1600 866 1627 δύο

77 1645 226 1680 μαρτυρίαι
251 1646 280 1672 αἱ
301 1645 350 1680 ἠδη
379 1646 579 1681 προτεταμέναι
614 1646 684 1680 μετὰ
708 1645 757 1678 τὰς
783 1645 866 1678 ἄλλας

78 1690 246 1724 μαρτυρίας·
272 1690 321 1724 μία
335 1690 384 1725 μὲν
397 1690 451 1717 ἀπὸ
463 1690 509 1716 τοῦ
523 1691 622 1725 Δανιὴλ
637 1690 723 1722 οὓτως
746 1690 844 1726 ἔχουσα
857 1699 865 1706 ·

82 1735 125 1761 Ἐν
140 1736 172 1770 τῇ
186 1735 349 1770 καμίνῳτοῦ
364 1735 448 1771 πυρὸς
461 1736 579 1771 Σεδρὰχ,
592 1737 695 1767 Μισὰκ,
715 1736 866 1770 ’Δϐὃεναγὼ

77 1781 215 1813 αίνοῦντες
229 1781 274 1808 τὸν
289 1782 365 1813 Θεὸν,
379 1782 669 1817 συμπεριλαμῦάνουσι
687 1783 746 1818 μεθ’
762 1783 866 1809 ἑαυτῶν

76 1827 125 1860 τὴν
151 1827 240 1853 πᾶσαν
256 1818 303 1853 τοῦ
326 1827 393 1853 Θεοῦ
421 1827 528 1860 κτίσιν,
554 1828 600 1853 καὶ
616 1827 753 1861 λέγουσιν·
773 1829 868 1855 Εὐλο-

77 1871 170 1906 γεῒτε,
197 1871 294 1899 πάντα
318 1873 353 1900 τὰ
377 1872 449 1907 ἔργα
464 1873 593 1907 Κυρίου,
611 1872 665 1899 τὸν
681 1874 803 1907 Κύριονσ
820 1873 868 1900 καὶ

75 1917 233 1952 ὴρῖθμησαν
247 1917 377 1952 οὐρανοὺς
395 1918 441 1944 καὶ
455 1918 598 1952 ἀγγέλους,
614 1919 661 1945 καὶ
679 1918 803 1953 σελήνην,
820 1919 867 1944 καὶ

75 1962 162 1996 ἥλιον,
179 1963 226 1988 καὶ
239 1962 376 1997 δυνάμεις,
392 1963 444 1997 γῆν
460 1971 487 1989 τε
502 1963 549 1989 καὶ
557 1962 704 1995 θάλασσαν,
718 1963 764 1989 καὶ
777 1963 867 1989 πάντα

76 2007 111 2033 τὰ
124 2007 152 2033 ὲν
168 2007 258 2039 αὐτοῖς
271 2027 278 2039 ,
297 2008 343 2034 καὶ
363 2008 480 2043 οὐδαμοῦ
496 2008 559 2035 Υίὺν
570 2028 578 2042 ,
595 2009 643 2035 καὶ
664 2009 742 2042 ἆγιον
755 2008 868 2043 Πνεῦμα

77 2053 284 2088 συνηρίθμησαν
307 2055 368 2086 ταῖς
397 2055 513 2082 κτίσεσι.
539 2055 581 2082 Τὰ
608 2055 729 2091 σεραφὶμ
761 2054 868 2089 ἁγιάζει

76 2098 180 2133 Τριᾱιδα
196 2098 260 2131 ἴσως
275 2099 323 2134 οὐχ
338 2099 428 2133 ἅπαξ,
453 2100 484 2127 οὺ
507 2101 546 2132 δὶς
559 2121 567 2134 ,
592 2101 622 2127 οὐ
636 2101 765 2137 τέταρτον
777 2121 784 2134 ,
799 2100 868 2128 ἀλλὰ

76 2143 137 2177 τρὶς
152 2143 182 2169 τὸ
194 2143 290 2178 Ἄγιος
306 2144 431 2178 λέγοντα.

953 559 1058 588 CXVII.
1080 560 1178 588 Verum
1195 568 1231 588 ne
1246 559 1280 587 ad
1300 559 1363 587 illos
1380 559 1585 588 convincendos
1604 563 1700 586 aucto-

914 607 1010 635 ritates
1025 615 1057 635 ae
1072 606 1228 634 testimonia
1245 606 1354 641 longius
1367 613 1447 641 quam
1464 613 1514 641 par
1530 610 1572 633 est
1588 606 1700 642 scriptis

914 657 996 688 atque
1009 655 1163 679 atramento
1183 659 1345 686 prosequar,
1360 659 1394 678 ne
1410 650 1437 678 id
1459 651 1608 679 lectoribus
1626 651 1702 679 fasti-

914 697 988 732 dium
1010 697 1128 724 atterat:
1148 696 1281 724 adversus
1303 695 1474 724 Sabellianos
1495 696 1606 731 quidem
1629 697 1702 724 inter

915 743 968 770 alia
981 741 1139 770 testimonia
1155 741 1222 770 satis
1242 741 1294 769 erit
1315 741 1392 774 illud,
1413 740 1486 776 quod
1505 741 1539 768 ad
1553 740 1701 769 Jordanem

914 791 957 815 est
979 786 1096 819 editum,
1119 790 1150 813 ut
1166 790 1248 814 antea
1270 785 1337 814 dixi.
1361 785 1468 820 Quippe
1488 785 1574 814 Filius
1587 794 1650 814 vere
1665 786 1701 814 ad

911 829 1057 858 Jordancm
1079 829 1207 860 accessit,
1233 829 1303 857 Deus
1328 829 1410 868 homo
1437 829 1538 862 factus,
1557 830 1616 858 sine
1643 831 1702 858 ulla

912 880 1001 903 tamen
1015 874 1167 902 mutatione
1179 873 1233 907 sui,
1247 873 1295 902 sed
1308 881 1392 902 carne
1403 874 1536 902 duntaxat
1547 880 1701 911 assumpta,

911 928 974 949 cum
989 921 1064 948 nullo
1076 921 1155 956 plane
1171 921 1243 948 virili
1256 925 1316 948 satu
1331 921 1464 956 genitum,
1479 921 1527 950 sed
1542 924 1700 958 susceptum

911 974 927 993 e
942 966 1026 993 Maria
1042 965 1154 1002 Virgine
1168 967 1304 1002 integrum
1320 974 1421 1001 corpus
1435 967 1567 1000 induerit,
1584 967 1635 995 hoc
1646 972 1700 1000 est,

913 1011 1051 1038 hominem
1071 1019 1088 1038 θ
1105 1018 1221 1046 corpore
1248 1012 1394 1046 animaque
1421 1011 1581 1045 perfectum.
1611 1011 1702 1044 Quare

913 1055 986 1084 Deus
1002 1055 1072 1084 idem
1091 1060 1118 1084 et
1133 1057 1226 1088 homo,
1242 1064 1324 1089 unus,
1344 1056 1466 1091 inquam,
1487 1059 1514 1083 et
1529 1056 1599 1083 idem
1616 1055 1702 1084 Filius

914 1109 946 1129 ac
966 1102 1093 1130 Christus
1112 1106 1140 1130 et
1159 1102 1289 1130 Dominus
1304 1101 1402 1129 Joanui
1423 1109 1482 1129 sese
1500 1101 1534 1128 ad
1554 1100 1701 1128 Iordanem

915 1148 1022 1175 obtulit.
1048 1147 1129 1175 Pater
1142 1155 1208 1175 vero
1224 1148 1333 1175 caelitus
1347 1148 1505 1176 exclamans
1520 1147 1554 1174 de
1569 1146 1638 1174 Filio
1655 1147 1702 1181 qui

915 1193 948 1220 ad
972 1193 1117 1220 Jordanem
1140 1197 1210 1225 erat,
1236 1193 1286 1220 hac
1304 1201 1370 1221 voce
1391 1193 1572 1221 testiﬁcatur:
1590 1191 1642 1221 llic
1664 1196 1702 1221 est

915 1237 1004 1265 Filius
1019 1246 1091 1265 meus
1109 1238 1220 1265 dilectus
1235 1240 1254 1266 '.
1275 1237 1394 1273 Spiritus
1409 1238 1526 1274 denique
1546 1242 1659 1267 sanctus
1674 1239 1703 1267 in

914 1283 1039 1311 eumdem
1055 1291 1117 1310 cum
1132 1283 1166 1311 ad
1179 1291 1264 1319 aquas
1280 1283 1477 1315 descendisset,
1493 1284 1627 1311 columbte
1640 1293 1703 1319 spe~

915 1329 957 1356 cie
982 1329 1111 1363 delapsus
1135 1333 1188 1360 est,
1211 1329 1251 1356 uti
1278 1336 1361 1362 puras
1377 1328 1436 1356 illas
1457 1336 1542 1363 aquas
1561 1329 1589 1356 in
1607 1337 1702 1356 eorum

915 1375 1030 1410 gratiam
1050 1374 1217 1406 ostenderet,
1233 1374 1280 1409 qui
1295 1375 1323 1401 in
1336 1373 1435 1406 Patris,
1451 1374 1512 1401 Filii
1528 1382 1560 1402 ac
1582 1374 1705 1409 Spiritus

915 1421 1004 1448 sancti
1030 1421 1141 1447 nomine
1164 1420 1261 1448 iisdem
1281 1424 1375 1448 essent
1397 1420 1532 1447 initiandi.
1555 1419 1632 1453 Quod
1668 1421 1703 1448 ad

915 1464 1034 1492 Arianos
1049 1469 1164 1499 spectat,
1179 1465 1231 1492 hoc
1245 1465 1377 1493 adversus
1388 1472 1435 1493 eos
1450 1465 1518 1493 satis
1528 1473 1589 1493 esse
1602 1471 1704 1501 potest,

916 1510 989 1545 quod
1006 1510 1122 1545 ipsemet
1138 1509 1225 1537 Filius
1238 1510 1307 1537 dixit
1321 1519 1328 1537 :
1350 1510 1406 1544 Ego
1419 1510 1446 1536 in
1464 1510 1554 1543 Patre,
1578 1515 1603 1537 ct
1623 1510 1704 1538 Pater

915 1556 942 1582 in
960 1563 1001 1582 me
1022 1560 1061 1583 est
1073 1555 1092 1582 ³.
1110 1555 1216 1588 Quibus
1230 1555 1320 1582 verbis
1338 1555 1470 1590 aequalem
1486 1563 1547 1583 esse
1565 1555 1638 1583 Patri
1659 1555 1705 1583 Fi-

916 1601 981 1638 liupt
992 1608 1024 1629 ac
1036 1601 1186 1636 legitimum
1200 1601 1382 1628 demonstrat.
1396 1599 1463 1628 Nam
1479 1600 1612 1629 adversus
1625 1601 1707 1628 Aria-

915 1654 1013 1673 norum
1033 1649 1169 1680 posteros,
1187 1645 1234 1679 qui
1252 1645 1371 1680 Spiritus
1386 1646 1474 1672 sancti
1490 1646 1615 1681 dignitati
1634 1654 1706 1673 cnn-

916 1692 1063 1720 tumeliose
1082 1691 1241 1724 detrahunt,
1264 1691 1320 1718 duo
1338 1692 1384 1718 illa
1405 1692 1563 1719 testimonia
1579 1692 1706 1720 sufﬁcere

916 1742 1042 1773 possunt,
1067 1745 1128 1772 qua:
1148 1741 1210 1772 post
1231 1737 1283 1764 alia
1299 1737 1478 1771 subiecimus.
1496 1737 1619 1770 Quorum
1637 1739 1705 1765 alte-

917 1793 976 1811 rum
999 1791 1015 1811 c
1042 1783 1151 1810 Daniele
1177 1782 1368 1817 depromptum
1393 1786 1436 1810 est
1461 1783 1618 1816 hujusmodi
1634 1793 1642 1810 :
1659 1782 1704 1810 Si-

917 1829 1012 1860 drach.
1037 1828 1119 1854 Ilisac
1150 1831 1177 1854 et
1191 1827 1337 1861 Ahdenago
1362 1825 1445 1853 Deum
1468 1826 1497 1853 in
1511 1834 1643 1854 succensa
1659 1827 1706 1853 illa

918 1874 1029 1901 fornace
1053 1871 1252 1902 collaudantes.
1281 1871 1407 1898 conditas
1432 1871 1467 1898 ab
1483 1878 1515 1898 eo
1539 1879 1586 1899 res
1607 1879 1707 1900 omnes

917 1924 1010 1946 secum
1028 1915 1061 1942 ad
1079 1914 1282 1950 praedicandum
1303 1914 1346 1942 his
1360 1914 1452 1942 verbis
1469 1914 1586 1942 invitant
1600 1924 1606 1942 :
1623 1915 1706 1943 Bene-

916 1961 1006 1994 dicile,
1030 1960 1118 1987 omnia
1133 1966 1212 1992 opera
1224 1958 1344 1991 Domini,
1369 1958 1481 1986 Domino
1494 1959 1515 1987 ‘.
1533 1959 1602 1987 Tum
1620 1961 1707 1988 cmlos

917 2011 944 2034 et
959 2006 1078 2041 angelos,
1090 2009 1117 2032 et
1128 2004 1230 2035 iuuant,
1250 2007 1277 2031 et
1288 2004 1384 2035 solem,
1398 2008 1426 2031 et
1445 2004 1570 2037 virtutes,
1592 2009 1705 2038 terram,

918 2059 1002 2084 mare,
1024 2059 1055 2079 ac
1077 2049 1207 2085 quidquid
1229 2055 1261 2076 ea
1281 2049 1439 2081 continent.
1461 2048 1621 2084 singillatim
1637 2057 1708 2076 enu-

917 2102 1036 2131 merant;
1055 2096 1153 2124 Filium
1173 2103 1248 2128 vero,
1262 2102 1295 2122 ac
1311 2094 1443 2130 Spiritum
1461 2099 1587 2122 sanctum
1600 2102 1646 2122 res
1661 2094 1707 2121 in-

917 2148 959 2172 ter
977 2147 1083 2170 creatas
1100 2142 1226 2176 nuspiam
1249 2139 1383 2169 referunt.
1407 2140 1544 2169 Praeterea
1565 2140 1705 2176 seraphim

77 2188 237 2216 Trinitatem
248 2190 388 2224 aequaliter
399 2190 549 2223 celebrant,
564 2198 597 2219 ac
609 2199 664 2219 non
674 2192 758 2220 semel
771 2199 861 2227 neque
878 2190 922 2219 his
942 2197 1031 2225 neque
1058 2192 1154 2224 quale!
1166 2208 1174 2220 .
1200 2187 1248 2216 sed
1268 2191 1310 2216 te!
1335 2187 1458 2220 omnim),
1475 2187 1608 2221 saltm“,
1639 2194 1705 2222 ῐπο·

77 2235 206 2261 nuntiaut
218 2235 239 2262 ³.

112 2279 189 2305 PIH'.
215 2279 367 2314 Ἐλεγξάτω
385 2280 414 2307 δὲ
439 2280 520 2308 πάλιν
533 2281 644 2314 τούτους
664 2283 767 2319 Πέτρος
780 2283 864 2310 ἐπιτι-

955 2277 1071 2307 CXVIll.
1092 2275 1213 2304 Accedat
1227 2274 1262 2302 ad
1277 2274 1339 2302 illos
1358 2273 1516 2302 refutandos
1533 2274 1604 2302 Petri
1627 2275 1704 2303 insu<

77 2325 138 2360 μῶν
154 2326 210 2357 τοῖς
233 2327 297 2361 περὶ
320 2327 454 2360 Ἀνανίαν,
474 2328 521 2354 καὶ
545 2327 648 2363 λέγων’
677 2329 871 2363 Ἐπειράσατεν

75 2371 110 2398 τὸ
123 2371 210 2406 ἅγιον
225 2372 354 2406 Πνεῦμα.
373 2373 427 2399 Καί
443 2381 525 2408 φησί’
546 2374 606 2401 οὐκ
625 2374 799 2408 ἐψεύσασθε
812 2375 866 2401 ἀν-

76 2415 192 2450 θρώπῳ,
209 2417 289 2444 ἀλλὰ
304 2417 344 2450 τῷ
357 2416 426 2450 Θεῷ.
453 2418 484 2444 '0
498 2418 527 2445 δὲ
543 2418 703 2451 ’Δπόστολος
724 2418 803 2452 οἶδεν,
825 2420 864 2451 ὡς

918 2334 967 2361 per
983 2323 1151 2354 auctoritas,
1169 2321 1215 2356 qui
1232 2320 1365 2347 Anauiam
1381 2323 1408 2346 et
1425 2319 1588 2355 Sapphiram
1610 2321 1704 2354 objur-

915 2379 994 2408 θέμις.
1019 2369 1163 2400 Τιηίαδίὶε,
1187 2367 1299 2401 inquit,
1330 2365 1458 2400 Spiritum
1479 2371 1610 2393 sanctum.
1635 2366 1704 2394 Tum

917 2415 1029 2451 subjit-it
1043 2425 1050 2442 :
1064 2413 1125 2440 Non
1143 2411 1245 2439 mentiti
1263 2411 1326 2438 estis
1347 2410 1457 2442 homini,
1473 2410 1519 2437 sed
1535 2411 1586 2438 Deo
1599 2411 1620 2438 ‘.
1637 2412 1704 2439 ham

77 2462 125 2487 καὶ
141 2461 272 2494 πολλάκις
284 2462 408 2498 εἴπομεν,
423 2463 454 2489 τὸ
467 2463 579 2498 Πνεῦμα
595 2463 632 2499 μὴ
644 2464 782 2500 ἀλλότριον
793 2464 862 2492 εἶναι

916 2461 1179 2497 Apostolus,utsaapc
1186 2456 1352 2489 monuimus,
1359 2456 1488 2490 Spiritum
1497 2456 1574 2490 122
1581 2461 1706 2485 sanctum

77 2507 123 2534 τοῦ
138 2507 217 2540 Θεοῦ,
232 2507 334 2542 λέγων·
355 2508 480 2542 Ἐρευνᾷ
492 2509 542 2536 καὶ
557 2509 594 2535 τὰ
604 2509 686 2543 ,βάθη
703 2510 755 2536 τοῦ
774 2509 865 2536 Θεοῦ·

76 2553 108 2579 τὸ
121 2553 149 2580 δὲ
170 2553 208 2589 μὴ
220 2553 250 2580 ὃν
264 2554 296 2580 ἐκ
313 2554 362 2589 τῆς
378 2555 471 2587 οὐσίας
492 2555 540 2582 τοῦ
559 2555 638 2587 Θεοῦ,
663 2554 792 2582 ἀδύνατόν
808 2556 866 2582 ὲστι

115 2622 122 2635 ¹
144 2620 235 2647 Scrih.
250 2619 444 2655 κατεληλυϐός.
480 2622 491 2637 '
506 2621 599 2649 Matth.
617 2629 659 2655 ιιι,
676 2622 719 2649 Π.
758 2622 768 2637 ⁸
781 2621 860 2649 Joan.

916 2630 938 2653 ι’,
955 2622 999 2649 lt).
1039 2622 1050 2636 δ
1065 2620 1133 2646 Dan.
1149 2625 1191 2649 ιιι,
1206 2615 1241 2643 57
1255 2622 1317 2650 sqq.

79 2656 96 2682 5
109 2663 167 2690 sqq.
209 2656 218 2670 ⁷
234 2655 242 2680 Ι
258 2656 321 2682 Cor.
339 2663 368 2685 ιι.
385 2655 427 2681 ll).

115 2711 169 2745 (‘25)
189 2711 258 2738 Ἵνα
285 2711 399 2745 καθαρὰ
421 2711 496 2737 αὐτὰ
517 2710 671 2743 ἀποδείξῃ.
703 2709 764 2736 llmc
781 2709 862 2745 verba

80 2745 205 2773 Petavius
231 2745 349 2779 reddidit
368 2746 447 2772 modo
469 2746 607 2779 aliquanto
628 2746 735 2772 diverso
753 2752 784 2771 ac
801 2744 863 2770 rud-

81 2781 175 2809 dantur
191 2789 206 2808 ει
227 2778 391 2812 Thomasio;
410 2781 448 2807 ait
462 2778 534 2808 enim
551 2789 557 2806 :
576 2779 622 2807 Uti
645 2787 724 2814 parat
745 2779 804 2806 illos
824 2780 864 2805 la-

919 2516 936 2536 a
956 2508 1037 2535 Patre
1051 2513 1105 2533 non
1120 2504 1238 2531 alienum
1255 2509 1316 2529 esse
1331 2505 1434 2532 censet,
1451 2509 1512 2529 cum
1529 2509 1589 2529 eum
1606 2504 1711 2531 asserit.

920 2553 968 2581 Dei
984 2551 1116 2587 profunda
1127 2547 1274 2578 scrutari".
1285 2546 1352 2574 Nam
1370 2546 1440 2583 quod
1456 2554 1472 2574 e
1488 2547 1640 2574 substantia
1659 2548 1706 2575 Dei

1371 2614 1380 2630 '
1395 2613 1446 2641 lsa.
1463 2621 1502 2645 vr,
1515 2614 1542 2642 5.
1581 2616 1664 2642 “Act.
1679 2625 1706 2648 v,

918 2710 980 2736 tices
996 2709 1022 2736 in
1038 2717 1128 2735 eorum
1143 2709 1257 2743 gratiam
1271 2706 1390 2741 ιἸῙίι-ενει,
1401 2705 1461 2743 qui:
1473 2707 1527 2743 etc.

934 2743 1008 2804 ὁθξῧ)
1035 2737 1190 2804 ιρῖιιιιιῖιιιι
1217 2737 1323 2770 videtur
1348 2737 1568 2774 προλεχθέντων,
1591 2744 1618 2766 et
1643 2746 1704 2765 mor

960 2779 1057 2804 ειπεῖν.
1087 2778 1152 2804 'un.

917 2786 948 2804 το
960 2786 1057 2805 ειπειν.
1075 2786 1152 2804 ιυιτ.
