1939 3039
216 124 266 152 ‘25!

914 119 942 147 S.
963 119 1134 148 EPlPllANli

1795 121 1856 150 259.

220 190 274 211 non
299 185 352 211 est.
376 180 436 215 ejus
456 178 590 213 profunda
614 181 730 204 scrutari
752 184 806 203 non
833 181 930 212 potest.
957 177 1012 205 Nos

1070 178 1099 204 τὰ
1116 177 1196 210 βάθη
1223 176 1273 204 τοῦ
1302 177 1376 203 Θεοῦ
1403 177 1538 211 ἐρευνᾷν.
1571 178 1666 212 Ἡμεῖς
1688 177 1715 205 δὲ
1737 179 1856 215 οἴδαμεν

195 236 196 239 ‘
220 229 304 264 igitur
321 226 431 253 Patrem
445 226 602 260 proﬁtemur
615 231 677 251 esse
690 223 796 250 Patrem
811 231 817 255 ς
835 222 946 255 Filium,
964 223 1008 249 Fi-

219 274 303 306 lium;
332 271 463 306 Spiritum
493 274 616 296 sanctum
646 269 764 303 denique
791 269 923 303 Spiritum
948 275 1009 296 esse

219 323 344 346 sanctum
358 326 364 343 :
383 317 435 343 hoc
450 320 501 345 est,
518 314 681 342 Trinitatem
698 315 725 341 in
745 315 849 342 unitate
881 315 1008 349 positatn.

220 362 373 398 Singularis
389 362 488 396 quippe
504 360 592 387 Patris
608 368 638 387 ac
655 359 716 387 Filii
737 364 764 387 et
785 360 904 395 Spiritus
921 361 1009 387 sancti

219 409 311 435 unitas
331 412 386 439 est,
411 414 464 433 una
483 406 648 439 substantia,
671 406 828 433 dominatus
847 413 935 437 unus,
956 414 1010 432 una

218 454 359 479 voluntas:
371 460 425 479 una
440 451 573 482 Ecclesia,
588 451 733 485 baptismus
750 459 828 483 unus,
845 459 898 477 una
912 450 977 484 ﬁdes
989 451 1009 477 ¹.

219 497 391 532 Proindequc
409 497 537 524 desinant
554 497 599 523 isti
617 500 741 523 sanctam
757 496 860 523 Christi
877 496 1010 531 virginem

219 550 252 570 ac
272 542 455 570 castissimam
477 549 636 577 oppugnare
655 549 796 576 sponsam,
820 546 944 575 matrem,
967 542 1012 569 in-

219 597 315 624 quam,
332 592 455 615 nostram
475 588 642 621 Ecclesiam;
665 587 744 622 cujus
769 588 814 615 lilii
833 596 849 615 a
872 589 1013 616 sanctissi-

219 636 271 662 mis
283 636 341 662 suis
352 634 490 666 Patribus,
500 634 551 660 hoc
561 638 604 660 est
627 634 768 668 apostolis,
783 641 844 660 cum
856 633 1012 660 custodien-

218 681 280 708 dam
302 681 392 713 ﬁdem,
413 685 471 707 tum
487 680 544 707 suis
559 687 667 714 quoque
685 679 778 706 liberis
802 678 963 706 tradendam
981 687 1012 706 ae

219 727 420 762 praedicandam
441 729 618 760 acceperunt.
641 726 762 757 Quorum
785 733 800 752 e
823 725 940 751 ﬁliorum
961 733 1012 752 nn-

221 781 298 800 mero
313 773 375 799 date
389 779 498 806 operam
511 775 541 797 ut
554 771 625 802 siti5,
641 771 739 797 fratres
754 770 922 801 charissimi.
937 777 1012 796 eam-

220 817 334 851 demque
353 815 505 842 doctrinam
522 816 549 841 in
568 815 667 842 liberos
688 817 795 841 vestros
817 813 1009 840 lransl‘unditc.

1061 224 1172 258 Πατέρα
1197 223 1317 257 Πατέρα⁷
1344 223 1406 250 Yle
1429 223 1503 255 Υἰὺν,
1528 223 1604 257 ἆγιον
1629 224 1741 259 Πνεῦμα
1774 226 1857 259 ἆγιον

1061 268 1183 303 Πνεῦμα,
1206 268 1308 303 Τριάδα
1333 268 1362 295 ἐν
1383 268 1497 304 ἑνότητι.
1523 269 1581 295 Μία
1604 268 1659 304 γὰρ
1675 269 1771 305 ἑνότης
1794 272 1857 297 ἐστι

1061 313 1167 349 Πατρὸς
1183 313 1229 340 καὶ
1246 313 1311 340 Υίοῦ
1329 314 1375 340 καὶ
1397 314 1475 348 ἁγίου
1500 314 1668 349 Πνεύματος,
1694 315 1743 350 μία
1761 315 1856 349 obuia,

1063 360 1111 395 μία
1133 361 1270 396 κυριότης,
1289 359 1318 387 ἓν
1342 360 1462 394 θέλημα’
1480 360 1528 395 μία
1550 360 1696 396 Ἐκκλησία
1708 381 1716 393 ,
1742 360 1778 388 ἓν
1791 361 1855 393 ,βά-

1061 413 1185 440 πτισμιι,
1209 405 1264 439 μία
1285 406 1397 438 πίστις.
1425 405 1477 432 Καὶ
1505 405 1705 432 παυσάσθωσαν
1729 407 1754 432 οἱ
1783 408 1860 434 κατὰ

1060 451 1111 485 τῆς
1124 450 1203 484 ἁγίας
1220 450 1355 485 παρθένου
1369 450 1417 477 τοῦ
1427 450 1556 486 Χριστοῦ,
1573 451 1620 476 καὶ
1631 450 1739 485 νύμφης
1754 451 1858 488 ἁγνῆς,

1060 497 1184 522 τουτέστι
1201 497 1250 531 τῆς
1268 496 1370 531 μητρὸς
1395 497 1473 531 ἡμῶν
1497 496 1547 531 τῆς
1569 497 1648 530 ἁγίας
1677 497 1858 531 Ἐκκλησίας.

1061 541 1220 577 Παρέλαϐον
1232 541 1286 577 γὰρ
1309 542 1334 568 ol.
1350 541 1452 577 ταύτης
1470 542 1563 573 παῖδες
1578 542 1653 577 παρά
1669 542 1754 576 ἁγίων
1767 543 1859 569 Πατέ-

1062 596 1128 622 ρων,
1147 587 1270 613 τουτέστι
1287 587 1339 613 τῶν
1358 587 1443 620 ἁγίων
1459 588 1625 621 ἀποστόλων,
1644 588 1735 615 πίστιν
1751 588 1858 622 φυλάτ-

1061 641 1117 659 τειν
1129 641 1135 648 ·
1158 633 1217 668 ἅμα
1235 633 1263 659 δὲ
1287 633 1334 659 καὶ
1350 634 1406 664 τοῖς
1430 633 1535 660 ἑαυτῶν
1551 634 1656 665 τέκνοις
1677 634 1859 669 παραδιδόναι

1061 686 1091 703 τε
1117 678 1163 703 καὶ
1189 677 1382 711 ἀπαγγέλλειν.
1407 678 1451 711 Ἐξ
1466 674 1503 704 ὧν
1520 679 1568 704 καὶ
1592 679 1669 705 αὐτοὶ
1691 679 1745 704 υἱοὶ
1764 679 1859 714 ὑπάρ-

1061 731 1135 757 χετε,
1157 722 1318 757 τιμιώτατοι
1335 723 1455 757 ἀδελφοὶ,
1477 723 1523 750 καὶ
1547 725 1604 755 τοῖς
1630 724 1733 750 ἑαυτῶν
1748 724 1860 755 τέκνοις

1062 766 1163 801 ταύτην
1180 768 1229 802 τὴν
1253 767 1427 795 διδασκαλίαν
1448 769 1637 803 παραδιδόατε.
1658 769 1751 796 Ταῦτα
1768 769 1860 800 οὕτως

1062 811 1197 845 λέγοντες,
1214 811 1260 838 καὶ
1274 811 1308 838 τά
1324 812 1429 844 τούτοις
1447 813 1526 847 ὅμοια
1549 814 1602 839 ἀπὸ
1614 813 1668 840 τῶν
1681 813 1762 840 θείων
1785 815 1855 850 Γρα-

220 862 283 889 llaec
297 869 356 896 qua:
375 861 508 887 hactenus
526 860 599 892 dixi,
621 862 704 893 atque
727 859 769 886 his
793 859 893 885 similia
915 859 1018 892 prmdii

1070 856 1122 890 ρῶν
1137 856 1285 890 βεϐαιῶσαι
1301 857 1399 888 αὐτούς
1415 866 1445 884 τε
1468 858 1514 884 καὶ
1532 859 1595 890 τοὺς
1616 859 1763 894 ἀκούοντας
1778 860 1860 893 ὑμῶν

220 907 318 940 cando,
336 910 416 940 atque
431 913 445 932 e
460 905 546 932 sacris
569 904 679 931 Litteris
699 903 881 938 vosmetipsos
907 904 1016 930 audito-

221 960 320 986 resque
339 957 444 978 vestros
465 950 627 977 conﬁrmare
669 948 803 981 docendo,
831 949 1015 980 instituendo,

222 996 387 1024 moderando
404 995 483 1022 linem
505 995 607 1021 nullum
627 994 718 1024 l'aette,
736 993 828 1021 ﬁdeles
841 998 868 1020 et
884 994 1013 1020 catholici

221 1042 282 1068 Viri.
305 1041 420 1076 Pergite,
435 1041 557 1074 inquam,
578 1044 700 1067 sanctam
717 1039 787 1065 hanc
811 1039 939 1067 Ecclesia:
955 1047 1019 1066 con-

223 1093 334 1114 servare
356 1086 446 1116 ﬁdem,
462 1093 543 1119 quam
559 1088 734 1112 sacrosancta
752 1091 783 1110 ac
801 1084 953 1118 singularis
971 1083 1017 1110 Dei

225 1131 301 1166 virgo
318 1132 352 1158 ab
370 1131 500 1166 apostolis
523 1130 628 1157 Domini
654 1130 706 1157 sibi
729 1129 861 1157 creditam
885 1129 1016 1164 accepit:

225 1175 350 1210 idemun
366 1174 571 1202 catechumenis
589 1174 718 1201 omnibus
739 1173 785 1209 qui
804 1174 836 1200 ad
853 1174 1017 1208 baptismum

226 1229 288 1249 sese
302 1225 472 1256 comparant,
499 1221 634 1247 inculcate
657 1220 811 1254 diligenter.
837 1219 931 1254 Neque
954 1219 1018 1246 ﬁliis

229 1266 331 1293 vestris
342 1266 370 1292 in
383 1265 497 1292 Domino
513 1264 538 1290 id
555 1264 701 1299 prmciperc
715 1264 847 1290 duntaxat
862 1267 891 1289 ut
906 1262 1018 1289 credant

228 1315 346 1346 oportet,
364 1310 412 1337 scd
426 1315 452 1336 et
464 1310 526 1336 illos
539 1309 637 1336 docere
652 1313 681 1335 ut
694 1309 763 1334 hanc
779 1308 922 1334 formulam
937 1315 1018 1342 quant

229 1360 350 1383 vestrum
368 1359 549 1388 nostrumque
572 1354 694 1380 omnium
715 1357 802 1379 mater
825 1353 1017 1387 amplectitur,

230 1408 359 1435 expresse
375 1399 530 1433 diserteque
544 1398 637 1425 dicant
653 1407 660 1425 :

267 1445 358 1473 CXIX.
379 1445 522 1473 Credimus
547 1445 572 1471 in
593 1452 677 1470 unum
703 1443 785 1471 Deum
804 1443 910 1470 Patrem
932 1444 1019 1470 muni-

1068 901 1247 933 διδάσκοντες,
1269 902 1462 934 ὁδοποιοῦντες,
1484 904 1675 939 κατηχοῦντες,
1701 905 1738 940 μὴ
1754 905 1859 932 διαλεί-

1069 955 1147 982 πητε,
1161 948 1185 973 οἱ
1202 948 1292 974 πιστοὶ
1306 948 1353 974 καὶ
1367 948 1512 983 ὸρθόδοξοι,
1525 950 1627 984 ταύτην
1642 950 1691 984 τὴν
1704 950 1787 983 ἁγίαν
1810 951 1858 976 πί-

1069 1001 1127 1018 στιν
1150 992 1199 1027 τῆς
1225 992 1370 1028 καθολικῆς
1404 993 1577 1028 Ἐκκλησίας,
1600 994 1637 1025 ὠς
1661 995 1818 1029 παρέλαὸεν
1841 997 1859 1031 ἡ

1069 1037 1134 1070 ἁγία
1156 1037 1203 1064 καὶ
1225 1038 1292 1072 μόνη
1310 1038 1444 1073 παρθένος
1468 1038 1515 1064 τοῦ
1530 1039 1597 1065 Θεοῦ
1621 1039 1674 1066 ἀπὸ
1696 1040 1750 1066 τῶν
1772 1041 1860 1074 ἁγίων

1069 1082 1223 1108 ἀποστόλων
1234 1083 1281 1108 τοῦ
1297 1083 1398 1118 Κυρίου
1415 1083 1572 1117 φυλάττειν’
1586 1084 1632 1110 καὶ
1644 1084 1730 1116 οὓτως
1743 1086 1859 1111 ἕκαστον

1068 1127 1122 1153 τῶν
1138 1129 1347 1163 κατηχουμένων
1369 1129 1423 1155 τῶν
1447 1129 1597 1163 μελλόντων
1613 1129 1652 1164 τῷ
1666 1130 1736 1166 ἁγίῳ
1753 1131 1860 1166 λουτρῷ

1069 1173 1210 1209 προσιέναι
1235 1175 1266 1200 οὐ
1293 1175 1371 1209 μόνον
1399 1175 1580 1209 ἀπαγγέλλειν
1601 1176 1721 1210 ὀφείλετε
1751 1177 1782 1203 τὸ
1812 1187 1858 1204 πι-

1070 1219 1176 1245 στεύειν
1193 1221 1250 1251 τοῖς
1272 1220 1377 1247 ἑαυτῶν
1394 1221 1461 1252 υίοῖς
1474 1222 1502 1247 ἐν
1516 1222 1621 1257 Κυρίῳ.
1637 1222 1704 1248 ἀλλά
1718 1223 1766 1249 καὶ
1787 1223 1861 1250 διδά-

1070 1272 1145 1290 σκειν
1161 1265 1250 1300 ῥητῶς
1270 1265 1308 1297 ὡς
1322 1266 1430 1293 πάντων
1446 1267 1463 1302 ἡ
1482 1267 1550 1302 αὑτὴ
1569 1269 1659 1304 μήτηρ
1675 1268 1752 1304 ὑμῶν
1767 1278 1797 1295 τε
1813 1269 1864 1296 καὶ

1069 1310 1085 1344 ἡ
1090 1310 1159 1344 μῶν,
1173 1310 1203 1336 τὸ
1219 1311 1320 1345 λέγειν·

1104 1443 1177 1469 Ρ1Θ’.
1199 1444 1366 1480 Πιστεύομεν
1389 1447 1429 1477 εἰς
1455 1446 1502 1473 ἕνα
1522 1446 1598 1480 Θεὸν,
1626 1448 1735 1484 Πατέρα
1761 1459 1861 1478 παντο»

233 1495 384 1527 potentem,
411 1491 541 1517 factorem
560 1489 622 1516 σαειί
644 1493 671 1515 ct
691 1493 779 1521 terrm,
796 1489 944 1516 visibilium
962 1497 1018 1516 om-

1070 1489 1200 1524 κράτορα,
1229 1490 1344 1525 ποιητὴν
1367 1491 1482 1527 οὐρανοῦ
1498 1501 1527 1519 τε
1551 1494 1597 1520 καὶ
1621 1494 1682 1529 γῆς,
1705 1496 1814 1530 ὁρατῶν
1830 1507 1859 1524 τε

234 1538 308 1564 nium
327 1541 354 1563 et
368 1535 556 1562 inrisibilium.
575 1534 605 1560 Et
623 1535 649 1560 in
667 1542 751 1561 unum
769 1534 911 1561 Dominutu
927 1535 1019 1562 Jcsum

234 1582 374 1609 Christum
388 1580 486 1606 Filiqu
504 1579 548 1605 Dei
568 1579 752 1614 unigenitum;
776 1587 808 1606 ex
825 1579 906 1606 Patre
928 1584 1020 1606 natum

236 1630 299 1652 ante
315 1625 407 1651 omnia
425 1624 537 1653 saecula;
553 1625 604 1651 hoe
617 1628 669 1657 est,
688 1632 720 1651 ex
742 1625 896 1652 substantia
912 1625 1000 1653 Patris
1011 1646 1019 1657 ,

238 1672 329 1698 lumen
342 1671 376 1697 de
392 1670 505 1700 lumine,
522 1670 605 1696 Deum
625 1677 718 1697 rerum
735 1671 768 1697 de
792 1671 845 1697 Deo
859 1678 934 1702 vero,
951 1671 1023 1705 geni-

236 1720 363 1749 tunt,n0n
375 1715 488 1747 factum,
505 1715 766 1742 consulmtantialem
781 1716 870 1742 Patri:
884 1724 931 1750 per
941 1724 1021 1751 quem

237 1764 327 1788 omnia
342 1761 410 1791 facta
425 1764 489 1788 sunt
501 1767 561 1795 qum
574 1761 600 1787 in
616 1760 693 1788 caelis
707 1765 733 1787 et
753 1769 814 1795 qua:
826 1762 852 1787 in
874 1766 944 1788 terra
961 1769 1024 1787 con-

237 1807 368 1834 tinentur.
388 1806 439 1839 Qni
458 1810 567 1840 propter
588 1814 637 1833 nos
656 1806 780 1833 homines
796 1810 822 1834 et
842 1811 953 1841 propter
977 1814 1024 1833 no-

236 1855 321 1878 stram
340 1851 454 1878 salutem
475 1851 614 1878 descendit
638 1843 788 1884 deicwlis,
813 1855 839 1878 et
863 1852 1023 1879 incarnatus

235 1900 277 1924 est
292 1896 326 1923 de
348 1896 451 1931 Spiritu
469 1899 565 1923 sancto
588 1904 619 1923 ex
644 1895 727 1923 Maria
749 1896 870 1931 Virgine,
893 1901 921 1923 et
941 1897 1023 1924 homo

236 1942 326 1968 factus
344 1946 396 1969 est.
417 1941 571 1968 Cruciﬁxus
587 1942 669 1968 etiam
692 1949 740 1976 pro
758 1941 836 1969 nobis
856 1942 906 1969 sub
926 1941 1023 1968 Pontio

235 1986 334 2018 Pilato,
354 1994 451 2021 passus
466 1991 492 2014 ct
509 1987 634 2021 sepultus
651 1992 692 2014 cst
709 1996 716 2014 :
732 1991 759 2013 ct
776 1988 926 2014 resurrexit
943 1987 1024 2013 tertia

237 2031 282 2059 die
300 2032 448 2059 secundum
466 2031 641 2068 Scripturus;
668 2036 694 2059 et
717 2033 839 2060 ascendit
859 2033 886 2059 in
905 2033 1023 2064 coelum,

237 2081 264 2104 ct
282 2077 358 2104 sedet
379 2077 412 2103 ad
432 2077 572 2104 dexteram
593 2076 699 2110 Patris;
723 2082 749 2104 et
771 2077 868 2104 iterum
892 2082 1024 2105 venturus

234 2126 276 2150 est
299 2130 359 2149 eum
383 2123 467 2158 gloria
487 2122 612 2156 judicare
637 2122 714 2149 vivos
735 2126 762 2149 et
783 2128 921 2154 mortuos;
946 2123 1024 2158 123

1072 1535 1181 1561 πάντων
1195 1536 1242 1562 καὶ
1266 1537 1398 1571 ἀοράτων.
1423 1539 1478 1564 Καὶ
1494 1540 1534 1570 εἰς
1559 1540 1606 1565 ἕνα
1630 1540 1731 1578 Κῦριον
1756 1542 1862 1578 Ἰησοῦν

1071 1580 1188 1614 Χριστὸν
1210 1581 1255 1607 τὸν
1280 1582 1343 1609 Υἱὺν
1359 1582 1407 1609 τοῦ
1427 1583 1494 1610 Θεοῦ
1518 1584 1564 1610 τον
1589 1588 1730 1622 μονογενῆ,
1755 1588 1803 1614 τὸν
1829 1589 1862 1615 ὲκ

1072 1625 1118 1651 τοῦ
1146 1626 1252 1662 Πατρὸς
1269 1627 1433 1663 γεννηθέντα
1456 1629 1509 1664 πρὸ
1534 1630 1643 1658 πάντων
1666 1631 1720 1658 τῶν
1742 1632 1861 1666 αἰώνων,

1071 1671 1209 1697 τουτέστιν
1225 1673 1257 1698 ὲκ
1273 1672 1322 1707 τῆς
1333 1673 1428 1704 οὐσίας
1442 1674 1490 1700 τοῦ
1504 1675 1619 1709 Πατρὸς,
1638 1676 1696 1711 φῶς
1714 1677 1745 1703 ὲκ
1760 1678 1861 1712 φωτὸς,

1073 1712 1139 1739 Θεὸν
1167 1714 1292 1749 ἀληθινὸν
1321 1717 1353 1742 ἐκ
1383 1716 1450 1742 Θεοῦ
1480 1717 1616 1752 ἀληθινοῦ,
1641 1720 1815 1755 γεννηθέντα,
1831 1723 1861 1750 οὗ

1073 1759 1228 1793 ποιηθέντα,
1249 1760 1390 1794 ὸμοούσιον
1415 1762 1454 1796 τῷ
1476 1763 1580 1799 Πατρί·
1607 1764 1641 1790 δι’
1662 1761 1691 1791 οὗ
1714 1766 1748 1792 τὰ
1773 1768 1864 1797 πάντα

1073 1803 1190 1838 ἐγένετο,
1217 1806 1252 1831 τά
1278 1815 1307 1832 τε
1333 1807 1362 1833 ὲν
1382 1808 1438 1839 τοῖς
1452 1808 1577 1843 οὐρανοῖς
1596 1810 1641 1836 καὶ
1659 1810 1692 1836 τὰ
1710 1812 1739 1837 ὲν
1758 1813 1792 1847 τῇ
1809 1817 1860 1848 γῇ-

1074 1849 1119 1875 τὸν
1135 1850 1169 1876 δι’
1184 1851 1258 1885 ἡμᾶς
1270 1852 1332 1883 τοὺς
1354 1852 1515 1887 ἀνθρώπους
1531 1854 1578 1880 καὶ
1601 1855 1645 1881 διὰ
1659 1855 1707 1891 τὴν
1725 1857 1862 1894 ἡμετέραν

1075 1895 1212 1930 σωτηρίαν
1230 1897 1393 1924 κατελθόντα
1409 1899 1441 1924 ἐκ
1462 1899 1515 1925 τῶν
1538 1900 1670 1936 οὐρανῶν,
1684 1902 1731 1928 καὶ
1755 1911 1861 1938 σαρκω-

1075 1940 1154 1967 Θέντα
1169 1941 1201 1967 ὲκ
1214 1941 1371 1977 Πνεύματος
1382 1943 1459 1977 ἁγίου
1475 1945 1521 1970 καὶ
1532 1944 1638 1981 Μαρίας
1648 1946 1697 1981 τῆς
1711 1947 1861 1982 Παρθένου,

1075 1986 1122 2012 καὶ
1146 1987 1402 2022 ἐνανθρωπήσαντα,
1432 1989 1621 2024 σταυρωθέντα
1642 2000 1671 2018 τε
1695 1992 1766 2027 ὑπὲρ
1784 1994 1862 2028 ἡμῶν

1075 2032 1121 2058 ἐπὶ
1135 2032 1247 2058 Ποντίου
1264 2033 1391 2065 Πιλάτου,
1407 2035 1454 2061 καὶ
1469 2035 1597 2069 παθόντα,
1610 2036 1656 2063 καὶ
1672 2038 1802 2071 ταφέντα,
1817 2039 1862 2066 καὶ

1075 2078 1230 2105 ἀναστάντα
1246 2080 1279 2114 τῇ
1295 2079 1374 2115 τρίτῃ
1398 2080 1499 2115 ἡμέρα,
1517 2081 1588 2108 κατὰ
1606 2082 1656 2114 τὰς
1676 2083 1799 2118 Γραφὰς,
1816 2086 1862 2112 καὶ

1076 2123 1221 2151 ἀνελθόντα
1235 2125 1275 2156 είς
1299 2126 1363 2156 τοὺς
1376 2126 1524 2161 οὐρανοὺς,
1550 2128 1597 2153 καὶ
1621 2128 1805 2164 καθεζόμενον
1830 2131 1860 2157 ἐκ

233 2167 314 2201 cujus
329 2168 404 2202 regni
421 2175 475 2194 non
495 2167 548 2194 erit
563 2167 636 2194 linis.
661 2167 693 2193 Et
709 2168 734 2194 in
750 2167 882 2202 Spiritum
897 2172 1018 2195 sanctum

1075 2169 1169 2201 δεξιῶν
1189 2170 1234 2196 τοῦ
1250 2171 1365 2206 Πατρὸς,
1383 2171 1430 2198 καὶ
1444 2172 1524 2199 πάλιν
1538 2173 1684 2208 ἐρχόμενον
1701 2175 1771 2209 μετὰ
1784 2176 1861 2210 δόξης

234 2210 378 2238 Dominum
400 2215 428 2238 et
448 2211 640 2244 viviﬁcantem,
661 2213 707 2246 qui
729 2220 761 2239 ex
787 2211 866 2239 Patre
883 2213 1023 2247 procedit,

234 2257 280 2291 qni
298 2265 359 2283 cum
376 2256 456 2283 Patre
473 2260 500 2283 et
515 2255 583 2283 Filio
609 2257 688 2283 simul
706 2257 835 2283 aduratur
851 2262 877 2284 ct
892 2258 1024 2292 conglori-

236 2303 343 2333 lieatur,
359 2302 405 2336 qui
421 2302 529 2329 loctttus
542 2306 584 2329 est
597 2310 645 2337 per
663 2302 820 2336 prophetas.
837 2302 869 2329 Et
884 2303 912 2329 in
928 2311 1021 2336 unam,

235 2352 372 2379 sanctam,
400 2347 564 2375 catholicam
592 2352 620 2375 et
650 2348 829 2383 apostolicam
862 2348 1021 2376 Ecelesiam.

233 2392 402 2420 Conﬁtentur
423 2401 506 2420 nmnn
521 2393 657 2427 baptisma
675 2393 701 2420 in
720 2393 909 2421 remissionem
926 2402 1024 2429 pecca-

234 2442 336 2465 torum.
351 2439 548 2473 Exspectamus
563 2437 791 2465 resurrectionem
808 2442 978 2466 mortuorum
996 2443 1023 2467 et

235 2484 317 2509 vitam
334 2483 417 2509 futuri
436 2483 538 2510 saeculi.
555 2484 652 2511 Amen.
680 2483 733 2511 Eos
752 2491 817 2511 vero
840 2485 886 2519 qui
906 2485 1022 2512 dicunt:

235 2528 298 2555 Fuit
309 2528 456 2562 aliquando
470 2535 532 2555 cum
546 2537 599 2556 non
610 2533 697 2562 esset;
713 2535 751 2563 et,
764 2530 917 2566 Antequam
931 2531 1025 2566 gigne-

235 2578 310 2601 retur
323 2580 377 2600 aon
388 2577 461 2606 erat;
477 2574 546 2606 sive,
557 2573 594 2601 Ex
608 2583 661 2601 non
678 2575 851 2603 exstantibus
870 2576 959 2603 factus
971 2581 1023 2608 est.

233 2619 277 2646 vel
299 2625 332 2644 ex
357 2618 408 2644 alia
431 2619 569 2654 hypostasi
597 2619 638 2646 vel
663 2620 833 2654 substantia;
859 2621 960 2656 quique
978 2620 1024 2648 Dei

235 2663 334 2690 Filium
360 2664 487 2690 liuentem
516 2668 563 2691 aut
588 2666 747 2694 mutabilem
772 2674 833 2694 esse
856 2666 1023 2700 defendunt;

235 2709 286 2736 hos
300 2715 393 2737 omnes
405 2709 575 2738 anathemate
590 2710 700 2739 damnat
715 2713 852 2740 catholica
868 2716 895 2740 et
912 2717 1024 2747 aposto-

278 2785 288 2803 ¹
306 2785 405 2821 Epltes.
425 2795 460 2818 ιν,
480 2786 507 2815 5.

1072 2215 1164 2250 κρῖναι
1186 2214 1291 2247 ζῶντας
1315 2216 1362 2242 καὶ
1379 2217 1507 2252 νεκρούς·
1528 2215 1558 2245 οὗ
1578 2219 1627 2254 τῆς
1650 2218 1788 2254 βασιλείας
1812 2221 1861 2247 οὐκ

1074 2258 1149 2285 ἔσται
1166 2259 1252 2291 τέλος.
1277 2260 1332 2287 Καὶ⁸
1357 2261 1397 2292 είς
1418 2261 1448 2287 τὺ
1465 2261 1575 2297 Πνεῦμα
1596 2263 1625 2290 τὸ
1649 2263 1735 2298 ἅγιον,
1761 2266 1862 2300 Κυριον

1075 2304 1122 2331 καὶ
1144 2304 1292 2337 ζωοποιὸν,
1320 2306 1350 2331 τὸ
1373 2306 1405 2332 ἐκ
1429 2307 1476 2333 τοῦ
1502 2307 1609 2343 Πατρδς
1635 2309 1860 2346 ἐκπορευόμενον,

1074 2349 1104 2375 τὸ
1119 2349 1167 2376 σὺν
1183 2350 1269 2386 Πατρὶ
1286 2350 1331 2376 καὶ
1353 2350 1410 2386 Υίῷ
1423 2353 1717 2388 συμπροσκυνοῦμενον
1740 2355 1787 2381 καὶ
1803 2365 1863 2382 συν-

1074 2394 1261 2429 ὣξαζὸμενον,
1290 2396 1320 2422 τὸ
1342 2395 1461 2431 λαλῆσαν
1484 2397 1526 2424 διὰ
1548 2398 1602 2425 τῶν
1631 2400 1788 2435 προφητῶν.
1817 2401 1862 2434 Εἰς

1078 2439 1142 2474 μίαν
1159 2439 1240 2473 ἁγίαν
1256 2440 1403 2477 καθολικὴν
1419 2443 1465 2468 καὶ
1485 2443 1665 2479 ἀποστολικὴν
1688 2445 1861 2480 Ἐκκλησίαν.

1084 2484 1283 2521 ὐμολογοῦμεν
1308 2485 1337 2512 ἓν
1362 2487 1502 2522 βάπτισμα
1527 2490 1566 2520 είς
1589 2489 1685 2524 ἄφεσιν
1711 2491 1861 2526 ἁμαρτιῶν,

1078 2531 1272 2566 προσδοκῶμεν
1292 2532 1439 2559 ἀνάστασιν
1453 2534 1566 2569 νεκρῶν,
1583 2535 1631 2561 καὶ
1646 2535 1718 2571 ζωὴν
1735 2536 1781 2562 τοῦ
1800 2537 1862 2572 μέλ-

1077 2575 1169 2606 λοντος
1185 2576 1292 2608 αἰῶνος.
1314 2577 1410 2613 Ἀμήν.
1426 2579 1496 2611 Τοὺς
1510 2579 1538 2606 δὲ
1562 2579 1690 2614 λέγοντας
1702 2588 1708 2594 ·
1729 2579 1784 2608 Ἦν
1799 2591 1862 2609 ποτε

1077 2621 1121 2647 ὅτε
1135 2621 1185 2646 οὐκ
1200 2619 1244 2656 ἦν,
1260 2622 1315 2654 καὶ,
1332 2622 1401 2658 Πρὶν
1422 2624 1583 2658 γεννηθῆναι
1602 2625 1651 2651 οὺκ
1669 2623 1713 2660 ἧν,
1734 2625 1803 2660 ῆὸτι
1820 2627 1864 2660 Ἐξ

1076 2665 1126 2692 οὐκ
1149 2665 1234 2693 ὄντων
1251 2667 1399 2703 ὲγένετο,ἢ
1418 2669 1447 2701 ἐξ
1472 2669 1567 2705 ἐτέρας
1590 2670 1766 2702 ὑποστάσεως
1785 2671 1802 2706 ἢ
1818 2672 1863 2698 υί-

1077 2712 1147 2744 σίας,
1173 2713 1325 2748 φάσκοντας
1349 2712 1418 2740 εἶναι
1442 2716 1551 2750 ῥευστὴν
1566 2716 1582 2751 ἢ
1598 2716 1743 2744 ἀλλοιωτὸν
1758 2717 1804 2745 τὸν
1819 2717 1865 2744 τοῦ
