1939 3039
252 107 304 136 ΞΞἸ

938 101 968 130 S.
989 100 1157 129 EPlPilANll

1833 95 1895 124 223

253 167 343 196 rum'.
371 165 423 193 Sed
448 172 498 193 nec
513 165 580 192 illud
597 164 800 196 intellexerunt,
812 163 885 198 quod
901 163 928 190 in
945 163 1035 190 eodcn'

1094 162 1163 197 αὐτῇ
1192 160 1274 196 βίϐλῳ
1297 159 1379 195 ῥητοῦ
1393 179 1400 191 ,
1425 159 1466 186 ὅτι
1495 157 1614 192 Ἔϐρεξε
1628 157 1735 191 Κύριος
1762 156 1846 189 πῦρ,
1876 153 1894 180 ὁ

215 214 217 216 ’
252 213 322 240 libro
342 212 473 246 scriptum
489 215 550 238 est:
564 209 638 236 Ptuit
661 210 746 244 ignem
761 208 901 240 Dominus,
920 208 944 235 is
961 208 1044 234 uimi-

253 266 312 285 rum
335 258 381 293 qui
405 257 438 284 ad
458 257 643 284 Abrahamum
665 255 830 286 diverterat,
847 263 863 281 a
877 254 988 281 Domino
1012 253 1044 279 de

252 304 318 331 calo
327 305 348 336 ‘,
365 303 399 330 ab
416 310 449 330 eo
465 302 591 329 videlicet
611 301 659 336 qui
676 308 737 328 sese
753 300 873 328 miserat.
896 299 952 326 Nec
966 297 1042 325 illum

253 349 336 376 fuisse
361 351 521 382 cognorunt,
533 346 580 381 qui
596 354 626 373 se
640 346 673 373 ab
688 345 806 381 Egypto
821 345 964 372 liberarat.
987 342 1043 370 Nec

254 395 392 430 propheta:
408 400 502 420 vocem
519 393 594 419 illam
624 391 836 418 intellexerunt:
855 390 888 417 Et
906 394 934 416 tu
960 388 1042 416 Beth-

255 440 336 467 lclrem
363 447 526 474 nequaquam
551 438 660 464 minima
683 445 710 464 es
722 437 742 463 ³.
755 436 822 462 Nam
847 435 892 470 qui
924 435 1034 462 tandem

252 487 364 513 minima
382 486 425 512 illa
440 485 492 512 dici
505 487 604 519 potest,
619 491 679 518 quae
691 483 765 510 illum
776 482 889 517 ceperit,
905 481 952 516 qui
968 481 1039 508 caelo

253 537 379 566 terraque
393 529 585 565 comprehendi
601 537 654 556 non
669 528 774 564 potest?
787 527 852 555 Item
864 537 871 554 :
881 527 923 553 Ea:
940 531 964 553 te
975 527 1042 553 σανίσι

252 577 318 604 dum.
347 577 414 609 Quis
430 580 472 603 est
489 579 578 602 autem
598 574 643 601 ille
663 574 709 608 qui
731 573 906 600 Bethlehemo
923 573 1031 607 egredi-

253 624 318 651 tur?
332 622 417 649 Ilomo
433 625 484 648 est.
501 620 572 648 Deus
586 627 649 647 vero
665 627 713 646 cur
727 618 843 646 dicitur?

287 667 381 694 CXVI.
401 665 457 693 lioc
478 665 550 693 enim
573 664 612 691 illi
636 663 840 699 perturbantur.
863 662 935 697 quod
959 659 1035 690 Deus

252 713 324 740 idem
342 715 370 740 et
391 711 472 738 homo
492 710 537 738 sit.
555 709 622 736 Nam
645 709 672 735 in
695 708 806 736 eodem:
830 707 958 743 Egressus
982 707 1039 741 ejus

251 762 313 785 sunt
329 765 345 784 a
362 757 525 791 principio,a
539 754 718 790 procreatione
742 752 842 785 mundi,
866 753 945 788 120
965 753 1038 788 qttod

251 804 363 840 quidem
377 811 432 830 non
447 803 502 837 jam
521 801 554 828 ad
571 801 720 831 hominem,
731 799 777 826 sed
795 798 828 825 ad
845 798 929 825 Deum
942 798 1038 825 'rel‘er-

253 854 308 876 tur.
332 848 424 882 Neque
441 854 506 873 vero
527 846 607 873 istius
626 844 732 871 oraculi
755 843 954 870 recordantur:
971 842 1037 870 Ecce

252 894 323 928 uirgo
340 892 477 926 concipiet,
498 895 522 917 et
540 890 625 923 pariet
640 889 737 923 ﬁlium,
758 892 782 914 et
797 887 924 914 vocabunt
946 896 1038 914 nomen

250 939 308 973 ejus
326 937 513 964 Emmanuet‘.
529 935 606 969 Quod
621 935 745 966 verbum,
768 933 907 966 vacabunt,
931 935 1037 969 piorum

252 991 285 1010 ac
310 983 429 1010 fidelium
459 981 587 1009 Ecclesia:
619 980 735 1006 ﬁliorum
760 987 864 1007 morem
889 980 1036 1014 signiﬁcat.

251 1028 318 1055 Nam
333 1028 371 1061 hi,
391 1027 492 1054 Iudaeis
512 1026 615 1054 Christi
636 1024 742 1051 Domini
762 1025 983 1052 interfectoribus
1004 1025 1038 1052 de

251 1074 394 1101 Salvatore
412 1072 629 1103 sciscitantibus,
644 1079 694 1098 cur
709 1071 735 1097 in
749 1078 810 1098 eum
824 1071 871 1106 qui
884 1071 961 1097 cruci
979 1070 1038 1098 suf-

251 1118 322 1144 illus
336 1121 378 1144 est
392 1116 504 1144 credere
525 1123 585 1143 sese
614 1115 813 1150 proﬁteantur,
831 1115 867 1141 ita
886 1115 978 1143 ﬁdeles
993 1123 1038 1142 re-

251 1162 405 1198 spondent:
421 1162 466 1188 Ille
483 1162 541 1196 ipse
556 1161 603 1196 qui
625 1160 697 1195 apud
717 1168 765 1187 vos
779 1160 806 1187 in
826 1168 936 1187 crucem
959 1165 1037 1188 actus

251 1212 308 1241 est,
328 1208 462 1234 nobiscum
484 1207 554 1233 Deus
574 1211 623 1234 est.
644 1206 778 1232 Pncterea
799 1212 888 1240 neque
908 1205 1035 1233 Davidem

251 1253 375 1284 audiunt,
391 1259 441 1279 nec
462 1252 587 1278 timorem
613 1251 686 1278 illius
710 1251 876 1285 intelligunt,
892 1258 973 1285 quem
997 1251 1037 1277 vi-

251 1297 318 1324 dens
331 1304 379 1331 per
393 1295 523 1330 Spiritum
539 1299 664 1322 sanetum
681 1293 800 1325 dicebat,
818 1294 1036 1322 contremiscens

250 1341 372 1376 ejusdem
390 1340 496 1368 Domini
519 1340 639 1366 futuram
663 1339 893 1370 incarnationem,
917 1339 1034 1367 dicens:

251 1387 325 1414 Dixit
342 1386 469 1413 Dominus
485 1385 597 1411 Domina
616 1392 681 1416 meo,
702 1384 767 1411 Sede
783 1393 798 1411 a
812 1385 911 1412 dextris
928 1386 992 1412 meis
1004 1385 1034 1418 ⁵,

250 1437 305 1460 etc.
328 1432 396 1467 Ergo
418 1436 509 1458 vetera
532 1430 577 1456 illa
601 1429 719 1456 Sabbata
743 1431 933 1464 praeterierunt
956 1439 963 1457 :
987 1438 1036 1465 pro

1096 208 1164 243 πρὸς
1184 206 1310 242 ’Δὸραὰμ
1335 204 1491 240 ἐληλυθὼς,
1521 203 1601 238 παρὰ
1622 203 1733 236 Κυρίου
1751 202 1804 230 ἀπ’
1836 204 1893 230 οὑ-

1090 253 1187 288 parat";
1197 272 1205 284 ,
1219 251 1268 278 τοῦ
1282 251 1364 278 αὐτὸν
1380 250 1600 281 ἀποστείλαντος.
1615 249 1682 275 Οὐδὲ
1699 249 1824 282 ἔγνωσαν
1839 247 1892 274 αὒ-

1093 299 1139 326 τδν
1165 298 1213 324 ἀπ’
1231 296 1369 330 Αἰγύπτου
1393 295 1574 327 ἐκϐάλλοντα,
1603 293 1663 320 οὐδὲ
1690 293 1813 327 συνῆκαν
1839 293 1891 320 τοῦ

1093 343 1232 380 προφήτου
1253 341 1376 375 λέγοντος
1387 349 1395 356 ·
1413 339 1467 367 Καὶ
1485 339 1536 372 σὺ,
1550 337 1696 373 Βηθλεὲμ,
1716 338 1787 372 οὐχι
1815 339 1891 365 ἐλα-

1094 391 1193 425 χίστη.
1211 388 1273 420 tto;
1289 387 1343 422 γὰρ
1353 385 1408 413 οἷόν
1423 395 1452 412 τε
1459 384 1721 422 ἐλαχίστηνκαλεῖν
1735 385 1815 411 πόλιν
1831 394 1889 420 χως

1094 436 1216 471 ρήσασαν
1226 433 1254 460 ὃν
1269 432 1383 469 οὐρανὸς
1395 431 1442 458 καὶ
1453 432 1542 458 πάντα
1554 431 1651 466 χωρεῖν
1666 430 1696 456 οὐ
1706 430 1869 465 δεδύνηνται
1880 440 1887 461 ς

1093 481 1160 514 Καὶ,
1177 481 1215 507 ὅτι
1239 479 1286 504 Ἐκ
1302 478 1360 504 σοῦ
1387 485 1437 512 μοι
1452 477 1642 510 ἐξελεύσεται
1655 477 1836 511 ἡγούμενος.
1855 477 1888 503 Τί

1091 526 1120 552 δὲ
1145 526 1199 552 ἀπὸ
1213 523 1336 559 Βηθλεὲμ
1356 522 1554 559 ὲκπορεύεται;
1571 521 1627 549 Καὶ
1651 521 1794 557 ἄνθρωπός
1815 522 1887 553 ἐστι,

1091 571 1139 597 καὶ
1152 570 1210 601 πῶς
1222 569 1406 603 θεολογεῑταη

1125 653 1207 690 Ρῖςι.
1224 656 1361 691 Ταράσςει
1381 655 1481 687 αὐτοὺς
1501 656 1531 682 τὸ
1545 652 1614 682 εἶναι
1633 655 1700 681 Θεὸν
1713 654 1759 682 καὶ
1776 655 1887 689 ἄνθρω-

1090 708 1151 728 πον.
1172 700 1216 726 Ἐν
1227 699 1318 734 ταυτῷ
1333 698 1387 734 γὰρ
1400 718 1407 730 ,
1427 700 1462 726 Al
1475 699 1604 731 διέξοδοι
1618 699 1711 726 αὑτοῦ
1726 699 1884 733 ἁπαρχῆς,

1089 745 1149 772 ἀπὸ
1168 745 1294 777 κτίσεως
1313 744 1447 778 κόσμου’
1465 743 1545 770 τοῦτο
1568 743 1596 769 δὲ
1620 744 1670 770 οὐκ
1691 743 1764 770 ἐστιν
1787 744 1885 770 οὐκέτι

1090 792 1233 828 ἀνθρώπου
1244 811 1251 824 ,
1277 791 1344 818 ἀλλὰ
1357 790 1434 818 Θεοῦ.
1451 790 1488 817 Οὐ
1505 790 1652 826 μέμνηνται
1676 789 1720 821 δὲ,
1741 789 1783 816 ἇει
1807 788 1883 815 Ἰδοὺ

1089 837 1236 872 παρθένος
1253 837 1289 864 ἐν
1304 837 1408 872 ’μισ-τρὶ
1425 836 1504 868 ἕξει,
1521 835 1570 862 καὶ
1589 835 1705 867 τέξεται
1727 834 1794 861 υἱὸν
1806 855 1814 866 ,
1832 834 1884 860 καὶ

1089 884 1255 910 καλέσουσι
1278 884 1312 910 τὸ
1333 884 1427 917 ὄνομα
1448 882 1541 909 αὑτοῦ
1568 881 1764 916 Ἐμμανουήλ.
1787 882 1826 908 Τὸ
1839 881 1881 913 δὲ,

1089 929 1266 962 καλέσουσι,
1285 929 1413 964 σημαίνει
1427 928 1471 955 τὸν
1485 928 1586 964 τρόπον
1600 927 1653 953 τῶν
1667 927 1751 961 ἁγίων
1765 927 1814 953 καὶ
1833 936 1881 954 πι-

1089 974 1159 1001 στῶν
1179 973 1234 1001 τῶν
1253 973 1319 1000 υιῶν
1331 974 1382 1008 τῆς
1403 973 1575 1008 Ἐκκλησῖας.
1601 972 1808 1006 Ὲξεταζόμενοι
1825 972 1881 1007 γὰρ

1088 1020 1141 1047 ὑπὸ
1152 1020 1205 1047 τῶν
1221 1020 1410 1054 Κυριοκτόνων
1433 1019 1566 1046 Ἰουδαίων
1584 1019 1648 1054 περὶ
1671 1018 1716 1045 τοῦ
1732 1019 1875 1053 Σωτῆρος,

1088 1066 1129 1092 ὅτι
1154 1065 1216 1096 Πῶς
1226 1066 1265 1097 είς
1279 1065 1324 1092 τὸν
1340 1065 1532 1100 σταυρωθέντα
1543 1064 1732 1099 6μολογοῦσιν;
1746 1064 1877 1090 ἀκούουσι

1088 1111 1163 1146 παρὰ
1173 1110 1227 1137 τῶν
1241 1110 1330 1137 αὐτῶν
1343 1110 1458 1140 πιστῶν,
1475 1110 1515 1136 ὃτι
1528 1110 1595 1145 Παρ¹
1613 1110 1676 1144 ὑμῖν
1692 1109 1876 1144 ἐσταύρωται,

1084 1156 1150 1190 μεθ’
1160 1155 1244 1189 ἡμῶν
1253 1154 1281 1181 δὲ
1298 1156 1370 1188 aed;-
1379 1156 1454 1182 ἐστι.
1471 1155 1524 1181 Τοῦ
1538 1155 1564 1180 δὲ
1583 1154 1664 1181 Δαόὶδ
1676 1155 1725 1181 οὐκ
1744 1155 1875 1189 ἥκουσαν,

1088 1201 1135 1227 καὶ
1150 1201 1200 1226 οὐκ
1217 1200 1338 1234 ιἔγνωσαν
1361 1200 1443 1227 αὑτοῦ
1456 1201 1501 1226 τὸν
1514 1199 1595 1234 φόϐον
1605 1221 1612 1232 ,
1625 1199 1654 1225 ὃν
1677 1199 1746 1233 ὀρῶν
1760 1201 1790 1226 ὲν
1806 1200 1879 1233 ἁγίῳ

1087 1246 1224 1281 Πνεῦμα-τι
1238 1266 1246 1277 ,
1274 1246 1367 1280 ἔλεγε,
1385 1246 1504 1281 φρίττων
1526 1245 1577 1281 τὴν
1601 1244 1683 1271 αὐτοῦ
1707 1245 1753 1271 τοῦ
1771 1245 1876 1279 Κυρίου

1088 1292 1236 1327 μέλλουσαν
1250 1291 1358 1318 ἔσεσθαι
1375 1292 1529 1326 οἰκονομίαν
1539 1311 1546 1323 ,
1561 1291 1665 1325 λέγων·
1681 1289 1776 1318 Εἶπεν
1787 1293 1804 1318 ὁ
1819 1291 1874 1318 Κύ-

1082 1346 1149 1371 ριος
1164 1337 1205 1368 τῷ
1218 1337 1316 1370 Κιζρίφ
1327 1345 1398 1371 μου,
1412 1336 1511 1364 Κάθου
1525 1336 1562 1363 ἐκ
1576 1335 1682 1368 δεξιῶν
1692 1345 1761 1370 μου,
1779 1336 1828 1362 καὶ
1840 1336 1874 1363 τὰ

1086 1381 1160 1417 ἑξῆς.
1170 1381 1297 1408 Σάϐϐατα
1308 1382 1398 1408 τοίνυν
1410 1382 1445 1408 τὰ
1458 1382 1558 1416 ἀρχαῖα
1573 1381 1752 1416 παρελήλυθε,
1765 1381 1874 1407 Σάϐϐα-

1085 1436 1131 1454 τον
1143 1427 1173 1453 δὲ
1192 1427 1316 1463 ἀληθινὸν
1333 1429 1397 1464 παρ’
1417 1428 1484 1463 ἡμῖν
1509 1428 1683 1462 κηρύττεται.
1706 1428 1831 1462 Ἥργησε
1845 1427 1874 1454 δὲ

250 1478 350 1513 quibus
363 1484 456 1504 verum
477 1483 491 1501 a
510 1475 589 1502 nobis
606 1475 772 1510 przcdicatur
789 1475 949 1504 Sabbatum.
968 1475 1033 1502 Item

1089 1476 1103 1510 ἡ
1131 1473 1226 1509 πρώτη
1256 1473 1389 1508 περιτομὴ
1421 1473 1450 1499 ἓν
1489 1473 1569 1508 μέλος
1594 1473 1772 1508 σμικρότατον
1798 1482 1873 1508 περι-

250 1523 325 1557 prior
339 1522 386 1548 illa
403 1521 508 1548 sublata
523 1524 550 1547 et
564 1521 705 1555 antiquata
720 1521 895 1549 circumcisio
910 1526 961 1552 est,
974 1528 1035 1555 qua:

251 1575 332 1594 unam
352 1574 383 1593 ac
405 1565 578 1600 perexiguam
595 1569 699 1600 partem
717 1567 841 1600 corporis
867 1565 1034 1600 amputabat.

250 1610 328 1637 Nunc
343 1618 406 1637 vero
426 1610 546 1637 ccelcstis
561 1610 608 1636 illa
623 1610 798 1637 circumcisio
814 1618 875 1645 quae
893 1610 925 1637 ad
949 1614 1035 1637 totum

249 1663 351 1691 corpus
370 1656 497 1690 pertinet,
515 1656 593 1691 longe
613 1659 654 1683 est
676 1655 873 1683 efﬁcacissima.
893 1655 1034 1690 Siquidem

250 1709 328 1736 aquae
338 1706 365 1728 et
382 1702 516 1728 invocatio
527 1705 622 1728 sancta
633 1709 688 1728 non
705 1709 788 1728 unum
804 1701 936 1728 duntaxat
948 1709 1035 1728 mem-

249 1747 328 1774 brum
346 1746 465 1774 hominis
484 1750 630 1781 occupant,
653 1747 699 1774 sed
724 1747 858 1781 integrum
880 1754 980 1781 corpus
995 1754 1036 1773 rc-

249 1796 376 1827 purgant,
396 1792 614 1824 circumcidunt,
643 1799 674 1818 ac
695 1792 774 1819 malis
797 1792 924 1818 omnibus
944 1793 1035 1820 cxsol-

249 1842 327 1864 vunt.
345 1837 482 1871 Ejusmodi
499 1837 628 1872 mysteria
642 1841 825 1863 sacrosancta:
839 1836 886 1864 Dei
904 1837 1034 1865 Ecclesia:

250 1880 350 1907 tradita
366 1884 437 1907 sunt.
453 1879 553 1907 Verum
566 1879 698 1907 adversus
711 1879 784 1906 illam
799 1881 964 1909 atrocissimi
979 1883 1036 1917 qui-

249 1925 310 1952 dam
329 1925 421 1952 hostes
439 1925 549 1952 excitati
567 1928 640 1956 sunt,
656 1925 703 1959 qui
723 1925 866 1953 domestici
887 1926 1034 1954 nominan~

249 1974 304 2000 tur,
319 1975 381 1996 cum
399 1969 433 1996 ad
448 1967 636 2003 apostolorum
651 1967 758 1997 Domini
774 1976 866 1996 veram
882 1970 1036 1998 sinceram-

248 2021 302 2048 que
322 2014 400 2042 ﬁdem
422 2014 497 2041 nullo
518 2013 599 2040 modo
613 2013 823 2048 pertineant;si
837 2016 910 2042 enim
926 2023 959 2043 ex
981 2016 1036 2044 illis

249 2065 353 2092 essent,
371 2067 432 2088 cum
454 2060 508 2087 illis
534 2060 628 2095 utique
647 2060 865 2095 permansissent
880 2061 902 2088 ⁸.
921 2060 974 2089 Sed
991 2062 1035 2088 ni-

249 2105 348 2131 mirum
371 2104 459 2138 spurii
478 2104 590 2138 quidam
606 2111 640 2131 ac
659 2105 810 2139 promiscui
824 2105 932 2140 generis
947 2105 1038 2141 {Egy-

1086 1520 1232 1555 τέμνουσα,
1243 1520 1350 1554 ἐνεργεῖ
1361 1519 1388 1545 δὲ
1401 1517 1430 1545 εὖ
1445 1519 1516 1553 μάλα.
1530 1519 1546 1554 ἡ
1560 1519 1716 1553 ἐπουράνιος
1727 1519 1871 1554 περιτομὴ,

1087 1566 1146 1592 ὂλον
1168 1566 1198 1592 τὸ
1222 1565 1302 1597 σῶμα
1327 1566 1537 1601 περιτέμνουσα.
1558 1565 1598 1592 Τὰ
1616 1566 1669 1601 γὰρ
1685 1565 1769 1592 ὕδατα.
1786 1565 1833 1591 καὶ
1854 1565 1872 1599 ἡ

1087 1612 1152 1646 ἁγία
1165 1611 1306 1647 ἐπίκλησις
1326 1612 1377 1638 οὐκ
1401 1612 1430 1637 ὲν
1456 1611 1494 1638 ἑνὶ
1517 1611 1591 1646 μέλει
1604 1611 1651 1638 τοῦ
1671 1611 1815 1646 ἀνθρώπου
1829 1611 1874 1645 γί-

1086 1666 1160 1684 νεται
1175 1677 1182 1689 ,
1211 1656 1268 1683 ἀλλ’
1284 1657 1344 1683 ὅλον
1365 1656 1396 1682 τὸ
1417 1656 1496 1691 σῶμα
1519 1656 1661 1691 ἀνθρώπου
1685 1657 1872 1689 καθαροποιεῑ,

1086 1701 1255 1737 περιτέμνει,
1272 1701 1381 1728 πάντων
1391 1701 1445 1727 τῶν
1457 1701 1549 1727 κακῶν
1563 1701 1738 1728 ἀπαλλάττει.
1759 1702 1791 1728 Ἡ
1807 1701 1873 1735 γοῦν

1085 1748 1151 1781 ἁγία
1187 1746 1334 1782 Ἐκκλησία
1359 1747 1496 1782 παρέλαϐε
1534 1747 1620 1774 ταῦτα
1650 1747 1684 1773 τὰ
1712 1748 1871 1782 μυστήρια·

1086 1791 1275 1826 ἐπανέστησαν
1291 1791 1320 1817 δὲ
1335 1791 1404 1826 αὐτῇ
1415 1791 1464 1817 καὶ
1480 1791 1561 1818 δεινοὶ
1572 1792 1664 1826 ἐχθροὶ
1678 1792 1810 1817 οἰκειακοὶ
1829 1791 1872 1818 λε-

1085 1837 1195 1871 γόμενοι
1205 1855 1213 1868 ,
1227 1836 1264 1871 μὴ
1277 1836 1353 1867 ὅντες
1363 1836 1392 1862 δὲ
1407 1837 1438 1862 ὲκ
1455 1836 1503 1871 τῆς
1515 1835 1568 1863 τῶν
1580 1836 1735 1863 ἀποστόλων
1752 1836 1800 1862 τοῦ
1814 1837 1871 1863 Κυ-

1087 1881 1145 1917 ρίου
1169 1881 1286 1917 ἀληθοῦς
1301 1881 1417 1913 πίστεως
1429 1890 1436 1896 -
1452 1882 1476 1907 εἱ
1497 1881 1552 1916 γὰρ
1564 1879 1633 1917 ἦσαν
1655 1881 1684 1913 ἐξ
1698 1881 1787 1907 αὐτῶν
1798 1902 1805 1913 ,
1823 1889 1872 1916 με-

1086 1927 1238 1962 μενήκεσαν
1262 1927 1295 1953 ἂν
1323 1928 1382 1962 μετ’
1397 1926 1496 1954 αὐτῶν.
1519 1927 1601 1954 Ἀλλά
1625 1927 1697 1954 νόθοι
1721 1927 1799 1958 ὅντες
1824 1927 1872 1953 καὶ

1085 1972 1255 2008 σύμμικτοι,
1282 1972 1430 2008 ἐπιθυμίαν
1455 1973 1543 2009 κακὴν
1569 1973 1620 2008 τῆς
1648 1972 1681 1999 δι’
1700 1972 1798 2007 ἰχθύων
1825 1972 1872 2000 καὶ

1086 2018 1188 2044 συκιῶν
1198 2018 1354 2052 Αἰγυπτίων
1364 2018 1464 2053 ὀδωδῆς
1477 2017 1557 2046 πάλιν
1568 2017 1741 2053 ἐπιθυμοῦσι,
1754 2017 1872 2053 βλασφη-

1087 2063 1200 2098 μοῦντες
1222 2064 1278 2091 ἀνω
1292 2064 1338 2090 καὶ
1362 2064 1437 2091 κάτω
1451 2064 1497 2091 τὸν
1516 2064 1580 2091 Υίὺν
1597 2063 1644 2090 τοῦ
1660 2063 1727 2090 Θεοῦ
1740 2071 1746 2078 ·
1772 2063 1873 2098 Ἄρειο-

1088 2108 1216 2143 μανῖται,
1244 2107 1291 2139 οὓς
1316 2108 1366 2143 ήδη
1388 2109 1417 2134 ἐν
1443 2109 1499 2140 τοῖς
1526 2108 1579 2144 πρὸ
1604 2107 1698 2135 τούτου
1712 2108 1803 2141 λόγοις
1817 2108 1870 2143 (24)

249 2150 368 2184 ptiorum
384 2149 480 2176 iterum
504 2149 619 2183 piscium
636 2156 669 2176 ac
689 2156 865 2177 cucumerum
882 2150 1035 2178 odor-ando-

1089 2153 1315 2188 ὲστηλιτεύσαμεν
1328 2161 1335 2168 ·
1368 2153 1442 2180 ἄλλοι
1467 2153 1495 2180 δὲ
1518 2153 1666 2180 Σαϐέλλιοι.
1691 2153 1747 2180 Καὶ
1773 2154 1798 2180 οι
1823 2154 1870 2188 μὲν

249 2202 308 2222 rum
329 2197 494 2230 praepostera
508 2193 660 2228 cupiditate
676 2197 814 2226 tenentur,
830 2194 922 2222 ac-Dei
934 2195 1034 2222 Filium

248 2240 362 2267 inﬁnitis
384 2238 486 2274 passim
511 2239 687 2274 contumeliis
711 2243 837 2267 onerant.
863 2239 943 2268 Tales
968 2244 1035 2268 sunt

247 2273 443 2315 Ariomanitze,
463 2291 533 2318 quos
549 2283 577 2311 in
600 2273 787 2320 s‘lperioribus
810 2285 889 2312 libris
913 2285 1034 2319 proscri-

249 2331 363 2366 psimus.
379 2329 461 2358 Tales
477 2334 577 2358 suntet
590 2329 711 2358 Sabellii.
727 2330 778 2363 Qui
793 2330 901 2364 quidem
919 2329 1032 2358 Sabellii

249 2376 346 2403 Filium
363 2384 396 2403 ac
414 2375 545 2410 Spiritum
566 2382 690 2405 sanctum
707 2384 821 2411 prorsus
835 2384 849 2404 c
866 2377 955 2404 medio
979 2378 1033 2404 tol-

247 2421 306 2448 lunt
318 2431 325 2448 :
338 2427 463 2449 asserunt
480 2423 552 2450 enim
568 2423 677 2456 Filium,
692 2424 779 2457 ipsum
795 2430 855 2450 esse
869 2422 991 2456 Patrem,
1006 2427 1034 2450 et

247 2467 367 2499 Patrem,
389 2469 478 2502 ipsum
490 2477 551 2497 esse
568 2469 681 2500 Filium,
698 2475 725 2496 et
739 2468 870 2503 Spiritqu
887 2473 1013 2496 sanetum
1025 2489 1033 2501 .

247 2513 336 2547 ipsum
355 2521 417 2541 esse
436 2513 564 2542 Patrem:
581 2521 716 2550 nusquam
730 2520 760 2541 ut
774 2515 809 2543 sit
823 2514 908 2542 Filius
924 2523 955 2543 ac
971 2516 1035 2550 Spi-

284 2601 377 2632 'Psal.
391 2611 477 2636 um,
493 2603 520 2630 6.
558 2603 568 2618 ‘
589 2602 656 2630 Gen.
673 2610 729 2636 nx,
747 2603 793 2632 24.

281 2693 335 2728 (24)
355 2694 407 2720 Ἐν
427 2691 489 2728 τοῖς
516 2690 574 2728 «pd
597 2692 703 2719 τούτου
726 2693 837 2728 λόγοις.
861 2691 1028 2728 Crediderim

245 2726 306 2756 esse
319 2726 485 2754 reddendum
497 2734 550 2752 non
567 2727 593 2752 in
615 2727 795 2760 superioribus
809 2727 885 2753 libris
896 2747 902 2756 .
919 2726 966 2754 sed
981 2734 1028 2761 po-

245 2764 299 2790 tius
314 2764 340 2788 in
355 2761 533 2795 superioribus
549 2761 627 2794 hujus
644 2761 707 2788 libri
725 2762 855 2795 partibus.
876 2761 933 2788 Non
957 2762 1029 2788 enim

245 2800 351 2824 constat
365 2796 544 2831 Epiphanium
561 2801 624 2824 ante
644 2797 805 2824 Aucomtum
828 2797 896 2824 alios
911 2795 1031 2824 edidisse

831 2603 842 2618 ³
856 2602 936 2630 Mich.
955 2611 982 2634 ν,
1001 2602 1019 2628 2
1033 2610 1094 2637 sqq.

1085 2197 1224 2224 Σαὸέλλιοι
1240 2197 1331 2225 τέλεον
1354 2198 1498 2233 ἀρνοῦνται
1522 2197 1569 2224 τοῦ
1589 2195 1659 2224 εἶναι
1674 2197 1720 2224 τὸν
1735 2196 1802 2224 Υιὸν
1825 2197 1871 2224 καὶ

1085 2242 1164 2276 ἅγιον
1188 2241 1301 2277 Πνεῦμα
1315 2262 1323 2274 ,
1350 2241 1474 2276 λέγοντες
1490 2242 1531 2269 ὅτι
1554 2243 1569 2268 ὁ
1585 2241 1649 2273 Υἱὸς
1673 2241 1753 2272 αὑτός
1770 2242 1842 2268 ἐστιν
1857 2241 1871 2267 ὁ

1086 2287 1198 2323 Πατὴρ,
1225 2287 1272 2314 καὶ
1300 2289 1315 2314 ὁ
1337 2288 1432 2323 Πατὴρ
1453 2287 1533 2319 αὑτός
1560 2288 1633 2315 ἐστιν
1659 2288 1674 2313 ὁ
1687 2287 1769 2320 Υἱὸς,
1784 2287 1871 2314 καὶτὸ

1085 2333 1162 2366 ἅγιον
1186 2332 1298 2368 Πνεῦμα
1312 2333 1393 2364 αὑτός
1418 2334 1491 2359 ἐστιν
1517 2334 1530 2359 ὁ
1550 2334 1660 2368 Πατήρ·
1686 2333 1724 2364 ὡς
1749 2334 1786 2368 μὴ
1805 2331 1870 2359 εἶναι

1088 2379 1153 2405 Υἰὸν
1165 2379 1212 2406 καὶ
1232 2378 1308 2413 ἅγιον
1320 2378 1441 2414 Πνεῦμα,
1459 2378 1585 2412 Δεύτεροι
1606 2378 1740 2408 Ἰουδαῖοι,
1756 2377 1802 2403 καὶ
1818 2378 1871 2404 Κυ-

1089 2424 1220 2459 ριοκτόνοι
1234 2424 1458 2459 ἀπελεγχόμενοι.
1483 2424 1683 2458 ’Λρειομανῖται
1709 2423 1738 2448 δὲ
1756 2424 1781 2448 οἱ
1807 2423 1870 2449 πὰν-

1088 2478 1142 2496 των
1159 2469 1335 2496 ἀσεϐέστατοι
1345 2489 1353 2502 ,
1369 2470 1393 2495 oi
1409 2469 1454 2495 τὸν
1470 2468 1533 2495 Υίὺν
1547 2469 1601 2495 ἀπὸ
1614 2469 1662 2503 τῆς
1686 2468 1816 2503 πατρῴας
1828 2468 1870 2494 οὖ-

1087 2515 1150 2546 σίας
1177 2515 1290 2550 διαιρεῖν
1321 2515 1368 2543 καὶ
1395 2514 1593 2550 ἀπαλλοτριοῦν
1622 2513 1795 2548 τολμῶντες,
1824 2513 1870 2540 οὐκ

1131 2601 1142 2617 ⁸
1157 2601 1209 2629 lsa.
1225 2608 1273 2635 vn,
1286 2600 1329 2628 Η.
1367 2602 1378 2617 ⁸
1393 2601 1467 2629 Psal.
1484 2609 1540 2634 cu,
1556 2601 1582 2628 i.
1632 2601 1642 2617 ⁸
1655 2600 1666 2627 1
1680 2600 1761 2628 Joan.
1783 2609 1812 2633 ll,
1827 2601 1870 2628 9.9.

1083 2691 1169 2719 libros
1196 2691 1328 2718 adversus
1342 2691 1528 2719 Ariomanitas
1553 2691 1609 2719 sive
1629 2690 1756 2718 Arianos.
1788 2689 1869 2719 Pana

1084 2727 1172 2758 rium,
1190 2726 1235 2753 ubi
1252 2727 1372 2753 haeretici
1389 2727 1427 2753 illi
1441 2726 1627 2758 confutantur,
1642 2725 1868 2760 quemadmodum

1085 2769 1139 2787 non
1158 2761 1240 2788 semel
1258 2763 1432 2792 monuimus,
1460 2761 1569 2790 biennio
1591 2764 1737 2796 postquam
1751 2760 1867 2788 Auma-

1085 2801 1140 2822 lum
1155 2796 1295 2830 emiserat,
1310 2796 1441 2831 scripsit.
