1939 3039
69 99 125 126 9'29

772 97 992 126 ANCORATUS.

1649 103 1704 132 ‘230

72 155 181 189 ἀξιοῦσι
202 155 248 183 τὸν
273 156 338 184 Υἱὸν
354 157 484 192 ὁμότιμον
502 153 574 184 εἶναι
588 156 629 192 τῷ
641 156 728 192 Πατρὶ
737 176 746 190 ,
758 156 819 183 οὐδὲ
833 157 866 183 ἐκ

918 156 989 183 ritus
1003 159 1135 189 sanctus;
1149 155 1236 184 Judrei
1255 157 1365 192 quidam
1380 158 1459 187 alteri
1470 166 1503 187 ac
1521 159 1627 188 Domini
1640 167 1704 195 par-

72 201 123 236 τῆς
151 201 247 234 οὐσίας
263 202 310 229 τοῦ
334 202 441 238 Πατρὸς
465 202 547 230 αὑτὸν
565 203 755 237 γεγεννῆσθαι.
773 202 866 230 Ἄλλοι

72 248 100 274 δὲ
125 247 230 274 τούτων
255 247 371 282 ἔκγονοι,
390 249 415 275 oi
435 248 488 284 πρὸ
508 248 603 275 τούτου
620 249 689 284 μετὰ
711 249 764 275 τῶν
778 249 866 276 ἄλλων

72 292 127 319 τῶν
156 293 364 329 προταχθέντων
379 313 387 326 ,
413 293 467 321 εἴθε
494 294 564 321 κατὰ
597 295 741 326 Ἰουδαίους
768 295 866 327 αὐτοὺς

73 338 260 374 ἀπηρίθμουν,
281 340 345 370 τοὺς
353 339 581 375 βλασφημοῦντας
595 340 627 366 τὸ
641 340 717 374 ἂγιον
733 340 846 376 Πνεῦμα
856 347 864 355 ·

72 383 196 419 δεύτεροι
209 384 380 412 Σαδδουκαῖοι
406 385 453 412 καὶ
470 386 652 421 Σαμαρεῖται,
671 386 718 413 καὶ
731 385 864 420 ᾶγνώᾶτοι

72 430 167 464 νεκροὶ
185 430 232 455 καὶ
249 430 367 458 ἄπιστοι.

915 201 1018 229 ricidae.
1036 202 1090 229 Sed
1110 202 1286 231 Ariomanilzr.
1307 207 1423 232 ceteros
1447 212 1542 233 omnes
1563 205 1702 240 impietate

917 251 1059 282 superant,
1075 247 1121 283 qui
1136 247 1236 276 Filium
1248 256 1263 275 a
1275 249 1356 277 Patre
1371 250 1524 278 Substautia
1541 251 1662 279 dividere
1673 255 1703 279 et

917 293 1074 321 abalienare
1090 293 1160 321 nihil
1177 294 1267 328 veriti,
1283 295 1415 330 atqualem
1433 295 1509 322 Patri
1525 295 1622 324 Filium
1638 304 1702 325 esse

916 338 1078 372 dillitentur;
1095 346 1145 366 nec
1156 346 1218 366 eum
1235 343 1333 374 putant
1347 347 1362 367 e
1376 339 1467 368 Patris
1478 348 1540 368 esse
1550 341 1702 368 substantia

917 385 1048 420 genitum.
1069 385 1122 412 Alii
1138 388 1203 412 sunt
1227 385 1337 412 illorum
1353 386 1426 413 velut
1449 387 1563 421 posteri.
1578 387 1626 421 qui
1639 392 1702 415 ante

918 431 971 459 hoc
995 435 1102 466 tempus
1125 431 1227 459 emersi
1259 439 1278 458 n
1301 435 1462 459 cmlerorum
1489 439 1603 459 numero
1627 439 1703 459 com-

71 476 202 511 prehensi
221 481 300 503 sunt:
313 485 381 512 quos
400 477 505 505 utinam
518 477 589 506 inter
597 477 705 506 Judzeos
717 478 794 514 121
807 479 902 506 saltem
918 485 1061 506 recensere
1077 477 1117 506 l‘as
1134 482 1223 506 esset:
1237 485 1301 505 nam
1317 477 1450 512 Spiritum
1467 483 1591 506 sanctum
1604 482 1704 504 contu-

73 521 163 549 meliis
183 527 341 557 aspergunt,
357 522 434 550 alteri
452 523 563 557 quidam
583 522 724 550 Saddueaei
745 527 791 550 aut
811 522 964 555 Samaritae,
982 527 1010 551 et
1023 523 1135 551 obscuri
1154 522 1254 550 mortui
1265 526 1293 549 et
1308 521 1441 550 inﬁdeles.

107 568 183 595 PlZ'.
199 568 258 594 Ἶνα
272 568 300 594 δὲ
319 568 356 604 μὴ
369 568 412 595 διὰ
429 569 542 604 μέλανος
555 570 602 596 καὶ
617 569 719 604 χάρτου
732 569 781 600 τὰς
795 569 867 597 κατὰ

72 613 177 639 τούτων
197 613 350 648 μαρτυρίας
370 613 415 640 διὰ
436 614 534 641 πολλοῦ
558 614 737 650 ποιησώμεθα
749 633 757 646 ,
777 615 818 646 είς
834 614 864 641 τὸ

71 657 113 692 μὴ
140 659 303 692 περικακετν
324 659 387 690 τοὺς
415 658 671 694 ἀναγινώσκοντας,
699 659 863 694 ἀρκέσουσιν

71 704 178 735 αὐτοῖς.
194 703 381 736 Σαὸελλιανοίς
393 704 443 739 μὲν
455 704 524 740 μετὰ
538 704 592 732 τῶν
603 705 690 732 ἄλλων
705 705 863 741 μαρτυριῶν

71 749 90 783 ή
109 747 247 783 μαρτυρία
265 747 312 774 τοῦ
333 748 464 784 Ἰορδάνου
477 768 486 780 ,
506 749 544 780 ὠς
559 749 608 784 ἥδη
622 747 708 776 εἷπον.
726 749 791 781 Υἱὸς
810 749 865 784 γὰρ

73 793 104 819 ὲν
134 793 255 829 Ἰορδάνῃ
283 793 390 828 ἀληθῶς
410 794 606 829 παραγίνεται,
633 794 699 826 Θεὸς
723 794 866 830 ἄνθρωπος

73 837 215 872 γεγονὼς,
235 839 265 865 οὐ
284 838 388 874 τροπὴν
405 839 541 871 ὑποστὰς,
559 839 628 866 ἀλλὰ
651 839 742 875 σάρκα
761 839 863 872 λαϐὼν,

73 883 106 909 οὐ
122 883 167 909 διὰ
181 883 339 918 σπέρματος
361 883 457 919 ἀνδρὸς
467 903 475 915 ,
491 884 548 911 ἀλλ’
561 884 615 911 ἀπὸ
628 884 679 919 τῆς
693 884 773 918 ἁγίας
792 885 866 920 Παρ-

75 928 154 955 θένου
169 929 250 963 σῶμα
261 928 415 964 ἀνειληφὼς
425 949 432 961 ,
453 930 486 956 δι’
500 929 579 964 ἁγίου
595 929 753 964 Πνεύματος
769 929 866 964 συλλη-

75 974 142 1008 φθὲν
157 974 236 1009 σῶμα
252 974 371 1006 τέλειον,
391 974 529 1002 τουτέστιν
542 975 684 1011 ἄνθρωπον
699 975 802 1001 τέλειον
815 975 866 1010 ψυ-

75 1021 109 1055 χῇ
126 1020 173 1046 καὶ
191 1020 307 1055 σώματι.
324 1020 439 1054 Γέγονεν
459 1018 505 1047 οὖν
522 1021 536 1046 ὁ
565 1020 631 1052 Θεὸς
654 1021 702 1046 καὶ
723 1019 866 1055 ἄνθρωπος

75 1065 145 1100 πρὸς
178 1064 304 1100 Ἰωάννην
333 1066 363 1092 ὲν
397 1065 437 1100 τῷ
468 1065 604 1102 Ἰορδάνῃ,
629 1062 669 1096 εἷς
696 1064 733 1091 ὣν
751 1065 765 1091 ὁ
786 1064 867 1095 αὐτὸς

75 1111 141 1142 Υἱδς
167 1111 214 1137 καὶ
240 1111 358 1146 Χριστος
387 1111 434 1138 καὶ
459 1111 573 1147 Κύριος.
593 1111 688 1146 Πατὴρ
712 1111 740 1137 δὲ
764 1110 866 1138 ἄνωθεν

137 1177 144 1187 ,
161 1155 306 1191 μαρτυρῶν
319 1156 357 1191 τῷ
370 1156 426 1192 Υἱῷ
440 1156 479 1192 τῷ
493 1159 521 1184 ἐν
534 1156 572 1191 τῷ
595 1156 713 1192 Ἰορδάνῃ
730 1156 865 1190 γεγονότι¹

76 1200 173 1235 οὗτός
187 1202 274 1229 ἐστιν
292 1204 308 1230 ὁ
327 1203 394 1236 Υἱός
406 1212 465 1237 μου
482 1205 498 1230 ό
512 1203 671 1237 ἀγαπητός.
694 1203 729 1230 Τὸ
744 1203 772 1229 δὲ
790 1203 867 1237 ἅγιον

76 1246 190 1281 Πνεῦμα
207 1248 235 1274 ὲν
260 1248 325 1274 εἴδει
348 1249 511 1284 περιστερᾶς
541 1249 700 1275 κατέϐαινεν
725 1249 768 1275 ἐπ’
785 1248 866 1275 αὑτὸν

75 1293 116 1323 εἰς
137 1292 172 1317 τὰ
185 1291 268 1318 ὕδατα
281 1293 482 1328 κατεληλυθότα
499 1294 518 1327 ³,
540 1293 584 1320 ἴνα
597 1294 704 1329 καθαρὰ
717 1294 786 1321 αὐτὰ
800 1294 868 1320 ἀπο-

75 1335 150 1372 δείξῃ
169 1337 226 1370 (25)
237 1355 245 1368 ,
260 1337 354 1364 ἕνεκεν
369 1338 423 1364 τῶν
437 1338 588 1373 μελλόντων
603 1339 642 1370 εἰς
662 1338 746 1374 ὄνομα
760 1339 868 1373 Πατρὸς

75 1380 124 1406 καὶ
142 1379 207 1406 Υίοῦ
222 1381 268 1406 καὶ
283 1381 361 1414 ἁγίου
377 1381 536 1416 Πνεύματος
555 1381 749 1416 βαπτίζεσθαι·
764 1384 820 1413 τοῖς
838 1382 868 1409 δὲ

82 1426 232 1461 Ἀρειανοῖς
257 1426 326 1461 μετὰ
341 1426 395 1453 τῶν
412 1427 612 1462 προλεχθεισῶν
626 1427 682 1462 (96)
703 1427 815 1462 ἀρκέσει
828 1427 867 1462 τῷ

76 1473 166 1498 εἰπεῖν
185 1471 230 1498 τὸν
249 1472 313 1498 Υίόν
326 1481 332 1487 ·
356 1473 426 1508 Ἐγὼ
441 1473 475 1499 ἐν
496 1473 535 1506 τῷ
550 1473 651 1507 Πατρὶ,
665 1474 714 1500 καὶ
734 1475 750 1500 ό
766 1473 867 1508 Πατὴρ

75 1520 111 1543 ἐν
129 1516 213 1550 ἐμοι·
241 1516 350 1551 ἰσότητα
373 1517 428 1552 γὰρ
451 1516 569 1544 ἐνταῦθα
589 1517 657 1553 πρὸς
679 1518 789 1553 Πατέρα
815 1519 867 1545 ἀπ·
881 1509 902 1538 c

75 1560 162 1593 έδειξε
184 1561 231 1588 καὶ
244 1560 421 1596 γνησιότητα.
437 1561 498 1593 Τοῖς
511 1562 634 1596 ἐκγόνοις
649 1561 703 1589 τῶν
722 1562 868 1598 ’Ᾱρειανῶν

75 1608 134 1638 τοῖς
158 1607 188 1633 τὸ
203 1608 280 1641 ἅγιον
294 1607 407 1642 Πνεῦμα
428 1606 636 1642 βλασφημοῦσι,
661 1608 807 1643 ἀρκέσουσι
823 1608 868 1635 δύο

78 1652 230 1688 μαρτυρίαι
254 1654 282 1680 αἱ
303 1653 352 1688 ἤδη
382 1653 582 1688 προτεταμέναι
616 1653 686 1688 μετὰ
711 1653 760 1685 τὰς
786 1653 868 1686 ἄλλας

78 1697 248 1732 μαρτυρίας·
274 1698 324 1732 μία
338 1698 387 1733 μὲν
400 1698 454 1724 ἀπὸ
465 1698 512 1724 τοῦ
525 1698 624 1733 Δανιὴλ
639 1698 726 1729 οὕτως
749 1698 847 1733 ἔχουσα
859 1707 867 1714 ’

83 1743 129 1768 Ἐν
143 1744 175 1778 τῇ
188 1743 295 1778 καμίνῳ
305 1744 350 1770 τοῦ
366 1743 451 1779 πυρὸς
464 1743 582 1779 Σεδρὰχ,
594 1744 697 1775 Μισὲκ,
717 1744 869 1778 ’Δϐῦεναγὼ

77 1788 218 1820 αἰνοῦντες
232 1789 276 1816 τὸν
291 1790 367 1821 Θεὸν,
381 1789 672 1825 συμπεριλαμϐάνουσι
689 1791 749 1825 μεθ’
764 1791 869 1818 ἑαυτῶν

77 1834 128 1868 τὴν
153 1835 242 1860 πᾶσαν
259 1826 305 1860 ¹ἑοῦ
329 1834 396 1861 Θεοῦ
423 1834 530 1868 κτίσιν,
557 1835 603 1861 καὶ
618 1835 756 1868 λέγουσιν·
776 1837 870 1863 Εὐλο-

78 1879 173 1913 γεῖτε,
199 1879 296 1906 πάντα
320 1880 355 1907 τὰ
379 1880 451 1915 ἔργα
467 1881 595 1915 Κυρίου,
614 1880 668 1907 τὸν
684 1882 805 1915 Κύριον·
822 1881 870 1908 καὶ

76 1924 235 1959 ὴρῖθμησαν
249 1925 380 1960 οὐρανοὺς
397 1925 444 1952 καὶ
458 1925 601 1959 ἀγγέλους,
617 1927 664 1953 καὶ
681 1925 806 1961 σελήνην,
823 1926 869 1952 καὶ

77 1969 164 2003 ἥλιον,
181 1970 228 1996 καὶ
241 1970 380 2004 δυνάμεις,
394 1970 447 2005 γῆν
462 1979 490 1997 τε
504 1971 551 1997 καὶ
559 1970 706 2002 θάλασσαν,
720 1971 766 1997 καὶ
780 1971 870 1997 πάντα

77 2015 112 2040 τὰ
126 2015 154 2040 ἐν
170 2015 261 2046 αὐτοῖς
273 2035 280 2047 ,
298 2016 345 2041 καὶ
365 2016 484 2050 οὐδαμοῦ
498 2015 561 2043 my
572 2036 581 2049 ,
598 2016 646 2043 καὶ
666 2017 744 2050 ἆγιον
757 2016 870 2051 Πνεῦμα

79 2060 287 2096 συνηρίομησαν
310 2062 371 2093 ταῖς
399 2062 515 2089 κτίσεσι.
541 2063 583 2090 Τὰ
610 2063 731 2099 aspargit).
764 2062 871 2097 ἁγιάζει

956 567 1061 596 CXVlL
1083 568 1181 596 Verum
1198 576 1234 596 ne
1250 568 1283 596 ad
1304 568 1366 596 illos
1383 567 1588 596 convincendos
1607 571 1704 595 aucto-

917 615 1013 643 ritates
1028 623 1060 643 ac
1075 615 1231 643 testimonia
1248 614 1357 650 longius
1370 622 1450 649 quam
1468 621 1517 649 par
1533 618 1575 641 est
1591 615 1704 650 scriptis

917 665 999 696 atque
1012 663 1166 687 atramento
1186 667 1348 694 prosequar,
1363 667 1397 686 ne
1413 659 1440 686 id
1462 659 1611 688 lectoribus
1629 659 1705 687 fasti-

917 706 992 740 dium
1013 705 1131 733 aﬂerat:
1151 704 1284 732 adversus
1306 704 1476 733 Sabellianos
1499 704 1610 740 quidem
1632 705 1706 732 inter

918 751 971 778 alia
984 749 1142 778 testimonia
1157 750 1226 778 satis
1245 749 1297 777 erit
1318 749 1395 782 illud,
1416 749 1489 784 quod
1508 749 1542 777 ad
1556 748 1704 778 Jordanem

918 799 960 823 est
983 794 1100 828 editum,
1122 797 1153 821 ut
1169 798 1251 822 antea
1272 793 1340 821 dixi.
1364 794 1471 829 Quippe
1491 793 1578 822 Filius
1590 802 1653 823 vere
1669 794 1704 822 ad

914 837 1060 866 Jordanem
1082 837 1210 869 accessit,
1235 837 1307 865 Deus
1332 837 1413 876 homo
1440 837 1541 871 l‘actus.
1560 839 1619 867 sine
1646 839 1705 866 ulla

915 888 1004 911 tamen
1019 882 1170 910 mutatione
1182 882 1236 915 sui,
1250 882 1299 910 sed
1311 890 1394 910 carne
1406 883 1539 911 duntaxat
1550 888 1705 919 assumpta,

914 936 977 957 cum
992 929 1067 956 nullo
1079 930 1158 964 plane
1174 929 1246 956 virili
1259 933 1319 957 satu
1334 930 1467 965 genitum,
1482 930 1530 958 sed
1544 932 1703 966 susceptum

914 981 930 1001 e
945 974 1029 1001 Maria
1045 974 1157 1010 Virgine
1171 975 1307 1010 integrum
1324 982 1424 1010 corpus
1437 975 1570 1009 induerit,
1587 976 1639 1003 hoc
1649 980 1703 1008 est,

916 1019 1054 1046 hominem
1075 1027 1091 1047 ις
1108 1026 1224 1054 corpore
1251 1020 1398 1054 animaque
1424 1019 1584 1054 perfectura.
1614 1020 1705 1053 Quare

917 1064 989 1092 Deus
1005 1063 1075 1092 idem
1094 1068 1121 1092 et
1136 1065 1228 1097 homo,
1245 1072 1327 1098 unus,
1347 1064 1470 1099 inquam,
1490 1067 1516 1091 et
1532 1064 1602 1092 idem
1618 1063 1704 1092 Filius

917 1117 949 1137 ac
969 1110 1096 1138 Christus
1115 1114 1143 1137 et
1161 1110 1291 1138 Dominus
1307 1109 1404 1138 Joanui
1425 1117 1485 1137 sese
1503 1109 1536 1136 ad
1557 1108 1704 1136 Jordanem

918 1155 1024 1183 obtulit.
1051 1155 1132 1183 Pater
1145 1163 1211 1184 vero
1226 1156 1336 1184 coalitus
1350 1156 1508 1184 exclamans
1523 1155 1556 1182 de
1572 1154 1641 1182 Filio
1658 1155 1705 1190 qui

917 1201 950 1228 ad
975 1201 1120 1229 Jordanem
1143 1205 1213 1234 erat,
1239 1202 1289 1229 hac
1307 1209 1374 1229 voce
1393 1201 1575 1229 testificatur:
1593 1200 1644 1230 Ιίὶι
1666 1205 1705 1230 est

918 1245 1007 1273 Filius
1022 1255 1093 1273 meu
1112 1246 1223 1274 dilectus
1237 1248 1257 1274 '.
1278 1245 1397 1282 Spiritus
1412 1247 1529 1282 denique
1549 1251 1662 1275 sanctus
1677 1247 1706 1275 in

917 1291 1042 1319 etundem
1058 1299 1120 1318 cum
1135 1292 1168 1319 ad
1181 1299 1267 1327 aquas
1282 1291 1480 1324 descendisset,
1496 1293 1630 1320 columsz
1643 1301 1706 1327 spe-

917 1337 960 1364 cie
985 1337 1114 1372 delapsus
1138 1342 1191 1368 est,
1214 1337 1254 1364 uti
1281 1344 1364 1371 puras
1380 1337 1439 1364 illas
1460 1344 1545 1371 aquas
1564 1337 1592 1364 in
1609 1345 1705 1365 eorum

917 1383 1033 1417 gratiam
1053 1383 1220 1414 ostenderet,
1236 1383 1283 1417 qui
1298 1383 1325 1410 in
1339 1381 1438 1414 Patris,
1454 1382 1515 1410 Filii
1531 1391 1563 1410 ac
1585 1383 1708 1418 Spiritus

918 1429 1006 1456 sancti
1033 1429 1143 1456 nomine
1167 1428 1263 1456 iisdem
1284 1432 1378 1456 essent
1400 1428 1535 1455 iuitiamli.
1558 1428 1634 1461 Quod
1671 1430 1706 1456 ad

918 1472 1036 1500 Arianos
1052 1477 1167 1508 spectat,
1181 1473 1234 1500 hoc
1247 1473 1379 1501 adversus
1391 1480 1438 1501 eos
1453 1473 1521 1501 satis
1531 1481 1592 1501 esse
1605 1479 1707 1509 potest,

919 1518 991 1552 quod
1009 1518 1124 1553 ipsemet
1141 1517 1228 1545 Filius
1241 1518 1331 1545 dixit:
1353 1518 1409 1552 Ego
1422 1519 1449 1545 in
1467 1518 1556 1551 Patre,
1581 1524 1606 1546 et
1626 1519 1707 1546 Pater

918 1563 945 1590 in
964 1571 1004 1590 me
1025 1568 1063 1591 est
1076 1563 1095 1590 ³.
1113 1563 1218 1596 Quibus
1232 1563 1322 1590 verbis
1340 1563 1473 1598 aequalem
1489 1571 1550 1592 esse
1568 1563 1641 1591 Patri
1662 1563 1707 1591 Fi-

918 1609 984 1647 liupt
995 1616 1027 1636 ac
1039 1609 1189 1644 legitimum
1203 1609 1385 1636 demonstrat.
1399 1608 1466 1636 Nam
1481 1608 1615 1638 adversus
1628 1610 1709 1636 Aria-

918 1662 1016 1682 norum
1036 1657 1172 1688 posteroa,
1190 1653 1236 1688 qui
1254 1653 1374 1688 Spiritus
1389 1654 1477 1681 sancti
1492 1654 1618 1689 dignitati
1636 1662 1708 1682 con—

919 1700 1065 1728 tumeliose
1085 1699 1244 1732 detrahunt,
1267 1699 1323 1726 duo
1341 1700 1386 1726 illa
1408 1700 1566 1728 testimonia
1582 1701 1708 1729 sulﬁcere

918 1750 1044 1781 possunt,
1069 1753 1130 1780 qua:
1151 1749 1213 1780 post
1233 1745 1286 1772 alia
1302 1745 1480 1779 subjecimus.
1499 1746 1622 1779 Quorum
1640 1747 1708 1774 alte-

919 1800 979 1819 rum
1002 1799 1017 1818 c
1045 1791 1153 1818 Dauicle
1180 1790 1371 1826 depromptum
1396 1795 1438 1818 est
1463 1791 1621 1825 hujusmodi
1637 1801 1643 1818 :
1661 1791 1707 1818 Si-

919 1836 1015 1868 drach,
1040 1836 1122 1863 Ilisae
1152 1839 1179 1862 et
1193 1835 1340 1870 Abdenago
1364 1834 1448 1862 Deum
1471 1835 1499 1862 in
1513 1842 1646 1862 succensa
1662 1835 1707 1862 illa

921 1882 1031 1909 fornace
1055 1879 1255 1911 collaudanles,
1283 1879 1410 1906 conditas
1435 1879 1470 1906 ab
1485 1887 1518 1906 eo
1541 1887 1587 1907 res
1609 1887 1709 1908 omnes

920 1932 1012 1954 secum
1030 1923 1063 1951 ad
1082 1922 1285 1958 praedicandum
1305 1923 1348 1950 his
1363 1923 1455 1950 verbis
1471 1923 1608 1951 invitant:
1625 1923 1709 1951 Bene-

919 1969 1008 2001 dicile,
1032 1968 1120 1995 omnia
1135 1974 1214 2001 opera
1227 1967 1347 1999 Domini,
1372 1967 1484 1994 Domino
1497 1967 1518 1995 ‘.
1536 1967 1604 1995 Tum
1622 1969 1709 1996 cmlos

920 2019 946 2042 et
961 2014 1081 2049 angelos,
1092 2017 1120 2040 et
1130 2012 1233 2044 lunam,
1253 2015 1279 2039 et
1291 2012 1387 2044 solem,
1400 2016 1428 2040 et
1447 2012 1572 2045 virtutes,
1595 2018 1707 2046 terram,

920 2067 1005 2092 mare,
1027 2067 1058 2087 ac
1079 2057 1209 2093 quidquid
1232 2064 1264 2085 ea
1283 2057 1442 2089 continent.
1464 2057 1623 2092 singillatim
1640 2065 1710 2085 enu-

78 2105 183 2140 Τριάδα
198 2106 261 2139 ἴσως
277 2107 326 2142 οὐχ
340 2107 414 2141 ἆπαξ
424 2128 431 2140 ,
455 2108 486 2134 οὐ
509 2108 548 2140 δὶς
561 2128 569 2141 ,
594 2109 625 2135 οὺ
639 2109 767 2145 τέταρτον
779 2129 786 2141 ,
801 2108 866 2136 ἀλλὰ

920 2111 1038 2138 merant;
1056 2104 1155 2132 Filium
1175 2111 1250 2136 vero,
1265 2110 1297 2130 ac
1313 2102 1446 2138 Spiritum
1463 2107 1589 2131 sanctum
1603 2111 1648 2130 res
1664 2103 1709 2129 in—

77 2151 140 2184 τρὶς
154 2151 184 2176 τὸ
196 2151 292 2185 Ἄγιος
309 2151 433 2186 λέγοντα.

920 2156 962 2180 ter
979 2155 1085 2179 creatas
1102 2150 1228 2184 nuspiam
1252 2148 1385 2177 referunt.
1409 2148 1547 2177 Pri-terea
1568 2148 1708 2184 serapliim

78 2195 240 2223 Trinitatem
251 2197 390 2232 aequaliter
401 2197 551 2231 celebrant,
566 2206 599 2227 ae
611 2207 667 2228 non
676 2199 760 2228 semel
773 2206 863 2235 neque
880 2199 924 2227 bis
944 2205 1033 2233 neque
1060 2200 1156 2232 quater
1168 2217 1176 2228 .
1202 2195 1250 2224 sed
1270 2199 1313 2224 ter
1337 2195 1461 2229 omnino.
1477 2195 1610 2229 δαηικεν
1641 2202 1707 2230 Ρτ⁰’

78 2242 208 2269 nuntiant
220 2243 241 2269 ⁵.

113 2286 190 2313 Plll'.
217 2287 369 2322 Ἐλεγξάτω
387 2288 416 2315 δὲ
442 2288 522 2316 πάλιν
535 2289 647 2322 τούτους
666 2291 770 2327 Πέτρος
783 2291 866 2318 ἐπιτι-

957 2285 1073 2315 CXVlll.
1095 2283 1215 2312 Accedat
1230 2283 1264 2310 ad
1279 2283 1341 2310 illos
1360 2282 1519 2310 rcfutandos
1534 2282 1606 2310 Petri
1628 2284 1706 2311 insu-

79 2333 140 2367 μῶν
155 2334 212 2365 τοῖς
235 2335 299 2369 περὶ
322 2335 456 2368 Ἁνανίαν,
476 2336 523 2362 καὶ
547 2336 650 2371 λέγων·
679 2337 866 2371 Ἐπειράσατε

920 2342 969 2370 per
984 2331 1153 2362 auctoritas,
1171 2329 1217 2364 qui
1234 2328 1367 2355 Ananiam
1383 2331 1410 2355 et
1427 2327 1589 2363 Sapphiram
1613 2329 1706 2363 ohjur-

77 2379 111 2406 τὸ
125 2379 212 2413 ἄτιον
227 2380 356 2414 Πνεῦμα.
376 2380 429 2407 Καί
445 2389 527 2415 φησι·
548 2382 608 2409 οὐκ
627 2382 802 2416 ἐψεύσασθε
814 2383 866 2410 ἀν-

918 2388 997 2416 gans.
1021 2377 1165 2409 Teutastis,
1189 2375 1277 2410 inquit
1294 2394 1301 2406 ,
1332 2373 1460 2408 Spiritum
1482 2379 1612 2401 sanctum.
1637 2374 1706 2402 Tum

77 2423 193 2457 ορώπῳ,
211 2424 291 2452 ἀλλὰ
305 2424 345 2457 τῷ
358 2424 428 2458 Θεῷ.
455 2426 486 2452 '0
500 2426 530 2453 δὲ
545 2426 704 2459 ’Δπόστολος
726 2425 805 2460 οἶδεν,
828 2428 866 2459 ὠς

919 2424 1030 2460 subjicit
1046 2433 1052 2451 :
1066 2421 1127 2449 Non
1146 2420 1247 2447 mentiti
1265 2419 1328 2446 estis
1349 2419 1459 2451 Itomt'm',
1475 2419 1521 2445 sed
1537 2419 1588 2446 Deo
1602 2420 1622 2447 '.
1639 2421 1706 2448 [\am

78 2469 127 2494 καὶ
144 2469 274 2502 πολλάκις
286 2470 409 2506 εἴπομεν,
425 2471 456 2497 τὺ
470 2470 581 2506 Πνεῦμα
597 2471 635 2507 μὴ
646 2472 784 2508 ἀλλότριον
795 2472 865 2500 εἶναι

918 2470 1103 2506 Apostolus,ut
1110 2474 1181 2501 saepe
1188 2464 1354 2497 monuimus,
1361 2464 1490 2499 Spiritum
1499 2465 1576 2498 122
1583 2469 1707 2493 sanetum

79 2515 126 2541 τοῦ
140 2515 219 2547 Θεοῦ,
235 2515 320 2549 λέγων
329 2524 336 2531 ·
357 2516 482 2550 Ἑρευνᾷ
495 2517 544 2543 καὶ
559 2517 596 2544 τὰ
606 2517 689 2551 βάθη
704 2517 757 2544 τοῦ
776 2517 849 2544 Θεοῦ
859 2524 866 2532 ·

921 2524 938 2544 a
958 2516 1039 2543 Patre
1054 2522 1107 2542 non
1122 2513 1240 2539 alienum
1257 2518 1318 2537 esse
1333 2513 1436 2542 censet.
1453 2517 1514 2537 cum
1531 2517 1591 2537 eum
1608 2512 1709 2538 asserit

77 2561 109 2586 τὸ
123 2561 151 2587 δὲ
173 2561 210 2596 μὴ
223 2561 252 2588 ὃν
266 2562 298 2588 ἐκ
315 2562 365 2597 τῆς
379 2563 473 2595 οὐσίας
494 2563 542 2590 τοῦ
561 2563 639 2595 Θεοῦ,
665 2562 793 2590 ἀδύνατόν
811 2564 866 2590 ἐστι

922 2561 970 2589 Dei
986 2560 1118 2596 profunda
1129 2556 1277 2586 scrutari".
1288 2554 1354 2582 Nam
1372 2554 1441 2591 quod
1458 2563 1473 2583 ο
1490 2556 1643 2583 substantia
1661 2556 1708 2584 “ei

116 2628 124 2643 ‘
147 2627 446 2663 εει-ἰὴνκατεληλυθός.
482 2630 493 2645 "
508 2629 602 2657 Matth.
618 2637 661 2663 in,
678 2630 721 2657 Π.
760 2630 770 2645 ⁸
783 2629 862 2657 Joan.

918 2638 940 2661 υ,
957 2630 1001 2656 lt).
1041 2630 1051 2645 ⁸
1067 2628 1135 2655 Dan.
1151 2634 1193 2658 lit,
1208 2624 1243 2651 57
1257 2631 1319 2658 sqq.
1373 2623 1382 2638 ⁵
1397 2622 1448 2649 lsa.
1466 2629 1504 2653 Vl,
1516 2623 1544 2650 5.
1583 2624 1666 2650 ‘Act.
1681 2633 1708 2656 ν,

79 2664 96 2689 5
110 2671 170 2697 sqq.
212 2663 220 2677 τ
237 2662 245 2688 l
261 2664 322 2689 Cor.
341 2671 370 2693 ιι,
386 2663 429 2689 10.

116 2718 172 2753 (25)
193 2718 261 2745 Ἵνα
287 2719 401 2752 καθαρὰ
423 2719 499 2745 αὐτὰ
519 2718 674 2751 ἀποδείξῃ.
705 2717 766 2744 llaec
783 2717 865 2753 verba

920 2717 1024 2753 ticesju
1037 2717 1260 2753 gorumrgrntiant
1273 2714 1392 2749 e/ﬁreret.
1403 2714 1464 2753 quiA
1474 2715 1529 2753 'etc.

80 2746 209 2780 Petavius
234 2753 351 2787 reddidit
361 2746 449 2780 'moclo
471 2754 610 2787 aliquanto
630 2746 737 2780 diverso
755 2760 786 2779 ac
803 2752 865 2778 red-

938 2751 1010 2787 7(2[;)
1037 2746 1192 2787 Lagond'ﬁm
1219 2746 1325 2778 νίαριῖιιη
1350 2746 1570 2782 προλεχθέντων,
1593 2752 1620 2774 ει
1645 2754 1706 2773 mox

80 2788 181 2815 dantur
196 2796 211 2815 a
231 2785 393 2819 Thomasio;
412 2788 449 2815 ait
464 2785 536 2816 enim
553 2797 559 2814 :
579 2787 624 2815 Uti
647 2796 725 2822 puras
747 2788 806 2814 illos
826 2787 866 2813 la-
919 2786 950 2812 τὸ
961 2787 1059 2813 εἰπεῖν.
1077 2786 1154 2812 Enn.
