1939 3039
221 126 270 154 251

918 127 947 154 S.
968 128 1139 156 EPlPllANli

1799 132 1855 160 952

224 193 278 213 non
303 187 356 214 est.
381 183 440 218 ejus
461 183 594 218 profunda
618 187 734 210 scrutari
757 190 810 210 non
837 188 934 218 potest.
961 184 1016 212 Nos

1068 186 1104 212 τὰ
1120 185 1201 218 ,βάθη
1227 185 1278 212 τοῦ
1307 186 1380 212 Θεοῦ
1407 187 1542 221 ἐρειινᾷν.
1574 187 1670 222 Ἡμεῖς
1691 188 1719 215 δὲ
1741 189 1854 225 οἴδαμεν

224 231 309 266 igitur
326 229 435 255 Patrem
449 230 607 263 proiitcmur
620 237 681 256 esse
694 229 801 256 Patrem
815 238 821 262 ;
840 229 950 262 Filium,
968 230 1012 256 Fi-

222 276 307 308 lium;
335 273 467 309 Spiritum
497 280 621 302 sanctum
650 275 767 310 denique
795 275 927 310 Spiritum
951 283 1013 303 esse

223 325 347 348 sanctum
362 329 368 346 :
387 320 439 346 hoc
454 324 505 350 est,
522 318 684 347 Trinitatem
702 321 729 347 in
749 322 852 348 unitate
884 322 1011 355 positam.

223 365 376 401 Singularis
393 366 492 400 quippe
508 365 596 392 Patris
611 373 642 392 ac
658 365 719 392 Filii
740 371 767 393 et
788 366 908 401 Spiritus
925 368 1012 394 sancti

222 411 314 438 unitas
334 415 390 443 est,
414 419 468 437 una
486 411 652 444 substantia,
675 411 832 439 dominatus
851 421 939 444 uttus,
959 421 1014 440 una

222 456 363 482 voluntas:
374 464 428 482 una
443 455 576 487 Ecclesia,
591 457 736 490 baptisma:
754 465 831 489 unus,
848 465 901 484 una
915 457 980 492 ﬁdes
992 458 1012 484 ⁸.

222 499 394 535 Proindeque
412 501 540 528 desinant
557 502 602 528 isti
620 505 743 528 sanctam
759 501 863 530 Christi
879 503 1012 538 virginem

221 553 254 572 ac
275 546 458 573 castissimam
480 554 638 582 oppugnare
658 555 798 582 sponsam,
822 553 947 582 matrem,
970 549 1014 576 in-

221 600 317 626 quam,
335 596 457 619 nostram
478 592 645 626 Ecclesiam;
667 593 747 628 cujus
772 595 817 621 lilii
836 602 851 622 a
875 596 1015 623 sanctissi-

221 639 273 664 mis
285 638 343 665 suis
354 637 492 671 Patribus,
502 639 553 665 hoc
563 643 606 666 est
629 640 771 673 apostolis,
785 647 846 666 cum
859 640 1015 667 custodien-

220 683 282 710 dam
303 683 394 717 ﬁdem,
415 688 473 711 tum
489 685 546 712 suis
560 693 670 719 quoque
687 685 780 712 liberis
804 684 965 713 tradendam
983 694 1014 714 ac

220 730 422 764 praedicandam
444 734 619 765 acceperunt.
642 731 764 763 Quorum
787 739 802 758 e
825 731 942 758 ﬁliorum
963 740 1014 759 nu-

222 783 299 803 mero
314 776 377 802 date
390 783 499 810 operam
512 780 542 802 ut
555 776 626 807 sitis,
643 776 741 803 fratres
755 776 924 807 eharissimi,
939 784 1014 804 eam-

220 820 335 854 demque
354 819 507 846 doctrinam
524 820 550 845 in
569 820 668 846 liberos
689 823 796 847 vestros
818 819 1011 847 transl‘undite.

1065 232 1176 266 Πατέρα
1202 231 1321 266 Πατέρα,
1348 232 1409 258 Υίὸν
1433 233 1506 264 Υίὺν,
1532 233 1608 266 ἅγιον
1632 234 1745 270 Πνεῦμα
1778 236 1855 270 ᾶγιον

1065 276 1187 311 Πνεῦμα,
1210 276 1312 311 Τριὰδα
1337 277 1366 304 ὲν
1388 278 1501 313 ἑνότητι.
1527 279 1584 305 Μία
1607 278 1662 314 γὰρ
1679 279 1774 315 ἑνότης
1797 282 1855 308 ἐστι

1065 321 1171 357 Πατρὸς
1187 321 1233 348 καὶ
1250 322 1315 349 Υίοῦ
1333 323 1379 349 καὶ
1400 323 1479 357 ἁγίου
1504 323 1672 358 Πνεῦμα-ξος,
1697 325 1746 360 μία
1765 325 1853 360 οὐσία,

1067 368 1115 403 μία
1136 369 1274 404 κυριότης,
1293 368 1321 395 ἓν
1345 369 1465 404 θέλημα·
1483 370 1532 404 μία
1553 370 1699 405 Ἐκκλησία
1711 390 1719 403 ,
1745 371 1781 398 ἓν
1793 372 1852 403 ,βά-

1064 420 1188 448 πτισμίι,
1212 414 1266 448 μία
1289 415 1400 447 πίστις.
1428 415 1481 441 Καὶ
1509 415 1708 442 παυσάσθωσαν
1732 417 1757 442 οι
1786 418 1857 444 κατὰ

1064 458 1113 493 τῆς
1127 458 1206 492 ἁγίας
1223 459 1358 494 παρθένου
1373 459 1419 486 τοῦ
1429 460 1559 495 Χριστοῦ,
1577 461 1623 486 καὶ
1633 460 1742 496 νύμφης
1756 461 1855 498 ἁγνῆς,

1063 505 1187 531 τουτέστι
1203 505 1253 539 τῆς
1271 505 1372 540 μητρὸς
1398 505 1475 540 ἡμῶν
1500 506 1550 540 τῆς
1571 506 1651 540 ἁγίας
1680 507 1855 542 Ἐκκλησίας.

1064 549 1222 585 Παρὲλαϐον
1235 550 1289 585 γὰρ
1311 551 1336 576 oi
1352 550 1455 586 ταύτης
1473 551 1565 582 παῖδες
1581 552 1656 587 παρὰ
1671 552 1756 585 ἁγίων
1770 554 1856 580 Πατέ-

1065 603 1130 630 ρων,
1149 595 1273 622 τουτέστι
1289 595 1342 622 τῶν
1360 596 1445 628 ἁγίων
1461 597 1627 630 ἀποστόλων,
1647 598 1737 624 πίστιν
1753 599 1856 632 φυλάτ-

1063 649 1119 667 τειν
1131 649 1138 655 ·
1160 641 1219 676 ἃμα
1237 641 1265 667 δὲ
1289 641 1336 668 καὶ
1352 643 1408 673 τοῖς
1433 643 1537 670 ἑαυτῶν
1553 644 1658 675 τέκνοις
1679 644 1856 679 παραδιδόναι

1063 693 1093 711 τε
1118 685 1165 711 καὶ
1191 685 1384 724 ὀιπαγγὲλλειν.
1410 687 1453 720 Ἐξ
1468 683 1505 713 ὧν
1522 688 1570 714 καὶ
1593 689 1671 714 αὐτοὶ
1693 689 1746 714 υίοὶ
1766 689 1856 724 ὑπάρ-

1063 739 1137 765 χετε,
1160 730 1320 765 τιμιώτατοι
1337 732 1457 766 ἀδελφοὶ,
1479 733 1525 759 καὶ
1549 735 1605 765 τοῖς
1632 734 1735 760 ἑαυτῶν
1749 734 1858 766 τέκνοις

1063 774 1166 809 ταύτην
1181 776 1231 810 τὴν
1255 775 1428 804 διδασκαλίαν
1450 778 1638 813 παραδιδόατε.
1659 779 1753 806 Ταῦτα
1769 779 1858 811 οὕτως

1064 818 1198 852 λέγοντες,
1215 819 1262 845 καὶ
1276 820 1309 846 τὰ
1325 821 1430 852 τούτοις
1449 823 1527 857 ὃμοια
1550 823 1603 849 ἀπὸ
1616 823 1669 850 τῶν
1683 824 1763 851 θείων
1785 825 1853 860 Γρα-

221 865 284 892 Haec
297 873 357 899 qua:
377 865 509 891 hactenus
527 864 600 897 dixi,
623 867 706 898 atque
729 865 770 892 his
795 865 894 892 similia
916 865 1015 899 praedi-

1068 863 1123 897 φῶν
1138 863 1286 898 βεϐαιῶσαι
1302 865 1401 897 αὐτούς
1416 875 1446 892 τε
1469 867 1515 893 καὶ
1533 868 1596 899 τοὺς
1617 868 1764 905 ἀκούοντας
1779 870 1858 904 ὑμῶν

221 910 319 944 cando,
337 914 417 944 atque
431 917 446 936 e
461 910 546 936 sacris
570 909 680 936 Litteris
700 910 882 944 vosmetipsos
908 911 1017 937 audito-

222 964 320 990 rcsque
339 960 445 982 vestros
466 954 628 982 COnﬁrmare
670 954 804 987 docendo,
832 955 1016 988 instituendo,

222 1000 387 1027 moderando
405 999 483 1026 ﬁnem
506 1000 608 1026 nullum
628 999 719 1031 iaettc,
736 999 829 1027 ﬁdeles
841 1004 868 1027 et
885 1001 1014 1027 catholici

222 1046 283 1072 viri.
305 1045 420 1080 Pergite,
436 1045 558 1079 inquam,
579 1049 700 1072 sanctam
718 1045 788 1072 hanc
811 1046 939 1074 Ecclesim
956 1053 1020 1074 con-

224 1097 334 1117 servare
356 1089 446 1120 ﬁdem,
463 1097 544 1124 quant
559 1095 734 1117 sacrosancta
753 1097 784 1117 ac
802 1091 953 1125 singularis
971 1090 1017 1118 Dei

225 1135 301 1170 virgo
318 1136 353 1162 ab
370 1136 500 1170 apostolis
524 1135 628 1162 Domini
654 1135 706 1163 sibi
730 1136 861 1163 creditam
885 1137 1016 1171 accepit:

225 1179 350 1214 idemque
366 1179 571 1207 calccltumeuis
590 1180 718 1207 omnibus
739 1179 785 1214 qui
804 1180 836 1206 ad
852 1181 1017 1215 baptismum

226 1233 288 1252 sese
302 1229 472 1260 comparant,
499 1226 634 1253 inculcate
657 1226 812 1260 diligenter.
837 1225 931 1260 Neque
954 1226 1018 1254 ﬁliis

229 1270 330 1296 vestris
342 1270 369 1296 in
383 1269 497 1296 Domino
512 1269 538 1295 id
555 1270 700 1304 przeciperc
714 1270 846 1296 duntaxat
861 1274 890 1295 ut
905 1269 1017 1296 credant

227 1319 345 1349 oportet,
364 1314 411 1341 sed
425 1320 451 1341 et
464 1315 525 1341 illos
538 1314 636 1341 docere
651 1319 680 1340 ut
693 1314 763 1341 hanc
778 1314 921 1340 i'orumlam
936 1322 1017 1348 quam

228 1363 349 1387 vestrum
368 1364 548 1393 nostrumque
571 1359 693 1385 omnium
714 1363 801 1385 mater
824 1359 1016 1393 amplectitur,

229 1411 358 1439 expresse
374 1404 530 1438 diserteque
543 1403 636 1430 dicant
652 1413 658 1430 :

266 1450 356 1477 CXIX.
378 1449 521 1477 Credimus
545 1450 571 1476 in
592 1457 676 1476 unum
702 1449 784 1476 Deum
803 1449 909 1476 Patrem
930 1451 1018 1477 omni-

1069 908 1248 942 διδάσκοντες,
1270 911 1463 944 ὁδοποιοῦντες,
1484 913 1676 948 κατηχοῦντες,
1702 915 1739 950 μὴ
1754 916 1858 942 διαλεί-

1070 963 1148 989 πητε,
1162 956 1186 981 ot
1203 956 1293 982 πιστοὶ
1308 956 1354 983 καὶ
1368 957 1513 992 όρθόδοξοι,
1526 959 1628 994 ταύτην
1643 960 1691 994 τὴν
1706 960 1787 994 ἁγίαν
1809 961 1856 987 πί-

1070 1008 1129 1026 στιν
1150 1000 1200 1035 τῆς
1225 1000 1371 1036 καθολικῆς
1404 1002 1578 1037 Ἐκκλησίας,
1601 1003 1638 1035 ὠς
1661 1005 1817 1039 παρέλαϐεν
1840 1008 1857 1042 ἡ

1069 1045 1134 1078 ἁγία
1157 1046 1204 1071 καὶ
1225 1046 1293 1081 μόνη
1311 1047 1444 1082 παρθένος
1469 1047 1515 1074 τοῦ
1531 1048 1598 1075 Θεοῦ
1621 1050 1674 1075 ἀπὸ
1697 1050 1750 1076 τῶν
1772 1051 1858 1084 ἁγίων

1068 1089 1224 1116 ἀποστόλων
1235 1091 1281 1116 τοῦ
1298 1091 1399 1127 Κυρίου
1416 1092 1572 1126 φυλάττειν·
1586 1094 1632 1120 καὶ
1644 1094 1730 1126 οὕτως
1743 1096 1857 1122 ἕκαστον

1067 1134 1122 1160 τῶν
1138 1137 1347 1171 κατηχουμένων
1369 1138 1423 1164 τῶν
1447 1138 1597 1172 μελλόντων
1613 1139 1651 1174 τῷ
1666 1141 1736 1175 ἁγίῳ
1753 1141 1857 1177 λουτρῷ

1069 1181 1210 1216 προσιέναι
1235 1183 1265 1208 οὐ
1293 1183 1371 1217 μόνον
1399 1184 1580 1218 ἀπαγγέλλειν
1601 1186 1720 1220 ὀφείλετε
1750 1187 1782 1214 τὸ
1811 1198 1856 1215 πι-

1069 1227 1175 1252 στεύειν
1193 1229 1250 1259 τοῖς
1272 1229 1376 1255 ἑαυτῶν
1393 1230 1461 1261 υἱοῖς
1475 1231 1502 1256 ἐν
1516 1231 1621 1266 Κυρίῳ.
1637 1232 1704 1258 ἀλλὰ
1718 1233 1766 1259 καὶ
1786 1233 1858 1260 διδά-

1069 1279 1145 1298 σκειν
1161 1273 1249 1307 ῥητῶς
1270 1273 1307 1305 ὡς
1322 1275 1430 1302 πάντων
1446 1276 1462 1312 ἡ
1482 1276 1550 1312 αὐτὴ
1568 1278 1659 1314 μήτηρ
1675 1278 1752 1314 ὑμῶν
1766 1288 1796 1306 τε
1812 1280 1861 1306 καὶ

1068 1317 1084 1351 ἡ
1089 1317 1158 1351 μῶν,
1173 1317 1203 1344 τὸ
1219 1319 1319 1353 λέγειν’

1103 1450 1176 1477 ΡΙΘ’.
1197 1452 1365 1488 Πιστεύομεν
1388 1455 1428 1486 εἰς
1453 1455 1500 1482 ἕνα
1521 1456 1597 1489 Θεὸν,
1624 1458 1733 1494 Πατέρα
1759 1469 1857 1489 παπ-δ

232 1499 383 1530 potentem,
409 1494 540 1521 factorem
559 1494 620 1521 caeli
643 1498 670 1521 et
689 1498 778 1527 terrae,
795 1495 942 1523 visibilium
960 1504 1016 1523 om-

1069 1496 1199 1531 κράτορα,
1228 1499 1342 1534 ποιητὴν
1365 1500 1480 1536 οὐρανοῦ
1497 1511 1526 1528 τε
1549 1504 1596 1530 καὶ
1619 1504 1680 1539 γῆς,
1704 1506 1811 1540 ὁρατῶν
1827 1517 1856 1534 τε

233 1542 307 1568 nium
326 1545 353 1567 et
367 1540 554 1566 iuvisibiiium.
573 1539 603 1565 Et
621 1540 648 1566 itt
666 1548 750 1566 umtm
767 1540 909 1568 Dominum
925 1541 1017 1569 Jesum

233 1586 372 1612 Christum
386 1584 484 1610 Filium
502 1584 546 1610 Dei
567 1585 750 1619 unigenitum;
774 1593 806 1613 ex
824 1585 904 1613 Patre
925 1591 1018 1613 natum

234 1634 298 1656 ante
313 1629 405 1655 omnia
422 1629 531 1658 saecula.
552 1629 602 1656 hoc
615 1634 667 1662 est,
686 1638 718 1657 ex
740 1631 894 1658 substantia
909 1632 998 1660 Patris
1009 1652 1016 1664 .

235 1676 326 1701 lntnen
340 1674 374 1701 de
390 1674 503 1705 lumine,
520 1674 602 1701 Deum
623 1683 716 1702 verum
733 1676 766 1703 tle
790 1677 843 1703 Deo
856 1684 931 1708 vero,
949 1678 1021 1712 getti-

234 1723 360 1753 tum,nou
373 1719 486 1751 factttm,
503 1721 764 1748 consubstantialem
779 1722 867 1748 Patri:
882 1730 928 1757 per
939 1731 1019 1757 quem

234 1767 325 1792 omnia
340 1764 408 1796 facta
422 1768 486 1793 stitit
499 1773 559 1800 quzr.
572 1766 598 1792 in
613 1766 691 1793 caelis
704 1770 730 1793 et
750 1775 811 1801 qua:
823 1768 849 1793 in
871 1772 942 1794 terra
958 1776 1021 1794 con-

234 1811 365 1837 tinentur.
385 1811 437 1843 Qui
455 1815 565 1845 propter
586 1819 635 1838 nos
653 1812 778 1839 homines
793 1816 819 1840 et
839 1817 949 1848 propter
974 1821 1021 1840 no-

233 1858 318 1881 stram
337 1855 451 1882 salutem
473 1855 611 1882 descendit
635 1856 668 1883 de
692 1857 785 1890 caelis,
809 1861 836 1884 et
860 1858 1019 1886 incarnatus

232 1904 275 1926 est
289 1900 322 1926 de
345 1900 448 1935 Spiritu
466 1906 562 1927 sancto
585 1909 616 1928 ex
641 1901 724 1929 Maria
745 1901 867 1937 Virgine,
890 1908 917 1930 et
938 1904 1020 1931 homo

233 1945 322 1971 factus
340 1950 392 1973 est.
414 1945 568 1973 Cruciﬁxus
584 1947 666 1972 etiam
689 1954 737 1981 pro
754 1947 832 1975 nobis
852 1949 903 1975 sub
923 1949 1019 1975 Pontio

231 1989 330 2022 Pilato,
350 1998 448 2025 passus
463 1995 489 2018 et
506 1992 631 2026 sepultus
648 1997 689 2019 est
705 2001 712 2019 :
728 1997 755 2019 et
772 1994 922 2021 resurrexit
940 1994 1019 2021 tertia

234 2035 278 2062 die
295 2036 445 2063 secundum
462 2035 637 2072 Scripturas;
664 2042 690 2065 et
712 2040 835 2066 ascendit
855 2040 882 2066 in
901 2041 1018 2071 malum,

233 2084 261 2107 et
278 2080 354 2108 sedet
375 2080 408 2107 ad
429 2081 568 2108 dexteram
589 2081 695 2116 Patris;
719 2088 745 2110 et
767 2083 864 2111 iterum
888 2089 1020 2112 venturus

230 2129 272 2153 est
294 2133 356 2152 cmn
379 2127 463 2161 gloria
483 2127 607 2160 judicare
633 2128 709 2155 vivos
730 2132 757 2155 el.
779 2134 916 2161 mortuos;
941 2130 1019 2165 123

1070 1542 1179 1569 πάντων
1193 1544 1240 1570 καὶ
1264 1545 1397 1580 ἀοράτων.
1421 1547 1476 1573 Καὶ
1493 1549 1532 1580 είς
1558 1549 1604 1575 ἕνα
1629 1550 1729 1588 Κῦριον
1755 1553 1858 1588 Ἰησοῦν

1070 1587 1185 1621 Χριστὸν
1208 1589 1253 1615 τὸν
1278 1590 1341 1617 Υίὺν
1357 1592 1405 1617 τοῦ
1425 1592 1492 1618 Θεοῦ
1516 1593 1562 1619 τον
1587 1587 1728 1632 μονογενῆ,
1753 1598 1801 1624 τὸν
1827 1600 1859 1626 ὲκ

1070 1632 1116 1658 τοῦ
1144 1634 1250 1670 Πατρὺς
1267 1636 1431 1671 γεννηθέντα
1454 1638 1507 1673 πρὸ
1532 1639 1641 1667 πάντων
1664 1641 1718 1669 τῶν
1739 1643 1858 1676 αἰώνων,

1069 1678 1207 1705 τουτέστιν
1223 1681 1254 1707 ἑκ
1270 1681 1319 1716 τῆς
1332 1682 1425 1713 οὐσίας
1439 1683 1487 1709 τοῦ
1501 1684 1617 1719 Πατρὺς,
1636 1686 1694 1720 φῶς
1711 1688 1743 1714 ἐκ
1758 1689 1858 1722 φωτὸς,

1070 1719 1136 1747 Θεὸν
1165 1722 1289 1758 ἀληθινὸν
1318 1725 1350 1751 ἐκ
1380 1725 1447 1752 Θεοῦ
1477 1727 1614 1761 ἀληθινοῦ,
1639 1719 1812 1766 γεννηθέν-τα,
1829 1719 1858 1760 οὐ

1071 1766 1226 1801 ποιηθέντα,
1246 1769 1387 1803 ὁμοούσιον
1412 1771 1452 1806 τῷ
1473 1773 1577 1808 Πατρί·
1604 1774 1639 1800 δι’
1659 1772 1688 1802 οὗ
1711 1777 1745 1803 τὰ
1770 1778 1861 1808 πάντα

1070 1811 1188 1845 ἐγένετο,
1214 1813 1249 1839 τά
1275 1823 1305 1840 τε
1330 1815 1359 1842 ἐν
1379 1818 1434 1848 τοῖς
1449 1818 1573 1852 οὐρανοῖς
1593 1820 1638 1846 καὶ
1657 1820 1689 1846 τὰ
1707 1822 1735 1847 ἐν
1755 1824 1788 1858 τῇ
1805 1828 1840 1858 γῇ
1852 1833 1858 1838 -

1070 1857 1116 1883 τὸν
1132 1857 1166 1884 δι’
1181 1859 1254 1893 ἡμᾶς
1267 1860 1329 1891 τοὺς
1350 1861 1512 1897 ἀνθρώπους
1528 1864 1574 1890 καὶ
1597 1864 1641 1891 διὰ
1656 1865 1704 1901 τὴν
1721 1857 1860 1904 ἡμετέραν

1072 1903 1209 1938 σωτηρίαν
1227 1905 1390 1932 κατελθόντα
1406 1908 1437 1933 ἐκ
1459 1908 1512 1934 τῶν
1534 1909 1667 1945 οὐρανῶν,
1681 1912 1728 1938 καὶ
1751 1903 1860 1948 σαρκω-

1071 1947 1151 1974 θέντα
1166 1949 1198 1975 ὲκ
1210 1950 1367 1985 Πνεύματος
1379 1952 1456 1986 ἁγίου
1471 1954 1517 1980 καὶ
1529 1953 1634 1991 Μαρίας
1644 1956 1694 1991 τῆς
1708 1947 1859 1992 Παρθένου,

1071 1994 1118 2020 καὶ
1143 1994 1399 2030 ἑνανθρωπήσαντα,
1428 1999 1617 2033 σταυρωθέντα
1639 2010 1667 2027 τε
1692 2002 1762 2038 ὑπὲρ
1780 2004 1860 2039 ήμῶν

1071 2040 1117 2066 ἐπὶ
1131 2040 1244 2067 Ποντίου
1260 2041 1387 2073 Πιλάτου,
1403 2044 1450 2070 καὶ
1466 2044 1593 2078 παθόντα,
1606 2046 1652 2072 καὶ
1668 2048 1798 2081 ταφέντα,
1813 2050 1860 2077 καὶ

1071 2085 1226 2113 ἀναστάντα
1242 2088 1274 2122 τῇ
1291 2088 1370 2124 τρίτῃ
1393 2089 1494 2124 ἡμέρᾳ,
1513 2091 1584 2117 κατὰ
1602 2092 1652 2124 τὰς
1672 2093 1795 2128 Γραφὰς,
1812 2097 1860 2122 καὶ

1071 2131 1217 2159 ἀνελθόντα
1231 2133 1270 2164 είς
1295 2134 1358 2165 τοὺς
1372 2135 1520 2169 οὐρανοὺς,
1546 2137 1592 2163 καὶ
1617 2138 1800 2174 καθεζόμενον
1827 2142 1859 2168 ἐκ

229 2170 310 2204 cujus
324 2171 401 2205 regni
418 2179 471 2198 non
491 2172 543 2198 erit
558 2172 631 2200 linis.
657 2173 688 2199 Et
704 2173 729 2200 in
745 2173 878 2208 Spiritum
892 2178 1016 2202 sant-lum

1070 2176 1164 2208 δεξιῶν
1183 2178 1230 2203 τοῦ
1245 2179 1360 2214 Πατρδς,
1379 2180 1425 2206 καὶ
1440 2181 1520 2208 πάλιν
1533 2183 1679 2218 ἐρχόμενον
1697 2170 1766 2219 μετὰ
1779 2186 1859 2221 δόξης

230 2213 373 2241 Dominum
396 2219 424 2242 et
444 2217 635 2251 viviﬁcantem,
657 2218 702 2252 qui
724 2226 756 2244 ex
782 2217 861 2245 Patre
879 2219 1017 2254 procedit,

229 2260 275 2294 qui
293 2268 355 2286 cum
372 2259 450 2288 Patre
468 2265 494 2288 et
510 2261 578 2289 Filio
603 2263 683 2289 simul
701 2262 830 2289 aduratur
845 2268 872 2290 et
887 2264 1018 2298 conglori-

231 2305 338 2337 iicatur,
354 2306 400 2340 qui
417 2306 524 2334 locutus
537 2312 579 2335 est
592 2316 639 2342 per
658 2308 814 2342 prophetas.
831 2308 864 2335 Et
879 2309 907 2335 in
923 2317 1016 2342 unam,

230 2355 367 2384 sanetam,
396 2353 558 2380 catholicam
587 2357 615 2379 et
644 2353 823 2387 apostolicam
856 2353 1016 2383 Ecclesiam.

228 2395 397 2424 Confitentur
418 2406 500 2424 unum
517 2398 652 2431 baptisma
669 2397 695 2424 in
713 2398 903 2427 remissionem
921 2408 1018 2434 pecca-

228 2445 331 2468 torutu.
345 2443 542 2477 Exspectamus
558 2442 785 2470 resurrectionem
802 2448 972 2472 mortuorum
990 2450 1017 2474 et

229 2487 311 2513 vitam
328 2486 411 2514 futuri
430 2487 532 2514 seculi.
549 2488 646 2515 Amen.
674 2488 727 2516 Eos
746 2496 811 2516 vero
834 2491 880 2525 qui
900 2491 1016 2519 dituut:

229 2531 291 2559 Fuit
303 2532 450 2567 aliquando
464 2540 526 2559 cum
539 2541 593 2561 non
604 2538 691 2568 esset;
707 2540 744 2568 et,
757 2535 910 2571 Antequam
924 2537 1018 2573 gigne-

229 2582 304 2604 retur
317 2585 370 2604 non
382 2581 455 2610 erat;
471 2578 540 2610 sive,
551 2578 588 2606 Ex
601 2587 654 2607 non
672 2581 844 2609 exstantibus
864 2582 952 2610 lactus
964 2588 1016 2615 est,

226 2623 270 2650 vel
293 2630 326 2648 ex
350 2622 401 2648 alia
424 2623 563 2658 hypostasi
590 2624 631 2652 vel
657 2626 826 2659 substantia;
851 2627 953 2662 quique
971 2628 1017 2655 Dei

228 2667 327 2694 Filium
353 2667 480 2695 liuentem
509 2673 556 2696 aut
582 2671 740 2698 mutabilem
765 2679 826 2700 esse
849 2673 1016 2707 defendunt;

228 2712 279 2740 hos
293 2719 386 2740 omnes
398 2714 568 2743 anathemate
583 2716 693 2744 damnat
709 2718 845 2746 catholica
861 2723 888 2747 et
905 2724 1016 2754 aposto-

270 2788 281 2806 ¹
298 2788 398 2824 Epltes.
418 2799 453 2823 tv,
473 2791 500 2820 5.

1067 2223 1158 2257 κρῖναι
1181 2222 1286 2254 ζῶντας
1311 2224 1357 2250 καὶ
1375 2226 1502 2260 νεκρούς·
1523 2225 1553 2253 οὗ
1573 2228 1622 2263 τῆς
1645 2228 1784 2263 βασιλείας
1808 2232 1859 2258 οὐκ

1069 2265 1144 2292 ἔσται
1162 2266 1247 2298 τέλος,
1272 2268 1327 2295 Καὶ
1352 2269 1392 2300 είς
1413 2270 1443 2296 τὺ
1460 2271 1571 2306 Πνεῦμα
1591 2273 1620 2299 τὸ
1643 2273 1730 2308 ἅγιον,
1755 2276 1860 2311 Κυριον

1069 2311 1117 2338 καὶ
1139 2312 1287 2345 ζωοποιδν,
1315 2314 1344 2340 τὺ
1368 2315 1399 2341 ὲκ
1424 2316 1470 2342 τοῦ
1496 2316 1604 2353 Πατρὸς
1629 2319 1858 2356 ἐκπορευόμενον,

1068 2355 1099 2382 τὸ
1114 2357 1161 2383 σὺν
1178 2358 1264 2394 Πατρὶ
1280 2358 1326 2384 καὶ
1347 2359 1404 2394 Υίῷ
1418 2363 1712 2398 συμπροσκυνοὺμενον
1734 2355 1782 2391 καὶ
1798 2375 1860 2394 συν-

1069 2401 1255 2436 δοξαζόμενον,
1284 2404 1314 2430 τὸ
1336 2403 1455 2440 λαλῆσαν
1478 2406 1521 2432 διὰ
1543 2407 1596 2434 τῶν
1625 2410 1783 2445 προφητῶν.
1813 2412 1860 2444 Et;

1072 2446 1136 2480 μίαν
1153 2446 1233 2480 ἁγίαν
1251 2448 1397 2485 καθολικὴν
1413 2451 1460 2477 καὶ
1479 2452 1659 2489 ὰποστολικὴν
1682 2455 1858 2490 Ἐκκλησίαν.

1077 2491 1276 2528 ὐμολογοῦμεν
1302 2494 1331 2520 ἓν
1356 2495 1496 2531 βάπτισμα
1520 2499 1560 2529 εις
1583 2498 1678 2533 ἄφεσιν
1704 2500 1859 2536 ἁμαρτιῶν.

1071 2538 1265 2574 προσδοκῶμεν
1285 2540 1433 2568 ἀνάστασιν
1446 2543 1559 2578 νεκρῶν,
1577 2545 1625 2571 καὶ
1639 2544 1711 2580 ζωὴν
1728 2546 1774 2572 τοῦ
1794 2548 1860 2583 μέλ-

1071 2582 1162 2614 λοντος
1179 2584 1285 2616 αἰῶνος.
1307 2586 1403 2622 Ἀμήν.
1419 2587 1490 2619 Τοὺς
1504 2588 1533 2614 δὲ
1555 2589 1683 2623 λέγοντας
1695 2599 1701 2604 ·
1722 2589 1777 2618 Ἦν
1793 2601 1860 2619 ποτε

1070 2628 1114 2655 ὅτε
1128 2628 1178 2654 οὐκ
1194 2627 1237 2664 ἦν,
1253 2631 1309 2663 καὶ,
1325 2631 1394 2666 Πρὶν
1415 2633 1576 2668 γεννηθῆναι
1595 2634 1644 2661 οὐκ
1662 2633 1706 2669 ἦν,
1726 2635 1742 2670 ἢ
1756 2636 1798 2663 ὃτι
1815 2638 1862 2670 Ἐξ

1069 2672 1118 2699 οὐκ
1142 2673 1227 2701 ὅντων
1244 2675 1360 2708 ἐγένετο,
1376 2676 1392 2712 ἢ
1411 2678 1440 2710 ἐξ
1465 2678 1560 2714 ἐτέρας
1583 2679 1758 2712 ὑποστάσεως
1778 2682 1795 2716 ἢ
1812 2683 1861 2709 υἰ-

1069 2719 1139 2752 σίας,
1166 2720 1318 2755 φάσκοντας
1341 2720 1410 2749 εἶναι
1435 2725 1544 2758 ρενστὸν
1559 2725 1574 2760 ἢ
1590 2725 1735 2753 ἀλλοιωτὸν
1749 2727 1797 2755 τὸν
1812 2728 1864 2755 τοῦ
