  <div class='ocr_page' id='page_1' title='image "/cluster/home/n/w/nwhite01/storage/ocr_20150623/43/njp.32101007506163/143.png"; bbox 0 0 1939 3039; ppageno 0'>
   <div class='ocr_carea' id='block_1_1' title="bbox 232 149 283 177">
    <p class='ocr_par' dir='ltr' id='par_1_1' title="bbox 232 149 283 177">
     <span class='ocr_line' id='line_1_1' title="bbox 232 149 283 177; baseline 0 0"><span class='ocrx_word' id='word_1_1' title='bbox 232 149 283 177; x_wconf 70' lang='lat' dir='ltr'><strong>L55</strong></span> 
     </span>
    </p>
   </div>
   <div class='ocr_carea' id='block_1_2' title="bbox 934 149 1152 178">
    <p class='ocr_par' dir='ltr' id='par_1_2' title="bbox 934 149 1152 178">
     <span class='ocr_line' id='line_1_2' title="bbox 934 149 1152 178; baseline 0 0"><span class='ocrx_word' id='word_1_2' title='bbox 934 150 962 178; x_wconf 91' lang='lat' dir='ltr'><strong>S.</strong></span> <span class='ocrx_word' id='word_1_3' title='bbox 983 149 1152 178; x_wconf 78' lang='lat' dir='ltr'><strong>EPlPIlANll</strong></span> 
     </span>
    </p>
   </div>
   <div class='ocr_carea' id='block_1_3' title="bbox 1806 156 1854 184">
    <p class='ocr_par' dir='ltr' id='par_1_3' title="bbox 1806 156 1854 184">
     <span class='ocr_line' id='line_1_3' title="bbox 1806 156 1854 184; baseline 0 0"><span class='ocrx_word' id='word_1_4' title='bbox 1806 156 1854 184; x_wconf 66' lang='lat'><strong>236</strong></span> 
     </span>
    </p>
   </div>
   <div class='ocr_carea' id='block_1_4' title="bbox 233 204 1019 247">
    <p class='ocr_par' dir='ltr' id='par_1_4' title="bbox 233 205 1019 243">
     <span class='ocr_line' id='line_1_4' title="bbox 233 205 1019 243; baseline -0.004 -8"><span class='ocrx_word' id='word_1_5' title='bbox 233 207 373 243; x_wconf 77' lang='lat' dir='ltr'><strong>prophetis</strong></span> <span class='ocrx_word' id='word_1_6' title='bbox 395 205 538 241; x_wconf 85' lang='lat' dir='ltr'><strong>aspiravit,</strong></span> <span class='ocrx_word' id='word_1_7' title='bbox 551 211 581 234; x_wconf 66' lang='lat' dir='ltr'><strong>‘et</strong></span> <span class='ocrx_word' id='word_1_8' title='bbox 598 206 626 234; x_wconf 89' lang='lat' dir='ltr'><strong>in</strong></span> <span class='ocrx_word' id='word_1_9' title='bbox 648 206 702 234; x_wconf 87' lang='lat' dir='ltr'><strong>illis</strong></span> <span class='ocrx_word' id='word_1_10' title='bbox 721 207 828 234; x_wconf 85' lang='lat' dir='ltr'><strong>locutus</strong></span> <span class='ocrx_word' id='word_1_11' title='bbox 844 210 896 240; x_wconf 87' lang='lat' dir='ltr'><strong>est,</strong></span> <span class='ocrx_word' id='word_1_12' title='bbox 915 205 1019 233; x_wconf 80' lang='lat' dir='ltr'><strong>etIecit-</strong></span> 
     </span>
    </p>
   </div>
   <div class='ocr_carea' id='block_1_5' title="bbox 1074 204 1855 247">
    <p class='ocr_par' dir='ltr' id='par_1_5' title="bbox 1074 204 1855 247">
     <span class='ocr_line' id='line_1_5' title="bbox 1074 204 1855 247; baseline 0.009 -16"><span class='ocrx_word' id='word_1_13' title='bbox 1074 206 1231 241; x_wconf 69' lang='grc' dir='ltr'>ἐνήργησε-ι,</span> <span class='ocrx_word' id='word_1_14' title='bbox 1250 204 1321 233; x_wconf 76' lang='grc' dir='ltr'>ἀλλὰ</span> <span class='ocrx_word' id='word_1_15' title='bbox 1342 207 1452 240; x_wconf 79' lang='grc' dir='ltr'><strong>τελείως</strong></span> <span class='ocrx_word' id='word_1_16' title='bbox 1470 208 1732 245; x_wconf 79' lang='grc' dir='ltr'>ὲνανορωπήσαντα·</span> <span class='ocrx_word' id='word_1_17' title='bbox 1756 206 1786 237; x_wconf 84' lang='grc'><strong>’0</strong></span> <span class='ocrx_word' id='word_1_18' title='bbox 1806 212 1855 247; x_wconf 76' lang='grc' dir='ltr'><strong>γὰρ</strong></span> 
     </span>
    </p>
   </div>
   <div class='ocr_carea' id='block_1_6' title="bbox 232 251 1019 289">
    <p class='ocr_par' dir='ltr' id='par_1_6' title="bbox 232 251 1019 289">
     <span class='ocr_line' id='line_1_6' title="bbox 232 251 1019 289; baseline -0.001 -8"><span class='ocrx_word' id='word_1_19' title='bbox 232 262 284 289; x_wconf 85' lang='lat' dir='ltr'><strong>que</strong></span> <span class='ocrx_word' id='word_1_20' title='bbox 310 253 460 288; x_wconf 87' lang='lat' dir='ltr'><strong>quidpiam,</strong></span> <span class='ocrx_word' id='word_1_21' title='bbox 485 252 532 280; x_wconf 87' lang='lat' dir='ltr'><strong>sed</strong></span> <span class='ocrx_word' id='word_1_22' title='bbox 561 253 644 279; x_wconf 89' lang='lat' dir='ltr'><strong>homo</strong></span> <span class='ocrx_word' id='word_1_23' title='bbox 670 251 807 287; x_wconf 84' lang='lat' dir='ltr'><strong>perfectus</strong></span> <span class='ocrx_word' id='word_1_24' title='bbox 830 259 892 280; x_wconf 87' lang='lat' dir='ltr'><strong>esse</strong></span> <span class='ocrx_word' id='word_1_25' title='bbox 911 253 1019 280; x_wconf 86' lang='lat' dir='ltr'><strong>voluit:</strong></span> 
     </span>
    </p>
   </div>
   <div class='ocr_carea' id='block_1_7' title="bbox 238 298 1022 333">
    <p class='ocr_par' dir='ltr' id='par_1_7' title="bbox 238 298 1022 333">
     <span class='ocr_line' id='line_1_7' title="bbox 238 298 1022 333; baseline -0.001 -7"><span class='ocrx_word' id='word_1_26' title='bbox 238 299 349 326; x_wconf 78' lang='lat' dir='ltr'><strong>Verbum</strong></span> <span class='ocrx_word' id='word_1_27' title='bbox 372 298 473 333; x_wconf 83' lang='lat' dir='ltr'><strong>quippe</strong></span> <span class='ocrx_word' id='word_1_28' title='bbox 491 306 554 325; x_wconf 82' lang='lat' dir='ltr'><strong>mra</strong></span> <span class='ocrx_word' id='word_1_29' title='bbox 573 298 673 332; x_wconf 74' lang='lat' dir='ltr'><strong>factum</strong></span> <span class='ocrx_word' id='word_1_30' title='bbox 687 302 726 325; x_wconf 70' lang='lat' dir='ltr'><strong>est</strong></span> <span class='ocrx_word' id='word_1_31' title='bbox 742 299 770 331; x_wconf 85' lang='grc'><strong>¹;</strong></span> <span class='ocrx_word' id='word_1_32' title='bbox 789 305 877 333; x_wconf 87' lang='lat' dir='ltr'><strong>neque</strong></span> <span class='ocrx_word' id='word_1_33' title='bbox 892 302 939 325; x_wconf 85' lang='lat' dir='ltr'><strong>aut</strong></span> <span class='ocrx_word' id='word_1_34' title='bbox 963 306 1022 325; x_wconf 86' lang='lat' dir='ltr'><strong>mtt-</strong></span> 
     </span>
    </p>
   </div>
   <div class='ocr_carea' id='block_1_8' title="bbox 197 343 1021 381">
    <p class='ocr_par' dir='ltr' id='par_1_8' title="bbox 197 343 1021 381">
     <span class='ocr_line' id='line_1_8' title="bbox 197 343 1021 381; baseline 0 -11"><span class='ocrx_word' id='word_1_35' title='bbox 197 345 210 381; x_wconf 56' lang='grc' dir='ltr'>ξ</span> <span class='ocrx_word' id='word_1_36' title='bbox 232 344 361 370; x_wconf 79' lang='lat' dir='ltr'><strong>tationem</strong></span> <span class='ocrx_word' id='word_1_37' title='bbox 375 343 457 370; x_wconf 89' lang='lat' dir='ltr'><strong>ullam</strong></span> <span class='ocrx_word' id='word_1_38' title='bbox 472 347 514 370; x_wconf 86' lang='lat' dir='ltr'><strong>est</strong></span> <span class='ocrx_word' id='word_1_39' title='bbox 532 348 684 378; x_wconf 79' lang='lat' dir='ltr'><strong>expertum,</strong></span> <span class='ocrx_word' id='word_1_40' title='bbox 699 347 746 371; x_wconf 86' lang='lat' dir='ltr'><strong>aut</strong></span> <span class='ocrx_word' id='word_1_41' title='bbox 757 343 927 371; x_wconf 85' lang='lat' dir='ltr'><strong>divinitatem</strong></span> <span class='ocrx_word' id='word_1_42' title='bbox 943 352 1021 372; x_wconf 89' lang='lat' dir='ltr'><strong>suam</strong></span> 
     </span>
    </p>
   </div>
   <div class='ocr_carea' id='block_1_9' title="bbox 200 389 1021 421">
    <p class='ocr_par' dir='ltr' id='par_1_9' title="bbox 200 389 1021 421">
     <span class='ocr_line' id='line_1_9' title="bbox 200 389 1021 421; baseline 0.001 -5"><span class='ocrx_word' id='word_1_43' title='bbox 200 389 212 421; x_wconf 69' lang='grc' dir='ltr'><strong>’ξ</strong></span> <span class='ocrx_word' id='word_1_44' title='bbox 232 391 259 416; x_wconf 90' lang='lat' dir='ltr'><strong>in</strong></span> <span class='ocrx_word' id='word_1_45' title='bbox 280 394 406 416; x_wconf 86' lang='lat' dir='ltr'><strong>naturam</strong></span> <span class='ocrx_word' id='word_1_46' title='bbox 427 389 561 416; x_wconf 72' lang='lat' dir='ltr'><strong>convertit</strong></span> <span class='ocrx_word' id='word_1_47' title='bbox 585 389 714 421; x_wconf 88' lang='lat' dir='ltr'><strong>hominis,</strong></span> <span class='ocrx_word' id='word_1_48' title='bbox 739 389 787 417; x_wconf 86' lang='lat' dir='ltr'><strong>sed</strong></span> <span class='ocrx_word' id='word_1_49' title='bbox 808 391 835 417; x_wconf 92' lang='lat' dir='ltr'><strong>in</strong></span> <span class='ocrx_word' id='word_1_50' title='bbox 855 397 938 418; x_wconf 90' lang='lat' dir='ltr'><strong>unam</strong></span> <span class='ocrx_word' id='word_1_51' title='bbox 958 398 1021 418; x_wconf 83' lang='lat' dir='ltr'><strong>san-</strong></span> 
     </span>
    </p>
   </div>
   <div class='ocr_carea' id='block_1_10' title="bbox 232 435 1021 471">
    <p class='ocr_par' dir='ltr' id='par_1_10' title="bbox 232 435 1021 471">
     <span class='ocr_line' id='line_1_10' title="bbox 232 435 1021 471; baseline 0.003 -9"><span class='ocrx_word' id='word_1_52' title='bbox 232 439 303 462; x_wconf 70' lang='lat' dir='ltr'><strong>ctam</strong></span> <span class='ocrx_word' id='word_1_53' title='bbox 326 435 521 470; x_wconf 74' lang='lat' dir='ltr'><strong>perfectionem</strong></span> <span class='ocrx_word' id='word_1_54' title='bbox 537 435 761 470; x_wconf 85' lang='lat' dir='ltr'><strong>divinitatemque</strong></span> <span class='ocrx_word' id='word_1_55' title='bbox 776 435 928 471; x_wconf 86' lang='lat' dir='ltr'><strong>copulavit;</strong></span> <span class='ocrx_word' id='word_1_56' title='bbox 950 444 1021 464; x_wconf 86' lang='lat' dir='ltr'><strong>unus</strong></span> 
     </span>
    </p>
   </div>
   <div class='ocr_carea' id='block_1_11' title="bbox 213 480 1019 515">
    <p class='ocr_par' dir='ltr' id='par_1_11' title="bbox 213 480 1019 515">
     <span class='ocr_line' id='line_1_11' title="bbox 213 480 1019 515; baseline 0 -7"><span class='ocrx_word' id='word_1_57' title='bbox 213 480 216 515; x_wconf 63' lang='grc' dir='ltr'>Ξ</span> <span class='ocrx_word' id='word_1_58' title='bbox 231 484 274 508; x_wconf 84' lang='lat' dir='ltr'><strong>est</strong></span> <span class='ocrx_word' id='word_1_59' title='bbox 287 481 360 509; x_wconf 91' lang='lat' dir='ltr'><strong>enim</strong></span> <span class='ocrx_word' id='word_1_60' title='bbox 376 480 507 510; x_wconf 86' lang='lat' dir='ltr'><strong>Dominus</strong></span> <span class='ocrx_word' id='word_1_61' title='bbox 521 480 602 509; x_wconf 81' lang='lat' dir='ltr'><strong>Jesus</strong></span> <span class='ocrx_word' id='word_1_62' title='bbox 617 481 755 514; x_wconf 91' lang='lat' dir='ltr'><strong>Christus,</strong></span> <span class='ocrx_word' id='word_1_63' title='bbox 774 489 827 509; x_wconf 91' lang='lat' dir='ltr'><strong>non</strong></span> <span class='ocrx_word' id='word_1_64' title='bbox 846 481 920 515; x_wconf 89' lang='lat' dir='ltr'><strong>duo;</strong></span> <span class='ocrx_word' id='word_1_65' title='bbox 947 481 1019 509; x_wconf 86' lang='lat' dir='ltr'><strong>idem</strong></span> 
     </span>
    </p>
   </div>
   <div class='ocr_carea' id='block_1_12' title="bbox 231 525 1021 562">
    <p class='ocr_par' dir='ltr' id='par_1_12' title="bbox 231 525 1021 562">
     <span class='ocr_line' id='line_1_12' title="bbox 231 525 1021 562; baseline 0 -8"><span class='ocrx_word' id='word_1_66' title='bbox 231 526 315 559; x_wconf 80' lang='lat' dir='ltr'><strong>Dens,</strong></span> <span class='ocrx_word' id='word_1_67' title='bbox 330 526 401 554; x_wconf 90' lang='lat' dir='ltr'><strong>idem</strong></span> <span class='ocrx_word' id='word_1_68' title='bbox 419 525 562 558; x_wconf 84' lang='lat' dir='ltr'><strong>Dominus,</strong></span> <span class='ocrx_word' id='word_1_69' title='bbox 578 527 705 562; x_wconf 87' lang='lat' dir='ltr'><strong>idemque</strong></span> <span class='ocrx_word' id='word_1_70' title='bbox 721 535 778 555; x_wconf 78' lang='lat' dir='ltr'><strong>rex.</strong></span> <span class='ocrx_word' id='word_1_71' title='bbox 797 526 848 560; x_wconf 85' lang='lat' dir='ltr'><strong>Qui</strong></span> <span class='ocrx_word' id='word_1_72' title='bbox 867 535 965 562; x_wconf 87' lang='lat' dir='ltr'><strong>passus</strong></span> <span class='ocrx_word' id='word_1_73' title='bbox 979 531 1021 555; x_wconf 87' lang='lat' dir='ltr'><strong>est</strong></span> 
     </span>
    </p>
   </div>
   <div class='ocr_carea' id='block_1_13' title="bbox 231 573 1021 605">
    <p class='ocr_par' dir='ltr' id='par_1_13' title="bbox 231 573 1021 605">
     <span class='ocr_line' id='line_1_13' title="bbox 231 573 1021 605; baseline 0.001 -6"><span class='ocrx_word' id='word_1_74' title='bbox 231 573 259 600; x_wconf 88' lang='lat' dir='ltr'><strong>in</strong></span> <span class='ocrx_word' id='word_1_75' title='bbox 278 580 371 604; x_wconf 90' lang='lat' dir='ltr'><strong>carne,</strong></span> <span class='ocrx_word' id='word_1_76' title='bbox 393 576 420 600; x_wconf 90' lang='lat' dir='ltr'><strong>et</strong></span> <span class='ocrx_word' id='word_1_77' title='bbox 436 573 596 605; x_wconf 79' lang='lat' dir='ltr'><strong>resurrexit,</strong></span> <span class='ocrx_word' id='word_1_78' title='bbox 615 577 642 600; x_wconf 91' lang='lat' dir='ltr'><strong>et</strong></span> <span class='ocrx_word' id='word_1_79' title='bbox 656 573 756 600; x_wconf 76' lang='lat' dir='ltr'><strong>coelum</strong></span> <span class='ocrx_word' id='word_1_80' title='bbox 773 580 834 600; x_wconf 91' lang='lat' dir='ltr'><strong>cum</strong></span> <span class='ocrx_word' id='word_1_81' title='bbox 846 573 942 601; x_wconf 88' lang='lat' dir='ltr'><strong>eodem</strong></span> <span class='ocrx_word' id='word_1_82' title='bbox 959 581 1021 601; x_wconf 89' lang='lat' dir='ltr'><strong>cor-</strong></span> 
     </span>
    </p>
   </div>
   <div class='ocr_carea' id='block_1_14' title="bbox 232 618 1021 655">
    <p class='ocr_par' dir='ltr' id='par_1_14' title="bbox 232 618 1021 655">
     <span class='ocr_line' id='line_1_14' title="bbox 232 618 1021 655; baseline 0.003 -10"><span class='ocrx_word' id='word_1_83' title='bbox 232 625 297 653; x_wconf 88' lang='lat' dir='ltr'><strong>pore</strong></span> <span class='ocrx_word' id='word_1_84' title='bbox 315 619 493 652; x_wconf 81' lang='lat' dir='ltr'><strong>conscendit;</strong></span> <span class='ocrx_word' id='word_1_85' title='bbox 517 622 543 646; x_wconf 87' lang='lat' dir='ltr'><strong>et</strong></span> <span class='ocrx_word' id='word_1_86' title='bbox 565 618 599 646; x_wconf 84' lang='lat' dir='ltr'><strong>ad</strong></span> <span class='ocrx_word' id='word_1_87' title='bbox 623 618 764 646; x_wconf 80' lang='lat' dir='ltr'><strong>dexteram</strong></span> <span class='ocrx_word' id='word_1_88' title='bbox 787 619 878 647; x_wconf 83' lang='lat' dir='ltr'><strong>Patris</strong></span> <span class='ocrx_word' id='word_1_89' title='bbox 902 619 1021 655; x_wconf 74' lang='lat' dir='ltr'><strong>gloriose</strong></span> 
     </span>
    </p>
   </div>
   <div class='ocr_carea' id='block_1_15' title="bbox 230 663 1020 698">
    <p class='ocr_par' dir='ltr' id='par_1_15' title="bbox 230 663 1020 698">
     <span class='ocr_line' id='line_1_15' title="bbox 230 663 1020 698; baseline 0 -8"><span class='ocrx_word' id='word_1_90' title='bbox 230 663 372 695; x_wconf 86' lang='lat' dir='ltr'><strong>consedit;</strong></span> <span class='ocrx_word' id='word_1_91' title='bbox 390 669 417 691; x_wconf 90' lang='lat' dir='ltr'><strong>et</strong></span> <span class='ocrx_word' id='word_1_92' title='bbox 431 671 493 690; x_wconf 92' lang='lat' dir='ltr'><strong>cum</strong></span> <span class='ocrx_word' id='word_1_93' title='bbox 507 663 605 691; x_wconf 82' lang='lat' dir='ltr'><strong>eodem</strong></span> <span class='ocrx_word' id='word_1_94' title='bbox 622 670 738 698; x_wconf 83' lang='lat' dir='ltr'><strong>corpore</strong></span> <span class='ocrx_word' id='word_1_95' title='bbox 753 669 884 692; x_wconf 90' lang='lat' dir='ltr'><strong>venturus</strong></span> <span class='ocrx_word' id='word_1_96' title='bbox 898 668 940 692; x_wconf 88' lang='lat' dir='ltr'><strong>est</strong></span> <span class='ocrx_word' id='word_1_97' title='bbox 957 671 1020 692; x_wconf 88' lang='lat' dir='ltr'><strong>cum</strong></span> 
     </span>
    </p>
   </div>
   <div class='ocr_carea' id='block_1_16' title="bbox 231 708 1020 744">
    <p class='ocr_par' dir='ltr' id='par_1_16' title="bbox 231 708 1020 744">
     <span class='ocr_line' id='line_1_16' title="bbox 231 708 1020 744; baseline 0.003 -10"><span class='ocrx_word' id='word_1_98' title='bbox 231 709 316 744; x_wconf 74' lang='lat' dir='ltr'><strong>gloria</strong></span> <span class='ocrx_word' id='word_1_99' title='bbox 329 708 453 742; x_wconf 87' lang='lat' dir='ltr'><strong>judicare</strong></span> <span class='ocrx_word' id='word_1_100' title='bbox 470 709 546 736; x_wconf 81' lang='lat' dir='ltr'><strong>vivos</strong></span> <span class='ocrx_word' id='word_1_101' title='bbox 564 712 593 736; x_wconf 88' lang='lat' dir='ltr'><strong>et</strong></span> <span class='ocrx_word' id='word_1_102' title='bbox 610 713 750 741; x_wconf 89' lang='lat' dir='ltr'><strong>mortuos;</strong></span> <span class='ocrx_word' id='word_1_103' title='bbox 772 708 852 744; x_wconf 82' lang='lat' dir='ltr'><strong>cujus</strong></span> <span class='ocrx_word' id='word_1_104' title='bbox 868 709 944 744; x_wconf 70' lang='lat' dir='ltr'><strong>regni</strong></span> <span class='ocrx_word' id='word_1_105' title='bbox 965 716 1020 736; x_wconf 84' lang='lat' dir='ltr'><strong>non</strong></span> 
     </span>
    </p>
   </div>
   <div class='ocr_carea' id='block_1_17' title="bbox 231 753 1020 790">
    <p class='ocr_par' dir='ltr' id='par_1_17' title="bbox 231 753 1020 790">
     <span class='ocr_line' id='line_1_17' title="bbox 231 753 1020 790; baseline 0 -10"><span class='ocrx_word' id='word_1_106' title='bbox 231 755 284 781; x_wconf 88' lang='lat' dir='ltr'><strong>erit</strong></span> <span class='ocrx_word' id='word_1_107' title='bbox 306 754 377 782; x_wconf 88' lang='lat' dir='ltr'><strong>ﬁnis.</strong></span> <span class='ocrx_word' id='word_1_108' title='bbox 401 754 545 782; x_wconf 86' lang='lat' dir='ltr'><strong>Credimus</strong></span> <span class='ocrx_word' id='word_1_109' title='bbox 555 753 591 782; x_wconf 85' lang='lat' dir='ltr'><strong>&#39;et</strong></span> <span class='ocrx_word' id='word_1_110' title='bbox 607 754 635 781; x_wconf 90' lang='lat' dir='ltr'><strong>in</strong></span> <span class='ocrx_word' id='word_1_111' title='bbox 657 753 789 788; x_wconf 88' lang='lat' dir='ltr'><strong>Spiritum</strong></span> <span class='ocrx_word' id='word_1_112' title='bbox 815 758 951 786; x_wconf 87' lang='lat' dir='ltr'><strong>sanctum,</strong></span> <span class='ocrx_word' id='word_1_113' title='bbox 973 753 1020 790; x_wconf 86' lang='lat' dir='ltr'><strong>qui</strong></span> 
     </span>
    </p>
   </div>
   <div class='ocr_carea' id='block_1_18' title="bbox 232 800 1022 835">
    <p class='ocr_par' dir='ltr' id='par_1_18' title="bbox 232 800 1022 835">
     <span class='ocr_line' id='line_1_18' title="bbox 232 800 1022 835; baseline -0.001 -8"><span class='ocrx_word' id='word_1_114' title='bbox 232 802 340 828; x_wconf 81' lang='lat' dir='ltr'><strong>locutus</strong></span> <span class='ocrx_word' id='word_1_115' title='bbox 351 804 394 828; x_wconf 89' lang='lat' dir='ltr'><strong>est</strong></span> <span class='ocrx_word' id='word_1_116' title='bbox 411 801 438 827; x_wconf 91' lang='lat' dir='ltr'><strong>in</strong></span> <span class='ocrx_word' id='word_1_117' title='bbox 459 801 528 835; x_wconf 78' lang='lat' dir='ltr'><strong>lege,</strong></span> <span class='ocrx_word' id='word_1_118' title='bbox 544 805 571 827; x_wconf 88' lang='lat' dir='ltr'><strong>et</strong></span> <span class='ocrx_word' id='word_1_119' title='bbox 586 808 634 835; x_wconf 87' lang='lat' dir='ltr'><strong>per</strong></span> <span class='ocrx_word' id='word_1_120' title='bbox 647 801 794 835; x_wconf 84' lang='lat' dir='ltr'><strong>prophetas</strong></span> <span class='ocrx_word' id='word_1_121' title='bbox 809 800 979 835; x_wconf 56' lang='lat' dir='ltr'><strong>praedicavit,</strong></span> <span class='ocrx_word' id='word_1_122' title='bbox 994 804 1022 827; x_wconf 86' lang='lat' dir='ltr'><strong>et</strong></span> 
     </span>
    </p>
   </div>
   <div class='ocr_carea' id='block_1_19' title="bbox 231 846 1021 881">
    <p class='ocr_par' dir='ltr' id='par_1_19' title="bbox 231 846 1021 881">
     <span class='ocr_line' id='line_1_19' title="bbox 231 846 1021 881; baseline -0.001 -7"><span class='ocrx_word' id='word_1_123' title='bbox 231 848 264 875; x_wconf 92' lang='lat' dir='ltr'><strong>ad</strong></span> <span class='ocrx_word' id='word_1_124' title='bbox 281 847 427 875; x_wconf 85' lang='lat' dir='ltr'><strong>Jordanem</strong></span> <span class='ocrx_word' id='word_1_125' title='bbox 445 847 599 879; x_wconf 83' lang='lat' dir='ltr'><strong>descendit,</strong></span> <span class='ocrx_word' id='word_1_126' title='bbox 614 846 641 873; x_wconf 94' lang='lat' dir='ltr'><strong>in</strong></span> <span class='ocrx_word' id='word_1_127' title='bbox 660 847 792 881; x_wconf 80' lang='lat' dir='ltr'><strong>apostolis</strong></span> <span class='ocrx_word' id='word_1_128' title='bbox 804 847 912 874; x_wconf 88' lang='lat' dir='ltr'><strong>locutus</strong></span> <span class='ocrx_word' id='word_1_129' title='bbox 923 850 976 879; x_wconf 83' lang='lat' dir='ltr'><strong>est,</strong></span> <span class='ocrx_word' id='word_1_130' title='bbox 994 849 1021 874; x_wconf 85' lang='lat' dir='ltr'><strong>et</strong></span> 
     </span>
    </p>
   </div>
   <div class='ocr_carea' id='block_1_20' title="bbox 230 892 1018 928">
    <p class='ocr_par' dir='ltr' id='par_1_20' title="bbox 230 892 1018 928">
     <span class='ocr_line' id='line_1_20' title="bbox 230 892 1018 928; baseline 0.001 -8"><span class='ocrx_word' id='word_1_131' title='bbox 230 894 259 920; x_wconf 91' lang='lat' dir='ltr'><strong>in</strong></span> <span class='ocrx_word' id='word_1_132' title='bbox 272 893 375 922; x_wconf 81' lang='lat' dir='ltr'><strong>sanctis</strong></span> <span class='ocrx_word' id='word_1_133' title='bbox 386 893 499 921; x_wconf 84' lang='lat' dir='ltr'><strong>habitat.</strong></span> <span class='ocrx_word' id='word_1_134' title='bbox 515 892 553 920; x_wconf 90' lang='lat' dir='ltr'><strong>Ita</strong></span> <span class='ocrx_word' id='word_1_135' title='bbox 567 901 649 928; x_wconf 89' lang='lat' dir='ltr'><strong>porro</strong></span> <span class='ocrx_word' id='word_1_136' title='bbox 660 901 710 921; x_wconf 87' lang='lat' dir='ltr'><strong>nos</strong></span> <span class='ocrx_word' id='word_1_137' title='bbox 721 894 749 921; x_wconf 86' lang='lat' dir='ltr'><strong>in</strong></span> <span class='ocrx_word' id='word_1_138' title='bbox 761 894 850 928; x_wconf 89' lang='lat' dir='ltr'><strong>ipsum</strong></span> <span class='ocrx_word' id='word_1_139' title='bbox 862 893 1018 921; x_wconf 86' lang='lat' dir='ltr'><strong>credimus:</strong></span> 
     </span>
    </p>
   </div>
   <div class='ocr_carea' id='block_1_21' title="bbox 232 939 1019 975">
    <p class='ocr_par' dir='ltr' id='par_1_21' title="bbox 232 939 1019 975">
     <span class='ocr_line' id='line_1_21' title="bbox 232 939 1019 975; baseline -0.003 -8"><span class='ocrx_word' id='word_1_140' title='bbox 232 939 364 975; x_wconf 88' lang='lat' dir='ltr'><strong>Spiritum</strong></span> <span class='ocrx_word' id='word_1_141' title='bbox 390 947 453 967; x_wconf 87' lang='lat' dir='ltr'><strong>esse</strong></span> <span class='ocrx_word' id='word_1_142' title='bbox 477 944 614 973; x_wconf 87' lang='lat' dir='ltr'><strong>sanctum,</strong></span> <span class='ocrx_word' id='word_1_143' title='bbox 640 939 771 975; x_wconf 88' lang='lat' dir='ltr'><strong>Spiritum</strong></span> <span class='ocrx_word' id='word_1_144' title='bbox 797 939 857 970; x_wconf 90' lang='lat' dir='ltr'><strong>Dei,</strong></span> <span class='ocrx_word' id='word_1_145' title='bbox 888 939 1019 975; x_wconf 88' lang='lat' dir='ltr'><strong>Spiritum</strong></span> 
     </span>
    </p>
   </div>
   <div class='ocr_carea' id='block_1_22' title="bbox 233 984 1022 1020">
    <p class='ocr_par' dir='ltr' id='par_1_22' title="bbox 233 984 1022 1020">
     <span class='ocr_line' id='line_1_22' title="bbox 233 984 1022 1020; baseline 0 -8"><span class='ocrx_word' id='word_1_146' title='bbox 233 985 394 1020; x_wconf 79' lang='lat' dir='ltr'><strong>perfectum,</strong></span> <span class='ocrx_word' id='word_1_147' title='bbox 412 984 544 1020; x_wconf 90' lang='lat' dir='ltr'><strong>Spiritum</strong></span> <span class='ocrx_word' id='word_1_148' title='bbox 563 985 746 1019; x_wconf 84' lang='lat' dir='ltr'><strong>Paracletum,</strong></span> <span class='ocrx_word' id='word_1_149' title='bbox 763 986 926 1019; x_wconf 84' lang='lat' dir='ltr'><strong>increatnm,</strong></span> <span class='ocrx_word' id='word_1_150' title='bbox 939 993 955 1013; x_wconf 90' lang='lat' dir='ltr'><strong>a</strong></span> <span class='ocrx_word' id='word_1_151' title='bbox 969 985 1022 1012; x_wconf 82' lang='lat' dir='ltr'><strong>Pa-</strong></span> 
     </span>
    </p>
   </div>
   <div class='ocr_carea' id='block_1_23' title="bbox 231 1026 1021 1066">
    <p class='ocr_par' dir='ltr' id='par_1_23' title="bbox 231 1026 1021 1066">
     <span class='ocr_line' id='line_1_23' title="bbox 231 1026 1021 1066; baseline 0.001 -8"><span class='ocrx_word' id='word_1_152' title='bbox 231 1036 273 1058; x_wconf 86' lang='lat' dir='ltr'><strong>tre</strong></span> <span class='ocrx_word' id='word_1_153' title='bbox 286 1031 488 1066; x_wconf 82' lang='lat' dir='ltr'><strong>procedentem,</strong></span> <span class='ocrx_word' id='word_1_154' title='bbox 506 1026 685 1066; x_wconf 75' lang='lat' dir='ltr'><strong>accipientem</strong></span> <span class='ocrx_word' id='word_1_155' title='bbox 703 1038 718 1058; x_wconf 91' lang='lat' dir='ltr'><strong>a</strong></span> <span class='ocrx_word' id='word_1_156' title='bbox 733 1030 812 1063; x_wconf 82' lang='lat' dir='ltr'><strong>Filio,</strong></span> <span class='ocrx_word' id='word_1_157' title='bbox 829 1031 855 1058; x_wconf 89' lang='lat' dir='ltr'><strong>in</strong></span> <span class='ocrx_word' id='word_1_158' title='bbox 869 1038 949 1066; x_wconf 90' lang='lat' dir='ltr'><strong>quem</strong></span> <span class='ocrx_word' id='word_1_159' title='bbox 960 1039 1021 1059; x_wconf 88' lang='lat' dir='ltr'><strong>cre-</strong></span> 
     </span>
    </p>
   </div>
   <div class='ocr_carea' id='block_1_24' title="bbox 231 1076 1022 1105">
    <p class='ocr_par' dir='ltr' id='par_1_24' title="bbox 231 1076 1022 1105">
     <span class='ocr_line' id='line_1_24' title="bbox 231 1076 1022 1105; baseline 0 -1"><span class='ocrx_word' id='word_1_160' title='bbox 231 1077 332 1104; x_wconf 87' lang='lat' dir='ltr'><strong>dimus.</strong></span> <span class='ocrx_word' id='word_1_161' title='bbox 357 1076 490 1105; x_wconf 68' lang='lat' dir='ltr'><strong>Prmtcrea</strong></span> <span class='ocrx_word' id='word_1_162' title='bbox 511 1077 651 1105; x_wconf 86' lang='lat' dir='ltr'><strong>credimus</strong></span> <span class='ocrx_word' id='word_1_163' title='bbox 666 1077 693 1104; x_wconf 92' lang='lat' dir='ltr'><strong>in</strong></span> <span class='ocrx_word' id='word_1_164' title='bbox 711 1084 794 1104; x_wconf 88' lang='lat' dir='ltr'><strong>unam</strong></span> <span class='ocrx_word' id='word_1_165' title='bbox 811 1077 972 1105; x_wconf 87' lang='lat' dir='ltr'><strong>catholicam</strong></span> <span class='ocrx_word' id='word_1_166' title='bbox 994 1081 1022 1104; x_wconf 91' lang='lat' dir='ltr'><strong>et</strong></span> 
     </span>
    </p>
   </div>
   <div class='ocr_carea' id='block_1_25' title="bbox 231 1122 1021 1158">
    <p class='ocr_par' dir='ltr' id='par_1_25' title="bbox 231 1122 1021 1158">
     <span class='ocr_line' id='line_1_25' title="bbox 231 1122 1021 1158; baseline 0.001 -9"><span class='ocrx_word' id='word_1_167' title='bbox 231 1122 411 1158; x_wconf 79' lang='lat' dir='ltr'><strong>apostolicam</strong></span> <span class='ocrx_word' id='word_1_168' title='bbox 436 1122 602 1153; x_wconf 88' lang='lat' dir='ltr'><strong>Ecclesiam.</strong></span> <span class='ocrx_word' id='word_1_169' title='bbox 628 1126 656 1150; x_wconf 90' lang='lat' dir='ltr'><strong>et</strong></span> <span class='ocrx_word' id='word_1_170' title='bbox 680 1122 708 1150; x_wconf 92' lang='lat' dir='ltr'><strong>in</strong></span> <span class='ocrx_word' id='word_1_171' title='bbox 734 1131 819 1150; x_wconf 92' lang='lat' dir='ltr'><strong>unum</strong></span> <span class='ocrx_word' id='word_1_172' title='bbox 853 1123 1021 1158; x_wconf 68' lang='lat' dir='ltr'><strong>paenitentia:</strong></span> 
     </span>
    </p>
   </div>
   <div class='ocr_carea' id='block_1_26' title="bbox 233 1168 1021 1203">
    <p class='ocr_par' dir='ltr' id='par_1_26' title="bbox 233 1168 1021 1203">
     <span class='ocr_line' id='line_1_26' title="bbox 233 1168 1021 1203; baseline 0.001 -9"><span class='ocrx_word' id='word_1_173' title='bbox 233 1168 408 1203; x_wconf 86' lang='lat' dir='ltr'><strong>baptismum,</strong></span> <span class='ocrx_word' id='word_1_174' title='bbox 432 1173 460 1195; x_wconf 90' lang='lat' dir='ltr'><strong>et</strong></span> <span class='ocrx_word' id='word_1_175' title='bbox 479 1168 507 1195; x_wconf 95' lang='lat' dir='ltr'><strong>in</strong></span> <span class='ocrx_word' id='word_1_176' title='bbox 528 1169 756 1196; x_wconf 86' lang='lat' dir='ltr'><strong>resurrectionem</strong></span> <span class='ocrx_word' id='word_1_177' title='bbox 781 1172 964 1201; x_wconf 88' lang='lat' dir='ltr'><strong>rnortuornm,</strong></span> <span class='ocrx_word' id='word_1_178' title='bbox 988 1176 1021 1196; x_wconf 87' lang='lat' dir='ltr'><strong>ac</strong></span> 
     </span>
    </p>
   </div>
   <div class='ocr_carea' id='block_1_27' title="bbox 229 1215 1019 1251">
    <p class='ocr_par' dir='ltr' id='par_1_27' title="bbox 229 1215 1019 1251">
     <span class='ocr_line' id='line_1_27' title="bbox 229 1215 1019 1251; baseline 0.003 -10"><span class='ocrx_word' id='word_1_179' title='bbox 229 1216 332 1250; x_wconf 86' lang='lat' dir='ltr'><strong>justum</strong></span> <span class='ocrx_word' id='word_1_180' title='bbox 364 1215 516 1242; x_wconf 85' lang='lat' dir='ltr'><strong>animarum</strong></span> <span class='ocrx_word' id='word_1_181' title='bbox 543 1223 746 1251; x_wconf 87' lang='lat' dir='ltr'><strong>corporumque</strong></span> <span class='ocrx_word' id='word_1_182' title='bbox 769 1215 922 1251; x_wconf 88' lang='lat' dir='ltr'><strong>judicium,</strong></span> <span class='ocrx_word' id='word_1_183' title='bbox 943 1219 971 1243; x_wconf 84' lang='lat' dir='ltr'><strong>et</strong></span> <span class='ocrx_word' id='word_1_184' title='bbox 992 1215 1019 1242; x_wconf 89' lang='lat' dir='ltr'><strong>in</strong></span> 
     </span>
    </p>
   </div>
   <div class='ocr_carea' id='block_1_28' title="bbox 231 1260 1020 1297">
    <p class='ocr_par' dir='ltr' id='par_1_28' title="bbox 231 1260 1020 1297">
     <span class='ocr_line' id='line_1_28' title="bbox 231 1260 1020 1297; baseline 0 -9"><span class='ocrx_word' id='word_1_185' title='bbox 231 1269 345 1297; x_wconf 79' lang='lat' dir='ltr'><strong>regnum</strong></span> <span class='ocrx_word' id='word_1_186' title='bbox 365 1262 511 1294; x_wconf 65' lang='lat' dir='ltr'><strong>caelorum,</strong></span> <span class='ocrx_word' id='word_1_187' title='bbox 531 1265 560 1289; x_wconf 87' lang='lat' dir='ltr'><strong>et</strong></span> <span class='ocrx_word' id='word_1_188' title='bbox 577 1262 604 1288; x_wconf 90' lang='lat' dir='ltr'><strong>in</strong></span> <span class='ocrx_word' id='word_1_189' title='bbox 621 1261 705 1288; x_wconf 83' lang='lat' dir='ltr'><strong>vitam</strong></span> <span class='ocrx_word' id='word_1_190' title='bbox 721 1265 862 1288; x_wconf 87' lang='lat' dir='ltr'><strong>aeternam.</strong></span> <span class='ocrx_word' id='word_1_191' title='bbox 879 1260 933 1288; x_wconf 84' lang='lat' dir='ltr'><strong>Eos</strong></span> <span class='ocrx_word' id='word_1_192' title='bbox 956 1268 1020 1288; x_wconf 82' lang='lat' dir='ltr'><strong>vero</strong></span> 
     </span>
    </p>
   </div>
   <div class='ocr_carea' id='block_1_29' title="bbox 231 1305 1020 1343">
    <p class='ocr_par' dir='ltr' id='par_1_29' title="bbox 231 1305 1020 1343">
     <span class='ocr_line' id='line_1_29' title="bbox 231 1305 1020 1343; baseline -0.001 -9"><span class='ocrx_word' id='word_1_193' title='bbox 231 1308 276 1342; x_wconf 90' lang='lat' dir='ltr'><strong>qui</strong></span> <span class='ocrx_word' id='word_1_194' title='bbox 293 1307 388 1335; x_wconf 87' lang='lat' dir='ltr'><strong>dicunt</strong></span> <span class='ocrx_word' id='word_1_195' title='bbox 409 1307 494 1335; x_wconf 75' lang='lat' dir='ltr'><strong>fuisse</strong></span> <span class='ocrx_word' id='word_1_196' title='bbox 514 1307 662 1343; x_wconf 82' lang='lat' dir='ltr'><strong>aliquando</strong></span> <span class='ocrx_word' id='word_1_197' title='bbox 685 1314 749 1334; x_wconf 91' lang='lat' dir='ltr'><strong>cum</strong></span> <span class='ocrx_word' id='word_1_198' title='bbox 767 1314 821 1334; x_wconf 92' lang='lat' dir='ltr'><strong>non</strong></span> <span class='ocrx_word' id='word_1_199' title='bbox 845 1310 918 1334; x_wconf 88' lang='lat' dir='ltr'><strong>esset</strong></span> <span class='ocrx_word' id='word_1_200' title='bbox 934 1305 1020 1333; x_wconf 81' lang='lat' dir='ltr'><strong>Filius</strong></span> 
     </span>
    </p>
   </div>
   <div class='ocr_carea' id='block_1_30' title="bbox 231 1351 1020 1389">
    <p class='ocr_par' dir='ltr' id='par_1_30' title="bbox 231 1351 1020 1389">
     <span class='ocr_line' id='line_1_30' title="bbox 231 1351 1020 1389; baseline -0.003 -9"><span class='ocrx_word' id='word_1_201' title='bbox 231 1358 277 1380; x_wconf 90' lang='lat' dir='ltr'><strong>ant</strong></span> <span class='ocrx_word' id='word_1_202' title='bbox 292 1354 410 1389; x_wconf 75' lang='lat' dir='ltr'><strong>Spiritus</strong></span> <span class='ocrx_word' id='word_1_203' title='bbox 433 1357 563 1386; x_wconf 89' lang='lat' dir='ltr'><strong>sanctus,</strong></span> <span class='ocrx_word' id='word_1_204' title='bbox 579 1357 627 1380; x_wconf 85' lang='lat' dir='ltr'><strong>aut</strong></span> <span class='ocrx_word' id='word_1_205' title='bbox 641 1360 656 1380; x_wconf 91' lang='lat' dir='ltr'><strong>e</strong></span> <span class='ocrx_word' id='word_1_206' title='bbox 672 1352 758 1379; x_wconf 92' lang='lat' dir='ltr'><strong>nihilo</strong></span> <span class='ocrx_word' id='word_1_207' title='bbox 773 1359 835 1380; x_wconf 89' lang='lat' dir='ltr'><strong>esse</strong></span> <span class='ocrx_word' id='word_1_208' title='bbox 852 1351 962 1384; x_wconf 81' lang='lat' dir='ltr'><strong>factum,</strong></span> <span class='ocrx_word' id='word_1_209' title='bbox 977 1352 1020 1379; x_wconf 84' lang='lat' dir='ltr'><strong>vel</strong></span> 
     </span>
    </p>
   </div>
   <div class='ocr_carea' id='block_1_31' title="bbox 230 1396 1021 1432">
    <p class='ocr_par' dir='ltr' id='par_1_31' title="bbox 230 1396 1021 1432">
     <span class='ocr_line' id='line_1_31' title="bbox 230 1396 1021 1432; baseline -0.001 -8"><span class='ocrx_word' id='word_1_210' title='bbox 230 1405 263 1424; x_wconf 78' lang='lat' dir='ltr'><strong>ex</strong></span> <span class='ocrx_word' id='word_1_211' title='bbox 281 1397 366 1424; x_wconf 86' lang='lat' dir='ltr'><strong>altera</strong></span> <span class='ocrx_word' id='word_1_212' title='bbox 379 1397 519 1432; x_wconf 87' lang='lat' dir='ltr'><strong>hypostasi</strong></span> <span class='ocrx_word' id='word_1_213' title='bbox 533 1400 581 1424; x_wconf 82' lang='lat' dir='ltr'><strong>aut</strong></span> <span class='ocrx_word' id='word_1_214' title='bbox 594 1396 749 1424; x_wconf 82' lang='lat' dir='ltr'><strong>substantia</strong></span> <span class='ocrx_word' id='word_1_215' title='bbox 764 1406 770 1423; x_wconf 90' lang='lat'><strong>:</strong></span> <span class='ocrx_word' id='word_1_216' title='bbox 785 1397 888 1432; x_wconf 86' lang='lat' dir='ltr'><strong>quique</strong></span> <span class='ocrx_word' id='word_1_217' title='bbox 905 1403 1021 1423; x_wconf 86' lang='lat' dir='ltr'><strong>conver-</strong></span> 
     </span>
    </p>
   </div>
   <div class='ocr_carea' id='block_1_32' title="bbox 230 1440 1020 1469">
    <p class='ocr_par' dir='ltr' id='par_1_32' title="bbox 230 1440 1020 1469">
     <span class='ocr_line' id='line_1_32' title="bbox 230 1440 1020 1469; baseline -0.001 -1"><span class='ocrx_word' id='word_1_218' title='bbox 230 1443 302 1469; x_wconf 84' lang='lat' dir='ltr'><strong>sioni</strong></span> <span class='ocrx_word' id='word_1_219' title='bbox 323 1446 369 1469; x_wconf 86' lang='lat' dir='ltr'><strong>aut</strong></span> <span class='ocrx_word' id='word_1_220' title='bbox 388 1442 532 1469; x_wconf 88' lang='lat' dir='ltr'><strong>mutationi</strong></span> <span class='ocrx_word' id='word_1_221' title='bbox 553 1441 702 1468; x_wconf 76' lang='lat' dir='ltr'><strong>obnoxium</strong></span> <span class='ocrx_word' id='word_1_222' title='bbox 717 1448 780 1468; x_wconf 90' lang='lat' dir='ltr'><strong>esse</strong></span> <span class='ocrx_word' id='word_1_223' title='bbox 797 1441 892 1468; x_wconf 89' lang='lat' dir='ltr'><strong>dicunt</strong></span> <span class='ocrx_word' id='word_1_224' title='bbox 914 1440 959 1468; x_wconf 88' lang='lat' dir='ltr'><strong>Dei</strong></span> <span class='ocrx_word' id='word_1_225' title='bbox 975 1440 1020 1467; x_wconf 86' lang='lat' dir='ltr'><strong>Fi-</strong></span> 
     </span>
    </p>
   </div>
   <div class='ocr_carea' id='block_1_33' title="bbox 230 1486 1020 1521">
    <p class='ocr_par' dir='ltr' id='par_1_33' title="bbox 230 1486 1020 1521">
     <span class='ocr_line' id='line_1_33' title="bbox 230 1486 1020 1521; baseline 0 -8"><span class='ocrx_word' id='word_1_226' title='bbox 230 1487 296 1514; x_wconf 90' lang='lat' dir='ltr'><strong>lium</strong></span> <span class='ocrx_word' id='word_1_227' title='bbox 312 1492 358 1514; x_wconf 90' lang='lat' dir='ltr'><strong>aut</strong></span> <span class='ocrx_word' id='word_1_228' title='bbox 371 1486 503 1521; x_wconf 88' lang='lat' dir='ltr'><strong>Spiritum</strong></span> <span class='ocrx_word' id='word_1_229' title='bbox 515 1489 641 1514; x_wconf 85' lang='lat' dir='ltr'><strong>sanctum</strong></span> <span class='ocrx_word' id='word_1_230' title='bbox 653 1506 660 1519; x_wconf 91' lang='lat'><strong>,</strong></span> <span class='ocrx_word' id='word_1_231' title='bbox 678 1486 728 1513; x_wconf 87' lang='lat' dir='ltr'><strong>hos</strong></span> <span class='ocrx_word' id='word_1_232' title='bbox 739 1493 836 1513; x_wconf 89' lang='lat' dir='ltr'><strong>omnes</strong></span> <span class='ocrx_word' id='word_1_233' title='bbox 847 1486 1020 1514; x_wconf 83' lang='lat' dir='ltr'><strong>anathemate</strong></span> 
     </span>
    </p>
   </div>
   <div class='ocr_carea' id='block_1_34' title="bbox 229 1532 1055 1572">
    <p class='ocr_par' dir='ltr' id='par_1_34' title="bbox 229 1532 1055 1572">
     <span class='ocr_line' id='line_1_34' title="bbox 229 1532 1055 1572; baseline 0.001 -12"><span class='ocrx_word' id='word_1_234' title='bbox 229 1534 341 1560; x_wconf 78' lang='lat' dir='ltr'><strong>damnat</strong></span> <span class='ocrx_word' id='word_1_235' title='bbox 368 1533 501 1560; x_wconf 77' lang='lat' dir='ltr'><strong>catholica</strong></span> <span class='ocrx_word' id='word_1_236' title='bbox 527 1537 555 1561; x_wconf 90' lang='lat' dir='ltr'><strong>et</strong></span> <span class='ocrx_word' id='word_1_237' title='bbox 579 1533 728 1568; x_wconf 86' lang='lat' dir='ltr'><strong>apostolica</strong></span> <span class='ocrx_word' id='word_1_238' title='bbox 762 1532 903 1565; x_wconf 85' lang='lat' dir='ltr'><strong>Ecclesia,</strong></span> <span class='ocrx_word' id='word_1_239' title='bbox 933 1538 1055 1572; x_wconf 70' lang='lat' dir='ltr'><strong>materc</strong></span> 
     </span>
    </p>
   </div>
   <div class='ocr_carea' id='block_1_35' title="bbox 229 1578 1017 1615">
    <p class='ocr_par' dir='ltr' id='par_1_35' title="bbox 229 1578 1017 1615">
     <span class='ocr_line' id='line_1_35' title="bbox 229 1578 1017 1615; baseline 0 -9"><span class='ocrx_word' id='word_1_240' title='bbox 229 1583 320 1606; x_wconf 84' lang='lat' dir='ltr'><strong>vestra</strong></span> <span class='ocrx_word' id='word_1_241' title='bbox 342 1586 374 1606; x_wconf 87' lang='lat' dir='ltr'><strong>ac</strong></span> <span class='ocrx_word' id='word_1_242' title='bbox 400 1583 504 1606; x_wconf 88' lang='lat' dir='ltr'><strong>nostra.</strong></span> <span class='ocrx_word' id='word_1_243' title='bbox 531 1578 752 1607; x_wconf 85' lang='lat' dir='ltr'><strong>Condemnamus</strong></span> <span class='ocrx_word' id='word_1_244' title='bbox 776 1579 857 1607; x_wconf 87' lang='lat' dir='ltr'><strong>etiam</strong></span> <span class='ocrx_word' id='word_1_245' title='bbox 885 1579 947 1607; x_wconf 88' lang='lat' dir='ltr'><strong>illos</strong></span> <span class='ocrx_word' id='word_1_246' title='bbox 970 1580 1017 1615; x_wconf 91' lang='lat' dir='ltr'><strong>qui</strong></span> 
     </span>
    </p>
   </div>
   <div class='ocr_carea' id='block_1_36' title="bbox 230 1626 1017 1658">
    <p class='ocr_par' dir='ltr' id='par_1_36' title="bbox 230 1626 1017 1658">
     <span class='ocr_line' id='line_1_36' title="bbox 230 1626 1017 1658; baseline 0.003 -7"><span class='ocrx_word' id='word_1_247' title='bbox 230 1629 401 1652; x_wconf 89' lang='lat' dir='ltr'><strong>mortuorum</strong></span> <span class='ocrx_word' id='word_1_248' title='bbox 434 1626 663 1653; x_wconf 87' lang='lat' dir='ltr'><strong>resurrectionem</strong></span> <span class='ocrx_word' id='word_1_249' title='bbox 690 1626 802 1653; x_wconf 90' lang='lat' dir='ltr'><strong>minime</strong></span> <span class='ocrx_word' id='word_1_250' title='bbox 833 1626 1017 1658; x_wconf 88' lang='lat' dir='ltr'><strong>conﬁtentur,</strong></span> 
     </span>
    </p>
   </div>
   <div class='ocr_carea' id='block_1_37' title="bbox 231 1671 1018 1706">
    <p class='ocr_par' dir='ltr' id='par_1_37' title="bbox 231 1671 1018 1706">
     <span class='ocr_line' id='line_1_37' title="bbox 231 1671 1018 1706; baseline 0 -8"><span class='ocrx_word' id='word_1_251' title='bbox 231 1678 336 1698; x_wconf 87' lang='lat' dir='ltr'><strong>necnon</strong></span> <span class='ocrx_word' id='word_1_252' title='bbox 354 1675 380 1698; x_wconf 88' lang='lat' dir='ltr'><strong>ct</strong></span> <span class='ocrx_word' id='word_1_253' title='bbox 401 1671 519 1699; x_wconf 65' lang='lat' dir='ltr'><strong>haereses</strong></span> <span class='ocrx_word' id='word_1_254' title='bbox 541 1678 647 1704; x_wconf 88' lang='lat' dir='ltr'><strong>omnes,</strong></span> <span class='ocrx_word' id='word_1_255' title='bbox 665 1678 728 1706; x_wconf 65' lang='lat' dir='ltr'><strong>qua)</strong></span> <span class='ocrx_word' id='word_1_256' title='bbox 749 1671 813 1698; x_wconf 90' lang='lat' dir='ltr'><strong>huic</strong></span> <span class='ocrx_word' id='word_1_257' title='bbox 835 1675 938 1699; x_wconf 76' lang='lat' dir='ltr'><strong>sanctae</strong></span> <span class='ocrx_word' id='word_1_258' title='bbox 958 1671 1018 1699; x_wconf 88' lang='lat' dir='ltr'><strong>ﬁdei</strong></span> 
     </span>
    </p>
   </div>
   <div class='ocr_carea' id='block_1_38' title="bbox 230 1717 1019 1745">
    <p class='ocr_par' dir='ltr' id='par_1_38' title="bbox 230 1717 1019 1745">
     <span class='ocr_line' id='line_1_38' title="bbox 230 1717 1019 1745; baseline 0.003 -2"><span class='ocrx_word' id='word_1_259' title='bbox 230 1717 343 1744; x_wconf 84' lang='lat' dir='ltr'><strong>minimc</strong></span> <span class='ocrx_word' id='word_1_260' title='bbox 357 1721 548 1744; x_wconf 72' lang='lat' dir='ltr'><strong>consentanea:</strong></span> <span class='ocrx_word' id='word_1_261' title='bbox 563 1721 637 1745; x_wconf 89' lang='lat' dir='ltr'><strong>sunt.</strong></span> <span class='ocrx_word' id='word_1_262' title='bbox 653 1717 797 1745; x_wconf 86' lang='lat' dir='ltr'><strong>Postremo</strong></span> <span class='ocrx_word' id='word_1_263' title='bbox 814 1724 862 1744; x_wconf 86' lang='lat' dir='ltr'><strong>vos</strong></span> <span class='ocrx_word' id='word_1_264' title='bbox 879 1724 974 1744; x_wconf 88' lang='lat' dir='ltr'><strong>omnes</strong></span> <span class='ocrx_word' id='word_1_265' title='bbox 987 1725 1019 1745; x_wconf 87' lang='lat' dir='ltr'><strong>ac</strong></span> 
     </span>
    </p>
   </div>
   <div class='ocr_carea' id='block_1_39' title="bbox 229 1763 1019 1798">
    <p class='ocr_par' dir='ltr' id='par_1_39' title="bbox 229 1763 1019 1798">
     <span class='ocr_line' id='line_1_39' title="bbox 229 1763 1019 1798; baseline 0.001 -9"><span class='ocrx_word' id='word_1_266' title='bbox 229 1767 344 1791; x_wconf 71' lang='lat' dir='ltr'><strong>cmleros</strong></span> <span class='ocrx_word' id='word_1_267' title='bbox 361 1763 430 1790; x_wconf 91' lang='lat' dir='ltr'><strong>ﬁlios</strong></span> <span class='ocrx_word' id='word_1_268' title='bbox 447 1768 555 1791; x_wconf 90' lang='lat' dir='ltr'><strong>nostros</strong></span> <span class='ocrx_word' id='word_1_269' title='bbox 568 1763 703 1798; x_wconf 79' lang='lat' dir='ltr'><strong>ejusmodi</strong></span> <span class='ocrx_word' id='word_1_270' title='bbox 722 1763 773 1790; x_wconf 91' lang='lat' dir='ltr'><strong>ﬁde</strong></span> <span class='ocrx_word' id='word_1_271' title='bbox 786 1763 925 1798; x_wconf 68' lang='lat' dir='ltr'><strong>praeditos,</strong></span> <span class='ocrx_word' id='word_1_272' title='bbox 944 1763 1019 1791; x_wconf 84' lang='lat' dir='ltr'><strong>ﬁdei-</strong></span> 
     </span>
    </p>
   </div>
   <div class='ocr_carea' id='block_1_40' title="bbox 229 1809 1018 1845">
    <p class='ocr_par' dir='ltr' id='par_1_40' title="bbox 229 1809 1018 1845">
     <span class='ocr_line' id='line_1_40' title="bbox 229 1809 1018 1845; baseline 0.001 -9"><span class='ocrx_word' id='word_1_273' title='bbox 229 1817 282 1845; x_wconf 86' lang='lat' dir='ltr'><strong>que</strong></span> <span class='ocrx_word' id='word_1_274' title='bbox 302 1809 428 1836; x_wconf 89' lang='lat' dir='ltr'><strong>mandata</strong></span> <span class='ocrx_word' id='word_1_275' title='bbox 451 1813 602 1841; x_wconf 83' lang='lat' dir='ltr'><strong>servantes,</strong></span> <span class='ocrx_word' id='word_1_276' title='bbox 619 1817 669 1844; x_wconf 90' lang='lat' dir='ltr'><strong>pro</strong></span> <span class='ocrx_word' id='word_1_277' title='bbox 684 1809 764 1837; x_wconf 83' lang='lat' dir='ltr'><strong>nobis</strong></span> <span class='ocrx_word' id='word_1_278' title='bbox 786 1814 918 1845; x_wconf 86' lang='lat' dir='ltr'><strong>perpetuo</strong></span> <span class='ocrx_word' id='word_1_279' title='bbox 933 1809 1018 1837; x_wconf 91' lang='lat' dir='ltr'><strong>Deum</strong></span> 
     </span>
    </p>
   </div>
   <div class='ocr_carea' id='block_1_41' title="bbox 231 1855 1018 1894">
    <p class='ocr_par' dir='ltr' id='par_1_41' title="bbox 231 1855 1018 1894">
     <span class='ocr_line' id='line_1_41' title="bbox 231 1855 1018 1894; baseline 0.001 -11"><span class='ocrx_word' id='word_1_280' title='bbox 231 1861 389 1894; x_wconf 86' lang='lat' dir='ltr'><strong>prccaturos</strong></span> <span class='ocrx_word' id='word_1_281' title='bbox 402 1856 574 1889; x_wconf 79' lang='lat' dir='ltr'><strong>conﬁdimus,</strong></span> <span class='ocrx_word' id='word_1_282' title='bbox 591 1860 621 1883; x_wconf 81' lang='grc' dir='ltr'><strong>ιιι</strong></span> <span class='ocrx_word' id='word_1_283' title='bbox 637 1856 664 1884; x_wconf 93' lang='lat' dir='ltr'><strong>in</strong></span> <span class='ocrx_word' id='word_1_284' title='bbox 680 1856 773 1884; x_wconf 80' lang='lat' dir='ltr'><strong>eadem</strong></span> <span class='ocrx_word' id='word_1_285' title='bbox 788 1855 840 1884; x_wconf 82' lang='lat' dir='ltr'><strong>ﬁde</strong></span> <span class='ocrx_word' id='word_1_286' title='bbox 854 1860 881 1884; x_wconf 88' lang='lat' dir='ltr'><strong>ct</strong></span> <span class='ocrx_word' id='word_1_287' title='bbox 896 1857 922 1885; x_wconf 93' lang='lat' dir='ltr'><strong>in</strong></span> <span class='ocrx_word' id='word_1_288' title='bbox 938 1864 1018 1884; x_wconf 91' lang='lat' dir='ltr'><strong>man-</strong></span> 
     </span>
    </p>
   </div>
   <div class='ocr_carea' id='block_1_42' title="bbox 229 1902 1019 1939">
    <p class='ocr_par' dir='ltr' id='par_1_42' title="bbox 229 1902 1019 1939">
     <span class='ocr_line' id='line_1_42' title="bbox 229 1902 1019 1939; baseline 0 -9"><span class='ocrx_word' id='word_1_289' title='bbox 229 1902 355 1930; x_wconf 84' lang='lat' dir='ltr'><strong>datorum</strong></span> <span class='ocrx_word' id='word_1_290' title='bbox 367 1902 439 1930; x_wconf 88' lang='lat' dir='ltr'><strong>illius</strong></span> <span class='ocrx_word' id='word_1_291' title='bbox 450 1907 524 1932; x_wconf 90' lang='lat' dir='ltr'><strong>sortc</strong></span> <span class='ocrx_word' id='word_1_292' title='bbox 536 1907 640 1938; x_wconf 88' lang='lat' dir='ltr'><strong>partem</strong></span> <span class='ocrx_word' id='word_1_293' title='bbox 648 1903 797 1931; x_wconf 84' lang='lat' dir='ltr'><strong>habeamus</strong></span> <span class='ocrx_word' id='word_1_294' title='bbox 807 1903 1019 1939; x_wconf 75' lang='lat' dir='ltr'><strong>aliquam.125</strong></span> 
     </span>
    </p>
   </div>
   <div class='ocr_carea' id='block_1_43' title="bbox 230 1948 1017 1985">
    <p class='ocr_par' dir='ltr' id='par_1_43' title="bbox 230 1948 1017 1985">
     <span class='ocr_line' id='line_1_43' title="bbox 230 1948 1017 1985; baseline 0.001 -9"><span class='ocrx_word' id='word_1_295' title='bbox 230 1948 284 1976; x_wconf 85' lang='lat' dir='ltr'><strong>Pro</strong></span> <span class='ocrx_word' id='word_1_296' title='bbox 299 1957 342 1976; x_wconf 82' lang='lat' dir='ltr'><strong>me</strong></span> <span class='ocrx_word' id='word_1_297' title='bbox 356 1950 447 1985; x_wconf 84' lang='lat' dir='ltr'><strong>itaque</strong></span> <span class='ocrx_word' id='word_1_298' title='bbox 463 1949 607 1977; x_wconf 91' lang='lat' dir='ltr'><strong>Dominum</strong></span> <span class='ocrx_word' id='word_1_299' title='bbox 624 1954 700 1977; x_wconf 83' lang='lat' dir='ltr'><strong>orate</strong></span> <span class='ocrx_word' id='word_1_300' title='bbox 713 1954 768 1977; x_wconf 87' lang='lat' dir='ltr'><strong>tam</strong></span> <span class='ocrx_word' id='word_1_301' title='bbox 780 1957 831 1977; x_wconf 86' lang='lat' dir='ltr'><strong>vos</strong></span> <span class='ocrx_word' id='word_1_302' title='bbox 849 1957 931 1984; x_wconf 86' lang='lat' dir='ltr'><strong>quam</strong></span> <span class='ocrx_word' id='word_1_303' title='bbox 945 1950 1017 1985; x_wconf 89' lang='lat' dir='ltr'><strong>quis-</strong></span> 
     </span>
    </p>
   </div>
   <div class='ocr_carea' id='block_1_44' title="bbox 230 1995 1020 2032">
    <p class='ocr_par' dir='ltr' id='par_1_44' title="bbox 230 1995 1020 2032">
     <span class='ocr_line' id='line_1_44' title="bbox 230 1995 1020 2032; baseline 0.003 -10"><span class='ocrx_word' id='word_1_304' title='bbox 230 1995 292 2030; x_wconf 91' lang='lat' dir='ltr'><strong>quis</strong></span> <span class='ocrx_word' id='word_1_305' title='bbox 310 1995 346 2022; x_wconf 92' lang='lat' dir='ltr'><strong>ita</strong></span> <span class='ocrx_word' id='word_1_306' title='bbox 366 1995 452 2023; x_wconf 79' lang='lat' dir='ltr'><strong>credit</strong></span> <span class='ocrx_word' id='word_1_307' title='bbox 469 2003 501 2023; x_wconf 86' lang='lat' dir='ltr'><strong>ac</strong></span> <span class='ocrx_word' id='word_1_308' title='bbox 519 1995 625 2023; x_wconf 86' lang='lat' dir='ltr'><strong>Domini</strong></span> <span class='ocrx_word' id='word_1_309' title='bbox 647 1997 790 2031; x_wconf 60' lang='lat' dir='ltr'><strong>praceptis</strong></span> <span class='ocrx_word' id='word_1_310' title='bbox 804 1996 976 2032; x_wconf 86' lang='lat' dir='ltr'><strong>obsequitur,</strong></span> <span class='ocrx_word' id='word_1_311' title='bbox 991 1998 1020 2024; x_wconf 93' lang='lat' dir='ltr'><strong>in</strong></span> 
     </span>
    </p>
   </div>
   <div class='ocr_carea' id='block_1_45' title="bbox 1073 251 1855 292">
    <p class='ocr_par' dir='ltr' id='par_1_45' title="bbox 1073 251 1855 292">
     <span class='ocr_line' id='line_1_45' title="bbox 1073 251 1855 292; baseline 0.009 -15"><span class='ocrx_word' id='word_1_312' title='bbox 1073 252 1168 286; x_wconf 52' lang='grc' dir='ltr'>Λόγγος</span> <span class='ocrx_word' id='word_1_313' title='bbox 1179 251 1257 286; x_wconf 78' lang='grc' dir='ltr'>σὰρξ</span> <span class='ocrx_word' id='word_1_314' title='bbox 1275 252 1404 287; x_wconf 77' lang='grc' dir='ltr'>ἐγένετο,</span> <span class='ocrx_word' id='word_1_315' title='bbox 1417 254 1447 280; x_wconf 82' lang='grc' dir='ltr'>οὺ</span> <span class='ocrx_word' id='word_1_316' title='bbox 1466 254 1570 290; x_wconf 79' lang='grc' dir='ltr'>τροπὴν</span> <span class='ocrx_word' id='word_1_317' title='bbox 1586 255 1715 288; x_wconf 76' lang='grc' dir='ltr'>ὑποστὰς,</span> <span class='ocrx_word' id='word_1_318' title='bbox 1729 257 1792 283; x_wconf 77' lang='grc' dir='ltr'>οὐδὲ</span> <span class='ocrx_word' id='word_1_319' title='bbox 1811 265 1855 292; x_wconf 85' lang='grc' dir='ltr'>με-</span> 
     </span>
    </p>
   </div>
   <div class='ocr_carea' id='block_1_46' title="bbox 1071 296 1855 337">
    <p class='ocr_par' dir='ltr' id='par_1_46' title="bbox 1071 296 1855 337">
     <span class='ocr_line' id='line_1_46' title="bbox 1071 296 1855 337; baseline 0.009 -15"><span class='ocrx_word' id='word_1_320' title='bbox 1071 296 1195 323; x_wconf 74' lang='grc' dir='ltr'>ταϐαλὼν</span> <span class='ocrx_word' id='word_1_321' title='bbox 1216 298 1266 333; x_wconf 74' lang='grc' dir='ltr'>τὴν</span> <span class='ocrx_word' id='word_1_322' title='bbox 1292 299 1387 325; x_wconf 78' lang='grc' dir='ltr'>ἑαυτοῦ</span> <span class='ocrx_word' id='word_1_323' title='bbox 1400 299 1514 334; x_wconf 80' lang='grc' dir='ltr'>θεότητα</span> <span class='ocrx_word' id='word_1_324' title='bbox 1533 301 1573 332; x_wconf 81' lang='grc' dir='ltr'><strong>είς</strong></span> <span class='ocrx_word' id='word_1_325' title='bbox 1595 301 1803 337; x_wconf 79' lang='grc' dir='ltr'>ἀνθρωπότητα.</span> <span class='ocrx_word' id='word_1_326' title='bbox 1818 303 1855 334; x_wconf 84' lang='grc' dir='ltr'><strong>εις</strong></span> 
     </span>
    </p>
   </div>
   <div class='ocr_carea' id='block_1_47' title="bbox 1073 342 1855 382">
    <p class='ocr_par' dir='ltr' id='par_1_47' title="bbox 1073 342 1855 382">
     <span class='ocr_line' id='line_1_47' title="bbox 1073 342 1855 382; baseline 0.008 -14"><span class='ocrx_word' id='word_1_327' title='bbox 1073 342 1138 377; x_wconf 81' lang='grc' dir='ltr'>μίαν</span> <span class='ocrx_word' id='word_1_328' title='bbox 1156 342 1345 371; x_wconf 85' lang='grc' dir='ltr'>συνενὼσαντα</span> <span class='ocrx_word' id='word_1_329' title='bbox 1362 344 1458 371; x_wconf 73' lang='grc' dir='ltr'>ἑαυτοῦ</span> <span class='ocrx_word' id='word_1_330' title='bbox 1481 345 1561 378; x_wconf 86' lang='grc' dir='ltr'>ἁγίαν</span> <span class='ocrx_word' id='word_1_331' title='bbox 1576 345 1734 382; x_wconf 69' lang='grc' dir='ltr'>τελειότητά</span> <span class='ocrx_word' id='word_1_332' title='bbox 1757 356 1788 374; x_wconf 85' lang='grc' dir='ltr'><strong>τε</strong></span> <span class='ocrx_word' id='word_1_333' title='bbox 1811 348 1855 373; x_wconf 78' lang='grc' dir='ltr'>καὶ</span> 
     </span>
    </p>
   </div>
   <div class='ocr_carea' id='block_1_48' title="bbox 1072 385 1855 428">
    <p class='ocr_par' dir='ltr' id='par_1_48' title="bbox 1072 385 1855 428">
     <span class='ocr_line' id='line_1_48' title="bbox 1072 385 1855 428; baseline 0.003 -12"><span class='ocrx_word' id='word_1_334' title='bbox 1072 389 1202 425; x_wconf 80' lang='grc' dir='ltr'>θεότητα·</span> <span class='ocrx_word' id='word_1_335' title='bbox 1217 387 1257 422; x_wconf 83' lang='grc' dir='ltr'><strong>εἷς</strong></span> <span class='ocrx_word' id='word_1_336' title='bbox 1269 390 1324 426; x_wconf 81' lang='grc' dir='ltr'><strong>γάρ</strong></span> <span class='ocrx_word' id='word_1_337' title='bbox 1337 385 1411 417; x_wconf 72' lang='grc' dir='ltr'>ἐστιν</span> <span class='ocrx_word' id='word_1_338' title='bbox 1427 391 1528 426; x_wconf 80' lang='grc' dir='ltr'>Κύριος</span> <span class='ocrx_word' id='word_1_339' title='bbox 1556 392 1659 427; x_wconf 76' lang='grc' dir='ltr'>Ἰησοῦς</span> <span class='ocrx_word' id='word_1_340' title='bbox 1682 393 1799 428; x_wconf 70' lang='grc' dir='ltr'>Χριστὸς</span> <span class='ocrx_word' id='word_1_341' title='bbox 1813 393 1855 419; x_wconf 66' lang='grc' dir='ltr'>καὶ</span> 
     </span>
    </p>
   </div>
   <div class='ocr_carea' id='block_1_49' title="bbox 1071 435 1855 473">
    <p class='ocr_par' dir='ltr' id='par_1_49' title="bbox 1071 435 1855 473">
     <span class='ocr_line' id='line_1_49' title="bbox 1071 435 1855 473; baseline 0.004 -11"><span class='ocrx_word' id='word_1_342' title='bbox 1071 436 1101 462; x_wconf 77' lang='grc' dir='ltr'>οὐ</span> <span class='ocrx_word' id='word_1_343' title='bbox 1116 435 1174 467; x_wconf 84' lang='grc' dir='ltr'>δύο,</span> <span class='ocrx_word' id='word_1_344' title='bbox 1187 437 1202 463; x_wconf 80' lang='grc' dir='ltr'><strong>ὁ</strong></span> <span class='ocrx_word' id='word_1_345' title='bbox 1216 437 1297 468; x_wconf 77' lang='grc' dir='ltr'>αὐτὸς</span> <span class='ocrx_word' id='word_1_346' title='bbox 1309 437 1386 469; x_wconf 76' lang='grc' dir='ltr'><strong>Θεὸς.</strong></span> <span class='ocrx_word' id='word_1_347' title='bbox 1405 437 1421 464; x_wconf 79' lang='grc' dir='ltr'><strong>ό</strong></span> <span class='ocrx_word' id='word_1_348' title='bbox 1433 437 1513 470; x_wconf 77' lang='grc' dir='ltr'>αὐτὸς</span> <span class='ocrx_word' id='word_1_349' title='bbox 1528 438 1639 473; x_wconf 78' lang='grc' dir='ltr'>Κύριος,</span> <span class='ocrx_word' id='word_1_350' title='bbox 1660 439 1675 464; x_wconf 85' lang='grc' dir='ltr'><strong><em>ὁ</em></strong></span> <span class='ocrx_word' id='word_1_351' title='bbox 1689 439 1770 471; x_wconf 71' lang='grc' dir='ltr'>αὐτὸς</span> <span class='ocrx_word' id='word_1_352' title='bbox 1786 439 1855 473; x_wconf 80' lang='grc' dir='ltr'>βασι-</span> 
     </span>
    </p>
   </div>
   <div class='ocr_carea' id='block_1_50' title="bbox 1072 481 1857 519">
    <p class='ocr_par' dir='ltr' id='par_1_50' title="bbox 1072 481 1857 519">
     <span class='ocr_line' id='line_1_50' title="bbox 1072 481 1857 519; baseline 0.003 -10"><span class='ocrx_word' id='word_1_353' title='bbox 1072 481 1144 514; x_wconf 82' lang='grc' dir='ltr'>λεύς.</span> <span class='ocrx_word' id='word_1_354' title='bbox 1170 482 1293 509; x_wconf 78' lang='grc' dir='ltr'>Παθόντα</span> <span class='ocrx_word' id='word_1_355' title='bbox 1316 483 1345 510; x_wconf 85' lang='grc' dir='ltr'>δὲ</span> <span class='ocrx_word' id='word_1_356' title='bbox 1367 483 1412 510; x_wconf 80' lang='grc' dir='ltr'><strong>τὸν</strong></span> <span class='ocrx_word' id='word_1_357' title='bbox 1439 483 1521 510; x_wconf 81' lang='grc' dir='ltr'>αὐτὸν</span> <span class='ocrx_word' id='word_1_358' title='bbox 1544 484 1573 510; x_wconf 79' lang='grc' dir='ltr'>ἐν</span> <span class='ocrx_word' id='word_1_359' title='bbox 1603 485 1695 519; x_wconf 78' lang='grc' dir='ltr'>σαρκὶ.</span> <span class='ocrx_word' id='word_1_360' title='bbox 1721 486 1768 511; x_wconf 71' lang='grc' dir='ltr'>καὶ</span> <span class='ocrx_word' id='word_1_361' title='bbox 1795 485 1857 512; x_wconf 83' lang='grc' dir='ltr'>ἀνα-</span> 
     </span>
    </p>
   </div>
   <div class='ocr_carea' id='block_1_51' title="bbox 1071 528 1857 565">
    <p class='ocr_par' dir='ltr' id='par_1_51' title="bbox 1071 528 1857 565">
     <span class='ocr_line' id='line_1_51' title="bbox 1071 528 1857 565; baseline 0.003 -11"><span class='ocrx_word' id='word_1_362' title='bbox 1071 528 1187 555; x_wconf 83' lang='grc' dir='ltr'><strong>στάντα.</strong></span> <span class='ocrx_word' id='word_1_363' title='bbox 1211 529 1258 555; x_wconf 80' lang='grc' dir='ltr'>καὶ</span> <span class='ocrx_word' id='word_1_364' title='bbox 1277 528 1421 555; x_wconf 71' lang='grc' dir='ltr'><strong>ἀνελθόντα</strong></span> <span class='ocrx_word' id='word_1_365' title='bbox 1444 530 1485 560; x_wconf 75' lang='grc' dir='ltr'><strong>εἰς</strong></span> <span class='ocrx_word' id='word_1_366' title='bbox 1505 529 1568 560; x_wconf 71' lang='grc' dir='ltr'>τοὺς</span> <span class='ocrx_word' id='word_1_367' title='bbox 1584 529 1714 564; x_wconf 78' lang='grc' dir='ltr'>οὐρανοὺς</span> <span class='ocrx_word' id='word_1_368' title='bbox 1734 530 1763 556; x_wconf 81' lang='grc' dir='ltr'>ὲν</span> <span class='ocrx_word' id='word_1_369' title='bbox 1785 530 1857 565; x_wconf 80' lang='grc' dir='ltr'><strong>αὑτῷ</strong></span> 
     </span>
    </p>
   </div>
   <div class='ocr_carea' id='block_1_52' title="bbox 1071 572 1855 609">
    <p class='ocr_par' dir='ltr' id='par_1_52' title="bbox 1071 572 1855 609">
     <span class='ocr_line' id='line_1_52' title="bbox 1071 572 1855 609; baseline 0.004 -11"><span class='ocrx_word' id='word_1_370' title='bbox 1071 572 1109 608; x_wconf 83' lang='grc' dir='ltr'>τῷ</span> <span class='ocrx_word' id='word_1_371' title='bbox 1123 572 1240 608; x_wconf 83' lang='grc' dir='ltr'>σώματι,</span> <span class='ocrx_word' id='word_1_372' title='bbox 1254 573 1366 606; x_wconf 79' lang='grc' dir='ltr'>ἐνδόξως</span> <span class='ocrx_word' id='word_1_373' title='bbox 1379 573 1529 600; x_wconf 78' lang='grc' dir='ltr'>καθίσαντα</span> <span class='ocrx_word' id='word_1_374' title='bbox 1548 575 1577 600; x_wconf 80' lang='grc' dir='ltr'>ἐν</span> <span class='ocrx_word' id='word_1_375' title='bbox 1591 573 1665 609; x_wconf 80' lang='grc' dir='ltr'>δεξιᾷ</span> <span class='ocrx_word' id='word_1_376' title='bbox 1679 573 1726 600; x_wconf 82' lang='grc' dir='ltr'><strong>τοῦ</strong></span> <span class='ocrx_word' id='word_1_377' title='bbox 1742 574 1855 609; x_wconf 80' lang='grc' dir='ltr'>Πατρὸς,</span> 
     </span>
    </p>
   </div>
   <div class='ocr_carea' id='block_1_53' title="bbox 1072 617 1856 654">
    <p class='ocr_par' dir='ltr' id='par_1_53' title="bbox 1072 617 1856 654">
     <span class='ocr_line' id='line_1_53' title="bbox 1072 617 1856 654; baseline 0.001 -11"><span class='ocrx_word' id='word_1_378' title='bbox 1072 617 1218 653; x_wconf 78' lang='grc' dir='ltr'><strong>ἐρχόμενον</strong></span> <span class='ocrx_word' id='word_1_379' title='bbox 1234 619 1263 644; x_wconf 80' lang='grc' dir='ltr'>ἐν</span> <span class='ocrx_word' id='word_1_380' title='bbox 1277 618 1353 653; x_wconf 83' lang='grc' dir='ltr'>αὐτῷ</span> <span class='ocrx_word' id='word_1_381' title='bbox 1376 618 1416 653; x_wconf 85' lang='grc' dir='ltr'>τῷ</span> <span class='ocrx_word' id='word_1_382' title='bbox 1433 617 1539 653; x_wconf 86' lang='grc' dir='ltr'>σώματι</span> <span class='ocrx_word' id='word_1_383' title='bbox 1556 619 1585 644; x_wconf 85' lang='grc' dir='ltr'>ὲν</span> <span class='ocrx_word' id='word_1_384' title='bbox 1598 618 1662 654; x_wconf 80' lang='grc' dir='ltr'>δόξῃ</span> <span class='ocrx_word' id='word_1_385' title='bbox 1683 619 1774 654; x_wconf 82' lang='grc' dir='ltr'>κρῖναι</span> <span class='ocrx_word' id='word_1_386' title='bbox 1789 618 1856 651; x_wconf 79' lang='grc' dir='ltr'>ζῶν-</span> 
     </span>
    </p>
   </div>
   <div class='ocr_carea' id='block_1_54' title="bbox 1070 661 1854 699">
    <p class='ocr_par' dir='ltr' id='par_1_54' title="bbox 1070 661 1854 699">
     <span class='ocr_line' id='line_1_54' title="bbox 1070 661 1854 699; baseline 0.001 -10"><span class='ocrx_word' id='word_1_387' title='bbox 1070 672 1119 694; x_wconf 77' lang='grc' dir='ltr'><strong>τας</strong></span> <span class='ocrx_word' id='word_1_388' title='bbox 1141 663 1188 690; x_wconf 76' lang='grc' dir='ltr'>καὶ</span> <span class='ocrx_word' id='word_1_389' title='bbox 1204 664 1333 699; x_wconf 80' lang='grc' dir='ltr'>νεκρούς·</span> <span class='ocrx_word' id='word_1_390' title='bbox 1348 661 1379 691; x_wconf 70' lang='grc' dir='ltr'><strong>οὗ</strong></span> <span class='ocrx_word' id='word_1_391' title='bbox 1394 665 1444 699; x_wconf 81' lang='grc' dir='ltr'>τῆς</span> <span class='ocrx_word' id='word_1_392' title='bbox 1463 663 1600 698; x_wconf 81' lang='grc' dir='ltr'>βασιλείας</span> <span class='ocrx_word' id='word_1_393' title='bbox 1612 664 1662 690; x_wconf 87' lang='grc' dir='ltr'>οὐκ</span> <span class='ocrx_word' id='word_1_394' title='bbox 1677 664 1754 691; x_wconf 78' lang='grc' dir='ltr'>ἔσται</span> <span class='ocrx_word' id='word_1_395' title='bbox 1772 664 1854 693; x_wconf 74' lang='grc' dir='ltr'>τέλος.</span> 
     </span>
    </p>
   </div>
   <div class='ocr_carea' id='block_1_55' title="bbox 1071 709 1858 746">
    <p class='ocr_par' dir='ltr' id='par_1_55' title="bbox 1071 709 1858 746">
     <span class='ocr_line' id='line_1_55' title="bbox 1071 709 1858 746; baseline 0 -10"><span class='ocrx_word' id='word_1_396' title='bbox 1071 709 1126 737; x_wconf 72' lang='grc' dir='ltr'><strong>Καὶ</strong></span> <span class='ocrx_word' id='word_1_397' title='bbox 1148 710 1188 741; x_wconf 81' lang='grc' dir='ltr'>εις</span> <span class='ocrx_word' id='word_1_398' title='bbox 1202 710 1234 736; x_wconf 86' lang='grc' dir='ltr'><strong>τδ</strong></span> <span class='ocrx_word' id='word_1_399' title='bbox 1257 710 1333 744; x_wconf 74' lang='grc' dir='ltr'>ἅγιον</span> <span class='ocrx_word' id='word_1_400' title='bbox 1355 710 1468 745; x_wconf 80' lang='grc' dir='ltr'><strong>Πνεῦμα</strong></span> <span class='ocrx_word' id='word_1_401' title='bbox 1488 710 1664 745; x_wconf 76' lang='grc' dir='ltr'>πιστεύομεν,</span> <span class='ocrx_word' id='word_1_402' title='bbox 1687 711 1718 736; x_wconf 86' lang='grc' dir='ltr'>τὸ</span> <span class='ocrx_word' id='word_1_403' title='bbox 1740 710 1858 746; x_wconf 86' lang='grc' dir='ltr'>λαλῆσαν</span> 
     </span>
    </p>
   </div>
   <div class='ocr_carea' id='block_1_56' title="bbox 1071 754 1859 790">
    <p class='ocr_par' dir='ltr' id='par_1_56' title="bbox 1071 754 1859 790">
     <span class='ocr_line' id='line_1_56' title="bbox 1071 754 1859 790; baseline 0.003 -10"><span class='ocrx_word' id='word_1_404' title='bbox 1071 755 1101 781; x_wconf 82' lang='grc' dir='ltr'>ὲν</span> <span class='ocrx_word' id='word_1_405' title='bbox 1119 754 1214 790; x_wconf 84' lang='grc' dir='ltr'>Νόμῳ,</span> <span class='ocrx_word' id='word_1_406' title='bbox 1232 755 1278 782; x_wconf 82' lang='grc' dir='ltr'>καὶ</span> <span class='ocrx_word' id='word_1_407' title='bbox 1290 755 1411 790; x_wconf 78' lang='grc' dir='ltr'>κηρύξαν</span> <span class='ocrx_word' id='word_1_408' title='bbox 1426 756 1454 781; x_wconf 80' lang='grc' dir='ltr'>ὲν</span> <span class='ocrx_word' id='word_1_409' title='bbox 1469 755 1526 786; x_wconf 83' lang='grc' dir='ltr'>τοῖς</span> <span class='ocrx_word' id='word_1_410' title='bbox 1540 757 1703 790; x_wconf 82' lang='grc' dir='ltr'>προφήταις.</span> <span class='ocrx_word' id='word_1_411' title='bbox 1717 756 1765 782; x_wconf 77' lang='grc' dir='ltr'>καὶ</span> <span class='ocrx_word' id='word_1_412' title='bbox 1779 764 1859 782; x_wconf 79' lang='grc' dir='ltr'>κατα-</span> 
     </span>
    </p>
   </div>
   <div class='ocr_carea' id='block_1_57' title="bbox 1072 799 1857 836">
    <p class='ocr_par' dir='ltr' id='par_1_57' title="bbox 1072 799 1857 836">
     <span class='ocr_line' id='line_1_57' title="bbox 1072 799 1857 836; baseline 0.004 -11"><span class='ocrx_word' id='word_1_413' title='bbox 1072 799 1123 826; x_wconf 74' lang='grc' dir='ltr'>ϐὰν</span> <span class='ocrx_word' id='word_1_414' title='bbox 1147 800 1194 826; x_wconf 67' lang='grc' dir='ltr'><strong>ἐπὶ</strong></span> <span class='ocrx_word' id='word_1_415' title='bbox 1212 801 1259 827; x_wconf 78' lang='grc' dir='ltr'><strong>τὸν</strong></span> <span class='ocrx_word' id='word_1_416' title='bbox 1288 801 1434 836; x_wconf 77' lang='grc' dir='ltr'><strong>Ἰορδάνην,</strong></span> <span class='ocrx_word' id='word_1_417' title='bbox 1458 800 1554 828; x_wconf 85' lang='grc' dir='ltr'>λαλοῦν</span> <span class='ocrx_word' id='word_1_418' title='bbox 1577 801 1606 827; x_wconf 83' lang='grc' dir='ltr'>ὲν</span> <span class='ocrx_word' id='word_1_419' title='bbox 1629 802 1798 833; x_wconf 81' lang='grc' dir='ltr'>ἀποστόλοις,</span> <span class='ocrx_word' id='word_1_420' title='bbox 1818 803 1857 828; x_wconf 76' lang='lat' dir='ltr'><strong>ol-</strong></span> 
     </span>
    </p>
   </div>
   <div class='ocr_carea' id='block_1_58' title="bbox 1072 845 1858 882">
    <p class='ocr_par' dir='ltr' id='par_1_58' title="bbox 1072 845 1858 882">
     <span class='ocr_line' id='line_1_58' title="bbox 1072 845 1858 882; baseline 0.001 -10"><span class='ocrx_word' id='word_1_421' title='bbox 1072 845 1138 873; x_wconf 85' lang='grc' dir='ltr'>κοῦν</span> <span class='ocrx_word' id='word_1_422' title='bbox 1161 847 1191 873; x_wconf 80' lang='grc' dir='ltr'>ἐν</span> <span class='ocrx_word' id='word_1_423' title='bbox 1207 845 1303 880; x_wconf 86' lang='grc' dir='ltr'>ἁγίοις.</span> <span class='ocrx_word' id='word_1_424' title='bbox 1319 846 1412 877; x_wconf 78' lang='grc' dir='ltr'>οὕτως</span> <span class='ocrx_word' id='word_1_425' title='bbox 1436 847 1464 873; x_wconf 78' lang='grc' dir='ltr'>δὲ</span> <span class='ocrx_word' id='word_1_426' title='bbox 1489 846 1653 880; x_wconf 74' lang='grc' dir='ltr'><strong>πιστεύομεν</strong></span> <span class='ocrx_word' id='word_1_427' title='bbox 1667 847 1696 873; x_wconf 81' lang='grc' dir='ltr'>ἐν</span> <span class='ocrx_word' id='word_1_428' title='bbox 1710 847 1796 882; x_wconf 70' lang='grc' dir='ltr'>αὐτῷ,</span> <span class='ocrx_word' id='word_1_429' title='bbox 1817 847 1858 873; x_wconf 72' lang='grc' dir='ltr'>ὅτι</span> 
     </span>
    </p>
   </div>
   <div class='ocr_carea' id='block_1_59' title="bbox 1072 890 1857 927">
    <p class='ocr_par' dir='ltr' id='par_1_59' title="bbox 1072 890 1857 927">
     <span class='ocr_line' id='line_1_59' title="bbox 1072 890 1857 927; baseline 0.001 -9"><span class='ocrx_word' id='word_1_430' title='bbox 1072 891 1132 918; x_wconf 74' lang='grc' dir='ltr'>ἐστὶ</span> <span class='ocrx_word' id='word_1_431' title='bbox 1153 892 1268 926; x_wconf 82' lang='grc' dir='ltr'><strong>Πνεῦμα</strong></span> <span class='ocrx_word' id='word_1_432' title='bbox 1285 890 1372 925; x_wconf 76' lang='grc' dir='ltr'>ἅγιον,</span> <span class='ocrx_word' id='word_1_433' title='bbox 1390 892 1502 927; x_wconf 83' lang='grc' dir='ltr'>Πνεῦμα</span> <span class='ocrx_word' id='word_1_434' title='bbox 1518 892 1597 924; x_wconf 86' lang='grc' dir='ltr'>Θεοῦ,</span> <span class='ocrx_word' id='word_1_435' title='bbox 1616 891 1727 927; x_wconf 85' lang='grc' dir='ltr'>Πνεῦμα</span> <span class='ocrx_word' id='word_1_436' title='bbox 1746 893 1857 924; x_wconf 79' lang='grc' dir='ltr'>τέλειον,</span> 
     </span>
    </p>
   </div>
   <div class='ocr_carea' id='block_1_60' title="bbox 1072 936 1859 973">
    <p class='ocr_par' dir='ltr' id='par_1_60' title="bbox 1072 936 1859 973">
     <span class='ocr_line' id='line_1_60' title="bbox 1072 936 1859 973; baseline 0.001 -10"><span class='ocrx_word' id='word_1_437' title='bbox 1072 936 1184 971; x_wconf 82' lang='grc' dir='ltr'>Πνεῦμα</span> <span class='ocrx_word' id='word_1_438' title='bbox 1209 936 1403 973; x_wconf 86' lang='grc' dir='ltr'>Παράκλητον,</span> <span class='ocrx_word' id='word_1_439' title='bbox 1432 936 1578 970; x_wconf 83' lang='grc' dir='ltr'>ἆκτιστον,</span> <span class='ocrx_word' id='word_1_440' title='bbox 1610 938 1642 964; x_wconf 85' lang='grc' dir='ltr'>ὲκ</span> <span class='ocrx_word' id='word_1_441' title='bbox 1675 938 1721 964; x_wconf 76' lang='grc' dir='ltr'><strong>τοῦ</strong></span> <span class='ocrx_word' id='word_1_442' title='bbox 1753 938 1859 973; x_wconf 78' lang='grc' dir='ltr'>Πατρδς</span> 
     </span>
    </p>
   </div>
   <div class='ocr_carea' id='block_1_61' title="bbox 1072 981 1857 1018">
    <p class='ocr_par' dir='ltr' id='par_1_61' title="bbox 1072 981 1857 1018">
     <span class='ocr_line' id='line_1_61' title="bbox 1072 981 1857 1018; baseline 0.003 -10"><span class='ocrx_word' id='word_1_443' title='bbox 1072 982 1297 1017; x_wconf 76' lang='grc' dir='ltr'>ἐκπορευόμενον,</span> <span class='ocrx_word' id='word_1_444' title='bbox 1310 981 1356 1008; x_wconf 78' lang='grc' dir='ltr'>καὶ</span> <span class='ocrx_word' id='word_1_445' title='bbox 1371 982 1403 1008; x_wconf 77' lang='grc' dir='ltr'>ἐκ</span> <span class='ocrx_word' id='word_1_446' title='bbox 1419 981 1465 1008; x_wconf 85' lang='grc' dir='ltr'><strong>τοῦ</strong></span> <span class='ocrx_word' id='word_1_447' title='bbox 1481 982 1545 1009; x_wconf 82' lang='grc' dir='ltr'><strong>Υίοῦ</strong></span> <span class='ocrx_word' id='word_1_448' title='bbox 1559 982 1782 1018; x_wconf 77' lang='grc' dir='ltr'>λαμὸανόμενον³</span> <span class='ocrx_word' id='word_1_449' title='bbox 1791 983 1857 1017; x_wconf 76' lang='lat'><strong>(50).</strong></span> 
     </span>
    </p>
   </div>
   <div class='ocr_carea' id='block_1_62' title="bbox 1071 1027 1858 1063">
    <p class='ocr_par' dir='ltr' id='par_1_62' title="bbox 1071 1027 1858 1063">
     <span class='ocr_line' id='line_1_62' title="bbox 1071 1027 1858 1063; baseline 0 -10"><span class='ocrx_word' id='word_1_450' title='bbox 1071 1027 1118 1053; x_wconf 78' lang='grc' dir='ltr'>καὶ</span> <span class='ocrx_word' id='word_1_451' title='bbox 1132 1028 1325 1062; x_wconf 78' lang='grc' dir='ltr'>πιστευόμενον</span> <span class='ocrx_word' id='word_1_452' title='bbox 1338 1035 1346 1043; x_wconf 67' lang='grc' dir='ltr'><strong><em>υ</em></strong></span> <span class='ocrx_word' id='word_1_453' title='bbox 1359 1028 1399 1059; x_wconf 77' lang='grc' dir='ltr'><strong>εις</strong></span> <span class='ocrx_word' id='word_1_454' title='bbox 1413 1027 1476 1063; x_wconf 85' lang='grc' dir='ltr'>μίαν</span> <span class='ocrx_word' id='word_1_455' title='bbox 1490 1027 1637 1062; x_wconf 77' lang='grc' dir='ltr'><strong>καθολικὴν</strong></span> <span class='ocrx_word' id='word_1_456' title='bbox 1653 1027 1700 1054; x_wconf 72' lang='grc' dir='ltr'>καὶ</span> <span class='ocrx_word' id='word_1_457' title='bbox 1716 1027 1858 1054; x_wconf 82' lang='grc' dir='ltr'>ἀποστολι-</span> 
     </span>
    </p>
   </div>
   <div class='ocr_carea' id='block_1_63' title="bbox 1071 1073 1857 1108">
    <p class='ocr_par' dir='ltr' id='par_1_63' title="bbox 1071 1073 1857 1108">
     <span class='ocr_line' id='line_1_63' title="bbox 1071 1073 1857 1108; baseline -0.001 -8"><span class='ocrx_word' id='word_1_458' title='bbox 1071 1073 1123 1108; x_wconf 83' lang='grc' dir='ltr'>κὴν</span> <span class='ocrx_word' id='word_1_459' title='bbox 1150 1073 1330 1108; x_wconf 83' lang='grc' dir='ltr'><strong>Ἐκκλησίαν·</strong></span> <span class='ocrx_word' id='word_1_460' title='bbox 1359 1073 1405 1100; x_wconf 76' lang='grc' dir='ltr'>καὶ</span> <span class='ocrx_word' id='word_1_461' title='bbox 1424 1074 1463 1105; x_wconf 81' lang='grc' dir='ltr'><strong>εἰς</strong></span> <span class='ocrx_word' id='word_1_462' title='bbox 1485 1073 1514 1099; x_wconf 85' lang='grc' dir='ltr'>ἓν</span> <span class='ocrx_word' id='word_1_463' title='bbox 1538 1073 1678 1108; x_wconf 83' lang='grc' dir='ltr'>βάπτισμα</span> <span class='ocrx_word' id='word_1_464' title='bbox 1704 1073 1857 1108; x_wconf 83' lang='grc' dir='ltr'>μετανοίας,</span> 
     </span>
    </p>
   </div>
   <div class='ocr_carea' id='block_1_64' title="bbox 1071 1118 1859 1154">
    <p class='ocr_par' dir='ltr' id='par_1_64' title="bbox 1071 1118 1859 1154">
     <span class='ocr_line' id='line_1_64' title="bbox 1071 1118 1859 1154; baseline -0.001 -8"><span class='ocrx_word' id='word_1_465' title='bbox 1071 1120 1118 1146; x_wconf 76' lang='grc' dir='ltr'>καὶ</span> <span class='ocrx_word' id='word_1_466' title='bbox 1143 1120 1184 1151; x_wconf 70' lang='grc' dir='ltr'>εἰς</span> <span class='ocrx_word' id='word_1_467' title='bbox 1205 1119 1352 1146; x_wconf 82' lang='grc' dir='ltr'>ἀνάστασιν</span> <span class='ocrx_word' id='word_1_468' title='bbox 1369 1118 1484 1154; x_wconf 81' lang='grc' dir='ltr'>νεκρῶν,</span> <span class='ocrx_word' id='word_1_469' title='bbox 1504 1119 1551 1146; x_wconf 81' lang='grc' dir='ltr'>καὶ</span> <span class='ocrx_word' id='word_1_470' title='bbox 1567 1119 1658 1154; x_wconf 77' lang='grc' dir='ltr'>κρίσιν</span> <span class='ocrx_word' id='word_1_471' title='bbox 1681 1119 1788 1146; x_wconf 73' lang='grc' dir='ltr'>δικαίαν</span> <span class='ocrx_word' id='word_1_472' title='bbox 1809 1120 1859 1154; x_wconf 75' lang='grc' dir='ltr'>ψυ-</span> 
     </span>
    </p>
   </div>
   <div class='ocr_carea' id='block_1_65' title="bbox 1071 1164 1860 1200">
    <p class='ocr_par' dir='ltr' id='par_1_65' title="bbox 1071 1164 1860 1200">
     <span class='ocr_line' id='line_1_65' title="bbox 1071 1164 1860 1200; baseline -0.001 -9"><span class='ocrx_word' id='word_1_473' title='bbox 1071 1164 1126 1200; x_wconf 85' lang='grc' dir='ltr'><strong>χῶν</strong></span> <span class='ocrx_word' id='word_1_474' title='bbox 1147 1165 1194 1192; x_wconf 79' lang='grc' dir='ltr'>καὶ</span> <span class='ocrx_word' id='word_1_475' title='bbox 1211 1165 1356 1200; x_wconf 83' lang='grc' dir='ltr'>σωμάτων.</span> <span class='ocrx_word' id='word_1_476' title='bbox 1374 1165 1422 1192; x_wconf 69' lang='grc' dir='ltr'>καὶ</span> <span class='ocrx_word' id='word_1_477' title='bbox 1439 1166 1480 1197; x_wconf 83' lang='grc' dir='ltr'>εἰς</span> <span class='ocrx_word' id='word_1_478' title='bbox 1502 1164 1640 1200; x_wconf 85' lang='grc' dir='ltr'>βασιλείαν</span> <span class='ocrx_word' id='word_1_479' title='bbox 1663 1165 1795 1200; x_wconf 81' lang='grc' dir='ltr'>οὐρανῶν,</span> <span class='ocrx_word' id='word_1_480' title='bbox 1813 1166 1860 1191; x_wconf 73' lang='grc' dir='ltr'>καὶ</span> 
     </span>
    </p>
   </div>
   <div class='ocr_carea' id='block_1_66' title="bbox 1071 1208 1859 1246">
    <p class='ocr_par' dir='ltr' id='par_1_66' title="bbox 1071 1208 1859 1246">
     <span class='ocr_line' id='line_1_66' title="bbox 1071 1208 1859 1246; baseline 0 -10"><span class='ocrx_word' id='word_1_481' title='bbox 1071 1211 1111 1242; x_wconf 84' lang='grc' dir='ltr'><strong>είς</strong></span> <span class='ocrx_word' id='word_1_482' title='bbox 1125 1210 1197 1246; x_wconf 83' lang='grc' dir='ltr'><strong>ζωὴν</strong></span> <span class='ocrx_word' id='word_1_483' title='bbox 1211 1210 1329 1237; x_wconf 87' lang='grc' dir='ltr'>αἰώνιον.</span> <span class='ocrx_word' id='word_1_484' title='bbox 1347 1211 1417 1242; x_wconf 79' lang='grc' dir='ltr'>Τοὺς</span> <span class='ocrx_word' id='word_1_485' title='bbox 1433 1211 1462 1237; x_wconf 80' lang='grc' dir='ltr'>δὲ</span> <span class='ocrx_word' id='word_1_486' title='bbox 1477 1210 1605 1245; x_wconf 80' lang='grc' dir='ltr'>λέγοντας</span> <span class='ocrx_word' id='word_1_487' title='bbox 1627 1211 1668 1237; x_wconf 79' lang='grc' dir='ltr'>ὅτι</span> <span class='ocrx_word' id='word_1_488' title='bbox 1682 1208 1716 1245; x_wconf 81' lang='grc' dir='ltr'>ἦν</span> <span class='ocrx_word' id='word_1_489' title='bbox 1736 1219 1801 1237; x_wconf 84' lang='grc' dir='ltr'>ποτε</span> <span class='ocrx_word' id='word_1_490' title='bbox 1815 1211 1859 1237; x_wconf 77' lang='grc' dir='ltr'>ἂτε</span> 
     </span>
    </p>
   </div>
   <div class='ocr_carea' id='block_1_67' title="bbox 1070 1254 1860 1292">
    <p class='ocr_par' dir='ltr' id='par_1_67' title="bbox 1070 1254 1860 1292">
     <span class='ocr_line' id='line_1_67' title="bbox 1070 1254 1860 1292; baseline 0 -10"><span class='ocrx_word' id='word_1_491' title='bbox 1070 1256 1120 1284; x_wconf 80' lang='grc' dir='ltr'>οὐκ</span> <span class='ocrx_word' id='word_1_492' title='bbox 1127 1254 1182 1292; x_wconf 75' lang='grc' dir='ltr'><strong>ἦνὸ</strong></span> <span class='ocrx_word' id='word_1_493' title='bbox 1190 1256 1253 1288; x_wconf 76' lang='grc' dir='ltr'>Υἱὸς</span> <span class='ocrx_word' id='word_1_494' title='bbox 1263 1256 1279 1291; x_wconf 83' lang='grc' dir='ltr'><strong>ἢ</strong></span> <span class='ocrx_word' id='word_1_495' title='bbox 1295 1256 1325 1282; x_wconf 78' lang='grc' dir='ltr'>τὸ</span> <span class='ocrx_word' id='word_1_496' title='bbox 1333 1256 1444 1292; x_wconf 85' lang='grc' dir='ltr'>Πνεῦμα</span> <span class='ocrx_word' id='word_1_497' title='bbox 1452 1256 1482 1283; x_wconf 84' lang='grc' dir='ltr'><strong>τὺ</strong></span> <span class='ocrx_word' id='word_1_498' title='bbox 1495 1256 1581 1290; x_wconf 79' lang='grc' dir='ltr'>ἅγιον,</span> <span class='ocrx_word' id='word_1_499' title='bbox 1590 1256 1606 1291; x_wconf 84' lang='grc' dir='ltr'><strong>ἢ</strong></span> <span class='ocrx_word' id='word_1_500' title='bbox 1616 1257 1656 1282; x_wconf 73' lang='grc' dir='ltr'>ὅτι</span> <span class='ocrx_word' id='word_1_501' title='bbox 1670 1255 1699 1289; x_wconf 79' lang='grc' dir='ltr'><strong>ἐξ</strong></span> <span class='ocrx_word' id='word_1_502' title='bbox 1712 1256 1763 1282; x_wconf 86' lang='grc' dir='ltr'>οὐκ</span> <span class='ocrx_word' id='word_1_503' title='bbox 1776 1255 1860 1282; x_wconf 73' lang='grc' dir='ltr'>ὄντων</span> 
     </span>
    </p>
   </div>
   <div class='ocr_carea' id='block_1_68' title="bbox 1071 1298 1861 1336">
    <p class='ocr_par' dir='ltr' id='par_1_68' title="bbox 1071 1298 1861 1336">
     <span class='ocr_line' id='line_1_68' title="bbox 1071 1298 1861 1336; baseline 0 -9"><span class='ocrx_word' id='word_1_504' title='bbox 1071 1301 1188 1335; x_wconf 70' lang='grc' dir='ltr'>ἐγένετο,</span> <span class='ocrx_word' id='word_1_505' title='bbox 1203 1298 1219 1336; x_wconf 84' lang='grc' dir='ltr'>ἢ</span> <span class='ocrx_word' id='word_1_506' title='bbox 1234 1301 1263 1334; x_wconf 82' lang='grc' dir='ltr'><strong>ἐξ</strong></span> <span class='ocrx_word' id='word_1_507' title='bbox 1285 1301 1381 1335; x_wconf 82' lang='grc' dir='ltr'>ἑτέρας</span> <span class='ocrx_word' id='word_1_508' title='bbox 1392 1301 1595 1336; x_wconf 81' lang='grc' dir='ltr'>ὑποστάσεωςῆ</span> <span class='ocrx_word' id='word_1_509' title='bbox 1612 1300 1705 1332; x_wconf 83' lang='grc' dir='ltr'>οὐσίας</span> <span class='ocrx_word' id='word_1_510' title='bbox 1719 1300 1787 1334; x_wconf 83' lang='grc'>(51),</span> <span class='ocrx_word' id='word_1_511' title='bbox 1809 1301 1861 1334; x_wconf 74' lang='grc' dir='ltr'>φά-</span> 
     </span>
    </p>
   </div>
   <div class='ocr_carea' id='block_1_69' title="bbox 1072 1343 1860 1380">
    <p class='ocr_par' dir='ltr' id='par_1_69' title="bbox 1072 1343 1860 1380">
     <span class='ocr_line' id='line_1_69' title="bbox 1072 1343 1860 1380; baseline -0.003 -8"><span class='ocrx_word' id='word_1_512' title='bbox 1072 1353 1185 1376; x_wconf 82' lang='grc' dir='ltr'>σκοντας</span> <span class='ocrx_word' id='word_1_513' title='bbox 1209 1343 1278 1371; x_wconf 83' lang='grc' dir='ltr'>εἶναι</span> <span class='ocrx_word' id='word_1_514' title='bbox 1302 1344 1419 1379; x_wconf 75' lang='grc' dir='ltr'>τρεπτὸν</span> <span class='ocrx_word' id='word_1_515' title='bbox 1448 1344 1464 1380; x_wconf 83' lang='grc' dir='ltr'>ἢ</span> <span class='ocrx_word' id='word_1_516' title='bbox 1489 1344 1635 1371; x_wconf 75' lang='grc' dir='ltr'>ἀλλοιωτὸν</span> <span class='ocrx_word' id='word_1_517' title='bbox 1659 1344 1706 1371; x_wconf 83' lang='grc' dir='ltr'><strong>τὸν</strong></span> <span class='ocrx_word' id='word_1_518' title='bbox 1727 1344 1793 1370; x_wconf 81' lang='grc' dir='ltr'>Υιὸν</span> <span class='ocrx_word' id='word_1_519' title='bbox 1813 1344 1860 1370; x_wconf 73' lang='grc' dir='ltr'><strong>τοῦ</strong></span> 
     </span>
    </p>
   </div>
   <div class='ocr_carea' id='block_1_70' title="bbox 1071 1387 1860 1426">
    <p class='ocr_par' dir='ltr' id='par_1_70' title="bbox 1071 1387 1860 1426">
     <span class='ocr_line' id='line_1_70' title="bbox 1071 1387 1860 1426; baseline -0.004 -9"><span class='ocrx_word' id='word_1_520' title='bbox 1071 1389 1139 1417; x_wconf 84' lang='grc' dir='ltr'>Θεοῦ</span> <span class='ocrx_word' id='word_1_521' title='bbox 1154 1390 1171 1426; x_wconf 85' lang='grc' dir='ltr'><strong>ἦ</strong></span> <span class='ocrx_word' id='word_1_522' title='bbox 1188 1390 1219 1416; x_wconf 85' lang='grc' dir='ltr'><strong>τὺ</strong></span> <span class='ocrx_word' id='word_1_523' title='bbox 1241 1389 1319 1424; x_wconf 72' lang='grc' dir='ltr'>ἅγιον</span> <span class='ocrx_word' id='word_1_524' title='bbox 1343 1388 1472 1424; x_wconf 84' lang='grc' dir='ltr'>Πνεῦμα·</span> <span class='ocrx_word' id='word_1_525' title='bbox 1497 1388 1609 1419; x_wconf 83' lang='grc' dir='ltr'>τούτους</span> <span class='ocrx_word' id='word_1_526' title='bbox 1625 1387 1820 1423; x_wconf 73' lang='grc' dir='ltr'>ἀναθεματίζει</span> <span class='ocrx_word' id='word_1_527' title='bbox 1843 1389 1860 1422; x_wconf 84' lang='grc' dir='ltr'>ἡ</span> 
     </span>
    </p>
   </div>
   <div class='ocr_carea' id='block_1_71' title="bbox 1071 1431 1860 1470">
    <p class='ocr_par' dir='ltr' id='par_1_71' title="bbox 1071 1431 1860 1470">
     <span class='ocr_line' id='line_1_71' title="bbox 1071 1431 1860 1470; baseline -0.006 -7"><span class='ocrx_word' id='word_1_528' title='bbox 1071 1434 1202 1470; x_wconf 76' lang='grc' dir='ltr'>καθολικὴ</span> <span class='ocrx_word' id='word_1_529' title='bbox 1222 1435 1269 1461; x_wconf 75' lang='grc' dir='ltr'><strong>καὶ</strong></span> <span class='ocrx_word' id='word_1_530' title='bbox 1288 1433 1453 1469; x_wconf 86' lang='grc' dir='ltr'>ἀποστολικὴ</span> <span class='ocrx_word' id='word_1_531' title='bbox 1473 1433 1631 1469; x_wconf 73' lang='grc' dir='ltr'>Ἐκκλησία,</span> <span class='ocrx_word' id='word_1_532' title='bbox 1644 1434 1661 1468; x_wconf 82' lang='grc' dir='ltr'><strong>ἡ</strong></span> <span class='ocrx_word' id='word_1_533' title='bbox 1681 1434 1772 1469; x_wconf 84' lang='grc' dir='ltr'>μήτηρ</span> <span class='ocrx_word' id='word_1_534' title='bbox 1785 1431 1860 1467; x_wconf 82' lang='grc' dir='ltr'>ὑμῶν</span> 
     </span>
    </p>
   </div>
   <div class='ocr_carea' id='block_1_72' title="bbox 1070 1477 1863 1516">
    <p class='ocr_par' dir='ltr' id='par_1_72' title="bbox 1070 1477 1863 1516">
     <span class='ocr_line' id='line_1_72' title="bbox 1070 1477 1863 1516; baseline -0.005 -8"><span class='ocrx_word' id='word_1_535' title='bbox 1070 1490 1100 1509; x_wconf 87' lang='grc' dir='ltr'><strong>τε</strong></span> <span class='ocrx_word' id='word_1_536' title='bbox 1123 1481 1170 1508; x_wconf 75' lang='grc' dir='ltr'>καὶ</span> <span class='ocrx_word' id='word_1_537' title='bbox 1191 1480 1280 1516; x_wconf 83' lang='grc' dir='ltr'>ὴμῶν.</span> <span class='ocrx_word' id='word_1_538' title='bbox 1306 1480 1362 1507; x_wconf 75' lang='grc' dir='ltr'>Καὶ</span> <span class='ocrx_word' id='word_1_539' title='bbox 1388 1479 1469 1507; x_wconf 81' lang='grc' dir='ltr'>πάλιν</span> <span class='ocrx_word' id='word_1_540' title='bbox 1490 1479 1723 1514; x_wconf 81' lang='grc' dir='ltr'>ἀναθεματίζομεν</span> <span class='ocrx_word' id='word_1_541' title='bbox 1744 1478 1808 1510; x_wconf 73' lang='grc' dir='ltr'>τοὺς</span> <span class='ocrx_word' id='word_1_542' title='bbox 1823 1477 1863 1513; x_wconf 85' lang='grc' dir='ltr'>μὴ</span> 
     </span>
    </p>
   </div>
   <div class='ocr_carea' id='block_1_73' title="bbox 1070 1524 1864 1563">
    <p class='ocr_par' dir='ltr' id='par_1_73' title="bbox 1070 1524 1864 1563">
     <span class='ocr_line' id='line_1_73' title="bbox 1070 1524 1864 1563; baseline -0.005 -9"><span class='ocrx_word' id='word_1_543' title='bbox 1070 1526 1268 1563; x_wconf 78' lang='grc' dir='ltr'>ὁμολογοῦντας</span> <span class='ocrx_word' id='word_1_544' title='bbox 1282 1526 1429 1553; x_wconf 82' lang='grc' dir='ltr'>ἀνάστασιν</span> <span class='ocrx_word' id='word_1_545' title='bbox 1445 1525 1562 1560; x_wconf 76' lang='grc' dir='ltr'>νεκρῶν,</span> <span class='ocrx_word' id='word_1_546' title='bbox 1580 1524 1627 1551; x_wconf 71' lang='grc' dir='ltr'><strong>καὶ</strong></span> <span class='ocrx_word' id='word_1_547' title='bbox 1647 1525 1736 1556; x_wconf 80' lang='grc' dir='ltr'>πάσας</span> <span class='ocrx_word' id='word_1_548' title='bbox 1752 1524 1802 1555; x_wconf 83' lang='grc' dir='ltr'><strong>τὰς</strong></span> <span class='ocrx_word' id='word_1_549' title='bbox 1820 1524 1864 1550; x_wconf 84' lang='grc' dir='ltr'><strong>αἱ-</strong></span> 
     </span>
    </p>
   </div>
   <div class='ocr_carea' id='block_1_74' title="bbox 1074 1569 1861 1608">
    <p class='ocr_par' dir='ltr' id='par_1_74' title="bbox 1074 1569 1861 1608">
     <span class='ocr_line' id='line_1_74' title="bbox 1074 1569 1861 1608; baseline -0.006 -8"><span class='ocrx_word' id='word_1_550' title='bbox 1074 1573 1161 1608; x_wconf 79' lang='grc' dir='ltr'>ρέσεις</span> <span class='ocrx_word' id='word_1_551' title='bbox 1175 1573 1225 1604; x_wconf 81' lang='grc' dir='ltr'><strong>τὰς</strong></span> <span class='ocrx_word' id='word_1_552' title='bbox 1242 1572 1279 1607; x_wconf 84' lang='grc' dir='ltr'>μὴ</span> <span class='ocrx_word' id='word_1_553' title='bbox 1301 1572 1334 1599; x_wconf 81' lang='grc' dir='ltr'>ὲκ</span> <span class='ocrx_word' id='word_1_554' title='bbox 1347 1571 1449 1606; x_wconf 83' lang='grc' dir='ltr'>ταύτης</span> <span class='ocrx_word' id='word_1_555' title='bbox 1465 1571 1513 1606; x_wconf 83' lang='grc' dir='ltr'>τῆς</span> <span class='ocrx_word' id='word_1_556' title='bbox 1530 1570 1612 1606; x_wconf 78' lang='grc' dir='ltr'>ιρθῆς</span> <span class='ocrx_word' id='word_1_557' title='bbox 1628 1570 1745 1601; x_wconf 77' lang='grc' dir='ltr'>πίστεως</span> <span class='ocrx_word' id='word_1_558' title='bbox 1765 1569 1861 1600; x_wconf 72' lang='grc' dir='ltr'>οὔσας.</span> 
     </span>
    </p>
   </div>
   <div class='ocr_carea' id='block_1_75' title="bbox 1079 1615 1864 1654">
    <p class='ocr_par' dir='ltr' id='par_1_75' title="bbox 1079 1615 1864 1654">
     <span class='ocr_line' id='line_1_75' title="bbox 1079 1615 1864 1654; baseline -0.005 -9"><span class='ocrx_word' id='word_1_559' title='bbox 1079 1619 1170 1654; x_wconf 82' lang='grc' dir='ltr'>Ὑμῶν</span> <span class='ocrx_word' id='word_1_560' title='bbox 1181 1618 1208 1645; x_wconf 83' lang='grc' dir='ltr'>δὲ</span> <span class='ocrx_word' id='word_1_561' title='bbox 1219 1618 1266 1644; x_wconf 72' lang='grc' dir='ltr'>καὶ</span> <span class='ocrx_word' id='word_1_562' title='bbox 1278 1617 1331 1644; x_wconf 88' lang='grc' dir='ltr'><strong>τῶν</strong></span> <span class='ocrx_word' id='word_1_563' title='bbox 1342 1617 1421 1652; x_wconf 84' lang='grc' dir='ltr'>ἡμῶν</span> <span class='ocrx_word' id='word_1_564' title='bbox 1434 1617 1547 1649; x_wconf 77' lang='grc' dir='ltr'>τέκνων,</span> <span class='ocrx_word' id='word_1_565' title='bbox 1562 1615 1774 1651; x_wconf 73' lang='grc' dir='ltr'>μακαριώτατα,</span> <span class='ocrx_word' id='word_1_566' title='bbox 1792 1615 1864 1641; x_wconf 75' lang='grc' dir='ltr'>οὕτω</span> 
     </span>
    </p>
   </div>
   <div class='ocr_carea' id='block_1_76' title="bbox 1073 1661 1862 1696">
    <p class='ocr_par' dir='ltr' id='par_1_76' title="bbox 1073 1661 1862 1696">
     <span class='ocr_line' id='line_1_76' title="bbox 1073 1661 1862 1696; baseline -0.006 -6"><span class='ocrx_word' id='word_1_567' title='bbox 1073 1663 1264 1693; x_wconf 83' lang='grc' dir='ltr'>πιστευόντων,</span> <span class='ocrx_word' id='word_1_568' title='bbox 1280 1663 1327 1689; x_wconf 77' lang='grc' dir='ltr'>καὶ</span> <span class='ocrx_word' id='word_1_569' title='bbox 1342 1662 1391 1694; x_wconf 77' lang='grc' dir='ltr'><strong>τὰς</strong></span> <span class='ocrx_word' id='word_1_570' title='bbox 1414 1663 1446 1689; x_wconf 78' lang='grc' dir='ltr'>ἐκ</span> <span class='ocrx_word' id='word_1_571' title='bbox 1463 1662 1565 1696; x_wconf 79' lang='grc' dir='ltr'>ταύτης</span> <span class='ocrx_word' id='word_1_572' title='bbox 1580 1661 1630 1696; x_wconf 81' lang='grc' dir='ltr'>τῆς</span> <span class='ocrx_word' id='word_1_573' title='bbox 1653 1661 1772 1692; x_wconf 76' lang='grc' dir='ltr'>πίστεως</span> <span class='ocrx_word' id='word_1_574' title='bbox 1787 1661 1862 1688; x_wconf 81' lang='grc' dir='ltr'>ἐντο-</span> 
     </span>
    </p>
   </div>
   <div class='ocr_carea' id='block_1_77' title="bbox 1072 1707 1864 1744">
    <p class='ocr_par' dir='ltr' id='par_1_77' title="bbox 1072 1707 1864 1744">
     <span class='ocr_line' id='line_1_77' title="bbox 1072 1707 1864 1744; baseline -0.006 -6"><span class='ocrx_word' id='word_1_575' title='bbox 1072 1711 1119 1742; x_wconf 86' lang='grc' dir='ltr'><strong>λὰς</strong></span> <span class='ocrx_word' id='word_1_576' title='bbox 1149 1710 1360 1741; x_wconf 71' lang='grc' dir='ltr'>ἐπιτελούντων,</span> <span class='ocrx_word' id='word_1_577' title='bbox 1376 1709 1532 1744; x_wconf 63' lang='grc' dir='ltr'>«ἐλπίζομεν</span> <span class='ocrx_word' id='word_1_578' title='bbox 1559 1707 1758 1744; x_wconf 76' lang='grc' dir='ltr'>ὐπερεύχεσθαι</span> <span class='ocrx_word' id='word_1_579' title='bbox 1784 1707 1864 1743; x_wconf 82' lang='grc' dir='ltr'>ἡμῶν</span> 
     </span>
    </p>
   </div>
   <div class='ocr_carea' id='block_1_78' title="bbox 1072 1763 1864 1801">
    <p class='ocr_par' dir='ltr' id='par_1_78' title="bbox 1072 1763 1864 1801">
     <span class='ocr_line' id='line_1_78' title="bbox 1072 1763 1864 1801; baseline -0.009 -7"><span class='ocrx_word' id='word_1_580' title='bbox 1072 1767 1199 1797; x_wconf 69' lang='grc' dir='ltr'>πάντοτε,</span> <span class='ocrx_word' id='word_1_581' title='bbox 1213 1766 1285 1800; x_wconf 77' lang='grc' dir='ltr'>ἔχειν</span> <span class='ocrx_word' id='word_1_582' title='bbox 1298 1765 1396 1801; x_wconf 83' lang='grc' dir='ltr'>μερίδα</span> <span class='ocrx_word' id='word_1_583' title='bbox 1409 1765 1456 1792; x_wconf 81' lang='grc' dir='ltr'>καὶ</span> <span class='ocrx_word' id='word_1_584' title='bbox 1471 1763 1570 1799; x_wconf 81' lang='grc' dir='ltr'>κλῆρον</span> <span class='ocrx_word' id='word_1_585' title='bbox 1586 1764 1615 1789; x_wconf 86' lang='grc' dir='ltr'>ὲν</span> <span class='ocrx_word' id='word_1_586' title='bbox 1626 1763 1658 1798; x_wconf 83' lang='grc' dir='ltr'>τῇ</span> <span class='ocrx_word' id='word_1_587' title='bbox 1675 1763 1744 1797; x_wconf 78' lang='grc' dir='ltr'>αὐτῇ</span> <span class='ocrx_word' id='word_1_588' title='bbox 1759 1763 1864 1791; x_wconf 80' lang='grc' dir='ltr'>πίστει,</span> 
     </span>
    </p>
   </div>
   <div class='ocr_carea' id='block_1_79' title="bbox 1072 1806 1866 1848">
    <p class='ocr_par' dir='ltr' id='par_1_79' title="bbox 1072 1806 1866 1848">
     <span class='ocr_line' id='line_1_79' title="bbox 1072 1806 1866 1848; baseline -0.01 -8"><span class='ocrx_word' id='word_1_589' title='bbox 1072 1813 1120 1840; x_wconf 73' lang='grc' dir='ltr'>καὶ</span> <span class='ocrx_word' id='word_1_590' title='bbox 1140 1813 1170 1839; x_wconf 82' lang='grc' dir='ltr'>ὲν</span> <span class='ocrx_word' id='word_1_591' title='bbox 1193 1812 1233 1847; x_wconf 83' lang='grc' dir='ltr'>τῷ</span> <span class='ocrx_word' id='word_1_592' title='bbox 1256 1812 1349 1848; x_wconf 85' lang='grc' dir='ltr'>κλήρῳ</span> <span class='ocrx_word' id='word_1_593' title='bbox 1363 1811 1417 1837; x_wconf 88' lang='grc' dir='ltr'><strong>τῶν</strong></span> <span class='ocrx_word' id='word_1_594' title='bbox 1436 1810 1521 1845; x_wconf 68' lang='grc' dir='ltr'>αὐτῆς</span> <span class='ocrx_word' id='word_1_595' title='bbox 1537 1809 1660 1836; x_wconf 75' lang='grc' dir='ltr'>ἐντολῶν.</span> <span class='ocrx_word' id='word_1_596' title='bbox 1677 1807 1733 1835; x_wconf 83' lang='grc' dir='ltr'><strong>Καὶ</strong></span> <span class='ocrx_word' id='word_1_597' title='bbox 1749 1806 1866 1842; x_wconf 75' lang='grc' dir='ltr'>εὔχεσθε</span> 
     </span>
    </p>
   </div>
   <div class='ocr_carea' id='block_1_80' title="bbox 1074 1852 1867 1894">
    <p class='ocr_par' dir='ltr' id='par_1_80' title="bbox 1074 1852 1867 1894">
     <span class='ocr_line' id='line_1_80' title="bbox 1074 1852 1867 1894; baseline -0.011 -8"><span class='ocrx_word' id='word_1_598' title='bbox 1074 1859 1144 1894; x_wconf 80' lang='grc' dir='ltr'>ὑπὲρ</span> <span class='ocrx_word' id='word_1_599' title='bbox 1158 1858 1235 1894; x_wconf 81' lang='grc' dir='ltr'>ὴμῶν</span> <span class='ocrx_word' id='word_1_600' title='bbox 1249 1858 1328 1892; x_wconf 81' lang='grc' dir='ltr'>ὑμεῖς</span> <span class='ocrx_word' id='word_1_601' title='bbox 1342 1866 1371 1883; x_wconf 80' lang='grc' dir='ltr'><strong>τε</strong></span> <span class='ocrx_word' id='word_1_602' title='bbox 1387 1857 1435 1883; x_wconf 71' lang='grc' dir='ltr'><strong>καὶ</strong></span> <span class='ocrx_word' id='word_1_603' title='bbox 1455 1857 1508 1887; x_wconf 69' lang='grc' dir='ltr'>πᾶς</span> <span class='ocrx_word' id='word_1_604' title='bbox 1521 1857 1535 1882; x_wconf 80' lang='grc' dir='ltr'>ὁ</span> <span class='ocrx_word' id='word_1_605' title='bbox 1549 1855 1636 1885; x_wconf 78' lang='grc' dir='ltr'>οὕτως</span> <span class='ocrx_word' id='word_1_606' title='bbox 1648 1852 1795 1882; x_wconf 75' lang='grc' dir='ltr'>πιστεύων,</span> <span class='ocrx_word' id='word_1_607' title='bbox 1816 1852 1867 1878; x_wconf 69' lang='grc' dir='ltr'>καὶ</span> 
     </span>
    </p>
   </div>
   <div class='ocr_carea' id='block_1_81' title="bbox 1072 1897 1865 1938">
    <p class='ocr_par' dir='ltr' id='par_1_81' title="bbox 1072 1897 1865 1938">
     <span class='ocr_line' id='line_1_81' title="bbox 1072 1897 1865 1938; baseline -0.013 -5"><span class='ocrx_word' id='word_1_608' title='bbox 1072 1905 1122 1937; x_wconf 73' lang='grc' dir='ltr'><strong>τὰς</strong></span> <span class='ocrx_word' id='word_1_609' title='bbox 1135 1904 1245 1936; x_wconf 79' lang='grc' dir='ltr'>ἐντολὰς</span> <span class='ocrx_word' id='word_1_610' title='bbox 1258 1903 1304 1930; x_wconf 81' lang='grc' dir='ltr'><strong>τοῦ</strong></span> <span class='ocrx_word' id='word_1_611' title='bbox 1317 1902 1418 1938; x_wconf 82' lang='grc' dir='ltr'>Κυρίου</span> <span class='ocrx_word' id='word_1_612' title='bbox 1434 1902 1584 1936; x_wconf 78' lang='grc' dir='ltr'>φυλάττων,</span> <span class='ocrx_word' id='word_1_613' title='bbox 1602 1901 1631 1926; x_wconf 87' lang='grc' dir='ltr'>ὲν</span> <span class='ocrx_word' id='word_1_614' title='bbox 1645 1898 1755 1934; x_wconf 80' lang='grc' dir='ltr'>Χριστῷ</span> <span class='ocrx_word' id='word_1_615' title='bbox 1774 1897 1865 1933; x_wconf 73' lang='grc' dir='ltr'>Ἰησοῦ</span> 
     </span>
    </p>
   </div>
   <div class='ocr_carea' id='block_1_82' title="bbox 1072 1942 1867 1986">
    <p class='ocr_par' dir='ltr' id='par_1_82' title="bbox 1072 1942 1867 1986">
     <span class='ocr_line' id='line_1_82' title="bbox 1072 1942 1867 1986; baseline -0.011 -8"><span class='ocrx_word' id='word_1_616' title='bbox 1072 1951 1111 1986; x_wconf 81' lang='grc' dir='ltr'><strong>τῷ</strong></span> <span class='ocrx_word' id='word_1_617' title='bbox 1127 1950 1221 1985; x_wconf 83' lang='grc' dir='ltr'>Κυρίῳ</span> <span class='ocrx_word' id='word_1_618' title='bbox 1234 1949 1313 1985; x_wconf 82' lang='grc' dir='ltr'>ἡμῶν</span> <span class='ocrx_word' id='word_1_619' title='bbox 1323 1958 1329 1964; x_wconf 93' lang='grc'><strong>·</strong></span> <span class='ocrx_word' id='word_1_620' title='bbox 1343 1948 1376 1975; x_wconf 77' lang='grc' dir='ltr'>δι’</span> <span class='ocrx_word' id='word_1_621' title='bbox 1397 1945 1429 1975; x_wconf 68' lang='grc' dir='ltr'><strong>οὗ</strong></span> <span class='ocrx_word' id='word_1_622' title='bbox 1442 1949 1490 1974; x_wconf 84' lang='grc' dir='ltr'>καὶ</span> <span class='ocrx_word' id='word_1_623' title='bbox 1510 1947 1568 1983; x_wconf 80' lang='grc' dir='ltr'>μεθ’</span> <span class='ocrx_word' id='word_1_624' title='bbox 1585 1942 1616 1973; x_wconf 77' lang='grc' dir='ltr'><strong>οῦ</strong></span> <span class='ocrx_word' id='word_1_625' title='bbox 1634 1945 1673 1981; x_wconf 85' lang='grc' dir='ltr'>τῷ</span> <span class='ocrx_word' id='word_1_626' title='bbox 1696 1944 1785 1980; x_wconf 70' lang='grc' dir='ltr'>Πατρὶ</span> <span class='ocrx_word' id='word_1_627' title='bbox 1799 1943 1867 1976; x_wconf 71' lang='grc' dir='ltr'>δόξα</span> 
     </span>
    </p>
   </div>
   <div class='ocr_carea' id='block_1_83' title="bbox 1074 1991 1734 2031">
    <p class='ocr_par' dir='ltr' id='par_1_83' title="bbox 1074 1991 1734 2031">
     <span class='ocr_line' id='line_1_83' title="bbox 1074 1991 1734 2031; baseline -0.009 -8"><span class='ocrx_word' id='word_1_628' title='bbox 1074 1997 1122 2023; x_wconf 80' lang='grc' dir='ltr'><strong>σὺν</strong></span> <span class='ocrx_word' id='word_1_629' title='bbox 1135 1996 1204 2031; x_wconf 80' lang='grc' dir='ltr'><strong>ἁγίῳ</strong></span> <span class='ocrx_word' id='word_1_630' title='bbox 1215 1994 1354 2030; x_wconf 86' lang='grc' dir='ltr'>Πνεύματι</span> <span class='ocrx_word' id='word_1_631' title='bbox 1369 1995 1409 2025; x_wconf 82' lang='grc' dir='ltr'><strong>εις</strong></span> <span class='ocrx_word' id='word_1_632' title='bbox 1423 1994 1486 2024; x_wconf 73' lang='grc' dir='ltr'>τοὺς</span> <span class='ocrx_word' id='word_1_633' title='bbox 1500 1993 1610 2023; x_wconf 76' lang='grc' dir='ltr'>αἰῶνας.</span> <span class='ocrx_word' id='word_1_634' title='bbox 1636 1991 1734 2026; x_wconf 58' lang='grc' dir='ltr'>’Δμήιμ</span> 
     </span>
    </p>
   </div>
   <div class='ocr_carea' id='block_1_84' title="bbox 231 2036 1808 2079">
    <p class='ocr_par' dir='ltr' id='par_1_84' title="bbox 231 2036 1808 2079">
     <span class='ocr_line' id='line_1_84' title="bbox 231 2036 1808 2079; baseline -0.005 -10"><span class='ocrx_word' id='word_1_635' title='bbox 231 2042 341 2070; x_wconf 89' lang='lat' dir='ltr'><strong>Christo</strong></span> <span class='ocrx_word' id='word_1_636' title='bbox 355 2042 419 2070; x_wconf 79' lang='lat' dir='ltr'><strong>Jesu</strong></span> <span class='ocrx_word' id='word_1_637' title='bbox 433 2043 547 2070; x_wconf 88' lang='lat' dir='ltr'><strong>Domino</strong></span> <span class='ocrx_word' id='word_1_638' title='bbox 560 2047 654 2073; x_wconf 86' lang='lat' dir='ltr'><strong>nostro</strong></span> <span class='ocrx_word' id='word_1_639' title='bbox 667 2051 673 2070; x_wconf 93' lang='lat'>:</span> <span class='ocrx_word' id='word_1_640' title='bbox 688 2051 735 2078; x_wconf 83' lang='lat' dir='ltr'><strong>per</strong></span> <span class='ocrx_word' id='word_1_641' title='bbox 746 2051 827 2079; x_wconf 87' lang='lat' dir='ltr'><strong>quem</strong></span> <span class='ocrx_word' id='word_1_642' title='bbox 847 2048 948 2071; x_wconf 88' lang='lat' dir='ltr'><strong>etcum</strong></span> <span class='ocrx_word' id='word_1_643' title='bbox 968 2052 1022 2079; x_wconf 92' lang='lat' dir='ltr'><strong>quo</strong></span> <span class='ocrx_word' id='word_1_644' title='bbox 1038 2045 1113 2073; x_wconf 85' lang='lat' dir='ltr'><strong>Patri</strong></span> <span class='ocrx_word' id='word_1_645' title='bbox 1127 2043 1211 2078; x_wconf 79' lang='lat' dir='ltr'><strong>gloria</strong></span> <span class='ocrx_word' id='word_1_646' title='bbox 1226 2049 1288 2068; x_wconf 90' lang='lat' dir='ltr'><strong>cum</strong></span> <span class='ocrx_word' id='word_1_647' title='bbox 1303 2040 1405 2076; x_wconf 88' lang='lat' dir='ltr'><strong>Spiritu</strong></span> <span class='ocrx_word' id='word_1_648' title='bbox 1422 2042 1518 2067; x_wconf 86' lang='lat' dir='ltr'><strong>sancto</strong></span> <span class='ocrx_word' id='word_1_649' title='bbox 1536 2039 1561 2064; x_wconf 92' lang='lat' dir='ltr'><strong>in</strong></span> <span class='ocrx_word' id='word_1_650' title='bbox 1579 2037 1689 2065; x_wconf 73' lang='lat' dir='ltr'><strong>saecula.</strong></span> <span class='ocrx_word' id='word_1_651' title='bbox 1707 2036 1808 2062; x_wconf 79' lang='lat' dir='ltr'><strong>Amen.</strong></span> 
     </span>
    </p>
   </div>
   <div class='ocr_carea' id='block_1_85' title="bbox 267 2089 1018 2125">
    <p class='ocr_par' dir='ltr' id='par_1_85' title="bbox 267 2089 1018 2125">
     <span class='ocr_line' id='line_1_85' title="bbox 267 2089 1018 2125; baseline 0.003 -9"><span class='ocrx_word' id='word_1_652' title='bbox 267 2090 324 2125; x_wconf 74' lang='lat' dir='ltr'><strong>Ego</strong></span> <span class='ocrx_word' id='word_1_653' title='bbox 340 2097 414 2122; x_wconf 83' lang='lat' dir='ltr'><strong>vero,</strong></span> <span class='ocrx_word' id='word_1_654' title='bbox 428 2089 525 2118; x_wconf 84' lang='lat' dir='ltr'><strong>fratres</strong></span> <span class='ocrx_word' id='word_1_655' title='bbox 537 2090 703 2121; x_wconf 82' lang='lat' dir='ltr'><strong>charissimi.</strong></span> <span class='ocrx_word' id='word_1_656' title='bbox 716 2090 842 2125; x_wconf 69' lang='lat' dir='ltr'><strong>quamvis</strong></span> <span class='ocrx_word' id='word_1_657' title='bbox 857 2091 1018 2118; x_wconf 85' lang='lat' dir='ltr'><strong>tenuissima</strong></span> 
     </span>
    </p>
   </div>
   <div class='ocr_carea' id='block_1_86' title="bbox 1115 2083 1869 2124">
    <p class='ocr_par' dir='ltr' id='par_1_86' title="bbox 1115 2083 1869 2124">
     <span class='ocr_line' id='line_1_86' title="bbox 1115 2083 1869 2124; baseline -0.009 -7"><span class='ocrx_word' id='word_1_658' title='bbox 1115 2090 1186 2124; x_wconf 84' lang='grc' dir='ltr'><strong>Ἐγὼ</strong></span> <span class='ocrx_word' id='word_1_659' title='bbox 1198 2090 1236 2121; x_wconf 80' lang='grc' dir='ltr'>δὲ,</span> <span class='ocrx_word' id='word_1_660' title='bbox 1252 2088 1388 2124; x_wconf 85' lang='grc' dir='ltr'>ἀγαπητοὶ</span> <span class='ocrx_word' id='word_1_661' title='bbox 1403 2087 1522 2123; x_wconf 73' lang='grc' dir='ltr'>ἀδελφοὶ,</span> <span class='ocrx_word' id='word_1_662' title='bbox 1537 2087 1554 2120; x_wconf 86' lang='grc' dir='ltr'>ἡ</span> <span class='ocrx_word' id='word_1_663' title='bbox 1571 2084 1707 2121; x_wconf 78' lang='grc' dir='ltr'>βραχύτης</span> <span class='ocrx_word' id='word_1_664' title='bbox 1721 2083 1804 2119; x_wconf 81' lang='grc' dir='ltr'>ἡμῶν</span> <span class='ocrx_word' id='word_1_665' title='bbox 1818 2084 1869 2111; x_wconf 75' lang='grc' dir='ltr'>καὶ</span> 
     </span>
    </p>
   </div>
   <div class='ocr_carea' id='block_1_87' title="bbox 233 2130 1019 2174">
    <p class='ocr_par' dir='ltr' id='par_1_87' title="bbox 233 2132 1019 2171">
     <span class='ocr_line' id='line_1_87' title="bbox 233 2132 1019 2171; baseline 0.003 -9"><span class='ocrx_word' id='word_1_666' title='bbox 233 2135 361 2171; x_wconf 80' lang='lat' dir='ltr'><strong>facultate</strong></span> <span class='ocrx_word' id='word_1_667' title='bbox 375 2139 402 2162; x_wconf 88' lang='lat' dir='ltr'><strong>et</strong></span> <span class='ocrx_word' id='word_1_668' title='bbox 415 2135 557 2163; x_wconf 87' lang='lat' dir='ltr'><strong>imbecillis</strong></span> <span class='ocrx_word' id='word_1_669' title='bbox 573 2135 676 2162; x_wconf 76' lang='lat' dir='ltr'><strong>viribus</strong></span> <span class='ocrx_word' id='word_1_670' title='bbox 690 2136 790 2171; x_wconf 79' lang='lat' dir='ltr'><strong>ingenii</strong></span> <span class='ocrx_word' id='word_1_671' title='bbox 808 2136 858 2164; x_wconf 85' lang='lat' dir='ltr'><strong>sim</strong></span> <span class='ocrx_word' id='word_1_672' title='bbox 876 2132 1019 2171; x_wconf 61' lang='lat' dir='ltr'><strong>praeditus,</strong></span> 
     </span>
    </p>
   </div>
   <div class='ocr_carea' id='block_1_88' title="bbox 1074 2130 1867 2174">
    <p class='ocr_par' dir='ltr' id='par_1_88' title="bbox 1074 2130 1867 2172">
     <span class='ocr_line' id='line_1_88' title="bbox 1074 2130 1867 2172; baseline -0.01 -8"><span class='ocrx_word' id='word_1_673' title='bbox 1074 2136 1191 2172; x_wconf 78' lang='grc' dir='ltr'>ἀσθενὴς</span> <span class='ocrx_word' id='word_1_674' title='bbox 1211 2136 1261 2170; x_wconf 86' lang='grc' dir='ltr'>τῆς</span> <span class='ocrx_word' id='word_1_675' title='bbox 1284 2134 1403 2165; x_wconf 81' lang='grc' dir='ltr'>διανοίας</span> <span class='ocrx_word' id='word_1_676' title='bbox 1426 2133 1541 2167; x_wconf 83' lang='grc' dir='ltr'>δύναμις</span> <span class='ocrx_word' id='word_1_677' title='bbox 1562 2130 1723 2166; x_wconf 72' lang='grc' dir='ltr'>ἠναγκάσθη</span> <span class='ocrx_word' id='word_1_678' title='bbox 1748 2130 1867 2164; x_wconf 79' lang='grc' dir='ltr'>φθάσαι,</span> 
     </span>
    </p>
   </div>
   <div class='ocr_carea' id='block_1_89' title="bbox 233 2181 1021 2217">
    <p class='ocr_par' dir='ltr' id='par_1_89' title="bbox 233 2181 1021 2217">
     <span class='ocr_line' id='line_1_89' title="bbox 233 2181 1021 2217; baseline 0.003 -8"><span class='ocrx_word' id='word_1_679' title='bbox 233 2183 265 2209; x_wconf 88' lang='lat' dir='ltr'><strong>ad</strong></span> <span class='ocrx_word' id='word_1_680' title='bbox 277 2189 309 2209; x_wconf 88' lang='lat' dir='ltr'><strong>ea</strong></span> <span class='ocrx_word' id='word_1_681' title='bbox 322 2189 363 2209; x_wconf 91' lang='lat' dir='ltr'><strong>mc</strong></span> <span class='ocrx_word' id='word_1_682' title='bbox 375 2181 500 2208; x_wconf 74' lang='lat' dir='ltr'><strong>conferre</strong></span> <span class='ocrx_word' id='word_1_683' title='bbox 513 2181 693 2208; x_wconf 85' lang='lat' dir='ltr'><strong>humanitatis</strong></span> <span class='ocrx_word' id='word_1_684' title='bbox 708 2182 907 2217; x_wconf 85' lang='lat' dir='ltr'><strong>probitatisque</strong></span> <span class='ocrx_word' id='word_1_685' title='bbox 922 2187 1021 2211; x_wconf 69' lang='lat' dir='ltr'><strong>vestra:</strong></span> 
     </span>
    </p>
   </div>
   <div class='ocr_carea' id='block_1_90' title="bbox 231 2226 1021 2261">
    <p class='ocr_par' dir='ltr' id='par_1_90' title="bbox 231 2226 1021 2261">
     <span class='ocr_line' id='line_1_90' title="bbox 231 2226 1021 2261; baseline 0.001 -7"><span class='ocrx_word' id='word_1_686' title='bbox 231 2226 422 2254; x_wconf 85' lang='lat' dir='ltr'><strong>cohortatione</strong></span> <span class='ocrx_word' id='word_1_687' title='bbox 442 2233 503 2253; x_wconf 88' lang='lat' dir='ltr'><strong>sutn</strong></span> <span class='ocrx_word' id='word_1_688' title='bbox 519 2230 632 2254; x_wconf 88' lang='lat' dir='ltr'><strong>coactus</strong></span> <span class='ocrx_word' id='word_1_689' title='bbox 646 2236 652 2252; x_wconf 90' lang='lat'>:</span> <span class='ocrx_word' id='word_1_690' title='bbox 667 2234 727 2261; x_wconf 71' lang='lat' dir='ltr'><strong>quae</strong></span> <span class='ocrx_word' id='word_1_691' title='bbox 748 2234 809 2258; x_wconf 83' lang='lat' dir='ltr'><strong>nos,</strong></span> <span class='ocrx_word' id='word_1_692' title='bbox 830 2227 894 2254; x_wconf 86' lang='lat' dir='ltr'><strong>licet</strong></span> <span class='ocrx_word' id='word_1_693' title='bbox 910 2227 1021 2255; x_wconf 87' lang='lat' dir='ltr'><strong>minime</strong></span> 
     </span>
    </p>
   </div>
   <div class='ocr_carea' id='block_1_91' title="bbox 232 2272 1021 2307">
    <p class='ocr_par' dir='ltr' id='par_1_91' title="bbox 232 2272 1021 2307">
     <span class='ocr_line' id='line_1_91' title="bbox 232 2272 1021 2307; baseline 0 -7"><span class='ocrx_word' id='word_1_694' title='bbox 232 2273 356 2305; x_wconf 87' lang='lat' dir='ltr'><strong>idoneos,</strong></span> <span class='ocrx_word' id='word_1_695' title='bbox 377 2279 460 2307; x_wconf 88' lang='lat' dir='ltr'><strong>supra</strong></span> <span class='ocrx_word' id='word_1_696' title='bbox 477 2275 585 2306; x_wconf 87' lang='lat' dir='ltr'><strong>captum</strong></span> <span class='ocrx_word' id='word_1_697' title='bbox 604 2272 769 2306; x_wconf 87' lang='lat' dir='ltr'><strong>modumque</strong></span> <span class='ocrx_word' id='word_1_698' title='bbox 790 2277 913 2299; x_wconf 82' lang='lat' dir='ltr'><strong>nostrum</strong></span> <span class='ocrx_word' id='word_1_699' title='bbox 931 2272 1021 2300; x_wconf 80' lang='lat' dir='ltr'><strong>cﬂerri</strong></span> 
     </span>
    </p>
   </div>
   <div class='ocr_carea' id='block_1_92' title="bbox 233 2316 1021 2353">
    <p class='ocr_par' dir='ltr' id='par_1_92' title="bbox 233 2316 1021 2353">
     <span class='ocr_line' id='line_1_92' title="bbox 233 2316 1021 2353; baseline 0 -8"><span class='ocrx_word' id='word_1_700' title='bbox 233 2319 374 2353; x_wconf 73' lang='lat' dir='ltr'><strong>compulit,</strong></span> <span class='ocrx_word' id='word_1_701' title='bbox 400 2316 468 2344; x_wconf 76' lang='lat' dir='ltr'><strong>adeo</strong></span> <span class='ocrx_word' id='word_1_702' title='bbox 488 2321 517 2344; x_wconf 93' lang='lat' dir='ltr'><strong>ut</strong></span> <span class='ocrx_word' id='word_1_703' title='bbox 540 2318 567 2344; x_wconf 89' lang='lat' dir='ltr'><strong>in</strong></span> <span class='ocrx_word' id='word_1_704' title='bbox 593 2321 667 2344; x_wconf 87' lang='lat' dir='ltr'><strong>tanta</strong></span> <span class='ocrx_word' id='word_1_705' title='bbox 689 2317 864 2345; x_wconf 82' lang='lat' dir='ltr'><strong>contentione</strong></span> <span class='ocrx_word' id='word_1_706' title='bbox 889 2318 1021 2352; x_wconf 80' lang='lat' dir='ltr'><strong>singulari</strong></span> 
     </span>
    </p>
   </div>
   <div class='ocr_carea' id='block_1_93' title="bbox 233 2361 1019 2398">
    <p class='ocr_par' dir='ltr' id='par_1_93' title="bbox 233 2361 1019 2398">
     <span class='ocr_line' id='line_1_93' title="bbox 233 2361 1019 2398; baseline -0.001 -8"><span class='ocrx_word' id='word_1_707' title='bbox 233 2363 352 2398; x_wconf 84' lang='lat' dir='ltr'><strong>quodam</strong></span> <span class='ocrx_word' id='word_1_708' title='bbox 375 2362 504 2397; x_wconf 76' lang='lat' dir='ltr'><strong>praesidio</strong></span> <span class='ocrx_word' id='word_1_709' title='bbox 526 2362 607 2390; x_wconf 90' lang='lat' dir='ltr'><strong>nobis</strong></span> <span class='ocrx_word' id='word_1_710' title='bbox 624 2370 693 2397; x_wconf 90' lang='lat' dir='ltr'><strong>opus</strong></span> <span class='ocrx_word' id='word_1_711' title='bbox 713 2362 804 2390; x_wconf 76' lang='lat' dir='ltr'><strong>fuerit.</strong></span> <span class='ocrx_word' id='word_1_712' title='bbox 826 2361 924 2389; x_wconf 76' lang='lat' dir='ltr'><strong>Verum</strong></span> <span class='ocrx_word' id='word_1_713' title='bbox 943 2363 1019 2389; x_wconf 75' lang='lat' dir='ltr'><strong>novit</strong></span> 
     </span>
    </p>
   </div>
   <div class='ocr_carea' id='block_1_94' title="bbox 234 2407 1020 2443">
    <p class='ocr_par' dir='ltr' id='par_1_94' title="bbox 234 2407 1020 2443">
     <span class='ocr_line' id='line_1_94' title="bbox 234 2407 1020 2443; baseline 0.001 -10"><span class='ocrx_word' id='word_1_714' title='bbox 234 2408 326 2435; x_wconf 74' lang='lat' dir='ltr'><strong>omnia</strong></span> <span class='ocrx_word' id='word_1_715' title='bbox 342 2408 388 2443; x_wconf 87' lang='lat' dir='ltr'><strong>qtti</strong></span> <span class='ocrx_word' id='word_1_716' title='bbox 410 2408 436 2434; x_wconf 92' lang='lat' dir='ltr'><strong>in</strong></span> <span class='ocrx_word' id='word_1_717' title='bbox 453 2408 524 2435; x_wconf 69' lang='lat' dir='ltr'><strong>caelo</strong></span> <span class='ocrx_word' id='word_1_718' title='bbox 540 2407 625 2435; x_wconf 86' lang='lat' dir='ltr'><strong>ﬁdelis</strong></span> <span class='ocrx_word' id='word_1_719' title='bbox 644 2411 695 2434; x_wconf 67' lang='lat' dir='ltr'><strong>est.</strong></span> <span class='ocrx_word' id='word_1_720' title='bbox 717 2408 843 2434; x_wconf 72' lang='lat' dir='ltr'><strong>Attamen</strong></span> <span class='ocrx_word' id='word_1_721' title='bbox 861 2415 911 2443; x_wconf 82' lang='lat' dir='ltr'><strong>pax</strong></span> <span class='ocrx_word' id='word_1_722' title='bbox 930 2407 1020 2434; x_wconf 57' lang='lat' dir='ltr'><strong>omnia</strong></span> 
     </span>
    </p>
   </div>
   <div class='ocr_carea' id='block_1_95' title="bbox 234 2453 1020 2489">
    <p class='ocr_par' dir='ltr' id='par_1_95' title="bbox 234 2453 1020 2489">
     <span class='ocr_line' id='line_1_95' title="bbox 234 2453 1020 2489; baseline -0.004 -8"><span class='ocrx_word' id='word_1_723' title='bbox 234 2455 286 2481; x_wconf 86' lang='lat' dir='ltr'><strong>bus</strong></span> <span class='ocrx_word' id='word_1_724' title='bbox 308 2457 368 2481; x_wconf 89' lang='lat' dir='ltr'><strong>esto</strong></span> <span class='ocrx_word' id='word_1_725' title='bbox 388 2454 433 2489; x_wconf 90' lang='lat' dir='ltr'><strong>qui</strong></span> <span class='ocrx_word' id='word_1_726' title='bbox 457 2454 507 2481; x_wconf 87' lang='lat' dir='ltr'><strong>hac</strong></span> <span class='ocrx_word' id='word_1_727' title='bbox 531 2454 623 2489; x_wconf 82' lang='lat' dir='ltr'><strong>regula</strong></span> <span class='ocrx_word' id='word_1_728' title='bbox 648 2461 717 2481; x_wconf 69' lang='lat' dir='ltr'><strong>vera:</strong></span> <span class='ocrx_word' id='word_1_729' title='bbox 740 2461 772 2480; x_wconf 86' lang='lat' dir='ltr'><strong>ac</strong></span> <span class='ocrx_word' id='word_1_730' title='bbox 795 2454 934 2481; x_wconf 71' lang='lat' dir='ltr'><strong>catholicm</strong></span> <span class='ocrx_word' id='word_1_731' title='bbox 959 2453 1020 2480; x_wconf 78' lang='lat' dir='ltr'><strong>ﬁdei</strong></span> 
     </span>
    </p>
   </div>
   <div class='ocr_carea' id='block_1_96' title="bbox 235 2499 1020 2535">
    <p class='ocr_par' dir='ltr' id='par_1_96' title="bbox 235 2499 1020 2535">
     <span class='ocr_line' id='line_1_96' title="bbox 235 2499 1020 2535; baseline -0.001 -9"><span class='ocrx_word' id='word_1_732' title='bbox 235 2500 318 2534; x_wconf 90' lang='lat' dir='ltr'><strong>hujus</strong></span> <span class='ocrx_word' id='word_1_733' title='bbox 335 2500 474 2529; x_wconf 89' lang='lat' dir='ltr'><strong>incedunt.</strong></span> <span class='ocrx_word' id='word_1_734' title='bbox 489 2505 516 2527; x_wconf 89' lang='lat' dir='ltr'><strong>et</strong></span> <span class='ocrx_word' id='word_1_735' title='bbox 531 2508 613 2535; x_wconf 86' lang='lat' dir='ltr'><strong>super</strong></span> <span class='ocrx_word' id='word_1_736' title='bbox 627 2499 709 2527; x_wconf 84' lang='lat' dir='ltr'><strong>Israel</strong></span> <span class='ocrx_word' id='word_1_737' title='bbox 725 2499 771 2527; x_wconf 93' lang='lat' dir='ltr'><strong>Dei</strong></span> <span class='ocrx_word' id='word_1_738' title='bbox 784 2501 803 2526; x_wconf 81' lang='lat'><strong>&#39;.</strong></span> <span class='ocrx_word' id='word_1_739' title='bbox 821 2499 944 2527; x_wconf 87' lang='lat' dir='ltr'><strong>Salutate</strong></span> <span class='ocrx_word' id='word_1_740' title='bbox 957 2507 1020 2526; x_wconf 89' lang='lat' dir='ltr'><strong>san-</strong></span> 
     </span>
    </p>
   </div>
   <div class='ocr_carea' id='block_1_97' title="bbox 235 2545 1018 2575">
    <p class='ocr_par' dir='ltr' id='par_1_97' title="bbox 235 2545 1018 2575">
     <span class='ocr_line' id='line_1_97' title="bbox 235 2545 1018 2575; baseline 0.003 -2"><span class='ocrx_word' id='word_1_741' title='bbox 235 2550 295 2574; x_wconf 88' lang='lat' dir='ltr'><strong>ctos</strong></span> <span class='ocrx_word' id='word_1_742' title='bbox 311 2554 406 2574; x_wconf 84' lang='lat' dir='ltr'><strong>omnes</strong></span> <span class='ocrx_word' id='word_1_743' title='bbox 421 2547 447 2574; x_wconf 94' lang='lat' dir='ltr'><strong>in</strong></span> <span class='ocrx_word' id='word_1_744' title='bbox 463 2546 588 2574; x_wconf 89' lang='lat' dir='ltr'><strong>Domino.</strong></span> <span class='ocrx_word' id='word_1_745' title='bbox 610 2547 737 2574; x_wconf 83' lang='lat' dir='ltr'><strong>Salutant</strong></span> <span class='ocrx_word' id='word_1_746' title='bbox 751 2554 799 2573; x_wconf 76' lang='lat' dir='ltr'><strong>vos</strong></span> <span class='ocrx_word' id='word_1_747' title='bbox 815 2546 923 2573; x_wconf 84' lang='lat' dir='ltr'><strong>Domini</strong></span> <span class='ocrx_word' id='word_1_748' title='bbox 936 2545 1018 2575; x_wconf 68' lang='lat' dir='ltr'><strong>servi.</strong></span> 
     </span>
    </p>
   </div>
   <div class='ocr_carea' id='block_1_98' title="bbox 235 2593 1018 2630">
    <p class='ocr_par' dir='ltr' id='par_1_98' title="bbox 235 2593 1018 2630">
     <span class='ocr_line' id='line_1_98' title="bbox 235 2593 1018 2630; baseline -0.005 -9"><span class='ocrx_word' id='word_1_749' title='bbox 235 2594 385 2630; x_wconf 74' lang='lat' dir='ltr'><strong>przesertim</strong></span> <span class='ocrx_word' id='word_1_750' title='bbox 409 2601 459 2629; x_wconf 76' lang='lat' dir='ltr'><strong>ego</strong></span> <span class='ocrx_word' id='word_1_751' title='bbox 481 2593 623 2620; x_wconf 84' lang='lat' dir='ltr'><strong>Anatolius</strong></span> <span class='ocrx_word' id='word_1_752' title='bbox 643 2594 688 2627; x_wconf 89' lang='lat' dir='ltr'><strong>qui</strong></span> <span class='ocrx_word' id='word_1_753' title='bbox 713 2593 784 2620; x_wconf 92' lang='lat' dir='ltr'><strong>hunc</strong></span> <span class='ocrx_word' id='word_1_754' title='bbox 809 2594 896 2628; x_wconf 87' lang='lat' dir='ltr'><strong>ipsum</strong></span> <span class='ocrx_word' id='word_1_755' title='bbox 919 2593 1018 2618; x_wconf 85' lang='lat' dir='ltr'><strong>librum</strong></span> 
     </span>
    </p>
   </div>
   <div class='ocr_carea' id='block_1_99' title="bbox 235 2638 1021 2674">
    <p class='ocr_par' dir='ltr' id='par_1_99' title="bbox 235 2638 1021 2674">
     <span class='ocr_line' id='line_1_99' title="bbox 235 2638 1021 2674; baseline -0.003 -8"><span class='ocrx_word' id='word_1_756' title='bbox 235 2638 344 2674; x_wconf 86' lang='lat' dir='ltr'><strong>scripsi,</strong></span> <span class='ocrx_word' id='word_1_757' title='bbox 363 2638 406 2666; x_wconf 92' lang='lat' dir='ltr'><strong>cui</strong></span> <span class='ocrx_word' id='word_1_758' title='bbox 424 2639 555 2666; x_wconf 71' lang='lat' dir='ltr'><strong>Ancorata</strong></span> <span class='ocrx_word' id='word_1_759' title='bbox 571 2646 669 2665; x_wconf 87' lang='lat' dir='ltr'><strong>nomen</strong></span> <span class='ocrx_word' id='word_1_760' title='bbox 687 2641 748 2670; x_wconf 75' lang='lat' dir='ltr'><strong>est;</strong></span> <span class='ocrx_word' id='word_1_761' title='bbox 765 2646 868 2673; x_wconf 69' lang='lat' dir='ltr'><strong>VOSqllt}</strong></span> <span class='ocrx_word' id='word_1_762' title='bbox 884 2645 978 2666; x_wconf 90' lang='lat' dir='ltr'><strong>omnes</strong></span> <span class='ocrx_word' id='word_1_763' title='bbox 995 2638 1021 2664; x_wconf 92' lang='lat' dir='ltr'><strong>in</strong></span> 
     </span>
    </p>
   </div>
   <div class='ocr_carea' id='block_1_100' title="bbox 235 2684 756 2719">
    <p class='ocr_par' dir='ltr' id='par_1_100' title="bbox 235 2684 756 2719">
     <span class='ocr_line' id='line_1_100' title="bbox 235 2684 756 2719; baseline -0.002 -8"><span class='ocrx_word' id='word_1_764' title='bbox 235 2684 352 2712; x_wconf 80' lang='lat' dir='ltr'><strong>Domino</strong></span> <span class='ocrx_word' id='word_1_765' title='bbox 365 2685 456 2711; x_wconf 84' lang='lat' dir='ltr'><strong>valere</strong></span> <span class='ocrx_word' id='word_1_766' title='bbox 474 2692 570 2719; x_wconf 84' lang='lat' dir='ltr'><strong>precor</strong></span> <span class='ocrx_word' id='word_1_767' title='bbox 585 2690 665 2719; x_wconf 88' lang='lat' dir='ltr'><strong>atqttc</strong></span> <span class='ocrx_word' id='word_1_768' title='bbox 681 2689 756 2719; x_wconf 85' lang='lat' dir='ltr'><strong>opto.</strong></span> 
     </span>
    </p>
   </div>
   <div class='ocr_carea' id='block_1_101' title="bbox 273 2730 1007 2766">
    <p class='ocr_par' dir='ltr' id='par_1_101' title="bbox 273 2730 1007 2766">
     <span class='ocr_line' id='line_1_101' title="bbox 273 2730 1007 2766; baseline 0 -8"><span class='ocrx_word' id='word_1_769' title='bbox 273 2730 373 2758; x_wconf 78' lang='lat' dir='ltr'><strong>‘Joan.</strong></span> <span class='ocrx_word' id='word_1_770' title='bbox 391 2740 410 2762; x_wconf 85' lang='grc' dir='ltr'><strong>ι,</strong></span> <span class='ocrx_word' id='word_1_771' title='bbox 426 2731 466 2758; x_wconf 71' lang='grc'><strong>14.</strong></span> <span class='ocrx_word' id='word_1_772' title='bbox 501 2731 511 2746; x_wconf 78' lang='grc'>¹</span> <span class='ocrx_word' id='word_1_773' title='bbox 528 2730 615 2758; x_wconf 88' lang='lat' dir='ltr'><strong>Galat.</strong></span> <span class='ocrx_word' id='word_1_774' title='bbox 630 2740 666 2763; x_wconf 73' lang='grc' dir='ltr'><strong>νι.</strong></span> <span class='ocrx_word' id='word_1_775' title='bbox 680 2732 731 2758; x_wconf 71' lang='lat'>16..</span> <span class='ocrx_word' id='word_1_776' title='bbox 761 2732 771 2746; x_wconf 82' lang='grc'><strong><em>³</em></strong></span> <span class='ocrx_word' id='word_1_777' title='bbox 784 2730 813 2757; x_wconf 83' lang='lat' dir='ltr'><strong>F.</strong></span> <span class='ocrx_word' id='word_1_778' title='bbox 827 2731 1007 2766; x_wconf 69' lang='grc' dir='ltr'>λαμϐάνοντα.</span> 
     </span>
    </p>
   </div>
   <div class='ocr_carea' id='block_1_102' title="bbox 271 2777 1023 2813">
    <p class='ocr_par' dir='ltr' id='par_1_102' title="bbox 271 2777 1023 2813">
     <span class='ocr_line' id='line_1_102' title="bbox 271 2777 1023 2813; baseline -0.001 -8"><span class='ocrx_word' id='word_1_779' title='bbox 271 2777 328 2813; x_wconf 86' lang='grc'><strong>(50)</strong></span> <span class='ocrx_word' id='word_1_780' title='bbox 348 2778 403 2804; x_wconf 80' lang='grc' dir='ltr'><strong>Καὶ</strong></span> <span class='ocrx_word' id='word_1_781' title='bbox 432 2778 466 2804; x_wconf 80' lang='grc' dir='ltr'>ἐκ</span> <span class='ocrx_word' id='word_1_782' title='bbox 487 2777 540 2804; x_wconf 82' lang='grc' dir='ltr'><strong>τοῦ</strong></span> <span class='ocrx_word' id='word_1_783' title='bbox 568 2778 636 2806; x_wconf 82' lang='grc' dir='ltr'><strong>ΥῙοῦ</strong></span> <span class='ocrx_word' id='word_1_784' title='bbox 658 2778 895 2813; x_wconf 65' lang='grc' dir='ltr'>λαμϐανόμενςν.</span> <span class='ocrx_word' id='word_1_785' title='bbox 919 2786 934 2803; x_wconf 78' lang='grc' dir='ltr'>(ι</span> <span class='ocrx_word' id='word_1_786' title='bbox 953 2777 1023 2804; x_wconf 81' lang='lat' dir='ltr'><strong>Filio</strong></span> 
     </span>
    </p>
   </div>
   <div class='ocr_carea' id='block_1_103' title="bbox 237 2812 1020 2847">
    <p class='ocr_par' dir='ltr' id='par_1_103' title="bbox 237 2812 1020 2847">
     <span class='ocr_line' id='line_1_103' title="bbox 237 2812 1020 2847; baseline -0.001 -7"><span class='ocrx_word' id='word_1_787' title='bbox 237 2814 416 2847; x_wconf 76' lang='lat' dir='ltr'><strong>accipientem,</strong></span> <span class='ocrx_word' id='word_1_788' title='bbox 435 2813 486 2839; x_wconf 92' lang='lat' dir='ltr'><strong>hoc</strong></span> <span class='ocrx_word' id='word_1_789' title='bbox 507 2817 549 2839; x_wconf 83' lang='lat' dir='ltr'><strong>est</strong></span> <span class='ocrx_word' id='word_1_790' title='bbox 571 2814 649 2847; x_wconf 82' lang='lat' dir='ltr'><strong>juxta</strong></span> <span class='ocrx_word' id='word_1_791' title='bbox 677 2812 832 2840; x_wconf 75' lang='lat' dir='ltr'><strong>Grmcorum</strong></span> <span class='ocrx_word' id='word_1_792' title='bbox 852 2812 961 2839; x_wconf 83' lang='lat' dir='ltr'><strong>Patrum</strong></span> <span class='ocrx_word' id='word_1_793' title='bbox 980 2813 1020 2839; x_wconf 91' lang='lat' dir='ltr'><strong>lo-</strong></span> 
     </span>
    </p>
   </div>
   <div class='ocr_carea' id='block_1_104' title="bbox 239 2846 1021 2883">
    <p class='ocr_par' dir='ltr' id='par_1_104' title="bbox 239 2846 1021 2883">
     <span class='ocr_line' id='line_1_104' title="bbox 239 2846 1021 2883; baseline 0 -9"><span class='ocrx_word' id='word_1_794' title='bbox 239 2849 337 2883; x_wconf 87' lang='lat' dir='ltr'><strong>quendi</strong></span> <span class='ocrx_word' id='word_1_795' title='bbox 355 2855 468 2879; x_wconf 86' lang='lat' dir='ltr'><strong>morem,</strong></span> <span class='ocrx_word' id='word_1_796' title='bbox 486 2857 503 2874; x_wconf 88' lang='lat' dir='ltr'><strong>a</strong></span> <span class='ocrx_word' id='word_1_797' title='bbox 518 2846 590 2874; x_wconf 70' lang='lat' dir='ltr'><strong>Filio</strong></span> <span class='ocrx_word' id='word_1_798' title='bbox 603 2847 791 2883; x_wconf 65' lang='lat' dir='ltr'><strong>procedentem.</strong></span> <span class='ocrx_word' id='word_1_799' title='bbox 817 2846 881 2874; x_wconf 83' lang='lat' dir='ltr'><strong>Vide</strong></span> <span class='ocrx_word' id='word_1_800' title='bbox 896 2855 955 2882; x_wconf 70' lang='lat' dir='ltr'><strong>quo:</strong></span> <span class='ocrx_word' id='word_1_801' title='bbox 972 2849 1021 2874; x_wconf 79' lang='lat' dir='ltr'><strong>ad-</strong></span> 
     </span>
    </p>
   </div>
   <div class='ocr_carea' id='block_1_105' title="bbox 238 2882 674 2918">
    <p class='ocr_par' dir='ltr' id='par_1_105' title="bbox 238 2882 674 2918">
     <span class='ocr_line' id='line_1_105' title="bbox 238 2882 674 2918; baseline -0.005 -8"><span class='ocrx_word' id='word_1_802' title='bbox 238 2884 389 2917; x_wconf 82' lang='lat' dir='ltr'><strong>notavimus</strong></span> <span class='ocrx_word' id='word_1_803' title='bbox 404 2891 486 2918; x_wconf 84' lang='lat' dir='ltr'><strong>supra</strong></span> <span class='ocrx_word' id='word_1_804' title='bbox 501 2883 534 2910; x_wconf 80' lang='lat' dir='ltr'><strong>ad</strong></span> <span class='ocrx_word' id='word_1_805' title='bbox 549 2890 623 2910; x_wconf 89' lang='lat' dir='ltr'><strong>num.</strong></span> <span class='ocrx_word' id='word_1_806' title='bbox 642 2882 674 2909; x_wconf 85' lang='lat' dir='ltr'><strong>Vl</strong></span> 
     </span>
    </p>
   </div>
   <div class='ocr_carea' id='block_1_106' title="bbox 1073 2177 1868 2217">
    <p class='ocr_par' dir='ltr' id='par_1_106' title="bbox 1073 2177 1868 2217">
     <span class='ocr_line' id='line_1_106' title="bbox 1073 2177 1868 2217; baseline -0.009 -8"><span class='ocrx_word' id='word_1_807' title='bbox 1073 2183 1122 2217; x_wconf 85' lang='grc' dir='ltr'>τῆς</span> <span class='ocrx_word' id='word_1_808' title='bbox 1147 2181 1225 2217; x_wconf 84' lang='grc' dir='ltr'>ὑμῶν</span> <span class='ocrx_word' id='word_1_809' title='bbox 1248 2179 1450 2214; x_wconf 74' lang='grc' dir='ltr'>καλοκαγαθίας</span> <span class='ocrx_word' id='word_1_810' title='bbox 1474 2177 1701 2214; x_wconf 75' lang='grc' dir='ltr'>προτρεψαμένης</span> <span class='ocrx_word' id='word_1_811' title='bbox 1726 2177 1814 2211; x_wconf 81' lang='grc' dir='ltr'>ἡμᾶς,</span> <span class='ocrx_word' id='word_1_812' title='bbox 1841 2177 1868 2202; x_wconf 74' lang='grc' dir='ltr'>εἰ</span> 
     </span>
    </p>
   </div>
   <div class='ocr_carea' id='block_1_107' title="bbox 1073 2220 1867 2260">
    <p class='ocr_par' dir='ltr' id='par_1_107' title="bbox 1073 2220 1867 2260">
     <span class='ocr_line' id='line_1_107' title="bbox 1073 2220 1867 2260; baseline -0.011 -6"><span class='ocrx_word' id='word_1_813' title='bbox 1073 2227 1120 2254; x_wconf 72' lang='grc' dir='ltr'><strong>καὶ</strong></span> <span class='ocrx_word' id='word_1_814' title='bbox 1143 2226 1286 2257; x_wconf 85' lang='grc' dir='ltr'>ἀνικάνους</span> <span class='ocrx_word' id='word_1_815' title='bbox 1307 2225 1376 2260; x_wconf 75' lang='grc' dir='ltr'>ὑπὲρ</span> <span class='ocrx_word' id='word_1_816' title='bbox 1399 2223 1429 2250; x_wconf 77' lang='grc' dir='ltr'>τὸ</span> <span class='ocrx_word' id='word_1_817' title='bbox 1445 2222 1548 2249; x_wconf 79' lang='grc' dir='ltr'>ἑαυτῶν</span> <span class='ocrx_word' id='word_1_818' title='bbox 1573 2222 1670 2257; x_wconf 82' lang='grc' dir='ltr'>μέτρον</span> <span class='ocrx_word' id='word_1_819' title='bbox 1686 2220 1867 2256; x_wconf 78' lang='grc' dir='ltr'>παρίστησιν,</span> 
     </span>
    </p>
   </div>
   <div class='ocr_carea' id='block_1_108' title="bbox 1073 2265 1869 2306">
    <p class='ocr_par' dir='ltr' id='par_1_108' title="bbox 1073 2265 1869 2306">
     <span class='ocr_line' id='line_1_108' title="bbox 1073 2265 1869 2306; baseline -0.01 -7"><span class='ocrx_word' id='word_1_820' title='bbox 1073 2273 1144 2299; x_wconf 85' lang='grc' dir='ltr'>ὥστε</span> <span class='ocrx_word' id='word_1_821' title='bbox 1156 2272 1263 2298; x_wconf 77' lang='grc' dir='ltr'>δέεσθαι</span> <span class='ocrx_word' id='word_1_822' title='bbox 1277 2271 1400 2306; x_wconf 84' lang='grc' dir='ltr'>βοηθείας</span> <span class='ocrx_word' id='word_1_823' title='bbox 1415 2268 1651 2303; x_wconf 78' lang='grc' dir='ltr'>ὲπεκτεινομένης.</span> <span class='ocrx_word' id='word_1_824' title='bbox 1679 2265 1761 2293; x_wconf 78' lang='grc' dir='ltr'>Ἀλλὰ</span> <span class='ocrx_word' id='word_1_825' title='bbox 1775 2266 1869 2292; x_wconf 83' lang='grc' dir='ltr'>πάντα</span> 
     </span>
    </p>
   </div>
   <div class='ocr_carea' id='block_1_109' title="bbox 1073 2311 1870 2352">
    <p class='ocr_par' dir='ltr' id='par_1_109' title="bbox 1073 2311 1870 2352">
     <span class='ocr_line' id='line_1_109' title="bbox 1073 2311 1870 2352; baseline -0.008 -9"><span class='ocrx_word' id='word_1_826' title='bbox 1073 2315 1142 2343; x_wconf 77' lang='grc' dir='ltr'>οἶδεν</span> <span class='ocrx_word' id='word_1_827' title='bbox 1164 2318 1178 2343; x_wconf 80' lang='grc' dir='ltr'><strong>ὁ</strong></span> <span class='ocrx_word' id='word_1_828' title='bbox 1200 2317 1229 2343; x_wconf 83' lang='grc' dir='ltr'>ὲν</span> <span class='ocrx_word' id='word_1_829' title='bbox 1250 2315 1357 2352; x_wconf 78' lang='grc' dir='ltr'>οὐρανῷ</span> <span class='ocrx_word' id='word_1_830' title='bbox 1381 2314 1484 2345; x_wconf 79' lang='grc' dir='ltr'>πιστός.</span> <span class='ocrx_word' id='word_1_831' title='bbox 1509 2313 1582 2347; x_wconf 89' lang='grc' dir='ltr'>Πλὴν</span> <span class='ocrx_word' id='word_1_832' title='bbox 1604 2312 1701 2347; x_wconf 73' lang='grc' dir='ltr'>εἰρήνη</span> <span class='ocrx_word' id='word_1_833' title='bbox 1718 2312 1804 2338; x_wconf 77' lang='grc' dir='ltr'>παντὶ</span> <span class='ocrx_word' id='word_1_834' title='bbox 1819 2311 1870 2349; x_wconf 35' lang='grc' dir='ltr'><strong>’τῷ</strong></span> 
     </span>
    </p>
   </div>
   <div class='ocr_carea' id='block_1_110' title="bbox 1074 2357 1871 2397">
    <p class='ocr_par' dir='ltr' id='par_1_110' title="bbox 1074 2357 1871 2397">
     <span class='ocr_line' id='line_1_110' title="bbox 1074 2357 1871 2397; baseline -0.006 -9"><span class='ocrx_word' id='word_1_835' title='bbox 1074 2361 1225 2397; x_wconf 85' lang='grc' dir='ltr'>στοιχοῦντι</span> <span class='ocrx_word' id='word_1_836' title='bbox 1248 2361 1287 2396; x_wconf 83' lang='grc' dir='ltr'>τῷ</span> <span class='ocrx_word' id='word_1_837' title='bbox 1302 2361 1393 2388; x_wconf 80' lang='grc' dir='ltr'>κανόνι</span> <span class='ocrx_word' id='word_1_838' title='bbox 1408 2360 1495 2395; x_wconf 75' lang='grc' dir='ltr'>τούτῳ</span> <span class='ocrx_word' id='word_1_839' title='bbox 1509 2359 1558 2394; x_wconf 84' lang='grc' dir='ltr'>τῆς</span> <span class='ocrx_word' id='word_1_840' title='bbox 1573 2357 1705 2393; x_wconf 83' lang='grc' dir='ltr'>ἀληθινῆς</span> <span class='ocrx_word' id='word_1_841' title='bbox 1722 2357 1770 2384; x_wconf 79' lang='grc' dir='ltr'><strong>καὶ</strong></span> <span class='ocrx_word' id='word_1_842' title='bbox 1786 2357 1871 2393; x_wconf 51' lang='grc' dir='ltr'>ὀρθοί·</span> 
     </span>
    </p>
   </div>
   <div class='ocr_carea' id='block_1_111' title="bbox 1074 2403 1868 2444">
    <p class='ocr_par' dir='ltr' id='par_1_111' title="bbox 1074 2403 1868 2444">
     <span class='ocr_line' id='line_1_111' title="bbox 1074 2403 1868 2444; baseline -0.005 -10"><span class='ocrx_word' id='word_1_843' title='bbox 1074 2408 1151 2442; x_wconf 82' lang='grc' dir='ltr'>δόξου</span> <span class='ocrx_word' id='word_1_844' title='bbox 1164 2408 1266 2444; x_wconf 78' lang='grc' dir='ltr'>ταύτης</span> <span class='ocrx_word' id='word_1_845' title='bbox 1279 2408 1406 2439; x_wconf 80' lang='grc' dir='ltr'>πίστεως,</span> <span class='ocrx_word' id='word_1_846' title='bbox 1420 2407 1466 2433; x_wconf 77' lang='grc' dir='ltr'>καὶ</span> <span class='ocrx_word' id='word_1_847' title='bbox 1480 2406 1525 2432; x_wconf 72' lang='grc' dir='ltr'><strong>ἐπὶ</strong></span> <span class='ocrx_word' id='word_1_848' title='bbox 1537 2405 1582 2433; x_wconf 78' lang='grc' dir='ltr'>τὸν</span> <span class='ocrx_word' id='word_1_849' title='bbox 1600 2404 1709 2440; x_wconf 80' lang='grc' dir='ltr'>Ἰσραὴλ</span> <span class='ocrx_word' id='word_1_850' title='bbox 1722 2403 1770 2430; x_wconf 83' lang='grc' dir='ltr'><strong>τοῦ</strong></span> <span class='ocrx_word' id='word_1_851' title='bbox 1786 2403 1868 2431; x_wconf 78' lang='grc' dir='ltr'>Θεοῦ.</span> 
     </span>
    </p>
   </div>
   <div class='ocr_carea' id='block_1_112' title="bbox 1082 2450 1871 2486">
    <p class='ocr_par' dir='ltr' id='par_1_112' title="bbox 1082 2450 1871 2486">
     <span class='ocr_line' id='line_1_112' title="bbox 1082 2450 1871 2486; baseline -0.008 -5"><span class='ocrx_word' id='word_1_852' title='bbox 1082 2455 1251 2481; x_wconf 82' lang='grc' dir='ltr'>Ἀσπάσασθε</span> <span class='ocrx_word' id='word_1_853' title='bbox 1271 2455 1374 2485; x_wconf 81' lang='grc' dir='ltr'>πάντας</span> <span class='ocrx_word' id='word_1_854' title='bbox 1396 2454 1459 2484; x_wconf 72' lang='grc' dir='ltr'>τοὺς</span> <span class='ocrx_word' id='word_1_855' title='bbox 1472 2452 1566 2486; x_wconf 75' lang='grc' dir='ltr'>ἁγίους</span> <span class='ocrx_word' id='word_1_856' title='bbox 1586 2451 1614 2478; x_wconf 75' lang='grc' dir='ltr'>ὲν</span> <span class='ocrx_word' id='word_1_857' title='bbox 1636 2450 1742 2485; x_wconf 83' lang='grc' dir='ltr'>Κυρίῳ.</span> <span class='ocrx_word' id='word_1_858' title='bbox 1763 2450 1871 2476; x_wconf 79' lang='grc' dir='ltr'>Ἀσπά-</span> 
     </span>
    </p>
   </div>
   <div class='ocr_carea' id='block_1_113' title="bbox 1074 2494 1872 2535">
    <p class='ocr_par' dir='ltr' id='par_1_113' title="bbox 1074 2494 1872 2535">
     <span class='ocr_line' id='line_1_113' title="bbox 1074 2494 1872 2535; baseline -0.008 -9"><span class='ocrx_word' id='word_1_859' title='bbox 1074 2498 1165 2532; x_wconf 77' lang='grc' dir='ltr'>ζονται</span> <span class='ocrx_word' id='word_1_860' title='bbox 1179 2501 1251 2535; x_wconf 81' lang='grc' dir='ltr'>ὑμᾶς</span> <span class='ocrx_word' id='word_1_861' title='bbox 1264 2501 1288 2526; x_wconf 85' lang='grc' dir='ltr'>οἱ</span> <span class='ocrx_word' id='word_1_862' title='bbox 1310 2500 1357 2526; x_wconf 80' lang='grc' dir='ltr'><strong>τοῦ</strong></span> <span class='ocrx_word' id='word_1_863' title='bbox 1379 2499 1480 2534; x_wconf 75' lang='grc' dir='ltr'>Κυρίου</span> <span class='ocrx_word' id='word_1_864' title='bbox 1503 2497 1602 2527; x_wconf 80' lang='grc' dir='ltr'>δοῦλοι.</span> <span class='ocrx_word' id='word_1_865' title='bbox 1627 2495 1746 2531; x_wconf 83' lang='grc' dir='ltr'>μάλιστα</span> <span class='ocrx_word' id='word_1_866' title='bbox 1763 2495 1794 2522; x_wconf 72' lang='grc' dir='ltr'>δὲ</span> <span class='ocrx_word' id='word_1_867' title='bbox 1812 2494 1872 2528; x_wconf 73' lang='grc' dir='ltr'><strong>ἐγὼ</strong></span> 
     </span>
    </p>
   </div>
   <div class='ocr_carea' id='block_1_114' title="bbox 1074 2541 1873 2581">
    <p class='ocr_par' dir='ltr' id='par_1_114' title="bbox 1074 2541 1873 2581">
     <span class='ocr_line' id='line_1_114' title="bbox 1074 2541 1873 2581; baseline -0.004 -11"><span class='ocrx_word' id='word_1_868' title='bbox 1074 2545 1088 2570; x_wconf 86' lang='grc' dir='ltr'><strong>ό</strong></span> <span class='ocrx_word' id='word_1_869' title='bbox 1107 2545 1269 2577; x_wconf 74' lang='grc' dir='ltr'>Ἀνατόλιος,</span> <span class='ocrx_word' id='word_1_870' title='bbox 1283 2547 1297 2573; x_wconf 87' lang='grc' dir='ltr'>ὁ</span> <span class='ocrx_word' id='word_1_871' title='bbox 1312 2545 1418 2581; x_wconf 64' lang='grc' dir='ltr'>γράψας</span> <span class='ocrx_word' id='word_1_872' title='bbox 1432 2544 1511 2571; x_wconf 76' lang='grc' dir='ltr'>τοῦτο</span> <span class='ocrx_word' id='word_1_873' title='bbox 1530 2544 1560 2569; x_wconf 76' lang='grc' dir='ltr'>τὸ</span> <span class='ocrx_word' id='word_1_874' title='bbox 1573 2542 1675 2578; x_wconf 73' lang='grc' dir='ltr'>βιΰλίον</span> <span class='ocrx_word' id='word_1_875' title='bbox 1688 2541 1736 2568; x_wconf 77' lang='grc' dir='ltr'><strong>τοῦ</strong></span> <span class='ocrx_word' id='word_1_876' title='bbox 1758 2541 1873 2576; x_wconf 72' lang='grc' dir='ltr'>Ἀγκυ-</span> 
     </span>
    </p>
   </div>
   <div class='ocr_carea' id='block_1_115' title="bbox 1071 2587 1873 2626">
    <p class='ocr_par' dir='ltr' id='par_1_115' title="bbox 1071 2587 1873 2626">
     <span class='ocr_line' id='line_1_115' title="bbox 1071 2587 1873 2626; baseline -0.009 -7"><span class='ocrx_word' id='word_1_877' title='bbox 1071 2593 1167 2625; x_wconf 73' lang='grc' dir='ltr'>ρωτοῦ</span> <span class='ocrx_word' id='word_1_878' title='bbox 1192 2591 1431 2626; x_wconf 79' lang='grc' dir='ltr'>ὲπωνομασθέντος</span> <span class='ocrx_word' id='word_1_879' title='bbox 1450 2591 1540 2624; x_wconf 80' lang='grc' dir='ltr'>λόγου,</span> <span class='ocrx_word' id='word_1_880' title='bbox 1562 2589 1609 2616; x_wconf 69' lang='grc' dir='ltr'><strong>καὶ</strong></span> <span class='ocrx_word' id='word_1_881' title='bbox 1633 2587 1774 2624; x_wconf 80' lang='grc' dir='ltr'>ὲρῥῶσθαι</span> <span class='ocrx_word' id='word_1_882' title='bbox 1795 2587 1873 2622; x_wconf 71' lang='grc' dir='ltr'>ὑμᾶς</span> 
     </span>
    </p>
   </div>
   <div class='ocr_carea' id='block_1_116' title="bbox 1076 2637 1350 2673">
    <p class='ocr_par' dir='ltr' id='par_1_116' title="bbox 1076 2637 1350 2673">
     <span class='ocr_line' id='line_1_116' title="bbox 1076 2637 1350 2673; baseline 0 -9"><span class='ocrx_word' id='word_1_883' title='bbox 1076 2640 1103 2664; x_wconf 83' lang='grc' dir='ltr'>ἐν</span> <span class='ocrx_word' id='word_1_884' title='bbox 1118 2639 1211 2673; x_wconf 77' lang='grc' dir='ltr'>Κυρίῳ</span> <span class='ocrx_word' id='word_1_885' title='bbox 1225 2637 1350 2672; x_wconf 80' lang='grc' dir='ltr'>εὖχομαι.</span> 
     </span>
    </p>
   </div>
   <div class='ocr_carea' id='block_1_117' title="bbox 1113 2767 1875 2811">
    <p class='ocr_par' dir='ltr' id='par_1_117' title="bbox 1113 2767 1875 2811">
     <span class='ocr_line' id='line_1_117' title="bbox 1113 2767 1875 2811; baseline -0.014 -8"><span class='ocrx_word' id='word_1_886' title='bbox 1113 2776 1167 2811; x_wconf 76' lang='grc'><strong>(51)</strong></span> <span class='ocrx_word' id='word_1_887' title='bbox 1193 2773 1243 2811; x_wconf 77' lang='grc' dir='ltr'><strong>Ἐξ</strong></span> <span class='ocrx_word' id='word_1_888' title='bbox 1272 2772 1373 2806; x_wconf 75' lang='grc' dir='ltr'>ἐτέρας</span> <span class='ocrx_word' id='word_1_889' title='bbox 1398 2771 1595 2811; x_wconf 63' lang='grc' dir='ltr'>ὑποστάσεως</span> <span class='ocrx_word' id='word_1_890' title='bbox 1621 2769 1641 2802; x_wconf 82' lang='grc' dir='ltr'>ἢ</span> <span class='ocrx_word' id='word_1_891' title='bbox 1671 2768 1792 2811; x_wconf 66' lang='grc' dir='ltr'>οὐσίας.</span> 
     </span>
    </p>
   </div>
   <div class='ocr_carea' id='block_1_118' title="bbox 1076 2805 1876 2842">
    <p class='ocr_par' dir='ltr' id='par_1_118' title="bbox 1076 2805 1876 2842">
     <span class='ocr_line' id='line_1_118' title="bbox 1076 2805 1876 2842; baseline -0.013 -5"><span class='ocrx_word' id='word_1_892' title='bbox 1076 2805 1126 2838; x_wconf 56' lang='grc' dir='ltr'><strong>νηὶ</strong></span> <span class='ocrx_word' id='word_1_893' title='bbox 1156 2805 1423 2842; x_wconf 55' lang='grc' dir='ltr'>ὗπόστασιςτιροηε</span> <span class='ocrx_word' id='word_1_894' title='bbox 1453 2807 1505 2833; x_wconf 85' lang='lat' dir='ltr'><strong>hoc</strong></span> <span class='ocrx_word' id='word_1_895' title='bbox 1529 2806 1562 2842; x_wconf 87' lang='lat' dir='ltr'><strong>in_</strong></span> <span class='ocrx_word' id='word_1_896' title='bbox 1584 2805 1656 2842; x_wconf 86' lang='lat' dir='ltr'><strong>loco_</strong></span> <span class='ocrx_word' id='word_1_897' title='bbox 1670 2805 1792 2842; x_wconf 70' lang='lat' dir='ltr'><strong>sumitur</strong></span> <span class='ocrx_word' id='word_1_898' title='bbox 1822 2807 1876 2842; x_wconf 59' lang='lat' dir='ltr'><strong>pro</strong></span> 
     </span>
    </p>
   </div>
   <div class='ocr_carea' id='block_1_119' title="bbox 1075 2837 1877 2906">
    <p class='ocr_par' dir='ltr' id='par_1_119' title="bbox 1075 2837 1877 2906">
     <span class='ocr_line' id='line_1_119' title="bbox 1075 2837 1877 2876; baseline -0.011 -4"><span class='ocrx_word' id='word_1_899' title='bbox 1075 2846 1164 2876; x_wconf 79' lang='grc' dir='ltr'>οὐσία,</span> <span class='ocrx_word' id='word_1_900' title='bbox 1183 2845 1215 2871; x_wconf 94' lang='lat' dir='ltr'><strong>ad</strong></span> <span class='ocrx_word' id='word_1_901' title='bbox 1236 2837 1362 2870; x_wconf 78' lang='lat' dir='ltr'><strong>naturam</strong></span> <span class='ocrx_word' id='word_1_902' title='bbox 1383 2841 1523 2874; x_wconf 90' lang='lat' dir='ltr'><strong>nimirum,</strong></span> <span class='ocrx_word' id='word_1_903' title='bbox 1541 2840 1598 2868; x_wconf 65' lang='lat' dir='ltr'><strong>sive</strong></span> <span class='ocrx_word' id='word_1_904' title='bbox 1615 2837 1801 2866; x_wconf 84' lang='lat' dir='ltr'><strong>substantiam</strong></span> <span class='ocrx_word' id='word_1_905' title='bbox 1822 2837 1877 2864; x_wconf 86' lang='lat' dir='ltr'><strong>de-</strong></span> 
     </span>
     <span class='ocr_line' id='line_1_120' title="bbox 1078 2880 1234 2906; baseline -0.006 0"><span class='ocrx_word' id='word_1_906' title='bbox 1078 2880 1234 2906; x_wconf 85' lang='lat' dir='ltr'><strong>notandam.</strong></span> 
     </span>
    </p>
   </div>
   <div class='ocr_carea' id='block_1_120' title="bbox 1077 2885 1234 2908">
    <p class='ocr_par' dir='ltr' id='par_1_120' title="bbox 1077 2885 1234 2908">
     <span class='ocr_line' id='line_1_121' title="bbox 1077 2885 1234 2908; baseline -0.013 -1"><span class='ocrx_word' id='word_1_907' title='bbox 1077 2885 1234 2908; x_wconf 79' lang='lat' dir='ltr'><strong>notandam.</strong></span> 
     </span>
    </p>
   </div>
  </div>
