1939 3039
85 182 136 210 2H

563 184 664 213 LIBER
686 185 728 213 DE
749 186 925 214 MENSURIS
944 187 987 214 ET
1008 187 1234 216 PONDERIBUS.

1657 192 1708 219 242

83 236 223 272 ἀκροατὰ,
250 237 290 264 ὅτι
318 238 346 265 ἐν
371 239 411 275 τῷ
435 241 604 277 στερεώματι
631 243 678 270 τοῦ
708 243 824 280 οὐρανοῦ
848 245 872 270 οἱ

927 246 1056 273 asterisco
1083 250 1220 273 notantur.
1251 245 1304 272 Sed
1326 249 1355 272 ut
1369 245 1433 273 illud
1459 247 1540 274 etiam
1563 234 1708 284 intelligas,

84 283 200 318 ἀστέρες
212 284 284 316 elei,
306 286 355 312 κᾶν
372 295 401 312 τε
425 287 477 314 ὑπὸ
502 289 620 324 νεφελῶν
645 291 661 325 ἦ
688 290 763 325 ήλίου
789 291 872 318 καλυ-

83 328 189 363 φθῶσι·
206 331 293 366 τούτῳ
304 332 342 367 τῷ
360 333 476 368 νοήματι
489 336 502 362 ό
515 336 577 367 τοὺς
590 337 768 373 ἀστερίσκους
786 347 872 374 παρα-

83 373 143 406 θεὶς
155 375 292 411 ὲποίησεν,
308 377 351 404 ἵνα
367 387 405 405 σοι
425 379 491 416 δόξῃ
515 401 521 413 ,
537 382 578 407 ὅτι
593 383 616 408 οἱ
632 383 716 417 λόγοι,
733 381 773 415 οἷς
785 385 873 420 παρά-

82 428 189 446 κεινται
203 422 226 447 ol
243 422 410 458 ἀστερίσκοι,
426 428 567 462 πεπήγασι
583 428 633 463 μὲν
645 430 673 455 ἐν
687 431 748 461 ταῖς
765 430 873 466 Ἐϐραῖ-

82 466 149 511 καξς
162 466 277 499 λέξεσιν,
290 468 385 505 ὥσπερ
415 471 439 496 ot
459 472 574 508 ἀστέρες
591 474 620 500 ὲν
643 474 682 509 τῷ
702 475 873 511 στερεώματι

82 509 132 556 του
144 511 262 556 οὐρανοῦ
272 534 279 545 ,
296 513 489 551 ἑκαλύφθησαν
505 517 532 544 δὲ
551 518 603 545 ὑπὸ
616 519 669 545 τῶν
695 509 873 556 Ἑϐέομηηκον-

83 555 167 582 ταδύο
181 557 389 600 ἐρμηνείας¹,οί
404 561 518 597 ἀστέρες
529 563 581 589 ὑπὸ
594 563 647 590 τῶν
658 566 775 600 νεφελῶν
791 555 872 593 καλύ-

83 608 210 628 moveat.
222 601 296 639 Αὕτη
308 605 324 639 ή
337 604 465 638 ὑπόθεσις
476 607 523 634 τοῦ
540 609 713 644 ἀστερίσκου.

925 292 1025 326 quibus
1041 293 1073 319 de
1095 293 1184 319 causis
1202 292 1348 319 asteriscos
1370 291 1523 320 istiusmodi
1546 293 1612 321 locis
1635 294 1710 322 adbi.

924 338 1024 370 buerit,
1041 338 1155 365 libenter
1170 345 1185 364 a
1201 345 1243 364 me
1263 336 1334 364 istud
1352 337 1539 371 explicabitur.
1559 338 1617 365 Non
1637 339 1711 373 igno-

925 391 980 414 ras,
1009 383 1132 417 quisquis
1156 390 1195 413 es,
1213 382 1330 413 auditor,
1359 382 1385 409 in
1408 382 1511 409 cmlesti
1541 383 1710 411 ﬁrmamento

926 429 1017 456 stellas
1037 436 1112 460 esse,
1126 428 1189 456 licet
1211 435 1226 454 a
1248 428 1305 455 sole
1330 421 1372 455 vel
1391 427 1509 454 nubibus
1529 428 1709 456 obducantur.

925 473 965 501 Ad
989 481 1084 501 eorum
1112 477 1227 502 mentem
1251 473 1444 501 asteriscorum
1471 478 1542 500 notae
1566 473 1618 500 illae
1641 474 1712 501 refe-

926 519 1017 546 rendae
1041 523 1112 549 sunt,
1128 522 1158 545 ut
1174 526 1205 546 ea
1222 518 1352 546 vocabula
1377 518 1464 550 scias,
1489 525 1549 552 quae
1572 518 1712 547 asteriscis

927 564 1055 599 insignita
1077 567 1156 595 sunt,
1182 563 1209 590 in
1239 563 1378 591 Hebraicis
1405 564 1515 591 vocibus
1541 571 1601 591 esse
1630 564 1712 592 veluti

926 610 1024 642 detixa,
1038 617 1092 636 non
1107 617 1187 636 secus
1204 613 1283 644 atqtte
1308 609 1334 636 in
1354 609 1522 636 ﬁrmamento
1536 610 1629 637 stellae.
1647 609 1714 643 Quae

83 646 195 680 quidem
219 647 246 675 in
267 648 360 676 LXXII
387 650 566 687 lnterprctum
592 657 772 684 translatione
793 657 966 685 dissimulata
997 660 1024 683 et
1070 656 1177 683 obtecta
1200 658 1273 688 sunt,
1302 654 1529 690 quemadmodum
1558 656 1640 683 stellae
1661 663 1713 684 nu-

83 693 167 722 bibus
184 696 363 725 occultantur.
385 699 475 734 Atque
489 708 520 727 ea
538 702 644 730 demum
660 708 701 731 est
716 704 841 731 asterisci
863 704 943 732 ratio.

119 743 157 769 1".
170 743 222 770 Τοῦ
233 744 261 771 δὲ
277 745 369 788 ὀϐελοῢ
392 747 423 773 τὸ
433 748 556 784 διήγημα
575 751 668 778 τοῦτον
680 751 791 786 ἔχειτὸν
808 752 872 788 τρό-

83 795 146 813 πον·
162 788 269 820 Ὀϐελὸς
281 787 357 822 οὗτός
364 791 437 818 ἐστιν
449 792 463 817 ὁ
478 795 678 828 παρακείμενος
684 794 870 831 Ἢν..

82 831 284 875 παραπλησίως
295 833 430 869 γράφεται
440 837 472 870 τῇ
488 836 641 874 καλουμένῃ
655 841 783 875 γραμμῇ.
799 840 874 866 ‘06s-

957 752 998 779 ΙΙΙ.
1020 751 1098 784 Quod
1122 751 1154 779 ad
1180 751 1287 779 obelum
1312 758 1377 779 vero
1395 751 1513 785 pertinet
1538 750 1577 778 sic
1604 750 1712 778 habeto.

922 795 1008 830 llujus
1027 796 1054 822 in
1069 795 1164 830 primis
1178 795 1234 822 lucc
1249 799 1291 823 est
1305 795 1389 828 ﬁgura
1408 804 1414 821 :
1429 797 1664 833 Hamae
1680 795 1714 822 li-

923 846 980 866 neae
1003 845 1085 873 quam
1108 845 1248 869 vocamus,
1277 838 1348 864 haud
1382 837 1523 866 dissimilis
1548 843 1600 866 est.
1630 838 1714 866 Porro

82 873 131 926 1b,:
152 875 180 926 de
204 876 333 926 κέκληται
359 879 431 906 κατὰ
456 880 581 917 ’Λττικὴν
603 873 720 918 χρῆσιν,
736 873 828 916 γᾶλλοις
847 885 874 911 δὲ

927 884 1030 916 obelus,
1047 884 1098 910 hoc
1122 889 1162 911 est
1179 888 1295 909 verutum
1317 883 1351 910 ab
1379 883 1476 911 Atticis
1504 884 1613 911 dicitur.
1645 885 1717 912 Sunt

83 919 208 947 καλεῖται
223 921 298 957 δόρυ,
316 923 330 949 ὃ
348 924 406 950 ἐστι
422 925 517 961 λόγχη.
538 927 678 964 Παρετὲοη
697 929 726 956 δὲ
747 931 808 961 ταῖς
822 930 873 965 τῆς

82 964 160 997 θείας
178 966 289 1002 Γραφῆς
311 968 425 1002 λέξεσιν,
444 972 504 1003 ταῖς
526 973 601 1008 παρὰ
619 975 674 1006 τοῖς
695 975 874 1010 Ἐσδομηκον-

82 1010 166 1038 ταδὺο
187 1012 383 1048 Ἑρμηνευταῖς
405 1017 566 1051 κειμέναις,
590 1018 666 1054 παρὰ
688 1019 717 1046 δὲ
732 1021 788 1051 τοῖς
811 1021 874 1056 περὶ

89 1056 207 1083 ’Δκύλαν
222 1058 268 1085 καὶ
284 1059 431 1096 Σύμμαχον
445 1062 482 1097 μὴ
501 1063 713 1099 ὲμφερομέναις.
734 1063 793 1099 Ἀφ’
808 1065 872 1092 ἐαυ-

81 1103 138 1128 τῶν
159 1103 214 1138 γὰρ
233 1104 259 1130 οἱ
287 1105 537 1141 Ἑϐδομηκονταδύο
566 1109 748 1144 Ἑρμηνευταὶ
770 1111 873 1142 ταύτας

81 1146 133 1178 τὰς
147 1146 235 1180 λέξεις
250 1150 435 1185 προσέθηκαν,
454 1152 504 1178 οὐκ
517 1152 557 1184 είς
576 1153 676 1188 μάτην,
687 1154 756 1181 ἀλλὰ
772 1155 873 1190 μᾶλλον

82 1191 124 1222 είς
147 1191 293 1225 ὠφέλειαν.
319 1194 386 1226 Ταῖς
412 1195 466 1230 γὰρ
491 1195 608 1227 ἐλλιπῶς
631 1197 756 1231 ἐχούσαις
786 1197 873 1230 λέξεσι

83 1237 328 1270 προσ-τεθεικότες,
345 1240 385 1270 εἰς
405 1241 554 1275 σαφήνειαν
568 1241 617 1276 τὴν
634 1242 786 1277 ἀνάγνωσιν
806 1251 874 1278 παρ-

82 1281 205 1317 ήγαγον·
234 1283 299 1310 ὥσθ’
322 1285 524 1320 ὐπολαμὸάνειν
547 1287 638 1322 ἡμᾶς,
656 1288 704 1314 καὶ
728 1289 872 1324 εὐμοίρους

81 1328 182 1360 αὐτοὺς
199 1329 363 1364 γεγενῆσθαι
377 1331 536 1366 ΙΙνεύματος
551 1331 638 1366 ἁγίου.
650 1330 699 1360 Ὧν
712 1333 765 1370 γὰρ
779 1335 829 1360 οὐκ
840 1332 874 1369 ἦν

81 1374 174 1409 χρεία,
195 1374 360 1409 δισσολογεῖν
377 1377 514 1412 παρῆκαν.
533 1379 619 1404 ’Ὅπου
637 1379 665 1405 δὲ
683 1379 766 1414 χωλὸν
787 1379 874 1406 ἐδόκει

81 1419 114 1446 τὸ
136 1420 214 1454 ῥῆμα
234 1418 314 1452 εἶναι,
336 1422 376 1453 είς
395 1422 552 1458 Ἑλληνικὴν
568 1423 706 1450 διάλεκτον
723 1424 874 1460 μεταφερό-

84 1473 177 1499 μενον,
188 1467 248 1491 ὲκεῖ
258 1466 307 1501 τὴν
327 1467 486 1504 προσθήκην
501 1468 674 1504 ἐποιήσαντο,
686 1469 828 1504 Θαυμάσαι
847 1470 875 1498 δὲ

82 1510 158 1537 ἐστιν
175 1511 221 1537 ἐπὶ
248 1512 346 1547 τούτῳ,
372 1513 472 1548 καὶμὴ
494 1514 595 1549 τολμᾷν
622 1515 725 1550 μέμψιν
750 1515 873 1550 ἐπάγειν,

924 931 970 966 qui
987 930 1091 956 hastam
1105 929 1163 956 sive
1177 929 1299 956 lanceam
1315 929 1460 963 appellent.
1480 929 1512 956 Et
1527 931 1559 957 ad
1574 937 1622 958 eas
1640 930 1714 957 Seri-

923 980 1008 1012 pturze
1031 982 1111 1001 voces
1138 973 1292 1006 adhibetur,
1323 981 1383 1008 quae
1406 981 1421 1001 a
1448 974 1541 1001 ΕΧΧΙΙ
1568 983 1713 1009 expressae,

925 1020 997 1055 apud
1015 1019 1141 1054 Aquilam
1158 1023 1185 1046 et
1209 1019 1403 1051 Symmachum
1431 1027 1485 1046 non
1511 1024 1630 1047 exstant.
1646 1020 1713 1046 Nam

923 1067 1015 1094 LXXlI
1031 1073 1110 1094 voces
1127 1066 1194 1093 istas
1212 1066 1379 1094 addiderunt
1400 1074 1431 1094 ex
1454 1075 1524 1098 sese,
1542 1075 1595 1095 non
1612 1067 1715 1094 frustra

923 1117 1024 1145 tamen,
1041 1112 1087 1140 sed
1104 1111 1209 1138 utiliter
1225 1119 1256 1138 ac
1279 1119 1342 1139 cum
1368 1111 1470 1139 fructu.
1499 1113 1603 1140 Etenim
1627 1112 1714 1140 sicubi

923 1166 1020 1185 manca
1042 1165 1074 1185 ac
1097 1156 1203 1185 defecta
1227 1161 1287 1185 erat
1308 1160 1406 1190 oratio,
1427 1158 1566 1186 nonnullis
1589 1158 1713 1192 adjectis,

923 1203 1070 1239 plurimum
1094 1203 1120 1230 ei
1143 1203 1212 1230 lucis
1246 1203 1415 1236 attulerunt,
1440 1207 1469 1230 ut
1497 1203 1557 1231 illos
1586 1211 1640 1230 non
1656 1204 1716 1230 sine

923 1249 1012 1276 sancti
1039 1248 1159 1284 Spiritus
1183 1248 1273 1275 aillatu
1302 1248 1336 1275 ad
1365 1248 1539 1276 scribendum
1565 1248 1716 1275 accessisse

925 1295 1055 1323 credibile
1073 1294 1119 1322 sit.
1147 1293 1286 1330 Siquidem
1307 1301 1367 1328 quae
1395 1294 1547 1321 necessaria
1568 1301 1620 1320 non
1638 1297 1717 1320 erant

924 1340 1020 1367 iisdem
1047 1339 1138 1367 verbis
1168 1343 1290 1374 repetere
1317 1339 1474 1366 noluerunt.
1501 1339 1577 1374 161
1604 1339 1716 1371 Quoties

924 1393 988 1413 vero
1020 1385 1047 1412 in
1079 1385 1203 1412 Graecum
1235 1385 1367 1411 translata
1399 1385 1534 1412 sententia
1564 1384 1717 1412 claudicare

924 1431 1076 1462 videbatur,
1091 1433 1148 1457 tum
1164 1429 1288 1457 nonnihil
1304 1429 1473 1464 adjecerunt.
1491 1429 1549 1462 Qua
1575 1430 1601 1456 in
1622 1438 1650 1457 re
1665 1429 1716 1456 ad-

925 1477 1069 1503 miratione
1083 1475 1173 1509 potius
1185 1482 1267 1509 quam
1295 1475 1507 1508 reprehensione
1533 1474 1607 1509 digni
1627 1479 1690 1502 sunt
1707 1484 1714 1501 :

925 1521 1046 1555 adeoque
1061 1519 1249 1552 collaudandi;
1267 1527 1329 1546 cum
1354 1520 1419 1546 illud
1438 1527 1518 1547 omne
1538 1520 1631 1546 divino
1647 1527 1716 1554 quo-

82 1556 153 1586 ἀλλὰ
171 1557 272 1592 μᾶλλον
298 1557 419 1590 ἔπαινον,
438 1559 476 1590 ὡς
487 1560 520 1586 ὲκ
544 1559 640 1596 βουλῆς
656 1561 723 1587 Θεοῦ
763 1569 874 1597 γεγενηι-

927 1565 988 1592 dam
1003 1563 1119 1591 consilio
1134 1563 1168 1590 ab
1187 1562 1241 1591 illis
1259 1571 1320 1591 esse
1345 1563 1447 1590 factum
1463 1563 1582 1598 prudens
1601 1564 1716 1599 quisque

84 1602 166 1637 μένον
184 1603 304 1630 συνιέναι
314 1604 359 1630 τὸν
374 1605 485 1640 εὐλαϐῆ.

125 1649 374 1685 Ἐὄδομηκονταδὺο
389 1651 442 1687 γὰρ
454 1651 530 1684 ὄντες
547 1653 603 1688 (57)
622 1653 667 1679 τὴν
684 1653 812 1688 ἀριθμὸν,
824 1655 872 1681 καὶ

82 1694 113 1721 ὲν
136 1696 169 1730 τῇ
185 1695 274 1730 Φαρία
295 1697 379 1732 νήσῳ,
400 1697 553 1733 καλουμένῃ
569 1699 597 1725 δὲ
614 1699 670 1726 ἄνω
693 1700 740 1734 γῇ,
761 1699 876 1735 ἄντικρυ

81 1740 134 1775 τῆς
152 1740 357 1776 Ἀλεξανδρείας
376 1743 404 1769 ὲν
421 1742 443 1768 λ’
454 1743 500 1770 καὶ¹
513 1743 542 1776 ἓξ
564 1744 705 1776 οἱκίσκοις,
719 1744 788 1780 ζυγὴ
806 1745 875 1781 cum

83 1784 156 1811 κατὰ
177 1785 309 1817 οἰκίσκον,
329 1786 382 1812 ἀπὸ
398 1786 482 1814 ἕωθεν
498 1787 508 1802 ⁸
528 1788 581 1820 ἕως
598 1789 718 1824 ἑσπέρας
742 1790 877 1823 συγκλειό-

85 1839 173 1865 μενοι,
188 1830 236 1856 καὶ
249 1830 278 1856 τὸ
290 1831 408 1866 ἑσπέρας
423 1833 451 1858 ὲν
463 1832 643 1867 τριακονταὲξ
662 1834 812 1868 σκαφιδίοις
829 1843 877 1861 πε-

86 1875 255 1910 ραιούμενοι,
274 1876 312 1907 εἰς
326 1876 355 1902 τὸ
369 1876 415 1902 τοῦ
429 1877 596 1912 Πτολεμαίου
604 1878 771 1913 ’Φιλαδέλφου
789 1879 877 1906 παλά-

83 1929 152 1953 τιον,
164 1920 214 1947 καὶ
229 1920 288 1955 μετ’
303 1921 385 1947 αὐτοῦ
406 1921 575 1957 ἑστιώμενοι,
592 1923 639 1949 καὶ
656 1923 726 1949 κατὰ
746 1923 831 1959 ζυγὴν
847 1926 876 1951 ὲν

83 1965 199 1992 κοιτῶσι
226 1966 403 2000 τριακονταὲξ
425 1966 612 2000 καθεύδοντες,
639 1969 680 1999 είς
700 1968 732 1994 τὺ
755 1969 792 2004 μὴ
813 1978 875 1995 συν-

83 2012 192 2039 δοιάσαι
214 2013 274 2047 μετ’
295 2013 428 2048 ἀλλήλων,
448 2013 505 2040 ἀλλ’
521 2014 672 2047 ἀνοοεύτως
698 2016 875 2051 ἑρμηνεῦσαι,

83 2058 172 2089 οὕτως
186 2058 332 2086 διετέλουν.
358 2059 426 2091 Τοὺς
442 2060 496 2095 γὰρ
515 2062 730 2097 προειρημένους
751 2071 877 2098 τριακον-

83 2103 149 2136 me:
163 2103 302 2135 οἰκίσκους
312 2104 326 2130 ὁ
342 2104 434 2140 ῥηθεὶς
451 2105 616 2141 Πτολεμαῖος
627 2108 835 2140 κατασκευάσας
848 2109 876 2134 ὲν

84 2149 124 2184 τῷ
139 2149 228 2184 πέραν
240 2151 281 2181 είς
296 2150 347 2186 τὴν
363 2150 455 2185 νῆσον,
466 2151 576 2183 διπλοῦς
589 2160 619 2178 τε
634 2153 733 2184 αὐτοὺς
749 2153 874 2188 ποιήσας,

84 2194 132 2222 δύο
147 2195 196 2221 δύο
210 2195 370 2227 ἐνέκλεισεν,
386 2195 424 2227 ὡς
439 2195 519 2230 ἔφην,
535 2197 583 2223 καὶ
599 2197 696 2229 παῖδας
712 2198 759 2224 δύο
774 2198 877 2234 ὑπηρε-

928 1617 982 1637 non
996 1608 1111 1636 dubitet.

962 1656 1020 1684 Duo
1038 1655 1110 1683 enim
1127 1663 1159 1683 ac
1181 1656 1353 1691 septuaginta
1372 1656 1425 1682 viri
1449 1656 1477 1682 in
1497 1655 1589 1683 Pharo
1611 1656 1714 1688 insula.

926 1707 986 1733 quae
999 1703 1072 1726 terra
1086 1699 1214 1733 superior
1226 1699 1338 1731 dicitur,
1355 1707 1370 1726 e
1384 1699 1497 1734 regione
1513 1700 1589 1727 urbis
1603 1700 1717 1727 Alexan-

926 1744 1023 1775 drinae,
1041 1743 1069 1770 in
1082 1751 1130 1770 sex
1145 1747 1172 1770 et
1185 1743 1297 1777 triginta
1308 1744 1414 1771 cellulis
1427 1744 1484 1771 bini
1498 1745 1605 1772 scilicet
1621 1745 1647 1771 in
1661 1745 1718 1772 sin-

926 1788 1007 1823 gulis,
1024 1796 1038 1815 a
1055 1789 1144 1824 primo
1157 1788 1279 1816 diluculo
1293 1788 1326 1815 ad
1342 1796 1483 1823 vesperam
1497 1790 1620 1816 conclusi
1641 1794 1714 1817 sunt.

928 1832 984 1860 Sub
1001 1841 1143 1868 vesperam
1161 1842 1244 1868 porro
1270 1834 1380 1868 triginta
1398 1841 1444 1860 sex
1467 1835 1578 1868 scaphis
1595 1835 1629 1861 ad
1647 1834 1713 1862 Pto-

928 1877 1014 1904 lemaei
1030 1878 1198 1912 Philadelphi
1215 1877 1347 1911 palatium
1362 1877 1479 1909 advecti,
1498 1879 1531 1904 ad
1547 1879 1607 1912 ejus
1621 1879 1717 1912 epulas

927 1923 1138 1950 adhibebantur.
1153 1923 1223 1949 Tum
1246 1923 1274 1949 in
1292 1923 1404 1958 triginta
1427 1931 1474 1951 sex
1492 1924 1639 1956 cubiculis,
1659 1923 1716 1950 bini

927 1968 1031 1994 scilicet
1049 1968 1076 1994 in
1094 1975 1257 2002 unoquoque
1282 1967 1465 1998 dormiebant,
1488 1975 1522 1995 ne
1544 1969 1633 2003 capita
1649 1975 1718 1995 con-

931 2013 1003 2041 ferre
1023 2017 1146 2048 possent,
1169 2013 1217 2040 sed
1236 2013 1344 2040 sincere
1366 2020 1397 2040 ac
1415 2013 1531 2040 ﬁdeliter
1553 2013 1718 2048 interpreta-

928 2062 1033 2087 rentur.
1049 2058 1211 2085 Ptoletnaaus
1222 2058 1352 2085 enimille
1366 2059 1479 2094 triginta
1494 2067 1552 2090 scx,
1568 2067 1637 2094 quas
1648 2059 1717 2091 dixi,

927 2104 1042 2131 cellulas
1055 2103 1082 2131 in
1095 2104 1141 2130 illa
1154 2104 1243 2131 insula
1255 2103 1389 2136 condidit,
1402 2104 1568 2139 easdemque
1577 2105 1713 2139 duplices;

928 2149 1027 2184 quibus
1038 2149 1144 2184 singula
1156 2149 1233 2184 paria
1247 2149 1384 2176 conclusit
1396 2156 1458 2177 eum
1470 2149 1577 2177 duobus
1593 2149 1715 2181 famulis.

929 2195 983 2222 cibi
998 2195 1113 2229 parandi
1128 2203 1159 2222 ac
1173 2194 1349 2223 ministrandi
1363 2195 1461 2230 gratia,
1478 2203 1532 2223 una
1551 2203 1613 2222 cum
1634 2198 1715 2222 nota-

85 2241 142 2267 τεῖν
148 2240 240 2272 αὐτοῖς
251 2240 310 2276 ἅμα
319 2240 462 2274 ἐνέκλειεν,
474 2242 615 2277 ὀψοποιίας
624 2243 716 2270 ἕνεκεν
725 2244 770 2271 καὶ
779 2244 874 2280 ὑπηρε-

931 2242 991 2269 riis.
1009 2241 1038 2269 In
1052 2242 1095 2270 bis
1109 2241 1216 2269 cellulis
1231 2242 1321 2269 nullas
1337 2242 1491 2277 parietibus
1509 2242 1644 2269 fenestras
1665 2240 1716 2267 im-

86 2286 160 2319 σίας,
178 2286 249 2322 μετὰ
263 2287 310 2314 καὶ
325 2287 520 2323 ταχυγράφων.
541 2288 609 2315 Ἀλλ’
622 2288 683 2316 οὔτε
697 2289 807 2325 θυρίδας
819 2291 876 2322 τοῖς

85 2331 219 2363 ⁴ιῑκίσκοις
232 2331 346 2363 ἐκείνοις
365 2333 398 2359 ὲκ
410 2333 463 2359 τῶν
477 2333 574 2368 τοίχων
590 2334 727 2370 εποίησεν,
740 2335 798 2362 ἀλλ’
808 2335 877 2362 ἄνω-

88 2378 132 2404 .ῑεν
156 2377 190 2404 ἐκ
203 2377 258 2403 τῶν
280 2377 412 2412 δωμάτων
433 2378 483 2410 τὰς
507 2379 676 2415 καλουμένας
705 2381 877 2414 ἀναφωτίδας

86 2422 221 2456 ἀνέῳξεν·
237 2423 262 2450 οί
289 2423 317 2450 δὲ
331 2422 416 2455 οὕτως
440 2423 578 2458 διάγοντες
600 2425 654 2451 ἀπὸ
678 2426 796 2461 πρωῖθεν
824 2426 876 2457 ἕως

85 2460 208 2503 ἑσπέρας
232 2468 284 2495 ὑπδ
300 2468 392 2496 κλεῖδα
413 2469 655 2505 συγκεκλασμένοι
676 2460 763 2503 οὕτως
781 2471 873 2506 ἡρμή-

86 2521 203 2540 νευσαν·
231 2514 333 2550 ἑκάστῃ
360 2514 389 2542 δὲ
420 2515 490 2551 ζυγῇ
521 2515 611 2551 piata;
643 2516 692 2551 μία
718 2517 874 2543 ὲπεδίδοτο³

86 2557 124 2590 ὡς
140 2559 239 2591 εἰπεῖν,
259 2559 276 2594 ἡ
297 2559 387 2594 βίϐλος
402 2560 452 2596 τῆς
469 2559 517 2587 τοῦ
537 2561 640 2596 κόσμου
664 2560 801 2593 Γενέσεως
823 2560 874 2596 μιᾷ

126 2640 134 2655 ¹
148 2639 180 2668 1³⁵.
199 2638 342 2675 ἑρμηνέων
362 2637 468 2673 ὥσπερ.
510 2638 521 2652 ³
532 2637 598 2671 Reg.
613 2635 660 2670 ἀφ’
674 2634 772 2662 ἕωθεν.

123 2713 181 2749 (57)
206 2713 482 2748 Ἐϐὂομηκονταδύο
505 2713 561 2748 γὰρ
578 2713 672 2746 ὄντες.
695 2711 771 2740 Hanc
786 2712 874 2749 histo-

87 2748 156 2777 riam
170 2752 226 2775 tam
238 2753 344 2776 veteres
359 2748 490 2783 plerique,
502 2756 583 2783 quam
600 2748 766 2776 recentiores
781 2748 874 2782 copio-

86 2784 198 2813 siSsiIue
228 2783 457 2818 perscripserunt.
485 2783 536 2818 Crui
561 2783 691 2818 nonnulla
719 2786 809 2809 tamen
834 2783 875 2810 in-

86 2825 182 2853 spersa
203 2817 278 2849 sunt.
303 2817 363 2853 quin
388 2826 458 2853 aegre
480 2817 624 2844 admodum
642 2817 721 2853 [idem
739 2818 873 2846 obtinent.

112 2828 182 2846 tersa
203 2828 278 2849 sunt.
303 2828 363 2846 tua:
388 2828 458 2853 agre
480 2828 624 2844 autuuuutn
642 2828 721 2845 lIuelll
739 2828 873 2846 υυιιιιειιι.

112 2854 174 2881 uale
187 2857 233 2881 est
250 2828 318 2881 illudl
335 2853 369 2881 de
383 2854 470 2885 cellis,
487 2859 557 2888 quas
573 2860 653 2879 xxxvr
677 2852 762 2880 fuisse
781 2856 876 2880 censet

930 2288 1047 2323 pressit;
1070 2287 1118 2315 sed
1146 2295 1161 2313 e
1183 2290 1264 2314 tecto.
1278 2295 1396 2322 superne
1419 2288 1480 2316 illas
1505 2287 1622 2322 aperuit.
1647 2294 1716 2322 quas

930 2333 1111 2368 anaphotidas
1124 2333 1278 2360 nominant.
1295 2332 1352 2360 Hoc
1364 2333 1404 2360 illi
1420 2333 1500 2361 modo
1516 2341 1531 2360 a
1545 2333 1635 2368 primo
1645 2333 1716 2360 dilu-

931 2378 993 2405 culo
1015 2377 1048 2404 ad
1064 2384 1204 2411 vesperam
1221 2377 1357 2404 obseratis
1378 2377 1484 2405 foribus
1499 2377 1601 2405 inclusi
1620 2383 1716 2404 sacras

928 2423 1046 2451 Litteras
1066 2423 1275 2451 transtulerunt.
1299 2422 1453 2458 Unicuique
1471 2431 1554 2458 porro
1576 2423 1714 2457 Interpre-

930 2474 986 2496 tum
1001 2468 1060 2503 pari
1078 2469 1144 2496 liber
1163 2469 1362 2496 attribuebutur
1384 2476 1466 2496 unus.
1488 2468 1612 2503 Exempli
1629 2475 1714 2495 causa

929 2514 1067 2542 Geneseos
1082 2515 1209 2542 volumen
1230 2515 1276 2542 uni
1299 2515 1536 2547 committebatur,
1553 2514 1664 2542 Exodus
1677 2513 1717 2541 al-

929 2560 994 2594 teri,
1009 2559 1147 2588 Leviticus
1163 2560 1220 2592 alii,
1244 2565 1325 2595 atque
1345 2560 1383 2587 ita
1404 2560 1533 2596 deinceps
1555 2559 1658 2588 cancri.
1674 2559 1716 2587 Ita

928 2713 1108 2751 Epiphanius.
1129 2716 1166 2742 ita
1184 2721 1214 2743 ut
1231 2716 1287 2743 bini
1307 2716 1333 2743 in
1352 2716 1467 2751 singulis
1484 2716 1648 2745 habitarent.
1665 2715 1716 2744 Ju-

927 2750 1019 2786 stin_us_
1032 2751 1143 2786 totidem
1158 2758 1282 2786 numero,
1297 2755 1364 2785 quot
1377 2750 1549 2786 interpretes,
1563 2751 1712 2783 exstitisse.

928 2783 1079 2821 inﬂabat}.
1095 2785 1129 2811 ad
1144 2790 1212 2820 gent.
1234 2783 1371 2820 Iosephus
1395 2783 1496 2818 autem,
1522 2794 1609 2821 eoque
1634 2790 1714 2821 vetu-

928 2818 995 2846 stior
1011 2818 1099 2853 Philo,
1116 2818 1279 2848 et'Aristeas
1297 2818 1331 2848 de
1342 2821 1418 2848 cellis
1436 2820 1513 2848 nihil.
1531 2818 1584 2848 Sed
1593 2828 1625 2847 ea
1653 2819 1710 2853 jam

929 2852 1034 2888 pridem
1054 2852 1214 2883 ab'eruditis
1229 2862 1345 2882 excussa
1365 2855 1556 2890 disputataque
1571 2858 1644 2882 sunt.
