1939 3039
214 117 268 145 9-ιό

897 115 926 144 S.
946 114 1118 143 EPlPllANll

1783 112 1837 141 ΞΗ

215 177 320 210 septem
333 177 361 203 et
374 174 469 211 viginti
491 173 640 209 Scriptura:
657 180 688 200 ac
706 171 814 201 Veteris
830 172 999 201 Testamenti

1053 173 1131 209 ξυγῇν
1154 174 1171 208 ὴ
1189 171 1297 204 Ἔξοδος
1318 170 1373 198 τῶν
1395 171 1462 198 υίῶν
1484 169 1592 207 Ἰσραὴλ
1612 170 1646 205 τῇ
1662 168 1730 204 ἄλλῃ
1753 168 1836 204 Cum,

219 221 292 254 libri,
307 221 354 256 qui
370 221 403 248 ad
417 221 486 248 duos
497 227 529 247 ac
545 219 640 255 viginti
651 226 703 254 pro
717 218 869 247 litterarum
885 218 1000 246 Hebrai-

217 275 311 295 carum
332 273 447 294 numero
466 265 638 301 rediguntur,
659 263 782 292 Graecum
798 264 826 292 in
847 272 1001 292 sermonem

218 312 342 341 conversi
354 315 427 339 sunt.

252 400 297 428 IV.
315 399 420 428 Habent
443 399 515 427 enim
537 398 642 427 Hebrei
662 406 719 426 nn
735 399 851 432 litteras,
872 406 888 426 e
901 398 1001 434 quibus

217 444 336 479 quinque
362 443 536 478 duplicantur
569 442 652 478 Capit,
684 442 756 476 Heu,
781 442 855 475 Nun,
884 442 947 475 ΡΙιί,
973 446 1003 470 et

216 490 308 525 Aleplt.
335 489 394 522 Qua
420 489 526 517 ratione
553 496 617 516 cum
642 496 698 516 nn
724 489 784 516 libri
809 492 1000 522 numerentur,

216 539 318 570 septem
343 542 376 562 ac
392 535 484 570 viginti
506 534 689 570 reperiuntur,
705 536 778 569 quod
799 541 833 561 ex
848 533 902 561 illis
919 534 1000 568 quin-

215 588 268 615 que
289 581 461 616 geminentur
478 589 485 607 :
515 584 581 615 puta
601 580 669 607 liber
692 579 766 606 Ruth
790 587 853 607 cum
874 579 1001 607 Iudicum

217 626 286 652 libro
304 625 491 659 conjungitur,
511 628 538 651 et
564 632 636 652 unus
660 624 695 652 ab
717 624 841 652 Hebraeis
855 628 1001 652 censetur:

217 671 321 705 primus
341 670 570 704 Paralipomenon
590 670 660 697 liber
681 677 744 697 cum
767 669 920 704 posteriore
934 676 1003 699 con-

214 716 347 751 jungitur,
364 720 390 743 et
403 723 488 743 unum
512 715 614 744 librum
630 715 722 743 ellicit.
746 714 811 742 ltem
832 716 937 750 primus
953 714 1004 743 Re-

214 768 330 797 gnorum
356 761 436 794 liber,
462 769 526 789 cum
551 761 692 795 secundo;
717 761 815 788 tertius
839 760 918 796 132
941 767 1003 787 cum

214 811 312 840 quarto
325 814 410 833 unum
427 806 526 834 librum
546 806 728 834 constituunt.
752 805 793 832 Ad
812 813 932 840 eumque
946 812 1003 832 mo—

1051 217 1195 245 Λευῖτικὺν
1205 218 1238 253 τῇ
1251 216 1330 254 ἄλλῃ,
1344 217 1392 244 καὶ
1402 216 1519 252 καθεξῆς
1532 215 1598 250 άλλη
1611 214 1699 249 βίϐλος
1711 214 1744 249 τῇ
1758 213 1836 248 mn-

1052 264 1100 292 καὶ
1116 263 1203 295 οὕτως
1218 263 1247 290 at
1264 262 1424 289 εἰκοσιεπτὰ
1443 261 1529 297 βίϐλοι
1545 261 1572 287 αἱ
1591 259 1671 296 ῥηταὶ
1684 260 1732 286 καὶ
1749 259 1838 286 ἐνδιά-

1051 309 1133 342 θετοι,
1146 309 1233 335 εῐκοσι
1247 308 1276 334 δὲ
1287 307 1392 335 καὶδύο
1401 306 1473 334 κατὰ
1484 306 1533 342 τὴν
1545 306 1592 332 τοῦ
1603 304 1759 340 ἀλφαϐήτου
1772 304 1838 340 παρ’

1057 355 1193 392 Ἑϐραίοις
1208 355 1375 391 στοιχείωσιν
1390 353 1600 390 ἀριθμούμεναι,
1613 351 1836 388 ἡρμηνεύθησαν.

1085 391 1123 429 Δ).
1139 401 1233 428 Ετκοσι
1249 401 1304 436 γὰρ
1319 400 1367 427 καὶ
1382 399 1428 426 δύο
1439 399 1531 434 έχουσι
1544 391 1683 433 στοιχείων
1695 398 1838 433 νοήματα·

1052 447 1132 474 πέντε
1152 446 1182 473 δέ
1204 446 1273 472 εἰσιν
1296 444 1326 477 ἐξ
1341 445 1433 472 αὐτῶν
1449 443 1621 479 διπλούμενα.
1649 442 1687 469 Τδ
1704 442 1761 477 γὰρ
1777 441 1838 476 κὰρ

1051 492 1110 518 εστὶ
1123 490 1244 523 διπλοῦν,
1264 490 1355 517 καὶτὸ
1374 490 1443 524 μὲν,
1461 489 1508 516 καὶ
1522 488 1553 515 τὸ
1576 486 1662 520 γοῦν,
1676 487 1723 514 καὶ
1739 486 1772 512 τὸ
1793 486 1839 521 φὶ,

1051 528 1098 564 καὶ
1111 536 1142 563 τὸ
1161 544 1181 563 α
1196 536 1221 552 ⁸³
1237 535 1278 562 διὸ
1295 535 1343 562 καὶ
1357 535 1385 561 αἱ
1407 533 1492 569 βίϐλοι
1511 532 1583 560 κατὰ
1598 532 1692 560 τοῦτον
1706 531 1753 558 τὸν
1774 531 1839 567 τρό-

1052 589 1112 614 πον,
1135 581 1269 608 εἰκοσιδύο
1295 580 1344 616 μὲν
1361 578 1552 615 ἀριθμοῦνται,
1572 577 1729 605 εἰκοσιεπτὰ
1749 577 1780 604 δὲ
1795 577 1840 603 εὑ-

1054 627 1202 662 ρίσκονται,
1215 626 1260 653 διὰ
1279 625 1310 652 τὸ
1336 625 1417 652 πέντε
1433 625 1463 658 ἐξ
1476 623 1565 652 αὐτῶν
1577 622 1750 650 διπλοῦσθαι·
1779 631 1842 648 συν-

1051 672 1166 700 άπτεται
1189 671 1243 707 γὰρ
1261 672 1279 707 ἡ
1299 671 1377 698 Ῥοὺθ
1402 671 1459 702 τοῖς
1471 670 1596 705 Κριταϊς,
1609 669 1640 695 τὺ
1651 669 1661 684 ¹
1679 669 1839 704 ἀριθμεῖται

1051 718 1117 753 παρῗ
1136 717 1273 752 Ἑϐραίοις
1285 717 1335 752 μία
1348 716 1452 752 βίϐλος’
1470 715 1660 749 συνάπτεταιή
1676 714 1772 748 πρώτη
1784 713 1841 740 τῶν

1052 761 1299 798 Παραλειπομένων
1313 763 1346 797 τῇ
1357 761 1484 796 δευτέρᾳ,
1492 760 1540 787 καὶ
1549 759 1657 793 λέγεται
1670 759 1719 794 μία
1734 758 1840 793 βίϐλος·

1053 808 1217 835 συνάπτεται
1232 809 1249 843 ἡ
1264 807 1360 843 πρώτη
1376 806 1432 834 τῶν
1446 805 1636 841 Μαιλειῶντῇ
1652 804 1778 840 δευτέρᾳ,
1792 804 1840 830 καὶ

213 852 278 878 dum
295 851 444 886 Scriptura:
459 851 522 879 libri
536 855 655 887 quatuor
668 851 853 879 voluminibus
867 851 1001 886 quinque-

1053 853 1158 887 λέγεται
1174 853 1225 888 μία
1236 853 1342 888 βίϐλος·
1360 852 1552 886 συνάπτεταιὴ
1568 851 1689 886 τρίτητῇ
1706 850 1839 885 τετάρτῃ.

214 896 323 931 partitis
339 897 531 932 comprehensi
546 901 620 928 sunt.
638 905 671 924 ac
683 897 737 925 duo
756 897 819 924 libri
829 901 911 924 extra
925 897 1000 924 ordi-

213 947 276 968 nem
296 945 487 968 numerantur.
510 941 602 974 Quare
614 941 722 970 Veteris
744 942 912 970 Testarnenti
938 942 1000 969 libri

213 993 310 1014 omnes
326 986 378 1014 hac
397 987 468 1014 serie
491 992 700 1022 percensentur.
714 986 841 1022 Quinque
858 987 892 1014 ad
915 987 1000 1022 legem

212 1031 372 1066 pertinent:
400 1031 525 1066 Genesis,
552 1032 675 1064 Exodus,
701 1032 849 1065 Leviticus,
879 1031 1000 1064 Numeri,

214 1074 468 1105 Deuteronomium.
489 1076 553 1104 Hac
567 1082 610 1105 est
634 1077 848 1110 Pentateuchus,
871 1085 925 1112 qua
945 1082 1000 1104 tota

213 1122 257 1150 lex
279 1123 437 1158 exponitur.
466 1122 626 1158 Sequuntur
649 1123 771 1158 quinque
791 1123 838 1149 alii
859 1122 932 1156 libri,
953 1123 1000 1157 qui

213 1168 336 1196 versibus
355 1171 502 1196 constant:
518 1168 580 1201 Job,
596 1167 772 1200 Psalterium,
787 1166 934 1195 Proverbia
951 1167 1001 1194 Sa-

214 1212 341 1245 lomonis,
360 1211 553 1245 Ecclesiastes,
570 1212 685 1240 Cantica
701 1212 882 1239 canticorum.
898 1211 1001 1239 Deinde

214 1257 324 1284 tertium
338 1257 469 1285 librorum
483 1258 639 1293 collegium,
656 1265 717 1293 qua:
729 1249 849 1292 γραφεῖα
860 1257 1000 1289 dicuntur,

213 1305 239 1328 et
251 1301 423 1337 Agiographa
433 1303 574 1336 continet;
589 1302 744 1337 cujusmodi
759 1306 833 1334 sunt,
851 1302 921 1330 liber
935 1300 1000 1329 Iesu

214 1346 263 1373 lilii
279 1345 371 1378 Nave,
387 1346 515 1374 Judicum
531 1348 610 1379 liber,
625 1355 687 1375 cum
702 1347 772 1374 libro
789 1347 878 1380 Ruth;
897 1346 999 1374 Parali-

214 1399 349 1427 pomenon
368 1392 474 1427 primus
496 1399 558 1419 cum
571 1391 708 1425 secundo,
723 1390 879 1426 Regnorum
894 1392 1000 1426 priores

213 1438 286 1471 duo,
315 1438 428 1465 totidem
450 1438 618 1472 posteriores
650 1438 678 1464 in
703 1445 788 1465 unum
808 1438 934 1465 volumen
956 1445 1001 1465 re—

215 1483 298 1511 dacti.
315 1483 439 1512 Tertium
454 1483 520 1511 illud
535 1483 679 1518 collegium
695 1487 755 1517 est;
770 1487 896 1518 quartum
908 1483 1000 1518 sequi-

214 1532 278 1557 tur:
296 1530 322 1556 in
339 1529 413 1564 quod
428 1529 570 1557 duodecim
586 1528 729 1564 Propheta:
750 1529 881 1562 minores,
897 1528 994 1562 Isaias,

213 1574 359 1608 Jeremias,
375 1575 512 1606 Ezechiel.
532 1582 564 1602 ac
582 1575 676 1603 Daniel
692 1575 809 1610 conjecli
824 1579 898 1603 sunt.
912 1576 1001 1610 Atque

214 1621 267 1648 hoc
282 1621 409 1648 volumen
424 1621 618 1656 prophetarum
632 1622 735 1656 scripta
747 1622 880 1649 continet.
892 1620 1001 1656 Reliqui

214 1671 279 1695 sunt
292 1667 355 1694 libri
370 1667 424 1694 duo
439 1676 446 1694 :
464 1667 516 1695 hoc
529 1671 571 1695 est
587 1667 681 1695 Esdra!
699 1675 781 1699 unus,
793 1667 840 1702 qui
855 1667 1001 1702 separatim

215 1716 386 1743 numeratur,
399 1712 469 1740 alius
481 1712 589 1740 Esther.
604 1711 643 1739 lta
658 1711 714 1739 duo
725 1716 753 1739 et
769 1712 864 1747 viginti
877 1712 939 1739 libri
952 1719 1001 1747 pro

215 1757 366 1784 litterarum
391 1756 591 1784 Hebraicarum
610 1765 726 1785 numero
746 1762 904 1785 censentur.
923 1757 1002 1790 Quod

215 1802 289 1830 enim
311 1803 345 1830 ad
364 1803 433 1831 duos
455 1803 517 1831 illos
541 1804 651 1836 attinet,
671 1804 718 1839 qui
736 1804 861 1832 versibus
878 1803 1002 1831 distincti

215 1852 291 1880 sunt,
310 1846 467 1877 Salomonis
484 1849 610 1877 videlicet
632 1849 814 1884 Sapientiam,
832 1857 893 1884 qua:
913 1848 1002 1876 Pana-

215 1900 290 1923 retus
304 1895 474 1928 inscribitur,
496 1899 523 1924 et
536 1895 601 1924 Jesu
615 1896 678 1924 Filii
691 1896 788 1924 Sirach
810 1896 920 1928 librum,
937 1895 1002 1924 Jesu

214 1942 332 1975 nepotis,
353 1941 401 1976 qui
423 1941 569 1977 Sapientia:
593 1942 693 1969 librum
716 1941 848 1970 llebraice
876 1942 999 1977 scripsit,

214 1993 296 2021 quem
318 1993 404 2021 nepos
424 1986 484 2022 ejus
510 1985 591 2015 Iesus
612 1987 708 2015 Graece
732 1989 868 2022 reddidit;
892 1988 1001 2016 tametsi

215 2033 295 2060 utiles
311 2040 344 2059 ac
360 2032 496 2060 fructuosi
509 2034 627 2063 illisint.
645 2034 672 2060 in
687 2034 892 2069 Scripturarum
906 2041 1002 2061 nume-

216 2085 274 2104 rum
288 2085 462 2113 nequaquam
480 2078 576 2106 referri
592 2079 692 2107 solent.
709 2078 787 2107 Unde
805 2087 857 2107 nec
872 2080 900 2107 in
917 2083 1002 2107 testa-

215 2122 298 2149 menti
313 2130 375 2149 arca
389 2122 517 2149 collocati
533 2127 608 2150 sunt.

1051 898 1098 925 καὶ
1117 897 1224 931 λέγεται
1240 897 1289 932 μία
1313 896 1417 932 βίϐλος·
1437 895 1524 928 οὕτως
1545 894 1610 929 γοῦν
1631 893 1789 928 σύγκεινται
1810 894 1839 919 at

1052 942 1137 977 βίϐλοι
1161 943 1191 968 ὲν
1212 941 1404 976 τιεντατεὺχοις
1418 941 1554 977 τέτταρσι,
1561 940 1608 966 καὶ
1621 939 1745 975 μένουσιν
1758 938 1840 965 ἄλλαι

1050 988 1098 1015 δύο
1120 987 1297 1024 ὑστεροῦσαν
1321 987 1359 1019 ὡς
1377 985 1447 1014 εἶναι
1468 987 1518 1017 τὰς
1535 985 1703 1016 ὲνδιαθέτους
1729 983 1841 1019 βίϐλους

1050 1033 1151 1066 οὕτως’
1171 1033 1251 1060 πέντε
1274 1033 1324 1069 μὲν
1339 1033 1464 1068 νομικὰς,
1483 1032 1602 1064 Γένεσιν,
1620 1030 1740 1063 Ἐξοδον,
1758 1031 1841 1057 Λευῖ-

1049 1078 1136 1110 τικὸν,
1158 1077 1315 1113 Ἀριθμοὺς,
1340 1076 1564 1111 Δευτερονόμιον·
1593 1074 1662 1110 αῦτη
1690 1075 1706 1109 ἡ
1734 1074 1841 1101 Πεντά-

1050 1132 1144 1159 τευχος
1161 1123 1207 1150 καὶ
1223 1123 1239 1158 ἡ
1255 1122 1416 1158 νομοθεσίαο
1433 1121 1513 1148 πέντε
1528 1121 1582 1157 γὰρ
1600 1121 1746 1156 στιχήρεις,
1762 1119 1840 1155 ητοῦ

1057 1169 1116 1196 Ἰὼϐ
1139 1169 1239 1204 βίϐλος,
1263 1166 1324 1195 εἶτα
1349 1168 1379 1194 τὸ
1396 1167 1564 1202 Ψαλτήριον,
1588 1166 1726 1202 Παροιμία
1752 1165 1840 1192 Σαλο-

1052 1214 1166 1249 μῶντος,
1186 1212 1414 1249 Ἐκκλησιαστὴς,
1429 1210 1524 1248 1ᾋσμιῑ
1540 1212 1669 1247 ᾀσμάτων
1680 1220 1686 1226 ·
1701 1209 1760 1238 εἶτα
1771 1211 1841 1246 ἄλλη

1051 1260 1228 1294 πεντάτευχος
1233 1259 1267 1285 τὰ
1273 1259 1427 1294 καλούμενα
1435 1259 1454 1285 Γ
1457 1259 1554 1294 ραφεία
1559 1266 1606 1290 ,πα
1609 1257 1644 1294 ρὰ
1652 1266 1706 1283 τισι
1716 1257 1744 1284 δὲ
1751 1257 1843 1291 Ἀγιά-

1051 1314 1143 1340 γραφα
1151 1305 1294 1340 λεγόμενα,
1306 1305 1385 1332 ἅτινὰ
1396 1305 1468 1331 ἐστιν
1480 1304 1565 1335 οὕτως
1575 1311 1582 1319 ·
1601 1303 1688 1338 Ἰησοῦ
1699 1303 1746 1329 τοῦ
1759 1303 1841 1338 Ναυῆ

1052 1351 1151 1385 βίϐλος,
1175 1350 1284 1386 Κριτῶν
1311 1350 1380 1386 μετὰ
1404 1352 1454 1385 τῆς
1475 1349 1564 1381 Ῥοὺθ,
1591 1349 1842 1383 Παραλειπομένων

1051 1397 1145 1433 πρώτη
1165 1396 1233 1432 μετὰ
1254 1396 1304 1431 τῆς
1325 1395 1465 1431 δευτέρας,
1488 1395 1636 1421 Βασιλειῶν
1654 1394 1749 1429 πρώτη
1771 1394 1842 1429 μετὰ

1050 1443 1100 1478 τῆς
1112 1442 1263 1478 τετάρτης·
1283 1441 1352 1477 αῦτη
1374 1441 1453 1477 τρίτη
1471 1441 1667 1475 πεντάτευχος·
1685 1440 1753 1474 ἄλλη
1777 1449 1842 1466 πεν-

1051 1489 1192 1524 τάτευχος,
1212 1488 1242 1515 τὸ
1262 1488 1522 1522 Δωδεκαπρόφητον,
1544 1487 1668 1518 Ἡσαΐας,
1692 1486 1841 1521 Ἱερεμίας,

1058 1534 1198 1570 Ἰεζεκιὴλ,
1222 1533 1338 1569 Δανιήλ·
1363 1533 1411 1560 καὶ
1433 1532 1502 1567 αὕτη
1528 1534 1545 1568 ἡ
1562 1531 1717 1568 προφητικὴ
1740 1533 1843 1558 πεντά-

1051 1589 1163 1616 τευχος’
1195 1580 1304 1615 ἔμειναν
1333 1580 1362 1606 δὲ
1391 1579 1469 1606 άλλαι
1494 1579 1554 1612 δύο,
1584 1578 1684 1610 αἵτινές
1711 1579 1766 1604 εἰσι
1791 1579 1843 1605 τοῦ

1053 1626 1155 1661 Ἔσδρα
1172 1625 1221 1661 μία
1234 1625 1280 1652 καὶ
1299 1625 1370 1659 αὕτη
1386 1624 1559 1660 λογιζομένη,
1576 1624 1623 1651 καὶ
1639 1624 1704 1659 άλλη
1719 1624 1810 1659 βίϐλος
1825 1625 1843 1659 ἡ

1050 1672 1101 1707 τῆς
1117 1672 1217 1708 Ἐσθὴρ
1242 1672 1366 1699 καλεῖται
1378 1680 1385 1687 ·
1404 1670 1603 1706 ἐπληρώθησαν
1619 1667 1664 1696 οῦν
1684 1670 1712 1696 αι
1737 1671 1843 1696 εἰκοσι-

1051 1717 1097 1744 δύο
1113 1717 1198 1752 βίϐλοι
1213 1716 1282 1744 κατὰ
1296 1717 1342 1743 τὸν
1355 1715 1472 1752 ἀριθμὸν
1484 1715 1541 1742 τῶν
1553 1714 1687 1742 εἰκοσιδύο
1701 1715 1844 1750 στοιχείων

1052 1764 1116 1799 παρ’
1133 1763 1280 1799 Ἑϐραίοις.
1298 1763 1331 1789 Al
1344 1763 1398 1797 γὰρ
1415 1762 1550 1797 στιχήρεις
1565 1761 1611 1788 δύο
1626 1761 1722 1796 βίϐλοι,
1735 1761 1785 1796 ἦτε
1794 1761 1843 1788 τοῦ

1052 1809 1234 1844 Σολομῶντος,
1254 1810 1271 1844 ὴ
1292 1809 1447 1844 Πανάρετος
1469 1806 1615 1842 λεγομένη,
1632 1806 1678 1833 καὶ
1693 1807 1708 1841 ἡ
1723 1806 1772 1833 τοῦ
1791 1807 1844 1841 Ἴης

1052 1854 1100 1881 σοῦ
1116 1854 1162 1880 τοῦ
1183 1854 1241 1881 υἱοῦ
1256 1853 1351 1889 Σιρὰχ,
1375 1851 1487 1887 ἐκγόνου
1508 1852 1537 1879 δὲ
1549 1851 1597 1878 τοῦ
1617 1851 1715 1888 Ἰησοῦ,
1733 1851 1781 1878 τοῦ
1795 1852 1844 1879 καὶ

1051 1899 1100 1935 τὴν
1116 1900 1216 1934 Σοφίαν
1229 1899 1371 1934 Ἐϐραϊστὶ
1386 1897 1551 1934 γράψαντος,
1565 1898 1598 1933 ἢν
1609 1898 1623 1924 ό
1635 1897 1746 1932 ἔκγονος
1757 1897 1843 1924 αὑτοῦ

1058 1944 1162 1981 Ἰησοῦς
1178 1944 1350 1981 ἑρμηνεύσας
1374 1944 1528 1980 Ἑλληνιστὶ
1549 1943 1666 1980 ἔγραψε·
1688 1944 1736 1970 καὶ
1760 1940 1844 1970 αὗται

1051 1991 1180 2026 χρήσιμοι
1205 1990 1254 2025 μέν
1271 1991 1323 2016 εἱσι
1351 1990 1398 2016 καὶ
1416 1990 1560 2025 ὠφέλιμοι,
1580 1989 1637 2016 ἀλλ’
1660 1990 1700 2020 είς
1723 1988 1844 2024 ἀριθμὸν

1054 2035 1142 2071 ῥητῶν
1159 2035 1209 2062 οὐκ
1224 2035 1413 2071 ἀναφέρονται.
1434 2035 1479 2062 Διὺ
1490 2035 1523 2071 δὴ
1543 2037 1572 2062 ὲν
1588 2035 1627 2070 τῷ
1647 2034 1774 2070 Ἀαρὼν’⁸
1785 2035 1843 2070 (38)

1053 2079 1226 2113 ἀνετέθησαν,
1242 2079 1289 2105 τοῦ
1306 2087 1335 2105 τε
1349 2078 1360 2095 ⁸
1373 2079 1401 2106 ὲν
1411 2079 1445 2114 τῇ
1458 2079 1508 2114 τῆς
1523 2079 1654 2115 διαθήκης
1668 2078 1788 2114 κιϐωτῷ.

249 2167 282 2194 γ.
301 2167 356 2195 Nec
371 2167 439 2195 illud
457 2168 541 2195 latere
557 2172 583 2195 te
603 2167 693 2200 debet,
711 2168 889 2197 honestarum
910 2177 1000 2197 rerum

1088 2170 1127 2196 E'.
1147 2168 1228 2195 ’Δὶλὰ
1252 2168 1299 2195 καὶ
1313 2168 1352 2195 ἔτι
1367 2168 1446 2195 τοῦτὸ
1467 2177 1496 2195 σε
1518 2168 1556 2205 μὴ
1576 2168 1716 2204 παρέλθοι,
1731 2165 1754 2194 ὦ
1767 2167 1846 2203 r9116-

217 2212 354 2245 studiose,
371 2212 534 2240 Psalterium
549 2213 585 2240 ab
597 2212 859 2249 Hebraeis-quinque
874 2215 901 2242 in
917 2215 1001 2242 libros

221 2266 285 2287 esse
304 2259 451 2293 partitum;
465 2266 535 2286 nova
547 2262 577 2285 ut
589 2258 707 2286 indidem
724 2260 922 2294 pentateuchus
932 2261 1003 2288 oria-

216 2308 272 2330 tur.
293 2303 403 2331 Primus
426 2303 496 2330 libcr
509 2311 524 2330 a
543 2304 631 2338 primo
647 2304 752 2339 psalmo
773 2305 807 2332 ad
824 2307 1001 2341 quadragesi—

215 2357 289 2376 mum
304 2350 462 2376 continetur
475 2358 481 2376 :
500 2349 638 2378 secundus
652 2358 667 2377 a
679 2350 889 2386 quadragesimo
901 2351 933 2378 ad
946 2352 1003 2387 pri-

216 2401 290 2420 mum
315 2397 342 2420 ct
368 2394 620 2429 septuagesimum;
644 2396 741 2424 tertius
762 2404 777 2423 a
802 2398 1001 2432 sepluugesimo

214 2439 336 2467 secundo
362 2439 396 2466 ad
420 2440 623 2476 octogesimum
648 2446 791 2476 octavum;
829 2446 944 2478 quartus
967 2443 1002 2469 ab

215 2485 383 2520 octogesimo
400 2494 473 2513 nono
501 2486 535 2514 ad
562 2487 741 2516 centesimum
766 2488 903 2522 quintum,
921 2487 1002 2522 quin-

215 2527 260 2559 tus
273 2538 288 2557 a
306 2532 456 2559 centesimo
471 2536 549 2560 sexto
562 2532 594 2561 ad
613 2534 792 2561 centesimum
808 2537 835 2560 et
857 2533 995 2568 quinqua~

215 2577 349 2613 gesimum
366 2579 532 2613 perducitur.
554 2578 621 2606 Nam
638 2580 796 2615 quicunque
811 2579 934 2613 psalmus
949 2578 1001 2606 hoc

1056 2214 1132 2246 καλε,
1147 2214 1187 2240 ὅτι
1207 2214 1254 2240 καὶ
1266 2213 1296 2240 τὺ
1313 2214 1469 2250 Ψαλτήριον
1489 2214 1586 2240 διεῖλον
1604 2215 1644 2246 είς
1657 2213 1739 2240 πέντε
1754 2213 1846 2248 βιϐλία

1054 2261 1079 2287 οἱ
1098 2259 1228 2295 Ἑϐραῖοι,
1243 2259 1313 2286 ὥστε
1325 2258 1396 2287 εἶναι
1411 2260 1458 2287 καὶ
1471 2260 1538 2287 αὐτὸ
1551 2259 1635 2295 ἄλλην
1650 2259 1844 2295 πεντάτευχον.

1061 2306 1128 2333 ’Λπὸ
1138 2306 1192 2341 γὰρ
1207 2305 1316 2341 πρώτου
1330 2306 1438 2342 ψαλμοῦ
1454 2307 1518 2342 ἄχρι
1533 2305 1763 2340 τεσσαρακοστοῦ,
1779 2305 1846 2340 μίαν

1055 2351 1211 2386 ὲλογίσαντο
1237 2351 1346 2386 βίϐλον·
1363 2351 1417 2378 ἀπὸ
1442 2352 1471 2378 δὲ
1493 2351 1712 2387 τεσσαρακοστοῦ
1734 2350 1845 2388 πρώτον

1055 2397 1118 2433 ἄχρι
1131 2397 1179 2424 τοῦ
1193 2397 1392 2433 έϐδομηκοστοῦ
1411 2397 1531 2433 πρώτου,
1544 2397 1671 2433 δευτέραν
1685 2397 1828 2432 ἡγήσαντο
1838 2405 1846 2412 ·

1055 2442 1108 2469 ἀπὸ
1122 2442 1322 2477 έϐδομηκοστοῦ
1338 2442 1462 2478 δευτέρου
1480 2442 1533 2474 ἕως
1544 2441 1724 2478 ὀγδοηκοστοῦ
1737 2442 1847 2476 ὀγδόου,

1053 2486 1144 2524 τρίτον
1155 2487 1257 2523 βιϐλίον
1267 2489 1429 2524 ἐποιήσαντο
1440 2497 1447 2504 '
1463 2489 1518 2515 ἀπὸ
1531 2488 1559 2515 δὲ
1573 2487 1754 2523 ὀγδοηκοστοῦ
1769 2488 1848 2515 ἐννά-

1053 2542 1100 2560 του
1124 2533 1176 2566 ἕως
1197 2534 1344 2561 ἐκατοστοῦ
1369 2534 1506 2570 πέμπτου,
1535 2534 1667 2570 τετάρτην
1695 2533 1843 2569 ἐποίησαν·

1054 2579 1108 2606 ἀπὸ
1124 2579 1153 2606 δὲ
1167 2579 1315 2607 ἑκατοστοῦ
1339 2579 1419 2607 ἕκτου
1439 2580 1492 2613 ἓως
1508 2579 1555 2607 τοῦ
1577 2579 1725 2606 έκατοστοῦ
1746 2588 1846 2615 πεντη-

250 2655 261 2672 ¹
274 2653 337 2691 Lex.
353 2655 431 2691 ἀλέφ.
468 2657 478 2672 ¹
492 2656 523 2684 F.
538 2657 594 2683 καί.
631 2656 642 2671 ³
655 2655 769 2691 Negatio
783 2655 896 2683 forsitan
914 2654 1000 2682 deest.

1063 2654 1093 2682 C.
1111 2656 1243 2683 τουτέστι.

251 2714 309 2750 (38)
321 2715 369 2742 Διὸ
381 2715 415 2742 δὲ
427 2716 462 2742 ἐν
476 2715 516 2747 τῷ
533 2714 656 2750 Ἀαρών.
671 2713 734 2748 Leg.
753 2713 851 2750 ‘Aptbv,
871 2714 1005 2742 llebraice

215 2753 277 2794 ττπκ
293 2749 384 2778 arcam
404 2750 548 2784 signiﬁcat.
565 2749 651 2782 Quam
666 2757 759 2776 vocem
784 2749 828 2776 hic
853 2750 951 2784 opinor
964 2750 1003 2776 al-

218 2796 269 2824 teri
286 2795 516 2824 substituendam.
535 2794 698 2823 l'crsuasum
714 2795 809 2823 hahuit
825 2795 1003 2831 Epiphanius,

1057 2722 1150 2744 sacro:
1175 2716 1284 2743 codices
1299 2717 1326 2744 in
1350 2724 1414 2744 arca
1437 2717 1592 2745 reconditos
1618 2717 1721 2750 fuisse;
1739 2717 1766 2743 si
1788 2717 1846 2744 haec

1058 2755 1122 2777 sunt
1144 2751 1298 2788 Epiphanii.
1324 2756 1351 2778 et
1364 2760 1417 2779 non
1448 2752 1529 2788 inepti
1543 2751 1708 2787 cujuspiam,
1724 2752 1773 2787 qui
1795 2752 1846 2779 has

1058 2793 1145 2821 nugas
1163 2787 1196 2813 ad
1209 2794 1284 2813 oram
1297 2788 1470 2824 ascripserat.
