1939 3039
232 157 284 186 247

937 154 967 183 ε.
974 154 1154 201 ῗΕΡΙΡΗΔΜΙ

1808 153 1860 183 9‘8

266 215 324 245 Vll.
351 214 399 242 Sic
425 213 508 250 igitur
533 212 664 248 praeclare
684 211 817 248 Origenes
840 212 973 246 instituit,
993 217 1016 241 el

1109 215 1146 242 Z’.
1161 212 1208 248 Τῷ
1220 213 1249 240 δὲ
1272 212 1348 248 αὐτῷ
1368 213 1463 249 τρόπῳ
1479 213 1493 239 ό
1506 212 1647 248 Ὦριγένης
1666 212 1756 244 καλῶς
1776 212 1862 240 ποιῶν

231 261 303 290 obeli
322 265 415 289 notam
424 260 574 296 prudenter
585 258 722 294 apposuit.
737 258 789 292 Qui
805 259 910 286 utinam
926 260 953 287 in
970 266 1023 287 cae-

231 308 300 335 teris
311 314 436 342 peraeque
453 305 559 333 laudari
574 305 685 340 posset!
701 304 770 332 Cum
786 305 860 332 enim
875 305 909 333 ad
923 305 1023 333 editio—

232 361 281 381 nes
305 361 331 380 νι
356 351 517 379 Hebraicam
537 350 697 385 adiecisset,
715 351 773 378 suis
796 358 828 379 ac
844 351 963 386 propriis
977 359 1023 380 vo-

234 399 312 426 cibus
335 397 491 432 litterisque
508 400 692 429 constantem,
706 401 734 423 et
744 404 798 423 una
824 397 924 432 pagina
951 405 1022 425 eom-

230 441 495 476 prehensam,aliam
508 441 621 476 insuper
632 444 659 468 et
670 441 824 476 oppositam
834 441 950 474 addidit,
960 450 1021 478 qua:

231 486 379 514 llebraicas
398 493 478 514 voces
499 485 602 514 Graecis
619 486 717 515 litteris
730 494 762 515 ac
779 487 875 523 ﬁguris
893 493 1020 518 exaratas

231 531 395 563 contineret,
416 535 446 559 ut
465 533 512 567 qui
535 532 669 560 Hebraice
690 533 839 566 nescirent,
863 533 1019 562 Graecorum

197 569 201 573 ’
230 579 428 606 clementerum
446 578 579 606 beneﬁcio
599 578 796 608 Hebraicarum
819 581 1019 609 sententiarum

230 625 286 652 vim
306 632 338 652 ac
360 629 525 660 potestatem
548 625 744 660 intelligerent.
768 626 863 661 itaque
881 627 909 654 in
929 629 1018 654 Hexa-

228 669 292 704 plis,
302 670 454 704 Octaplirve
479 673 537 699 suis
551 679 613 698 cum
624 671 772 700 llebraicas
785 671 854 700 duas
868 672 980 708 paginas
993 681 1018 700 Vl

229 714 411 749 lnterpretum
444 715 614 744 editionibus
640 717 831 751 opposuisset,
869 718 1019 752 plurimum

229 760 364 792 studiosis
378 761 538 790 hominibus
550 762 584 789 ad
600 763 765 791 eruditionis
777 771 810 791 ac
823 763 955 791 doctrina:
970 771 1019 791 co-

229 807 301 841 piam
320 807 448 835 utilitatis
470 808 572 835 attulit.
595 808 687 844 Atque
707 809 811 837 utinam
829 810 856 837 in
879 810 941 838 aliis
960 810 1019 839 suis

229 853 359 886 operibus
370 861 423 880 non
437 853 552 888 turpiter
563 854 732 887 aberrasset,
750 863 839 890 neque
851 856 903 884 sibi
926 863 958 883 ac
970 856 1018 883 toti

228 901 365 925 terrarum
377 898 438 925 orbi
454 899 589 934 insignem
600 899 776 935 imposuisset
795 901 935 935 injuriam,
952 901 1017 928 dum

227 947 256 970 et
276 943 311 970 de
336 943 389 973 ﬁde
406 952 550 980 perperam
569 946 665 978 sentit,
688 950 716 974 et
736 946 843 974 inﬁnita
868 946 1018 982 Scriptum

227 989 287 1016 loca
307 997 391 1024 prava
413 990 641 1026 interpretatione
657 992 826 1028 corrumpit!
853 992 907 1021 Sed
932 998 961 1021 ut
983 994 1018 1022 ad

226 1032 383 1060 institutam
407 1033 439 1061 de
458 1035 538 1062 obelo
563 1036 749 1064 narrationem
768 1037 888 1071 redeam,
909 1039 1015 1072 obelus,

227 1081 257 1104 ut
274 1079 355 1113 paulo
368 1084 432 1107 ante
445 1079 513 1114 dixi,
527 1088 542 1108 a
555 1082 696 1110 nonnullis
712 1083 805 1110 lancea
819 1084 932 1117 dicitur,
944 1085 1016 1120 quod

226 1123 309 1159 gladii
330 1133 417 1159 genus
432 1131 471 1154 εει
490 1126 524 1154 ad
538 1127 641 1155 caedem
657 1127 810 1156 faciendam
823 1130 910 1157 utilis.
927 1130 1018 1163 Quare

227 1169 385 1205 ubicunque
395 1171 480 1198 dictio
487 1173 619 1209 quaepiam
625 1173 755 1207 occurrit,
766 1181 827 1209 qua:
836 1174 909 1208 apud
917 1172 1011 1201 LXXII

225 1217 336 1252 legitur,
358 1218 386 1245 in
403 1217 518 1246 Hebraeo
531 1226 596 1246 vero
609 1227 666 1247 non
683 1219 758 1255 item,
775 1221 873 1249 obelus
885 1217 1017 1249 vocabulo

225 1262 290 1289 huic
317 1262 476 1297 adjunctus,
503 1264 530 1291 in
558 1270 688 1298 matrice,
713 1274 746 1293 ac
769 1267 844 1294 velut
866 1267 1017 1302 Scriptura

225 1307 296 1340 solo,
320 1311 347 1335 et
370 1307 550 1336 fundamento
566 1309 663 1338 deesse
681 1311 829 1347 signiﬁcat,
845 1320 894 1340 nec
908 1320 941 1341 eo
955 1313 1016 1342 loco

225 1353 351 1388 reperiri.
364 1353 504 1381 Hactenus
519 1353 553 1382 de
570 1355 705 1384 asterisco
721 1361 748 1385 et
759 1357 849 1385 obelo.

262 1441 329 1469 Vlll.
360 1443 518 1471 Proximum
536 1449 579 1472 est
601 1450 630 1472 ut
647 1445 682 1474 de
708 1447 852 1480 lemnisco,
880 1451 907 1474 et
930 1447 1017 1482 hypo-

225 1489 357 1517 lcmnisco
369 1489 516 1517 dicendum
532 1491 668 1520 videatur.
686 1492 849 1521 Lemniscus
864 1493 915 1520 hac
928 1493 1016 1521 forma

225 1536 382 1572 depingitur
550 1537 653 1573 Estque
686 1538 829 1573 longurius
859 1539 931 1566 inter
961 1539 1051 1582 duoc

1074 259 1201 295 ἐποίησεν
1220 258 1317 291 οὕτως,
1332 258 1380 286 καὶ
1393 258 1457 294 περὶ
1469 257 1517 285 τοῦ
1540 257 1635 284 όϐελοῦ
1648 258 1698 294 τὴν
1712 257 1862 293 σημείωσιν

1072 306 1229 341 ἐποιήσατο.
1237 297 1300 331 Ειθὶ
1310 302 1357 331 οὖν
1367 305 1414 332 καὶ
1423 304 1459 331 τὰ
1470 304 1538 331 ἄλλα
1548 303 1620 330 οὕτω
1629 302 1719 335 καλῶς
1732 303 1859 339 ἐποίησει

1072 350 1128 383 Τὰς
1141 351 1196 386 γὰρ
1231 350 1260 384 ἐξ
1286 349 1435 385 ἑρμηνείας
1453 350 1501 376 καὶ
1515 349 1565 384 τὴν
1582 348 1729 384 Ἐϐραῑχὴν
1751 348 1860 384 γραφὴν

1077 396 1232 432 Ἑϐραϊκοῖς
1249 395 1393 431 στοιχείοις
1413 395 1460 422 καὶ
1482 395 1602 431 ῥήμασιν
1620 395 1713 426 αὐτοῖς
1731 395 1761 421 ἐν
1776 394 1861 421 σελιδι

1072 443 1122 478 μιᾷ
1147 441 1339 474 συντεθεικὼς,
1367 441 1451 478 ἄλλην
1481 441 1572 468 σελίδα
1599 440 1816 476 ἀντιπαράθετον
1835 440 1861 467 οε

1075 487 1240 523 Ἑλληνικῶν
1264 488 1312 523 μὲν
1329 487 1511 523 γραμμάτων,
1531 486 1683 522 Ἑϐραϊκῶν
1699 486 1728 513 δὲ
1749 486 1860 519 λέξεων,

1071 534 1139 569 πρὸς
1152 533 1303 570 κατάληψιν
1314 533 1369 560 τῶν
1389 533 1427 568 μὴ
1443 532 1552 559 εἰδότων
1573 531 1704 568 Ἐϐραῖκὰ
1729 532 1860 566 στοιχεῖα,

1070 580 1111 611 είς
1127 579 1157 606 τὺ
1179 579 1223 606 διὰ
1243 579 1298 605 τῶν
1321 578 1485 614 Ἑλληνικῶν
1509 578 1608 605 ειδέναι
1631 578 1686 604 τῶν
1707 577 1861 613 Ἑϐραϊκῶν

1069 624 1166 659 λογίων
1180 625 1229 660 τὴν
1245 624 1374 660 δύναμιν·
1396 624 1443 650 καὶ
1457 623 1543 655 οὕτως
1559 624 1615 655 τοῖς
1638 623 1797 658 λεγομένοις
1815 623 1861 650 ὑπ’

1070 671 1153 698 αὑτοῦ
1169 670 1327 703 Ἐξαπλοῒς
1339 670 1356 706 ἢ
1371 669 1559 702 Ὀκταπλοῖς,
1569 668 1620 699 τὰς
1629 669 1680 704 μὲν
1691 668 1738 695 δύο
1750 668 1863 704 Ἐϐραῖ-

1069 717 1121 749 xit;
1130 717 1236 748 σελίδας
1248 717 1296 743 καὶ
1306 715 1357 748 τὰς
1366 716 1396 748 ἒξ
1403 715 1456 742 τῶν
1463 714 1638 751 ὲρμηνευτῶν
1645 715 1678 741 ὲκ
1688 714 1862 750 παραλλήλου

1069 763 1273 799 ἀντιπαραθεὶς,
1290 762 1411 798 μεγάλην
1422 761 1556 796 ὠφέλειαν
1567 760 1695 795 γνώσεως
1705 760 1789 787 ἔδωκε
1805 762 1864 792 τοῖς

1069 808 1234 844 φιλοκάλοις.
1261 808 1324 835 Εἴθε
1338 808 1367 835 δὲ
1383 807 1430 834 καὶ
1448 807 1477 833 ὲν
1497 807 1555 838 τοῖς
1578 805 1662 833 αὑτοῦ
1689 807 1862 841 συντάγμασι

1071 854 1108 890 μὴ
1123 853 1273 890 παρέπεσε,
1292 853 1339 880 καὶ
1359 853 1456 880 ἑαυτὸν
1472 852 1520 879 καὶ
1540 851 1586 878 τὸν
1609 851 1712 886 κόσμον
1732 851 1861 886 ἠδίκησε,

1069 899 1162 931 κακῶς
1174 899 1342 934 δογματίσας
1356 897 1391 925 τὰ
1406 897 1471 933 περὶ
1487 896 1616 928 πίστεως,
1634 896 1682 923 καὶ
1695 896 1730 923 τὰ
1747 895 1862 923 πλεῖστα

1068 946 1123 973 τῶν
1136 945 1252 981 Γραφῶν
1273 944 1366 975 κακῶς
1379 943 1487 980 φράσας
1499 943 1505 969 !
1524 942 1604 969 Ἀλλὰ
1616 942 1681 977 περὶ
1694 942 1742 968 τοῦ
1763 942 1862 969 ὀϐελσῦ

1068 989 1146 1023 αὖθις
1170 989 1339 1026 ἐπιλήψομαι
1362 989 1411 1024 τῆς
1435 988 1599 1024 διηγήσεως.
1621 988 1758 1022 Ἔφαμεν,
1783 989 1826 1014 ὅτι
1847 989 1863 1015 ὁ

1067 1037 1159 1068 ὀϐελὸς
1173 1036 1258 1071 λόγχη
1270 1035 1392 1070 λέγεται·
1408 1034 1486 1068 ξίφος
1498 1034 1528 1062 δέ
1548 1035 1606 1061 ἐστι
1620 1034 1700 1062 τοῦτο
1720 1035 1863 1070 ἀναιρετι-

1068 1085 1126 1110 κόν.
1144 1082 1229 1110 Ἔνθα
1243 1081 1334 1108 τοίνυν
1349 1082 1366 1116 ἡ
1385 1080 1458 1113 λέξις
1474 1080 1630 1115 εὑρίσκεται
1648 1080 1725 1116 παρὰ
1741 1081 1794 1115 μὲν
1805 1082 1864 1112 τοῖς

1073 1126 1321 1163 Ἑϐδομηκονταδύο
1333 1127 1477 1162 κειμένους
1493 1126 1513 1158 ³,
1525 1127 1555 1153 ὲν
1567 1125 1596 1153 δὲ
1609 1125 1649 1162 τῷ
1666 1125 1804 1161 Ἑϐραῖκῷ
1823 1126 1862 1161 μὴ

1067 1173 1297 1209 ἀναφερομένους,
1312 1173 1345 1200 ὲκ
1363 1172 1415 1207 τῆς
1434 1172 1481 1198 τοῦ
1498 1171 1592 1198 ὀϐελοῦ
1613 1171 1790 1207 σημειώσεως
1811 1171 1861 1199 τοῦ

1066 1221 1100 1255 τῇ
1112 1218 1182 1250 λέξει
1200 1217 1404 1253 παρακειμένου
1424 1217 1562 1253 δηλοῦται,
1577 1217 1620 1244 ὅτι
1640 1217 1776 1252 ἀνῄρηται
1790 1217 1805 1243 ό
1818 1217 1864 1243 λό-

1067 1274 1115 1300 γος
1128 1266 1182 1292 ἀπὸ
1197 1264 1244 1291 τοῦ
1259 1263 1418 1299 γεννητικοῦ
1434 1263 1531 1296 τόπου,
1548 1263 1608 1298 ἦτοι
1623 1262 1670 1290 τοῦ
1684 1263 1800 1297 ἐδάφους
1810 1263 1863 1298 τῆς

1067 1311 1189 1348 Γραφῆς,
1203 1311 1241 1342 ὡς
1263 1311 1300 1345 μὴ
1318 1310 1448 1345 ὑπάρχων
1473 1310 1502 1335 ὲν
1527 1309 1566 1344 τῷ
1581 1309 1657 1344 τόπῳ
1678 1308 1729 1343 τῆς
1753 1308 1863 1335 Βίϐλου.

1068 1358 1123 1384 Καὶ
1144 1356 1232 1383 ταῦτα
1250 1356 1300 1391 μὲν
1320 1355 1384 1390 περὶ
1398 1354 1445 1380 τοῦ
1460 1354 1625 1389 ἀστερίσκου
1645 1354 1692 1381 καὶ
1706 1353 1753 1380 τοῦ
1765 1353 1863 1381 ὀϐελοῦ

1066 1403 1252 1438 διηγησάμην-

1103 1449 1144 1477 H’.
1157 1449 1257 1476 Λοιπὸν
1270 1448 1317 1474 καὶ
1339 1447 1404 1482 περὶ
1417 1446 1464 1473 τοῦ
1485 1446 1629 1481 λιμνίσκου
1644 1446 1691 1473 καὶ
1715 1445 1864 1482 ὑπολιμνίο

1068 1503 1132 1521 σκου
1148 1494 1300 1529 διηγητέον.
1310 1492 1460 1528 Λιμνισκον
1470 1491 1535 1527 γοῦν
1549 1492 1595 1518 τὸν
1607 1491 1680 1519 οὕτω
1687 1492 1864 1528 γραφόμενον

1066 1539 1104 1571 ὡς
1115 1539 1171 1574 ἔχει
1181 1539 1212 1565 τὸ
1221 1539 1401 1574 προκειμενον
1418 1540 1517 1572 —+—-—
1537 1538 1649 1574 σημεῖόν
1663 1538 1732 1570 ὲστι,
1743 1537 1863 1574 γραμμὴ

225 1585 327 1615 puncta
342 1599 351 1613 ,
367 1589 485 1617 quorum
501 1582 618 1610 alterum
633 1589 729 1617 supra,
745 1582 860 1609 alterum
877 1582 948 1610 infra
962 1583 1016 1610 col-

1069 1586 1128 1620 μια,
1159 1585 1379 1621 μεσολαϐουμένη
1405 1585 1458 1612 ὑπὸ
1484 1585 1663 1621 κεντημάτων
1685 1584 1744 1615 δύο,
1773 1584 1864 1610 εῐτουν

226 1626 344 1659 locatur,
362 1627 534 1663 intcrjectus,
549 1627 576 1655 id
590 1627 664 1663 quod
684 1635 699 1654 a
719 1627 843 1661 medicis,
860 1635 892 1655 ac
907 1629 1016 1656 chirur-

223 1671 286 1706 gica
300 1672 445 1700 vultterum
470 1673 614 1701 curatione
629 1674 793 1701 translatum
809 1678 929 1709 putatur,
953 1682 1015 1702 cum

224 1718 343 1753 simplici
360 1719 487 1754 utrinque
505 1719 627 1747 sectione
645 1719 738 1751 ducta,
756 1720 907 1755 intercepta
919 1728 1017 1756 corpo-

224 1764 262 1792 ris
275 1764 353 1800 165
367 1772 430 1799 pars
442 1765 512 1792 obeli
527 1765 640 1801 ﬁguram
652 1766 751 1799 relert;
769 1771 824 1793 tum
838 1772 1015 1801 eoncerptum

223 1808 397 1836 linimcntum
413 1810 441 1837 in
464 1814 574 1838 tenuem
598 1815 626 1839 et
648 1811 794 1847 oblongant
816 1811 931 1839 formam
957 1819 1018 1847 pro-

222 1854 336 1881 ductum
357 1863 406 1890 per
430 1860 577 1892 utramque
598 1857 749 1884 sectionem
769 1857 916 1892 trajicitur.
936 1857 1016 1884 Letu-

223 1902 318 1928 uiscus
330 1902 402 1935 enim
418 1902 492 1929 istud
507 1910 523 1933 a
535 1903 651 1931 medicis
666 1903 799 1938 appellari
812 1904 881 1931 solet
891 1911 906 1931 a
922 1903 1016 1931 Graeca

222 1954 290 1980 vgce
300 1947 459 1983 λιμνάζειν,
476 1948 548 1984 quod
565 1949 592 1976 in
607 1949 765 1976 humectum
782 1949 872 1976 locum
888 1950 1017 1977 linimcn-

223 1996 281 2026 tum
296 1993 364 2020 illud
386 1993 502 2020 inditum
518 1994 643 2026 humoris
665 1994 746 2029 copia
760 1994 906 2022 redundet.
927 1994 1015 2028 Quam

222 2039 258 2065 ub
274 2046 386 2066 causam
411 2039 498 2074 sacris
524 2039 667 2067 codicibus
690 2047 751 2067 eam
775 2043 869 2067 notam
887 2040 1017 2074 ascripsit

222 2084 375 2120 Origenes:
391 2088 421 2112 ut
434 2085 541 2120 quoties
554 2084 583 2111 in
592 2083 877 2118 Lxxlllnterpretum
895 2085 1017 2114 editione

222 2129 427 2165 discrepantem
443 2130 563 2165 aliquam
575 2137 684 2162 vocem,
701 2130 774 2165 quod
791 2137 855 2158 raro
875 2131 1015 2164 usuvenit,

223 2175 372 2210 repercris.
389 2182 451 2209 quae
464 2175 499 2201 ad
517 2175 674 2209 superiores
689 2183 743 2203 non
758 2174 907 2208 adhaereat,
926 2183 1016 2211 neque

1068 1630 1200 1666 στιγμῶν,
1223 1631 1288 1665 μιᾶς
1305 1630 1355 1665 μὲν
1373 1631 1467 1657 ἐπάνω
1482 1630 1578 1665 οὔσης,
1594 1630 1645 1665 τῆς
1658 1630 1686 1657 δὲ
1701 1629 1787 1665 ἄλλης
1800 1630 1865 1656 ὑπαι

1066 1675 1151 1707 κάτω,
1169 1676 1245 1710 παρὰ
1258 1676 1360 1711 ἰατροῖς
1374 1676 1573 1710 φυσιολογικῶς
1588 1675 1722 1711 εὑρῆσθαί
1735 1683 1804 1709 φασι
1816 1675 1865 1703 καὶ

1066 1720 1236 1756 ὠνομάσθαι,
1249 1721 1303 1747 ἀπὸ
1318 1721 1368 1756 τῆς
1384 1721 1455 1748 κατὰ
1467 1721 1497 1748 τὸ
1518 1721 1598 1756 σῶμα.
1613 1721 1802 1756 χειρουργίας,
1817 1720 1865 1747 δύο

1069 1765 1118 1800 μὲν
1135 1765 1227 1792 ἁπλῶν
1238 1765 1330 1801 τομῶν
1346 1766 1554 1802 διαιρουμένων,
1570 1766 1659 1792 εῖτουν
1674 1765 1863 1800 τεμνομένων,

1069 1812 1151 1847 μέσον
1167 1812 1195 1838 δὲ
1217 1811 1271 1838 τῶν
1292 1812 1339 1838 δύο
1361 1812 1495 1848 αἱρέσεων
1509 1813 1519 1828 ²
1533 1811 1580 1838 τοῦ
1603 1811 1756 1846 τμηθέντος
1778 1811 1863 1837 τόπου

1066 1857 1178 1888 διαστὰς
1194 1857 1204 1872 ³
1219 1858 1284 1892 παρ’
1299 1857 1432 1893 ἑκατέρας
1451 1858 1546 1889 ἁπλῶς
1561 1858 1572 1873 ⁸
1586 1857 1633 1884 δύο
1651 1856 1750 1894 τομὰς,
1767 1855 1863 1882 ὀϐελοῢ

1068 1903 1160 1939 σχῆμα
1174 1902 1221 1930 τοῦ
1245 1903 1371 1938 σώματος
1392 1903 1587 1935 ἀποτελοῦντος
1600 1903 1639 1935 δὲ,
1659 1903 1673 1929 ὅ
1691 1902 1751 1930 ἐστι
1771 1901 1864 1930 λινοιῖν

1067 1950 1162 1986 ῥάκος,
1178 1951 1217 1982 εἰς
1232 1949 1330 1976 λεπτὸν
1351 1950 1398 1976 καὶ
1414 1950 1519 1985 μακρὸν
1535 1949 1629 1985 σχῆμα
1642 1947 1863 1983 ἀποτμηθέντος,

1066 1994 1270 2030 ἐμϐαλλομένου
1287 1993 1340 2020 ἀπὸ
1354 1994 1402 2029 τῆς
1424 1994 1490 2029 μιᾶς
1506 1992 1666 2028 διαιρέσεως
1684 1991 1733 2018 καὶ
1755 1991 1796 2022 είς
1813 1990 1864 2025 τὴν

1067 2041 1150 2076 ἄλλην
1177 2040 1372 2076 διαπερῶντος.
1387 2039 1536 2074 Λιμνίσκος
1552 2039 1598 2066 ὑπ’
1622 2037 1714 2065 αὐτῶν
1739 2037 1794 2064 τῶν
1822 2038 1866 2066 ία-

1065 2086 1139 2123 τρῶν
1153 2086 1209 2122 (59)
1224 2086 1315 2117 καλῶς
1325 2085 1436 2121 ὲκλήοη,
1449 2085 1492 2112 διὰ
1501 2085 1532 2111 τὸ
1542 2084 1684 2119 λιμνάζειν
1696 2082 1865 2118 κλυζόμενον

1065 2132 1112 2159 τὸν
1125 2131 1206 2168 μοτὺν
1221 2133 1250 2158 ὲν
1261 2133 1317 2163 τοῖς
1330 2132 1414 2159 τόπου
1430 2132 1525 2167 ὑγροῖς
1534 2139 1540 2146 ·
1554 2131 1594 2157 διὸ
1612 2131 1659 2157 καὶ
1672 2129 1753 2156 τοῦτο
1768 2129 1801 2156 τὸ
1815 2128 1864 2156 τοῦ

1068 2177 1183 2213 σημείου
1201 2177 1295 2212 σχῆμα
1310 2177 1366 2208 τοῖς
1384 2176 1467 2207 θείοις
1491 2175 1582 2213 λόγοις
1602 2174 1749 2210 παρέθετο,
1767 2173 1801 2200 ἵν’
1818 2174 1864 2200 ὅτε

222 2220 361 2248 similibus
377 2220 526 2255 conjuncta
548 2221 594 2253 sit,
612 2229 645 2253 ex
664 2221 771 2249 duobus
787 2222 897 2257 punctis
913 2221 1015 2249 intelli-

1069 2222 1189 2254 σπανίως
1206 2231 1256 2248 που
1272 2222 1362 2258 εὕροις
1380 2222 1409 2249 ὲν
1423 2223 1456 2257 τῇ
1477 2221 1531 2248 τῶν
1552 2219 1804 2256 Ἑϐδομηκονταδύο
1816 2219 1860 2255 έρ-

222 2273 272 2300 gas
288 2273 372 2293 unum
387 2266 538 2295 alterumve
552 2274 602 2302 par
622 2267 803 2302 interpretum
819 2275 914 2294 vocem
940 2267 1014 2294 illam

222 2311 251 2339 in
263 2318 314 2339 sua
327 2311 553 2347 interpretatione
572 2313 708 2348 posuisse.
719 2312 787 2346 Quae
798 2312 908 2347 quidem
922 2313 1014 2344 ambo,

221 2357 265 2385 vel
280 2357 382 2385 similia
403 2359 590 2387 nominantur.
608 2358 660 2386 Sed
675 2362 705 2391 u_t
721 2366 768 2390 res
783 2362 839 2386 tota
856 2358 963 2392 planior
979 2358 1016 2385 sit

222 2411 256 2431 ac
279 2403 397 2436 facilior,
427 2405 523 2440 paucis
543 2404 578 2432 de
603 2411 637 2437 ea,
653 2403 796 2438 disputare
820 2411 875 2435 non
899 2403 1013 2438 pigebit.

221 2449 290 2477 Cum
313 2450 397 2486 igitur
418 2450 446 2478 in
468 2458 522 2478 ux
540 2450 646 2485 psalmo
663 2448 781 2484 legeris:
807 2448 844 2481 0,3
861 2457 947 2476 meum
963 2457 1015 2476 an-

221 2496 352 2525 nuntiabit
361 2497 498 2531 Justitiam
514 2500 604 2527 luant;
620 2495 789 2522 annuntiabit
804 2495 928 2529 justiﬁes
942 2499 1014 2530 tuas;

222 2543 288 2570 item
300 2542 328 2570 in
343 2549 405 2569 Lm
417 2550 424 2570 ι
434 2540 468 2574 Et
479 2541 634 2569 honorabile
646 2548 741 2571 nomen
754 2541 829 2576 illius
841 2549 933 2571 coram
944 2542 1013 2577 ipso,

1070 2267 1169 2304 μηνείᾳ
1191 2268 1380 2302 διαφωνοῦσαν
1396 2267 1480 2300 λέξιν,
1505 2267 1536 2294 οὺ
1555 2267 1609 2302 μὴν
1632 2266 1785 2302 παροῦσαν,
1802 2266 1864 2292 οὐδὲ

1069 2314 1309 2349 προσ-τεταγμένην
1324 2315 1334 2330 ⁸
1347 2315 1408 2346 ταῖς
1430 2313 1538 2349 ὁμοίαις
1559 2313 1629 2349 αὐτῇ
1653 2312 1752 2345 λέξεσι,
1768 2313 1862 2346 γνοὺς,

1068 2359 1109 2386 δτι
1121 2359 1174 2386 ὑπὸ
1188 2360 1253 2395 μιᾶς
1270 2359 1385 2395 ζυγῆςῆ
1407 2359 1454 2386 δύο
1476 2359 1546 2393 αὕτη
1560 2358 1721 2394 ήρμηνεύοη
1743 2359 1759 2393 ἡ
1776 2358 1862 2391 λέξις,

1066 2404 1111 2432 διὰ
1135 2405 1172 2432 τὰ
1197 2406 1387 2441 παρακείμενα
1409 2406 1456 2432 δύο
1479 2406 1652 2440 κεντήματα·
1680 2404 1806 2431 καλεῖται
1833 2405 1861 2431 δὲ

1066 2450 1153 2478 ταῦτα
1166 2451 1201 2478 τὰ
1213 2452 1415 2487 συναμφότερα,
1432 2451 1559 2487 ἢ.ὅμοια.
1578 2451 1636 2477 Ἶνα
1652 2450 1681 2477 δὲ
1697 2450 1778 2477 τοῦτο
1790 2450 1862 2478 λεῖόν

1068 2501 1110 2525 σοι
1130 2497 1173 2533 εἴη
1195 2498 1242 2525 καὶ
1259 2498 1483 2534 εὐπερίδρακτον,
1506 2498 1554 2525 καὶ
1580 2498 1645 2533 περὶ
1671 2497 1749 2524 τοῦτο
1764 2497 1775 2513 ⁸
1795 2497 1862 2532 ὲρῶ.

1069 2543 1155 2572 Ὅταν
1171 2542 1266 2580 εὕρῃς,
1281 2543 1320 2575 ὡς
1334 2544 1362 2570 ἐν
1377 2542 1570 2579 ἑϐδομηκοστῷ
1581 2542 1682 2578 ψαλμῷ
1698 2542 1862 2578 ἐμφέρεται·

264 2620 320 2663 ’ΛΚ
332 2620 445 2663 κειμένη
457 2620 710 2663 ριηὰναιξερομένη.
749 2623 760 2638 ¹
789 2620 819 2648 F.
835 2621 1005 2659 διαιρέσεων.

1069 2622 1108 2657 5ιᾲ
1129 2622 1179 2663 τὰς
1211 2631 1261 2659 pro
1271 2623 1391 2658 διαστὰς.
1430 2623 1442 2639 ⁸
1463 2622 1531 2660 Reg.
1555 2622 1654 2655 ἁπλᾶς.
1690 2622 1700 2638 ³
1724 2621 1791 2658 Reg.
1815 2631 1864 2650 πε-

222 2655 419 2693 ριτεθειμένην.
440 2655 468 2672 ⁷⁸
487 2655 518 2684 F.
534 2655 641 2684 τούτου.

258 2732 314 2771 (59)
347 2734 511 2771 Agar-[177509
535 2733 591 2769 γὰρ
611 2735 662 2771 ὑπξ
688 2734 788 2766 αὐτῶν
812 2735 872 2762 τῶν
894 2736 1011 2771 ιατρῶκ.

221 2767 402 2810 Λημγίσκονο
410 2767 660 2810 medicisusurpari
667 2777 718 2810 pro
727 2767 1011 2810 linamentooblo'ngo.

222 2803 296 2840 quoii
310 2804 471 2840 qvulneribus
487 2803 790 2835 iuditurfnotissimum
803 2810 855 2834 est.
876 2807 929 2833 Sed
946 2803 1011 2839 non,

222 2838 441 2876 tit-Epiphanius
453 2840 601 2872 existimat,
621 2848 668 2875 per
684 2841 749 2873 iota,
766 2841 812 2867 sed
827 2849 874 2876 per
889 2846 932 2868 eta
948 2842 1013 2868 scri-

220 2873 340 2902 bendum
356 2878 407 2903 est.
425 2875 515 2908 Quare
538 2883 591 2904 non
612 2873 709 2911 probat
729 2873 914 2912 grammaticis
927 2877 1010 2912 origi-

1066 2736 1204 2767 nationem
1216 2735 1311 2771 jllam,
1328 2739 1358 2763 ut
1375 2735 1450 2771 παρὰ
1475 2735 1506 2762 τὸ
1527 2734 1714 2771 λημνάζεσοαι
1739 2733 1859 2762 dicatur.

1067 2771 1113 2799 Est
1126 2772 1197 2798 enim
1212 2769 1385 2806 Syracusatm
1399 2769 1462 2799 vi“.
1482 2779 1543 2805 qua:
1555 2769 1613 2806 ’τᾲς
1630 2769 1726 2806 στενᾲς
1741 2770 1858 2806 ταινίας,

1066 2807 1192 2841 oblongas
1221 2804 1347 2841 fasciolas
1363 2804 1510 2841 signiﬁcat,
1533 2805 1571 2832 ait
1592 2805 1755 2841 Hesychius.
1782 2804 1859 2833 Uth:

1067 2847 1128 2868 uota
1142 2835 1199 2873 illa,
1218 2835 1278 2875 quae
1295 2835 1418 2876 longurio
1431 2849 1493 2867 cum
1504 2835 1616 2868 'duobus
1633 2835 1742 2875 p'unctis
1758 2847 1858 2875 appen-

1066 2877 1173 2905 dicibus
1190 2877 1343 2910 constabat,
1358 2877 1506 2912 λημνίςκος
1521 2876 1682 2911 appellatur.
