1939 3039
60 147 113 173 255

541 148 645 176 LIBER
665 149 710 177 DE
731 149 910 179 ιιεΝδυιιιε
926 151 969 178 ET
986 151 1216 181 PONDERIBUS.

1640 156 1696 184 254

62 204 210 235 σκευάσας.
222 205 269 231 καὶ
280 204 382 239 πλῆθος
394 204 555 240 συναγαγὼν
569 205 680 240 βιϐλίων
695 207 724 240 ἐξ
736 206 854 234 ἑκάστου
870 223 875 238 Α

929 208 1044 244 agitans,
1060 209 1201 245 ingentem
1218 209 1350 237 librorum
1367 209 1421 237 vim
1438 218 1471 238 ex
1489 211 1563 239 omni
1585 211 1698 247 regione

60 251 164 282 ἔθνους,
185 251 215 276 ὲν
239 250 308 286 αὐτῇ
328 250 482 286 ἀπεθέμην.
521 250 654 284 ’Δκούσας
680 251 709 278 δὲ
736 253 773 284 ὡς
788 254 854 288 παρ’

59 293 126 333 ὑμῖν
145 296 312 332 ὲμφέρονται
328 296 413 331 βίϐλοι
429 298 580 333 προφητῶν
602 298 667 333 περὶ
684 298 752 325 Θεοῦ
763 307 794 325 τε
807 298 856 326 καὶ

59 342 241 377 κοσμοποιίας
254 341 393 377 δηλοῦσαι,
412 343 460 369 καὶ
473 342 576 375 ταύτας
598 345 659 375 ταῖς
673 344 767 375 ἄλλαις
779 344 857 378 ἀφιε-

59 386 148 423 ρῶσαι
156 387 439 424 Ξπιθυμῶν,γέγραφα
451 388 526 420 ὅπως
540 388 641 421 ταύτας
652 390 718 425 ἡμῖν
729 389 856 417 ἀποστεί-

58 433 137 469 λητε.
155 433 218 460 Ὀτι
231 432 286 469 γὰρ
299 434 382 469 τιμῆς
398 433 501 466 ἕνεκεν,
516 434 563 461 καὶ
578 435 609 461 οὺ
629 435 791 471 περιεργίας
809 435 857 471 χά-

60 487 116 514 ριν,
133 477 195 505 οὔτε
212 479 368 511 κακονοίας,
379 478 429 514 τῆς
445 479 574 515 τοιαύτης
587 480 678 512 αίτίας
690 481 748 515 εἰμὶ
763 480 859 507 ἐπιθυ-

61 525 163 559 μητὴς,
172 524 241 551 ἀλλά
252 523 370 557 πίστεως
384 524 465 551 ἕνεκα
479 525 586 560 καὶτῆς
604 527 668 562 ’περῖ¹
684 527 755 562 ὑμᾶς
765 527 860 561 φιλίας,

59 570 111 605 τὴν
126 569 229 596 τούτων
243 570 350 605 αἴτησιν
363 570 505 606 ποιοῦμαι,
520 571 554 598 ἐκ
568 571 618 606 τῆς
633 571 679 606 ὑφ’
697 573 776 607 ἡμῶν
793 572 859 607 περὶ

62 615 137 650 ὑμᾶς
166 615 316 652 γενομένης
341 616 469 648 εὐνοίας,
494 617 715 652 ἀναμνησθέντες
740 618 856 645 εἴσεσθε.

61 659 216 696 Μέμνησθέ
229 669 293 692 που,
308 661 346 693 ὡς
361 661 542 697 αἰχμαλώτων
558 662 664 689 πολλῶν
677 662 710 689 ὲκ
725 663 775 698 τῆς
790 662 859 698 ὑμε-

60 706 147 741 τέρας
173 705 303 741 πατρίδος
325 706 493 742 ληφθέντων,
517 708 565 734 καὶ
585 707 626 740 εἰς
648 707 785 742 Αιγυπτον
810 707 860 743 τὴν

61 751 204 787 ἡμετέραν
223 752 342 787 πατρίδα.
361 752 508 788 ἀχθέντων,
526 753 626 788 ἀνῆκα,
644 753 692 780 καὶ
714 754 772 789 μετ’
796 754 860 788 ἐφο-

62 797 129 825 δίων
147 797 264 832 πολλῶν,
291 798 338 825 καὶ
355 798 502 833 θεραπείας
517 799 548 825 οὐ
566 800 616 834 τῆς
640 799 785 835 τυχούσης,
799 799 860 826 ἐπι-

65 842 256 878 μελησάμενος
268 843 368 876 αὐτῶν,
382 843 540 880 ἐλευθέρους
552 844 714 879 ἀπέπεμψα,
730 844 798 871 ἀλλά
810 843 859 870 καὶ

910 253 1055 281 conﬂatam
1079 254 1106 281 in
1129 261 1190 282 eam
1216 255 1330 282 contuli.
1356 255 1446 288 Quare
1469 264 1531 284 eum
1555 258 1624 292 apud
1646 265 1696 285 vos

912 299 1106 335 prophetarum
1121 300 1256 334 quosdam
1275 300 1362 328 libros
1383 306 1490 329 exstare
1505 304 1693 337 compererint,

909 343 958 378 qui
973 343 1007 372 de
1021 342 1075 371 Deo
1101 351 1134 371 ac
1149 344 1244 371 mundi
1259 344 1438 373 fabricatione
1451 347 1545 381 scripti
1559 351 1632 377 sunt.
1645 347 1694 374 hos

909 397 962 425 ego
985 397 1047 417 cum
1071 390 1133 418 aliis
1157 398 1320 418 consecrare
1341 398 1506 426 magnopere
1526 393 1616 426 cupio.
1630 392 1696 426 Quae

910 434 978 462 mihi
992 434 1026 462 ad
1038 442 1086 462 vos
1101 435 1240 463 scribendi
1259 442 1343 463 causa
1360 435 1422 468 fuit,
1435 439 1464 462 ut
1476 436 1537 464 illos
1552 437 1586 464 ad
1605 445 1647 464 me
1662 438 1695 464 li-

911 478 979 506 bros
994 479 1101 507 mittere
1114 479 1216 507 velitis.
1231 478 1300 506 Nam
1315 479 1388 514 quod
1405 487 1455 515 ego
1470 488 1523 508 non
1539 481 1699 510 curiositate

911 524 1023 557 ductus,
1043 532 1134 560 neque
1154 525 1227 552 malo
1249 525 1352 558 animo,
1372 526 1421 554 sed
1442 526 1554 554 honoris
1578 527 1632 555 illis
1651 528 1701 555 ba-

911 569 994 597 bendi
1009 569 1111 603 studio,
1132 578 1164 597 ac
1184 578 1234 606 pro
1248 579 1308 599 mea
1323 579 1387 606 erga
1407 580 1457 600 vos
1472 573 1570 601 ﬁducia
1585 578 1613 602 et
1631 568 1700 602 ami-

912 614 978 642 citia
995 614 1030 642 ad
1044 622 1076 642 ea
1100 615 1263 650 postulanda
1274 616 1476 650 descenderim,
1487 625 1519 645 ex
1534 626 1594 647 mea
1609 619 1636 645 in
1651 627 1701 647 vos

913 660 1103 688 benevolentia
1129 661 1153 688 si
1173 661 1312 689 recordari
1337 662 1490 695 volueritis,
1515 664 1700 698 conjecturam

913 705 1004 733 facere
1022 706 1146 741 potestis.
1164 706 1326 738 Meministis
1336 707 1422 740 enim,
1438 708 1548 743 opinor,
1562 709 1636 737 cives
1651 718 1699 738 ve-

915 755 989 779 stros
1007 758 1039 778 ac
1060 752 1208 787 populares
1224 752 1453 787 quamplurimos,
1470 754 1517 789 qui
1532 754 1605 782 bello
1616 754 1701 790 capti.

913 801 940 824 et
959 797 988 824 in
1004 796 1170 832 Egyplum,
1190 797 1262 825 hanc
1281 802 1403 826 nostram
1424 800 1550 834 patriam,
1568 800 1703 835 deportati

917 842 1037 874 fuerant,
1053 850 1108 870 non
1123 843 1257 871 liberasse
1271 845 1354 871 modo
1370 851 1423 876 me,
1437 844 1485 872 sed
1504 849 1532 872 et
1548 845 1647 873 viatico
1662 847 1704 874 in-

63 889 129 921 τοίις
146 889 176 915 ὲν
192 889 285 921 αὐτοῖς
308 889 526 925 πεπληγμένους,
543 890 688 925 ἰασάμενος
700 890 800 925 ἀνῆκα,
817 889 865 916 καὶ

929 891 1038 916 tructos
1052 895 1084 915 ac
1100 888 1305 923 perhumaniter
1315 888 1422 917 habitos
1434 897 1496 916 cum
1511 890 1585 917 omni
1601 890 1704 918 otlicio-

64 931 127 962 τοὺς
139 932 260 967 γυμνοὺς
280 932 408 959 ὲνέδυσα·
425 933 473 959 καὶ
492 932 538 960 νῦν
557 933 587 960 δὲ
600 933 741 969 τράπεζαν
758 935 862 970 χρυσῆν

67 977 138 1011 μετὰ
150 977 383 1013 πολυτελεστάτης
396 977 485 1010 λιθίας
496 979 720 1014 κεκοσμημένην,
738 979 769 1011 ἐξ
781 979 864 1015 ὁλκῆς

65 1022 207 1049 ταλάντων
228 1026 264 1057 φ’,
284 1023 345 1050 ἀντὶ
360 1024 409 1059 τῆς
424 1024 563 1060 τραπέζης
581 1025 629 1060 τῆς
645 1025 794 1061 ληφθείσης
810 1026 865 1052 ἀπὸ

65 1068 114 1094 τοῦ
129 1069 209 1103 ἁγίου
229 1069 311 1095 τόπου
332 1069 524 1105 Ἱεροσολύμων
547 1070 710 1102 ἀπέστειλα,
732 1071 801 1106 μετὰ
818 1072 865 1098 καὶ

66 1112 174 1149 δώρων,
189 1114 234 1140 καὶ
248 1114 396 1149 κειμηλίων
411 1115 450 1150 τῷ
466 1115 530 1151 ίερῷ
543 1115 629 1151 τόπῳ.
651 1116 760 1143 Τούτων
775 1117 865 1143 τοίνυν

67 1159 120 1194 τὴν
131 1159 256 1195 διήγησιν
270 1160 453 1196 ἐποιησάμην,
474 1161 549 1192 ὅπως
565 1162 664 1196 γνῶτε,
680 1163 721 1189 ὅτι
739 1162 808 1198 ὑπὲρ
823 1163 867 1189 εὑ-

70 1203 122 1240 χῆς
137 1205 185 1232 καὶ
196 1205 338 1238 εὐσεϐείας
350 1206 400 1238 τας
417 1206 524 1241 βίϐλους
541 1207 619 1234 αἰτῶ.

108 1341 166 1368 Καὶ
185 1341 202 1376 ἡ
221 1340 270 1376 μὲν
291 1341 420 1377 ἐπιστολὴ
438 1342 588 1377 ἀπεστάλη,
617 1343 664 1370 καὶ
681 1343 716 1370 τὰ
734 1343 868 1370 ἀπεσταλ-

72 1386 145 1424 μένα
154 1386 237 1422 διῖιρα.
249 1387 332 1413 Αὐτοὶ
341 1387 369 1414 δὲ
379 1387 519 1423 δεξάμενοι
528 1388 576 1415 καὶ
587 1388 636 1423 τὴν
647 1388 792 1424 ἐπιστολὴν
801 1389 866 1424 (47),

71 1432 122 1460 καὶ
135 1431 171 1459 τὰ
185 1431 259 1467 δῶρα
274 1432 411 1467 ἀσμένως,
428 1433 472 1460 διὰ
489 1434 575 1468 χαρᾶς
588 1433 669 1469 ἔσχον
684 1434 798 1469 σψόδρα.
815 1435 871 1462 Καὶ⁴

71 1479 208 1515 ἀμελητὶ¹
224 1478 348 1514 χρυσέοις
360 1479 522 1514 γράμμασιν
536 1478 689 1514 Ἑϐραϊκοῖς
701 1479 751 1512 τὰς
764 1479 871 1515 βίϐλους

74 1525 321 1562 μεταγμῲάμενοι
344 1525 393 1556 τὰς
417 1525 466 1561 ἠδη
489 1534 534 1560 μοι
557 1527 788 1562 προτεταγμένας,
820 1527 873 1554 ἀπ-

74 1569 213 1601 έστειλαν,
235 1569 276 1604 κβ¹
301 1569 349 1604 μὲν
374 1568 424 1601 τὰς
444 1569 624 1602 ὲνδιαθέτους,
639 1571 875 1606 ἑϐδομηκονταδύο
887 1563 908 1591 c

73 1617 106 1644 δὲ
116 1616 167 1648 τὰς
181 1615 356 1652 ἀποκρύφους
367 1615 434 1652 (48).
458 1616 487 1643 '0
502 1616 531 1643 δὲ
546 1616 673 1652 βασιλεὺς
690 1617 875 1652 κομισάμενος

75 1661 127 1688 καὶ
152 1660 282 1696 ἐντυχὼν,
314 1661 362 1687 καὶ
388 1661 425 1695 μὴ
450 1660 600 1696 δυνάμενος
632 1662 797 1696 ἀναγνῶναι,
822 1662 876 1688 τῶν

77 1706 222 1741 στοιχείων
243 1705 405 1742 Ἑϐραϊκῶν·
420 1706 597 1741 ὑπαρχόντων
621 1707 669 1734 καὶ
686 1707 818 1743 διαλέκτῳ
843 1709 876 1744 τῇ

82 1751 219 1787 Ἐϐραῖκῇ
234 1751 445 1787 γεγραμμένων,
458 1752 587 1788 δευτέραν
601 1752 745 1788 ἐπιστολὴν
758 1752 880 1787 ἀναγκά-

80 1798 160 1830 ζεται
180 1797 273 1828 αὐτοῖς
294 1796 409 1832 γράψαι,
430 1797 476 1824 καὶ
497 1798 608 1832 αἰτῆσαι
622 1797 794 1833 ἑρμηνευτάς
815 1798 879 1830 τοὺς

915 941 976 961 rum
989 941 1087 969 genere
1100 933 1201 962 liberos
1216 933 1357 962 dimisisse
1376 943 1383 961 :
1401 934 1470 962 adeo
1482 940 1511 962 ut
1525 939 1551 962 et
1566 936 1612 970 qui
1624 944 1657 963 ex
1670 935 1704 964 iis

914 980 1001 1008 saucii
1015 983 1096 1006 erant
1107 979 1252 1014 diligenter
1264 985 1401 1012 curarem,
1412 983 1439 1006 et
1450 979 1531 1007 nudis
1541 980 1704 1007 vestimenta

916 1024 1077 1052 dividerem.
1095 1023 1173 1050 Nunc
1186 1031 1297 1051 auream
1316 1023 1351 1050 ad
1371 1031 1420 1051 vos
1437 1031 1559 1051 mensam
1577 1025 1706 1059 pretiosis

916 1069 1058 1104 lapidibus
1071 1072 1209 1100 ornatam,
1228 1067 1318 1103 pondo
1333 1067 1545 1102 quingentorum
1561 1067 1703 1098 talentum,

916 1121 966 1148 pro
979 1121 1020 1146 ea,
1036 1121 1097 1148 qua:
1111 1120 1144 1140 ex
1157 1112 1403 1147 llierosolymitano
1415 1112 1515 1147 templo
1526 1112 1631 1147 direpta
1646 1111 1706 1139 fueo

918 1163 970 1191 rat,
987 1159 1022 1186 ad
1035 1166 1083 1186 vos
1097 1166 1161 1186 cum
1180 1158 1340 1186 muneribus
1355 1166 1388 1186 ae
1407 1158 1529 1185 donariis
1541 1158 1628 1191 mitto,
1644 1164 1706 1192 qua

918 1206 945 1233 in
969 1205 1070 1240 templo
1093 1209 1185 1232 vestro
1207 1205 1365 1232 consecrari
1389 1205 1481 1240 cupio.
1501 1203 1565 1231 Hinc
1579 1211 1612 1231 eo
1628 1203 1706 1232 vobis

919 1250 1044 1285 exposui,
1063 1252 1094 1276 ut
1109 1241 1152 1276 me
1165 1257 1200 1276 ex
1218 1249 1273 1276 voti
1295 1250 1414 1284 quadam
1437 1249 1580 1284 religione,
1602 1257 1634 1276 ac
1647 1249 1706 1283 pic-

920 1296 984 1323 tatis
997 1295 1089 1323 studio
1102 1295 1186 1322 libros
1201 1294 1270 1322 istos
1280 1294 1419 1330 ﬂagitasse
1434 1295 1552 1322 sciretis.

958 1339 1005 1367 llis
1022 1340 1120 1367 litteris
1134 1347 1167 1366 ac
1193 1339 1354 1371 muneribus
1375 1339 1562 1375 Hierosolyma
1586 1339 1708 1374 perlatis,

922 1391 1069 1422 utrumque
1078 1386 1164 1414 Judaei
1175 1386 1343 1421 perjncunde
1357 1393 1390 1413 ac
1405 1386 1520 1413 libenter
1534 1390 1708 1420 acceperunt.

923 1433 985 1461 Mox
1004 1433 1065 1460 sine
1081 1433 1136 1460 ulla
1155 1432 1332 1460 cunctatione
1351 1432 1438 1459 libros
1453 1431 1525 1464 illos,
1541 1439 1610 1466 quos
1630 1432 1711 1466 paulo

923 1482 986 1512 ante
1006 1478 1231 1510 commemoravi,
1254 1477 1397 1506 Hebraicis
1420 1477 1519 1506 litteris
1536 1477 1627 1505 aureis
1646 1485 1711 1504 con-

924 1524 1043 1559 scriptos
1063 1523 1099 1551 ad
1111 1530 1203 1560 regem
1225 1523 1339 1551 mittunt
1355 1532 1363 1550 :
1378 1523 1430 1550 hoc
1445 1528 1487 1550 est
1498 1522 1602 1550 Veteris
1615 1521 1714 1550 Testa-

928 1571 1012 1598 menti
1023 1569 1118 1604 viginti
1127 1569 1208 1603 duos,
1219 1573 1246 1597 et
1268 1569 1440 1605 apocryphos
1451 1569 1622 1604 septuaginta
1632 1569 1715 1598 duos.

928 1615 1034 1654 Quibus
1049 1616 1170 1650 acceptis
1189 1615 1352 1643 Ptolemaeus
1375 1623 1436 1643 cum
1452 1615 1584 1642 Uebraice
1598 1617 1717 1650 scriptos

928 1661 1038 1688 codices
1053 1661 1143 1696 legere
1159 1668 1214 1688 non
1230 1664 1335 1695 posset,
1357 1659 1479 1688 secundo
1490 1659 1524 1686 ad
1539 1667 1588 1687 eos
1597 1659 1718 1687 scribere

929 1710 1042 1734 coactus
1063 1709 1117 1742 est,
1139 1710 1167 1734 et
1191 1706 1355 1741 interpretes
1372 1709 1473 1740 petere,
1492 1705 1538 1741 qui
1556 1713 1589 1732 ex
1606 1704 1718 1732 Hebraeo

931 1753 1016 1781 libros
1041 1753 1110 1781 istos
1135 1753 1163 1780 in
1184 1751 1311 1780 Graecum
1333 1759 1489 1779 sermonem
1517 1756 1717 1779 converterent.

933 1799 1046 1827 Summa
1056 1799 1179 1834 epistolae
1192 1799 1250 1826 hac
1265 1797 1316 1825 fuit
1333 1805 1342 1825 :

79 1843 252 1879 δυναμένους
269 1842 344 1878 αὐτῷ
359 1842 463 1879 φράσαι
478 1843 527 1876 τὰς
558 1843 666 1879 βίϐλους
696 1845 736 1876 εὶς
755 1844 805 1879 τὴν
838 1844 997 1882 Ἑλληνικὴν
1020 1846 1160 1875 διάλεκτον
1185 1845 1230 1872 διά
1253 1845 1304 1880 τῆς
1329 1844 1478 1880 Ἐϐραῑδος.
1507 1843 1633 1878 Περιεῖχε
1657 1840 1720 1874 δὲὴ

82 1889 214 1924 ἐπιστολὴ
230 1888 309 1915 τάδε·

121 1936 174 1962 lA’.
202 1935 232 1962 '0
252 1935 378 1971 βασιλεὺς
397 1935 566 1971 Πτολεμαῖος
589 1937 645 1968 τοῖς
665 1936 715 1971 τῆς
737 1937 879 1970 εὐσεϐείας

84 1981 269 2013 διδασκάλοις,
288 1982 344 2013 τοῖς
358 1982 387 2007 ὲν
406 1981 615 2017 Ἱεροσολύμοις,
633 1982 747 2013 πλεῖστα
765 1983 881 2018 χαίρειν.

123 2026 268 2062 Θησαυροῧ
275 2027 476 2063 κεκρυμμένου,
488 2028 534 2054 καὶ
543 2028 634 2063 πηγῆς
645 2028 882 2065 ὲσφραγισμένης,

85 2073 132 2106 τίς
145 2072 264 2108 ὠφέλεια
279 2073 308 2100 ὲν
324 2073 509 2109 ἀμφοτέροιςς
532 2073 612 2101 Οὕτω
631 2074 679 2101 καὶ
693 2075 710 2110 ἡ
729 2074 794 2110 παρ’
807 2074 884 2110 ὑμῶν

123 2153 133 2168 ¹
146 2152 211 2187 Leg.
224 2152 366 2188 ἀμελλητὶ.

971 1937 1020 1965 XI.
1033 1936 1196 1966 Ptolemaeus
1209 1935 1377 1971 rexpietatis
1396 1935 1546 1970 magistris,
1562 1935 1608 1970 qui
1624 1934 1718 1962 Hiero-

936 1983 1049 2018 solymis
1069 1982 1204 2009 habitant.

975 2029 1056 2064 168
1075 2028 1181 2056 Occulti
1197 2028 1330 2060 thesauri,
1346 2033 1373 2056 et
1389 2028 1527 2064 obsignati
1551 2027 1636 2055 fontis
1651 2034 1728 2062 qua:-

938 2083 1001 2102 nam
1012 2082 1075 2103 esse
1085 2078 1176 2110 potest
1187 2074 1309 2102 utilitas?
1322 2073 1379 2102 lloc
1391 2081 1441 2110 ego
1456 2074 1490 2102 de
1499 2074 1543 2101 his
1553 2073 1641 2106 libris,
1656 2080 1729 2108 quos

131 2230 190 2267 (47)
207 2231 302 2267 ,Αὐτοὶ
323 2231 540 2267 ὃιῌῖεξιίμε-ιωιΔ
554 2231 602 2267 καὶ
626 2230 685 2267 τὴν
708 2228 875 2267 ἐπιέγτολήν

942 2229 1044 2267 Cra-ca!
1071 2227 1260 2267 translationis
1275 2227 1415 2267 invidiam
1436 2226 1665 2267 J'osrpliiusaaeulo
1685 2233 1725 2254 rc-

92 2265 289 2293 Gratissimam
304 2265 436 2293 accidisse
448 2265 570 2301 pontiﬁci
582 2265 738 2301 .Iudaeisqtte
752 2265 889 2301 Ptolemaei

95 2301 312 2336 postulationem
328 2308 389 2327 cum
407 2299 504 2336 reliqui
517 2308 623 2333 omnes,
642 2299 702 2327 tuni
706 2299 792 2336 Philo
808 2304 835 2328 et
847 2300 890 2327 Jo«

95 2335 215 2370 sepltus,
230 2335 315 2363 Judaei
335 2335 397 2370 ipsi,
425 2335 570 2363 testantur.
587 2335 622 2362 At
639 2335 762 2370 Scaliger
781 2335 807 2362 in
823 2335 891 2362 Ani-

97 2369 174 2397 mod.
189 2375 217 2398 et
242 2371 269 2398 in
286 2369 391 2405 laagbg.
406 2379 467 2397 can.
491 2370 601 2401 falsum,
625 2375 651 2398 et
673 2369 889 2402 commentitium

98 2406 174 2440 istud
189 2413 252 2433 esse
266 2404 351 2440 putat,
365 2404 397 2431 ac
412 2409 517 2432 tantum
532 2404 638 2440 abesse,
655 2409 684 2431 ut
698 2412 730 2432 ea
746 2413 888 2432 sacrarum

98 2439 273 2468 Litterarum
296 2441 486 2474 interpretatio
510 2439 643 2474 voluptati
669 2441 722 2468 illis
744 2439 841 2471 fuerit,
859 2444 890 2466 ut

99 2479 250 2510 propterea
281 2476 404 2502 solemne
415 2475 549 2510 jejunium
560 2475 712 2510 ideeretum
733 2475 769 2502 sit
785 2474 888 2502 'l'ebeth

99 2509 164 2546 vin;
179 2515 209 2538 ut
223 2518 256 2538 ex
269 2509 435 2538 Kalcndario
448 2511 542 2546 liquet.
558 2509 704 2546 Fuitenim
719 2518 753 2537 ex
768 2510 891 2546 iligprae-

100 2544 185 2579 cipue
199 2549 322 2580 tenipore
342 2544 590 2580 perpetuuiniinter
614 2544 741 2572 llebrzeos
758 2549 784 2572 et
802 2544 891 2580 Helle-

101 2580 193 2607 nistas
212 2579 322 2608 Iudaeos
336 2579 490 2608 dissidium.
504 2579 557 2607 Sed
571 2580 622 2607 hac
633 2581 659 2607 in
676 2587 715 2612 re,
731 2580 769 2607 uti
784 2579 891 2608 caeteris

103 2614 164 2643 fere
185 2615 324 2647 omnibus,
348 2615 482 2650 judicium
501 2615 528 2642 in
548 2615 698 2650 Scaligcro,
718 2621 750 2641 ac
773 2614 892 2649 pruden-

103 2649 172 2677 tiam
189 2651 309 2691 requiro.
325 2649 392 2691 Quis
410 2651 487 2691 enirn
504 2649 659 2678 Judmoru'm
674 2657 789 2691 arcanos
813 2650 891 2681 ritus,

103 2691 139 2720 ac
155 2685 270 2714 consilia
299 2686 397 2713 melius
416 2685 502 2717 norit.
522 2690 569 2712 aut
591 2693 673 2713 nosse
696 2685 794 2720 potuit,
811 2691 892 2720 quam

104 2718 254 2756 gosephus,
269 2720 420 2748 Hebraismi
436 2721 529 2756 utique
541 2728 595 2748 non
611 2718 851 2756 imperitus,un
866 2719 893 2745 in

106 2754 223 2783 Philone
239 2755 360 2791 Scaliger
375 2754 494 2790 excipit?
507 2756 559 2789 Qui
573 2754 657 2788 idem,
671 2754 744 2791 quod
758 2754 892 2791 Aristeas,

107 2791 230 2824 prodidit
266 2788 397 2819 Eleazaro
426 2788 547 2825 pontiﬁci
569 2788 810 2825 iucundissimum
826 2788 894 2816 illud

108 2825 212 2861 (uisse:
234 2834 320 2861 neque
334 2826 372 2861 de
386 2824 541 2854 Judazorum
565 2824 894 2861 olTensionementionem

108 2857 178 2888 facit
205 2857 298 2888 ullam.
323 2860 390 2894 Quis
413 2861 495 2896 igitur
520 2869 574 2888 non
603 2860 685 2893 videt,
712 2860 783 2887 hanc
807 2859 894 2894 ipsam

942 2264 1092 2292 centiurem
1104 2262 1253 2291 exstitisse.
1271 2262 1340 2290 Cum
1353 2262 1426 2290 enim
1440 2261 1526 2289 Judaei
1542 2262 1730 2290 Christianum

940 2307 1040 2326 nomen
1058 2298 1188 2333 paulatim
1205 2298 1318 2325 excitari
1340 2302 1495 2333 cernerent,
1510 2305 1595 2332 seque
1607 2298 1641 2324 ab
1649 2296 1724 2324 Chri-

925 2335 1025 2362 stianis
1045 2331 1104 2372 suis
1120 2333 1187 2372 ipsis
1208 2332 1317 2372 litteris,
1331 2339 1401 2372 quas
1416 2331 1510 2372 Graece
1525 2331 1645 2366 legerent
1667 2339 1729 2358 ont-

941 2377 1001 2400 nes,
1017 2369 1143 2396 convinci
1166 2376 1198 2395 ac
1222 2368 1364 2402 redargui;
1383 2375 1453 2401 aegre
1468 2368 1586 2402 primum
1605 2374 1725 2393 continue

941 2404 1050 2431 nionem
1065 2404 1138 2430 illaut
1150 2403 1221 2431 ferre
1238 2407 1397 2437 cciperunt;
1413 2405 1469 2428 tum
1486 2402 1597 2429 easdem
1613 2402 1731 2433 litteras,

941 2447 974 2466 ac
989 2438 1057 2466 LXX
1074 2437 1217 2466 Seniorum
1231 2437 1375 2471 editionem
1397 2444 1572 2471 corrumpere
1587 2444 1620 2463 ac
1647 2437 1731 2463 muti-

942 2474 999 2501 lare
1025 2473 1115 2501 conati
1139 2476 1202 2500 sunt
1217 2482 1223 2499 :
1240 2472 1312 2507 quod
1336 2470 1464 2500 Justinus
1491 2470 1593 2506 martyr
1616 2471 1735 2507 liialogo

944 2517 1004 2536 cum
1025 2508 1122 2544 Tryplt.
1139 2506 1348 2544 aliique’l’atres
1366 2507 1421 2544 illis
1428 2507 1608 2542 exprobrant.
1625 2506 1662 2533 Ex
1682 2507 1732 2533 illo

944 2541 1070 2579 tempore
1079 2541 1152 2570 natae
1166 2541 1231 2579 sunt
1254 2542 1370 2577 angari-at
1395 2541 1472 2579 illia,’
1487 2545 1514 2569 et
1536 2546 1643 2579 mum-1,
1661 2549 1731 2575 quas

945 2576 1119 2606 Kalendariis
1136 2578 1194 2605 suis
1210 2576 1398 2604 intexuerunt.
1413 2576 1503 2609 Quare
1516 2578 1672 2611 plumbeum
1689 2580 1735 2603 est

945 2613 1078 2650 Scaligcri
1098 2614 1193 2644 telum,
1217 2613 1288 2647 quod
1303 2620 1335 2639 ex
1357 2611 1422 2640 faece
1441 2612 1492 2639 ista
1509 2611 1651 2639 tabbinica
1666 2619 1733 2646 pro-

943 2650 1015 2676 tulit.

981 2684 1036 2719 (48)
1052 2682 1322 2719 Ἑϐδομηκονταδύο
1338 2681 1372 2708 δὲ
1389 2681 1443 2719 τᾲς
1456 2681 1660 2719 ἁπωιριίξφρυς.
1680 2679 1732 2708 Ve-

945 2715 1006 2745 rum
1025 2715 1092 2745 illud
1114 2715 1172 2745 non
1184 2723 1259 2753 puto,
1283 2725 1369 2751 neque
1383 2717 1509 2753 cuiquam
1524 2715 1605 2753 facile?
1618 2723 1730 2753 persua-

945 2753 1012 2781 serit
1021 2750 1203 2789 Epiphanius,
1216 2760 1289 2780 Lxxu
1301 2750 1474 2789 apocrypbos
1481 2751 1594 2789 totidem
1603 2751 1637 2777 ab
1648 2750 1733 2789 inter-

947 2785 1081 2824 pretibtis
1093 2796 1126 2824 ex
1142 2787 1253 2814 llebrazo
1267 2785 1532 2824 translatosluiss‘e.
1556 2785 1626 2824 Nam
1640 2785 1730 2824 onutia

947 2819 999 2850 ista
1013 2823 1149 2850 volumina
1166 2821 1407 2857 ronscriptallebr.
1416 2821 1468 2849 litt.
1476 2820 1590 2848 afﬁrmat
1601 2819 1636 2847 ob
1648 2819 1732 2853 idque

948 2859 999 2894 legi
1017 2858 1128 2886 miniufc
1139 2857 1271 2891 potuisse.
