1939 3039
214 127 268 155 263

895 124 924 153 S.
944 122 1116 152 EPIPHANII

1781 120 1838 150 2“

214 187 318 219 septem
330 186 358 211 et
371 183 466 218 viginti
489 181 638 217 Scriptura:
654 189 687 210 ac
704 180 812 210 Veteris
828 181 997 210 Testamenti

1052 182 1130 218 ξυγῇ,
1153 183 1170 217 ἠ
1187 180 1296 213 Ἔξοδος
1316 179 1372 207 τῶν
1394 179 1461 207 υίῶν
1483 177 1590 215 Ἰσραὴλ
1611 178 1645 213 τῇ
1660 177 1729 213 ἄλλῃ
1752 175 1837 212 Cum,

217 229 289 261 libri,
303 229 350 264 qui
366 229 400 256 ad
413 229 484 257 duos
495 236 527 256 ac
542 227 638 264 viginti
650 235 701 263 pro
715 228 867 256 litterarum
884 227 999 256 Hebrai-

214 283 307 303 carum
329 282 444 302 numero
464 273 636 310 rediguntur,
657 272 781 301 Graecum
796 273 825 301 in
846 281 999 302 sermonem

215 320 340 349 conversi
351 323 424 347 sunt.

250 408 295 436 IV.
313 408 418 436 Habent
441 408 514 436 enim
535 407 640 436 Κεδτωί
661 416 718 435 xxu
734 408 849 440 litteras.
871 415 886 436 e
900 407 1000 443 quibus

215 453 336 487 quinque
360 451 535 487 duplicantur
567 451 651 487 Caplt,
682 451 755 485 Men,
779 451 854 485 Num,
883 451 945 484 Phi,
972 455 1001 480 et

214 498 307 534 Aleplt.
333 498 392 531 Qua
419 498 525 526 ratione
552 505 615 526 cum
641 505 697 525 nu
723 495 783 525 libri
808 501 999 530 numerentur,

214 548 317 579 septem
341 551 374 571 ac
390 544 484 579 viginti
504 544 688 579 reperiuntur,
704 546 777 578 quod
797 550 832 571 ex
847 543 901 571 illis
918 543 998 577 quin-

213 597 266 624 que
287 589 484 625 geminentur:
515 594 579 624 puta
600 589 668 617 liber
691 588 765 616 Ruth
789 596 852 616 cum
873 588 999 616 Judicum

215 635 285 662 libro
303 634 490 669 eonjungitur,
510 638 537 661 et
563 641 635 661 unus
659 634 693 661 ab
716 633 840 661 Hebraeis
854 637 999 661 censetur:

215 680 320 714 primus
340 680 570 714 Paralipomenon
589 679 659 707 liber
681 687 743 707 cum
766 678 919 714 posteriore
933 685 1002 708 eon-

212 726 346 761 jungitur,
362 729 389 753 et
402 732 487 753 unum
511 725 613 753 librum
629 724 722 752 elﬁcit.
745 724 810 752 Item
831 725 936 760 primus
952 723 1003 752 Re-

212 778 329 807 gnorum
355 771 435 804 liber,
461 779 525 799 cum
551 771 692 804 secundo;
716 770 814 798 tertius
838 769 917 805 162
939 776 1002 796 cum

213 821 311 850 quarto
324 823 409 843 unum
426 817 526 844 librum
545 816 727 844 constituunt.
751 815 792 842 Ad
811 822 930 849 eumque
945 821 1002 841 mo—

1050 226 1194 254 Λευῖτικδν
1203 227 1237 262 τῇ
1249 225 1328 262 ἄλλῃ,
1342 225 1390 252 καὶ
1400 224 1517 260 καθεξῆς
1531 223 1597 259 ἄλλη
1609 222 1698 258 βίϐλος
1709 223 1743 257 τῇ
1756 221 1835 257 ἀλλη-

1051 273 1098 300 καὶ
1115 272 1201 304 οὕτως
1217 272 1245 299 αἱ
1262 270 1422 298 εἰκοσιεπτά
1442 269 1528 306 βίϐλοι
1544 269 1571 295 at
1589 268 1670 304 ῥηταὶ
1682 267 1730 294 καὶ
1748 267 1837 294 ἐνδιά-

1049 318 1132 351 θετοι,
1145 318 1231 344 εῐκοσι
1245 317 1274 343 δὲ
1286 316 1390 343 καὶδύο
1400 315 1471 342 κατά
1482 315 1531 350 τὴν
1544 314 1590 341 τοῦ
1602 313 1757 348 ἀλφαϐήτου
1770 312 1837 348 παρ’

1055 364 1192 400 Ἑϐραίοις
1207 363 1374 400 στοιχείωσιν
1389 361 1599 398 ἀριθμούμεναι,
1612 359 1834 396 ἡρμηνεύθησαν.

1084 411 1121 438 Δ’.
1137 410 1232 437 Εἴκοσι
1248 409 1303 444 γὰρ
1317 408 1366 436 καὶ
1381 408 1427 435 δύο
1438 408 1530 443 έχουσι
1543 400 1682 441 στοιχείων
1694 406 1819 441 νοήματα
1828 412 1836 420 ο

1051 455 1131 483 πέντε
1151 455 1180 482 δέ
1203 455 1272 481 εἰσιν
1294 453 1325 486 ἐξ
1340 453 1432 481 αὐτῶν
1448 452 1620 487 διπλοῦμενα.
1648 450 1686 477 Τδ
1704 449 1760 485 γὰρ
1775 449 1837 483 κὰρ

1050 501 1109 528 ἐστὶ
1121 499 1242 532 διπλοῦν,
1263 498 1354 526 καὶτὸ
1373 498 1442 533 μὲν,
1460 497 1507 524 καὶ
1521 496 1552 523 τδ
1575 494 1661 528 νοῦν,
1675 495 1721 522 καὶ
1739 494 1770 520 τὸ
1792 494 1837 529 φὶ,

1050 537 1097 572 καὶ
1109 545 1140 572 τὸ
1159 553 1180 571 a
1195 545 1220 560 ¹”
1237 544 1277 571 διδ
1294 543 1342 570 καὶ
1356 544 1384 569 αἱ
1406 542 1491 578 βίϐλοι
1510 541 1582 568 κατὰ
1597 540 1692 568 τοῦτον
1705 539 1752 566 τὸν
1771 539 1837 574 τρό-

1050 598 1111 623 πον,
1134 589 1268 616 είκοσιδύο
1294 589 1343 624 μὲν
1360 587 1551 624 ἀριθμοῦνται,
1571 585 1727 613 εἰκοσιεπτά
1747 585 1778 612 δὲ
1793 586 1839 611 εὐ-

1053 636 1201 671 ρίσκονται,
1214 634 1258 661 διὰ
1278 634 1309 661 τὸ
1335 633 1415 660 πέντε
1433 633 1462 666 ἐξ
1475 632 1564 660 αὐτῶν
1576 631 1749 658 διπλοῦσθαι⁴⁹
1777 639 1840 657 συν-

1050 681 1164 708 άπτεται
1187 680 1242 716 γάρ
1260 681 1278 715 ἡ
1299 679 1376 706 Ῥοὺο
1401 680 1458 711 τοῖς
1470 679 1596 714 Κριταῖς,
1608 677 1639 704 τὸ
1650 677 1661 692 ⁹
1678 677 1838 712 ἀριθμεῖται

1051 727 1116 762 παρῗ
1135 725 1272 761 Ἑϐραίοις
1285 725 1334 761 μία
1346 725 1451 760 βίϐλος·
1469 724 1633 751 συνάπτεται
1644 723 1660 758 ή
1675 722 1770 757 πρώτη
1783 721 1840 748 τῶν

1051 769 1298 806 Παραλειπομένων
1312 771 1346 806 τῇ
1357 769 1482 805 δευτέρᾳ,
1491 769 1539 795 καὶ
1548 768 1657 802 λέγεται
1669 767 1718 802 μία
1733 766 1840 802 βίϐλος·

1052 817 1216 844 συνάπτεται
1231 817 1248 851 ή
1263 815 1360 852 πρώτη
1375 815 1430 842 τῶν
1445 814 1593 841 Βασιλειῶν
1603 815 1635 849 τῇ
1652 812 1777 848 δευτέρα,
1790 812 1839 838 καὶ

213 861 278 888 dum
294 861 443 896 Scriptum
459 861 522 889 libri
536 865 654 897 quatuor
667 860 852 889 voluminibus
866 860 1000 894 quinque-

1052 861 1157 896 λέγεται
1173 861 1224 897 μία
1235 861 1340 897 βίϐλος·
1359 860 1551 895 συνάπτεταιή
1568 859 1689 894 τρίτητῇ
1705 858 1838 893 τετάρτῃ,

214 906 322 941 partitis
339 907 530 941 comprehensi
546 911 620 938 sunt,
638 915 670 934 ac
682 907 736 934 duo
755 906 817 933 libri
829 910 910 933 extra
923 905 999 933 ordi-

212 958 275 979 nem
295 955 486 978 numerantur.
510 951 601 984 Quare
613 951 721 979 Veteris
744 951 911 979 Testamenti
937 950 999 978 libri

212 1003 309 1024 omnes
325 996 378 1024 hac
395 997 467 1024 serie
490 1001 700 1032 peroensentur.
714 996 840 1031 Quinque
858 996 892 1024 ad
914 996 999 1031 legem

211 1041 372 1076 pertinent:
399 1040 524 1075 Genesis,
552 1041 674 1074 Exodus,
700 1041 848 1074 Leviticus,
878 1041 999 1073 Numeri,

213 1083 468 1114 Deuteronomium.
488 1086 552 1114 Haec
567 1091 610 1114 est
633 1086 847 1118 Pentateucbus,
870 1093 924 1121 qua
944 1091 999 1114 tata

213 1131 256 1159 lex
279 1132 436 1168 exponitur.
466 1132 626 1168 Sequuntur
648 1132 770 1167 quinque
790 1131 836 1158 alii
857 1131 930 1164 libri,
952 1132 999 1166 qui

212 1177 335 1205 versibus
355 1181 501 1205 constant:
517 1177 580 1211 Job,
595 1177 771 1209 Psalterium,
787 1175 933 1204 Proverbia
950 1176 1000 1203 Sa-

213 1221 341 1254 lomonis,
359 1221 552 1254 Ecclesiastes,
569 1221 684 1249 Cantica
700 1221 881 1248 canticorum.
898 1220 1000 1248 Deinde

214 1266 323 1294 tertium
338 1267 469 1295 librorum
482 1268 638 1302 collegium.
655 1275 717 1302 quae
729 1258 849 1302 γραφεῖα
859 1265 999 1297 dicuntur,

212 1315 238 1338 et
251 1311 422 1347 Agiographa
432 1313 573 1346 continet;
588 1312 744 1347 cuiusmodi
758 1315 832 1343 sunt,
850 1311 920 1339 liber
934 1310 999 1338 Jesu

213 1356 262 1383 lilii
278 1355 370 1388 Nave.
386 1356 514 1385 Judicum
531 1357 610 1389 liber,
624 1364 686 1384 cum
701 1357 772 1384 libro
788 1356 878 1390 Ruth;
896 1356 998 1383 Parali-

213 1409 348 1436 pomenon
367 1402 473 1436 primus
495 1409 557 1428 cum
571 1401 709 1434 secundo,
722 1400 878 1435 Regnorum
894 1401 1000 1435 priores

212 1448 285 1481 duo,
314 1447 427 1475 totidem
450 1447 618 1482 posteriores
649 1447 678 1473 in
702 1454 787 1474 unum
807 1446 933 1474 volumen
956 1454 1000 1474 re-

214 1493 298 1521 dacti.
315 1493 438 1521 Tertium
453 1492 520 1521 illud
535 1492 679 1527 collegium
695 1496 754 1526 est;
769 1496 896 1526 quartum
907 1491 1000 1527 sequi-

213 1542 277 1566 tur'.
295 1539 322 1565 in
339 1538 412 1573 quod
427 1538 570 1566 duodecim
586 1537 729 1573 Propheta:
750 1538 881 1570 minores,
897 1537 993 1570 Isaias,

212 1583 358 1618 Jercmias,
375 1584 512 1615 Ezechiel.
532 1591 564 1611 ac
581 1584 676 1612 Daniel
692 1584 808 1619 conjecti
824 1588 898 1611 sunt.
912 1584 1001 1618 Atque

213 1630 267 1657 hoc
281 1630 408 1657 volumen
423 1630 618 1665 prophetarum
631 1631 734 1665 scripta
746 1630 879 1657 continet.
891 1629 1001 1665 Reliqui

214 1680 279 1704 sunt
291 1676 354 1703 libri
370 1676 424 1703 duo
439 1686 446 1703 :
464 1676 516 1704 hoc
529 1681 571 1704 est
586 1676 680 1704 Esnlra!
698 1683 780 1708 unus,
792 1676 840 1711 qui
855 1676 1000 1710 separatim

215 1724 385 1753 numeratur,
399 1721 469 1749 alius
480 1721 589 1749 Esther.
603 1720 642 1748 Ita
657 1720 713 1748 duo
724 1724 752 1748 et
769 1721 864 1755 viginti
877 1721 939 1748 libri
951 1728 1001 1756 pro

215 1766 366 1793 litterarum
391 1766 590 1794 Hebraicarum
611 1774 726 1794 numero
745 1770 903 1794 censentur.
922 1765 1002 1799 Quod

215 1812 288 1839 enim
311 1812 344 1839 ad
364 1813 433 1840 duos
454 1813 517 1840 illos
541 1813 650 1845 attinet,
670 1812 718 1847 qui
735 1813 861 1840 versibus
877 1812 1001 1840 distincti

214 1862 291 1889 sunt,
310 1855 467 1886 Salomonis
483 1858 609 1886 videlicet
632 1857 813 1893 Sapientiam,
831 1865 892 1893 qua:
913 1857 1002 1884 Pana-

215 1909 290 1932 retus
304 1905 474 1937 inscribitur.
495 1909 522 1933 et
536 1904 601 1933 Jesu
615 1905 678 1932 Filii
691 1905 788 1933 Sirarh
810 1905 920 1937 librum,
936 1904 1001 1932 Jesu

214 1951 331 1985 nepotis,
353 1950 400 1985 qui
422 1950 569 1986 Sapientia:
593 1951 693 1978 librum
715 1951 848 1979 Hebraice
875 1950 998 1985 scripsit,

214 2003 295 2030 quem
318 2003 404 2030 nepos
423 1996 484 2030 ejus
509 1995 591 2024 Iesus
612 1997 707 2024 Graece
731 1998 868 2031 reddidit;
891 1997 1001 2025 tametsi

215 2041 295 2069 utiles
311 2048 344 2068 ac
360 2041 496 2070 fructuosi
509 2043 627 2073 illi.sint.
645 2043 672 2070 in
687 2043 892 2078 Scripturarum
906 2050 1002 2070 nume-

216 2094 274 2113 rum
288 2094 461 2122 nequaquam
479 2087 576 2115 referri
592 2089 692 2116 solent.
709 2087 787 2117 Unde
805 2097 857 2117 nec
872 2089 900 2116 in
916 2093 1002 2116 testa-

215 2131 298 2158 menti
312 2139 375 2158 arca
389 2131 517 2158 collocati
532 2137 608 2159 sunt.

1051 907 1097 934 καὶ
1116 906 1223 940 λέγεται
1239 905 1288 940 μία
1312 905 1416 940 βίϐλος⁸
1436 904 1522 936 οὕτως
1544 902 1609 937 γοῦν
1631 902 1787 936 σύγκεινται
1808 902 1838 927 αἱ

1051 951 1136 986 βίϐλοι
1160 952 1190 978 ὲν
1211 949 1403 984 πεντατεύχοις
1417 949 1607 985 τέπαρσι,καὶ
1621 947 1744 983 μένουσιν
1757 946 1838 973 ἄλλαι

1049 997 1097 1024 δύο
1119 996 1296 1033 ὑστεροῦσαι·
1321 995 1358 1027 ὡς
1376 993 1447 1022 εἶναι
1467 996 1517 1026 τὰς
1535 993 1702 1024 ὲνδιαθέτους
1728 991 1840 1027 βίϐλους

1049 1043 1151 1074 οὕτως·
1170 1042 1250 1069 πέντε
1273 1041 1323 1078 μὲν
1338 1041 1463 1076 νομικὰς,
1483 1040 1602 1072 Γένεσιν,
1620 1038 1739 1071 Ἐξοδον,
1756 1038 1840 1064 Λευῖ-

1049 1087 1135 1118 τικὸν,
1157 1086 1314 1122 Ἀριθμοὺς,
1340 1085 1564 1120 Δευτερονόμιον·
1593 1082 1662 1118 αῦτη
1689 1083 1706 1117 ἡ
1733 1082 1840 1109 Πεντά-

1049 1141 1143 1167 τευχος
1160 1132 1207 1159 καὶ
1222 1132 1239 1167 ἡ
1253 1130 1415 1166 νομοθεσία·
1432 1130 1512 1157 πέντε
1527 1129 1581 1165 γὰρ
1599 1129 1745 1164 στιχήρεις,
1760 1127 1839 1163 ητοῦ

1056 1177 1115 1204 Ἰὼϐ
1138 1177 1238 1212 βίϐλος,
1263 1175 1323 1203 εἶτα
1349 1176 1378 1202 τὸ
1395 1175 1563 1211 Ψαλτήριον,
1586 1173 1725 1210 Παροιμίαι
1752 1173 1838 1200 Σαλο-

1052 1222 1165 1258 μῶντος,
1185 1221 1414 1258 Ἐκκλησιαστὴς,
1428 1219 1524 1256 ’ᾼσμα
1539 1220 1669 1255 ᾀσμάτων
1679 1228 1686 1234 ·
1700 1217 1758 1246 εἶτα
1771 1219 1838 1254 ἄλλη

1050 1268 1228 1303 πεντάτευχος
1233 1267 1266 1294 τὰ
1273 1267 1354 1294 καλού
1358 1275 1427 1302 μενα
1434 1267 1564 1302 Γραφεῖα,
1569 1275 1606 1292 πα
1609 1266 1644 1302 ρά
1651 1274 1706 1292 τισι
1715 1265 1744 1292 δὲ
1751 1265 1840 1299 Ἀγιύ-

1050 1322 1142 1349 γραφα
1150 1314 1293 1349 λεγόμενα,
1306 1313 1384 1340 ἄτινά
1395 1314 1468 1339 ἐστιν
1480 1312 1565 1343 οὕτως
1574 1319 1581 1327 ⁸
1601 1311 1687 1346 Ἰησοῦ
1699 1311 1745 1338 τοῦ
1758 1311 1838 1346 Ναυῆ

1051 1359 1151 1395 βίϐλος,
1174 1358 1284 1395 Κριτῶν
1310 1358 1379 1394 μετὰ
1403 1360 1453 1393 τῆς
1474 1357 1563 1389 Ῥοὺθ,
1591 1357 1839 1392 Παραλειπομένων

1050 1405 1144 1442 πρώτη
1164 1405 1232 1440 μετά
1254 1404 1303 1439 τῆς
1325 1404 1464 1440 δευτέρας,
1488 1403 1636 1430 Βασιλειῶν
1653 1402 1748 1438 πρώτη
1770 1401 1839 1437 μετά

1050 1452 1100 1487 τῆς
1112 1452 1262 1486 τετάρτης“
1282 1449 1352 1486 αὓτη
1374 1450 1452 1486 τρίτη
1471 1449 1667 1483 πεντάτευχος·
1685 1447 1752 1482 ἄλλη
1776 1457 1839 1474 πεν-

1051 1498 1191 1533 τὰτευχος,
1211 1497 1242 1523 τὸ
1261 1496 1521 1531 Δωδεκαπρόφητον,
1543 1495 1668 1526 Ἡσαΐας,
1691 1494 1838 1529 Ἱερεμίας,

1058 1543 1198 1578 Ἰεζεκιὴλ,
1221 1542 1337 1577 Δανιήλε
1363 1542 1410 1568 καὶ
1432 1541 1502 1576 αὓτη
1528 1540 1717 1576 ἡπροφητικὴ
1740 1540 1840 1567 πεντά-

1050 1597 1162 1625 τευχος·
1194 1589 1304 1624 ἔμειναν
1332 1588 1361 1615 δὲ
1390 1588 1469 1615 ἀλλαι
1493 1587 1554 1621 δύο,
1584 1587 1684 1618 αἵτινές
1711 1587 1764 1612 εἱσι
1791 1587 1840 1613 τοῦ

1053 1635 1155 1670 Ἔσδρα
1171 1634 1221 1670 μία
1233 1634 1280 1661 καὶ
1299 1633 1369 1668 αὕτη
1385 1633 1559 1669 λογιζομένη,
1576 1633 1623 1660 καὶ
1639 1632 1704 1667 ἄλλη
1718 1632 1809 1667 βίϐλος
1823 1633 1840 1667 ἡ

1050 1681 1100 1716 τῆς
1117 1681 1217 1716 Ἐσθὴρ
1242 1680 1385 1707 καλεῖται’
1404 1678 1603 1715 ἐπληρώθησαν
1619 1676 1664 1705 οὖν
1684 1679 1711 1705 αί
1736 1679 1840 1705 εἰκοσι-

1050 1725 1097 1752 δύο
1113 1725 1197 1760 βίϐλοι
1213 1725 1282 1752 κατὰ
1295 1725 1341 1751 τὸν
1355 1723 1472 1760 ἀριθμὸν
1484 1724 1541 1750 τῶν
1552 1723 1686 1750 εἰκοσιδύο
1700 1724 1842 1758 στοιχείων

1052 1773 1116 1808 παρ’
1133 1771 1280 1808 Ἑϐραίοις.
1298 1771 1331 1797 Δί
1344 1772 1398 1806 γὰρ
1414 1771 1550 1806 στιχήρεις
1564 1769 1611 1796 δύο
1626 1769 1721 1805 βίϐλοι,
1734 1769 1784 1804 ἥτε
1792 1769 1841 1796 τοῦ

1052 1817 1233 1853 Σολομῶντος,
1254 1818 1271 1852 ἡ
1292 1817 1447 1852 Πανάρετος
1469 1814 1615 1851 λεγομένη,
1632 1814 1678 1842 καὶ
1692 1815 1709 1849 ἡ
1723 1814 1770 1841 τοῦ
1790 1815 1843 1849 Ἰη-

1052 1863 1100 1890 σοῦ
1115 1863 1162 1889 τοῦ
1182 1862 1240 1889 υἱοῦ
1255 1862 1351 1897 Σιρὰχ,
1375 1860 1487 1895 ἐκγόνου
1507 1860 1536 1888 δὲ
1549 1860 1597 1887 τοῦ
1616 1859 1714 1896 Ἰησοῦ,
1732 1860 1780 1886 τοῦ
1794 1860 1841 1887 καὶ

1051 1907 1100 1943 τὴν
1115 1908 1216 1943 Σοφίαν
1229 1907 1371 1943 Ἐϐραϊστὶ
1385 1905 1551 1942 γράψαντος,
1565 1906 1597 1942 ἢν
1609 1907 1622 1933 ὁ
1635 1906 1745 1940 ἔκγονος
1757 1904 1841 1932 αὑτοῦ

1057 1953 1162 1989 Ἰησοῦς
1178 1953 1350 1990 ἑρμηνεύσας
1374 1953 1527 1989 Ἑλληνιστὶ
1549 1952 1666 1988 ἔγραψε·
1688 1952 1735 1978 καὶ
1759 1948 1842 1978 αὗται

1051 2000 1180 2035 χρήσιμοι
1205 1999 1254 2034 μέν
1271 2000 1323 2025 είσι
1351 1998 1398 2025 καὶ
1417 1998 1560 2033 ὠφέλιμοι,
1580 1997 1637 2024 ἀλλ’
1660 1998 1700 2028 είς
1723 1996 1843 2032 ἀριθμὸν

1054 2044 1142 2080 ῥητῶν
1158 2044 1208 2070 οὐκ
1224 2043 1413 2079 ἀναφέρονται.
1434 2043 1479 2070 Διδ
1490 2044 1523 2080 δὴ
1544 2045 1572 2070 ὲν
1588 2043 1627 2079 τῷ
1647 2042 1773 2078 ’Δαρὼν’³
1784 2043 1842 2078 (58)

1053 2087 1226 2122 ἀνετέθησαν,
1242 2086 1289 2114 τοῦ
1306 2096 1336 2113 τε
1349 2087 1360 2103 ⁸
1373 2088 1401 2114 ὲν
1412 2088 1445 2122 τῇ
1458 2087 1508 2123 τῆς
1524 2087 1654 2124 διαθήκης
1668 2086 1788 2122 κιϐωτῷ.

250 2175 283 2204 ν.
301 2176 356 2203 Nec
371 2176 439 2204 illud
457 2177 541 2204 latere
557 2181 583 2204 te
603 2177 693 2209 debet,
711 2178 889 2206 honestarum
909 2187 1000 2206 rerum

1089 2178 1127 2204 E'.
1147 2177 1228 2204 Ἀλλὰ
1251 2177 1299 2204 καὶ
1313 2176 1352 2203 ἔτι
1368 2176 1446 2204 τοῦτό
1467 2185 1496 2203 σε
1519 2177 1556 2213 μὴ
1576 2176 1715 2212 παρέλθοι,
1731 2173 1754 2202 ὦ
1766 2176 1844 2211 φιλὸι

217 2222 355 2254 studiose,
371 2221 534 2249 Psalterium
550 2222 585 2249 ab
597 2221 720 2250 llebrzeis
738 2225 859 2259 quinque
873 2224 901 2251 in
916 2224 1001 2251 libros

221 2275 285 2296 esse
304 2268 451 2303 partitum;
465 2275 535 2295 nova
547 2271 576 2294 ut
589 2267 707 2296 indidem
723 2269 921 2303 pentateuchus
931 2270 1003 2296 oria-

216 2317 272 2340 tur.
294 2313 402 2340 l’rimus
426 2312 495 2339 liber
509 2320 524 2339 a
543 2313 631 2348 primo
647 2313 752 2348 psalmo
773 2314 807 2341 ad
824 2315 1001 2349 quadragesi-

216 2367 289 2385 mum
304 2358 461 2385 continetur
475 2367 481 2386 :
500 2359 639 2386 secundus
652 2367 667 2386 a
679 2359 889 2395 quadragesimo
901 2359 933 2386 ad
946 2360 1002 2395 pri-

217 2410 290 2430 mum
315 2406 342 2430 ct
368 2404 620 2439 septuagesimum;
645 2404 741 2433 tertius
762 2413 777 2432 a
802 2405 1001 2440 septuagesimo

214 2448 336 2476 secundo
361 2448 395 2475 ad
419 2450 623 2486 octogesimum
649 2455 792 2484 octavum;
830 2454 944 2485 quartus
968 2451 1002 2478 ab

215 2494 382 2528 Octogesimo
400 2503 473 2523 nono
501 2495 535 2524 ad
562 2496 742 2524 centesimum
767 2496 903 2531 quintum,
921 2496 1002 2531 quin-

215 2536 261 2568 tus
273 2547 288 2566 ιι
306 2541 457 2568 centesimo
471 2545 549 2569 sexto
562 2541 595 2570 ad
614 2543 793 2569 centesimum
808 2545 836 2569 et
857 2541 996 2577 quinqua~

215 2586 348 2622 gcsiluum
366 2588 533 2622 perducitur.
554 2587 622 2615 Nam
639 2588 797 2623 quicunque
812 2588 934 2623 Psalmus
950 2588 1002 2616 hoc

1056 2223 1132 2255 καλε,
1147 2223 1187 2249 ὃτι
1207 2223 1254 2249 καὶ
1266 2223 1296 2249 τὺ
1313 2223 1470 2258 Ψαλτήριον
1489 2222 1586 2249 διεῖλον
1604 2223 1644 2254 είς
1658 2222 1740 2248 πέντε
1753 2221 1845 2257 βιϐλία

1054 2270 1079 2295 οἱ
1097 2268 1229 2304 Ἑϐραῖοι,
1243 2268 1313 2295 ὥστε
1325 2267 1396 2295 εἶναι
1411 2269 1458 2296 καὶ
1471 2269 1538 2295 αὐτὸ
1552 2267 1636 2304 ἄλλην
1650 2268 1843 2303 πεντάτευχον.

1061 2314 1128 2341 Ἀπὸ
1138 2314 1192 2350 γὰρ
1207 2314 1316 2350 πρώτου
1330 2314 1438 2350 ψαλμοῦ
1454 2315 1518 2350 ἄχρι
1533 2313 1763 2349 τεσσαρακοστοῦ,
1779 2313 1845 2349 μίαν

1055 2360 1211 2394 ἐλογίσαντο
1237 2360 1346 2395 βίϐλον·
1363 2360 1417 2387 ἀπὸ
1443 2360 1471 2387 δὲ
1494 2359 1712 2396 τεσσαρακοστοῦ
1734 2359 1843 2396 πρώτου

1055 2405 1119 2442 ἄχρι
1132 2406 1179 2432 τοῦ
1193 2406 1392 2441 έϐδομηκοοτοῦ
1411 2405 1532 2442 πρώτου,
1545 2406 1671 2441 δευτέραν
1685 2405 1827 2440 ἡγήσαντο
1836 2413 1845 2421 ’

1055 2450 1109 2477 ἀπὸ
1122 2450 1322 2486 έϐδομηκοστοῦ
1338 2451 1463 2487 δευτέρου
1481 2451 1533 2483 ἕως
1545 2450 1724 2487 ὀγδοηκοστοῦ
1736 2450 1846 2484 ὀγδόου,

1053 2495 1145 2533 τρίτον
1156 2497 1257 2532 βιϐλίον
1268 2497 1429 2533 ἐποιήσαντο
1440 2505 1447 2512 ⁶
1463 2497 1518 2524 ἀπὺ
1531 2497 1559 2523 δὲ
1574 2495 1753 2532 ὀγδοηκοποῦ
1768 2495 1846 2523 ἐννά-

1054 2551 1101 2569 του
1124 2543 1176 2574 ἕως
1197 2543 1344 2570 ἑκατοστοῦ
1369 2542 1506 2578 πέμπτου,
1535 2543 1667 2578 τετάρτην
1694 2541 1841 2577 ἐποίησαν·

1054 2588 1109 2615 ἀπὸ
1125 2588 1154 2615 δὲ
1168 2588 1315 2615 ἑκατοστοῦ
1339 2588 1419 2615 ἕκτου
1439 2588 1492 2621 ἕως
1508 2588 1555 2615 τοῦ
1578 2587 1723 2615 ἑκατοστοῦ
1745 2595 1843 2623 πεντηο

251 2664 261 2681 ⁸
274 2662 338 2700 Ιιος.
353 2664 432 2700 ἁλέφ.
469 2665 479 2680 ¹
494 2664 524 2692 F.
539 2665 595 2691 καί.
632 2664 643 2680 ³
657 2663 770 2700 Negatio
783 2664 896 2693 forsitan
915 2665 1000 2693 deest.

1064 2664 1094 2692 C.
1112 2665 1243 2692 τουτέστι.

252 2723 310 2759 (58)
322 2724 370 2751 Διὸ
382 2724 416 2750 δὲ
428 2724 463 2750 ἐν
477 2723 517 2760 τῷ
535 2723 657 2760 Ἀαρών.
672 2723 735 2758 Leg.
754 2723 852 2760 Ἄρδυν,
871 2723 1006 2752 llebraice

216 2762 278 2804 ττηκ
294 2767 384 2787 arcam
405 2759 549 2794 signiﬁcat.
565 2759 652 2792 Quam
666 2767 760 2786 vocem
785 2759 829 2786 hic
854 2760 952 2794 opinor
965 2759 1004 2786 al-

219 2805 270 2834 teri
287 2805 517 2833 substituendam.
535 2804 699 2833 Persuasum
715 2805 810 2834 hahuit
826 2805 1004 2840 Epiphanius,

1058 2732 1151 2752 sacres
1175 2724 1284 2751 codices
1299 2725 1326 2751 in
1350 2733 1413 2752 arca
1437 2725 1593 2753 reconditos
1618 2725 1720 2758 fuisse;
1738 2724 1764 2751 si
1786 2724 1841 2751 haec

1059 2764 1122 2786 sunt
1145 2759 1298 2796 Epiphanii,
1325 2763 1351 2786 et
1365 2767 1417 2787 nun
1448 2759 1530 2796 inepti
1543 2760 1707 2796 cujuspiam,
1723 2760 1771 2794 qui
1793 2760 1840 2787 has

1059 2802 1146 2830 nugas
1164 2794 1197 2821 ad
1209 2802 1284 2821 oram
1297 2795 1470 2831 ascripserat.
