1939 3039
237 137 289 166 247

942 133 972 163 5.
979 133 1159 180 ἼΕΡΙΡΗΔΝΙΙ

1816 133 1870 164 ειιε

272 194 330 224 Vli.
357 193 404 222 Sic
430 193 513 229 igitur
538 192 670 227 praclare
689 191 822 227 Origenes
846 191 978 226 instituit,
999 196 1021 221 et

1114 194 1151 221 Ζ¹.
1167 191 1213 228 Τῷ
1225 192 1254 219 δὲ
1277 191 1353 228 αὗτῷ
1374 192 1468 228 τρόπῳ
1484 193 1499 219 ὸ
1511 191 1653 228 Ὦριγένης
1671 192 1764 224 καλῶς
1783 192 1872 219 ποιῶν

236 240 308 269 obeli
327 245 420 268 notam
429 239 579 276 prudenter
590 238 728 274 apposuit.
743 237 795 271 Qui
810 238 915 266 utinam
931 239 958 266 in
975 245 1027 266 cae—

236 287 304 315 teris
316 293 441 322 peraeque
458 285 564 313 laudari
579 285 690 320 possetl
707 283 776 312 Cum
791 285 865 312 enim
880 284 914 312 ad
928 285 1028 312 editio-

237 341 286 360 nes
310 341 336 360 vi
361 332 522 359 Hebraicam
543 330 702 365 adiecisset,
720 330 779 358 suis
801 337 834 358 ac
850 331 969 366 propriis
983 339 1029 359 γοα

239 379 317 406 cibus
340 377 496 412 litterisque
514 380 697 408 constantem,
711 380 739 403 et
749 383 804 403 una
830 376 929 412 pagina
956 384 1028 404 com-

235 421 411 456 prehensam,
419 421 500 448 aliam
513 420 626 455 insuper
637 424 664 448 et
675 421 829 456 oppositam
840 421 955 454 addidit,
966 430 1027 458 quat

236 465 384 494 llebraicas
403 473 484 494 voces
504 465 607 494 Graecis
624 466 722 495 litteris
735 474 768 494 ac
784 467 880 503 ﬁguris
898 473 1026 497 exaratas

236 512 400 543 contineret.
422 515 451 539 ut
470 513 517 547 qui
540 512 674 540 Hebraice
695 513 845 546 nescirent,
868 513 1024 542 Graecorum

203 549 206 553 ’
235 559 434 586 elementorum
451 558 584 586 beneﬁcio
604 558 802 587 Hebraicarum
824 561 1024 588 sententiarum

235 604 291 631 vim
311 612 343 632 ac
366 609 530 640 potestatem
553 605 749 640 intelligerent.
773 606 868 641 Itaque
887 607 914 634 in
935 609 1024 634 Hewa-

234 649 297 684 plt’s,
308 649 459 684 Octaplisve
484 652 543 678 suis
556 658 618 678 cum
629 651 777 679 Hebraicas
791 651 860 680 duas
873 652 985 688 paginas
998 661 1024 680 vt

235 694 416 729 lnterpretum
449 695 619 723 editionibus
645 696 836 731 opposuisset.
875 697 1024 732 plurimum

234 740 369 772 studiosis
383 740 544 769 hominibus
555 742 590 769 ad
605 742 770 771 eruditionis
783 751 816 770 ac
829 743 961 770 doctrina:
975 751 1024 770 co-

235 786 306 820 piam
326 787 454 815 utilitatis
476 788 577 815 attulit.
600 788 692 823 Atque
712 789 816 817 utinam
834 790 861 816 in
884 790 947 818 aliis
965 790 1024 818 suis

234 833 364 866 operibus
375 841 428 860 non
442 833 557 868 turpiter
568 834 737 866 aberrasset.
755 843 844 870 neque
856 835 909 863 sibi
931 842 964 862 ac
975 835 1024 862 toti

233 881 370 905 terrarum
382 878 444 905 orbi
460 879 594 914 insignem
605 879 782 914 imposuisset
800 881 940 915 injuriam,
957 880 1023 908 dum

232 927 261 950 et
281 922 316 950 de
342 923 394 953 ﬁde
411 931 555 960 perperam
575 926 670 958 sentit,
693 930 720 953 et
741 925 848 953 inﬁnita
873 925 1024 961 Scriptura

233 969 292 995 loca
313 976 396 1004 prava
419 970 646 1005 interpretatione
661 972 831 1007 corrumpit!
858 972 912 1000 Sed
937 978 966 1000 ut
988 973 1023 1001 ad

231 1011 388 1039 institutam
412 1013 444 1040 de
463 1014 544 1042 obelo
569 1016 754 1043 narrationem
773 1017 893 1050 redeam,
914 1018 1021 1052 obeius,

232 1061 262 1084 ut
279 1058 360 1093 paulo
373 1063 437 1087 ante
450 1059 518 1094 dixi,
533 1068 548 1087 a
560 1062 701 1089 nonnullis
717 1062 810 1090 lancca
824 1063 937 1096 dicitur,
949 1065 1021 1099 quod

232 1103 314 1138 gladii
335 1112 422 1138 genus
437 1110 477 1134 est
495 1106 529 1134 ad
543 1107 646 1135 caedem
663 1107 815 1135 faciendam
828 1109 915 1137 utilis.
932 1109 1023 1143 Quare

232 1149 390 1185 ubicunque
400 1151 485 1178 dictio
492 1152 760 1188 quaepiamoccurrit,
771 1160 832 1188 qua:
841 1153 914 1187 apud
922 1152 1017 1180 LXXII

230 1197 342 1232 legitur,
363 1197 390 1225 in
408 1197 523 1226 Hebraeo
537 1206 601 1226 vero
615 1206 672 1227 non
688 1199 764 1234 item,
781 1200 878 1228 obelus
890 1197 1023 1229 vocabulo

230 1242 295 1270 huic
322 1243 481 1278 adjunctus,
508 1244 536 1271 in
564 1250 694 1277 matrice,
718 1253 752 1273 ac
774 1246 849 1274 velut
872 1247 1022 1282 Scriptura

229 1288 301 1321 solo,
325 1292 352 1316 ct
375 1288 555 1316 fundamento
572 1289 668 1317 deesse
686 1290 834 1326 signiﬁcat,
850 1300 900 1320 nec
914 1300 947 1320 eo
961 1293 1022 1321 loco

230 1333 356 1369 reperiri.
369 1334 509 1362 Hactenus
524 1333 558 1362 de
575 1335 710 1364 asterisco
726 1341 754 1364 et
765 1337 855 1365 obelo.

267 1422 334 1450 Vlll.
365 1423 523 1451 Proximum
541 1428 584 1451 est
606 1429 635 1452 ut
653 1425 688 1453 de
713 1426 857 1459 lemnisco,
885 1431 912 1454 ct
936 1427 1022 1462 hypo-

230 1470 362 1498 lemnisco
375 1469 521 1497 dicendum
537 1470 673 1499 videatur.
692 1471 853 1500 Lemniscus
869 1473 920 1500 hac
933 1473 1021 1500 l'orma

229 1517 387 1552 depingitur
555 1516 659 1552 Estque
691 1518 834 1554 lougurius
864 1519 936 1546 inter
965 1519 1021 1546 duo

229 1565 332 1595 puncta
347 1579 356 1593 .
373 1569 491 1596 quorum
507 1561 623 1590 alterum
639 1569 734 1596 supra,
750 1562 865 1589 alterum
882 1562 953 1589 infra
967 1563 1022 1590 col-

231 1606 349 1638 locatur,
367 1606 540 1642 interjectus,
554 1607 582 1634 id
595 1607 669 1642 quod
689 1615 704 1634 a
724 1607 848 1642 medicis,
864 1615 897 1635 ac
911 1608 1021 1635 chirur-

228 1651 291 1685 gica
306 1652 450 1679 vulnerum
474 1653 620 1681 curatione
634 1653 798 1681 translatum
813 1658 934 1689 putatur,
958 1662 1020 1682 cum

229 1697 348 1732 simplici
365 1698 492 1734 utrinque
509 1699 632 1727 sectione
650 1699 743 1731 ducta,
760 1699 912 1734 intercepta
923 1707 1021 1735 corpo-

229 1743 267 1771 ris
280 1744 358 1780 165
372 1752 435 1779 pars
447 1745 517 1772 obeli
532 1745 645 1780 ﬁguram
657 1746 756 1779 reiert;
774 1750 829 1772 tum
843 1751 1020 1781 concerptum

228 1787 402 1821 linituentum
418 1789 446 1817 in
468 1794 578 1818 tenuem
603 1794 631 1818 et
653 1791 799 1826 oblongam
821 1791 936 1817 formam
962 1798 1022 1826 pro-

226 1833 340 1861 ductum
362 1843 410 1869 per
435 1840 582 1872 utramque
603 1836 754 1864 sectionem
773 1836 921 1871 trajicitur.
941 1836 1021 1864 Lern-

227 1881 323 1907 niscus
334 1882 407 1915 enim
422 1881 497 1909 istud
512 1890 527 1913 a
540 1882 656 1910 medicis
671 1882 804 1917 appellari
817 1883 886 1910 solet
896 1890 911 1910 a
926 1882 1020 1910 Graeca

226 1933 294 1960 voce
304 1926 463 1962 λιμνάζειν,
480 1928 554 1963 quod
570 1928 596 1956 in
612 1928 770 1955 humectum
786 1928 876 1955 locum
893 1929 1021 1956 linimen-

227 1976 285 2005 tum
301 1972 369 1999 illud
391 1972 507 2000 inditum
523 1973 648 2005 humoris
670 1972 751 2008 copia
765 1974 910 2001 redundet.
931 1974 1019 2007 Quam

227 2018 263 2045 ob
279 2025 390 2046 causam
416 2018 503 2053 sacris
529 2017 672 2046 codicibus
695 2026 756 2047 eam
779 2023 873 2047 notam
892 2019 1021 2053 ascripsit

226 2063 359 2099 Origenes
371 2073 379 2092 :
396 2067 425 2091 ut
439 2064 545 2099 quoties
559 2063 587 2091 in
597 2062 692 2098 ωςχιι
699 2063 882 2099 Interpretum
899 2065 1021 2093 editione

227 2109 431 2144 discrepantem
447 2109 567 2145 aliquam
579 2117 688 2143 vocem,
705 2110 778 2146 quod
795 2117 859 2138 raro
879 2110 1020 2144 usuvenit,

227 2155 377 2190 repercris.
394 2163 455 2190 qua:
469 2155 503 2182 ad
521 2155 678 2190 superiores
693 2163 748 2183 non
763 2155 911 2187 adhaereat,
930 2162 1020 2190 neque

1079 239 1207 275 εποίησεν
1225 238 1322 270 οὕτως,
1337 238 1385 265 καὶ
1398 238 1463 274 περὶ
1475 237 1522 265 τοῦ
1545 237 1640 264 ὀϐελοῦ
1653 239 1704 273 τὴν
1717 237 1872 272 σημείωσιν

1078 285 1235 321 ἐποιήσατο.
1242 276 1306 311 Εῐθέ
1316 281 1362 311 οὖν
1373 284 1464 311 καὶτὰ
1475 284 1544 311 ἄλλα
1554 283 1625 310 οὕτω
1634 282 1725 315 καλῶς
1738 283 1869 319 Eminus!

1077 330 1133 362 Τὰς
1147 330 1201 366 γὰρ
1236 329 1266 363 ἒξ
1291 329 1441 365 ἑρμηνείας
1459 329 1506 356 καὶ
1521 329 1571 364 τὴν
1587 328 1735 364 Ἑϐραῑκὴν
1757 328 1871 364 γραφὴν

1083 376 1238 412 Ἑϐραϊκοῖς
1254 375 1398 411 στοιχείοις
1418 375 1466 402 καὶ⁷
1488 375 1607 411 ῥήμασιν
1625 375 1718 406 αὐτοῖς
1737 375 1768 401 ὲν
1783 374 1871 401 σελίδι

1078 422 1128 457 μιᾷ
1152 421 1345 454 συντεθεικὼς,
1373 421 1456 457 ἄλλην
1486 421 1577 447 σελίδα
1605 420 1824 456 ἀντιπαραθετον
1845 420 1871 447 οξ

1081 467 1246 502 Ἑλληνικῶν
1269 468 1318 503 μὲν
1334 467 1517 503 γραμμάτων,
1536 466 1688 502 Ἑϐραϊκῶν
1704 465 1734 492 δὲ
1754 466 1869 499 λέξεων,

1076 513 1144 549 πρὸς
1157 513 1308 549 κατάληψιν
1319 513 1374 539 τῶν
1395 513 1432 548 μὴ
1449 512 1558 539 εἰδότων
1578 511 1709 547 Ἑϐραϊκὰ
1734 513 1870 546 στοιχεῖα,

1075 560 1116 591 εἰς
1132 559 1162 585 τὸ
1184 559 1228 586 διὰ
1248 558 1303 585 τῶν
1326 558 1491 594 Ἑλληνικῶν
1514 557 1614 585 εἰδέναι
1636 557 1691 584 τῶν
1711 557 1870 593 Ἑϐραϊκῶν

1075 604 1171 638 λογίων
1185 604 1234 640 τὴν
1250 603 1379 640 δύναμιν·
1401 604 1448 630 καὶ
1462 603 1548 634 οὕτως
1564 604 1620 634 τοῖς
1643 602 1804 638 λεγομένοις
1822 603 1869 629 ὑπ’

1075 650 1158 677 αὐτοῦ
1174 649 1332 683 Ἑξαπλοῒς
1344 650 1361 686 ἢ
1377 649 1564 682 Ὀκταπλοῖς,
1574 648 1625 678 τὰς
1633 648 1684 684 μὲν
1696 649 1744 675 δύο
1756 648 1871 684 Ἐϐραῖ-

1075 697 1126 728 κὰς
1136 696 1241 728 σελίδας
1253 696 1302 723 καὶ
1312 695 1363 727 τὰς
1371 695 1401 728 ἓξ
1408 695 1461 722 τῶν
1468 693 1643 730 ἑρμηνευτῶν
1650 695 1683 721 ὲκ
1693 694 1870 730 παραλλήλου

1074 742 1278 778 ἀντιπαραθεὶς,
1295 742 1416 777 μεγάλην
1427 741 1561 776 ὠφέλειαν
1572 740 1700 774 γνώσεως
1710 740 1796 766 ἔδωκε
1811 742 1870 772 τοῖς

1075 787 1239 823 φιλοκάλοις.
1266 787 1328 815 Εἴθε
1343 787 1372 814 δὲ
1388 787 1435 813 καὶ
1453 787 1482 812 ὲν
1503 787 1560 818 τοῖς
1583 785 1666 812 αὐτοῦ
1694 786 1869 822 συντάγμασι

1076 834 1114 869 μὴ
1128 833 1278 869 παρέπεσε,
1297 832 1345 859 καὶ
1364 832 1461 859 ἑαυτὸν
1477 831 1525 858 καὶ
1545 831 1591 858 τὸν
1614 831 1716 866 κόσμον
1738 831 1868 866 ἠδίκησε,

1075 879 1167 911 κακῶς
1180 878 1348 914 δογματίσας
1361 877 1396 904 τὰ
1411 877 1476 912 περὶ
1491 876 1620 908 πίστεως,
1639 876 1686 902 καὶ
1700 875 1734 902 τὰ
1752 875 1868 902 πλεῖστα

1074 925 1129 952 τῶν
1142 925 1257 960 Γραφῶν
1279 923 1372 955 κακῶς
1385 922 1492 959 φράσας
1503 923 1510 949 l
1529 922 1610 949 Ἀλλὰ
1621 921 1686 957 περὶ
1699 922 1747 948 τοῦ
1770 922 1868 949 ὀϐελοῦ

1074 968 1151 1003 αὖθις
1176 969 1344 1005 ἐπιλήψομαι
1367 969 1417 1003 τῆς
1440 967 1604 1004 διηγήσεως.
1626 967 1764 1002 Ἐφαμεν,
1789 968 1832 994 ὅτι
1853 969 1868 995 ὁ

1073 1016 1165 1047 ὀϐελὸς
1178 1015 1263 1051 λόγχη
1275 1014 1398 1049 λέγεται·
1413 1013 1490 1048 ξίφος
1502 1014 1533 1041 δέ
1552 1014 1611 1040 ἐστι
1625 1013 1705 1041 τοῦτο
1726 1015 1868 1050 ἀναιρετι-

1073 1064 1132 1090 κόν.
1149 1061 1234 1089 Ἔνθα
1249 1061 1340 1088 τοίνυν
1355 1061 1372 1095 ἡ
1390 1060 1464 1092 λέξις
1479 1059 1635 1095 εὑρίσκεται
1653 1059 1731 1095 παρὰ
1746 1060 1800 1095 μὲν
1811 1061 1868 1092 τοῖς

1078 1105 1326 1143 Ἐϐδομηκονταδύο
1339 1105 1482 1141 κειμένους
1498 1106 1518 1138 ⁸,
1530 1106 1559 1133 ἐν
1572 1105 1601 1132 δὲ
1614 1105 1653 1141 τῷ
1671 1105 1811 1141 Ἐϐραῐκῷ
1830 1106 1866 1141 μὴ

1073 1153 1303 1188 ἀναφερομένους,
1318 1153 1350 1179 ὲκ
1369 1151 1420 1187 τῆς
1439 1151 1486 1178 τοῦ
1503 1151 1597 1178 οϐελοῦ
1617 1151 1797 1186 οημειώσεως
1817 1151 1866 1178 τοῦ

1072 1200 1106 1235 τῇ
1117 1198 1188 1230 λέξει
1205 1197 1409 1234 παρακειμένου
1429 1196 1566 1233 δηλοῦται,
1583 1196 1624 1224 ὄτι
1645 1196 1782 1232 ἀνῄρηται
1796 1197 1812 1223 ὁ
1824 1197 1868 1223 λό-

1072 1254 1120 1280 γος
1133 1246 1188 1272 ἀπὸ
1202 1244 1250 1271 τοῦ
1265 1243 1423 1279 γεννητικοῦ
1439 1243 1536 1276 τόπου,
1552 1243 1613 1278 ἦτοι
1628 1242 1675 1269 τοῦ
1689 1243 1806 1277 ἐδάφους
1817 1243 1868 1278 τῆς

1072 1291 1194 1327 Γμφῆς,
1208 1291 1246 1322 ὡς
1268 1290 1305 1325 μὴ
1323 1289 1453 1324 ὑπάρχων
1479 1289 1507 1315 ὲν
1532 1288 1571 1323 τῷ
1585 1288 1662 1324 τόπῳ
1683 1288 1735 1322 τῆς
1757 1288 1866 1315 Βίϐλου.

1071 1337 1128 1363 Καὶ
1149 1336 1237 1363 ταῦτα
1256 1335 1305 1370 μὲν
1326 1335 1389 1370 περὶ
1403 1334 1450 1360 τοῦ
1465 1334 1630 1369 ἁστερίσκου
1650 1334 1697 1361 καὶ
1711 1333 1758 1360 τοῦ
1771 1333 1867 1361 ὀϐελοῦ

1071 1382 1257 1418 διηγησάμην.

1108 1428 1149 1456 H’.
1163 1428 1262 1455 Λοιπὸν
1275 1427 1323 1453 καί
1345 1426 1409 1462 περὶ
1422 1425 1469 1452 τοῦ
1490 1425 1633 1460 λιμνίσκου
1649 1426 1696 1452 καὶ
1719 1425 1867 1462 ὑπολιμνίο

1073 1483 1138 1501 σκου
1153 1474 1305 1509 διηγητέον.
1315 1472 1465 1508 Λιμνίσκον
1475 1471 1540 1506 γοῦν
1554 1472 1600 1498 τὸν
1612 1471 1684 1499 οὕτω
1692 1472 1868 1508 γραφόμενον

1034 1532 1056 1561 C
1071 1519 1109 1551 ὡς
1120 1518 1176 1554 ἔχει
1186 1519 1216 1545 τὸ
1226 1518 1406 1554 προκείμενον
1423 1519 1523 1552 ——:—-—
1542 1518 1654 1554 σημεῖόν
1668 1517 1737 1549 ἐστι,
1748 1517 1867 1554 γραμμὴ

1065 1565 1133 1600 «μία,
1164 1564 1384 1600 μεσολαϐουμένη
1410 1565 1463 1592 ὑπὸ
1489 1565 1668 1601 κεντημάτων
1691 1564 1749 1596 δύο,
1779 1564 1867 1590 είτονν

1073 1609 1205 1645 στιγμῶν,
1228 1611 1293 1645 μιᾶς
1310 1610 1360 1645 μὲν
1379 1611 1472 1637 ἐπάνω
1487 1610 1583 1644 οὔσης.
1599 1610 1650 1645 τῆς
1663 1609 1691 1636 δὲ
1705 1609 1792 1645 ἄλλης
1805 1610 1868 1636 ὐπα-

1071 1655 1156 1687 κάτω,
1174 1655 1250 1690 παρὰ
1263 1656 1365 1690 ἰατροῖς
1379 1655 1577 1690 φυσιολογικῶς
1593 1654 1726 1691 εὑρῆσθαί
1740 1663 1810 1689 φασι
1822 1655 1868 1682 καὶ

1071 1699 1241 1735 ὠνομάσθαι,
1254 1701 1308 1727 ἀπὸ
1323 1701 1372 1736 τῆς
1389 1701 1460 1728 κατὰ
1472 1701 1502 1728 τδ
1523 1701 1603 1736 σῶμα
1618 1700 1808 1735 χειρουργίας,
1823 1700 1867 1727 δύο

1073 1745 1123 1780 μὲν
1139 1745 1232 1772 ἁπλῶν
1243 1745 1335 1781 τομῶν
1351 1745 1559 1781 διαιρουμένων,
1575 1745 1664 1772 εἰτουν
1678 1745 1865 1780 τεμνομένων,

1073 1792 1155 1826 μέσον
1172 1791 1200 1817 δὲ
1221 1791 1276 1817 τῶν
1296 1791 1344 1818 δύο
1366 1792 1500 1828 αἱρέσεων
1513 1793 1523 1807 ¹
1538 1791 1585 1817 τοῦ
1608 1791 1760 1826 τμηθέντος
1784 1791 1865 1817 τόπου

1070 1836 1183 1868 διαστὰς
1199 1836 1209 1852 ⁸
1224 1837 1288 1872 παρ’
1304 1837 1437 1873 ἑκατέρας
1456 1837 1550 1869 ἁπλῶς
1566 1837 1577 1853 ⁸
1591 1837 1638 1863 δύο
1656 1836 1755 1874 τομὰς,
1772 1835 1865 1862 ὀϐελοῦ

1072 1883 1164 1918 σχῆμα
1179 1882 1226 1909 τοῦ
1249 1882 1376 1918 σώματος
1396 1883 1592 1914 ἀποτελοῦντος
1605 1883 1644 1914 δὲ,
1663 1883 1678 1909 ὅ
1696 1882 1756 1910 ἐστι
1777 1881 1866 1910 livet-tv

1072 1929 1167 1965 ῥάκος,
1182 1930 1222 1961 εἰς
1237 1929 1335 1956 λεπτὸν
1356 1929 1404 1956 και¹
1419 1929 1524 1965 μακρὸν
1540 1929 1634 1965 σχῆμα
1647 1927 1865 1963 ἀποτμηθέντος.

1071 1973 1275 2009 ἐμϐαλλομένου
1291 1973 1344 2000 ἀπὸ
1359 1974 1407 2009 τῆς
1429 1974 1495 2009 μιᾶς
1511 1973 1671 2007 διαιρέσεως
1689 1971 1738 1998 καὶ
1760 1972 1801 2002 εις
1818 1970 1865 2005 τὴν

1071 2020 1155 2055 ἄλλην
1181 2020 1377 2055 διαπερῶντος.
1392 2020 1541 2054 Λιμνίσκος
1557 2019 1603 2046 ὑπ’
1627 2018 1718 2045 αὐτῶν
1744 2017 1799 2044 τῶν
1827 2018 1866 2045 ία-

1070 2066 1143 2102 τρῶν
1157 2065 1214 2101 (59)
1229 2065 1319 2097 καλῶς
1329 2065 1441 2101 ἐκλήθη,
1453 2065 1497 2092 διὰ
1506 2065 1537 2091 τὸ
1547 2064 1689 2099 λιμνάζειν
1701 2063 1865 2098 κλυζόμενον

1070 2111 1116 2138 τὸν
1130 2111 1210 2147 μοτδν
1225 2112 1255 2138 ὲν
1265 2113 1322 2143 τοῖς
1335 2112 1419 2138 τόπου
1435 2111 1530 2147 ὑγροῖς
1539 2119 1545 2126 ·
1559 2111 1599 2137 διὸ
1617 2110 1664 2137 καὶ
1677 2109 1757 2136 τοῦτο
1774 2108 1805 2136 τὸ
1819 2107 1864 2135 τοῦ

1072 2157 1187 2192 σημείου
1205 2156 1300 2192 σχῆμα
1315 2157 1371 2188 τοῖς
1388 2156 1472 2187 θείοις
1495 2155 1587 2193 λόγοις
1606 2153 1754 2190 παρέθετο,
1773 2153 1806 2180 ἵν’
1822 2154 1864 2180 ὅτε

226 2201 364 2229 similibus
381 2201 530 2236 conjuncta
552 2201 598 2235 sit,
616 2210 649 2234 ex
668 2202 775 2230 duobus
792 2201 901 2236 punctis
917 2200 1019 2228 intelli-

1074 2202 1193 2234 σπανίως
1210 2211 1260 2228 που
1277 2202 1367 2238 εὕροις
1385 2202 1414 2229 ἐν
1428 2203 1460 2237 τῇ
1481 2201 1536 2228 τῶν
1557 2199 1808 2236 Ἑϐδομηκονταδύο
1820 2199 1860 2234 ὲρ-

226 2253 276 2280 gas
292 2254 376 2274 unum
391 2247 542 2276 alterumve
557 2255 606 2283 par
626 2248 807 2281 interpretum
824 2254 918 2274 vocem
944 2246 1018 2273 illam

226 2291 255 2318 in
267 2299 318 2319 sua
331 2292 557 2328 interpretatione
575 2293 713 2328 posuisse.
723 2291 791 2326 Quae
802 2292 912 2326 quidem
927 2292 1018 2324 ambo,

226 2338 268 2365 vel
284 2338 386 2366 similia
407 2340 595 2368 nominantur.
612 2338 665 2366 Sed
680 2341 709 2370 ut
726 2345 773 2369 res
788 2340 844 2366 tota
860 2337 968 2372 planior
983 2338 1020 2365 sit

226 2391 260 2411 ac
283 2383 402 2417 facilior,
431 2385 527 2420 paucis
548 2384 583 2411 de
607 2391 642 2417 ea,
658 2383 800 2418 disputare
824 2391 880 2415 non
903 2383 1017 2418 pigebit.

225 2429 294 2457 Cum
317 2430 401 2466 igitur
422 2430 450 2458 in
473 2438 527 2458 ιιι
544 2429 650 2464 psalmo
667 2428 785 2464 legeris:
811 2428 848 2461 Qa
865 2437 952 2456 meum
967 2437 1020 2456 an-

225 2477 356 2504 nuntiabil
365 2476 503 2511 iustitiam,
518 2480 609 2506 tuam;
625 2475 793 2502 annuntiabit
808 2475 932 2509 iustitia;
946 2480 1019 2509 tuas;

226 2523 292 2549 item
304 2522 332 2549 in
347 2529 409 2548 un
421 2529 428 2549 :
439 2520 473 2553 Et
483 2520 639 2548 honorabile
650 2528 745 2550 nomen
758 2520 832 2556 illius
845 2529 937 2551 coram
948 2521 1018 2557 ipso,

1074 2247 1173 2283 μηνείᾳ
1196 2248 1385 2283 διαφωνοῦσαν
1401 2247 1484 2280 λέξιν,
1509 2247 1540 2274 οὺ
1560 2247 1613 2282 μὴν
1636 2246 1790 2281 παροῦσαν,
1807 2245 1864 2272 οὐδὲ

1073 2294 1314 2329 προστεταγμένην
1328 2295 1338 2310 ⁸
1352 2295 1413 2326 ταῖς
1435 2293 1542 2329 ὁμοίαις
1564 2293 1633 2328 αὐτῇ
1657 2292 1758 2325 λέξεσι,
1774 2293 1862 2326 γνοὺς,

1072 2339 1113 2366 ὅτι
1126 2339 1179 2366 ὑπὸ
1193 2340 1258 2375 μιᾶς
1274 2339 1360 2375 ζυγῆς
1374 2339 1390 2374 ἢ
1412 2339 1459 2366 δύο
1480 2338 1550 2374 αὕτη
1564 2338 1726 2374 ἡρμηνεὺοη
1748 2339 1764 2373 ἡ
1781 2337 1862 2371 λέξις,

1071 2385 1116 2412 διὰ
1140 2385 1176 2412 τὰ
1202 2385 1392 2421 παρακείμενα
1414 2385 1461 2412 δύο
1483 2386 1657 2420 κεντήματα’
1685 2384 1810 2411 καλεῖται
1836 2384 1861 2411 δὲ

1071 2431 1158 2457 ταῦτα
1170 2431 1205 2458 τὰ
1217 2431 1420 2466 συναμφότερα,
1437 2431 1453 2466 ἢ
1471 2431 1563 2466 ὃμοια.
1582 2431 1640 2457 ’Ὶνα
1657 2430 1684 2457 δὲ
1701 2430 1783 2457 τοῦτο
1795 2430 1861 2458 λεῖόν

1073 2481 1115 2509 σοι
1135 2477 1177 2513 εἴη
1200 2478 1247 2505 καὶ
1263 2477 1487 2514 εὐπερίδρακτον,
1511 2477 1558 2504 καὶ
1584 2478 1649 2513 περὶ
1675 2477 1754 2503 τοῦτο
1769 2477 1780 2493 ⁶
1799 2476 1862 2512 ὲρῶ.

1074 2522 1159 2552 Ὅταν
1175 2521 1270 2559 εὕρῃς,
1286 2523 1324 2554 ὠς
1338 2523 1366 2549 ὲν
1382 2522 1575 2559 ἑϐδομηκοστῷ
1586 2522 1686 2558 ψαλμῷ
1702 2522 1861 2558 ἐμφέρεται·

268 2600 324 2645 ‘nF.
336 2599 449 2645 κειμένη
461 2599 714 2645 ριηάναιξερομένη.
754 2602 764 2617 ¹
793 2600 823 2628 F.
839 2600 1009 2639 διαιρέσεων.

1074 2601 1113 2637 Βιᾲ
1134 2602 1184 2634 τὰς
1215 2610 1265 2639 pro
1275 2602 1396 2637 διαστὰς.
1435 2603 1446 2618 ⁸
1467 2602 1535 2639 Reg.
1559 2602 1659 2634 ἁπλᾶς.
1694 2602 1704 2618 ³
1729 2601 1795 2638 Reg.
1819 2610 1862 2629 πε-

227 2635 424 2673 ριτεθειμὲνην.
445 2635 472 2652 "
491 2635 522 2663 F.
538 2635 645 2664 τούτουζ

262 2711 318 2750 (59)
351 2713 515 2750 Atye-[0309
540 2713 595 2749 τὰρ
615 2715 666 2741 ὑπ’
693 2714 792 2747 αὐτῶν
816 2714 876 2742 τῶν
898 2716 1015 2750 ἰατρῶν.

226 2747 382 2790 Λημνίσκον
392 2755 406 2775 a
415 2747 665 2790 medicisusurpari
671 2757 722 2790 pro
733 2747 1015 2790 linamentolobloitgo.

226 2783 300 2820 quod
314 2784 475 2820 vulneribus
492 2783 794 2815 inditurfnotissimum
807 2789 860 2813 est.
880 2787 933 2812 Sed
951 2783 1015 2819 non,

226 2818 440 2855 tit-Epiphanius
457 2820 605 2853 existimat,
625 2828 672 2855 per
689 2821 753 2852 iota,
771 2820 817 2847 sed
831 2828 879 2855 per
893 2824 936 2846 eta
952 2821 1017 2847 scri-

225 2853 345 2882 bendum
360 2858 411 2883 est.
429 2855 520 2889 Quare
541 2863 595 2883 non
617 2853 713 2891 probat
733 2853 919 2891 grammaticis
931 2856 1015 2891 origi-

1070 2715 1208 2747 nationem
1222 2715 1315 2750 rillattn,
1333 2719 1363 2742 ut
1379 2715 1455 2750 παρὰ
1479 2715 1510 2742 τὸ
1531 2713 1718 2750 λημνάζεσοαι
1744 2713 1858 2741 dicatur.

1072 2750 1118 2778 Est
1131 2751 1201 2778 enim
1217 2749 1390 2785 Syracusana
1404 2749 1465 2778 vox.
1486 2758 1547 2785 quae
1559 2749 1618 2785 τὰς
1634 2749 1731 2780 στενὰς
1746 2751 1857 2781 ταινίας.

1070 2786 1196 2820 oblongas
1225 2784 1352 2820 fasciolas
1367 2786 1515 2820 signiﬁcat|
1537 2785 1575 2811 ait
1596 2784 1760 2820 Hesychius.
1787 2785 1858 2812 Uu.lc

1072 2826 1133 2848 uota
1148 2821 1204 2853 illa,
1223 2828 1283 2855 qua:
1299 2821 1422 2856 longurio
1436 2829 1498 2847 cum
1514 2820 1620 2847 duobus
1637 2820 1746 2854 punctis
1763 2828 1856 2856 appen-

1071 2856 1177 2884 dicibus
1195 2856 1347 2890 constabat,
1361 2856 1510 2892 λημνίτκος
1525 2856 1687 2891 appellatur.
