1939 3039
60 107 116 134 255

542 109 647 137 LIBER
667 110 712 138 DE
732 110 911 140 MENSURIS
927 111 970 140 ΕΤ
988 112 1218 143 PONDERIBUS.

1642 117 1698 146 254

61 164 212 196 σκευάσας.
223 165 270 192 καὶ
282 165 384 200 πλῆθος
396 165 557 200 συναγαγὼν
570 166 682 201 βιϐλίων
696 168 726 201 ἐξ
737 168 855 196 ἑκάστου
872 189 875 199 λ

930 169 1046 206 agitans,
1061 170 1203 206 ingentem
1220 170 1352 198 librorum
1369 171 1423 198 vim
1440 179 1473 199 cx
1491 171 1566 200 omni
1587 173 1700 208 regione

59 211 166 244 ἔθνους,
187 211 216 237 ὲν
241 211 310 248 αὐτῇ
330 211 484 247 ἀπεθέμην.
522 211 655 245 Ἀκούσας
682 213 710 239 δὲ
737 214 855 249 ὡςπαρ⁸

58 254 128 294 ὑμῖν
147 257 314 293 ἑμφέρονται
330 257 415 292 βίϐλοι
431 258 581 294 προφητῶν
603 259 669 294 περὶ
685 258 753 286 Θεοῦ
765 268 796 286 τε
809 260 858 287 καὶ

57 302 241 338 κοσμοποιίας
255 302 395 338 δηλοῦσαι,
414 303 462 329 καὶ
475 303 577 336 ταύτας
599 305 661 336 ταῖς
675 304 768 336 ἄλλαις
780 305 858 340 ἀφιε-

58 347 150 384 ρῶσαι
158 348 440 384 έπιθυμιῖη,γέγραφα
453 349 527 381 ὅπως
542 349 642 382 ταύτας
654 351 719 386 ήμῖν
731 351 858 378 ἀποστεί-

56 394 138 430 λητε.
156 393 220 421 Ὀτι
233 393 288 430 γὰρ
301 395 384 430 τιμῆς
400 394 503 427 ἕνεκεν,
517 395 564 422 καὶ
580 396 610 422 οὐ
631 396 792 432 περιεργίας
810 396 858 432 χά-

59 447 118 474 ριν,
134 438 196 466 οὔτε
213 439 370 472 κακονοίας,
381 440 431 475 τῆς
446 440 576 476 τοιαύτης
589 441 680 473 αἰτίας
691 442 749 476 εἰμί
764 442 860 469 ἐπιθυ-

60 485 164 520 μητὴς,
173 485 242 512 ἀλλὰ
254 485 371 518 πίστεως
385 485 467 512 ἓνεκα
481 487 529 513 καὶ
539 487 588 521 τῆς
605 488 669 523 περὶ
685 488 756 522 ὑμᾶς
766 487 861 522 φιλίας

58 531 112 566 τὴν
127 530 230 557 τούτων
245 530 352 566 αἴτησιν
364 531 506 567 ποιοῦμαι,
522 533 555 559 ὲκ
570 532 619 568 τῆς
635 533 680 567 ὑφ’
699 533 777 569 ἡμῶν
795 533 860 568 περὶ

61 576 138 612 ὑμᾶς
167 576 318 612 γενομένης
343 577 470 609 εὐνοίας,
496 577 716 613 ἀναμνησθέντες
742 579 857 606 εἴσεσθε.

60 621 217 657 Μέμνησθέ
231 631 294 654 που,
310 622 348 654 ὡς
362 622 543 658 αἰχμαλώτων
560 623 665 650 πολλῶν
678 623 711 650 ὲκ
726 624 776 659 τῆς
791 624 861 660 ὑμε-

59 667 148 702 τέρας
175 667 304 702 πατρίδος
327 667 494 703 ληφθέντων,
519 669 566 695 καὶ
586 668 627 700 εἰς
649 668 786 702 Αιγυπτον
811 668 861 704 τὴν

61 713 204 748 ἡμετέραν
224 713 343 748 πατρίδα
363 713 509 749 ἀχθέντων,
527 714 627 749 ἀνῆκα,
645 715 693 741 καὶ
715 715 773 750 μετ’
797 715 861 750 ἐφο-

61 758 130 786 δίων
148 758 265 792 πολλῶν,
292 759 340 786 καὶ
355 759 504 794 θεραπείας
518 761 549 787 οὐ
567 761 618 796 τῆς
642 761 786 796 τυχούσης,
800 761 861 787 ἑπι-

64 803 257 839 μελησάμενος
270 804 369 836 αὐτῶν,
383 804 541 841 ἐλευθέρους
553 805 715 840 ἀπέπεμψα,
731 805 800 832 ἀλλὰ
811 805 860 832 καὶ

912 214 1056 242 conﬂatam
1079 215 1108 242 in
1131 223 1192 242 eam
1218 216 1332 243 contuli.
1358 216 1448 249 Quare
1471 225 1533 246 cum
1557 219 1627 253 apud
1648 227 1698 247 vos

913 260 1107 296 prophetarum
1123 261 1257 296 quosdam
1277 262 1364 290 libros
1385 268 1492 290 exstare
1507 265 1695 298 compererint,

910 305 959 340 qui
974 305 1009 333 de
1022 304 1077 333 Deo
1102 312 1136 332 ac
1151 305 1246 333 mundi
1261 306 1440 334 fabricatione
1453 308 1546 342 scripti
1560 312 1634 339 sunt,
1647 308 1696 336 hos

911 358 964 386 ego
986 358 1048 378 cum
1073 351 1134 379 aliis
1159 359 1321 380 consecrare
1343 359 1508 388 magnopere
1528 355 1618 388 cupio.
1632 353 1697 387 Qua!

911 395 979 423 mihi
993 396 1026 423 ad
1039 403 1088 424 vos
1103 396 1241 424 scribendi
1260 403 1344 424 causa
1362 397 1424 429 fuit,
1437 401 1465 424 ut
1477 397 1539 425 illos
1554 398 1588 425 ad
1606 407 1648 426 me
1664 399 1697 425 li-

912 439 980 468 bros
995 440 1103 468 tnittere
1116 441 1218 468 velitis.
1233 440 1301 467 Nam
1317 441 1390 476 quod
1407 449 1457 477 ego
1471 449 1525 469 non
1541 443 1701 472 curiositate

912 485 1024 518 ductus,
1045 493 1135 521 neque
1155 487 1228 514 malo
1250 487 1354 519 animo,
1374 487 1423 515 sed
1444 487 1556 516 honoris
1579 489 1633 516 illis
1653 489 1702 516 ha-

913 530 995 558 bendi
1010 531 1112 564 studio,
1133 539 1166 559 ac
1186 539 1236 567 pro
1250 540 1310 560 mea
1324 541 1388 567 erga
1409 541 1458 562 vos
1473 534 1571 562 ﬁducia
1587 540 1615 562 et
1633 530 1702 563 ami—

913 575 979 603 citia
997 575 1031 603 ad
1046 583 1077 603 ea
1101 577 1264 611 postulanda
1275 577 1477 611 descenderim,
1488 587 1520 607 ex
1536 587 1595 608 mea
1610 581 1637 607 in
1653 588 1702 608 vos

914 621 1105 649 benevolentia
1131 623 1154 649 si
1175 623 1314 650 recordari
1339 624 1491 656 volueritis,
1516 625 1702 660 conjecturam

915 666 1005 694 facere
1023 668 1147 702 potestis.
1165 667 1327 699 Meministis
1337 669 1423 702 enim,
1439 670 1550 705 opinor,
1563 671 1638 699 cives
1652 679 1701 699 ve-

916 716 990 740 stros
1008 719 1040 740 ac
1062 713 1210 748 populares
1225 714 1455 749 quamplurimas,
1472 716 1518 750 qui
1534 716 1606 743 bello
1617 716 1702 752 capti,

914 763 942 785 et
960 758 989 785 in
1004 757 1171 794 Egyptum,
1192 759 1263 786 hanc
1281 764 1404 787 nostram
1426 762 1552 795 patriam,
1568 762 1704 797 deportati

918 803 1038 836 fuerant,
1054 811 1109 831 non
1124 804 1258 832 liberasse
1272 806 1356 833 modo
1371 813 1424 838 me,
1438 806 1486 833 sed
1505 810 1533 834 et
1550 807 1649 834 viatico
1663 809 1706 836 in-

63 850 130 882 τοὺς
147 850 177 876 ὲν
193 849 286 882 αὐτοῖς
310 850 528 886 πεπληγμένους,
544 851 689 886 ἰασάμενος
701 851 801 886 ἀνῆκα,
818 850 866 878 καὶ

930 853 1039 877 ηιι-ιιεῑοε
1053 857 1086 876 ac
1102 849 1307 884 perhumaniter
1316 850 1424 878 habitos
1435 858 1497 878 cum
1512 852 1586 879 omni
1602 852 1706 880 ollicio-

63 892 128 923 τοὺς
140 893 261 927 γυμνοὺς
281 893 409 920 ὲνέδυσα·
427 894 474 920 καὶ
493 894 539 920 νῦν
558 894 587 921 δὲ
601 894 742 930 τράπεζαν
759 896 863 931 χρυσῆν

67 937 139 972 μετὰ
152 937 384 974 πολυτελεστάτης
398 938 486 971 λιθίας
497 940 721 975 κεκοσμημένην,
739 940 770 973 ἐξ
782 940 865 976 ὁλκῆς

65 983 208 1010 ταλάντων
229 987 265 1018 φ’,
286 985 346 1011 ἀντὶ
361 985 410 1020 τῆς
425 985 564 1020 τραπέζης
582 987 630 1021 τῆς
646 986 795 1023 ληφθείσης
811 987 866 1014 ἀπὸ

65 1029 115 1055 τοῦ
130 1029 210 1064 ἁγίου
230 1030 313 1056 τόπου
334 1030 525 1066 Ἰεροσολύμων
549 1031 712 1063 ἀπέστειλα,
733 1032 802 1067 μετὰ
819 1033 866 1059 καὶ

66 1073 175 1110 δώρων,
189 1074 235 1101 καὶ
249 1075 398 1110 κειμηλίων
412 1076 450 1111 τῷ
467 1076 531 1112 ἱερῷ
544 1077 630 1112 τόπῳ.
652 1077 761 1104 Τούτων
776 1078 866 1104 τοίνυν

67 1120 121 1155 τὴν
132 1120 258 1156 διήγησιν
272 1121 454 1157 ἐποιησάμην,
475 1122 550 1154 ὅπως
566 1123 665 1157 γνῶτε,
682 1124 722 1150 ὅτι
740 1123 809 1160 ὑπὲρ
824 1124 867 1151 εὑ-

70 1164 123 1201 χῆς
138 1166 186 1193 καὶ
197 1166 339 1200 εὐσεϐείας
351 1167 401 1199 τὰς
417 1167 525 1203 βίϐλους
542 1168 620 1194 αἰτῶ.

108 1302 167 1329 Καὶ
186 1302 204 1337 ἡ
222 1301 272 1336 μὲν
292 1302 421 1338 ἐπιστολὴ
439 1303 589 1338 ἀπεστάλη,
618 1305 665 1332 καὶ
682 1304 717 1331 τὰ
735 1304 870 1331 ἀπεσταλ-

73 1347 146 1384 μένα
155 1347 237 1383 δῶρα.
250 1348 333 1374 Αὐτοὶ
342 1348 370 1375 δὲ
380 1348 520 1384 δεξάμενοι
529 1349 577 1376 καὶ
588 1349 637 1384 τὴν
648 1349 793 1385 επιστολὴν
801 1350 868 1385 (Η),

73 1394 122 1420 καὶ
135 1392 172 1420 τὰ
187 1393 260 1428 δῶρα
275 1393 412 1428 ἀσμένως,
428 1393 472 1420 διὰ
490 1395 576 1430 χαρᾶς
590 1395 670 1430 ἔσχον
685 1395 800 1430 σφόδρα.
816 1395 872 1422 Καὶ

73 1439 210 1475 ἁμελητί¹
225 1439 350 1475 χρυσέοις
361 1439 523 1475 γράμμασιν
536 1440 691 1475 Ἑϐραϊκοῖς
702 1440 752 1473 τὰς
765 1440 873 1476 βίϐλους

77 1486 322 1522 μεταγραψάμενοι
345 1486 393 1518 τὰς
418 1486 468 1522 ήδη
489 1495 535 1522 μοι
558 1488 789 1523 προτεταγμένας,
821 1489 874 1515 ἀπ-

76 1530 213 1562 έστειλαν,
235 1530 276 1566 κβ¹
301 1530 350 1565 μὲν
375 1529 425 1562 τὰς
445 1531 624 1564 nauem-sq,
640 1532 876 1567 ἑϐδομηκονταδύο
888 1524 909 1553 C

77 1577 106 1604 δὲ
116 1577 168 1609 τὰς
182 1576 357 1613 ἀποκρύφους
368 1577 435 1612 (48).
459 1577 487 1604 '0
503 1577 531 1604 δὲ
546 1578 674 1613 βασιλεὺς
691 1579 876 1614 κομισάμενος

79 1622 128 1648 καὶ
152 1621 283 1656 ἐντυχὼν.
316 1622 363 1648 καὶ
388 1622 426 1657 μὴ
451 1621 601 1657 δυνάμενος
633 1623 798 1657 ἀναγνῶναι,
823 1623 877 1650 τῶν

81 1667 223 1702 στοιχείων
244 1666 406 1703 Ἑϐραϊκῶν
421 1667 597 1703 ὑπαρχόντων
622 1668 670 1695 καὶ
687 1668 819 1705 διαλέκτῳ
844 1671 877 1705 τῇ

85 1711 220 1748 Ἐϐραῖκῇ
235 1712 446 1748 γεγραμμένων,
459 1713 588 1749 δευτέραν
602 1713 746 1749 επιστολὴν
759 1714 880 1748 ἀναγκά-

83 1758 160 1791 ζεται
180 1758 273 1789 αὐτοῖς
295 1758 411 1793 γράψαι,
431 1758 477 1785 καὶ
498 1759 608 1794 αἰτῆσαι
623 1758 795 1794 ἑρμηνευτὰς
816 1759 880 1791 τοὺς

916 903 976 922 rum
990 902 1088 930 genere
1101 895 1202 923 liberos
1217 895 1359 923 dimisisse
1377 905 1384 922 :
1403 895 1471 923 adeo
1484 901 1513 924 ut
1526 900 1553 924 et
1567 897 1613 932 qui
1625 905 1658 924 ex
1671 897 1706 926 iis

915 941 1002 969 saucii
1016 945 1098 968 erant
1108 940 1253 976 diligenter
1265 947 1402 973 curarem,
1413 945 1440 968 et
1451 941 1532 968 nudis
1543 942 1705 970 vestimenta

917 986 1078 1013 dividerem.
1096 984 1174 1012 Nunc
1187 992 1298 1013 auream
1317 985 1352 1012 ad
1372 992 1421 1013 ves
1438 993 1560 1013 mensam
1579 987 1707 1021 pretiosis

917 1030 1059 1065 lapidibus
1072 1034 1210 1062 ornatam,
1229 1029 1319 1064 pondo
1335 1028 1546 1064 quingentorum
1563 1029 1705 1060 talentum,

917 1083 967 1110 pro
980 1083 1021 1108 ea,
1037 1082 1099 1110 qua:
1112 1082 1145 1102 ex
1158 1074 1405 1109 llierosolymitano
1416 1074 1516 1109 templo
1527 1073 1632 1108 direpta
1647 1073 1707 1101 fne-

919 1125 971 1152 rat,
989 1120 1022 1147 ad
1036 1128 1084 1148 vos
1099 1128 1163 1148 cum
1180 1120 1341 1147 muneribus
1356 1127 1388 1148 ac
1408 1120 1530 1147 donariis
1542 1119 1629 1152 mitto,
1646 1126 1707 1154 qum

919 1167 946 1194 in
971 1167 1072 1202 templo
1094 1170 1187 1194 vestro
1209 1166 1366 1194 consecrari
1391 1166 1481 1201 cupio.
1503 1165 1566 1193 Haec
1580 1173 1613 1193 eo
1630 1165 1707 1193 vobis

919 1211 1046 1247 exposui,
1064 1214 1095 1237 ut
1110 1203 1153 1238 me
1166 1219 1201 1238 ex
1219 1211 1275 1237 voti
1296 1211 1416 1246 quadam
1439 1211 1582 1246 religione,
1603 1218 1634 1238 ac
1649 1211 1707 1245 pic-

921 1257 985 1284 tatis
998 1256 1090 1284 studio
1103 1256 1187 1284 libros
1202 1256 1271 1284 istos
1282 1256 1420 1291 ﬂagitasse
1436 1256 1553 1284 sciretis.

959 1301 1006 1328 llis
1023 1301 1120 1329 litteris
1135 1308 1168 1328 ac
1194 1301 1354 1329 muneribus
1375 1300 1563 1336 Hierosolyma
1587 1301 1708 1336 perlatis,

924 1352 1070 1384 utrumque
1079 1347 1165 1375 Judaei
1176 1347 1344 1383 perjncuude
1358 1355 1390 1375 ac
1406 1348 1521 1375 libenter
1535 1352 1709 1382 acceperunt.

923 1394 986 1422 Mox
1005 1394 1066 1421 sine
1083 1394 1138 1421 ulla
1157 1394 1333 1422 cunctatione
1352 1394 1438 1421 libros
1453 1393 1525 1426 illos,
1541 1401 1611 1428 quos
1631 1393 1712 1427 paulo

923 1443 988 1473 ante
1007 1439 1233 1471 commemoravi,
1255 1439 1398 1467 Hebraicis
1421 1439 1519 1467 litteris
1537 1439 1628 1466 aureis
1646 1445 1711 1466 con-

925 1486 1044 1521 scriptos
1064 1485 1099 1512 ad
1113 1492 1204 1521 regem
1226 1485 1340 1513 mittunt
1356 1494 1364 1512 ι
1379 1485 1430 1512 hoc
1446 1489 1487 1512 cst
1498 1484 1603 1512 Veteris
1616 1483 1715 1511 Testa—

929 1533 1013 1560 menti
1024 1531 1119 1565 viginti
1128 1531 1209 1564 duos,
1220 1535 1247 1558 et
1269 1531 1441 1566 apocryphos
1452 1530 1623 1565 septuaginta
1633 1530 1716 1559 duos.

929 1577 1035 1615 Quibus
1050 1577 1171 1612 acceptis
1190 1576 1353 1604 Ptolemaeus
1375 1585 1437 1605 cum
1452 1576 1585 1604 llebraiee
1599 1579 1718 1611 scriptos

929 1622 1039 1650 codices
1054 1622 1144 1657 legere
1160 1630 1216 1649 non
1231 1626 1336 1657 posset,
1357 1621 1480 1649 secundo
1491 1621 1525 1648 ad
1540 1628 1588 1649 eos
1597 1621 1718 1649 scribere

930 1671 1043 1695 coactus
1064 1671 1118 1703 est,
1139 1671 1168 1695 et
1192 1667 1356 1702 interpretes
1372 1671 1474 1702 petere,
1493 1667 1538 1702 qui
1557 1674 1591 1694 ex
1607 1666 1719 1694 Hebrzeo

932 1714 1017 1743 libros
1042 1714 1111 1742 istos
1136 1715 1164 1741 in
1185 1713 1312 1741 Gracum
1334 1720 1490 1741 sermonem
1518 1717 1718 1741 converterent.

934 1760 1047 1789 Summa
1057 1760 1180 1795 epistolae
1193 1760 1251 1787 hac
1265 1759 1317 1787 fuit
1334 1766 1342 1786 :

83 1803 252 1840 δυναμένους
270 1804 344 1839 αὐτῷ
359 1804 464 1841 φράσαι
478 1804 528 1837 τὰς
559 1804 666 1840 βίϐλους
696 1806 736 1837 εἰς
756 1805 806 1841 τὴν
838 1806 998 1843 Ἑλληνικὴν
1021 1807 1161 1836 διάλεκτον
1186 1807 1231 1834 διὰ
1254 1807 1305 1842 τῆς
1330 1806 1479 1842 Ἐὁραῑδος.
1508 1805 1634 1840 Περιεῖχε
1658 1802 1721 1836 δὲὴ

85 1850 214 1884 ἐπιστολὴ
231 1849 294 1876 τάδε
301 1854 310 1863 ⁸

122 1897 174 1924 lA'.
202 1897 232 1924 '0
253 1896 379 1932 βασιλεὺς
399 1897 567 1932 Πτολεμαῖος
589 1899 646 1929 τοῖς
666 1897 716 1932 τῆς
738 1898 880 1930 εὐσεϐείας

88 1942 270 1974 διδασκάλοις,
289 1944 345 1974 τοῖς
359 1943 388 1969 ἐν
406 1942 616 1978 Ἰεροσολύμοις,
634 1943 748 1970 πλεῖστα
765 1944 882 1980 χαίρειν.

123 1987 268 2023 Θησαυροῠ
276 1988 477 2024 κεκρυμμένου,
489 1989 535 2015 καί
544 1989 635 2024 πηγῆς
646 1989 882 2026 ὲσφραγισμένης,

90 2034 131 2067 τίς
145 2033 265 2069 ὠφέλεια
279 2034 309 2061 ὲν
325 2034 489 2070 ἀμφοτέροις
502 2042 510 2068 ;
533 2034 613 2062 Οὕτω
632 2036 680 2062 καὶ
694 2037 711 2071 ἡ
730 2036 795 2072 παρ’
808 2035 885 2071 ὑμῶν

123 2114 132 2129 ¹
145 2113 212 2148 Leg.
224 2113 366 2149 ἀμελλητί.

972 1898 1020 1926 XI.
1034 1897 1197 1928 Ptolemaeus
1210 1897 1378 1933 rexpietatis
1396 1897 1546 1933 magistris,
1563 1897 1608 1932 qui
1625 1897 1718 1925 Hiero-

937 1944 1050 1980 solymis
1071 1944 1205 1971 habitant.

976 1990 1057 2026 168
1076 1990 1181 2017 Occulti
1198 1990 1331 2022 thesauri,
1347 1995 1374 2018 et
1389 1990 1527 2026 obsignati
1552 1989 1636 2018 fontis
1652 1997 1728 2025 quae-

939 2044 1002 2064 nam
1013 2043 1076 2064 esse
1086 2039 1176 2071 potest
1188 2036 1310 2064 utilitas?
1322 2035 1379 2064 lloc
1391 2044 1442 2072 ego
1457 2036 1490 2063 de
1500 2036 1544 2063 bis
1554 2036 1642 2068 libris,
1657 2043 1729 2071 quos

131 2191 190 2227 (47)
213 2192 303 2219 Αὐτοὶ
324 2192 362 2227 6e
373 2192 530 2226 δεξάμενοι
554 2192 603 2227 καὶ
628 2191 686 2226 τὴν
709 2191 875 2227 ἐπιστολήν

942 2190 1044 2227 Cra-cm
1071 2188 1260 2227 translationis
1276 2189 1416 2227 invidiam
1436 2187 1665 2227 {osep‘biﬂsteculo
1685 2196 1726 2216 re-

98 2225 289 2254 Gratissimam
305 2226 437 2254 accidiSse
446 2225 570 2262 pontiﬁci
582 2226 739 2262 Judzeisque
753 2226 889 2262 Ptoleniwi

100 2262 312 2297 postulationem
329 2269 390 2288 cum
407 2261 504 2297 reliqui
517 2269 623 2294 omnes,
642 2266 700 2289 tum
713 2261 792 2289 Philo
809 2265 836 2289 et
847 2261 890 2288 Jo-

100 2297 215 2332 xephns,
231 2296 316 2332 Judaei
335 2296 397 2331 ipsi,
426 2296 571 2332 testantur.
586 2297 622 2323 At
640 2297 763 2331 Scaliger
781 2296 891 2332 inlini-

102 2331 174 2367 inud.
189 2336 217 2359 et
243 2332 269 2358 in
286 2331 392 2367 ltagog.
407 2340 467 2358 can.
492 2331 602 2367 falsum,
625 2337 652 2359 et
673 2331 889 2363 commentitium

103 2366 174 2401 istud
190 2374 252 2394 esse
266 2370 352 2401 putat,
365 2374 397 2393 ac
412 2370 517 2393 tantum
532 2366 639 2397 abesse,
656 2370 685 2393 ut
698 2373 731 2393 ea
746 2373 889 2393 sacrarum

103 2400 273 2429 Litterarum
297 2401 486 2435 interpretatio
510 2401 643 2436 voluptati
669 2401 723 2429 illis
744 2401 842 2436 fuerit,
860 2404 890 2427 ut

104 2440 250 2472 propterea
271 2436 712 2472 isorlernnerjejunium_decretum
733 2436 770 2464 sit
785 2435 889 2463 'l'ebetli

104 2470 164 2507 vni;
178 2477 210 2498 ut
223 2479 257 2499 ex
271 2470 435 2499 Kalendario
448 2472 543 2507 liquet.
558 2470 622 2507 Fuit
628 2472 705 2507 enim
719 2479 753 2498 ex
768 2472 891 2507 "lepra:-

105 2505 184 2548 cipue
199 2510 323 2548 tempore
343 2505 591 2548 perpetuuinninter
614 2506 784 2548 H_ebra:os_et
803 2505 892 2548 Helle-

106 2541 193 2568 nistas
211 2540 322 2569 Iudaeos
337 2540 491 2568 dissidiurn.
505 2540 558 2568 Sed
572 2542 660 2568 hacin
676 2548 715 2574 re,
731 2542 770 2568 uti
784 2540 891 2570 caeteris

108 2575 163 2612 fere
184 2576 482 2612 omnibustjudicium
501 2577 528 2612 in
549 2576 698 2612 Scaligero,
718 2583 750 2603 ac
774 2575 892 2612 pruden-

108 2610 170 2638 tiam
189 2612 311 2652 reqturo.
326 2610 392 2652 Quis
411 2612 487 2652 enini
505 2610 659 2639 Iudaeorum
674 2610 790 2652 arcanos
813 2611 891 2642 ritus,

109 2652 140 2681 ac
155 2646 271 2675 consilia
300 2647 398 2675 melius
417 2647 502 2678 novit.
522 2651 569 2674 aut
591 2654 673 2674 nosse
697 2646 794 2681 potuit.
811 2653 892 2680 quam

109 2679 254 2717 Qﬂephus,
270 2681 420 2709 llebraismi
436 2682 529 2717 utique
542 2689 596 2710 non
612 2679 852 2717 imperitus,quod
866 2681 894 2707 in

111 2714 223 2744 Philone
239 2716 361 2752 Scaliger
376 2714 494 2752 excipit?
507 2717 559 2750 Qui
574 2714 657 2749 idem,
671 2715 744 2751 quod
758 2715 892 2752 Aristeas,

113 2752 229 2787 prodidit
267 2750 399 2787 Eleazaro
426 2750 546 2787 pontiﬁci
570 2750 811 2787 iucundissimum
827 2750 894 2778 illud

114 2785 211 2822 (uisse:
233 2795 321 2822 neque
332 2787 373 2822 Vde
386 2785 541 2815 Iudaeorum
565 2785 715 2814 ollensione
730 2785 894 2822 mentionem

114 2818 177 2850 facit
203 2818 298 2850 ullam.
324 2821 390 2855 Quis
413 2822 495 2857 igitur
520 2830 574 2850 non
603 2821 686 2854 videt,
712 2821 783 2849 hanc
807 2820 894 2856 ipsam

942 2226 1092 2254 eentiorem
1105 2224 1254 2252 exstitisse.
1272 2223 1340 2251 Cum
1354 2224 1426 2251 enim
1441 2223 1526 2251 Judaei
1543 2224 1730 2251 Christianum

941 2269 1040 2288 nomen
1059 2259 1189 2295 paulatim
1206 2259 1319 2295 excitari
1341 2264 1495 2295 cernerent,
1511 2267 1595 2295 seque
1607 2260 1641 2286 ab
1650 2258 1724 2286 Chri-

926 2296 1026 2323 stianis
1046 2293 1104 2334 suis
1121 2295 1188 2334 ipsis
1209 2293 1318 2334 litteris,
1332 2301 1402 2334 quas
1417 2293 1510 2334 Graece
1525 2294 1645 2328 legerent
1667 2301 1729 2320 om-

942 2338 1001 2361 nes,
1018 2329 1144 2357 convinci
1167 2337 1198 2357 ac
1223 2329 1364 2364 redargui;
1383 2336 1454 2363 aegre
1469 2329 1586 2363 primum
1605 2336 1725 2355 cominus

942 2365 1051 2392 nionem
1066 2365 1139 2392 illam
1151 2365 1222 2392 ferre
1238 2363 1398 2398 cmperuiit;
1413 2367 1470 2390 tum
1487 2364 1598 2391 easdem
1613 2363 1731 2395 litteras,

942 2407 974 2427 ac
989 2399 1057 2426 LXX
1075 2399 1218 2427 Seniorum
1232 2399 1376 2433 editionem
1398 2406 1573 2433 corrumpere
1588 2406 1620 2425 ac
1647 2399 1731 2425 muti-

942 2435 1000 2462 lare
1025 2435 1115 2462 conati
1139 2438 1203 2462 sunt
1218 2444 1224 2461 :
1241 2434 1313 2469 quod
1337 2432 1464 2462 Justinus
1491 2432 1594 2469 martyr
1617 2433 1731 2469 Qialoga

944 2478 1004 2496 cum
1026 2469 1123 2505 Tryplt.
1140 2468 1349 2504 aliique’l’atres
1366 2469 1421 2505 illis
1429 2469 1608 2504 exprobrant.
1626 2468 1663 2495 Ex
1683 2469 1732 2495 illo

944 2503 1071 2539 tempore
1083 2510 1153 2532 nata:
1167 2503 1232 2532 sunt
1254 2504 1371 2539 auguria:
1396 2503 1473 2536 illa,
1487 2507 1514 2531 et
1536 2508 1644 2536 mum,
1661 2511 1732 2538 quas

945 2538 1120 2567 Kaléndariis
1137 2539 1195 2566 suis
1211 2538 1354 2566 intexueru
1361 2544 1399 2565 nt.
1414 2538 1504 2572 Quare
1516 2539 1673 2573 plumbeum
1689 2543 1735 2565 est

946 2574 1078 2610 Scaligcri
1099 2575 1194 2606 telum,
1218 2575 1289 2608 quod
1303 2582 1335 2601 ex
1357 2574 1423 2602 licet:
1442 2574 1494 2601 ista
1510 2573 1651 2601 rabbinica
1667 2581 1733 2608 pro-

944 2611 1015 2637 tulit.

981 2645 1036 2680 (£8)
1052 2643 1323 2680 Ἑϐδομηκονταδύο
1338 2643 1372 2670 δὲ
1390 2643 1443 2680 τὰς
1457 2643 1661 2680 ἀποκρύφους.
1679 2642 1732 2670 Vc-

945 2678 1006 2707 rum
1025 2679 1092 2707 illud
1114 2688 1168 2706 non
1185 2683 1259 2714 puto.
1283 2686 1369 2712 neque
1383 2679 1510 2712 cuiquam
1524 2678 1606 2714 facile:
1618 2685 1731 2714 persua-

946 2715 1012 2742 serit
1021 2715 1188 2751 Epiphanius
1197 2735 1204 2746 ,
1217 2721 1289 2740 Lxxu
1302 2714 1474 2751 apocryplios
1481 2713 1594 2751 totidem
1603 2713 1638 2739 ab
1649 2713 1734 2751 inter-

947 2746 1082 2791 pretibtis'
1093 2758 1126 2790 ex
1142 2749 1254 2776 Ilebraao
1266 2746 1533 2791 .translatosmfuiss‘e,
1545 2746 1731 2791 “maritantur!

947 2781 999 2812 isln
1013 2785 1149 2812 volumina
1166 2782 1408 2818 conscriptallebr.
1416 2783 1468 2811 litt.
1476 2781 1591 2810 allirmat
1601 2781 1637 2809 ob
1649 2781 1732 2815 idque

948 2820 999 2856 legi
1017 2820 1128 2848 minim“:
1139 2819 1271 2853 potuisse.
