1939 3039
217 138 270 166 259

250 195 320 225 XIII.
333 195 426 224 Secuti
442 198 508 224 sunt
522 197 707 225 Romanorum
724 195 913 231 imperatores.

255 244 396 277 Augustus
418 249 507 269 annos
527 248 582 275 ut,
602 241 683 277 cujus
703 248 777 269 anno
796 242 1010 278 quadragesimo

215 288 349 320 secundo,
363 287 494 315 Dominus
509 292 604 316 noster
619 287 702 316 Jesus
716 288 843 316 Christus
859 287 1009 316 secundum

215 341 326 362 carnem
338 337 420 360 natus
435 338 488 361 €81.

252 379 380 407 Tiberius
394 385 483 406 aitnos
501 384 583 411 um,
597 378 679 414 cujus
698 386 773 407 anno
786 378 895 407 decimo
910 383 1009 406 octavo

212 426 347 454 Christus
361 424 511 452 cruciﬁxus
522 428 575 452 est.

252 471 341 499 Caius
363 478 452 499 annos
471 474 541 503 tres,
564 477 674 499 menses
699 477 808 502 novem,
831 470 891 498 dies
913 469 1010 505 viginti

216 523 326 544 novem.

250 561 387 589 Claudius
403 568 491 588 annos
507 568 569 593 xm,
585 567 696 588 menses
707 559 890 592 tluos,minue
902 559 1011 587 duobus

216 607 326 634 diebus.

251 652 324 679 Nero
347 659 435 680 annos
460 659 530 684 xm,
559 658 668 680 menses
689 655 812 687 septem,
837 650 897 679 dies
915 650 1011 686 viginti

217 701 332 732 septem.

252 743 337 770 Galba
354 750 464 771 menses
482 746 599 778 septem,
617 742 677 770 dies
694 742 792 778 viginti
811 747 870 769 sex.

252 787 324 814 Otho
336 795 445 816 menses
460 780 528 819 tres,
541 787 601 815 dies
619 788 752 822 quinqtte.

253 831 379 858 Vitellius
394 839 504 859 menses
519 831 685 865 octodecim,
699 831 759 860 dies
776 831 932 859 duodecim.

253 876 441 912 Vespasianus
453 885 541 906 annos
556 885 666 910 novem,
684 884 792 905 menses
821 880 936 912 septem,
952 876 1011 905 dies
1023 865 1049 892 Β

218 922 374 950 duodecim.

253 968 333 995 Titus
353 975 441 996 annos
453 967 535 1001 duos,
551 975 661 996 menses
675 968 756 999 duos,
775 967 835 996 dies
855 968 937 995 duos.
953 967 1011 996 Hoc

219 1020 341 1049 tempore
369 1015 502 1042 subversa
529 1017 593 1041 sunt
615 1013 818 1049 Hierosolyma,
839 1014 1012 1050 sexagesimo

218 1061 316 1094 quinto
328 1066 411 1091 anno,
424 1063 452 1087 et
474 1059 579 1094 aliquot
592 1059 690 1086 diebus
708 1059 811 1094 elapsis
828 1063 890 1094 post
907 1059 1011 1088 Christi

218 1105 386 1140 passionem.

254 1151 425 1178 Domitianus
441 1157 531 1178 annos
547 1157 592 1182 xv,
608 1154 635 1178 et
651 1157 759 1178 menses
773 1150 904 1185 quinque.

255 1195 342 1223 Nerva
357 1204 459 1223 annum
476 1204 574 1228 unum,
589 1204 697 1224 menses
713 1201 843 1231 quatuor.

254 1241 390 1276 Traianus
401 1249 488 1269 annos
499 1241 595 1269 decem
610 1246 638 1269 et
653 1248 762 1268 novem.

254 1288 391 1327 Adrianus
400 1295 487 1315 annos
499 1296 556 1319 xxi,
570 1287 652 1322 cujus
661 1294 734 1314 anno
744 1286 906 1314 duodecimo
915 1287 1010 1322 Aquila

219 1333 322 1360 ﬂoruit.

257 1379 296 1405 Ab
309 1379 431 1413 Augusto
445 1377 528 1412 igitur
536 1376 571 1404 ad
581 1375 734 1403 Adrianum
750 1376 814 1404 anni
844 1377 1013 1413 colliguntur

220 1429 329 1450 centum
349 1422 504 1458 octoginta,
526 1429 634 1449 menses
650 1426 778 1457 quatuor,
799 1423 890 1451 minus
911 1423 1008 1451 diebus

221 1477 337 1498 novem:
355 1469 390 1496 ita
412 1468 447 1495 ab
463 1475 495 1495 eo
523 1473 657 1502 tempore,
683 1475 738 1502 quo
759 1467 938 1504 Septuaginta
958 1469 1013 1496 duo

221 1516 387 1550 luterpretes
409 1514 576 1542 exstiterunt
604 1521 692 1548 usque
717 1514 751 1541 ad
779 1515 904 1549 Aquilam
928 1515 1046 1561 inter-C

221 1566 324 1596 pretem
357 1561 414 1587 sive
447 1559 527 1594 170
551 1559 585 1586 ad
607 1559 800 1587 duodecimum
822 1561 935 1587 Adriani
961 1569 1011 1588 an~

222 1614 298 1636 lllllll,
310 1606 372 1632 anni
382 1612 514 1638 CCCCXXX,
529 1612 637 1633 menses
654 1610 781 1640 quatuor.

259 1662 332 1690 XIV.
345 1661 432 1689 Porro
451 1662 590 1690 Adrianus
607 1662 659 1690 isto
681 1669 798 1698 corpore
815 1663 886 1690 male
898 1663 1013 1691 allectus

222 1708 336 1736 medicis
349 1707 489 1741 omnibus,
501 1708 548 1742 qui
562 1707 589 1734 in
600 1711 657 1734 toto
666 1706 791 1735 Romano
799 1708 915 1744 imperio
923 1712 1012 1742 erant,

222 1755 373 1787 arcessitis,
399 1756 433 1782 ad
459 1755 624 1781 medicinam
649 1755 760 1790 corpori
787 1763 838 1783 suo
859 1755 1013 1784 faciendam

223 1801 285 1828 illos
311 1800 445 1827 adhibuit.
469 1799 523 1827 Sed
543 1807 608 1827 cum
624 1807 734 1827 omnem
752 1809 864 1836 operam
881 1803 942 1829 sine
956 1801 1014 1829 ullo

223 1845 314 1873 fructu
330 1846 498 1881 posuissent,
516 1846 550 1873 ab
571 1845 738 1881 imperatore
761 1847 818 1874 risu
842 1854 874 1874 ac
895 1847 1014 1875 ludibrio

222 1892 307 1919 habiti
332 1896 397 1919 sunt
413 1901 420 1919 :
443 1900 532 1928 usque
547 1893 628 1925 adeo,
645 1897 675 1920 ut
692 1893 814 1920 mordaci
829 1894 858 1921 in
878 1893 942 1921 illos
955 1894 1015 1929 epi-

222 1937 291 1965 stola
313 1937 513 1972 professionem
532 1938 619 1973 ipsam
640 1942 784 1973 artemque
807 1939 963 1971 damnaret,
984 1942 1015 1967 ut

222 1991 282 2018 qua:
303 1983 371 2009 nihil
391 1983 425 2010 de
445 1984 607 2019 :egritudine
636 1992 687 2012 sua
712 1984 848 2012 extricare
868 1985 1012 2020 potuisset.

224 2028 315 2063 itaque
326 2028 354 2054 in
368 2027 515 2063 Egyptum
530 2027 683 2064 profectus,
695 2036 757 2056 cum
771 2029 856 2056 Roma
869 2029 1014 2058 discedens

223 2074 306 2101 urbes
329 2075 401 2106 illas,
420 2082 481 2110 quae
505 2075 532 2102 in
557 2075 656 2102 itinere
673 2075 768 2110 positre
787 2078 863 2108 sunt,
884 2075 961 2103 obire
981 2084 1014 2103 ac

223 2120 389 2155 perlustrare
409 2120 500 2152 vellet,
527 2125 558 2147 ut
577 2124 637 2148 erat
654 2120 766 2148 videndi
795 2121 1014 2157 explorandique

222 2166 351 2201 cupidus,
366 2166 436 2193 inter
459 2171 573 2193 caeteras
590 2166 777 2197 Antiochiam.
792 2174 824 2193 ac
843 2166 945 2194 Ccelem
962 2167 1012 2203 Sy-

920 137 949 166 S.
972 135 1141 165 EPIPHANII

1017 197 1041 227 Α
1090 195 1140 223 ll".
1161 192 1227 222 Εἶτα
1243 194 1363 230 βασιλετς
1387 194 1540 230 Ῥωμαίων.

1092 241 1249 276 -Αὕγουστος
1270 241 1318 276 ἔτη
1353 244 1394 273 νς⁹
1408 238 1584 277 Itamirum
1605 241 1635 268 ὲν
1649 241 1689 277 τῷ
1716 250 1858 278 τεσσαρα-

1061 287 1150 323 κοστῷ
1168 287 1287 323 δευτέρῳ
1299 287 1354 314 ἔτει
1366 288 1381 314 ὁ
1397 287 1499 322 Κύριος
1517 288 1595 323 ἡμῶν
1616 287 1719 323 Ἰησοῦς
1735 289 1860 324 Χριστὸς

1061 334 1132 361 κατὰ
1143 334 1234 371 σάρκα
1243 333 1415 368 γεγέννηται.

1095 381 1221 416 Τισέριος
1235 380 1283 415 ἔτη
1297 383 1350 415 κγ’,
1359 376 1390 406 οὗ
1405 379 1445 415 τῷ
1458 380 1684 416 ὀκτωκαιδεκάτῳ
1694 381 1749 408 ἔτει
1762 382 1777 408 ὁ
1787 381 1859 417 Χρι-

1062 427 1125 458 στὸς
1142 426 1322 462 ἐσταύρωται.

1097 472 1177 504 Γάϊος
1191 472 1239 506 ἔτη
1251 471 1285 506 γ’,
1306 472 1392 507 μῆνας
1407 471 1442 504 0’,
1463 471 1571 508 ἡμέρας
1586 471 1638 498 20'.

1098 561 1230 593 Κλαύδιος
1241 561 1288 597 ἐτη
1306 565 1349 595 ιγ’,
1364 561 1451 597 μῆνας
1465 561 1522 593 δύο,
1536 561 1601 597 παρ’
1611 561 1717 598 ἡμέρας
1729 561 1785 589 δύο.

1097 648 1191 684 Νέρων
1208 649 1255 685 ἐτη
1271 653 1316 683 ιγ’,
1334 649 1422 684 μῆνας
1441 649 1473 682 ζ’,
1489 648 1594 684 ἡμέρας
1611 648 1662 680 κζ’.

1099 741 1205 773 Γαλδὰς
1221 741 1310 776 μῆνας
1325 740 1346 773 ζ’
1356 760 1364 772 ι
1382 740 1486 776 ἡμέρας
1501 744 1556 773 ἰς’-

1101 787 1190 815 Ὄθων
1210 787 1298 823 μῆνας
1307 790 1344 821 γ’,
1353 787 1462 823 ἡμέρας
1474 787 1506 814 ε’.

1099 833 1220 865 Βιτέλιος
1231 834 1320 869 μῆνας
1339 836 1384 868 ιη’,
1398 833 1506 869 ἡμέρας
1518 833 1563 868 ιβ’.

1098 879 1301 911 Οὐεσπασιανὸς
1319 879 1366 906 ἔτη
1382 878 1414 911 0',
1433 879 1520 914 μῆνας
1533 878 1567 912 ζ’,
1583 879 1690 916 ἡμέρας
1707 879 1751 915 ιβ’.

1098 971 1177 1001 Τῖτος
1187 969 1234 1005 ἔτη
1251 968 1308 1001 δύο,
1330 968 1417 1004 μῆνας
1428 968 1485 1000 δύο,
1498 969 1604 1004 ἡμέρας
1625 968 1681 995 δύο.
1707 967 1753 994 Ἐν
1766 968 1859 1004 τούτῳ

1062 1015 1102 1051 τῷ
1112 1016 1200 1052 χρόνῳ
1213 1015 1324 1049 γέγονεν
1350 1015 1368 1050 ἡ
1397 1014 1538 1050 ἐρήμωσις
1558 1013 1763 1050 Ἱεροσολύμων,
1786 1017 1858 1049 μετὰ

1061 1060 1208 1095 ἑξηκοστὴν
1233 1059 1358 1094 πέμπτον
1381 1059 1440 1091 ἔτος
1455 1059 1505 1094 τῆς
1526 1058 1644 1094 Χριστοῦ
1661 1059 1856 1093 σταυρώσεως,

1062 1107 1110 1133 καὶ
1128 1107 1180 1142 ήμὲ
1185 1113 1234 1141 ρας
1250 1105 1336 1137 τινὰς.

1098 1153 1259 1188 Δομετιανὸς
1274 1152 1321 1188 Ετη
1337 1155 1377 1184 ιε’,
1395 1152 1483 1188 μῆνας
1495 1156 1523 1178 ε’.

1098 1198 1221 1232 Νερούας
1237 1197 1296 1229 ἔτος
1313 1197 1353 1230 ἓν,
1365 1197 1454 1232 μῆνας
1463 1196 1494 1223 δ’-

1098 1242 1230 1277 Τραῖανδς
1244 1242 1293 1277 ἔτη
1309 1242 1351 1270 ιθ’.

1106 1288 1242 1323 Ἀδριανὸς
1273 1288 1320 1323 ἔτη
1349 1291 1402 1320 κα’,
1431 1285 1535 1320 οὗτινος
1562 1288 1601 1323 τῷ
1623 1288 1766 1324 δωδεκάτῳ
1800 1287 1856 1315 ἔτει

1069 1333 1184 1365 Ἀκύλας
1198 1334 1371 1370 ὲγνωρίζετο.
1678 1349 1681 1353 ν

1104 1379 1170 1406 Ἀπὸ
1185 1377 1233 1407 οὖν
1242 1379 1396 1414 Αὐγούστου
1412 1380 1464 1412 ἕως
1478 1380 1618 1416 Ἀδριανοῦ
1636 1380 1683 1416 ἐτη
1702 1383 1756 1415 ρπ’,
1771 1380 1856 1416 μῆνες

1061 1426 1094 1456 δ’.
1109 1425 1186 1462 παρὰ
1201 1426 1308 1461 ἡμέρας
1326 1426 1348 1453 Θ¹
1357 1435 1365 1443 ⁸
1383 1426 1420 1458 ὡς
1437 1424 1506 1453 εἶναι
1522 1426 1578 1453 ἀπὸ
1591 1426 1688 1462 χρόνου
1704 1426 1756 1460 τῆς
1767 1426 1857 1461 ἑρμηα

1062 1472 1135 1505 νείας
1143 1473 1197 1500 τῶν
1210 1471 1458 1509 Ἐὂδομηκονταδύο
1475 1472 1737 1509 Ἑρμηνευτῶν,ἓως
1756 1472 1856 1499 ’Λκύλα

1062 1518 1109 1545 τοῦ
1128 1519 1307 1554 ἑρμηνευτοῦ,
1324 1520 1408 1554 ἤγουν
1419 1519 1472 1549 ἓως
1486 1519 1637 1546 δωδεκάτου
1655 1518 1731 1550 ἔτους
1751 1519 1856 1554 Ἁδρια-

1063 1565 1120 1596 νοῦ,
1140 1565 1186 1598 ἐτη
1200 1565 1249 1596 υ).’,
1264 1565 1312 1593 καὶ
1331 1565 1419 1601 μῆνας
1434 1566 1465 1593 δ’.

1101 1665 1149 1690 [Au
1165 1659 1249 1694 Οὗτος
1259 1663 1287 1689 δὲ
1305 1663 1319 1689 ὁ
1339 1658 1477 1699 Ἀδριανὸς
1502 1663 1634 1699 λωϐηθεὶς
1649 1663 1681 1689 τὺ
1704 1662 1797 1697 σῶμα,
1809 1663 1856 1689 καὶ

1065 1708 1310 1746 μεταστειλάμενος
1325 1709 1398 1736 ἅπαν
1408 1709 1439 1736 τδ
1453 1708 1555 1744 πλῆθος
1571 1709 1625 1735 τῶν
1640 1708 1692 1735 ὑπὸ
1710 1709 1760 1744 τὴν
1775 1708 1855 1744 βασι-

1064 1756 1138 1783 λειαν
1149 1755 1231 1783 αὑτοῦ
1250 1755 1360 1791 ἰατρῶν,
1377 1755 1462 1791 ᾔτησε
1481 1755 1546 1791 παρ’
1558 1755 1649 1782 αὐτῶν
1670 1755 1794 1790 ἰατρείαν
1809 1754 1856 1781 τοῦ

1065 1802 1191 1838 σώματος
1207 1802 1302 1829 αὐτοῦ.
1317 1803 1349 1829 Οἱ
1369 1803 1399 1829 δὲ
1415 1802 1501 1829 πολλὰ
1515 1802 1696 1838 κεκμηκότες,
1709 1802 1757 1828 καὶ
1776 1801 1856 1837 μηδὲν

1063 1849 1223 1880 ἀνύσαντες,
1238 1848 1418 1885 ὲσκὼφϐησαν
1430 1849 1476 1876 ὑπ’
1496 1848 1590 1882 αὐτοῦ,
1606 1849 1644 1880 ὡς
1656 1849 1704 1875 καὶ
1714 1848 1857 1884 ἐπιστολὴν

1063 1895 1241 1930 ὀνειδιστικὴν
1258 1894 1363 1931 γράψαι
1384 1896 1444 1921 κατ’
1458 1895 1560 1927 αὐτῶν,
1577 1894 1627 1930 τὴν
1645 1893 1744 1930 τέχνην
1768 1893 1858 1920 αὐτῶν

1064 1941 1247 1977 αἰτιωμένην,
1275 1941 1314 1971 ὡς
1346 1941 1429 1977 μηδὲν
1455 1941 1559 1968 εἰδυῖαν
1588 1941 1637 1976 τῆς
1662 1940 1858 1976 περικειμένης

1064 1986 1138 2022 αὐτῷ
1157 1987 1234 2013 νόσου
1262 1986 1356 2014 ἕνεκα.
1376 1987 1518 2014 Στέλλεται
1542 1986 1592 2023 τὴν
1614 1986 1728 2023 πορείαν
1745 1986 1793 2013 ἐπὶ
1810 1987 1858 2021 τὴν

1063 2034 1119 2060 τῶν
1127 2034 1285 2069 Αἰγυπτίων
1295 2034 1358 2070 γῆν.
1370 2034 1445 2061 Ἔδει
1454 2033 1482 2060 δὲ
1493 2034 1575 2060 αὑτὸν
1582 2033 1636 2060 ἀπὺ
1652 2033 1702 2069 τῆς
1715 2034 1858 2069 Ῥωμαίων

1064 2081 1111 2107 ἐπὶ
1119 2081 1168 2112 τὰς
1179 2081 1243 2116 ἑξῆς
1251 2080 1434 2117 προϐαίνοντα
1443 2080 1545 2112 πόλεις,
1554 2079 1658 2112 ταύτας
1665 2079 1842 2107 κατοπτεύειν
1850 2085 1856 2093 ·

1063 2124 1098 2162 ἦν
1125 2126 1180 2163 γὰρ
1201 2127 1216 2153 ὸ
1239 2127 1309 2162 ἀνὴρ
1337 2126 1497 2162 φιλοΐστωρ.
1510 2126 1651 2162 Διέρχεται
1664 2123 1710 2154 οὖν
1733 2126 1783 2162 τὴν
1800 2126 1857 2153 ’Λν-

1065 2174 1155 2209 τιὸχου
1170 2172 1257 2205 πόλιν,
1275 2172 1435 2208 ὑπερϐαίνει
1447 2181 1477 2199 τε
1488 2173 1538 2207 τὴν
1552 2173 1652 2207 Κοίλην
1666 2174 1714 2199 καὶ
1731 2173 1783 2207 τὴν
1797 2173 1856 2199 Φοι-

223 2213 302 2244 riatn,
324 2212 492 2244 Phoenicem,
509 2217 536 2239 et
555 2212 729 2240 Palaestinam
751 2220 813 2247 qua:
833 2211 926 2239 Judaea
946 2201 1013 2241 dici-

1070 2201 1154 2254 νίκιην,
1185 2219 1234 2246 καὶ
1250 2201 1362 2254 ἔρχεται
1388 2218 1429 2250 εις
1458 2201 1726 2254 τὴν-Παλαιστίνην,
1743 2201 1794 2255 τὴν
1813 2219 1858 2246 καὶ

223 2263 278 2289 tur,
294 2266 367 2285 anno
386 2267 439 2294 qua
459 2266 554 2286 eversa
573 2258 663 2286 fuerat
680 2259 799 2294 septimo
815 2263 843 2287 et
857 2259 1013 2296 quadrage-

222 2307 293 2334 simo
306 2314 464 2342 peragrans,
476 2306 692 2342 Hierosolymam
700 2306 907 2334 celeberrimam
921 2308 1016 2336 urbem

223 2361 255 2380 ac
269 2354 468 2381 nobilissimam
487 2353 642 2384 contendit.
658 2361 739 2388 quam
758 2353 837 2381 Titus
853 2353 1015 2389 Vespasiani

224 2398 296 2427 lilius
319 2399 441 2427 secundo
457 2398 566 2434 imperii
589 2399 632 2425 sui
649 2406 721 2426 anno
740 2399 923 2427 subverterat.
941 2399 1016 2428 Hanc

224 2445 270 2472 ille
283 2446 342 2473 solo
360 2448 511 2484 aequatam,
525 2443 656 2480 templum
679 2444 770 2479 ipsum
792 2445 965 2474 destructum
983 2454 1015 2476 ac

221 2535 383 2566 dromo,aut
395 2541 481 2569 agone
492 2534 624 2568 equestri.
638 2535 682 2562 cui
696 2535 762 2562 Laio
778 2543 876 2564 nomen
895 2537 1011 2565 inditum

224 2571 270 2607 sit,
300 2570 521 2607 niliil_hactenus
539 2571 668 2607 occurrit.
692 2571 862 2599 Crediderint
885 2571 1010 2607 Lagium,

224 2605 335 2642 Λάτιον,
357 2604 391 2631 ab
412 2604 472 2638 ejus
487 2605 640 2642 conditore,
662 2607 708 2642 _vcl
725 2611 837 2634 auctore
856 2604 947 2642 potius
964 2616 1012 2639 ge-

224 2639 305 2677 neris
314 2639 386 2674 Lago
402 2647 464 2677 esse
478 2639 591 2677 dictum.
619 2640 672 2667 Sed
690 2642 788 2668 mirum
802 2639 930 2677 estquod
947 2643 1012 2677 Epi-

225 2674 342 2709 phanius
358 2675 464 2707 scribit,
480 2682 494 2701 a
516 2675 589 2709 Lago
602 2676 742 2703 conditum
765 2684 826 2704 esse
841 2674 1013 2705 Alexandria:

225 2709 336 2747 ζτιπικόν
366 2710 494 2747 ἧΗιιύηοι
510 2710 606 2737 Laium
629 2713 803 2746 appellatum.
820 2717 867 2739 aut
888 2712 1011 2747 Lagium.

223 2743 315 2780 Neque
331 2745 403 2772 enim
421 2745 479 2773 scio
498 2754 532 2773 an
549 2743 739 2773 Alexandriam
761 2748 850 2779 Lagus
867 2748 919 2775 iste
927 2743 1011 2775 Vide-

223 2780 268 2811 rit,
285 2788 346 2816 qua:
374 2780 484 2817 condita
509 2787 551 2809 est
581 2781 746 2817 Olympiadis
763 2782 815 2809 ΗΞ
838 2790 910 2810 anno
935 2790 965 2815 ιι,
982 2788 1012 2810 ιιι

224 2815 321 2852 auctOr
340 2819 383 2852 est
398 2815 542 2852 Diodorus.
571 2815 635 2852 Ejus
653 2815 734 2852 porro
750 2817 821 2844 filius
837 2818 930 2845 statim
950 2822 1012 2851 post

224 2851 328 2879 obitum
353 2851 498 2879 Alexandri
526 2853 554 2879 in
587 2851 790 2887 provinciarum
818 2853 1013 2880 distributione

1075 2266 1204 2293 Ἰουδαίαν
1229 2265 1411 2300 καλουμένην,
1431 2265 1500 2300 μετὰ
1521 2264 1568 2301 ἔτη
1581 2265 1623 2301 μζ¹
1642 2265 1692 2301 τῆς
1707 2265 1762 2293 τῶν
1780 2266 1859 2302 Ἰερο-

1067 2311 1191 2347 σολύμων
1208 2311 1386 2347 ὲρημώσεώς.
1396 2311 1452 2338 Καὶ
1465 2311 1568 2338 ἄνεισιν
1579 2311 1626 2337 ἐπὶ
1639 2311 1675 2338 τὰ
1688 2311 1859 2346 Ἰεροσόλυμα

1065 2356 1114 2392 τὴν
1126 2356 1293 2392 περίπυστον
1309 2356 1386 2383 πόλιν
1403 2356 1450 2383 καὶ
1466 2356 1629 2391 ὀνομαστὴν,
1645 2356 1679 2391 ἣν
1691 2356 1858 2392 κατέστρεψε

1065 2402 1145 2434 Τῖτος
1156 2401 1364 2428 υύεσπασιανοῠ
1384 2402 1450 2434 παῖς
1473 2401 1513 2436 τῷ
1538 2401 1657 2436 δευτέρῳ
1672 2401 1728 2427 ἐτει
1743 2401 1795 2436 τῆς
1814 2402 1859 2428 αὑ-

1065 2447 1113 2474 τοῦ
1130 2447 1279 2483 βασιλείας.
1296 2448 1352 2475 Καὶ
1369 2444 1432 2483 εὗρε
1445 2448 1496 2483 τὴν
1511 2447 1588 2474 πόλιν
1605 2448 1697 2474 πᾶσαν
1709 2447 1860 2482 ὴδαφισμέ-

1063 2539 1256 2567 Alexandriam
1263 2543 1289 2567 et
1306 2539 1454 2575 Egyptum
1466 2539 1594 2566 obtinuit.
1605 2538 1753 2575 Quare‘aut
1764 2545 1858 2575 super-

1065 2576 1129 2602 stite
1143 2575 1233 2602 adhuc
1249 2572 1404 2602 Alexandro
1421 2578 1561 2609 superstes
1576 2577 1603 2601 et
1620 2572 1783 2609 ipserLagus
1797 2573 1857 2600 Ale-

1065 2609 1207 2637 xandriam
1233 2610 1367 2645 ejusmodi
1392 2608 1484 2644 aliquo
1513 2617 1595 2644 opere
1613 2608 1784 2645 nobilitavit:
1815 2612 1859 2634 aut

1064 2645 1124 2678 ejus
1138 2645 1208 2673 illius
1224 2643 1385 2680 Lagidarum
1401 2643 1607 2672 monumentum
1621 2645 1649 2671 in
1663 2643 1786 2680 ejusdem
1799 2650 1860 2677 ope-

1065 2680 1104 2707 ris
1118 2678 1300 2717 appellatione
1311 2680 1466 2717 constituit,
1477 2688 1537 2717 qu_:e
1550 2680 1689 2717 posterior
1701 2678 1858 2717 conjectura

1066 2713 1232 2750 probabilior
1247 2720 1298 2743 est.
1320 2716 1356 2743 De
1371 2716 1445 2750 Lago
1460 2713 1491 2743 et
1503 2713 1650 2742 Ptolemaeo
1665 2714 1726 2750 ejus
1738 2713 1794 2740 ﬁlio
1808 2720 1861 2750 me.

1069 2748 1201 2778 iuorabile
1215 2751 1345 2786 quiddam
1361 2748 1433 2786 leges
1449 2750 1521 2786 apud
1535 2750 1659 2786 Suidam.
1675 2748 1860 2786 (Dissertatim

1065 2793 1127 2812 nem
1144 2787 1178 2814 de
1195 2784 1397 2821 imperatorum
1406 2784 1592 2813 Romanorum
1609 2784 1790 2821 chronologia
1802 2791 1860 2821 qtae

1065 2821 1110 2848 hic
1127 2821 1154 2849 in
1162 2818 1281 2849 editidne
1295 2821 1397 2849 Petavii
1413 2821 1590 2857 sequebatur,
1601 2820 1663 2848 vide
1673 2819 1757 2848 infra.
1770 2818 1860 2852 Eutr.)
