1939 3039
95 118 149 148 26(

584 124 686 153 LIBER
705 124 750 153 DE
769 125 948 156 MENSURIS
968 129 1013 157 ET
1032 130 1266 163 PONDERIBUS.

1695 145 1749 174 269

97 189 160 216 νην,
174 180 223 207 καὶ
237 180 267 208 τὸ
281 181 356 217 ἱερὸν
375 176 424 209 τοῦ
444 182 513 210 θεοῦ
533 187 813 221 καταπεπατημένον,
833 196 891 224 παρ

99 226 180 239 -.ι-λ-
209 226 234 239 1‘
242 226 309 239 1....“
339 228 497 239 -L._“1Al,,l
514 238 518 239 ν
549 230 557 239 ι
596 231 610 238 ~
674 231 687 237 ρι
705 232 724 239 Α
757 232 771 238 ~
791 233 819 239 ι.-
857 234 865 239 ι

958 191 1144 225 proculcatum
1169 194 1281 229 reperit,
1306 197 1402 230 paucis
1425 199 1530 228 aedibus
1556 203 1691 239 exceptis.
1716 213 1749 234 ac

98 226 180 258 εκτὺς
207 226 309 261 ὀλίγων
338 228 498 264 οἰκημάτων
512 230 561 257 καὶ
579 231 630 266 τῆς
640 231 688 259 τοῦ
703 232 772 259 Θεοῦ
791 233 905 269 Ἐκκλη-

100 271 172 304 σίας,
190 274 295 309 μικρᾶς
311 273 406 309 οὔσης,
419 274 484 302 ἔνθα
493 276 715 312 ὑποστρέψαντες
731 279 755 305 ot
768 279 903 315 μαθηταὶ,

98 319 144 345 ὅτε
159 319 174 345 ὸ
189 319 287 355 Σωτὴρ
299 320 440 356 ἀνελήφθη
456 321 511 348 ἀπὸ
522 322 569 348 τοῦ
593 323 747 355 Ἐλαιῶνος,
764 325 902 360 ἀνέϐησαν

99 365 141 395 εἰς
153 365 185 391 τὸ
203 365 340 401 ὑπερῷον.
362 367 438 394 Ἐκεῖ
456 367 511 403 γὰρ
527 368 696 405 ᾠκοδόμητο,
713 371 852 399 τουτέστιν
873 373 903 398 ἐν

99 410 139 446 τῷ
167 412 247 446 μέρει
281 412 371 444 Σιὼν,
404 413 466 448 ἥτις
491 414 546 440 ἀπὸ
571 415 621 450 τῆς
646 415 812 451 ἐρημώσεως
837 425 904 452 παρ-

100 455 207 492 ελήφθη
227 457 305 490 ¹,καὶ
320 457 391 493 μέρη
419 458 553 493 οίκήσεων
568 460 634 495 περὶ
652 461 738 496 αὐτὴν
755 461 805 497 τὴν
816 461 898 495 Σιὼν,

102 503 148 530 καὶ
161 503 232 530 ἑπτὰ
247 505 415 539 συναγωγαὶ,
431 505 460 531 αἶ
473 505 503 532 ὲν
515 507 549 542 τῇ
566 506 636 533 Σιὼν
646 507 725 542 μόναι
737 508 900 543 ἑστήκεσαν,

99 549 138 580 ὡς
153 549 284 582 καλύϐαι,
311 549 342 582 ἐξ
368 547 408 577 ὧν
434 550 484 586 μία
503 552 672 588 περιελήφθη
694 554 716 586 ¹,
731 553 784 585 ἕως
805 554 900 590 χρόνου

101 596 258 631 Μαξιμωνᾶ
283 596 331 623 τοῦ
354 597 508 624 ἐπισκόπου
539 598 588 625 καὶ
613 600 822 627 Κωνσταντίνου
852 600 900 627 τοῦ

101 641 246 677 βασιλέως,
262 643 300 674 ὡς
314 643 417 677 σκηνὴ
430 644 466 670 ἐν
478 644 641 678 ἀμπελῶνι,
654 645 725 672 κατὰ
741 645 900 682 τὺγεγραμ-

101 688 194 723 μένον.
211 689 363 715 Διανοεῖται
382 687 430 715 οὖν
446 690 460 716 ὁ
481 690 620 726 Ἀδριανὸς
641 689 691 726 τὴν
704 689 782 718 πόλιν
797 692 899 725 κτίσαι,

100 731 200 769 οὒμὴν
213 734 245 760 τὺ
259 734 341 769 ίερόν.
358 735 413 761 Καὶ
427 735 518 762 λαϐὼν
537 736 582 762 τὸν
607 736 722 763 ’Λκύλαν
737 736 834 764 τοῦτον
853 738 899 764 τδν

99 780 302 816 προειρημένον
317 781 498 816 ἑρμηνευτὴν,
517 781 635 817 Ἕλληνα
655 782 731 815 ὄντα,
751 783 799 809 καὶ
814 783 897 810 αὑτοῦ

99 826 273 862 πενθερίδην,
288 827 341 853 ἀπὸ
355 826 480 862 Σινώπης
498 827 527 854 δὲ
544 828 593 863 τῆς
608 828 709 854 Πόντου
723 828 895 864 ὁρμώμενον,

99 872 262 907 καθίστησιν
285 872 367 899 αὑτὸν
386 873 475 899 ἐκεῖσε
495 873 651 899 ἐπιτάττειν
666 874 724 906 τοῖς
736 873 828 909 ἔργοις
841 875 895 901 τῶν
913 868 933 897 η

99 917 150 952 τῆς
180 916 286 948 πόλεως
315 916 484 952 κτισμάτων,
507 917 685 949 ἐπιτεθεικὼς
708 919 742 954 τῇ
771 918 847 946 πόλει
865 919 895 946 τὸ

99 963 165 989 ἴδιον
182 964 269 998 ὄνομα
294 963 340 990 καὶ
357 962 404 990 τοῦ
421 962 566 998 βασιλικοῦ
581 963 715 999 ὀνόματος
724 963 770 990 τὸν
787 973 895 1000 χρημα-

97 1009 207 1044 τισμόν.
229 1009 274 1041 Ὠς
289 1009 342 1044 γὰρ
359 1010 462 1041 ἐκεῖνος
479 1009 624 1045 ὠνόμαστο
637 1010 728 1042 Αἴλιος
745 1010 894 1046 Ἀδριανὸς,

97 1054 185 1086 οὕτως
199 1055 248 1080 καὶ
262 1054 312 1090 τὴν
328 1054 404 1080 πόλιν
417 1053 558 1090 ὠνόμασεν
572 1054 676 1082 Αἰλίαν.

136 1112 185 1137 ΙΕ’.
207 1110 239 1138 ’0
254 1110 343 1137 τοίνυν
365 1109 481 1142 Ἀκύλας
493 1110 595 1144 διάγων
608 1111 638 1137 ὲν
648 1111 681 1146 τῇ
706 1109 893 1146 Ἰερουσαλὴμ,

99 1157 146 1182 καὶ
179 1155 252 1191 ὁρῶν
273 1155 336 1187 τοὺς
366 1155 491 1190 μαθητὰς
517 1156 571 1182 τῶν
593 1155 721 1191 μαθητῶν
737 1155 894 1182 ἀποστόλων

99 1202 248 1233 ἀνθοῦντας
266 1203 300 1237 τῇ
315 1201 417 1233 πίστει,
442 1201 489 1228 καὶ
504 1202 605 1237 σημεῖα
618 1201 724 1237 μεγάλα
741 1201 893 1238 ἐργαζομέ-

102 1257 160 1280 .ους
178 1248 278 1275 ίάσεων
295 1248 342 1274 καὶ
363 1247 451 1274 ἄλλων
465 1246 626 1282 θαυμάτων·
639 1246 741 1283 (Ἦσαν
756 1248 810 1284 γὰρ
826 1248 892 1275 inro-

100 1295 266 1330 στρέψαντες
279 1294 334 1320 ἀπὸ
346 1293 448 1329 Πέλλης
464 1292 515 1328 τῆς
526 1293 630 1326 πόλεως
643 1294 683 1326 εἰς
704 1293 893 1329 Ἰερουσαλὴμ,

98 1342 145 1368 καὶ
163 1340 346 1371 διδάσκοντες.
365 1339 462 1366 Ἠνίκα
482 1338 535 1374 γὰρ
549 1337 686 1374 ἔμελλενὴ
697 1339 774 1371 πόλις
785 1339 894 1366 ἁλίσκε-

99 1387 161 1414 σθαι
183 1386 237 1413 ὑπὸ
261 1385 318 1412 τῶν
342 1384 501 1420 Ῥωμαίων,
521 1384 817 1420 προεχρηματίσθησαν
842 1384 894 1412 ὑπὸ

97 1433 216 1468 ἀγγέλου
232 1432 332 1464 πάντες
351 1432 376 1458 οἱ
395 1430 516 1466 μαθηταὶ
535 1430 701 1465 μεταστῆναι
713 1430 768 1457 ἀπὸ
779 1430 829 1465 τῆς
843 1430 893 1456 πό-

97 1481 176 1510 1:10;
190 1477 341 1514 μελλούσης
352 1476 436 1511 ἄρδην
447 1474 624 1503 ἀπόλλυσθαι.
639 1475 745 1507 Οῖτινες
754 1476 801 1501 καὶ
816 1484 894 1510 μετα-

98 1525 194 1551 νὰσται
223 1523 365 1558 γενόμενοι
385 1521 499 1557 ᾤκησαν
516 1522 545 1548 ὲν
560 1520 648 1556 Πέλλῃ
662 1521 696 1556 τῇ
715 1529 893 1556 προγεγραμ-

98 1571 167 1607 μένη
185 1570 274 1601 πόλει,
299 1569 386 1603 πέραν
406 1567 453 1594 τοῦ
479 1566 625 1602 Ἰορδάνου,
646 1566 708 1601 ἥτις
729 1567 762 1592 ὲκ
776 1566 894 1593 Δεκαπό-

97 1617 165 1648 λεως
181 1616 292 1650 λέγεται
309 1614 388 1642 εἶναι.
401 1613 479 1641 Μετὰ
491 1613 519 1640 δὲ
530 1613 580 1648 τὴν
594 1613 735 1648 ἐρήμωσιν
756 1612 893 1648 Ἰερουσα-

174 1660 449 1697 ὲπαναστρὲψαντες,
476 1659 513 1691 ὡς
546 1659 628 1693 ἔφην,
660 1659 762 1693 σημεῖα
789 1658 894 1693 μεγάλα

98 1707 268 1743 ἐπετέλουν·)
297 1708 312 1734 ὁ
336 1705 382 1733 οὖν
395 1705 510 1736 ’Λκύλας
526 1704 689 1737 κατανυγεὶς
701 1703 750 1738 τὴν
762 1703 893 1737 διάνοιαν,

97 1755 136 1791 τῷ
145 1752 354 1790 Χριστιανισμῷ
364 1752 532 1779 ἐπίστευσεν.
544 1751 664 1786 Δίτήσας
677 1749 704 1775 δὲ
720 1749 789 1784 μετὰ
799 1750 894 1785 χρόνον

97 1802 146 1838 τὴν
170 1802 201 1828 ὲν
230 1799 342 1836 Χριστῷ
368 1798 515 1834 σφραγῖδα,
534 1796 690 1832 ἐκομίσατο.
713 1796 778 1822 Ἀπὸ
798 1796 825 1822 δὲ
843 1795 894 1830 τῆς

98 1847 211 1883 πρώτης
223 1845 306 1873 αὑτοῦ
328 1845 411 1878 ἕξεως
428 1844 465 1880 μὴ
482 1843 677 1879 μεταθέμενος,
694 1841 740 1868 τοῦ
756 1841 894 1868 πιστεύειν
911 1851 916 1853 τ

97 1893 220 1930 δηλονότι
234 1893 268 1928 τῇ
281 1891 384 1927 ματαίᾳ
395 1889 572 1925 ἀστρονομίᾳ,
582 1890 616 1924 ἣν
626 1888 749 1924 ἁκριὸῶς
762 1887 894 1914 ὲκπεπαί-

96 1941 174 1967 δευτο
185 1947 191 1954 ·
210 1938 280 1965 ἀλλὰ
296 1937 357 1964 καθ’
366 1936 485 1972 ἑκάστην
498 1936 605 1971 ἡμέραν
617 1933 648 1961 τὸ
661 1933 733 1968 θέμα
747 1933 797 1968 τῆς
811 1932 893 1959 αὑτοῦ

97 1986 232 2021 γενέσεως
251 1983 446 2019 σκεπτόμενος,
474 1980 651 2016 ἐλεγχόμενός
665 1988 695 2005 τε
712 1978 764 2006 ὑπὸ
783 1979 837 2005 τῶν
855 1979 894 2005 δι-

96 2031 252 2062 δασκάλων,
268 2031 316 2056 καὶ
329 2028 530 2064 ὲπιτιμώμενος
542 2027 625 2054 ἕνεκα
642 2025 748 2057 τούτου,
767 2024 804 2060 μὴ
819 2024 892 2060 διορ-

98 2078 231 2114 θούμενος
247 2076 286 2109 δὲ,
301 2075 371 2102 ἀλλὰ
392 2075 438 2102 καὶ
462 2073 620 2109 φιλονείκως
638 2071 737 2107 μᾶλλον
760 2070 894 2097 ἀντιτιθέο

99 2133 191 2160 μενος,
219 2122 268 2150 καὶ
283 2121 406 2148 σπεύδων
427 2118 554 2154 συνιστᾷν
568 2116 603 2144 τὰ
624 2116 773 2148 άσὺστατα,
785 2116 834 2151 τὴν
855 2115 894 2143 εἰ·

98 2167 245 2204 μαρμένην
267 2165 389 2201 δηλονότι
414 2164 461 2191 καὶ
475 2163 510 2189 τὰ
533 2162 598 2197 περὶ
620 2162 706 2196 αὐτῆς
724 2160 891 2196 διηγήματα,

97 2213 220 2248 ἐξεώσθη
246 2211 327 2238 πάλιν
346 2211 394 2246 τῆς
413 2209 586 2244 Ἐκκλησίας,
607 2208 645 2239 ὡς
669 2207 805 2243 ἄχρηστος
825 2206 893 2243 πρὸς
908 2215 930 2244 ι)

98 2260 249 2295 σωτηρίαν.
272 2257 436 2294 Πικρανθεὶς
451 2256 478 2283 δὲ
491 2255 540 2291 τὴν
562 2254 682 2282 διάνοιαν
697 2254 735 2285 ὡς
751 2253 892 2288 ἠτιμωμέ-

98 2315 152 2337 νος,
168 2306 210 2336 εἰς
221 2303 303 2338 ζῆλον
316 2303 429 2338 μάταιον
439 2301 557 2336 αἴρεται,
569 2299 615 2327 καὶ
625 2298 892 2334 τὺνΧριστιανισμὺν

96 2351 300 2387 ἀρνησάμενος.
316 2349 363 2376 καὶ
379 2348 428 2384 τὴν
442 2346 524 2374 αὑτοῦ
537 2345 621 2381 ζωὴν,
639 2343 835 2380 προσηλυτεύει
846 2344 893 2370 καὶ

97 2396 295 2432 περιτέμνεται
302 2393 436 2425 Ἰουδαῖος,
445 2392 492 2419 καὶ
501 2391 638 2422 ἐπιπόνως
648 2389 894 2425 φιλοτιμησάμενος

96 2443 229 2476 ἐξέδωκεν
237 2441 333 2468 ἑαυτὸν
343 2439 438 2475 μαθεῖν
448 2438 497 2474 τὴν
504 2437 637 2473 Ἐδραίων
649 2436 798 2468 διάλεκτον,
806 2436 852 2463 καὶ
858 2435 894 2463 τὰ

97 2489 188 2515 αὐτῶν
201 2488 333 2522 στοιχεῖα.
351 2485 460 2520 Ταύτην
472 2484 501 2511 δὲ
513 2483 652 2518 ἁκρότατα
667 2481 836 2514 παιδευθεὶς,
844 2482 894 2518 ἡρ-

99 2537 248 2572 μήνευσεν,
263 2534 314 2560 οὐκ
325 2532 398 2568 ὀρθῷ
407 2529 531 2578 λογισμῷ
552 2528 736 2578 χρησάμενος,
746 2527 894 2578 5:11:3qu

97 2581 249 2616 διαστρέφῃ
260 2579 321 2606 τινὰ
336 2577 390 2605 τῶν
407 2577 510 2613 ῥητῶν,
523 2573 662 2609 ἐνσκήψας
678 2574 712 2608 τῇ
726 2572 779 2599 τῶν
801 2571 893 2599 Ἐὃδο-

101 2625 272 2663 μηκονταδὺο
301 2623 433 2660 ἑρμηνείᾳ
446 2630 453 2638 ·
467 2622 510 2648 ἵνα
522 2620 557 2647 τὰ
570 2628 602 2646 πε
608 2620 634 2656 ρὶ
655 2617 780 2654 Χριστοῦκ
789 2618 818 2644 ἐν
832 2619 892 2650 ταῖς

100 2674 223 2709 ι“ραφαῖς
253 2668 504 2706 μεμαρτυρημένα,
528 2666 614 2698 ἄλλως
647 2663 772 2694 ἐκδώσει,
799 2663 833 2690 δι’
859 2665 892 2699 ἢν

99 2717 173 2754 εἶχεν
189 2717 268 2750 αἰδῶ,
286 2717 325 2747 εὶς
343 2715 440 2748 ἄλογον
453 2712 535 2741 αὑτοῦ
554 2711 712 2745 ἀπολογίαν.

957 244 1040 271 parva
1058 239 1176 273 quadam
1195 239 1415 270 Christianorum
1432 246 1559 280 ecclesia,
1584 255 1645 283 qua!
1667 250 1693 277 in
1715 259 1749 280 oo

955 281 1020 309 loco
1030 284 1184 311 constituta
1210 285 1311 317 fuerat,
1334 286 1362 314 in
1378 295 1458 322 quem
1475 281 1618 327 discipuli,
1639 299 1748 330 postea-

954 334 1035 361 quam
1060 327 1187 356 Salvator
1210 330 1237 358 in
1254 331 1354 358 emittm
1381 340 1415 360 ex
1440 333 1538 362 oliveti
1564 327 1656 366 monte
1681 341 1748 368 sub-

953 376 1050 400 vectus
1063 377 1116 404 est,
1131 381 1192 402 sese
1205 376 1372 410 recipientcs
1386 380 1561 407 cmnaculnm
1576 385 1747 413 conscende-

954 420 1029 443 runt.
1047 417 1112 446 Erat
1127 418 1172 445 illa
1188 420 1307 454 quadam
1324 421 1351 449 in
1371 422 1465 451 Sionis
1482 430 1560 459 parte
1576 433 1745 462 constructa,

955 468 1015 496 quae
1026 462 1130 491 civitati
1144 465 1329 500 superfuerat,
1349 475 1411 495 cum
1428 468 1505 497 Sioni
1521 471 1684 508 propinquis
1696 476 1746 503 ali-

953 512 1019 543 quot
1034 509 1168 542 aediﬁciis,
1184 518 1217 539 ac
1235 517 1340 548 septem
1356 516 1513 551 synagogis,
1530 525 1591 552 quae
1607 518 1633 545 in
1649 520 1745 548 eodem

952 558 1046 583 monte
1067 557 1134 584 solae
1156 557 1229 585 velut
1252 559 1362 594 tuguria
1383 562 1571 596 perstiterant,
1591 572 1624 592 ex
1645 565 1747 601 quibus

952 608 1006 628 una
1023 602 1158 630 duntaxat
1185 604 1219 631 ad
1238 603 1400 634 Maximona‘:
1418 608 1545 642 praesulis
1562 613 1589 637 et
1603 609 1744 638 Constan-

952 647 1002 674 tini
1023 648 1198 683 imperatoris
1215 657 1340 687 tempora
1356 653 1432 681 velut
1453 655 1642 683 umbraculum
1659 658 1687 684 in
1704 659 1745 685 vi-

951 701 1000 719 nea
1012 693 1034 725 ',
1054 699 1082 721 ut
1104 693 1254 732 Scripturge
1268 697 1361 725 verbis
1379 703 1450 731 utar,
1473 699 1570 727 relicta
1588 701 1742 731 videbatur.

950 737 1024 765 Inter
1035 739 1093 767 bzec
1112 739 1252 769 Adrianus
1274 743 1308 770 de
1330 745 1400 771 urbe
1414 744 1472 772 sola
1487 745 1668 774 instauranda
1683 749 1743 777 sine

951 784 1054 818 templo
1076 785 1214 820 cogitans,
1231 787 1358 822 Aquilam
1384 789 1460 816 illum
1481 789 1642 826 Scriptura,
1659 800 1741 827 quem

950 829 1081 862 diximus,
1096 831 1272 867 interpretem
1289 833 1414 862 Graecum
1434 835 1584 869 hominem,
1601 845 1742 867 soccrum-

948 882 1001 909 que
1008 882 1087 902 suum
1098 876 1210 912 Sinope,
1218 879 1289 913 quod
1298 878 1376 906 Ponti
1385 881 1514 916 oppidum
1524 887 1576 914 est,
1583 884 1740 918 oriundum,

948 920 1103 948 reficiendae
1118 923 1178 949 urbi
1192 924 1316 958 praeficit,
1331 933 1412 960 quam
1430 926 1465 954 dc
1479 934 1509 954 se
1523 935 1555 954 ac
1576 928 1609 956 de
1620 929 1740 965 impera-

947 966 1019 993 torio
1047 968 1159 995 nomine
1181 970 1313 1004 appellari
1342 971 1447 1004 voluit,
1472 973 1603 1000 nimirum
1625 974 1738 1009 Ellam,

947 1018 1011 1038 cum
1026 1011 1116 1040 Ailius
1128 1013 1267 1041 Adrianus
1284 1014 1343 1050 ipse
1357 1019 1512 1044 vocaretur.

985 1099 1062 1134 171
1080 1098 1139 1128 XV.
1156 1100 1254 1136 Aquila
1268 1109 1333 1130 vero
1345 1102 1543 1139 Hierosolymis
1559 1105 1672 1141 degens,
1688 1114 1737 1135 eo-

947 1152 1074 1180 rumque,
1094 1147 1141 1182 qui
1156 1147 1346 1183 apostolorum
1361 1149 1501 1178 auditores
1515 1150 1635 1184 fuerant.
1651 1152 1738 1181 disci-

947 1192 1028 1227 pulos
1052 1192 1104 1220 tide
1125 1200 1158 1220 ac
1181 1193 1284 1229 pietate
1310 1194 1437 1224 ﬂorentes
1457 1196 1591 1231 stupenda
1607 1198 1731 1232 quaedam

948 1238 1070 1274 prodigia
1092 1240 1222 1267 curandis
1237 1241 1412 1276 corporibus,
1426 1249 1458 1270 ac
1479 1243 1587 1271 caeteris
1607 1243 1633 1271 id
1651 1252 1738 1279 genus

948 1283 1080 1313 facientes
1099 1285 1405 1322 animadvertens:(jam
1425 1288 1498 1315 enim
1522 1295 1555 1315 ex
1578 1288 1647 1316 urbe
1664 1289 1737 1317 Pella

947 1329 1062 1358 reduces
1074 1330 1173 1358 docere
1185 1335 1336 1366 cmperant.
1349 1331 1417 1359 Nam
1436 1340 1499 1360 cum
1515 1333 1593 1362 urbis
1608 1342 1623 1360 a
1637 1333 1738 1362 Roma-

947 1375 990 1403 nis
1010 1376 1127 1404 instaret
1143 1377 1293 1409 cxcidium,
1317 1377 1445 1414 discipuli
1466 1386 1564 1406 omnes
1584 1379 1618 1406 ab
1639 1381 1737 1415 angelo

947 1421 1043 1447 moniti
1063 1426 1140 1453 sunt,
1158 1425 1188 1448 ut
1203 1430 1238 1449 ex
1257 1430 1289 1450 ea
1307 1423 1375 1450 urbe
1392 1423 1552 1459 migrarent,
1567 1432 1627 1459 quae
1645 1425 1736 1453 fundi-

948 1469 993 1493 tus
1013 1466 1160 1494 evertenda
1177 1467 1259 1502 paulo
1282 1472 1344 1503 post
1368 1467 1449 1496 foret.
1472 1467 1541 1496 Hinc
1558 1470 1597 1496 illi
1617 1478 1649 1497 cx
1668 1471 1737 1499 urbe

948 1511 1076 1547 digressi,
1097 1511 1199 1540 Pellam
1216 1521 1277 1541 sese
1290 1514 1444 1549 recipiunt,
1459 1515 1532 1550 quod
1549 1516 1678 1551 oppidum
1694 1517 1736 1543 ul-

906 1547 928 1576 c
947 1561 987 1584 tra
1011 1556 1158 1586 Jordanem
1184 1558 1213 1585 in
1238 1547 1366 1594 Decapoli
1389 1547 1650 1589 nunleratiir.-lmle
1673 1567 1735 1598 post

945 1611 1068 1631 eversam
1085 1604 1181 1632 urbem
1201 1606 1320 1640 regressi
1339 1605 1507 1641 ingentibus,
1530 1607 1570 1634 uti
1593 1608 1660 1641 dixi,
1677 1608 1735 1636 cla-

945 1656 1025 1676 ruere
1043 1650 1214 1686 miraculisz)
1231 1649 1330 1678 borum
1348 1652 1548 1680 consuetudine
1560 1653 1737 1682 vehementer

945 1694 1037 1722 animo
1059 1700 1213 1724 connuotus
1237 1696 1338 1732 Aquila
1364 1696 1549 1725 Christianam
1575 1699 1735 1734 religionem

945 1740 1131 1775 amplectitur.
1152 1740 1223 1768 Tum
1245 1742 1388 1777 aliquanto
1419 1746 1542 1779 tempore
1570 1744 1734 1780 interjecto,

944 1783 1109 1812 Christiana:
1129 1786 1312 1821 professionis
1328 1787 1447 1822 sigillum
1467 1788 1506 1814 uti
1527 1790 1644 1824 petierat
1664 1790 1736 1817 obti-

944 1834 1000 1857 net.
1014 1830 1114 1858 Vcrum
1129 1839 1192 1859 cum
1212 1840 1228 1859 a
1243 1833 1326 1867 priori
1340 1840 1402 1863 usu.
1420 1833 1596 1869 moribusque
1607 1843 1661 1862 non
1678 1836 1736 1864 dis-

944 1876 1063 1909 cederet,
1093 1880 1120 1904 et
1143 1877 1301 1905 vanissimis
1323 1878 1578 1906 matbematicorum
1614 1882 1734 1914 artibus,

944 1929 1015 1957 quas
1030 1921 1154 1957 apprime
1170 1923 1298 1954 callebat,
1312 1923 1427 1950 nimium
1450 1923 1595 1958 tribueret,
1611 1925 1735 1961 adeoque

944 1968 1076 2003 genesin,
1101 1972 1184 2003 atque
1209 1969 1394 2004 horoscopum
1418 1977 1499 1996 suum
1521 1970 1682 1999 observaret
1705 1972 1734 2000 in

943 2015 1013 2048 dies,
1029 2021 1092 2042 cum
1111 2015 1148 2042 ob
1170 2014 1196 2042 id
1210 2022 1224 2041 a
1240 2015 1381 2051 magistris
1403 2016 1576 2052 objurgatus.
1592 2025 1625 2045 ac
1641 2026 1734 2053 repre-

944 2061 1058 2094 hensus,
1078 2060 1225 2089 emendare
1241 2069 1303 2089 sese
1325 2061 1410 2089 nollet
1427 2071 1433 2089 :
1449 2062 1504 2089 imo
1525 2071 1591 2090 vero
1611 2065 1736 2098 pervica-

944 2107 1013 2135 citer
1027 2107 1172 2134 obluctans
1186 2106 1396 2142 falsaqutedam,
1409 2107 1577 2143 minimeque
1592 2108 1734 2136 cohmren-

944 2156 980 2183 tia
1004 2155 1076 2183 tueri
1092 2162 1125 2182 ac
1140 2153 1287 2182 defendere
1302 2153 1393 2186 vellet,
1405 2157 1435 2180 ut
1449 2157 1514 2188 puta
1525 2153 1621 2186 fatum.
1633 2158 1660 2182 et
1672 2163 1734 2190 que

944 2209 1007 2229 cum
1019 2209 1053 2229 eo
1067 2208 1191 2228 connexa
1210 2204 1286 2232 sunt,
1304 2207 1402 2228 rursus
1412 2200 1447 2227 ab
1459 2199 1592 2232 Ecclesia,
1603 2204 1734 2236 tanquam

945 2249 978 2277 ad
996 2249 1112 2277 salutem
1130 2248 1242 2276 minime
1259 2248 1386 2278 idoneus.
1399 2247 1505 2282 ejectus
1518 2251 1570 2274 est.
1583 2246 1641 2280 Qua
1655 2247 1734 2282 igno-

945 2297 1031 2324 minia
1049 2296 1225 2324 vehementer
1243 2294 1434 2326 exacerbatus.
1453 2297 1481 2321 et
1496 2293 1595 2321 stolido
1616 2293 1734 2328 quodam

945 2343 1047 2371 mentis
1073 2345 1142 2370 aestu
1164 2341 1302 2377 percitus,
1325 2340 1511 2368 Christianam
1535 2340 1734 2375 professionem

945 2389 1034 2424 ejurat
1044 2398 1052 2422 ;
1064 2392 1091 2416 et
1106 2389 1178 2416 inter
1191 2387 1348 2415 Iudaeorum
1365 2385 1520 2422 proselytos
1536 2386 1686 2421 ascriptus,
1703 2394 1736 2414 ac

945 2434 1129 2463 circumcisus
1152 2437 1204 2462 est.
1225 2432 1291 2460 Inde
1308 2436 1395 2460 totum
1419 2439 1450 2459 se
1471 2430 1614 2460 Hebraicis
1635 2432 1736 2460 litteris

946 2481 1103 2511 ediscendis
1118 2479 1273 2508 vehementi
1297 2485 1360 2506 cum
1383 2472 1480 2505 animi"
1488 2478 1664 2505 contentione
1679 2482 1736 2505 tra-

946 2528 1024 2556 didit.
1040 2526 1128 2560 Quam
1160 2532 1223 2553 cum
1244 2524 1352 2560 egregie
1372 2521 1536 2558 penitusque
1555 2522 1734 2557 percepisset.

949 2574 982 2601 ad
1004 2570 1237 2608 interpretandum
1256 2577 1286 2598 se
1304 2569 1432 2600 contulit,
1449 2575 1504 2595 non
1522 2567 1630 2595 sincera
1650 2567 1735 2595 animi

947 2619 1117 2650 inductione,
1138 2617 1186 2646 scd
1203 2620 1232 2644 ut
1243 2615 1367 2652 quaedam
1385 2614 1535 2649 Scriptum
1554 2613 1613 2640 loca
1632 2613 1734 2648 depra-

944 2668 1032 2698 varet,
1050 2664 1183 2692 adversus
1204 2660 1383 2697 Septuaginta
1401 2660 1472 2687 duos
1491 2658 1659 2694 lnterpretcs
1682 2659 1733 2683 im-

945 2717 1038 2746 petum
1049 2717 1159 2738 omnem
1176 2712 1361 2742 conatumque
1376 2705 1499 2741 dirigens
1520 2714 1527 2732 :
1544 2709 1626 2739 atque
1643 2706 1672 2729 ut
1685 2709 1734 2728 cx-

101 2750 196 2802 pressa
218 2762 307 2791 sacris
323 2761 434 2788 Litteris
453 2761 486 2787 (lc
509 2758 619 2786 Christo
635 2755 792 2784 testimonia
814 2755 894 2784 aliter
912 2757 1031 2786 ederet:
1057 2763 1113 2791 quo
1131 2754 1293 2782 nonnullum
1321 2752 1421 2788 pudori
1440 2750 1651 2786 ignominiaeque
1677 2752 1732 2774 sua:

102 2813 143 2840 vel
159 2810 311 2838 absurdum
327 2808 446 2836 colorem
466 2811 494 2834 et
519 2804 724 2833 excusationem
741 2806 886 2837 quaereret.

139 2871 147 2887 '
165 2870 199 2898 C.
218 2867 398 2905 παρελείφθη.
433 2867 444 2883 ¹
461 2866 493 2894 C.
505 2863 691 2901 περιελείφθη.
730 2863 740 2878 ³
753 2862 806 2889 lsa.
822 2868 842 2894 1.
862 2861 890 2889 8.
