1939 3039
217 117 272 145 265

942 115 971 144 S.
990 114 1161 144 EPIPHANII

1793 112 1847 140 «ιϐι-

250 173 322 202 XVI.
345 172 414 201 ilinc
438 172 560 201 secunda
585 173 791 210 Scripturarum
814 174 1003 210 interpretatio

1093 175 1152 208 ις’.
1167 173 1223 201 Καὶ
1235 159 1340 208 γίνεται
1356 172 1427 200 οὕτω
1437 171 1554 208 δευτέρα
1567 172 1584 208 ἠ
1595 171 1691 199 τούτου
1702 171 1847 208 ἑρμηνεία.

217 219 310 247 abillo
330 218 464 254 originem
484 218 591 252 habuit,
604 222 682 246 tanto
702 223 764 254 post
786 219 903 254 priorem
920 219 1005 246 inter-

217 264 298 295 vallo,
315 267 344 290 ut
359 267 441 291 antea
458 263 634 298 scripsimus.
651 263 765 292 Possem
782 264 835 291 hoc
852 264 912 292 loco
931 271 1006 291 com-

216 316 370 336 memorare
388 316 449 344 quae
460 309 495 336 ab
507 317 540 337 eo
566 314 698 345 corrupta
710 310 914 345 dcpravataque
931 314 1005 341 sunt,

215 363 247 382 cx
268 354 368 389 quibus
384 355 511 390 redargui
535 362 567 382 ac
584 354 722 382 confutari
740 358 833 390 posset
854 354 929 382 illius
949 353 1007 382 edi—

216 398 266 425 tio.
284 397 384 425 Verum
396 405 458 425 cum
474 398 508 425 de
528 398 637 425 illorum
654 398 777 425 omnium
792 399 1006 425 translationum

216 443 374 471 discrimine
393 451 475 478 supra
498 443 689 475 disseruerim,
706 443 832 472 sufﬁcere
853 451 941 478 pauca
961 444 1007 471 illa

217 498 277 525 quae
294 490 368 516 dicta
388 494 453 517 sunt
467 489 598 518 arbitror.

253 536 332 571 172
355 535 421 563 Post
443 536 572 571 Aquilam
591 540 620 564 et
638 535 714 565 illius
738 535 1005 571 interpretationem,

216 583 340 609 succedit
354 582 476 609 Adriano

253 627 409 655 Antoninus
436 627 500 655 Pius
526 625 642 662 imperat
652 623 935 660 annosvigintiduos.

251 714 330 742 llunc
352 714 454 750 excipit
473 713 624 745 Caracalla,
641 713 688 749 qui
713 718 741 741 et
758 713 837 745 Geta,
855 717 882 741 et
897 711 1006 740 Marcus

215 759 343 787 Aurelius
358 758 445 787 Verus
459 759 614 792 dicebatur,
632 767 720 787 annos
737 765 852 794 septetn.

251 848 351 875 Eodem
365 852 487 882 tempore
503 847 648 882 imperavit
664 846 765 875 Lucius
778 845 907 874 Aurelius
922 846 1005 875 Com-
1021 849 1043 877 Β

215 893 313 920 modus
330 894 408 920 annis
421 893 535 928 perinde
553 897 667 927 septem.

250 939 319 966 Tum
333 939 460 966 l’ertinax
479 946 588 965 menses
603 946 661 965 sex.

251 984 371 1012 Severus
392 992 480 1011 annos
492 984 658 1021 octodecim.

250 1030 339 1063 llujus
356 1037 438 1064 porro
456 1028 551 1056 Severi
566 1029 735 1065 temporibus
749 1028 931 1065 Symmachus
943 1029 1005 1066 qui-

214 1076 277 1103 dam
299 1075 492 1102 Samaritanus
515 1075 632 1108 exstitit,
649 1083 682 1103 ex
700 1083 793 1102 eorutn
812 1083 939 1109 numero,
958 1076 1005 1110 qui

214 1121 286 1156 apud
307 1121 369 1147 illos
393 1120 532 1156 sapientes
556 1120 702 1147 habentur.
725 1120 776 1153 Qui
800 1120 952 1148 ambitione
974 1128 1006 1148 ac

213 1166 385 1201 principatus
401 1165 551 1200 cupiditate
563 1165 673 1196 ductus,
692 1172 754 1191 cum
775 1164 831 1190 voti
848 1163 919 1199 apud
940 1171 1006 1190 suos

206 1218 327 1251 compos
343 1219 405 1239 esse
423 1220 478 1239 non
499 1215 602 1246 posset,
619 1210 766 1238 tribulibus
785 1211 872 1238 iratus
885 1210 954 1241 suis,
971 1209 1004 1236 ad

214 1257 324 1286 Judaeos
350 1257 513 1293 transfugit,
539 1262 566 1285 et
590 1258 661 1284 inter
686 1256 839 1292 proselytos
863 1255 1006 1290 professus

215 1303 314 1330 iterato
333 1302 541 1331 circumciditur
555 1311 562 1329 :
576 1301 649 1337 quod
665 1309 699 1329 ne
712 1301 783 1328 forte
800 1300 920 1333 mireris,
933 1301 1006 1328 scias

213 1349 294 1376 velim
314 1348 388 1376 istud
405 1348 496 1384 ipsum
520 1347 550 1375 in
570 1354 646 1374 more
660 1353 721 1372 esse
739 1345 869 1380 positum,
883 1349 912 1372 ut
929 1345 975 1379 qui
991 1351 1005 1370 τι

217 1395 319 1424 Judaeis
334 1394 367 1422 ad
383 1392 571 1421 Samaritanos
587 1395 743 1422 transeunt,
757 1395 804 1417 aut
820 1390 938 1418 vicissim
958 1389 1004 1424 qui

213 1439 247 1466 ad
268 1437 380 1466 Ju-lzeos
400 1446 414 1466 a
436 1437 617 1465 Samarttanis
638 1435 810 1471 confugiunt,
829 1443 927 1462 novatn
950 1435 1004 1462 cir-

213 1485 408 1512 cumcisionem
428 1484 590 1519 suscipiant.
610 1482 666 1509 luto
682 1490 745 1510 vero
768 1482 841 1517 qttod
859 1482 1002 1510 molestius

212 1533 266 1560 est,
286 1535 348 1564 post
368 1529 607 1556 circumcisionem
623 1535 720 1555 rursus
733 1528 765 1554 ad
780 1528 942 1563 praeputium
961 1536 1003 1555 re—
1017 1520 1037 1547 C

213 1575 307 1602 deunt.
330 1573 436 1601 Etenim
460 1573 564 1600 medica
587 1573 704 1608 quadam
729 1577 797 1605 arte,
815 1580 902 1608 eoque
923 1580 1004 1607 quem

212 1619 407 1655 sputistherem
420 1623 530 1650 vocant,
544 1619 651 1654 glandis
668 1619 816 1646 euticulam
835 1618 1004 1646 attrahentes

212 1671 362 1696 consunnt,
384 1673 415 1693 ac
435 1666 541 1700 glutino
574 1665 847 1700 circumastringunt,
868 1668 949 1699 atque
967 1665 1005 1690 ita

212 1711 376 1747 praeputium
399 1715 576 1746 recuperant.
600 1709 694 1738 Potest
714 1710 766 1737 ltoc
791 1709 863 1745 quod
886 1708 1004 1736 dicimus

211 1757 336 1792 Apostoli
358 1757 522 1784 auctoritate
544 1755 718 1791 comprobari
738 1763 744 1782 :
765 1763 827 1782 cum
849 1754 891 1783 bis
914 1755 1004 1782 verbis

212 1803 318 1830 utitur:
337 1801 518 1829 Circumcisus
541 1802 674 1837 quispiam
706 1806 812 1828 vocatus
840 1805 896 1832 est,
925 1808 957 1827 ne
981 1799 1004 1827 is

211 1848 368 1882 pra’pulium
384 1846 511 1874 adducat.
530 1846 596 1874 Cum
613 1845 743 1881 prwpulia
762 1850 872 1873 uocatur
893 1844 1002 1880 aliquis,

211 1902 242 1920 ne
259 1893 465 1920 circumcidatur
478 1894 497 1919 ‘.
513 1892 590 1926 Quod
607 1892 743 1919 nefarium
759 1899 791 1918 ac
811 1891 1002 1919 detestandum

211 1939 356 1964 artificium
372 1938 406 1964 ab
428 1937 498 1965 Esau
514 1937 610 1965 Jacobi
628 1937 712 1965 fratre
736 1942 875 1972 repertum
896 1943 1002 1963 memo-

212 1988 284 2016 rant,
303 1988 332 2010 ut
355 1992 387 2010 eo
408 1983 516 2012 facilius
540 1985 649 2019 ejurare
669 1983 767 2016 Deum,
784 1987 812 2010 et
829 1987 969 2017 acceptam
987 1989 1002 2009 a

211 2030 364 2064 majoribus
385 2034 477 2056 notam
502 2029 612 2057 abolere
636 2033 740 2065 posset.
760 2028 838 2056 Unde
857 2032 948 2055 natam
971 2027 1004 2054 il—

210 2075 263 2100 lam
281 2074 326 2101 Dei
341 2082 434 2101 vocem
449 2075 609 2102 existimant
626 2084 633 2101 :
650 2073 723 2101 Esau
740 2072 800 2100 odio
813 2071 904 2104 habui,
915 2071 1002 2098 Iacob

209 2124 295 2146 autem
309 2119 391 2146 dilexi
404 2119 424 2145 ¹.
445 2119 529 2155 Igitur
546 2119 741 2155 Symmachus,
763 2122 793 2144 ut
813 2117 1002 2144 Samaritano-

1058 219 1128 255 μετὰ
1138 218 1255 255 ἀριθμὸν
1268 219 1403 245 τοσούτων
1429 219 1544 254 χρόνων,
1556 218 1595 249 ὡς
1607 217 1738 253 ἀνωτέρω
1747 218 1849 253 γεγρά-

1057 273 1158 300 φαμεν.
1179 264 1345 300 Ἐδυνάμεθα
1358 265 1444 291 εἰπεῖν
1458 264 1505 297 καὶ
1518 263 1568 295 τὰς
1583 263 1849 300 παραπεποιημένας

1057 310 1132 346 αὒτῷ
1147 310 1246 343 λέξεις,
1263 311 1399 346 ἁγαπητὲ,
1414 310 1460 337 τὸν
1478 310 1588 345 ἔλεγχον
1605 310 1664 336 κατ’
1677 308 1760 336 αὑτοῦ
1775 309 1849 344 ἑχού-

1058 365 1107 388 σας
1120 357 1152 383 ἐκ
1163 356 1216 383 τῶν
1229 356 1275 382 ὑπ’
1286 355 1370 382 αὑτοῦ
1386 355 1613 391 ἡρμηνευμένων.
1633 353 1702 381 Ἀλλ’
1718 354 1771 390 ήδη
1782 354 1849 389 περὶ

1056 402 1107 436 τῆς
1123 401 1226 428 τούτων
1234 401 1365 437 διαφορᾶς
1375 400 1432 427 ἄνω
1444 400 1651 436 διηγησάμενοι,
1664 399 1764 432 ἱκανῶς
1777 398 1849 435 ipsi

1057 447 1110 479 ἕως
1121 447 1177 474 τῶν
1191 443 1243 474 ὦδε
1255 446 1467 481 ὲδικαιώσαμεν.

1092 537 1171 564 Μετὰ
1190 536 1284 564 τοῦτον
1297 536 1326 563 δὲ
1337 536 1382 562 τὸν
1398 534 1525 568 Ἀκύλαν,
1537 534 1585 562 καὶ
1595 535 1644 570 τὴν
1660 534 1744 562 αὑτοῦ
1758 534 1850 571 ἑρμη-

1056 583 1141 615 νείαν,
1160 583 1311 618 διαδέχεται
1331 581 1469 618 ’Δδριανδν
1483 581 1529 608 τὸν
1545 580 1657 616 βασιλέα

1099 627 1255 658 Ἀντωνῖνος
1269 627 1283 653 ὁ
1295 625 1454 661 ἐπικληθεὶς
1473 625 1548 657 Πίος,
1573 624 1790 661 ἑρμηνευόμενος
1805 625 1851 652 εὐ-

1056 672 1161 706 σεϐὴς,
1177 672 1224 699 καὶ
1238 670 1373 708 βασιλεύει
1393 671 1505 707 χρόνους
1522 671 1574 706 κβ’.

1093 719 1193 745 Τοῦτον
1202 717 1352 753 διαδέχεται
1368 716 1556 752 Καράκαλλος,
1566 717 1580 743 ὁ
1596 717 1642 743 καὶ
1652 716 1746 748 Γέτας.
1760 715 1790 747 ὃς
1802 715 1851 741 καὶ

1057 763 1170 800 Μάρκος
1200 763 1334 800 Αὐρήλιος
1364 763 1474 798 Σουῆρ³
1504 762 1622 797 ἐλέγετο,
1649 762 1696 789 καὶ
1710 760 1850 797 βασιλεύει

1058 809 1105 845 ἐτη
1121 809 1153 842 ζ’.

1098 855 1142 881 Ἐν
1150 855 1206 886 τοῖς
1215 852 1298 880 αὐτοῦ
1312 852 1428 889 χρόνοις,
1443 854 1488 880 καὶ
1501 852 1613 886 Λούκιος
1624 853 1757 889 Αὐρήλιος
1770 852 1849 889 Κόμι-

1057 899 1136 935 μοδος
1153 899 1290 934 βασιλεύει
1304 899 1338 926 τέι
1351 900 1422 926 αὐτὰ
1433 899 1504 927 ἑπτὰ
1515 900 1573 936 ἔτη.

1091 943 1225 980 Περτίναξ
1241 943 1330 980 μῆνας
1350 949 1387 978 ς’.

1091 990 1210 1026 Σευῆρος
1226 991 1272 1026 ἔτη
1284 994 1329 1026 ιη’.

1097 1035 1142 1062 Ἐν
1161 1036 1218 1067 τοῖς
1227 1035 1276 1062 τοῦ
1291 1036 1412 1072 Σευήρου
1429 1035 1537 1072 χρόνοις
1563 1036 1710 1072 Σύμμαχός
1733 1045 1775 1069 τις
1796 1036 1850 1065 Σα-

1057 1082 1191 1117 μαρείτης
1203 1082 1258 1108 τῶν
1281 1083 1347 1118 παρ’
1367 1082 1459 1115 αὐτοῖς
1484 1082 1574 1117 σοφῶν
1591 1091 1662 1118 μη...
1679 1082 1731 1109 ὑπὸ
1745 1082 1792 1110 τοῦ
1809 1083 1850 1109 ol-

1055 1127 1130 1154 κείου
1151 1127 1255 1161 ἔθνους,
1278 1128 1395 1164 νοσήσας
1416 1128 1573 1164 φιλαρχίαν,
1586 1128 1632 1156 καὶ
1654 1129 1850 1165 ἀγανακτήσας

1056 1173 1127 1200 κατὰ
1141 1171 1190 1209 τῆς
1207 1174 1275 1206 ιδίας
1283 1174 1382 1210 φυλῆς,
1396 1184 1450 1211 προ
1535 1175 1680 1206 Ἰουδαίοις,
1703 1174 1750 1201 καὶ
1764 1182 1850 1211 προσ-

1054 1218 1180 1254 ηλυτεύει
1200 1240 1208 1253 ,
1218 1219 1266 1246 καὶ
1282 1219 1607 1256 περιτέμνεταιδευτέραν
1619 1221 1780 1256 περιτομήν.
1793 1221 1849 1248 Καὶ

1057 1265 1095 1300 μὴ
1110 1264 1234 1300 θαύμαζε
1250 1266 1313 1301 περὶ
1329 1265 1435 1298 τούτου,
1450 1263 1473 1292 ὦ
1489 1266 1611 1302 ἀκροατὰ
1625 1275 1631 1282 ·
1647 1265 1769 1301 γίγνεται
1781 1266 1847 1302 γάρ.

1056 1310 1135 1337 Ὅσοι
1149 1310 1204 1346 γὰρ
1218 1311 1273 1337 ἀπὸ
1293 1311 1426 1338 Ἰουδαίων
1448 1310 1632 1347 Σαμαρείταις
1659 1311 1848 1347 προσφεύγου-

1056 1364 1110 1387 σιν,
1127 1356 1397 1393 ἀντιπεριτέμνονται
1411 1366 1418 1373 ·
1434 1357 1562 1389 ὡσαύτως
1578 1357 1665 1395 καίοι
1684 1357 1738 1384 ἀπὸ
1753 1356 1847 1392 Eupa-

1056 1401 1153 1437 ρειτῶν
1170 1402 1239 1438 πρὸς
1262 1402 1404 1434 Ἰουδαίους
1427 1403 1578 1438 ἐρχόμενοι.
1594 1401 1631 1428 Τὸ
1645 1401 1672 1428 δὲ
1692 1401 1732 1428 ἔτι
1744 1401 1848 1428 τούτων

1055 1446 1259 1483 χαλεπώτερον,
1291 1448 1330 1474 ὅτι
1356 1447 1404 1475 καὶ
1429 1448 1483 1475 ἀπὸ
1507 1448 1657 1484 περιτομῆς
1683 1447 1848 1483 ἀκρόὸυποι

1054 1492 1184 1527 γίνονται,
1215 1493 1297 1530 τέχνῃ
1330 1494 1385 1520 τινὶ
1410 1494 1518 1530 ἰατρικῇ
1539 1494 1583 1521 διὰ
1611 1493 1657 1520 τοῦ
1679 1493 1848 1528 καλουμένου

1056 1539 1253 1575 σπουθιστῆρος
1264 1540 1314 1575 τὴν
1325 1538 1380 1566 τῶν
1397 1540 1486 1575 μελῶν
1504 1539 1703 1576 ὕποδερματίδα
1723 1540 1846 1567 ὑποσπα-

1056 1582 1202 1615 Οισοέντες,
1234 1583 1365 1619 ραφέντες
1381 1593 1411 1611 τε
1443 1586 1490 1611 καὶ
1507 1585 1677 1621 κολλητικοῖς
1706 1585 1849 1620 περιοδεύ-

1057 1630 1158 1662 θέντες.
1172 1630 1355 1664 ἀκροϐυστίαν
1364 1628 1442 1663 αὖθις
1457 1631 1541 1667 αὐτὴν
1550 1631 1737 1658 ἀποτελοῦσιν.
1755 1632 1849 1666 Ἔχεις

1055 1676 1103 1703 καὶ
1116 1675 1165 1712 τὴν
1183 1677 1336 1712 μαρτυρίαν
1356 1677 1432 1713 παρὰ
1444 1677 1482 1712 τῷ
1493 1677 1563 1712 ἁγίῳ
1583 1676 1747 1712 ’Δποστόλῳ,
1764 1673 1786 1703 ὧ
1802 1686 1848 1710 φι-

1054 1720 1234 1753 λοκαλώτατε,
1250 1720 1284 1748 δι’
1299 1718 1336 1748 ὧν
1352 1722 1443 1754 αὐτοῖς
1461 1722 1580 1758 ῥήμασιν
1600 1719 1651 1748 ὧδέ
1678 1730 1737 1754 πως
1750 1722 1827 1756 λέγει
1840 1731 1846 1737 ·

1054 1767 1309 1801 Περιτετμημένος
1328 1776 1374 1801 τις
1395 1767 1522 1802 ἐκλήθη,
1537 1767 1580 1802 μὴ
1591 1768 1780 1796 ἐπισπάσθω.
1801 1768 1849 1795 Ἐν

1054 1811 1238 1845 ἀκροϐυστίᾳ
1252 1820 1298 1844 τις
1314 1811 1451 1847 ὑπάρχει,
1466 1812 1509 1847 μὴ
1525 1813 1754 1848 περιτεμνέσθω.
1774 1814 1848 1840 Ταύ-

1054 1865 1103 1892 την
1117 1856 1144 1883 δὲ
1158 1856 1207 1892 τὴν
1222 1857 1371 1892 παράδοσιν
1384 1858 1435 1894 τῆς
1449 1858 1646 1894 κακοδαίμονος
1662 1858 1767 1890 ἑννοίας
1782 1860 1848 1893 φασὶ

1052 1901 1099 1928 τὸν
1120 1902 1205 1929 Ἦσαῦ
1220 1902 1266 1929 τὸν
1293 1903 1406 1938 ἀδελφὺν
1427 1903 1475 1930 τοῦ
1494 1903 1591 1931 Ἰακὼό
1616 1904 1763 1940 εὑρηκέναι
1780 1905 1849 1940 πρλς

1054 1946 1276 1985 ὲτταρνησιθεῖαν,
1289 1948 1337 1974 καὶ
1348 1947 1417 1983 πρὸς
1429 1947 1583 1984 ἀφανισμὸν
1594 1948 1640 1975 τοῦ
1652 1949 1705 1975 τῶν
1719 1948 1849 1985 πατέρων

1053 1991 1136 2018 αὑτοῦ
1168 1993 1353 2028 χαρακτῆρος.
1379 1993 1425 2020 Διό
1453 2002 1518 2028 φασι
1535 1993 1582 2021 τὸν
1604 1993 1669 2021 Θεὸν
1684 1995 1826 2030 είρηκέναι
1840 2002 1847 2009 ·

1060 2037 1209 2072 Ἐμίσησα
1227 2039 1280 2065 τὸν
1300 2039 1402 2071 Ἡσαῦ,
1428 2039 1482 2066 τὸν
1503 2039 1537 2066 δὲ
1566 2039 1672 2067 Ἰακὼϐ
1690 2039 1847 2074 ἠγάπησα.

1053 2081 1137 2115 Οὗτος
1150 2083 1238 2110 τοίνυν
1250 2085 1263 2110 ὁ
1278 2083 1426 2119 Σύμμαχος
1441 2083 1510 2119 πρὸς
1523 2084 1688 2120 διαστροφὴν
1700 2085 1755 2112 τῶν
1772 2086 1848 2121 παρὰ

1053 2128 1237 2163 Σαμαρείταις
1266 2128 1420 2164 ἐρμηνειῶν
1429 2129 1618 2165 ὶι’ἑρμηνεύσᾱς,
1633 2130 1682 2166 τὴν
1699 2131 1796 2166 τρίτην
1811 2132 1850 2164 ἑξ-

209 2172 269 2191 rum
289 2165 528 2200 interpretationes
543 2170 688 2197 everteret,
705 2164 815 2191 tertiatn
833 2168 875 2190 est
889 2170 1000 2198 aggres-

1059 2174 1151 2201 ἔδωκεν
1168 2174 1327 2209 ἑρμηνείαν.

209 2218 267 2237 5ης.

244 2253 325 2281 XVII.
342 2253 406 2281 Post
426 2254 500 2281 hunc
522 2254 598 2281 brevi
621 2257 716 2288 postea
737 2256 871 2287 tempore,
888 2253 940 2280 hoc
957 2256 1000 2280 est

208 2300 359 2327 Commodo
381 2301 468 2327 altero
487 2301 649 2334 imperante,
666 2299 712 2334 qui
731 2304 792 2334 post
811 2299 926 2326 Lucittm
943 2299 997 2326 Au-

208 2345 306 2372 relium
342 2345 523 2372 Commodum
558 2344 689 2371 tredecim
722 2344 803 2372 annis
833 2343 996 2378 imperavit,

207 2390 359 2419 Thcodotio
385 2391 494 2425 quidam
521 2397 620 2424 genere
646 2389 776 2417 Ponticus
787 2399 819 2417 ex
849 2390 996 2417 Marcionis

209 2436 368 2471 Sinopensis
387 2436 575 2462 haeresiarchas
592 2435 709 2463 factione
729 2436 807 2471 173
834 2437 891 2464 suis
913 2436 999 2471 parti-

208 2482 260 2510 bus
274 2483 394 2509 oll‘ensus
407 2481 438 2507 ad
455 2480 565 2508 Judzeos
580 2480 689 2514 defecit,
706 2486 733 2509 et
747 2482 929 2509 circumcisus
945 2485 997 2509 est.

208 2528 312 2555 Dehinc
328 2527 459 2553 llehraica
478 2526 580 2562 lingua,
602 2532 629 2554 ct
646 2535 741 2554 eorum
759 2528 857 2555 litteris
886 2529 999 2555 institu-

192 2567 252 2600 Itus
270 2573 401 2607 privatam
414 2572 561 2614 editiqnem
577 2581 694 2601 exorsus
708 2578 759 2601 est.
777 2574 828 2607 Qui
843 2575 953 2609 quidem
969 2577 996 2604 in

207 2619 344 2654 plerisque
361 2626 422 2646 cum
441 2617 620 2655 Septuaginta
641 2621 790 2652 consentit,
811 2620 885 2654 quod
908 2622 935 2649 in
949 2630 996 2650 eo-

207 2663 267 2692 rum
288 2665 402 2692 lectione
419 2666 509 2697 tritus,
527 2674 558 2693 ac
577 2667 656 2702 longa
675 2667 875 2694 consuetudine
886 2669 994 2696 exerci-

207 2714 280 2738 tatus
293 2710 390 2738 fuerat.
403 2711 444 2740 Tu
462 2721 526 2741 vero
544 2714 669 2749 quisquis
688 2722 730 2746 es,
753 2713 870 2745 erudite,
889 2721 921 2741 ac
935 2719 995 2743 stu-

249 2790 257 2806 ·
276 2782 466 2824 lCor.vn,lS.
504 2793 514 2807 ε
531 2791 644 2818 Malach.
665 2799 685 2824 ι,
699 2791 726 2818 2.
766 2792 776 2807 ³
790 2791 856 2819 Cor.
872 2792 988 2827 Ούῆρος.

1086 2264 1137 2290 ῘΖ’.
1154 2264 1230 2291 Μετὰ
1245 2264 1339 2291 τοῦτον
1352 2264 1380 2291 δὲ
1390 2265 1461 2292 κατὰ
1474 2265 1558 2296 πόδας
1571 2266 1600 2292 ἐν
1616 2265 1655 2300 τῷ
1666 2265 1732 2300 ἑξῆς
1745 2265 1847 2300 χρόνῳ.

1048 2309 1170 2336 τουτέστι
1188 2310 1252 2346 περὶ
1275 2310 1324 2346 τὴν
1339 2311 1384 2337 τοῦ
1399 2311 1526 2346 δευτέρου
1543 2310 1684 2346 Κομμόδου
1706 2311 1849 2345 βασιλείαν

1048 2357 1093 2382 τοῦ
1112 2356 1320 2391 βασιλεύσαντος
1337 2358 1405 2392 μετὰ
1422 2357 1468 2384 τὸν
1487 2358 1686 2393 προειρημένον
1700 2357 1848 2392 Κόμμοδον

1052 2401 1168 2428 Λούκιον
1193 2402 1326 2437 Δύρήλιον
1344 2402 1390 2438 ἐτη
1418 2406 1462 2436 ιγ’,
1489 2403 1636 2430 θεοδοτίων
1657 2411 1700 2434 τις
1714 2403 1848 2434 Ποντικὸς

1053 2447 1107 2473 ἀπὸ
1121 2448 1171 2482 τῆς
1197 2447 1322 2483 διαδοχῆς
1349 2449 1515 2484 Μαρκίωνος
1536 2447 1583 2475 τοῦ
1601 2448 1780 2484 αἱρεσιάρχου
1799 2449 1848 2475 τοῦ

1053 2491 1214 2524 Σινωπίτου,
1233 2493 1337 2527 μηνιῶν
1355 2494 1402 2520 καὶ
1418 2495 1500 2526 αὐτὸς
1519 2495 1552 2531 τῇ
1568 2494 1651 2520 αὑτοῦ
1664 2495 1780 2530 αἱρέσει,
1799 2496 1848 2521 καὶ

1051 2538 1092 2568 εὶς
1112 2538 1278 2573 Ἰουδαϊσμὸν
1293 2539 1453 2572 ἀποκλίνας,
1469 2541 1516 2567 καὶ
1530 2540 1721 2576 περιτμηθεὶς,
1733 2541 1782 2566 καὶ
1795 2541 1848 2576 τὴν

1051 2581 1104 2607 τῶν
1125 2582 1258 2618 Ἐὃραίων
1275 2584 1366 2619 φωνὴν
1381 2584 1426 2610 καὶ
1443 2584 1477 2611 τὰ
1492 2585 1582 2611 αὐτῶν
1600 2586 1719 2620 στοιχεῖα
1733 2585 1845 2612 παιδευ-

1050 2625 1118 2658 θεὶς.
1134 2627 1206 2659 ἰδίως
1228 2628 1274 2654 καὶ
1303 2628 1385 2660 αὐτὸς
1405 2629 1530 2661 ἐξέδωκε.
1546 2629 1595 2656 Διὰ
1607 2629 1642 2656 τὰ
1656 2629 1772 2656 πλεῖστα
1786 2631 1847 2661 τοῖς

1056 2671 1304 2707 Ἑϐδομηκονταδύο
1329 2675 1496 2710 συνᾳδόντως
1522 2675 1647 2709 ἐξέδωκε.
1672 2675 1776 2711 Τριὸὰς
1789 2676 1846 2708 γὰο

1048 2715 1120 2753 εἶχεν
1149 2714 1227 2750 οὗτος
1256 2719 1306 2751 τὰς
1333 2721 1462 2753 πλείστας
1486 2722 1540 2749 ἀπὸ
1553 2721 1603 2757 τῆς
1623 2721 1768 2758 συνηθείας
1788 2721 1847 2748 τῶν
