1939 3039
77 132 129 160 2ῧὸ

82 189 345 225 Ἐδδομηκονταδύο.
366 193 457 221 Γένοιο
478 196 566 223 τοίνυν
583 199 689 234 κριτὴς,
716 197 738 226 ὢ
760 201 869 235 φιλοκα-

76 235 194 267 λὼτατε,
207 236 260 270 τῆς
280 237 408 274 τοιαύτης
428 239 592 274 ὑποθέσεως,
606 243 682 278 παρὰ
696 241 752 271 ﬁt
769 246 868 279 μᾶλλον

76 279 260 315 εὑρεθήσεται
288 283 305 317 ὴ
332 283 458 318 ἀλήθεια,
484 287 559 322 παρὰ
579 289 636 319 τοῖς
653 290 727 324 τρισὶ¹
753 291 868 324 τούτοις,

83 325 185 360 ’Λκύλᾳ
205 325 289 360 λέγω,
318 328 366 354 καὶ
388 329 538 366 Συμμάχῳ,
562 332 610 359 καὶ
624 332 794 367 Θεοδοτίωνι,
812 338 868 368 τοῖς

77 369 116 403 μὴ
142 370 289 402 smus;th
314 374 481 408 γενομένοις,
502 376 560 403 ἀλλ’
578 378 632 414 ίδίᾳ
649 379 763 407 ἕκαστον
774 382 821 408 καὶ
838 383 867 408 ἐν

76 413 165 448 καιρῷ
179 415 228 442 καὶ
243 416 336 448 τόποις
353 418 476 454 ἀλλήλων
497 420 632 455 διεστῶσι,
649 425 696 450 καὶ
707 425 738 451 οὐ
749 425 866 458 πολλοῖς,

75 458 143 485 ἀλλὰ
157 460 232 495 τρισὶ
257 462 357 496 μόνοις,
372 464 419 490 καὶ
433 465 470 500 μὴ
485 466 608 502 δυνηθεὶς
624 469 715 502 ἄλλοις
729 471 736 486 ¹
755 479 867 506 συμφω-

71 504 155 538 νῆσαι
166 513 173 520 ·
191 505 207 540 ἢ
226 507 301 542 παρὰ
325 509 381 540 τοῖς
400 510 647 547 Ἐὃδομηκονταδύο
662 516 718 547 τοῖς
736 504 865 552 πρώτοις,

73 551 119 584 ὑφ’
135 551 185 578 ἕνα
210 553 305 588 καιρὸν
329 555 453 589 γεγονόσι
476 557 523 584 καὶ
546 559 741 595 ὲρμηνεύσασι,
759 551 810 590 καὶ
825 565 865 596 εὶς

72 597 254 631 τριακονταὲξ
269 598 339 635 μέρη
361 601 432 628 κατὰ
443 602 608 640 πρόσταγμα
621 604 752 640 βασιλέως
762 607 865 644 διαιρεη

71 640 153 674 θεῖσι,
177 642 226 669 καὶ
254 645 317 671 ἄνευ
346 646 393 673 τοῦ
413 648 481 683 πρὸς
497 649 628 686 ἀλλήλους
654 640 864 688 συνδοιάσαιξὲκ

71 687 234 722 Πνεύματος
247 690 275 716 δὲ
291 691 368 725 ἁγίου
386 692 439 719 ὑπὸ
459 694 523 728 μίαν
536 698 694 732 συμφωνίαν
710 699 759 736 τὴν
772 687 863 729 πᾶσαν

70 734 222 769 ἑρμηνείαν
237 735 400 763 ὲκδεδώκασι
413 738 433 770 ⁸,
449 740 496 766 καὶ
512 739 578 767 ὅπου
593 734 751 780 προσθήκης
765 746 862 781 γέγονε

69 780 150 815 χρεία
177 781 326 816 σαφηνείας
353 782 436 811 ἕνεκα
460 785 507 812 τοῦ
533 786 612 821 λόγου
636 790 788 825 προσθεῖσι,
807 780 861 820 καὶ

70 825 225 860 συμφώνως
244 826 370 862 ἀλλήλοις
392 831 589 866 συμφωνήσασι
613 834 660 860 καὶ
680 836 797 871 ἐκδοῦσι,
813 839 859 866 καὶ

67 869 155 896 ταῦτα
180 871 308 904 ἀγνοοῦσι
331 873 357 899 τί
375 873 490 907 ἕκαστος
507 876 568 903 καθ’
579 878 675 906 ἑαυτὸν
691 869 837 917 ἑρμηνεύει
849 892 856 899 ·
874 884 896 914 Β

67 915 134 942 ὃπου
154 915 184 942 δὲ
205 916 287 944 πάλιν
315 918 428 955 ἐκσολῆς
456 920 542 955 λόγων
563 924 643 951 τινῶν
659 915 747 961 χρεία,
757 915 856 964 ἐπίσης

67 959 223 994 ἐκϐαλοῦσι,
239 963 287 990 καὶ
302 964 467 1000 συνᾳδόντως
486 959 695 1003 ἐρμηνεύσασιν.

47 1009 50 1013 ’
103 1005 210 1042 Ὥσπερ
233 1008 259 1034 εἰ
280 1009 309 1035 ἑν
322 1008 361 1044 τῷ
376 1010 434 1045 ἅμα
449 1012 550 1044 πάντες
566 1013 708 1050 ἐκάθηντο,
727 1018 773 1044 καὶ
786 1027 854 1054 συμ-

66 1051 249 1084 6ουλευτικῶς
275 1054 401 1090 ἀλλήλοις
428 1058 592 1094 ἡρμήνευον.
616 1060 744 1097 Εὔδηλον,
765 1063 806 1090 ὃτι
821 1051 853 1091 εν

65 1098 121 1129 τοῖς
140 1097 388 1135 Ἑϐδομηκονταδὺο
405 1102 581 1139 εὑρεθήσεται
596 1106 613 1141 ἡ
628 1106 751 1142 ἀλήθεια.
771 1109 852 1137 Ὥστε

66 1143 186 1176 γνωστὸν
195 1143 277 1171 τοῦτο
289 1147 345 1178 τοῖς
356 1147 510 1184 φιλαλήθως
519 1149 657 1183 ἐξετάζειν
668 1152 850 1189 βουλομένοις,

64 1187 105 1215 ὅτι
119 1188 150 1216 οὐ
168 1189 248 1225 μόνον
261 1191 427 1228 ἐρμηνευταὶ
444 1195 542 1222 ἐκεῖνοι
556 1187 709 1232 γεγόνασιν,
724 1187 792 1227 ἀλλὰ
805 1187 852 1228 xal.

63 1235 119 1262 ἀπὸ
131 1236 232 1272 μέρους
247 1238 395 1274 προφῆται.
412 1236 463 1266 ’Ὧν
478 1240 532 1277 γὰρ
545 1242 595 1269 οὐκ
608 1240 642 1278 ἧν
655 1245 734 1279 χρεία
750 1246 790 1277 εις
805 1247 851 1282 ἑρ-

65 1280 188 1314 μηνείαν,
206 1283 347 1318 παρῆκαν,
361 1283 440 1311 ἅτινα
458 1286 497 1317 είς
514 1285 627 1323 ὕστερον
639 1289 668 1316 ὲν
681 1291 738 1322 τοῖς
754 1280 851 1324 φωνῶν

63 1327 152 1354 αὐτῶν
162 1328 257 1360 τόποις
267 1329 338 1364 μετὰ
351 1329 522 1365 ἀστερίσκων
539 1331 680 1369 Ὠριγένης
692 1335 848 1371 συνέθηκεν.

68 1372 206 1404 Ὡσαύτως
219 1373 248 1400 δὲ
264 1374 312 1401 καὶ
327 1374 361 1401 τὰ
379 1375 564 1410 προστεθέντα
584 1378 635 1405 οὐκ
655 1379 790 1414 ἀφείλετο,
808 1382 849 1409 ει-

61 1416 125 1450 δὼς,
135 1418 176 1445 ὅτι
187 1419 278 1446 αὐτῶν
291 1419 390 1455 μᾶλλόν
403 1421 462 1448 ἐστι
472 1423 561 1457 χρεία⁹
574 1423 643 1451 ἀλλὰ
659 1425 726 1460 μετὰ
736 1426 848 1461 ὸὸελῶν,

61 1463 125 1490 ἔνθα
140 1464 257 1491 ἕκαστον
281 1465 335 1492 τῶν
355 1467 509 1502 είρημένων
525 1466 604 1505 εὖρον
614 1470 634 1503 ³,
655 1470 742 1505 εἴασε,
769 1472 849 1507 μόνον

62 1510 288 1545 σημειωσάμενος
297 1511 342 1538 διὰ
351 1512 398 1538 τοῦ
409 1513 503 1540 όσελοῦ
512 1514 561 1550 τὴν
571 1515 637 1551 περὶ
647 1517 698 1552 τῆς
706 1516 753 1543 τοῦ
763 1518 847 1544 τόπου

60 1555 240 1590 ἀναγνώσεως
256 1557 368 1593 εἴδησιν.
383 1558 433 1585 Διὰ
445 1558 474 1586 δὲ
485 1559 539 1586 τῶν
554 1560 703 1596 λιμνίσκων
718 1561 849 1596 ὡσαύτως
861 1561 883 1591 C

60 1602 178 1637 ἐδήλωσε
201 1603 255 1630 τῶν
275 1603 351 1640 παρά
371 1613 443 1632 τισιν
464 1606 497 1632 ὲκ
522 1606 577 1633 τῶν
601 1607 848 1643 Ἐσδομηκονταδύο

60 1648 238 1684 ἑρμηνευτῶν
267 1651 479 1687 συναμφοτέρως
500 1652 672 1688 εὑρεθεισῶν,
683 1653 721 1686 ὡς
736 1655 764 1681 ὲν
779 1655 848 1681 σπά-

59 1702 109 1725 νει⁹
122 1693 220 1728 ὀλίγων
233 1694 332 1727 λέξεων
342 1696 391 1732 τὴν
406 1697 521 1731 δήλωσιν
536 1698 586 1724 οὐκ
601 1699 734 1734 ἀνομοίων
748 1700 846 1734 οὐσῶν,

59 1739 116 1765 ἀλλ’
132 1740 234 1774 όμοίων
257 1741 316 1775 μὲν,
337 1737 383 1768 καὶ
405 1742 454 1778 τὴν
474 1743 558 1778 αὐτὴν
581 1744 696 1780 δύναμιν
716 1746 846 1781 ἐχουσῶν.

65 1784 108 1816 Ὠς
127 1784 160 1811 ἂν
172 1786 246 1812 εῐποι
257 1794 298 1817 τις
312 1787 373 1813 ἀντὶ
387 1787 446 1819 τοῦ,
460 1788 621 1823 ἐλάλησεν,
638 1790 811 1826 ἐφθέγξατο,
828 1793 845 1827 ἢ

58 1831 118 1857 ἀντὶ
134 1830 192 1863 τοῦ,
207 1829 311 1866 ἦλθεν,
326 1832 465 1867 ἐλήλυθε.
478 1834 534 1860 Καὶ
549 1834 635 1862 ταῦτα
651 1836 699 1871 μὲν
714 1837 776 1872 περὶ
792 1837 847 1865 τῶν

57 1877 198 1912 τεσσάρων
216 1878 366 1914 ἑρμηνειῶν
377 1887 418 1905 σοι
431 1881 621 1916 γεγράφαμεν.

92 1923 160 1958 Περὶ
183 1923 220 1962 δὲν
233 1923 283 1958 τῆς
303 1924 434 1960 Πέμπτης
451 1926 497 1952 καὶ
517 1927 619 1962 Ἔκτης
636 1927 777 1961 ἐκδόσεως,
796 1928 845 1955 οὐκ

56 1969 110 2003 ἔχω
126 1961 310 2003 εἰπεῖν’τίνες,
325 1971 341 2006 ἢ
354 1971 435 1998 πόθεν
449 1973 474 1999 οι
487 1961 715 2008 ὲρμηνεῦσαντες,
731 1975 747 2010 ἢ
765 1975 845 2010 μόνον

55 2016 95 2042 ὅτι
110 2017 181 2050 μετὰ
199 2016 245 2042 τὸν
261 2016 381 2052 διωγμὸν
391 2017 441 2044 τοῦ
461 2018 592 2053 βασιλέως
608 2020 728 2055 Σευήρου
744 2021 843 2056 εὑρέθη

55 2061 72 2094 ἡ
88 2060 207 2095 Πέμπτη
223 2061 253 2087 ὲν
270 2061 367 2094 πίθοις,
383 2063 412 2089 ιν
428 2063 534 2099 Ίεριχῷ
546 2065 773 2101 κεκρυμμένη,ὲν
782 2067 844 2102 χρό-

55 2115 110 2138 νοις
121 2106 170 2133 τοῦ
187 2107 244 2133 υἱοῦ
259 2108 378 2144 Σευήρου
395 2109 441 2135 τοῦ
457 2110 650 2146 ἐπικληθέντος
662 2112 842 2148 Καρακάλλου

54 2160 83 2178 τε
98 2152 145 2178 καὶ
159 2152 238 2179 Γέτα.
252 2154 379 2189 Καθεξῆς
391 2155 444 2190 γὰρ
455 2156 470 2182 ό
480 2156 533 2183 τῶν
550 2157 605 2184 ἀπὸ
626 2157 781 2185 Ἀντωνίνου
794 2157 841 2185 τοῦ

55 2198 121 2224 Πίου
138 2198 186 2224 τοῦ
207 2199 343 2231 Εὑσεὸοὗς
365 2201 581 2236 ὲπικεκλημένου
597 2203 659 2229 καθ’
672 2203 819 2239 ἑρμηνείαν
831 2204 842 2220 ’⁵

560 139 660 177 LIBER
679 141 723 169 DE
739 141 914 174 MENSURIS
933 143 977 174 ET
997 147 1227 179 PONDERIBUS.

1652 160 1705 190 266

882 211 906 239 Α
921 203 1008 237 diose,
1024 205 1057 232 de
1079 210 1135 233 tota
1160 214 1243 236 causa
1260 210 1372 239 statuito
1392 221 1398 240 :
1419 213 1489 249 apud
1513 222 1581 251 quos
1604 220 1704 247 veritas

920 248 979 283 ipsa
1002 251 1115 284 reperiri
1135 253 1238 281 certius
1255 255 1363 289 possit:
1382 248 1535 287 utrumnam
1551 263 1621 296 apud
1642 264 1703 292 illos

920 298 986 326 tres.
1001 295 1138 330 Aquilam,
1152 298 1357 334 Symmachum,
1369 308 1395 330 et
1409 295 1622 335 Theodotionem
1634 318 1641 336 :
1655 311 1702 344 qui

918 346 1059 374 nunquam
1077 341 1148 369 inter
1162 351 1191 371 se
1203 345 1292 379 capita
1308 347 1492 382 contulerunt,
1512 351 1559 378 sed
1574 341 1701 386 privatim

918 384 1017 419 singuli
1033 387 1090 414 suis
1109 388 1224 424 quisque
1243 391 1423 426 temporibus,
1436 399 1462 421 et
1480 384 1600 425 locorum
1615 399 1700 426 inter-

917 429 988 456 vallo
1005 429 1105 464 dissiti,
1117 433 1144 459 in
1161 440 1221 461 eam
1236 437 1417 471 scriptiouem
1435 439 1634 477 incubuerunt;
1653 453 1702 473 ne-

915 482 970 509 que
981 476 1074 510 plures
1086 477 1174 506 tribus
1189 481 1362 516 exstiterunt,
1375 491 1406 512 ac
1417 484 1534 521 denique
1545 495 1636 516 secum
1650 490 1701 525 ipsi

915 522 1066 551 concordes
1081 530 1143 552 esse
1159 526 1341 561 nequiverunt
1357 539 1364 556 :
1381 537 1414 557 an
1433 532 1504 566 apud
1522 522 1700 570 Septuaginta

914 565 984 594 duos
999 567 1060 594 illos
1077 569 1194 603 priores,
1209 571 1255 606 qui
1268 573 1362 601 eodem
1378 565 1498 611 tempore
1514 586 1609 608 omnes
1625 581 1701 609 vixe-

914 617 987 645 runt,
1005 618 1032 641 et
1049 614 1219 651 interpretati
1233 622 1307 653 sunt,
1320 627 1351 647 ac
1366 622 1477 657 triginta
1488 631 1535 652 sex
1551 625 1700 654 domiciliis

913 658 985 693 regis
1000 658 1115 694 imperio
1131 661 1272 690 distributi
1288 665 1362 693 nulla
1382 666 1452 695 inter
1467 676 1497 697 se
1511 673 1700 700 communica-

912 703 987 731 tione
998 704 1099 738 habita,
1112 708 1200 734 sancti
1212 707 1330 743 Spiritus
1347 710 1477 740 instinctu
1491 713 1696 751 Scripturarum

912 747 1165 783 interpretationem
1180 752 1334 782 admirabili
1351 759 1533 787 consensione
1547 747 1587 789 sic
1601 763 1696 791 edide-

910 797 985 826 runt,
1006 799 1036 821 ut
1051 795 1205 833 ubicunque
1221 801 1423 836 perspicuitatis
1439 807 1525 841 gratia
1539 807 1693 838 addendum

910 839 1012 874 aliquid
1025 845 1109 874 esset,
1125 844 1299 874 concorditer
1317 839 1477 883 adjicerent,
1494 859 1556 880 cum
1576 863 1636 889 quae
1652 858 1687 882 al-

910 884 995 914 terius
1009 886 1196 922 interpretatio
1219 891 1288 919 I'oret
1307 895 1417 928 penitus
1434 884 1612 933 ignorarent:
1630 911 1694 930 rur-

909 937 957 958 sus
977 939 1043 959 vero
1062 934 1152 962 sicubi
1175 935 1343 979 dissimulari
1365 942 1467 978 aliquid
1488 951 1636 983 Oporteret,
1658 958 1692 978 ex

908 982 986 1011 aequo
1002 984 1097 1007 omnes
1111 981 1265 1018 rejicercnt,
1280 988 1308 1012 et
1321 986 1390 1014 inter
1400 996 1431 1016 se
1444 981 1636 1026 congruerent.

941 1019 1059 1050 Perinde
1076 1030 1108 1051 ac
1127 1025 1151 1053 si
1172 1028 1298 1056 eumdem
1321 1030 1348 1057 in
1372 1031 1462 1060 locum
1483 1019 1689 1073 convenientes,

907 1067 1108 1096 communicato
1127 1069 1243 1100 invicem
1258 1075 1372 1104 consilio
1386 1077 1419 1105 de
1432 1077 1626 1116 interpretandi
1642 1093 1688 1113 ra-

905 1109 981 1139 tione
994 1113 1161 1143 statuissent.
1167 1115 1232 1150 Quis
1237 1125 1293 1146 non
1303 1121 1393 1149 statim
1402 1121 1496 1152 LXXI]
1504 1109 1557 1155 illis

906 1155 1029 1185 veritatis
1043 1158 1199 1194 adjudicet.’
1210 1161 1266 1191 lmo
1278 1173 1343 1194 vero
1355 1167 1378 1194 sl
1388 1169 1451 1204 quis
1466 1155 1587 1202 veritati;
1600 1174 1686 1210 ipsius

905 1206 1026 1229 amorem
1041 1202 1076 1230 ad
1090 1204 1296 1240 inquisitionem
1309 1202 1442 1247 attulerit,
1461 1223 1516 1243 non
1528 1217 1589 1245 illos
1602 1202 1686 1247 inter-

904 1250 994 1296 pretes
1008 1249 1099 1282 modo,
1115 1259 1208 1279 verum
1220 1254 1302 1283 etiam
1318 1257 1465 1293 prophetas
1485 1263 1686 1296 quodammodo

904 1290 990 1333 fuisse
999 1300 1156 1330 cognoscet.
1166 1297 1234 1326 Nam
1244 1299 1283 1328 illi
1296 1290 1466 1340 quaecunque
1477 1290 1582 1336 inutilia
1593 1316 1670 1338 erant
1677 1328 1686 1343 ,

903 1343 936 1365 ac
956 1346 1168 1377 supervacanea,
1185 1343 1387 1381 interpretando
1405 1352 1604 1385 praeterierunt.
1619 1355 1686 1389 Qua:

903 1386 1078 1419 postmodum
1092 1389 1224 1425 Origenes
1237 1393 1295 1420 suis
1308 1393 1376 1422 locis
1392 1397 1532 1427 ascribens
1543 1386 1684 1430 asteriscis

902 1432 1017 1460 notavit.
1039 1434 1174 1463 Similiter
1194 1441 1222 1464 et
1243 1444 1304 1474 qua
1322 1439 1357 1468 ab
1376 1441 1431 1469 illis
1450 1440 1555 1479 adjecta
1575 1445 1684 1475 fuerant

902 1476 1128 1508 circumscribere
1158 1483 1256 1517 noluit,
1281 1483 1354 1519 quod
1374 1490 1528 1517 necessaria
1548 1491 1681 1525 crederet,

902 1522 950 1550 sed
965 1524 1058 1553 obelos
1073 1526 1107 1554 iis
1119 1527 1246 1556 omnibus
1257 1528 1335 1564 locis,
1349 1531 1395 1559 ubi
1408 1533 1453 1561 illa
1471 1541 1618 1570 repererat,
1634 1545 1682 1573 ap-

900 1568 997 1603 pinxit,
1013 1574 1042 1597 ut
1054 1571 1088 1599 de
1101 1580 1196 1600 eorum
1210 1574 1327 1604 lectione
1337 1581 1485 1606 constaret.
1497 1568 1531 1607 At
1542 1568 1681 1611 lemniscis

899 1621 980 1642 voces
993 1615 1096 1650 aliquot
1104 1617 1302 1653 inslgniit,quas
1310 1621 1336 1647 In
1343 1622 1479 1649 nonnullis
1486 1622 1580 1650 LXXII
1595 1624 1682 1654 Inter-

898 1663 1005 1693 pretum
1024 1662 1228 1697 exemplaribus
1248 1666 1381 1701 repetitae,
1400 1671 1427 1695 et
1448 1669 1558 1704 quidem
1579 1673 1679 1706 rarius.

897 1710 1047 1734 occurrunt
1061 1717 1068 1734 :
1085 1716 1144 1743 qua:
1161 1710 1358 1745 signiﬁcatione
1370 1713 1439 1741 nihil
1461 1716 1607 1746 admodum
1623 1719 1680 1747 dis-

897 1755 1025 1786 crepant,
1048 1753 1096 1781 sed
1118 1755 1189 1783 inter
1205 1764 1235 1784 se
1254 1758 1357 1786 similes
1378 1764 1444 1787 sunt
1465 1767 1492 1789 et
1506 1763 1601 1790 eadem
1631 1773 1681 1800 po-

896 1799 996 1824 testate
1012 1799 1140 1832 praaditaa.
1156 1799 1279 1837 Exempli
1295 1810 1378 1831 causa
1395 1804 1419 1832 si
1435 1806 1498 1840 quis
1511 1815 1559 1841 pro
1575 1799 1679 1836 locutus

896 1845 934 1867 est
952 1842 1064 1875 scribat,
1081 1844 1165 1877 dixit;
1189 1847 1230 1873 vel
1251 1854 1301 1882 pro
1324 1855 1437 1882 uenerat,
1454 1852 1531 1878 venit».
1547 1855 1586 1882 Ac
1604 1854 1637 1881 de
1654 1863 1679 1882 ιν

896 1885 1063 1914 editionibus
1077 1887 1220 1917 hactenus.

933 1930 1013 1967 174
1034 1931 1112 1964 Quod
1133 1934 1166 1961 ad
1188 1934 1315 1967 Quintam
1336 1944 1367 1964 ac
1392 1937 1501 1967 Sextam
1530 1940 1678 1972 editionem

895 1976 1003 2008 attinet,
1032 1985 1101 2012 quos
1125 1984 1252 2009 auctores
1274 1986 1321 2009 aut
1341 1983 1421 2018 cujus
1437 1988 1553 2020 'gencris
1579 1988 1679 2018 habeat

894 2025 971 2049 certo
985 2022 1119 2052 aiﬁrmare
1130 2034 1244 2060 nequeo.
1260 2026 1328 2055 Illud
1345 2036 1427 2056 unum
1440 2034 1567 2061 constare
1580 2035 1676 2069 video;

894 2071 956 2102 post
976 2068 1148 2103 imperatoris
1175 2071 1268 2099 Severi
1290 2073 1522 2110 persecutionem,
1549 2077 1676 2111 Quintam

894 2111 1042 2141 editionem
1067 2115 1096 2142 in
1119 2115 1305 2146 Hierichuntis
1331 2119 1430 2154 oppido
1458 2121 1620 2155 quibusdam
1648 2125 1676 2151 in

893 2156 983 2189 doliis,
1001 2158 1046 2186 ubi
1070 2159 1181 2191 latebat,
1197 2161 1335 2190 inventam
1359 2162 1454 2198 fuisse,
1478 2165 1675 2201 imperantibus

894 2201 1037 2230 Caracalla
1063 2209 1146 2239 atque
1163 2205 1229 2233 Geta
1261 2207 1353 2235 Severi
1370 2209 1442 2237 ﬁliis.
1460 2209 1527 2237 Nam
1542 2211 1576 2238 ab
1590 2212 1676 2239 Anto-

54 2245 69 2270 ό
79 2243 177 2279 χρόνος
189 2244 244 2271 τῶν
261 2244 479 2279 βασιλευσάντων
496 2247 599 2283 ταύτην
612 2247 675 2283 ἔσχε
691 2249 739 2284 τὴν
756 2249 841 2276 διαδο-

908 2247 959 2275 lino
972 2248 1020 2276 Pio
1032 2249 1219 2280 Romanorum
1234 2253 1426 2288 imperatorum
1441 2256 1525 2284 series
1541 2256 1675 2292 ejusmodi

72 2289 114 2315 ἠν.

54 2297 166 2361 “ﬁeri
188 2335 345 2363 'Av-rmv‘lvov
364 2337 411 2364 τὸν
429 2338 494 2365 Πίον
513 2338 649 2373 βασιλεύει
663 2340 776 2376 Μάρκος
790 2343 843 2368 Αὑ-

55 2379 147 2414 πιήλιος
171 2381 339 2413 Ἀντωνῖνος,
355 2384 369 2409 ό
386 2383 433 2410 καὶ
447 2384 562 2419 Οὺῆρος,
579 2385 625 2421 ἐτη
644 2386 686 2413 ιο’.

87 2425 166 2452 Μετὰ
191 2427 287 2453 τοῦτον
310 2428 453 2463 Κόμμοδος
466 2430 545 2462 ἄλλος
560 2431 695 2465 βασιλεύει
721 2432 768 2468 ἔτη
797 2432 840 2467 ιγ’.

53 2469 120 2506 Περὶ
131 2469 162 2498 οὗ
177 2472 274 2507 χρόνον
287 2475 470 2510 γνωρισθῆναι
482 2475 646 2504 Θεοδοτίωνα
657 2477 781 2513 εἴπομεν,
795 2479 840 2506 τὸν

51 2517 98 2551 τὴν
115 2516 256 2553 Τετάρτην
270 2519 416 2554 ἑρμηνείαν
432 2521 646 2557 ἑρμηνεύσαντα.

85 2561 229 2597 Κόμμοδον
241 2563 334 2590 τοῦτον
351 2564 502 2599 διαδέχεται
524 2566 658 2601 Περτίναξ
680 2567 768 2600 ἄλλος,
795 2569 841 2595 καὶ¹

52 2605 187 2637 βασιλεύει
205 2609 294 2643 μῆνας
308 2610 348 2642 ἐξ.

84 2652 186 2679 Τοῦτον
199 2653 352 2689 διαδέχεται
367 2655 484 2692 Σευῆρος
499 2657 588 2689 ἄλλος,
604 2658 653 2684 σὺν
667 2657 706 2693 τῷ
723 2657 774 2693 υἱῷ
791 2660 840 2685 αὺ-

49 2696 96 2724 τιῦ
113 2698 274 2736 ’Δντωνίνῳ,
289 2701 336 2728 καὶ
350 2702 535 2737 βασιλεύουσιν
550 2704 597 2739 ἔτη
615 2708 659 2740 ιη’.

84 2742 304 2781 Τελευτήσαντος
323 2747 354 2774 δὲ
372 2748 493 2784 Σευῆρον
511 2750 662 2786 διαδέχεται
681 2751 730 2787 τὴν
751 2752 838 2790 ἀρχὴν

893 2293 952 2321 fuit.

926 2339 1047 2369 Antonio
1069 2341 1117 2370 Pio
1140 2345 1275 2372 successit
1301 2345 1408 2374 Marcus
1431 2346 1559 2376 Aurelius
1587 2349 1673 2377 Anto-

891 2386 983 2418 uinus,
997 2389 1044 2422 qui
1055 2392 1082 2416 et
1095 2388 1182 2418 Verus
1193 2391 1282 2419 dictus
1296 2396 1347 2424 est,
1359 2399 1445 2421 annos
1459 2402 1514 2420 XN.

926 2431 992 2460 Post
1004 2432 1262 2465 hunc,Commodus
1281 2437 1351 2465 alius
1367 2437 1482 2473 imperat
1507 2448 1594 2469 annos
1612 2450 1673 2471 xm.

890 2476 976 2512 Cujus
1000 2482 1121 2514 tempore
1144 2480 1357 2510 Theodotionem
1382 2485 1520 2513 exstitisse
1542 2487 1672 2522 diximus,

890 2523 936 2558 qui
951 2523 1060 2557 Quarta:
1077 2526 1207 2555 editionis
1223 2533 1318 2555 auctor
1333 2533 1385 2557 est.

925 2569 1074 2599 Commodo
1085 2573 1206 2601 succedit
1216 2574 1344 2602 Pertinax
1356 2576 1436 2610 alius;
1450 2576 1590 2613 imperavit
1602 2587 1674 2608 men-

890 2623 934 2644 ses
943 2625 978 2644 Vl.

925 2661 994 2690 Hinc
1003 2663 1122 2693 Severus
1133 2665 1203 2694 alius
1216 2674 1278 2694 cum
1291 2666 1431 2696 Antonino
1442 2669 1495 2698 lilio
1504 2671 1583 2698 annis
1597 2679 1673 2698 xvul.

926 2752 1033 2781 Mortuo
1055 2753 1166 2789 Severo,
1193 2758 1317 2786 suceedtt
1337 2759 1491 2787 Antoninus
1510 2761 1569 2795 ejus
1592 2759 1674 2790 ﬁlius,

83 2820 93 2837 ⁸
106 2819 171 2849 Cor.
185 2823 340 2859 δυνηθεῖσιν
354 2826 489 2862 ἀλλήλοις.
526 2829 536 2845 ¹
552 2828 582 2856 F.
599 2830 769 2858 ὲκδεδωκόσι.
792 2831 852 2858 Eon

910 2831 920 2848 ⁸
935 2830 965 2860 F.
982 2829 1071 2867 εὗρεν.
1108 2833 1119 2850 ⁸
1131 2833 1162 2862 F.
1178 2835 1283 2870 εἱρμόν.
1301 2836 1379 2865 Enn.

178 2865 319 2897 ΡΑτιιοι..
337 2868 397 2898 (in.
425 2873 533 2902 XIJII.

1497 2884 1518 2913 9
