1939 3039
257 151 308 180 Ξθτ

257 208 304 244 qui
322 212 349 236 et
365 207 432 236 Geta
446 211 472 236 et
484 207 625 235 Caracalla
641 207 797 235 nominatur
811 217 817 235 :
836 207 979 243 imperavit
996 215 1045 236 an-
1059 212 1081 241 Α

258 262 308 282 nos
322 262 370 281 ut.
390 253 511 290 Septimo
527 261 592 281 vero
612 261 683 281 anno
704 253 812 287 Quintae
834 254 963 283 editionis
981 255 1043 282 libri

257 299 434 327 llierichunte
452 299 478 325 iu
495 298 575 326 doliis
595 299 696 334 reperti
719 303 794 333 sunt,
812 307 875 328 cum
891 299 954 328 aliis
967 299 1044 328 libris

257 345 399 373 llebraicis
413 351 445 371 ac
461 343 572 372 Graecis.

290 435 438 463 Caracallae
459 433 583 462 succedit
607 433 764 462 Antoninus
783 433 864 467 alius,
885 434 934 469 qui
956 433 1045 468 impe-

256 481 326 510 ravit
342 488 429 509 annos
444 489 479 508 IV.

292 526 410 554 Secutus
429 531 471 554 est
487 526 640 554 Alexander
655 526 727 554 ﬁlius
741 526 861 554 “amarae
883 525 963 554 annis
982 533 1042 552 xm.

255 570 308 599 Per
324 571 381 599 haec
406 575 529 607 tempora
547 571 637 599 Editio
650 579 686 604 vi,
708 579 770 607 quae
791 576 819 600 et
842 571 902 607 ipsa
921 571 948 598 in
963 571 1045 599 doliis

256 617 368 649 latebat,
386 616 510 653 Nicopoli
521 618 556 646 ad
567 618 677 646 Actium
689 622 731 647 est
747 618 867 646 inventa.

291 704 476 732 Alexandrum
490 704 672 732 Maximianus
686 703 794 739 excepit
807 711 832 731 a.
848 711 890 731 ιιι.

291 750 361 778 lluic
376 750 532 779 Gordianus
549 751 695 785 successit,
715 751 795 779 annis
810 759 847 778 vl.

291 796 355 823 Post
370 797 444 824 hunc
458 796 611 832 Philippus,
628 804 716 824 annos
731 805 777 825 vn.

291 842 360 870 Tum
378 843 477 872 Decius
491 851 563 872 anno
578 851 598 876 ι,
611 844 752 872 mensibus
771 851 813 871 ιιι.

291 929 365 958 Decii
378 937 460 965 porro
475 930 720 966 temporeillustris
727 929 837 957 habitus
845 933 887 957 est
895 928 1044 964 Origenes;
1059 895 1079 922 Β

257 975 405 1010 ﬂoruitque
427 975 461 1003 ab
477 975 628 1011 imperante
646 976 726 1003 Decio
742 982 828 1011 usque
843 974 877 1002 ad
889 974 1009 1008 Gallum,
1019 979 1047 1002 et

257 1019 447 1053 Volusianum,
461 1024 488 1048 et
505 1021 586 1048 ultra.

291 1066 426 1094 Cmterum
446 1066 474 1094 in
490 1067 684 1102 persecutione
697 1067 771 1095 Decii
787 1067 947 1103 martyrium
962 1066 1046 1095 subiit

256 1111 372 1148 Babylas
397 1113 565 1147 Antiochiae;
590 1112 737 1141 Flavianus
759 1112 867 1146 Romae;
893 1112 1047 1140 Alexander

255 1159 402 1193 episcopus
420 1157 683 1194 Hierosolymorum,
699 1158 840 1186 Caesareae.

295 1248 373 1283 175
392 1247 463 1281 Quin
475 1251 502 1275 et
517 1247 649 1283 Origenes
670 1248 740 1282 ipse,
759 1247 885 1282 quamvis
903 1247 988 1274 multa
1011 1247 1048 1275 sit

257 1300 365 1329 passus,
372 1292 492 1328 martyrii
498 1293 599 1321 exitum
608 1292 719 1320 minime
725 1296 767 1320 est
775 1292 953 1327 adeptus.Qui
961 1291 1048 1321 Caesa-

257 1345 331 1366 ream
343 1337 480 1364 Stratonis
493 1337 623 1371 primum,
636 1337 700 1364 inde
712 1337 898 1373 Hierosolyma
913 1345 974 1366 sese
985 1345 1048 1366 con-

257 1382 359 1414 ferens,
375 1382 517 1416 paululum
531 1382 594 1409 istic
609 1386 741 1414 moratus,
756 1380 858 1418 Tyrum
872 1386 966 1417 postea
982 1391 1048 1411 con-

257 1428 358 1456 cessit:
376 1427 422 1455 ubi
437 1434 573 1454 annorum
589 1431 651 1454 octo
666 1432 692 1455 et
711 1427 806 1462 viginti
822 1429 911 1463 spatio
933 1428 1044 1464 degens,

256 1480 319 1500 cum
335 1473 548 1505 severissimam,
562 1473 601 1499 uti
618 1472 719 1506 ferunt,
738 1473 801 1500 vitae
815 1473 987 1508 disciplinam
1004 1474 1047 1502 in-

256 1518 356 1550 stituit,
369 1522 426 1544 tum
438 1518 471 1544 ad
485 1516 690 1552 Scripturarum
706 1518 907 1546 enarrationem
924 1519 1045 1546 animum

257 1564 367 1598 adjecit.
390 1563 449 1596 Quo
466 1568 588 1598 tempore
610 1563 733 1598 Hexapla
756 1563 802 1591 illa
817 1571 867 1592 sua
883 1565 1045 1599 composuit,
1061 1563 1082 1591 (Ξ

258 1608 400 1636 Hebraicis
435 1608 540 1635 duabus
570 1608 675 1644 paginis
698 1608 828 1644 adjectis;
857 1613 938 1643 atque
965 1616 1047 1636 unam

258 1652 407 1680 editionem
421 1659 454 1679 cx
474 1652 589 1680 adverso
604 1653 717 1679 alterius
737 1653 877 1688 opposuit,
895 1659 1000 1688 eosque
1015 1653 1048 1680 li-

258 1697 323 1724 bros
337 1695 472 1731 lit-raptos
485 1697 647 1730 nominavit,
664 1697 703 1725 uti
716 1705 798 1733 supra
809 1698 949 1733 copiosius
962 1699 1047 1733 expli-

257 1742 390 1770 cavimus.

290 1787 361 1814 ΧΙΧ.
369 1787 454 1814 Porro
465 1795 527 1815 cum
542 1788 671 1817 editionis
686 1788 794 1822 Quintae
807 1797 838 1817 ac
855 1789 945 1818 Sexta;
960 1790 1045 1818 libros

257 1841 299 1866 eo,
318 1841 372 1868 quo
389 1833 518 1864 diximus,
548 1833 629 1861 modo
649 1834 804 1868 repet-isset,
829 1841 880 1861 nec
893 1834 927 1862 de
950 1840 1046 1862 aucto-

257 1881 333 1908 ribus
353 1883 502 1910 constaret,
519 1879 612 1906 habita
632 1884 796 1914 temporum,
809 1880 909 1914 quibus
930 1880 1046 1908 invean

257 1930 331 1958 sunt,
351 1926 468 1957 ratione,
488 1925 605 1960 primum
620 1925 652 1951 ad
673 1926 829 1959 superiores
846 1925 907 1953 illas
926 1930 1045 1961 quatuor

256 1978 456 2008 consequenter
471 1978 553 1998 unam
577 1970 692 1997 attexuit
708 1978 788 2005 quam
811 1971 942 2005 appellari
959 1971 1046 2004 Quin-

257 2022 312 2044 tam
329 2017 426 2049 voluit,
452 2020 478 2044 et
494 2015 625 2050 inscripta
639 2015 734 2050 quinta
751 2015 853 2047 littera,
869 2016 992 2044 ordinem
1011 2017 1044 2045 il-

257 2062 310 2090 lius
323 2062 450 2090 ostendit.
467 2061 539 2089 Idem
557 2065 583 2088 et
598 2061 625 2087 in
641 2069 667 2087 v1
681 2064 793 2087 secutus
812 2064 865 2093 est,
886 2069 968 2096 quam
984 2063 1043 2098 cpi-

257 2115 333 2136 semo
361 2107 480 2143 praeﬁxa,
505 2107 635 2134 editionis
659 2105 749 2134 Sexta:
773 2108 885 2135 nomine
910 2108 1042 2144 vulgavit.

257 2153 317 2187 Qua
333 2153 360 2180 in
374 2161 402 2181 re
416 2153 553 2187 singulare
566 2151 702 2186 quoddam
717 2151 789 2180 inest
799 2153 959 2185 artiﬁcium,
970 2155 1044 2190 quod

257 2200 380 2227 eruditos
396 2199 542 2234 pleresque
555 2198 639 2226 latere
659 2198 739 2226 solet.
760 2199 810 2233 Qui
828 2207 890 2227 cum
907 2200 1042 2236 llexapla,

256 2245 299 2273 vel
318 2245 430 2280 Octapla
454 2244 550 2280 legunt
566 2245 640 2279 (nam
661 2243 785 2280 Tetrapla
817 2254 844 2274 ιν
864 2246 967 2275 Graecis
983 2247 1042 2275 edi-

257 2291 379 2320 tionihus
393 2295 539 2324 constant;
556 2298 617 2317 cum
634 2291 763 2318 nimirum
781 2293 885 2328 Aquilae
899 2294 1042 2322 translatio

258 2339 349 2371 priore
364 2337 425 2364 loco
444 2336 533 2371 posita
546 2345 552 2362 :
563 2339 620 2362 tum
637 2335 920 2372 Symmachizdeinde
935 2338 1041 2372 LXXII,

258 2390 289 2409 ac
311 2386 449 2417 postremo
472 2381 668 2408 Theodotionis
691 2382 718 2409 in
743 2390 827 2410 unum
851 2391 951 2420 corpus
977 2393 1044 2414 con»

258 2429 368 2456 nentur.
389 2427 494 2460 Quibus
516 2427 539 2455 si
557 2426 697 2456 Hebraicze
718 2428 778 2456 dua:
796 2429 930 2458 editiones
949 2437 1044 2460 acces-

261 2479 357 2506 serint,
384 2472 508 2508 Hexapla
525 2477 667 2501 vocantur.
693 2474 771 2507 Quod
783 2475 806 2504 si
823 2484 837 2502 v
856 2479 883 2504 et
899 2483 925 2503 Vt
943 2476 1042 2505 editio-

258 2526 320 2546 nem
335 2518 503 2557 adiunxeris,
525 2526 694 2554 consequens
717 2526 760 2548 est
776 2525 804 2549 ut
822 2521 935 2557 Octapla
952 2523 1043 2550 nomi-

258 2564 385 2599 nentur);
407 2563 454 2591 sed
468 2571 529 2591 cum
548 2564 609 2592 illos
623 2565 706 2593 libros
720 2567 843 2602 quidam,
858 2569 898 2595 uti
912 2567 1041 2602 diximus,

258 2610 397 2641 evolvunt,
414 2613 441 2637 et
460 2609 565 2645 priores
582 2618 643 2639 esse
661 2611 732 2640 duas
744 2612 878 2641 editiones
892 2614 1042 2644 Hebraicas

258 2655 362 2687 vident,
382 2663 414 2683 ac
429 2656 557 2692 deinceps
578 2656 692 2692 Aquilae,
716 2664 772 2686 tum
794 2660 961 2695 Symmachi.
978 2661 1042 2689 inde

258 2701 328 2728 LXX
348 2701 507 2734 Seniorum;
524 2703 621 2731 deinde
636 2703 844 2739 Theodotionis,
863 2711 1002 2742 postremo
1015 2717 1040 2741 ν,

258 2754 339 2783 atque
357 2756 393 2781 νι,
418 2748 544 2784 Aquilam
565 2755 592 2778 et
620 2749 827 2787 Symmachum,
850 2761 900 2788 pro
923 2762 966 2788 eo,
987 2763 1043 2790 quo

294 2836 301 2850 ¹
314 2837 344 2866 F.
361 2839 455 2872 ἄλλως.
475 2840 552 2869 Εοιτ.
591 2843 600 2857 ¹
615 2841 646 2869 C.
664 2841 774 2870 ι’ἀλλου.
811 2842 824 2859 ³
838 2842 867 2870 F.
887 2844 916 2871 ἐν
928 2844 1057 2880 πρώτοις.

962 149 992 179 S.
1012 149 1182 179 EPIPHANII

1835 157 1890 186 $58

1094 209 1177 236 αὑτοῦ
1195 210 1352 242 Ἀντωνῖνος
1364 211 1378 238 ὁ
1391 211 1449 243 υίὸς
1459 212 1555 245 αὑτοῦ,
1567 214 1581 239 ὁ
1594 212 1641 239 καὶ
1654 213 1740 246 Γέτας
1752 214 1831 248 ἄλλος
1843 217 1863 249 ³,
1875 218 1890 242 ό

1097 256 1145 282 καὶ
1156 252 1336 291 Καῇκαλλος
1349 257 1521 293 ἐπικληθεὶς.
1539 259 1587 285 καὶ
1602 261 1674 286 ποιεῖ
1685 259 1732 295 ἐτη
1748 261 1781 293 ζ’.
1804 262 1850 288 Ἐν
1860 262 1889 289 δε

1095 300 1136 336 τῷ
1156 301 1261 338 ἑϐδόμῳ
1279 302 1362 329 αὐτοῦ
1387 303 1443 330 ἔτει
1470 304 1621 340 εὑρέθησαν
1646 306 1693 331 καὶ
1722 306 1809 342 βίϐλοι
1838 309 1890 343 τῆς

1097 346 1230 382 Πέμπτης
1248 348 1382 381 ἐκδόσεως
1395 350 1424 376 ἑν
1440 349 1538 381 πίθοις.
1555 351 1585 377 ἑν
1604 351 1709 387 Ἱεριχῷ
1727 355 1891 389 κεγρυμμέ-

1097 401 1152 426 ναι,
1166 394 1235 428 μετὰ
1248 393 1336 421 ἄλλων
1353 394 1463 430 βιϐλίων
1479 395 1632 432 Ἑϐραϊκῶν
1647 398 1693 424 καὶ
1713 397 1890 434 Ἑλληνικῶν.

1132 438 1185 465 Τὸν
1200 438 1228 465 δὲ
1244 440 1422 475 Καράκαλλον
1437 441 1588 477 διαδέχεται
1610 442 1768 476 Ἀντωνῖνος
1782 444 1890 480 ἕτερος,

1099 483 1262 519 βασιλεύσας
1274 485 1320 522 ἐτη
1335 486 1366 513 δ’.

1132 529 1210 556 Μετὰ
1228 529 1322 557 τοῦτον
1339 531 1514 560 ἐϐασίλευσεν
1535 533 1708 570 Ἀλέξανδρος
1724 535 1739 561 ὁ
1757 527 1892 570 Matuta;

1098 576 1173 608 παῖς,
1191 575 1238 612 ἔτη
1259 579 1303 611 ιγ’.
1327 577 1372 604 ‘Ev
1387 578 1462 614 μέσῳ
1480 578 1534 605 τῶν
1550 579 1655 614 χρόνων
1673 579 1774 607 τούτων
1789 582 1890 618 εὑρέθη

1099 621 1185 657 Ἔκτη
1195 621 1310 655 έκδοσις,
1322 624 1368 650 καὶ
1381 625 1450 660 αὑτὴ
1466 625 1495 652 ἑν
1510 625 1599 658 πίθοις
1610 627 1788 663 κεκρυμμένη
1796 628 1827 655 ἑν
1840 629 1891 654 Νι-

1098 667 1206 694 κοπόλει
1222 669 1255 703 τῇ
1275 668 1344 704 πρὸς
1366 669 1471 706 Ἀκτίᾳ.

1132 714 1209 740 Μετὰ
1225 714 1319 742 τοῦτον
1337 715 1473 750 βασιλεύει
1491 716 1661 753 Μαξιμιανδς
1672 717 1719 753 ἐτη
1732 723 1767 753 γθ.

1133 758 1234 785 Τοῦτον
1247 759 1398 794 διαδέχεται
1408 761 1565 797 Γορδιανὺς,
1578 763 1625 789 καὶ
1641 762 1779 797 βασιλεύει
1790 763 1839 799 ἔτη
1849 764 1890 797 ἓξ.

1133 803 1211 830 Μετὰ
1226 803 1320 831 τοῦτον
1334 805 1470 840 βασιλεύει
1483 806 1616 839 Φίλιππος
1635 809 1682 835 ἐπὶ
1697 808 1786 835 ἐτεσιν
1803 809 1836 841 ζ’.

1134 849 1233 877 Τοῦτον
1250 850 1384 884 διεδέξατο
1399 853 1503 886 Δέκιος,
1520 855 1566 882 καὶ
1582 855 1754 883 ἐϐασίλευσεν
1767 858 1892 884 ἐνιαυτὸν

1094 894 1142 921 ἕνα
1158 895 1205 921 καὶ
1219 896 1308 931 μῆνας
1322 896 1357 931 γ’.

1140 939 1184 966 Ἐν
1201 939 1229 967 δὲ
1246 942 1303 973 τοῖς
1322 943 1429 978 χρόνοις
1447 945 1541 972 Δεκίου
1559 946 1699 982 Ὤριγένης
1713 949 1890 984 ἑγνωρίζετο,

1097 984 1151 1012 ἀπὸ
1163 985 1266 1021 χρόνων
1285 988 1379 1014 Δεκίου
1391 989 1520 1024 ἀκμάσας
1533 991 1585 1023 ἓως
1597 992 1727 1028 Γαλιήνου
1738 995 1748 1010 ³
1765 995 1813 1021 καὶ
1822 995 1892 1022 Οὐο-

1097 1029 1239 1057 λουσιανοῦ
1251 1031 1299 1058 καὶ
1311 1033 1450 1061 ἐπέκεινα.

1139 1076 1200 1103 Ἐπὶ
1217 1076 1246 1103 δὲ
1261 1077 1308 1104 τοῦ
1323 1080 1466 1113 γεγονότος
1479 1081 1599 1117 διωγμοῦ
1615 1083 1662 1110 τοῦ
1676 1084 1783 1117 Δεκίου,
1802 1086 1893 1122 ἐμαρ-

1097 1119 1215 1156 τύρησεν
1231 1122 1281 1157 μὲν
1293 1122 1418 1156 Βαϐύλας
1428 1125 1457 1151 ἑν
1473 1126 1633 1163 Ἀντιοχείᾳ,
1642 1128 1793 1161 Φλαϐιανὸς
1804 1119 1834 1157 ai
1846 1119 1894 1158 ἐπὶ

1103 1164 1222 1201 Ῥώμης,
1252 1166 1426 1205 Ἀλέξανδρος
1451 1170 1603 1204 ἐπίσκοπος
1639 1173 1836 1209 Ἰεροσολύμων
1865 1177 1893 1202 ἐν

1097 1209 1262 1247 Καισαρείᾳ.

1132 1256 1187 1283 Καὶ
1200 1257 1281 1290 αὐτὸς
1295 1257 1323 1285 δὲ
1343 1252 1482 1295 Ὠριγένης
1495 1261 1582 1288 πολλὰ
1598 1263 1749 1296 πεπονθὼς,
1761 1264 1802 1296 είς
1816 1265 1894 1297 τέλος

1097 1300 1144 1327 τοῦ
1164 1303 1315 1338 μαρτυρίου
1336 1304 1386 1331 οὐκ
1407 1304 1535 1340 ἔφθασεν.
1563 1306 1664 1334 Ἐλθὼν
1681 1308 1709 1335 δὲ
1731 1310 1771 1341 είς
1786 1311 1892 1337 Καισα-

1099 1355 1175 1382 ρειαν
1188 1347 1238 1383 τὴν
1254 1342 1421 1383 Στράτωνος,
1439 1351 1485 1377 καὶ
1500 1351 1645 1388 διατρίψας
1659 1354 1699 1386 είς
1717 1354 1894 1391 Ἱεροσόλυμα

1097 1393 1193 1428 χρόνον
1205 1393 1304 1428 ὀλίγον,
1315 1392 1374 1422 εἶτα
1387 1396 1471 1423 ἐλθὼν
1490 1397 1529 1428 εὶς
1545 1397 1642 1434 Τύρον,
1660 1400 1706 1426 ἐπὶ
1720 1400 1768 1436 ἔτη
1783 1405 1838 1437 κη’,
1857 1404 1895 1435 ὡς

1098 1439 1112 1464 ό
1131 1437 1208 1472 λόγος
1232 1439 1298 1474 ἔχει,
1322 1440 1371 1476 τὴν
1395 1442 1445 1477 μὲν
1463 1443 1600 1471 πολιτείαν
1619 1445 1769 1480 ἑνησκεῖτο,
1792 1448 1842 1480 τὰς
1866 1449 1895 1475 δὲ

1097 1482 1209 1518 Γραφὰς
1222 1485 1406 1520 ἡρμήνευσεν.
1424 1487 1490 1514 ὐτε
1502 1490 1549 1516 καὶ
1562 1489 1597 1516 τὰ
1618 1490 1763 1525 Ἐξαπλᾶ,
1781 1493 1830 1520 καὶ
1844 1494 1895 1525 τὰς

1097 1528 1144 1555 δύο
1161 1529 1216 1556 τῶν
1236 1530 1388 1565 Ἑϐραϊκῶν
1411 1534 1517 1567 σελίδας
1536 1535 1649 1572 ἄντικρυ
1666 1537 1699 1564 ὲκ
1717 1539 1894 1575 παραλλήλου

1099 1575 1164 1609 μιᾶς
1188 1575 1337 1611 ἑρμηνείας
1358 1578 1427 1614 πρὸς
1444 1580 1494 1615 τὴν
1520 1581 1617 1617 ἑτέραν
1643 1583 1803 1619 συνέθηκεν,
1825 1586 1893 1618 Ἐξο

1097 1620 1197 1666 (καλᾶς
1210 1621 1260 1653 τὰς
1280 1621 1387 1657 βίϐλους
1409 1625 1556 1661 ὀνομάσας,
1580 1628 1705 1665 καθάπερ
1718 1638 1764 1666 μοι
1777 1631 1835 1658 ἄνω
1851 1631 1894 1659 διὰ

1098 1665 1215 1698 πλάτους
1231 1667 1347 1704 εἴρηται.

1132 1798 1181 1826 ΙΘ¹.
1199 1799 1294 1835 Εὐρὼν
1310 1801 1338 1828 δὲ
1352 1802 1402 1837 τῆς
1416 1803 1550 1840 Πέμπτης
1568 1806 1614 1832 καὶ
1631 1807 1735 1843 Ἕκτης
1756 1809 1892 1842 ἐκδόσεως

1095 1843 1145 1890 τας
1159 1844 1266 1890 βίϐλους
1282 1847 1344 1873 καθ’
1357 1847 1387 1874 ὃν
1401 1849 1517 1885 είπομεν
1540 1851 1650 1886 τρόπον,
1674 1854 1723 1880 καὶ
1747 1852 1785 1890 μὴ
1809 1856 1891 1889 γνοὺς

1095 1888 1166 1921 τίνες
1181 1888 1236 1918 εἶεν
1252 1891 1276 1917 οί
1289 1892 1509 1928 ἐρμηνεύσαντες
1522 1896 1618 1930 αὐτὰς,
1635 1898 1696 1924 καθ’
1710 1888 1756 1930 οὓς
1771 1888 1889 1936 εὑρέθη-

1095 1942 1144 1960 σαν
1159 1935 1281 1970 χρόνους,
1306 1939 1366 1970 ταῖς
1389 1939 1443 1974 πρὸ
1462 1940 1552 1968 αὐτῶν
1572 1942 1716 1979 τέσσαρσιν
1734 1945 1891 1978 ἀκολούθως

1094 1981 1126 2015 τῇ
1144 1981 1293 2028 παραθέσει
1306 1985 1473 2020 συνυφήνας,
1488 1987 1538 2022 τὴν
1552 1988 1616 2022 μίαν
1632 1990 1765 2026 Πέμπτην
1781 1991 1892 2028 ὠνόμα-

1095 2032 1151 2058 σεν,
1165 2026 1319 2073 ἐπιγράψας
1333 2029 1377 2056 διὰ
1391 2030 1437 2057 τοῦ
1454 2032 1582 2067 πέμπτου
1599 2036 1730 2070 στοιχείου
1748 2037 1799 2072 τῆς
1814 2026 1891 2073 πέμ-

1094 2079 1164 2116 πτης
1175 2072 1220 2098 τὸν
1234 2073 1362 2108 ἀριθμὸν,
1380 2077 1427 2103 καὶ
1443 2077 1566 2112 δηλώσας
1582 2080 1613 2107 τὸ
1630 2080 1725 2116 ὄνομα.
1748 2072 1891 2116 Ὡσαύτως

1093 2115 1121 2166 δὲ
1137 2116 1184 2143 καὶ
1196 2118 1245 2153 τὴν
1258 2120 1317 2154 μετ’
1333 2121 1420 2157 αὐτὴν
1433 2123 1464 2149 τὸ
1473 2124 1554 2160 ὲπίση
1560 2134 1609 2160 μον
1622 2115 1780 2162 ἐπιγράψας
1791 2129 1823 2156 τὺ
1839 2115 1890 2166 τῆς

1095 2162 1197 2210 Ἕκτης
1206 2166 1353 2201 ἑρμηνείας
1359 2168 1444 2204 ϐνομα
1455 2170 1598 2206 ἑδήλωσεν.
1613 2172 1692 2200 Ἀλλὰ
1703 2174 1750 2201 καὶ
1757 2162 1891 2210 τεχνικῶς

1095 2208 1174 2236 τοῦτο
1187 2211 1345 2246 εἰργάσατο,
1358 2214 1426 2250 ὅπερ
1436 2216 1491 2243 τῶν
1502 2217 1650 2252 φιλολόγων
1663 2219 1739 2251 τινὰς
1749 2208 1889 2249 λαν-θάνειξ

1096 2255 1319 2301 ’ἓντυγχάνοντες
1332 2259 1386 2295 γὰρ
1400 2262 1457 2293 τοῖς
1475 2262 1646 2298 Ἑξαπλοῖς,
1671 2265 1687 2301 ἢ
1709 2266 1891 2301 Ὀκταπλοῐς

1096 2299 1263 2335 (Τετραπλᾶ
1278 2304 1332 2339 γάρ
1345 2305 1396 2331 είσι
1407 2306 1440 2333 τὰ
1457 2307 1612 2343 Ἑλληνικὰ,
1627 2299 1691 2337 ὅταν
1705 2311 1733 2337 αί
1749 2312 1797 2339 τοῦ
1808 2299 1891 2340 Ἀκύζ

1095 2345 1138 2392 λα,
1162 2347 1210 2373 καὶ
1233 2348 1394 2384 Συμμάχου,
1415 2352 1462 2378 καὶ
1484 2354 1539 2381 τῶν
1562 2354 1822 2392 Ἑϐδομηκονταδύο,
1841 2361 1890 2386 καὶ

1095 2391 1272 2426 Θεοδοτίωνος
1286 2395 1430 2431 ἑρμηνεῖαι
1444 2400 1660 2436 συντεταγμέναι
1673 2399 1734 2430 ὦσι.
1751 2403 1813 2430 Τῶν
1827 2413 1889 2432 τεσ-

1095 2436 1186 2473 σάρων
1205 2438 1233 2465 δὲ
1252 2440 1355 2467 τούτων
1372 2442 1483 2470 σελίδων
1498 2446 1558 2476 ταῖς
1573 2445 1633 2472 δυσὶ.
1647 2448 1707 2479 ταῖς
1728 2448 1888 2485 Ἑϐραϊκαῖς

1094 2484 1293 2519 συναφθεισῶν,
1316 2487 1454 2520 Ἐξαπλᾶ
1471 2491 1604 2519 καλεῖται.
1628 2494 1692 2520 Ἐὰν
1701 2494 1729 2521 δὲ
1748 2484 1796 2523 καὶ
1812 2497 1888 2533 Πέμ-

1096 2538 1148 2565 πτη
1168 2531 1214 2557 καὶ
1235 2533 1250 2567 ἡ
1277 2532 1362 2570 Ἒχτη
1376 2535 1508 2571 ἑρμηνεία
1530 2539 1709 2574 συναφθῶσιν,
1731 2531 1888 2576 ἀκολούθως

1092 2576 1198 2609 τούτοις
1209 2578 1361 2608 Ὀκταπλᾶ
1374 2581 1522 2617 καλεῖται)·
1545 2584 1616 2617 τινὲς
1626 2586 1726 2618 τοίνυν,
1748 2587 1787 2620 ὡς
1807 2588 1885 2625 ἔφην,

1093 2622 1206 2669 ταύταις
1219 2626 1280 2669 ταῖς
1297 2625 1397 2660 βίϐλοις
1416 2628 1636 2665 ἐντυγχάνοντες,
1648 2632 1696 2658 καὶ
1711 2622 1886 2669 εὑρίσκοντες

1094 2666 1143 2712 τὰς
1155 2667 1201 2695 δύο
1218 2668 1366 2705 Ἐϐραῖκὰς
1380 2672 1501 2707 πρώτοις
1514 2678 1521 2690 δ
1535 2675 1676 2710 κειμένας,
1699 2666 1767 2712 μετὰ
1783 2666 1886 2711 ταύτας

1094 2711 1122 2738 δὲ
1134 2712 1184 2748 τὴν
1197 2713 1244 2741 τοῦ
1258 2715 1360 2743 Ἀκύλα
1381 2720 1564 2755 τεταγμένην.
1581 2721 1643 2756 μεθ’
1661 2722 1694 2757 ῆν
1709 2723 1757 2751 καὶ
1773 2723 1824 2761 τὴν
1838 2725 1886 2752 τοῦ

1094 2758 1253 2795 Συμμάχου,
1269 2761 1364 2790 ἔπειτα
1375 2764 1424 2800 τὴν
1435 2765 1489 2793 τῶν
1508 2765 1766 2802 Ἐϐδομηκονταδύυ,
1783 2758 1886 2807 usus;
