1939 3039
64 164 114 191 Ξιιε)

547 164 649 192 LIBER
669 163 713 191 DE
733 163 908 191 MENSUHIS
925 163 969 192 ET
989 162 1219 192 PONDERIBUS.

1649 168 1702 196 270

66 223 83 256 ὴ
96 223 144 250 τοῦ
159 222 339 255 Θεοδοτίωνος
353 222 543 255 συντέτακται,
560 223 607 251 καὶ
622 222 686 258 ἑξῆς
706 224 722 257 ἡ
746 223 862 258 Πέμπτη

927 223 1042 258 lispositi
1055 227 1120 250 sunt
1135 221 1244 255 ordine,
1260 220 1333 249 LXX
1347 222 1422 257 ipsos
1436 224 1618 252 antecessisse
1633 225 1702 252 faLsn

65 277 92 295 τε
101 269 148 295 καὶ
155 269 255 304 Ἔκτη,
267 268 374 295 δοκοῦσι
386 268 511 304 πρώτους
517 268 685 305 ἑρμηνεῦσαι
691 269 736 295 τὸν
745 268 861 295 ’Λκύλαν

66 316 111 342 καὶ
129 315 176 342 τὸν
197 315 346 350 Σύμμαχον
367 314 422 341 τῶν
447 314 709 350 Ἑϐδομηκονταδύο,
725 314 796 341 κατὰ
811 314 862 349 τὴν

65 362 140 394 τάξιν
165 361 218 396 τῆς
235 361 347 395 θέσεως,
369 362 438 397 ὅπερ
453 360 505 387 οὐκ
521 359 605 387 ἐστιν.
625 360 697 387 Ἀλλ’
720 360 862 397 Ὠριγένης

66 408 221 443 πυθόμενος
236 407 286 443 τὴν
299 407 354 434 τῶν
373 407 624 443 Ἐϐδομηκονταδύο
638 406 744 434 ἔκδοσιν
758 405 862 442 ἀκριϐῆ

65 451 148 485 εἶναι,
171 453 259 490 μέσην
275 453 377 488 ταύτην
396 453 555 488 συνέθηκεν,
575 453 650 485 ὅπως
670 453 719 485 τὰς
736 452 863 479 ἐντεῦθεν

66 500 113 527 καὶ
125 499 255 527 ἐντεῦθεν
268 499 417 535 ἑρμηνείας
430 498 565 535 διελέγχῃ·
574 498 653 526 τοῦτο
663 498 692 525 δὲ
703 498 783 533 μόνον
795 498 863 534 Ὠρι-

66 546 148 582 γένης
158 545 304 582 χρησίμως
319 545 459 581 ἐποίησεν.
475 545 533 571 Ἵνα
543 544 570 571 δὲ
582 544 630 571 καὶ
644 544 698 571 τῶν
720 543 864 580 Ῥωμαίων

68 593 202 628 βασιλέων
217 592 269 627 τὴν
292 591 466 623 ἀκολουθίαν,
489 591 522 626 ἢν
540 590 686 626 ἠρξάμεθα
703 590 801 622 ποιεῖν,
826 589 864 625 μὴ

68 637 297 674 παραλείψωμεν,
314 634 393 668 αὖθις
412 635 462 667 τὰς
477 635 532 662 τῶν
550 635 638 662 ἄλλων
657 634 790 671 βασιλέων
805 634 865 661 δια-

67 684 158 720 δοχὰς,
178 682 272 715 καθὼς
286 683 400 714 ἕκαστος
416 682 601 715 ἐϐασίλευσεν,
623 681 811 716 ὑποτάξωμεν.

102 731 146 757 κ’.
170 727 251 757 Μετὰ
266 729 397 764 Γαλίηνον
409 729 417 743 ¹
432 729 481 755 καὶ
495 727 690 755 Οὺολουσιανὸν
711 728 776 758 τοὺς
796 735 865 762 προ-

68 775 284 812 γεγραμμένους
300 774 515 810 βασιλεύσαντας
527 774 574 801 ἐπὶ
585 774 657 801 ἔτεσι
673 773 719 801 δύο
737 773 783 801 καὶ
799 773 866 809 μησὶ

69 823 230 858 τέσσαρσιν,
254 821 429 849 ἐϐασίλευσεν
454 821 636 857 Οὐαλεριανὸς
661 821 709 848 καὶ
737 820 866 855 Γαλίηνος

70 870 116 897 ἐπὶ
129 869 205 896 ἔτεσι
221 868 337 896 δώδεκα.
354 868 402 894 Ἐν
425 867 463 903 τῷ
485 867 587 902 ὲννάτῳ
606 865 653 894 οὖν
670 866 725 893 ἔτει
742 867 792 901 τῆς
805 865 867 892 τού-

70 926 123 944 των
141 915 284 952 βασιλείας
303 914 387 949 ἀνέϐη
406 913 504 949 Μάνης
520 913 574 940 ἀπὸ
592 914 642 949 τῆς
659 913 800 949 Περσίδος·
821 912 866 939 ὅτε

71 965 119 991 καὶ
136 962 208 998 πρὸς
229 960 377 997 Ἀρχέλαον
397 960 444 986 τὸν
464 960 614 986 ἐπίσκοπον
639 959 795 994 Κασχάρων
816 958 867 993 τῆς

71 1008 289 1042 Μεσοποταμίας
309 1006 474 1042 συζητῆσας,
495 1006 542 1033 καὶ
563 1005 594 1032 τὸ
613 1004 695 1042 ἧττον
716 1006 869 1039 ἀπενεγκά-

73 1063 167 1092 μενος,
183 1053 338 1089 λεληθότως
353 1052 470 1088 ἀπέδρα,
493 1052 540 1079 kat
559 1051 644 1078 ἐλθὼν
662 1053 702 1084 εἰς
721 1051 869 1088 Διοδωρίδα

72 1102 174 1137 κώμην
194 1100 246 1135 τῆς
267 1099 423 1134 Κασχάρων
440 1098 616 1134 περιοικὶδος,
641 1098 688 1125 καὶ
712 1097 869 1132 συζητῆσας

73 1148 205 1185 Τρύφωνι
226 1147 266 1182 τῷ
288 1145 358 1181 ἁγίῳ
378 1145 567 1181 πρεσϐυτέρῳ,
590 1144 701 1175 τελείως
721 1144 766 1170 ὑπ’
785 1142 868 1170 αὑτοῦ

74 1192 263 1230 κατῃσχύνθη·
281 1192 323 1219 διὸ
333 1192 378 1218 καὶ
389 1191 486 1226 ἔμελλε
499 1191 584 1222 λίθοις
596 1189 649 1216 ὑπὸ
666 1189 720 1216 τῶν
733 1189 807 1216 λαῶν
821 1189 869 1216 Θα-

73 1238 233 1267 ητοῦσθαν
254 1237 403 1273 λυτρωθεὶς
421 1236 449 1262 δὲ
466 1236 519 1262 ὑπὸ
537 1235 586 1263 τοῦ
607 1235 757 1262 ἐπισκόπου
774 1234 869 1270 ’Λρχε-

73 1285 152 1312 Mor
176 1284 223 1311 καὶ
237 1283 403 1318 ἁνακάμψας
417 1283 457 1314 εἰς
473 1281 522 1318 τὴν
534 1281 665 1317 Περσίδα,
683 1280 806 1308 κελεύσει
821 1279 868 1306 τοῦ

75 1329 191 1366 Περσῶν
210 1329 352 1365 βασιλέως,
375 1328 493 1363 καλάμῳ
517 1327 643 1364 ἑξεδάρη·
667 1327 715 1354 καὶ
740 1326 826 1358 οὕτως
839 1325 871 1352 τὸ

75 1377 152 1409 τέλος
164 1375 214 1404 τοῦ
233 1375 291 1411 βίον
307 1374 487 1410 κατέστρεψε.

110 1465 191 1494 Μετὰ
210 1464 403 1501 Οὐαλεριανὸν,
423 1463 470 1491 καὶ
481 1463 611 1498 Γαλίηνον
627 1461 765 1497 βασιλεύει
780 1460 872 1488 Κλαύ-

75 1513 131 1545 διος
144 1511 271 1539 ἐνιαυτὸν
287 1510 345 1543 ἕνα,
357 1510 405 1537 καὶ
423 1509 510 1545 μῆνας
526 1509 559 1537 θ’.

913 269 1100 304 suspicantur.
1118 267 1171 296 Sed
1184 267 1316 303 Origenes
1329 268 1454 296 videlicet
1474 277 1536 296 cum
1551 269 1644 298 LXXII
1658 272 1705 298 lu-

912 318 1062 351 terpretum
1079 314 1227 342 editionem
1246 314 1483 342 aecuratissimam
1503 323 1564 343 esse
1588 325 1703 351 persua-

914 369 976 390 smu
993 362 1117 394 haberet,
1135 361 1253 389 mediam
1271 361 1395 389 omnium
1419 369 1479 390 esse
1502 363 1598 395 voluit,
1620 368 1649 390 ut
1669 363 1703 392 ad

914 413 974 434 eam
989 407 1119 442 utrinque
1135 405 1275 441 dispositae
1289 411 1403 440 caetera},
1418 411 1547 442 tanquam
1564 407 1596 434 ad
1612 415 1705 436 anius—

914 452 967 481 sim
985 452 1056 488 exigi
1080 452 1263 488 redarguiquc
1277 457 1390 487 possent
1403 461 1409 480 :
1426 453 1498 488 quod
1512 461 1596 480 unum
1611 453 1706 489 Origeo

914 499 959 527 nis
985 498 1127 527 inventum
1147 499 1227 534 longe
1250 498 1428 526 utilissimum
1451 498 1515 526 fuit.
1541 499 1594 526 Sed
1613 504 1644 526 ut
1665 500 1706 527 in-

914 544 1043 572 choatam
1058 545 1245 571 Romanorum
1271 545 1468 580 imperatorum
1490 546 1589 573 seriem
1612 554 1707 581 prose-

916 596 1041 624 quamur,
1049 593 1208 617 caeterorum
1220 590 1412 618 successiones
1424 595 1451 618 et
1463 590 1570 626 imperii
1584 595 1708 626 tempora

916 636 1086 672 subjicienda
1101 635 1268 671 putavimus.

954 723 1035 759 176
1046 722 1106 750 XX.
1131 722 1218 758 Igitur
1238 727 1302 758 post
1324 722 1432 751 Gallum
1457 727 1484 752 et
1507 723 1705 756 Volusiauum.

917 779 987 806 quos
1015 778 1099 806 supra
1115 770 1411 805 commemoravimus,
1433 771 1479 805 qui
1502 771 1583 798 annis
1599 771 1708 799 duobus

918 825 950 844 ac
965 817 1106 845 mensibus
1119 821 1238 851 quatuor
1255 816 1435 851 imperarunt,
1450 824 1610 845 successere
1629 817 1709 844 Valc-

918 863 1014 891 riauus
1029 867 1055 890 et
1070 861 1200 890 Galienus
1212 862 1292 889 annis
1308 862 1465 890 duodecim.
1483 862 1590 896 Quibus
1606 871 1708 891 annum

918 916 1020 936 nonum
1038 909 1246 944 imperantibus.
1259 909 1352 936 Manes
1367 917 1382 936 e
1396 908 1507 937 Perside
1523 909 1557 936 ad
1572 909 1710 936 Romano-

919 964 979 983 rum
997 956 1142 990 imperium
1163 955 1290 983 accessit.
1309 955 1370 987 Quo
1389 960 1512 989 tempore
1527 963 1590 982 cum
1606 955 1711 983 Arche-

918 1002 962 1030 lao
982 1001 1184 1030 Cascharorum
1206 1002 1233 1030 iu
1255 1001 1450 1037 Mesopotamia
1470 1001 1599 1036 episcopo
1617 1001 1712 1036 dispu-

919 1049 1003 1076 tando
1021 1052 1168 1083 superatus
1187 1047 1344 1075 clanculum
1369 1047 1485 1082 aufugit.
1507 1052 1534 1074 et
1553 1048 1586 1074 ad
1612 1055 1711 1082 pagum

919 1095 1065 1130 quemdam
1083 1093 1230 1122 Cascharis
1257 1093 1378 1120 vicinum
1401 1093 1512 1120 nomine
1538 1092 1711 1119 Diodoridem

920 1141 1070 1177 profectus,
1097 1140 1254 1174 ibidemque
1278 1146 1340 1166 cum
1371 1137 1518 1174 Tryphone
1551 1139 1711 1174 presbytero

920 1194 1098 1222 congressus,
1127 1186 1272 1213 convictus
1293 1191 1375 1220 atque
1393 1190 1517 1212 extrenm
1532 1184 1635 1219 pudore
1649 1191 1712 1218 per-

921 1233 1000 1262 fusus
1020 1237 1081 1260 est:
1098 1240 1131 1260 ex
1152 1240 1207 1267 quo
1225 1231 1363 1267 lapidibus
1388 1238 1403 1257 a
1422 1231 1522 1265 populo
1544 1233 1617 1258 esset
1630 1229 1714 1257 obru—

920 1284 983 1312 tus,
1019 1279 1074 1307 nisi
1109 1286 1170 1306 eum
1201 1278 1353 1306 Archelaus
1383 1277 1530 1312 episcopus
1556 1276 1712 1311 erlpuisset.

923 1325 1001 1354 Unde
1014 1333 1076 1353 eum
1101 1332 1227 1352 reversus
1249 1328 1323 1352 esset
1346 1324 1373 1351 in
1398 1323 1549 1355 Persidem,
1566 1323 1714 1351 Persarum

920 1374 994 1410 regis
1007 1373 1087 1408 jussu
1101 1372 1173 1399 cutis
1188 1372 1225 1398 illi
1244 1371 1406 1399 acutissimo
1421 1371 1528 1397 calamo
1543 1370 1714 1403 detrahitur;

921 1420 1017 1454 itaque
1036 1422 1153 1445 mortem
1167 1416 1246 1444 obiit.

958 1465 1023 1492 Post
1039 1463 1216 1491 Valerianum
1236 1466 1264 1490 et
1281 1462 1425 1490 Galienum
1443 1461 1576 1490 Claudius
1597 1461 1713 1496 impera-

923 1511 962 1539 vit
978 1518 1091 1542 annum,
1109 1517 1218 1537 menses
1236 1517 1273 1536 ix.

110 1558 216 1586 Τοῦτον
226 1556 564 1592 διαδέχεταιΔὺρηλιανὺς,
573 1555 620 1582 καὶ
632 1553 769 1591 βασιλεύει
779 1552 827 1588 ἐτη
840 1555 868 1586 ε’,

960 1556 1100 1584 Successit
1119 1556 1285 1583 Aurelianus
1300 1562 1389 1583 annos
1402 1555 1534 1590 quiaque,
1551 1562 1660 1582 menses
1677 1562 1713 1580 ινι-

75 1606 125 1632 καὶ
143 1604 232 1639 μῆνας
245 1603 285 1634 ἒξ.

113 1649 191 1677 Μετὰ
200 1648 296 1675 τοῦτον
312 1647 469 1674 ἐϐασίλευσε
483 1647 601 1678 Τάκιτος
616 1646 705 1682 μῆνας
723 1645 765 1678 ἕξ.

112 1696 193 1724 Μετὰ
223 1695 319 1722 τοῦτον
349 1694 507 1720 ἐϐασίλευσε
543 1693 648 1729 Πρόϐος
678 1693 726 1727 ἐτη
753 1691 801 1724 ἕξ,
826 1691 873 1718 καὶ

80 1743 171 1779 μῆνας
186 1741 218 1768 δ’.

112 1788 193 1816 Μετὰ
215 1785 310 1814 τοῦτον
335 1785 494 1812 ἐϐασίλευσε
517 1785 620 1821 Κάρος,
642 1785 701 1820 ἅμα
717 1786 773 1816 τοῖς
795 1784 874 1812 παισὶ

79 1834 192 1870 Καρίνῳ
204 1833 254 1860 καὶ
267 1831 458 1867 Νουμεριανῷ,
475 1830 523 1866 ἔτη
537 1831 595 1858 δύο.

110 1879 190 1906 Μετὰ
217 1877 312 1904 τοῦτον
340 1877 526 1912 Διοκλητιανὺς
558 1877 617 1913 ἃμα
640 1876 805 1913 Μαξιμιανῷ
826 1877 874 1903 καὶ

79 1924 265 1959 Κωνσταντίῳ
279 1923 327 1959 ἐτη
349 1927 393 1958 ιγ’.
415 1924 473 1958 Ἐφ’
493 1921 530 1951 ὧν
555 1925 570 1950 ὁ
598 1924 728 1959 κραταιὸς
755 1923 874 1958 διωγμὸς

78 1971 239 2006 γεγένηται,
259 1969 407 2005 διαρκέσας
425 1969 497 2001 ὅλοις
510 1969 613 1996 δώδεκα
627 1969 710 1997 ἔτεσι.
727 1969 875 2004 Παυσαμὲ-

78 2026 125 2043 νου
136 2017 166 2044 δὲ
179 2016 228 2043 τοῦ
238 2015 370 2051 διωγμοῦ,
383 2015 519 2050 βασιλεύει
533 2015 724 2051 Διοκλητιανδς
735 2015 815 2042 ἄλλον
826 2015 874 2042 ἕνα

78 2063 214 2094 ἐνιαυτὸν,
241 2062 289 2089 καὶ
313 2062 430 2089 παύεται
443 2063 492 2097 τῆς
508 2062 648 2097 βασιλείας
669 2062 873 2097 οὐαιτρανίσας.

78 2108 254 2145 Μαξιμιανὸς
276 2109 305 2135 δὲ
322 2107 400 2144 κακῷ
418 2108 493 2144 μόρῳ
512 2108 650 2144 ὀφθαλμία
672 2117 702 2135 τε
722 2108 769 2135 καὶ
791 2107 874 2135 πάθει

79 2155 233 2192 σωματικῷ
261 2155 427 2190 περιπεσὼν,
456 2154 619 2190 ὲξεϐολὸήθη
636 2154 700 2186 τοὺς
717 2154 874 2190 ὀφθαλμοὺς

78 2202 228 2237 αὐτομάτῳ
241 2202 323 2237 νόσῳ,
337 2201 398 2228 καθ’
415 2201 446 2228 ὃν
457 2201 557 2237 τρόπον
572 2201 675 2228 διέθετο
688 2201 751 2232 τοὺς
767 2201 874 2235 μάρτυ-

80 2256 140 2283 ρας,
153 2247 204 2273 καὶ¹
216 2246 304 2278 οὕτως
316 2246 361 2273 τὸν
377 2246 433 2281 βίον
447 2245 627 2281 κατέστρεψε,
647 2245 814 2282 καταλείψας
826 2246 874 2271 Λι-
891 2237 912 2264 D

51 2290 62 2298 ”
77 2294 165 2329 adva
186 2293 235 2319 καὶ
247 2292 436 2318 Κωνστάντιον
455 2291 658 2326 βασιλεύοντας.

113 2339 235 2371 Τούτους
259 2338 473 2373 τελευτήσαντας
496 2338 648 2373 διαδέχεται
672 2338 875 2369 Κωνσταντῖνος

76 2387 92 2413 ὁ
109 2385 280 2422 μακαρίτης,
296 2384 460 2420 βασιλεύσας
476 2384 523 2420 ἔτη
537 2384 588 2419 λβ’.

113 2434 163 2464 Ὃς
179 2431 347 2466 τελευτήσας
360 2431 424 2462 τοὺς
437 2430 519 2462 ἰδίους
532 2430 631 2462 παῖδας
651 2429 781 2458 κατέλιπε
796 2431 874 2466 βασι-

76 2478 178 2510 λεύειν,
191 2477 371 2509 Κώνσταντα,
387 2477 434 2504 καὶ
448 2477 649 2509 Κωνστάντιον,
664 2477 710 2504 καὶ
729 2478 874 2505 Κωνσταν-

77 2527 161 2551 τίνον.

111 2571 181 2598 Μεθ’
188 2570 237 2602 οὓς
244 2570 390 2601 Ἰουλιανὸς
398 2569 541 2602 Ἰουϐιανός
548 2578 589 2601 τε,
599 2570 646 2596 καὶ
655 2569 876 2602 Οὺαλεντινιανὸς

77 2617 200 2652 όμὲγας.
215 2617 263 2643 καὶ
275 2616 383 2651 Οὐάλης
398 2616 412 2642 ὁ
427 2615 541 2651 ἀδελφὸς
558 2615 651 2647 αὑτοῦ,
667 2615 715 2642 καὶ
726 2615 876 2652 Γρατιανδς

80 2662 136 2694 uie;
143 2660 370 2689 Οὐαλεντινιανοῦ
375 2682 381 2692 ,
390 2661 436 2687 καὶ
444 2660 666 2692 Οὖαλεντινιανδς
672 2661 812 2698 νεώτερος,
820 2661 877 2693 υἱὸς

79 2707 319 2739 Οὐαλεντινιανοῦ,
341 2707 387 2734 τοῦ
410 2707 526 2743 ἀδελφοῦ
540 2709 550 2724 ¹
569 2708 731 2744 Γρατιανοῦ,
750 2709 797 2735 καὶ
809 2708 876 2735 θεο-

79 2754 165 2786 ὂόσιος
180 2755 194 2780 ὁ
210 2752 420 2787 θεοφιλέστατος
437 2753 575 2787 βασιλεὺς,
589 2753 787 2789 καὶἊρκέιδιος
797 2753 876 2786 ὀυὶδς

81 2798 175 2830 αὐτοῦ,
189 2799 237 2825 καὶ
251 2797 381 2834 Ὀνώριος
398 2799 612 2833 ἐπιφανέστατος
626 2801 639 2826 ὁ
655 2800 768 2835 ἀδελςρῆς
781 2800 874 2829 αὑτοῦ,

117 2878 124 2894 ¹
141 2876 171 2905 C.
190 2875 307 2904 Γάλλον.
347 2878 356 2892 ³
374 2876 437 2912 ch.
456 2877 578 2912 ἀδελςξὸς.

961 1642 1027 1670 Post
1045 1642 1117 1670 hunc
1132 1641 1246 1669 Tacitus
1261 1649 1370 1670 menses
1386 1651 1422 1670 γι.

961 1689 1026 1717 Inde
1039 1689 1146 1717 Probus
1161 1697 1249 1717 annos
1270 1697 1307 1721 vt.
1326 1697 1436 1718 menses
1449 1697 1485 1717 Iv.

959 1787 1027 1814 Post
1038 1786 1112 1814 hunc
1123 1787 1212 1814 Carus
1224 1794 1286 1814 cum
1301 1786 1376 1820 ﬁliis,
1387 1787 1489 1814 Carino
1500 1791 1528 1815 et
1538 1787 1717 1821 Numeriano,

926 1839 1015 1859 annos
1029 1839 1058 1859 ll.

961 1875 1031 1903 Tum
1048 1876 1234 1904 Dioeietianus
1252 1884 1314 1904 cum
1333 1877 1499 1905 Maximiano
1513 1883 1540 1904 ct
1556 1878 1718 1907 Constantio

925 1929 1014 1950 annos
1032 1930 1092 1950 xm.
1118 1923 1241 1956 Quorum
1263 1928 1387 1959 tempore
1409 1932 1507 1959 magna
1526 1925 1571 1952 illa
1589 1934 1719 1960 perseeu-

927 1970 965 1996 tio
977 1970 1103 2004 contigit,
1117 1977 1179 2005 qua:
1196 1970 1342 1998 duodecim
1361 1978 1448 1998 annos
1463 1971 1562 1999 tenuit.
1579 1972 1644 2000 Post
1657 1981 1718 2008 pcr—

926 2016 1095 2043 secutionem
1125 2016 1270 2051 imperavit
1305 2015 1492 2045 Diocletianus
1521 2018 1605 2045 alium
1631 2026 1717 2046 unum

926 2070 1038 2090 annum.
1059 2061 1176 2097 Moxque
1195 2061 1321 2090 abdicato
1341 2063 1468 2097 imperio,
1490 2063 1565 2090 velut
1587 2065 1718 2092 emeritus

926 2117 958 2136 ac
976 2113 1123 2137 veteranus
1142 2109 1256 2144 privatae
1271 2110 1333 2137 vita:
1352 2117 1412 2137 sese
1432 2110 1554 2136 tradidit.
1580 2109 1720 2137 Maximia-

926 2164 979 2183 nus
992 2163 1057 2183 vero
1074 2155 1177 2182 infelici
1196 2155 1262 2187 fato,
1279 2156 1421 2183 oculorum
1436 2156 1598 2192 praesertim,
1625 2164 1656 2183 ac
1677 2161 1720 2183 to-

927 2203 982 2230 tius
994 2202 1120 2237 corporis
1132 2202 1294 2237 aegritudine
1306 2202 1490 2237 conflictatus,
1506 2207 1604 2238 sponte
1616 2203 1719 2230 evulsis

927 2249 1062 2276 radicitus
1076 2248 1175 2280 oculis,
1190 2249 1344 2276 miserrimc
1356 2249 1446 2284 periit,
1460 2256 1522 2276 cum
1538 2248 1633 2276 cadent
1646 2252 1720 2276 esset

928 2299 1068 2330 expertus,
1086 2303 1147 2330 quae
1161 2295 1327 2331 martyribus
1341 2294 1487 2326 inflixerat.
1503 2295 1598 2322 relicto
1614 2294 1721 2322 Licinio

929 2349 961 2368 ac
972 2340 1135 2368 Constantio
1150 2340 1374 2376 imperatoribus.
1392 2341 1498 2374 Quibus
1510 2341 1564 2367 vita
1582 2340 1722 2368 defunctis

929 2386 1127 2414 Constantinus
1136 2386 1222 2414 δειδιιὲ
1234 2387 1373 2414 memoria:
1385 2387 1527 2422 imperavit
1543 2386 1623 2413 anuis
1633 2395 1719 2414 xxx".

965 2433 1018 2466 Qui
1044 2437 1170 2460 mortuus
1196 2441 1371 2461 successores
1397 2433 1493 2460 habuit
1515 2433 1622 2468 imperii
1652 2433 1721 2461 ﬁlios

929 2486 1005 2510 suos,
1030 2479 1221 2511 Constantem,
1246 2482 1273 2506 et
1298 2478 1502 2509 Constantium.
1529 2486 1562 2505 ac
1583 2478 1721 2506 Constan-

929 2525 1030 2552 tinum.

966 2571 1079 2607 Excepit
1093 2571 1144 2599 hos
1158 2570 1286 2599 Julianus
1299 2580 1306 2600 :
1320 2576 1377 2599 tum
1386 2573 1725 2608 Jovinianos,Valenliuia-

929 2625 983 2646 nus
1008 2618 1132 2653 Magnus,
1150 2622 1177 2645 et
1194 2617 1296 2646 Valens
1327 2617 1412 2646 frater
1437 2619 1508 2653 ejus,
1525 2623 1553 2646 et
1574 2619 1723 2647 Gratianus

931 2663 1004 2691 filius
1028 2662 1228 2697 Valentiniani;
1249 2663 1348 2691 deinde
1372 2663 1582 2692 Valentinianus
1607 2664 1724 2697 Iunior,

930 2708 1115 2737 Valentiniani
1135 2709 1218 2741 filius,
1236 2709 1321 2737 frater
1339 2708 1475 2741 Gratiani.
1497 2715 1523 2738 et
1539 2711 1618 2746 177
1633 2710 1723 2737 Theo-

930 2755 1027 2782 dosius
1038 2755 1263 2790 religiosissimus
1276 2756 1434 2791 imperator.
1446 2755 1560 2783 Demum
1575 2755 1723 2788 Arcadius,

931 2800 1078 2830 Theodosii
1098 2803 1180 2836 lilius,
1196 2806 1223 2831 et
1244 2802 1383 2832 Ilouorius
1407 2803 1612 2832 illustrissimus
1637 2802 1722 2830 frater
