1939 3039
252 125 300 152 971

1829 119 1882 135 α-π

949 120 977 149 S.
999 120 1168 148 EPIPIIANII
1829 120 1883 146 272

252 180 321 214 ejus.
339 179 461 212 Quorum
479 178 543 206 anni
559 185 646 213 usque
674 177 708 205 ad
728 177 874 205 Arcadium
889 177 908 204 ll
926 182 951 205 et
969 178 1039 205 Ruti-

1094 176 1145 204 Ὣν
1165 177 1198 204 τὰ
1221 175 1268 212 ἔτη
1287 176 1366 212 μέχρι
1381 175 1429 211 τῆς
1441 174 1583 210 ’Δρκαδίου
1601 173 1730 206 ὑπατείας
1744 173 1774 200 τὸ
1787 173 1881 200 δεύτε-

252 232 316 252 num
332 232 404 252 coss.
421 227 603 252 numerantur
623 231 689 251 Lvn.
702 223 807 257 Quibus
820 231 893 252 coss.
914 229 1038 252 mortuus

251 273 294 298 est
309 268 519 297 Valentinianus
532 268 629 296 Junior
640 267 823 296 Valentiniani
838 267 928 304 Magni
945 268 1015 296 ﬁlius
1029 279 1036 296 :

250 315 298 358 qui
317 315 443 349 subinde,
461 314 502 342 uti
525 314 625 348 ferunt,
641 315 806 350 pralocatus
827 315 855 342 in
877 315 977 350 palatio
995 321 1038 342 το»

252 365 345 396 pertus
374 366 427 393 est,
454 359 546 388 Idibus
571 359 644 392 Maii,
676 360 765 395 pridie
783 359 969 392 Pentecostes,
994 359 1038 387 die

252 405 381 438 Sabbati;
394 405 454 440 ipso
469 412 535 433 vero
551 404 595 432 die
609 403 785 432 Pentecostes
801 404 888 432 elatus
904 408 956 432 est.
974 403 1038 431 Erat

251 453 310 477 tum
326 448 397 484 apud
415 449 558 485 [Egyptios
580 449 682 476 mensis
707 448 815 476 Pachon
835 448 892 477 dies
909 449 1037 476 vicesima

251 496 350 530 prima,
363 495 441 530 juxta
454 494 563 522 Gnaeos
577 494 716 521 Artemisii
738 494 841 522 mensis
856 494 937 521 tertia
951 498 978 522 et
995 495 1036 521 vi-

250 541 363 572 cesima,
386 539 536 568 secundum
559 538 697 567 Romanos
720 540 826 568 decimo
851 540 965 575 septimo
983 539 1037 566 Ka-

251 585 324 612 lend.
338 585 444 612 lunias.

286 631 358 658 XXI.
380 630 529 664 Hactenus,
552 630 676 658 studiose
692 629 789 662 lector,
801 631 906 666 paucis,
921 638 981 666 qua:
994 631 1036 658 di-

251 676 337 704 cenda
358 677 524 712 putavimus,
547 676 680 708 contenti,
698 680 783 703 totam
800 676 979 712 luterpretum
996 677 1037 704 hi-

251 723 366 750 storiam
394 722 581 757 exposuimus.
613 721 692 748 Nunc
721 721 849 756 deinceps
869 722 902 749 ad
927 726 1035 754 extera,

252 767 482 803 quemadmodum
505 770 532 794 te
554 767 744 802 interpellante
759 767 943 802 promisimus,
965 775 981 795 o
995 768 1037 795 vir

252 814 311 845 Dei,
332 814 452 841 animum
475 813 662 848 applicenius;
691 813 779 848 deque
807 813 984 848 ponderibus,
1009 817 1036 841 et

1090 230 1137 258 ρον
1151 222 1198 248 καὶ
1216 221 1356 255 Ῥουφίνου
1371 220 1550 256 ἀριθμοῦνται
1571 220 1621 252 νζ.
1636 219 1696 254 Ἐφ’
1709 216 1746 246 ὧν
1770 219 1881 245 ἐτελεύ-

1087 275 1170 302 τησεν
1182 267 1196 294 ὁ
1206 266 1428 298 Οὐαλεντινιανὺς
1440 267 1453 292 ὁ
1469 265 1610 302 νεώτερος,
1624 265 1680 296 υἱὸς
1691 264 1881 291 Οὐαλεντινια-

1087 311 1134 338 νοῦ
1150 311 1197 338 τοῦ
1214 310 1343 346 μεγάλου,
1360 310 1481 347 εὑρεθεὶς
1494 310 1570 344 ἄφνω
1585 310 1614 335 ἐν
1632 308 1671 344 τῷ
1690 308 1814 343 παλατίῳ
1830 316 1880 334 πε-

1087 356 1246 392 πνιγμένος.
1270 356 1307 388 ὡς
1331 355 1419 390 λόγος,
1445 356 1474 382 ὲν
1498 355 1585 386 Ειδοῑς
1609 355 1721 386 Mettum,
1742 354 1796 389 πρὸ
1814 355 1881 389 μιᾶς

1086 402 1195 438 ἡμέρας
1211 402 1262 437 τῆς
1274 401 1475 436 Πεντηκοστῆς,
1491 402 1520 427 ὲν
1535 400 1627 437 ἡμέρᾳ
1640 400 1790 427 Σαϐσάτου·
1809 400 1880 434 αὐτῇ

1087 448 1116 475 δὲ
1132 449 1165 484 τῇ
1181 447 1272 483 ἡμέρᾳ
1294 447 1346 482 τῆς
1369 446 1560 482 Πεντηκοστῆς
1583 445 1757 481 ὲξεκομίσθη.
1781 443 1838 472 Ἦν
1852 446 1882 472 δὲ

1088 494 1148 520 κατ’
1168 493 1334 527 Αἰγυπτιους
1355 492 1416 519 τότε
1434 492 1519 527 μηνὸς
1540 491 1638 526 Παχὼν
1655 491 1704 526 μῑα
1725 491 1774 518 καὶ
1791 492 1880 523 εἰκάς,

1088 539 1158 566 κατὰ
1175 538 1203 565 δὲ
1215 538 1348 573 Ἕλληνας
1361 537 1535 573 Ἀρτεμισίου
1553 537 1632 572 τρίτη
1646 536 1693 564 καὶ
1705 536 1794 568 εικὰς,
1809 537 1882 563 κατὰ

1093 584 1245 619 Ῥωμαίους
1259 583 1288 610 δὲ
1304 583 1358 618 πρὸ
1372 582 1509 610 δεκαεπτὰ
1532 581 1678 608 Καλανδῶν
1697 582 1827 608 Ἰουνιων.

1122 630 1187 656 KA'.
1205 630 1278 661 Ἕως
1301 629 1434 660 ἐνταῦθα,
1458 627 1659 662 φιλοχαλώτατε
1672 647 1679 659 ,
1697 627 1881 663 ἀρκεσθέντες

1087 677 1143 707 τοῖς
1157 674 1377 711 προειρημένοις,
1398 674 1484 701 ἆπατι
1497 674 1546 708 τὴν
1560 673 1613 700 τῶν
1625 673 1800 708 ὲρμηνευτῶν
1813 673 1881 699 ὑπό-

1087 720 1161 746 οεσιν
1175 719 1363 755 ἐδηλώσαμεν.
1380 717 1436 745 Εἶθ’
1451 718 1514 754 ἑξῆς
1528 719 1567 749 εις
1584 718 1619 744 τὰ
1632 718 1770 747 ἐπίλοιπα,
1788 717 1880 748 καθὼς

1088 765 1281 800 ὑπευχὸμεθα⁸
1297 765 1358 796 σαῖς
1381 764 1492 799 εὐχαῖς,
1509 763 1636 799 ἄνθρωπε
1652 763 1699 790 τοῦ
1721 763 1800 794 Θεοῦ,
1831 763 1879 790 τὸν

1087 812 1150 838 νοῦν
1178 810 1316 846 ἐπιδῶμεν
1340 810 1406 847 περὶ
1432 809 1487 836 τῶν
1513 810 1542 835 ὲν
1568 810 1627 841 ταῖς
1649 809 1735 840 θείαις
1757 809 1881 844 Γραφαῖς

252 860 401 892 mensuris,
420 866 452 886 ac
474 859 595 886 numeris
619 866 740 894 agemus,
756 862 783 886 et
801 859 873 886 unde
889 859 969 887 unius
989 866 1039 886 cu-

1093 857 1219 892 σταθμῶν
1233 865 1264 883 τε
1289 855 1336 882 καὶ
1361 855 1469 891 μέτρων
1489 855 1537 882 καὶ
1559 854 1683 890 ἀριθμῶν
1703 854 1880 890 δηλώσοντες,

251 903 350 940 jusque
363 910 463 931 nomen
479 910 512 930 ac
530 903 610 937 cujus
631 903 718 938 gratia
734 902 879 930 deductum
901 903 947 935 sit,
965 910 1040 938 quiac-

252 957 306 984 que
335 949 453 976 nominis
479 948 588 976 occasio
613 948 708 981 tuerit;
733 952 791 976 tum
817 955 878 983 qua:
905 949 1039 984 cujusque

252 994 385 1027 conditio,
401 994 474 1030 quod
494 994 601 1030 pondus
620 993 656 1022 sit
670 1001 702 1021 ac
722 997 855 1029 potestas,
874 994 1037 1030 aperiemus.

285 1083 374 1109 Corus
405 1081 497 1117 itaque
521 1090 656 1109 mensurae
678 1090 764 1118 genus
793 1087 845 1117 est,
879 1084 914 1111 de
935 1092 990 1119 quo
1012 1084 1039 1111 in

253 1127 399 1163 l-Zvangelio
416 1127 497 1154 Luca:
518 1129 548 1154 lit
568 1128 668 1155 mentio
683 1129 691 1144 ¹
706 1138 713 1156 ;
730 1136 784 1163 quo
805 1129 832 1156 iu
852 1129 912 1157 loco
925 1129 1041 1164 pruden-

253 1179 307 1201 tem
335 1174 552 1210 dispensatorem
576 1174 708 1202 Dominus
733 1175 792 1210 ipsc
816 1175 964 1207 collaudat,
993 1175 1040 1210 qui

253 1220 426 1248 debitoribus
442 1227 492 1255 pro
514 1223 553 1247 tot
574 1220 648 1248 coris
668 1219 715 1255 qui
728 1219 755 1246 in
781 1220 889 1246 illorum
905 1220 1042 1255 chirogra-

254 1266 315 1299 phis
325 1264 549 1296 continebantur,
560 1268 601 1291 tot
613 1264 767 1299 rescripsit,
780 1268 808 1292 et
818 1269 946 1299 acceptos
961 1265 1040 1299 tulit;

253 1318 358 1337 necnon
375 1315 402 1337 et
414 1317 465 1344 pro
480 1313 521 1336 tot
546 1309 598 1336 olei
612 1309 694 1341 batis,
717 1313 756 1336 tot
777 1309 909 1344 reposuit.
930 1309 1041 1337 Mensu-

252 1363 344 1382 rarum
369 1362 452 1390 porro
481 1355 538 1382 haec
562 1359 627 1382 sunt
654 1354 787 1382 nomina:
807 1355 909 1388 lethec,
931 1363 1038 1391 gomor,

252 1401 343 1432 batus,
358 1405 459 1432 satum,
477 1400 596 1430 modius,
613 1400 710 1433 cahus,
729 1399 851 1431 chumix,
867 1399 1041 1434 ephisimila-

253 1446 336 1481 ginis,
355 1445 476 1480 pugillus
497 1444 603 1477 farinae,
618 1445 724 1476 artaba,
742 1448 798 1472 tres
821 1452 957 1473 mensurae
968 1445 1042 1472 simi.

253 1492 362 1527 laginis,
377 1491 430 1518 tria
442 1490 561 1518 canistra
573 1497 674 1525 panum
686 1489 893 1517 chondritarum
906 1497 938 1518 ex
954 1490 1038 1517 alica:

1090 902 1172 929 πόθεν
1202 902 1318 928 ἕκαστον
1334 901 1506 936 ὠνόμασται,
1528 901 1575 927 καὶ¹
1599 900 1671 932 τίνος
1695 899 1777 926 ἕνεκα
1793 899 1881 931 οὕτως

1089 947 1231 983 κέκληται,
1258 947 1305 973 καὶ
1327 946 1408 972 πόθεν
1432 946 1481 982 τὴν
1501 945 1638 981 πρόφασιν
1659 945 1708 981 τῆς
1732 945 1882 981 ὀνομασίας

1088 995 1185 1030 εἴληφε
1197 1013 1204 1026 ,
1221 994 1269 1021 καὶ
1292 994 1333 1024 τίς
1350 993 1465 1020 ἑκάστου
1489 992 1593 1019 τούτων
1615 992 1631 1027 ἡ
1655 991 1777 1027 ποιότης,
1794 991 1844 1018 καὶ
1864 991 1882 1026 ἡ

1088 1041 1164 1075 ὁλκὴ,
1183 1040 1256 1074 καὶὴ
1274 1039 1398 1074 δύναμις.
1534 1056 1536 1059 -

1125 1087 1231 1122 Μέτρον
1246 1084 1293 1112 οὖν
1309 1086 1368 1112 ἐστι
1384 1085 1464 1120 κόρος
1475 1083 1544 1119 (58),
1557 1084 1646 1110 κεῖται
1662 1083 1691 1110 δὲ
1706 1083 1734 1109 ὲν
1749 1081 1790 1118 τῷ
1808 1082 1881 1108 κατὰ

1090 1134 1195 1160 Λουκᾶν
1210 1132 1382 1167 Εὑαγγελιῳ·
1397 1131 1458 1158 ὅθεν
1474 1133 1488 1158 ὸ
1505 1131 1599 1167 Σωτὴρ
1610 1130 1716 1157 ἐπαινεῖ
1727 1129 1773 1156 τὸν
1787 1129 1882 1164 φρόνι-

1092 1187 1143 1214 μον
1159 1178 1300 1213 οἰκονόμον
1316 1179 1372 1209 τοῖς
1384 1177 1596 1212 χρεωφειλέταις
1611 1175 1670 1203 ἀντὶ
1686 1175 1774 1210 κόρων
1788 1173 1883 1201 τοσού-

1090 1230 1144 1248 των
1162 1222 1191 1248 ἐν
1216 1223 1271 1253 τοϊς
1297 1221 1373 1255 σφῶν
1394 1220 1484 1248 αὐτῶν
1510 1220 1702 1255 χειρογράφοις
1724 1218 1882 1245 τοσούτων¹

1093 1267 1354 1303 μεταγραιιιάμενον⁵
1374 1267 1434 1293 ἀντὶ
1455 1266 1483 1292 δὲ
1503 1265 1636 1292 τοσούτων
1663 1265 1752 1300 βάτων
1773 1264 1880 1295 ἐλαίου,

1090 1312 1208 1340 τοσαῦτα
1223 1313 1383 1348 ποιήσαντα.
1403 1311 1537 1346 Ὀνόματα
1550 1311 1603 1346 γάρ
1616 1311 1668 1337 εἰσι
1685 1310 1791 1346 μέτρων
1801 1309 1865 1336 τάδε
1875 1317 1881 1325 ι

1091 1359 1181 1395 λεθὲκ,
1196 1359 1293 1394 γόμορ,
1307 1358 1397 1394 βάτος,
1419 1358 1509 1389 σάτον,
1527 1357 1625 1393 μόδιος.
1645 1357 1729 1392 κόμος
1741 1356 1764 1389 ⁵,
1780 1356 1882 1390 φοῖνιξ,

1092 1403 1146 1440 ὕφη
1164 1404 1340 1439 σεμιδάλεως,
1355 1403 1422 1439 δρὰξ
1435 1403 1560 1439 ἀλεύρου,
1578 1402 1694 1438 ἀρτάῶὶ,
1709 1402 1773 1437 τρία
1793 1401 1885 1436 μέτρα.

1092 1449 1269 1485 σεμιδάλεως,
1290 1449 1353 1484 τρία
1368 1449 1438 1476 κανᾶ
1453 1448 1608 1484 χονδριτῶν,
1625 1447 1703 1474 νέϐελ
1718 1447 1802 1478 οἴνου,
1817 1447 1883 1474 κόλ-

1091 1494 1182 1525 λαθον,
1195 1494 1366 1530 ἀλάϐαστρον
1380 1494 1476 1530 μύρου,
1494 1493 1643 1529 καμψάκης
1660 1493 1766 1525 ὕδατος,
1781 1492 1883 1527 κοτύλη

254 1541 315 1564 uter
326 1536 395 1568 vini,
410 1535 559 1567 collathon,
575 1535 743 1563 alabastrum
759 1536 902 1571 unguenti,
920 1543 1039 1571 camps-a-

1093 1540 1200 1572 ἐλαίου,
1217 1527 1326 1572 κύαθος.
1345 1527 1482 1576 μετρῇτὴς
1506 1527 1588 1571 οἶνον,
1610 1527 1747 1575 μετρητὴς
1770 1537 1863 1565 ἐλαίου
1875 1557 1883 1570 ,

255 1589 301 1609 ces
318 1588 406 1616 aquae,
422 1581 530 1607 hemina
558 1580 622 1614 olei,
642 1580 757 1615 cyathus
772 1585 885 1608 metreta
901 1580 968 1613 viui,
984 1588 1041 1608 me-

254 1631 322 1654 treta
343 1626 409 1658 olei,
424 1626 555 1662 tryblion,
568 1627 714 1659 sextarius,
731 1626 872 1662 amphora,
887 1634 1040 1662 aporryma,

255 1671 372 1703 sabitha,
390 1671 429 1703 in,
449 1671 528 1703 chus,
548 1673 606 1699 sive
624 1672 750 1707 congius,
764 1679 833 1699 urna
845 1679 937 1705 aurea,
951 1672 978 1699 in
990 1679 1043 1707 qua

255 1717 406 1752 repositum
420 1721 479 1745 erat
492 1724 602 1749 manna,
619 1725 720 1750 mares,
736 1725 846 1753 cyprus,
861 1717 1041 1753 congiarium.

253 1764 343 1791 Corus
362 1764 454 1798 itaque
467 1771 499 1791 ex
517 1763 648 1791 Hebraica
673 1764 764 1798 lingua
786 1763 947 1799 desumplus
960 1768 1011 1797 est,
1027 1772 1042 1790 a

253 1809 354 1843 quibus
369 1809 436 1836 clior
452 1808 561 1836 dicitur.
581 1808 605 1835 ls
629 1809 735 1836 modios
757 1809 881 1836 continet
903 1816 966 1835 xxx.
987 1807 1042 1835 No-

257 1862 317 1882 mcn
333 1854 357 1882 ei
371 1862 386 1881 a
402 1854 473 1881 clivo
487 1854 611 1889 petitum.
626 1853 693 1881 Nam
707 1853 837 1882 llebraice
852 1854 944 1881 charia
956 1855 1043 1881 clivus

259 1900 423 1936 appellatur.
450 1899 571 1936 Triginta
589 1907 671 1935 porro
693 1899 775 1927 modii
790 1900 817 1927 in
844 1907 985 1933 acervum,
1012 1907 1044 1927 ac

1093 1585 1228 1621 τρυϐλίον,
1244 1585 1350 1621 ξέστης,
1369 1585 1520 1622 ἀμφορεὺς,
1539 1585 1697 1621 ἀπόρρυμα,
1717 1583 1827 1614 σαὸιθὰ,
1843 1583 1883 1614 ἰν,

1094 1629 1178 1665 χοῦς,
1198 1629 1321 1664 στάμνος
1347 1629 1451 1665 χρυσῆ,
1474 1630 1504 1656 ἐν
1565 1629 1695 1656 ἀπέκειτο
1716 1628 1747 1654 τδ
1775 1627 1883 1663 μάννα,

1098 1676 1187 1710 μάρης
1199 1696 1206 1707 ,
1223 1675 1326 1711 κύπρος
1336 1695 1343 1707 ,
1366 1675 1533 1710 κογγιάριον.
1553 1675 1686 1710 Εῑληπται
1704 1674 1792 1700 τοίνυν
1806 1674 1822 1700 ό
1836 1673 1884 1699 κό-

1095 1730 1141 1756 ρος
1154 1720 1212 1755 (59)
1229 1721 1262 1747 ἐκ
1285 1722 1333 1756 τῆς
1358 1720 1506 1756 Ἐϐραῖκῆς
1527 1719 1682 1751 διαλέκτου,
1705 1719 1734 1749 ὃς
1759 1717 1885 1744 καλεῖται

1093 1766 1156 1801 χόρ·
1176 1766 1228 1792 εἰσὶ
1245 1765 1273 1792 δὲ
1289 1765 1375 1800 μόδιοι
1393 1765 1432 1791 λ’·
1449 1765 1498 1800 χορ
1510 1765 1538 1791 δὲ
1558 1765 1666 1798 λέγεται
1683 1763 1737 1790 ἀπὸ
1751 1763 1798 1790 τοῦ
1819 1763 1878 1798 βου-

1094 1811 1139 1838 νοῦ
1162 1811 1334 1842 ὑποθέσεως·
1353 1811 1435 1846 χαρία
1458 1810 1511 1845 γὰρ
1530 1810 1652 1837 καλεῖται
1670 1809 1773 1844 βουνός.
1790 1809 1884 1835 Βουνι-

1096 1856 1203 1887 σοέντες
1218 1855 1246 1882 δὲ
1264 1855 1310 1882 καὶ
1329 1857 1354 1882 οἱ
1370 1855 1516 1891 τριάκοντα
1537 1854 1632 1890 μόδιοι.
1651 1854 1757 1881 ποιοῦσι
1773 1854 1884 1890 φορτίον

1095 1900 1323 1936 καμήλου.Λεοὲχ
1339 1900 1377 1932 δὲ,
1393 1900 1430 1932 ὡς
1443 1901 1472 1926 ἐν
1488 1899 1527 1935 τῷ
1541 1899 1621 1935 Ὠσηὲ
1634 1898 1689 1935 (60)
1702 1898 1741 1934 τῷ
1754 1899 1884 1934 προφήτῃ

292 1979 298 1992 ¹
327 1976 383 2004 Luc
395 1984 452 2010 xvr,
468 1976 493 2003 7.
530 1975 583 2004 'F.
604 1976 787 2011 ὑπεσχόμεθα.
826 1977 836 1992 ³
857 1975 887 2003 F.
903 1975 1039 2008 τοσούτους

1093 1976 1154 2004 ἰυιτ.
1193 1976 1203 1992 ⁸
1218 1975 1248 2004 F.
1262 1976 1356 2010 κάδος,
1371 1981 1397 2004 et
1412 1976 1506 2012 χοῖνιξ.
1525 1977 1563 2004 In.

290 2054 346 2089 (58)
376 2054 500 2089 Μέτροη
514 2051 570 2080 οὖν
594 2053 659 2079 ἐστι
675 2054 774 2087 κόρος.
796 2051 833 2080 De
862 2052 1038 2089 sequentibus

254 2088 390 2117 mensuris
407 2093 461 2115 tam
482 2088 632 2120 Hebraicis.
649 2096 734 2124 quam?
748 2089 903 2115 Grecorum
921 2088 1039 2124 p_ropriis

255 2128 381 2152 aecurate
405 2132 485 2159 agere
499 2125 549 2151 hoc
573 2124 631 2151 loco
649 2122 702 2150 non
720 2123 902 2150 decrevimus.
931 2122 984 2150 Res
998 2126 1040 2150 est

1092 2058 1134 2080 est
1154 2061 1186 2080 ac
1203 2058 1371 2088 suggestum,
1387 2053 1450 2081 Par.
1467 2053 1499 2086 li,
1518 2061 1579 2088 cap.
1597 2061 1634 2086 vt,
1651 2053 1693 2081 l5.
1715 2052 1768 2080 Sed
1784 2052 1819 2080 de
1835 2061 1883 2088 χα-

1094 2088 1281 2124 ρίᾳῗίιιιωτοηι
1299 2088 1452 2124 Hebraismi
1469 2089 1621 2124 peritiores.

1130 2121 1186 2158 (60)
1206 2124 1299 2158 ᾼεθὲκ
1315 2123 1349 2149 δὲ
1360 2124 1401 2156 ὼς
1415 2124 1450 2150 ἐν
1468 2121 1508 2156 τῷ
1531 2123 1627 2157 Ὠσηὲ.
1646 2121 1706 2158 Non
1719 2121 1784 2149 alibi
1800 2129 1883 2158 quam

254 2160 325 2186 enim
341 2160 389 2186 otii
407 2157 518 2193 majoris
532 2164 614 2192 atque
625 2166 725 2193 operai,
739 2161 869 2193 quamqut
888 2164 939 2184 nos
965 2165 1039 2184 com-
1059 2164 1079 2191 ι)
1093 2158 1121 2184 in
1137 2158 1183 2184 illo
1201 2157 1279 2185 Osca:
1302 2159 1362 2185 loco
1379 2166 1431 2185 vox
1454 2159 1506 2193 ista
1522 2159 1630 2192 legitur,
1652 2157 1733 2192 cujus
1748 2157 1886 2193 etymolo-

256 2194 394 2221 mentandi
414 2192 506 2221 labore
521 2194 578 2228 jam
597 2192 672 2224 fessi,
689 2197 770 2228 atque
789 2192 850 2219 aliis
870 2193 982 2228 insu_per
1003 2200 1041 2219 re-

255 2230 306 2256 bus
320 2229 455 2263 occupati,
473 2229 501 2255 in
516 2235 575 2255 eam
590 2228 747 2254 incumbere
762 2228 907 2262 possimus.
923 2228 1041 2263 Praeserf

255 2265 302 2291 tim
322 2261 452 2290 cum-alii
470 2264 591 2298 plerique
611 2263 667 2296 jam
694 2266 883 2298 argumentum
907 2261 1040 2298 ejusmodi

255 2299 422 2326 doctissimis
446 2296 681 2325 lucubrationibus
705 2296 877 2330 occuparint,
900 2300 927 2323 et
946 2297 972 2322 in
987 2296 1043 2330 pri-

254 2335 307 2361 mis
330 2334 409 2360 Arias
433 2333 592 2363 Montanus,
621 2339 652 2358 ac
680 2330 865 2365 Villalpandus
890 2335 985 2357 noster
1015 2332 1042 2358 in

254 2370 393 2402 Apparatu
408 2367 442 2395 ad
459 2367 629 2402 [εἱλίξτΙιὶοΙεηιξ
648 2366 802 2402 Quarenos
822 2365 896 2402 quod
916 2371 1043 2402 superest

255 2400 340 2438 pauca
360 2403 494 2438 quaedam,
512 2407 538 2429 et
552 2401 595 2438 Aad
611 2400 755 2436 Epiphanii
780 2400 998 2438 intelligentiam,
1016 2401 1040 2438 id

255 2435 326 2465 enim
342 2435 475 2474 praecipue
495 2435 667 2471 proﬁtemur,
680 2436 835 2462 necessaria
862 2435 980 2463 breviter
994 2435 1041 2462 ad-

255 2475 422 2500 nulabimus.

291 2519 346 2553 (59)
363 2518 511 2550 Εἵληπται
525 2517 628 2543 coli-vr
651 2517 667 2542 ὀ
684 2516 781 2553 κύρ-ος.
810 2516 909 2543 Corum
936 2515 1041 2543 Hebraei

256 2551 354 2580 vocant
372 2559 432 2581 '13:
449 2559 509 2586 quas
542 2559 669 2578 mensura
693 2551 785 2578 eadem
812 2556 854 2578 est
873 2558 935 2578 cum
964 2556 1040 2582 1m,

255 2589 431 2621 continetque
445 2585 537 2613 decem
561 2585 671 2622 optioth,
687 2594 746 2622 (μιςο
763 2591 826 2612 sunt
842 2590 980 2622 xxxrsata,
1004 2587 1042 2612 ait

257 2622 289 2647 ll.
309 2620 393 2648 David
412 2621 552 2648 Kinlcliius
567 2622 592 2647 in
609 2620 702 2648 Radit.
719 2621 770 2647 Sed
788 2622 865 2654 origo
883 2621 938 2652 illa,
959 2628 1041 2655 quam

256 2656 335 2683 atl'crt
359 2656 538 2691 Epiphanius,
564 2662 592 2682 ut
616 2663 630 2682 a
647 2656 730 2691 χαρίᾳ
750 2656 867 2687 dicatur,
882 2655 955 2690 quod
970 2656 1040 2682 idem

255 2695 298 2718 est
323 2699 354 2718 ac
380 2691 482 2727 βουνός,
501 2692 558 2718 sive
581 2691 674 2722 clivus,
701 2695 747 2717 aut
763 2698 912 2727 aceruus,_a
931 2698 984 2722 me,
1013 2694 1042 2717 ut

257 2724 385 2760 iugenue'
403 2726 694 2761 prolitcar,Hnondum
727 2726 842 2761 capitur.
871 2724 963 2759 Neque
989 2733 1042 2761 vox

256 2761 388 2796 ejusmodi
414 2762 478 2788 mihi
508 2761 534 2788 in
555 2760 715 2788 llebraismo
739 2760 870 2787 hactenus
897 2760 1040 2796 occurrit:

257 2796 335 2823 radix
349 2798 421 2824 enim
439 2800 480 2824 est
505 2802 562 2828 ’πυτ
575 2804 635 2831 quze
657 2804 708 2822 vox
724 2795 850 2825 caliumu,
864 2798 892 2822 et
908 2795 1042 2831 fornacem

257 2831 403 2868 signiﬁcat,
413 2839 568 2868 quanquam
582 2832 644 2859 huic
655 2831 732 2858 aliine
742 2835 782 2857 est
795 2835 866 2862 117:,
883 2830 955 2864 quod
970 2830 1041 2857 idem

1091 2193 1134 2227 gia
1161 2199 1257 2226 parum
1283 2193 1434 2227 explorata.
1463 2192 1530 2220 Nam
1550 2191 1580 2219 ut
1604 2193 1716 2227 ἔπαρμα
1735 2191 1884 2226 signiticet,

1095 2226 1510 2263 nonpersuadet’Epiphanius.
1531 2227 1577 2255 Est
1591 2226 1682 2254 autem
1698 2234 1730 2253 ea
1754 2234 1883 2263 mensura

1095 2262 1255 2289 dimidiatus
1278 2270 1360 2290 corus
1388 2266 1435 2289 aut
1463 2268 1547 2293 nm,
1573 2269 1635 2288 nam
1661 2269 1755 2296 corus
1771 2262 1891 2296 triginta

1094 2297 1200 2332 modios
1225 2297 1322 2330 habet;
1339 2297 1427 2324 letbec
1441 2297 1622 2332 quindecim:
1639 2296 1734 2323 Mirum
1751 2295 1803 2323 hoc
1812 2295 1884 2323 iera-

1093 2331 1158 2358 ditis
1173 2332 1369 2364 interpretibus
1385 2331 1472 2358 visum
1487 2336 1540 2363 est,
1559 2331 1625 2364 quid
1641 2332 1667 2358 in
1693 2335 1813 2358 mentem
1836 2339 1885 2357 vc-

1096 2367 1167 2393 nerit
1187 2365 1258 2393 LXX
1274 2367 1444 2399 Senioribus,
1458 2371 1486 2394 ut
1510 2374 1559 2401 pro
1573 2374 1617 2398 eo,
1634 2366 1707 2401 quod
1724 2366 1751 2392 in
1767 2365 1884 2392 ﬂabra-.0

1093 2417 1145 2443 est.
1179 2417 1278 2444 ωη-πνω
1296 2405 1354 2444 1n“)
1382 2412 1434 2440 hoc
1469 2416 1511 2440 est
1541 2413 1653 2438 dimidia
1681 2420 1741 2438 coro
1781 2411 1885 2443 hordei,

1094 2450 1236 2478 verterint,
1254 2448 1300 2474 καὶ
1310 2447 1396 2474 ’νὲὂελ
1409 2448 1490 2474 οἴνου.
1505 2447 1581 2480 Quod
1601 2447 1784 2481 Hieronymus
1796 2447 1885 2473 adno-

1094 2483 1182 2509 tavit:
1208 2483 1297 2509 caeteri
1325 2483 1487 2517 interpretes
1512 2482 1644 2517 ἡμίκορον
1671 2482 1885 2508 transtulerunt.

1093 2517 1149 2552 Ego
1163 2525 1228 2544 vero
1253 2517 1414 2544 mendosum
1442 2517 1526 2544 fuisse
1551 2517 1790 2552 LXXWSeniorum
1806 2517 1884 2543 codi—

1093 2551 1151 2579 cem
1171 2552 1245 2579 illum
1270 2552 1398 2583 arbitror,
1417 2559 1471 2587 quo
1488 2559 1553 2579 usus
1571 2557 1613 2579 est
1631 2551 1885 2587 Hieronymusjin

1093 2595 1179 2621 coque
1190 2595 1252 2614 cum
1267 2594 1348 2614 voces
1365 2585 1433 2614 illas'
1441 2587 1620 2618 desideratas,
1636 2594 1696 2621 qua:
1707 2585 1816 2614 duabus
1831 2585 1884 2613 illis

1094 2621 1235 2657 Hebraicis
1254 2621 1450 2656 responderent
1467 2631 1473 2649 :
1493 2621 1651 2657 utputaxot
1668 2621 1802 2657 ἡμίκορον
1821 2629 1884 2656 κρι-

1094 2655 1158 2688 Θῶν,
1176 2657 1232 2688 vel,
1251 2661 1280 2683 ut
1294 2655 1462 2691 Epiphanius
1489 2655 1563 2691 legit,
1589 2655 1807 2691 ledéx‘xptgdw-
1825 2655 1884 2682 tum
1905 2677 1907 2681 .

1093 2681 1570 2726 ὲίίρἑαιιίιὶὲε’ὸιῖἆεἹιῙέὶέἶιῖιεξὋιέέι
1590 2681 1670 2717 sica
1689 2681 1773 2718 oi’vou-
1809 2681 1883 2725 quia
1904 2698 1907 2702 ι

1094 2733 1143 2760 pro
1168 2726 1362 2753 llebraicarum
1391 2726 1532 2753 ambarum
1559 2726 1804 2760 interpretamenlo
1820 2733 1883 2760 per.

1095 2769 1184 2795 peram
1201 2764 1243 2788 est
1259 2765 1414 2795 acceptum,
1430 2769 1492 2788 cum
1509 2760 1570 2787 alia:
1587 2761 1644 2795 jam
1661 2765 1753 2788 essent
1764 2761 1884 2795 extrita).

1092 2795 1264 2829 Coniectum
1278 2794 1361 2830 hujus
1376 2796 1504 2823 admonet
1520 2803 1575 2822 non
1590 2794 1639 2822 hic
1657 2796 1746 2823 solum
1763 2794 1886 2830 Epipha-

1094 2831 1131 2858 nii
1150 2832 1256 2866 locus;
1285 2831 1333 2859 scd
1357 2831 1440 2859 etiam
1462 2830 1638 2863 Ambrosius,
1662 2830 1710 2865 qui
1737 2830 1822 2864 epist.
1849 2830 1885 2857 δὲ
