1939 3039
231 134 284 164 275

930 135 958 164 S.
979 135 1149 164 ΕΡΙΡΗΑΝΙΙ

1813 134 1868 163 276

231 189 338 218 Mnasis
358 193 404 217 aut
426 190 583 219 medimnus
593 198 626 219 ex
642 190 778 224 Romana,
796 195 826 219 ut
840 195 917 228 puto,
933 193 1025 228 lingua

1087 202 1110 220 :x
1138 193 1189 229 τῆς
1210 193 1366 229 Ῥωμαῖκῆς
1391 191 1519 226 γλώσσης
1539 191 1730 226 παρήχθησαν.
1756 191 1793 218 τὸ
1815 191 1868 225 γὰρ

232 236 367 265 deductus
387 241 439 270 est,
455 245 472 263 a
488 244 554 265 voce
571 237 697 266 medium.
716 237 820 266 Mnasis
842 239 934 274 itaque
955 240 1026 274 apud

231 282 366 318 Cyprios,
400 285 428 309 et
453 282 525 317 apud
554 282 623 310 alias
647 286 742 318 gentes
765 291 922 311 mensuram
945 284 1028 312 habet

232 327 383 362 propriam,
396 327 490 354 decem
509 327 635 356 videlicet
649 327 779 357 frumenti
804 330 951 365 hordeique
967 337 1028 358 mo-

233 375 295 402 dius
314 374 470 401 continens.
489 373 596 402 Modius
618 374 689 409 apud
712 374 819 410 Cypros
843 375 1026 402 sextariorum

232 425 275 448 est
300 420 395 447 decem
421 427 453 448 ac
481 425 606 454 septem;
635 421 792 448 medimnus
819 421 890 456 apud
915 421 1026 449 eosdem

233 467 361 493 diversus
391 470 444 494 est.
479 465 646 494 Medimnum
669 469 742 494 enim
775 466 938 498 Salaminii,
969 466 1028 494 sive

233 513 389 540 Constantii
418 512 541 547 quinque
565 512 665 540 modiis
694 512 830 540 deﬁniunt
853 511 976 548 :Papbii
1001 515 1029 539 et

234 557 320 585 Siculi
347 561 467 592 quatuor
490 565 554 584 cum
576 556 701 585 dimidio.
731 557 826 584 Satum
852 556 1027 584 Hebraeorum

235 603 323 631 dictio
349 607 404 635 est,
431 610 515 638 quam
538 603 566 630 hi
597 603 730 631 feminino
759 610 858 639 genere
881 605 1027 637 usurpant,

234 649 321 677 (ἓνωεί
345 654 454 681 neutro,
471 656 487 675 a
505 649 607 684 quibus
633 653 722 676 satum
742 656 796 676 non
821 651 899 676 satus
915 647 1026 675 dicitur.

234 694 339 730 Estque
356 694 466 722 modius
480 694 640 722 redundans
653 702 684 721 ac
702 693 874 729 superfluens
888 702 894 720 :
908 692 980 728 quod
994 692 1028 719 ad

235 748 299 767 eum
315 740 480 775 quadrantis
494 739 540 766 ﬁat
555 741 689 768 accessio.
712 740 845 768 llebraice
867 745 950 775 porro
969 742 1029 766 sata

236 788 420 821 smnptiauem,
433 787 490 815 sive
501 788 642 814 elationem
659 786 812 821 signiﬁcat:
824 787 895 822 quod
913 785 959 821 qui
973 792 1029 812 me-

237 835 304 862 titur
320 842 478 861 mensuram
496 841 594 868 capere
620 837 647 861 et
661 834 786 861 attollere
798 832 982 860 consueverit.
995 831 1030 858 At

1080 239 1205 274 μεδιοῦμ,
1229 238 1327 274 μέσον
1356 237 1535 274 ἑρμηνεύεται
1556 237 1585 262 ὲν
1601 236 1669 272 αὐτῇ
1686 238 1718 272 τῇ
1747 235 1867 272 γλώσσῃ.

1077 286 1209 321 Μανασὴς
1231 285 1239 301 ¹
1267 285 1356 312 τοίνυν
1390 284 1466 320 παρὰ
1492 283 1626 318 Κυπρίοις
1655 285 1794 319 μετρεῖται
1820 284 1869 321 καὶ

1078 333 1143 367 παρ’
1161 316 1250 363 ἄλλοις
1265 330 1370 358 ἔθνεσιν
1380 338 1387 345 ·
1402 316 1456 356 etot
1469 329 1498 356 δὲ
1514 316 1565 356 καὶ.
1576 316 1660 365 μόδιοι
1677 316 1751 355 σίτου
1767 316 1834 365 (65).,
1851 328 1869 364 ἢ

1078 379 1180 415 κριθῶν
1204 380 1245 410 είς
1260 378 1310 414 τὴν
1329 379 1385 405 τῶν
1415 378 1481 405 δέκα
1505 378 1552 404 καὶ
1568 378 1638 404 ἑπτὰ
1659 377 1771 410 ξέστων,
1795 379 1870 413 παρᾶ

1077 425 1212 461 Κυπρίοις
1231 424 1330 460 μόδιον.
1351 424 1485 459 Μέδιμνος
1504 423 1533 450 δὲ
1549 424 1614 459 παρ’
1630 424 1721 455 αὐτοῖς
1739 425 1797 455 τοῖς
1814 424 1870 450 Ku-

1077 471 1169 507 πρίοις
1178 470 1315 506 διάφορος.
1327 470 1379 497 Τὸν
1391 469 1445 505 γὰρ
1458 470 1586 505 μέδιμνον
1598 469 1768 505 Σαλαμίνιοι,
1782 471 1871 496 εῐτουν

1077 516 1274 548 Κωνστάντιοι,
1290 517 1322 542 ὲκ
1336 515 1416 542 πέντε
1433 515 1533 551 μοδίων
1549 513 1658 550 ἔχουσι’
1674 515 1772 549 Hirpini.
1781 514 1809 540 δὲ
1822 514 1871 541 καὶ

1078 562 1185 588 Σικελοὶ
1207 561 1348 597 τεσσάρων
1378 562 1464 596 ἥμισυ
1491 561 1590 596 μοδίων
1619 559 1700 587 αὐτὸν
1728 560 1870 596 μετροῦστ.

1078 607 1162 634 Σάτον
1180 607 1304 634 καλεῖται
1319 607 1392 642 (66),
1418 606 1447 640 ἐξ
1472 607 1557 642 αὑτῆς
1575 607 1623 642 τῆς
1644 606 1785 642 Ἐὃραῖδος
1812 606 1872 633 δια-

1077 652 1189 687 ληφθὲν,
1205 653 1331 689 θηλυκῶς
1346 652 1374 678 δὲ
1389 652 1604 687 ὲκφωνούμενον.
1627 652 1670 678 Ἐν
1686 652 1714 678 δὲ
1729 653 1761 687 τῇ
1777 651 1874 687 Ἐλλη-

1078 698 1129 724 νίδι
1144 697 1305 733 οὐδετέρως.
1336 697 1420 724 Σάτον
1438 696 1492 732 γὰρ
1505 697 1625 731 λέγεται,
1638 697 1686 723 καὶ
1697 697 1757 732 οὐχὶ
1779 696 1872 728 σάτος.

1080 743 1159 770 Ἐστι
1172 743 1200 770 δὲ
1214 743 1304 778 μόδιος
1318 743 1484 778 ὑπέργομος,
1497 742 1567 769 ὥστε
1582 742 1750 778 πληροῦσθαι
1762 742 1811 778 μὲν
1826 741 1875 769 τὸν

1081 788 1182 823 μόδιον,
1197 788 1241 815 διὰ
1255 788 1283 815 δὲ
1300 788 1347 814 τοῦ
1363 787 1558 824 ὑπερ-τίνεσθαι
1572 787 1602 814 τὸ
1616 788 1744 823 τέταρτον
1760 787 1807 814 τοῦ
1825 796 1874 823 μο-

1080 835 1147 862 δίου.
1165 835 1304 870 Κέκληται
1324 834 1352 861 δὲ
1371 836 1450 866 σάτα,
1468 835 1539 862 κατὰ
1558 834 1606 870 τὴν
1630 834 1715 870 αὑτὴν
1733 834 1875 861 διάλεκτον

235 881 321 908 modii
347 880 510 907 vocabulum
536 879 629 907 subtili
651 879 770 915 quadam
798 878 870 913 apud
899 877 1029 905 Hebraeos

1087 880 1300 916 ικφωνούμενον,
1324 879 1431 914 λῆψις,
1447 881 1463 916 ἢ
1479 879 1578 915 ἄρσις,
1605 879 1660 906 ἀπὺ
1683 879 1729 906 τοῦ
1753 879 1798 906 τὸν
1827 888 1874 915 με‹

236 926 344 953 ratione
359 926 476 953 duorum
491 929 518 953 et
531 925 628 960 viginti
647 925 832 953 sextariorum
850 932 912 952 esse
926 923 1030 958 reperi-

237 979 293 1006 tur,
314 973 386 1008 quod
406 981 460 999 non
477 978 590 1004 temere,
607 979 657 999 nec
678 975 829 1006 utcunque.
844 970 891 999 sed
907 970 1032 997 subtilis-

237 1019 318 1049 sima,
332 1019 369 1045 uti
390 1018 521 1049 diximus,
539 1018 733 1045 observatione
748 1017 863 1044 factum.
882 1015 949 1043 Nam
963 1016 1031 1051 legi-

237 1064 323 1091 timus
335 1064 486 1098 justusque
508 1063 628 1097 modius,
643 1063 670 1090 id
691 1064 763 1099 quod
785 1063 813 1090 in
836 1062 907 1098 Lege
930 1063 1031 1097 smpius

237 1109 413 1141 inculcatur,
437 1109 471 1135 ad
501 1116 608 1136 sacram
635 1116 792 1136 mensuram
817 1109 887 1143 exigi
915 1108 1030 1136 solebat.

237 1155 304 1187 Quae
333 1162 463 1182 mensura
487 1155 555 1182 nihil
586 1155 661 1182 aliud
688 1154 841 1189 signiﬁcat,
870 1162 951 1189 quam
976 1161 1031 1180 xxu

238 1201 285 1228 illa
306 1207 400 1236 opera,
417 1207 478 1235 qua:
494 1207 541 1226 sex
556 1199 737 1227 hebdomadis
751 1199 851 1226 diebus
867 1199 978 1225 molitus
989 1201 1032 1225 est

238 1245 324 1273 Deus.

275 1333 358 1360 XXII.
382 1333 486 1360 Etenim
505 1333 594 1368 primo
614 1333 659 1360 die
685 1332 843 1368 superiores
866 1332 929 1359 illos
949 1332 1032 1359 orbes

240 1380 313 1412 corli,
341 1387 401 1408 cum
424 1379 514 1414 aquis.
541 1384 669 1413 terraque
693 1378 848 1405 fabricavit.
874 1377 980 1411 Quibus
998 1385 1031 1404 ex

241 1426 382 1454 clementis
396 1426 510 1460 glacies,
525 1425 641 1460 grando,
665 1425 738 1460 gelu,
764 1432 897 1459 roresque
913 1424 1032 1460 gignun-

241 1477 300 1506 tur;
319 1476 376 1499 tum
397 1471 577 1498 administros
591 1471 722 1506 spiritus,
737 1471 785 1506 qui
801 1478 895 1498 coram
916 1471 963 1497 illo
984 1477 1033 1505 ap-

241 1519 376 1555 paritione
396 1518 566 1552 funguntur;
592 1516 745 1551 cuiusmodi
770 1521 859 1545 sunt:
877 1517 963 1550 angeli
988 1523 1032 1544 as-

241 1565 383 1595 sistentes,
399 1563 490 1598 angeli
506 1563 610 1598 gloriae,
629 1562 718 1598 angeli
732 1562 879 1598 spirituum
894 1562 1031 1594 nantium,
1046 1561 1067 1590 G

244 1609 325 1645 179
339 1609 428 1644 angeli
444 1609 570 1642 nubium,
586 1616 619 1635 ac
633 1609 771 1644 caliginis.
788 1608 871 1640 nivis,
888 1607 1033 1642 grandinis

242 1660 324 1690 atque
340 1654 436 1689 glaciei
453 1664 459 1682 :
477 1654 565 1689 angeli
588 1653 738 1689 fragorum,
762 1653 960 1684 touitruontm,
979 1652 1034 1679 ful-

242 1709 352 1736 gurum,
384 1700 505 1736 frigoris,
528 1706 621 1733 mstus,
649 1700 757 1732 hiemis,
788 1699 924 1732 autumni,
951 1698 1036 1730 veris,

242 1747 357 1778 aestatis,
377 1747 556 1781 omniumque
582 1746 742 1781 spirituum,
765 1746 812 1780 qui
833 1745 935 1772 creatis
953 1744 1036 1772 rebus

244 1792 340 1820 insunt
355 1793 495 1825 omnibus,
517 1800 586 1828 quas
603 1792 703 1819 coelum
728 1795 857 1826 terraque
878 1790 1036 1825 complecti-

244 1844 288 1866 tur
303 1849 309 1866 :
323 1839 356 1866 ad
382 1839 439 1866 haec
465 1839 594 1875 abyssos,
617 1846 649 1865 ac
674 1838 821 1873 voragines
845 1837 958 1869 ereavit,
976 1844 1036 1872 qua:

243 1885 316 1912 infra
331 1890 431 1913 terram
446 1889 510 1913 sunt
527 1893 559 1912 ac
574 1885 669 1916 chaos,
682 1889 709 1912 et
722 1884 866 1917 tenebras;
883 1888 976 1912 secuta
993 1887 1037 1911 est

242 1939 369 1967 vespera,
393 1939 458 1964 nox,
484 1931 537 1958 diei
560 1931 616 1963 lux,
642 1937 675 1957 ac
699 1929 823 1957 dilueuli.
848 1929 958 1964 Septem
979 1929 1036 1956 lucc

245 1978 376 2013 primaria
391 1985 475 2013 opera
493 1977 564 2005 Deus
582 1977 671 2012 primo
687 1976 732 2004 die
748 1976 863 2011 perﬁcit.

281 2025 409 2053 Secundo
428 2033 493 2053 vero
512 2025 556 2052 die
574 2024 788 2054 ﬁrmamentum,
805 2024 878 2058 quod
899 2023 927 2049 in
947 2022 1037 2049 medio

247 2079 380 2105 aquarum
390 2075 443 2103 est.
459 2070 592 2100 condidit,
606 2073 634 2096 et
647 2069 806 2096 earumdem
820 2076 964 2104 aquarum.
977 2075 1038 2104 qua:

245 2125 330 2152 supra
352 2118 552 2144 ﬁrmamentum
576 2119 653 2144 sunt.
667 2115 702 2143 ab
725 2115 760 2143 iis
789 2123 850 2150 quae
871 2115 924 2144 sub
946 2115 1038 2143 ﬁrma-

282 2199 290 2214 ¹
304 2197 334 2225 L.
351 2198 458 2234 μναετίς.
479 2196 559 2224 Ευιτ.

1080 926 1196 961 τροῦντα
1210 926 1265 959 ἕξει
1277 926 1331 952 τινὶ
1347 926 1377 952 et
1398 927 1498 962 μέτρον
1518 926 1666 961 λαμϐάνειν
1688 934 1719 952 τε
1741 926 1789 953 καὶ
1810 934 1876 952 κου-

1082 973 1180 1008 φίζειν.
1193 972 1245 999 Τοῦ
1261 972 1289 999 δὲ
1306 972 1397 1008 μοδίου
1412 972 1442 999 τὺ
1458 972 1544 1007 ὁνομα
1558 972 1601 999 διὰ
1614 971 1716 1006 πολλῆς
1729 971 1876 1007 ἀκριϐείας

1082 1019 1134 1046 ὑπὸ
1150 1019 1204 1046 τῶν
1215 1018 1350 1055 Ἐϐραίων
1364 1018 1464 1054 εὑρέθη
1480 1018 1614 1045 είκοσιδὺο
1628 1018 1727 1051 ξέστων
1739 1018 1875 1054 ὑπάρχον,

1081 1065 1131 1100 οὑχ
1142 1065 1234 1097 ἁπλῶς
1249 1065 1289 1098 δὲ,
1300 1065 1354 1092 οὐδ’
1369 1065 1407 1098 ὡς
1420 1065 1525 1100 ἔτυχεν,
1540 1064 1608 1092 ἀλλὰ
1622 1063 1666 1092 διὰ
1682 1064 1782 1100 πολλὴν
1795 1064 1879 1100 ἀκρί-

1082 1111 1169 1140 ϐειαν,
1191 1110 1222 1138 '0
1236 1111 1290 1146 γὰρ
1305 1111 1410 1142 δίκαιος
1425 1111 1523 1146 μόδιος,
1542 1109 1634 1141 καθὼς
1647 1109 1743 1137 εἴωθεν
1759 1110 1773 1136 ὁ
1791 1111 1878 1144 νόμος

1081 1157 1183 1190 λέγειν,
1201 1157 1271 1184 κατὰ
1293 1156 1323 1183 τὸ
1342 1155 1440 1192 μέτρον
1458 1155 1488 1182 τὺ
1504 1156 1535 1190 ἆγ
1543 1165 1581 1183 ιον
1595 1156 1651 1191 (67)
1671 1155 1819 1191 ἐμετρήθη.
1838 1155 1878 1182 Τὸ

1081 1203 1110 1230 δὲ
1128 1204 1204 1238 ἅγιον
1221 1203 1320 1238 μέτρον
1337 1202 1413 1229 οὐδὲν
1429 1202 1492 1230 ἄλλο
1517 1202 1590 1229 ἐστὶν
1613 1201 1630 1236 ἢ
1650 1201 1684 1228 τὰ
1699 1201 1740 1236 ιβ’
1758 1201 1839 1237 ἔργα,
1856 1201 1878 1227 a

1083 1249 1211 1284 ἐποίησεν
1234 1249 1248 1275 ὁ
1269 1248 1335 1280 Θεὸς
1357 1249 1386 1276 ὲν
1406 1250 1467 1281 ταῖς
1485 1248 1515 1282 ἒξ
1543 1248 1662 1284 ἡμέραις
1691 1247 1742 1283 τῆς
1759 1247 1879 1282 ἑϐδομά-

1082 1292 1136 1324 δος.

1119 1339 1182 1365 KB'.
1205 1338 1244 1374 Τῇ
1265 1339 1314 1374 μὲν
1328 1339 1382 1374 γὰρ
1399 1338 1494 1376 πρώτῃ
1507 1338 1561 1374 (68)
1576 1339 1668 1375 ἡμέρᾳ
1682 1339 1795 1374 ἐποίησε
1817 1338 1879 1371 τοὺς

1084 1384 1237 1420 ἁνωτέρους
1256 1385 1404 1420 οὐρανοὺς,
1427 1385 1478 1419 τὴν
1501 1385 1568 1420 γῆν,
1592 1384 1626 1411 τὰ
1644 1384 1739 1411 ὕδατα.
1769 1384 1816 1416 Ἐξ
1838 1380 1880 1410 ὧν

1085 1430 1242 1465 στοιχείων,
1269 1431 1316 1457 καὶ
1332 1430 1510 1466 κρύσταλλος,
1539 1431 1585 1457 καὶ
1602 1429 1707 1465 χάλαζα
1719 1449 1727 1462 ,
1753 1430 1801 1456 καὶ
1821 1438 1879 1456 πα-

1084 1476 1172 1511 γετοὶ,
1191 1477 1239 1503 καὶ
1257 1477 1369 1512 δρόσος,
1391 1477 1425 1504 τὰ
1445 1477 1586 1512 πνεύματα
1605 1477 1638 1504 τὰ
1668 1476 1880 1513 λειτουργοῦντα

1085 1522 1200 1550 ἐνώπιον
1215 1522 1309 1555 αὑτοῦ,
1322 1523 1404 1550 ἅτινά
1424 1524 1481 1550 ἐστι
1496 1523 1574 1550 τάδε·
1597 1522 1708 1557 ἄγγελοι
1725 1522 1779 1557 πρὸ
1793 1531 1880 1558 προσ-

1083 1567 1170 1600 ώπου,
1184 1569 1231 1595 και)¹
1242 1568 1354 1602 ἄγγελοι
1365 1569 1416 1604 τῆς
1429 1569 1518 1604 δόξης,
1535 1569 1581 1596 καὶ
1590 1568 1701 1603 ἄγγελοι
1713 1569 1881 1603 πνευμάτων

1085 1615 1231 1648 πνεόντων,
1256 1615 1366 1650 ἄγγελοι
1383 1615 1501 1650 νεφελῶν
1519 1616 1567 1642 καὶ
1588 1615 1706 1650 γνόφων,
1727 1615 1816 1650 χιόνος
1832 1617 1881 1642 καὶ

1086 1661 1208 1697 χαλάζης
1236 1661 1284 1688 καὶ
1312 1662 1419 1696 πάγου·
1453 1661 1563 1696 ἄγγελοι
1597 1660 1711 1696 φωνῶν,
1740 1660 1880 1696 βροντῶν,

1086 1708 1245 1744 ἀστραπῶν,
1265 1709 1379 1744 ψύχους,
1399 1709 1551 1744 καύματος,
1574 1710 1717 1745 χειμῶνος,
1741 1709 1883 1744 φθινοπώ-

1088 1761 1145 1789 ρου,
1156 1753 1246 1789 ἔαρος,
1269 1754 1316 1781 καὶ
1330 1754 1436 1790 Θέρους,
1453 1755 1499 1781 καὶ
1515 1755 1624 1782 πάντων
1640 1754 1694 1781 τῶν
1715 1754 1882 1790 πνευμάτων

1085 1799 1140 1826 τῶν
1165 1799 1322 1835 κτισμάτων
1346 1800 1428 1827 αὑτοῦ
1451 1800 1506 1827 τῶν
1527 1801 1556 1827 ὲν
1576 1800 1701 1836 οὐρανοῖς
1726 1801 1775 1827 καὶ
1797 1801 1827 1826 ὲν
1846 1802 1881 1836 τῇ

1087 1848 1122 1882 γῇ
1135 1854 1142 1861 ο
1157 1846 1208 1878 τὰς
1218 1846 1364 1878 ἀϐύσσους,
1377 1847 1426 1882 τήν
1440 1855 1470 1873 τε
1487 1847 1618 1874 ὑποκάτω
1632 1847 1683 1882 τῆς
1696 1847 1758 1882 γῆς,
1771 1847 1820 1874 καὶ
1833 1847 1882 1873 τοῦ

1085 1892 1178 1926 χάως·
1191 1893 1238 1919 καὶ
1251 1892 1356 1924 σκότος,
1372 1892 1475 1927 ἑσπέρα
1490 1893 1538 1919 καὶ
1547 1892 1604 1925 νὺξ,
1619 1893 1648 1919 τὺ
1662 1892 1720 1928 φῶς
1734 1893 1844 1929 ἡμέρας
1851 1901 1882 1920 τε

1089 1940 1135 1965 καὶ
1149 1939 1258 1975 δρῦρου.
1278 1939 1371 1966 Ταῦτα
1386 1938 1420 1966 τὰ
1439 1939 1510 1966 ἑπτὰ
1527 1939 1642 1975 μέγιστα
1664 1939 1733 1975 ἔργα
1753 1940 1883 1975 ἐποίησεν

1087 1986 1102 2012 ὁ
1114 1985 1179 2017 Θεὸς
1193 1986 1223 2012 ὲν
1237 1987 1272 2021 τῇ
1291 1985 1387 2023 πρώτῃ
1396 1986 1500 2021 ἡμέρᾳ.

1131 2031 1175 2058 Ἐν
1189 2031 1217 2058 δὲ
1231 2032 1263 2067 τῇ
1283 2031 1398 2067 δευτέρᾳ
1421 2032 1452 2058 τδ
1475 2030 1618 2067 στερέωμα
1638 2031 1668 2058 τὸ
1684 2031 1713 2058 ἐν
1730 2031 1807 2067 μέσῳ
1829 2031 1883 2058 τῶν

1089 2075 1204 2109 ὑδάτων,
1218 2077 1264 2103 καὶ
1279 2077 1328 2113 τὴν
1343 2077 1505 2113 διαμὲρησιν
1522 2078 1576 2104 τῶν
1593 2078 1686 2105 ἐπάνω
1699 2077 1747 2104 τοῦ
1762 2077 1884 2114 στερεώ-

1092 2131 1176 2157 ματος
1194 2123 1309 2156 ὑδάτων,
1333 2123 1381 2150 καὶ
1399 2123 1454 2150 τῶν
1471 2123 1601 2150 ὑποκάτω
1619 2121 1667 2150 τοῦ
1689 2123 1884 2159 περεὼματος

280 2275 336 2308 (65)
357 2251 425 2302 Είσέ
446 2274 481 2300 δὲ
505 2273 555 2300 καὶ
576 2272 789 2308 μόδιοινσιτου.
812 2272 874 2308 Leg.
896 2273 965 2300 δέκα
987 2273 1032 2308 μό-

1089 2281 1154 2301 vero
1172 2273 1259 2308 magis
1285 2273 1319 2300 de
1340 2273 1466 2301 llebraici
1490 2273 1610 2301 nominis
1624 2273 1737 2308 .origine
1761 2278 1884 2307 constat,

243 2313 312 2339 διοι·
329 2307 357 2337 ut
375 2315 401 2338 et
417 2309 567 2337 Cornarius
585 2308 660 2342 legit.
677 2307 780 2335 Mnasis
794 2308 864 2336 duos
881 2307 1036 2336 medimnus

245 2347 388 2377 conliniet;
408 2344 563 2371 medimnus
577 2342 695 2377 Cyprius
715 2343 822 2370 modios
841 2343 971 2378 quinque.
989 2343 1039 2378 lgi-

245 2386 291 2408 tur
306 2381 410 2407 mnasis
425 2379 533 2405 modios
544 2378 618 2412 capit
633 2378 738 2405 decem.
758 2378 792 2405 At
809 2378 951 2408 Romanis.
966 2378 1039 2406 Grac-

246 2417 342 2449 cisque
356 2415 511 2442 medimnus
526 2421 608 2441 senos
627 2413 734 2440 modios
752 2415 886 2448 capiebat.
912 2413 965 2441 Sed
977 2421 1039 2448 quae

247 2451 364 2477 subinde
383 2449 510 2483 pertexit.
532 2456 564 2475 ea
579 2453 706 2482 corrupta
729 2454 793 2476 sunt
805 2454 832 2476 et
847 2449 974 2476 obscura.
1000 2449 1038 2475 Ex

246 2486 347 2520 quibus
364 2485 427 2511 illud
444 2483 812 2520 tamenelliciturtmodium
830 2484 901 2518 apud
914 2484 1040 2520 Cyprios

248 2518 303 2547 xm
319 2520 455 2547 sextarios
470 2519 621 2546 continere.
638 2518 726 2553 Vulgo
742 2525 829 2546 autent
844 2527 887 2546 xvt
904 2518 1038 2546 duntaxat

247 2556 427 2589 imputantur.
445 2554 498 2582 Sed
514 2555 540 2581 in
557 2554 618 2581 istis
634 2554 823 2589 ἀκριϐολογεῖν
836 2555 975 2581 nolumus.

284 2590 340 2626 (66)
361 2589 458 2617 Σάι-ον
484 2589 629 2616 καλεῖται.
653 2589 759 2626 Hebraei
785 2595 845 2626 nttp
865 2593 970 2626 vocant
995 2596 1040 2616 sa-

249 2629 317 2651 tum.
345 2625 412 2658 Quae
428 2632 557 2653 mensura
579 2625 796 2659 sesquimodium
822 2625 945 2652 Italicum
963 2631 1041 2651 eom-

249 2661 389 2694 plectitur,
403 2660 523 2696 Josepho
533 2664 562 2696 et
577 2658 744 2696 Hieronymo
757 2660 873 2696 testibus
889 2669 896 2687 :
917 2659 1041 2694 adeoque

250 2697 385 2724 sextarios
399 2695 474 2723 xxiv.
488 2696 522 2722 At
544 2695 712 2730 Epiphanius
727 2695 847 2722 modium
863 2702 926 2730 eum
943 2698 1040 2730 quarta

250 2732 362 2766 insuper
375 2737 452 2767 parte
468 2734 528 2759 sato
542 2730 648 2767 tribuit.
663 2729 753 2763 Quare
765 2737 826 2757 cum
845 2729 1042 2767 modioA'sexta-

250 2765 388 2802 rins’xvu
412 2765 646 2802 assignet.capiet
669 2770 758 2802 satum
787 2766 922 2802 sextarios
935 2765 1038 2802 ﬁunt.

252 2800 327 2829 lianc
343 2799 498 2830 mensuram
523 2799 612 2836 μόδιον
637 2800 792 2836 ὑπέργομον
812 2801 938 2835 appellat.
962 2799 1041 2836 Unde

249 2844 272 2864 et
293 2837 473 2865 llieronvmus
487 2837 603 2863 fortasse
617 2843 710 2862 vocem
730 2835 891 2863 llebraicam
910 2840 971 2864 rma
989 2835 1041 2862 hoc

248 2876 293 2902 est
312 2867 472 2911 taluni,pct‘
491 2871 614 2899 Latinam
639 2872 756 2898 modium
784 2870 927 2905 expressit.
948 2869 1040 2907 Neque

1090 2317 1170 2343 quam
1195 2309 1309 2344 aliarum
1336 2316 1539 2344 mensurarum.
1568 2308 1686 2336 Proinde
1709 2308 1782 2344 quod
1807 2309 1885 2343 dicit,

1092 2350 1178 2380 sz'tgun
1205 2343 1430 2380 llebraiceidem
1448 2351 1518 2380 esse
1541 2351 1573 2371 ac
1596 2344 1688 2380 λῆψιν,
1713 2344 1772 2372 sive
1792 2345 1885 2380 ἄρσιν,

1091 2379 1296 2414 sull‘ragatorem
1311 2378 1393 2406 habet
1409 2379 1524 2406 nullum.
1540 2378 1774 2414 Quod'utcunque
1789 2378 1884 2406 verum

1090 2418 1174 2444 esset.
1189 2415 1210 2442 si
1224 2419 1291 2444 nm
1310 2422 1363 2441 non
1379 2419 1439 2443 mm
1458 2414 1636 2441 scriberetur.
1653 2414 1772 2442 Tametsi
1795 2414 1884 2442 littera

1091 2454 1117 2479 tv
1135 2457 1198 2476 cum
1219 2449 1332 2476 sinistro
1355 2454 1455 2484 puncto
1470 2456 1519 2484 pro
1540 2454 1560 2478 D
1579 2449 1735 2484 promiscue
1751 2456 1885 2477 nonnun-

1092 2492 1173 2520 quam
1195 2489 1352 2520 usurpatur.

1127 2519 1182 2555 (67)
1191 2519 1272 2546 Κατὰ
1282 2519 1314 2546 τὸ
1323 2519 1473 2554 μέτρον-τὸ
1481 2519 1576 2555 ἅγιον.
1588 2519 1673 2554 igitur
1683 2519 1753 2547 alius
1767 2518 1819 2546 fuit
1831 2527 1886 2546 πιο-

1089 2553 1152 2582 ditis
1171 2553 1408 2590 profanus,'alius
1425 2553 1512 2590 sacer.
1537 2553 1587 2590 Hic
1601 2553 1660 2590 erit
1681 2558 1769 2582 satum
1785 2559 1885 2590 quarta

1090 2595 1169 2626 parte
1183 2590 1287 2625 vulgari
1313 2589 1404 2626 modio
1419 2589 1518 2626 maius.
1543 2589 1605 2617 Haec
1623 2589 1803 2625 Epiphanius,
1824 2597 1887 2625 quae

1092 2633 1142 2653 nos
1157 2626 1208 2653 hoc
1221 2626 1282 2652 loco
1298 2632 1352 2652 non
1370 2625 1546 2652 discutimus.

1128 2661 1183 2692 (68)
1205 2659 1243 2694 Τῇ
1256 2659 1314 2694 μὲν
1327 2659 1384 2694 τὰρ
1398 2659 1507 2694 πρώτῃ.
1527 2659 1651 2695 Sequens
1659 2659 1811 2695 disputatio
1820 2668 1887 2695 prte-

1092 2696 1204 2723 termitti
1220 2697 1254 2722 ab
1266 2695 1419 2730 Epiphanio
1434 2699 1549 2730 poterat.
1574 2694 1667 2730 Neque
1684 2695 1757 2722 extim
1774 2694 1810 2722 ad
1822 2694 1886 2723 rem

1094 2731 1240 2758 admodum
1267 2730 1346 2763 facit,
1371 2738 1459 2765 neque
1482 2730 1631 2765 quidquam
1657 2730 1792 2762 continet.
1813 2731 1886 2765 quod

1094 2766 1165 2793 seire
1185 2765 1282 2800 magis,
1297 2773 1379 2801 quam
1395 2764 1524 2808 ignorare
1547 2764 1641 2808 nostra
1660 2764 1772 2793 referat.
1794 2764 1887 2799 Quan-

1093 2809 1174 2840 quant
1196 2809 1226 2828 ea
1249 2807 1358 2840 quoque
1379 2801 1417 2828 ab'
1439 2801 1544 2829 Isidoro
1564 2803 1592 2829 in
1609 2801 1656 2828 lib.
1681 2809 1736 2840 xwI
1756 2807 1819 2836 cap.
1847 2807 1882 2834 ξς

1092 2837 1165 2870 Orig.
1177 2842 1219 2864 est
1238 2836 1381 2863 translata.
