1939 3039
53 139 100 166 277

542 137 646 166 LIBER
663 137 708 165 DE
727 137 904 166 MENSLRIS
922 136 968 166 ET
987 137 1216 168 PONDERIBUS.

1634 138 1688 167 278

56 198 97 223 hci
112 195 265 232 πρόσωπον
278 195 369 232 πάσης
383 195 434 231 τῆς
445 195 508 232 γῆς.
524 196 611 224 Τοῦτο
626 196 707 233 μόνον
719 196 848 232 ἐποίησεν

920 200 1005 230 tento,
1018 201 1102 233 atque
1117 197 1145 225 in
1170 201 1251 225 terra:
1273 195 1418 232 superﬁcie
1440 195 1628 232 porriguntur,
1645 195 1688 222 di-

56 241 141 274 ὁθεδς
156 242 186 269 ὲν
200 243 238 278 τῇ
254 241 367 278 δευτέρᾳ
381 241 484 278 ἡμέρᾳ.

88 332 174 369 Τρίτῃ
196 331 228 358 δὲ
247 331 339 368 ἡμέρᾳ
364 331 414 364 τὰς
441 331 590 365 Θαλάσσας,
609 331 674 364 τοὺς
695 331 847 367 ποταμοὺς,

58 378 105 409 τὰς
118 376 214 412 πηγὰς
229 377 276 404 καὶ
286 377 395 413 λίμνας,
412 377 448 404 τὰ
463 376 611 412 σπέρματα
625 376 673 404 τοῦ
690 376 806 412 σπόρου,
814 375 850 403 τὰ

60 424 248 458 βλαστήματα,
261 423 296 450 τὰ
310 423 376 455 ξύλα
397 422 433 450 τὰ
454 422 585 458 κάρπιμά
604 431 634 450 τε
652 422 700 450 καὶ
725 423 850 458 ἄκαρπα,

60 471 116 501 τοὺς
129 469 262 505 ὃριμούς.
290 468 383 496 Ταῦτα
397 469 432 496 τὰ
454 468 577 505 τέσσαρα
594 468 664 505 ἔργα
678 467 714 496 τὰ
733 468 851 505 μέγιστα

62 515 183 550 ἐποίησεν
198 516 213 542 ὸ
228 515 294 547 Θεὸς
308 515 338 542 ὲν
354 516 387 550 τῇ
403 514 483 551 τρίτῃ
499 513 604 550 ἡμέρᾳ.

93 561 132 596 Τῇ
148 561 176 587 δὲ
191 561 312 596 τετάρτῃ
325 561 372 587 τὸν
388 561 474 595 ἥλιον,
489 560 539 595 τὴν
554 559 681 595 σελήνην,
693 560 757 591 τοὺς
769 558 852 586 ἀστέ-

64 615 108 641 ρες
116 615 122 622 ·
139 606 228 633 ταῦτα
240 606 276 634 τὰ
287 606 351 642 τρία
364 606 434 642 ἔργα
444 605 477 633 τὰ
496 606 603 642 μεγάλα
614 606 741 642 ἐποίησεν
753 606 767 633 ὁ
785 605 852 638 Θεὸς

64 653 89 678 ἐν
102 653 134 687 τῇ
153 651 275 687 τετάρτῃ
287 651 389 687 ἡμέρᾳ.

95 696 132 732 Τῇ
145 695 173 722 δὲ
189 697 304 732 πέμπτῃ
322 695 357 723 τὰ
373 697 445 732 κήτη
467 696 502 723 τὰ
528 695 645 732 μεγάλα,
660 696 725 728 τοὺς
746 695 851 731 ἰχθύας,

66 741 108 769 καὶ
118 742 152 768 τὰ
163 741 234 769 ἄλλα
248 741 354 777 ἑρπετὰ
368 742 403 768 τὰ
416 742 445 769 ἐν
458 743 515 774 τοῖς
532 741 621 775 ὕδασι,
632 741 667 768 τὰ
682 741 803 774 πετεινὰ,
815 742 850 769 τὰ

68 787 197 822 πτερωτά.
211 786 305 814 Ταῦτα
317 786 352 814 τὰ
363 787 425 823 τρία
441 786 510 822 ἔργα.
533 787 568 814 τὰ
589 785 694 822 μεγάλα
723 787 852 822 ἐποίησεν

67 833 80 859 ὁ
98 832 160 864 Θεὸς
182 833 212 860 ὲν
230 834 265 868 τῇ
281 832 393 868 πέμπτῃ
411 832 514 868 ἡμέρᾳ.
543 862 548 866 ,

900 241 988 269 vortia
998 242 1155 270 constituit.
1170 241 1263 270 Unum
1275 241 1327 269 hoc
1338 248 1409 276 opus
1427 241 1549 270 secundo
1563 239 1608 268 die
1622 247 1688 267 con~

899 286 1001 315 fectum
1018 291 1071 316 est.

936 332 1029 361 Tertio
1043 333 1088 361 die
1102 333 1201 367 maria,
1216 333 1340 367 ﬂumina,
1352 332 1453 365 fontes,
1467 332 1555 366 lacus,
1573 331 1689 364 semina,

900 379 1013 415 stirpes,
1028 379 1186 408 fructiferas
1200 380 1314 408 arbores
1331 387 1363 407 ac
1376 378 1494 411 steriles,
1506 377 1593 405 silvas
1609 377 1689 404 deni-

900 433 954 461 que
970 426 1138 461 procreavit.
1154 426 1279 460 Quatuor
1291 426 1350 454 haec
1368 424 1507 461 praecipua
1522 422 1595 451 Deus
1608 429 1691 458 opera

901 471 985 498 tertio
1000 471 1045 499 die
1062 471 1215 500 fabricavit.

938 560 1044 594 Quarto
1061 560 1106 588 die
1121 560 1218 592 solem,
1237 560 1330 587 lunam
1356 566 1388 586 ac
1403 557 1510 591 stellas,
1525 556 1579 585 tria
1596 555 1695 585 videli-

903 610 947 634 cet
963 606 1082 642 insignia
1099 613 1193 643 opera,
1212 605 1285 634 Deus
1299 604 1461 633 elaboravit.

941 698 1042 732 Quinto
1061 698 1107 725 die
1128 696 1275 733 grandiora
1293 699 1362 728 cete,
1383 695 1485 730 pisces,
1504 700 1537 720 ac
1552 696 1651 720 caetera
1667 691 1695 719 in

907 744 986 780 aquis
1002 743 1136 779 repentia,
1167 749 1273 770 necnon
1291 746 1318 768 et
1338 748 1414 773 aves,
1429 747 1461 768 ac
1480 738 1612 767 volatilia.
1630 737 1697 771 Quae

906 790 959 817 tria
973 793 1038 818 sunt
1053 789 1192 824 praicipua
1211 787 1303 823 quinti
1323 786 1377 814 diei
1389 793 1483 822 opera.

98 879 134 914 Τῇ
147 878 176 905 δὲ
185 865 364 914 Ξκτῐξνήμερᾳ
378 865 412 905 τὰ
422 865 520 913 θηρία,
536 865 571 904 τὰ
587 879 686 915 κτήνη,
699 879 735 906 τὰ
751 877 855 914 ἑρπετὰ

943 877 1027 905 Sexto
1040 877 1084 905 die
1104 877 1187 910 feras,
1203 875 1333 912 pecudes,
1348 878 1421 902 terra
1440 877 1634 910 proserpentes
1650 873 1698 902 be-

69 924 114 959 τῆς
134 924 198 959 γῆς,
213 923 261 950 τὸν
283 924 436 960 ἄνθρωπον.
455 924 549 950 Ταῦτα
562 923 597 950 τὰ
610 924 730 960 τέσσαρα
750 923 855 959 μεγάλα

69 969 132 1003 ἔργα
145 967 274 1003 ἐποίησιν
283 969 297 995 ὁ
312 968 378 999 Θεὸς
390 969 418 995 ὲν
480 968 547 1003 ἕκτῃ
562 968 663 1004 ἡμέραν
679 969 735 995 Καὶ
748 968 856 1003 ἐγένετο

71 1015 153 1041 πάντα
177 1015 213 1042 τὰ
230 1015 259 1042 ὲν
272 1015 333 1047 ταῖς
352 1013 382 1047 ἓξ
395 1014 512 1050 ἡμέραις
529 1014 604 1050 παρὰ
626 1013 672 1041 τοῦ
691 1013 759 1041 Θεοῦ
779 1023 856 1049 ποιη·

71 1061 152 1094 θέντα,
165 1060 236 1097 ἔργα
257 1060 311 1096 κβ’.
335 1061 391 1087 Καὶ
409 1060 580 1087 συνετέλεσεν
599 1061 612 1087 ό
627 1059 693 1091 Θεὸς
714 1059 802 1086 πάντα
827 1060 857 1086 ἐν

69 1108 99 1142 τῇ
111 1107 174 1143 ἕκτῃ
191 1107 296 1143 ἡμέρᾳ,
311 1107 362 1134 ὅσα
375 1107 405 1133 ὲν
428 1107 484 1138 τοῖς
504 1107 629 1142 οὐρανοῖς
651 1106 698 1133 καὶ
711 1106 740 1133 ὲν
753 1106 787 1141 τῇ
809 1106 856 1141 γῇ,

70 1154 95 1179 ὲν
112 1155 168 1185 ταῖς
186 1153 338 1185 θαλάσσαις
352 1153 398 1180 καὶ
416 1153 445 1179 ἐν
458 1154 517 1184 ταῖς
531 1152 671 1185 ἁδύσσοις,
683 1153 712 1179 ὲν
732 1151 771 1188 τῷ
788 1152 858 1187 φωτὶ

73 1199 114 1224 καὶ
127 1199 154 1225 ὲν
165 1199 204 1234 τῷ
222 1199 326 1231 σκότει,
343 1199 389 1226 καὶ
400 1199 429 1225 ὲν
442 1199 520 1226 πᾶσι.

103 1244 154 1270 Καὶ
172 1244 348 1271 ἀνεπαύσατο
370 1245 385 1271 ό
403 1244 470 1276 Θεὸς
494 1244 527 1271 ἐκ
558 1244 667 1273 πάντων
689 1243 744 1270 τῶν
769 1243 858 1279 ἔργων

74 1290 147 1317 αὖτοῦ
167 1292 196 1317 ὲν
215 1292 249 1326 τῇ
273 1282 375 1327 ἐΰδόίιῃ
389 1291 494 1326 ἡμέρᾳ,
515 1290 562 1318 καὶ
587 1290 737 1326 ηύλόγησεν
761 1289 857 1325 αὐτὴν,

74 1336 115 1362 καὶ
135 1337 250 1372 ἡγίασεν
266 1336 370 1372 αὐτὴν,
400 1337 448 1363 καὶ
475 1336 594 1373 ἐδήλωσε
617 1336 651 1363 δι’
681 1335 797 1370 ἀγγέλου
820 1334 859 1370 τῷ

76 1382 184 1417 Μωῠσῇ,
199 1383 242 1409 ὅτι
254 1383 302 1409 καὶ
322 1381 456 1409 εἰκοσιδύο
472 1382 608 1417 κεφάλαια
623 1382 678 1409 ἀπὸ
695 1381 780 1416 ’Δδὰμ
795 1380 860 1416 ἄχρι

76 1425 118 1452 τωῦ
136 1426 234 1453 Ἰακώϐ
244 1435 251 1442 ο
271 1427 324 1454 Καὶ
337 1427 498 1462 ὲκλέξομαι
510 1426 627 1462 ἐμαυτῷ
643 1428 677 1454 ἐκ
696 1427 751 1454 τοῦ
768 1427 861 1462 σπέρ-

76 1478 162 1503 ματος
175 1471 272 1498 αὐτοῦ
289 1471 368 1498 λαὸν
387 1473 564 1507 περιούσιον
581 1472 639 1499 ἀπὸ
659 1471 781 1499 πάντων
801 1471 861 1499 τῶν

78 1515 226 1566 Edwin-2A!
244 1517 272 1544 δὲ
286 1517 403 1566 κεφαλαὶ
423 1519 486 1566 napi.
499 1515 536 1545 ὧν
553 1516 630 1545 εἶπεν
643 1518 699 1554 (69)
712 1519 725 1545 ό
747 1518 861 1555 Κύριος,
876 1536 897 1566 c

78 1563 140 1589 εἰσὶν
155 1559 253 1590 αὗταισ
271 1563 366 1599 “diu,
388 1563 455 1600 Σὴθ,
474 1563 567 1596 Ἐνὼς,
595 1563 690 1599 Ἑνὼχ,
713 1563 859 1600 Ἀρφαξὰδ,

79 1607 152 1641 Σαλα,
177 1609 300 1642 Καϊνὰν,
323 1609 428 1641 Φαλὲκ,
445 1609 598 1645 Μαὶαλεὴλ,
624 1609 719 1646 Ἔϐερ,
748 1610 861 1645 Ῥαγαῦ,

84 1653 173 1688 Ίάρεδ,
191 1655 306 1690 Σεροὺχ,
324 1654 437 1691 Naxi-ap,
454 1655 631 1688 Μαθουσάλα,
647 1655 734 1690 Θάρα,
756 1656 862 1691 Λάμεχ,

80 1699 144 1732 Νῶε,
163 1700 307 1736 Ἀϐραὰμ,
338 1701 441 1734 Ἰσαὰκ,
462 1701 571 1734 Ἱαχὼὸ,
593 1702 664 1737 Σήμ.
689 1701 771 1738 Ὀμοῠ
792 1703 865 1728 εἰκο-

80 1744 147 1771 σιδύο
167 1745 271 1780 γενεαί.
284 1745 329 1772 Διὸ
344 1746 392 1774 καλ⁸
418 1746 551 1774 εἰκοσιδύο
574 1747 628 1773 εἰσὶ
654 1747 688 1774 τὰ
709 1747 784 1783 παρὰ
809 1749 865 1780 τοῖς

85 1791 215 1826 Ἑϐραίοις
231 1792 393 1829 γράμματα,
407 1793 453 1819 καὶ
465 1792 533 1828 πρὸς
548 1792 618 1820 αὑτά
632 1793 681 1820 καὶ
693 1792 743 1825 τὰς
759 1793 867 1828 βίϐλους

81 1837 162 1864 αὐτῶν
177 1838 219 1874 κβ¹
232 1838 390 1875 ἠρίθμησαν
405 1839 565 1866 εἰκοσιεπτὰ
578 1838 660 1871 οὔσας
671 1848 678 1854 ·
697 1839 753 1866 ἀλλ’
772 1839 867 1875 ἐπειδὴ

82 1882 232 1911 διπλοῦνται
257 1884 338 1911 πέντε
357 1884 422 1920 παρ’
442 1885 533 1917 αὐτοῖς
553 1886 690 1921 στοιχεῖα,
709 1885 867 1912 εἰκοσιεπτὰ

85 1929 127 1956 καὶ
152 1931 223 1958 αὐτὰ
250 1931 326 1963 ὄντα,
347 1932 392 1958 καὶ
419 1932 460 1964 εις
484 1931 525 1966 κβ¹
541 1931 754 1964 ἀποτελοῦνται,
771 1931 867 1958 τούτου

86 1975 158 2012 χάριν
171 1977 219 2004 καὶ
234 1977 284 2009 τὰς
297 1977 404 2012 βίϐλους
420 1976 460 2010 κζ’
473 1976 566 2010 οὔσας,
583 1977 625 2013 κβ¹
640 1981 831 2014 πεποιήκασιν.

114 2063 229 2093 ΚΓΖ*ον
244 2065 341 2102 πρώτη
351 2065 466 2102 Βρισὴο,
475 2065 492 2100 ἢ
502 2064 625 2092 καλεῖται
634 2065 743 2097 Γένεσις
754 2065 867 2101 κόσμου·

90 2110 281 2147 Ἐλησιμὼο,ἢ
303 2112 413 2146 Ἔξοδος
429 2111 484 2138 τῶν
506 2110 573 2138 υὶῶν
604 2111 712 2147 Ἰσραὴλ
734 2111 764 2144 ἐξ
786 2111 871 2145 Αἰγύ-

85 2162 160 2181 πτου·
177 2155 352 2192 Οὑόωἳεκρὰ,
375 2156 392 2192 ἢ
410 2155 592 2192 ἑρμηνεύεται
614 2156 772 2182 Λευῖτικόν·
790 2156 872 2183 Ἰούδα

908 924 989 956 stias,
1003 922 1197 958 hominemque
1208 920 1374 956 designavit.
1387 919 1513 952 Quatu’or
1524 921 1581 947 haec
1593 919 1697 954 majora

909 968 982 996 Deus
1005 975 1087 1003 opera
1112 971 1190 995 sexto
1209 967 1253 994 dic
1272 966 1396 1001 perfecit.
1419 963 1564 1000 Colligitur
1582 972 1697 1000 operum

908 1014 1031 1041 omnium
1048 1020 1165 1046 summa,
1182 1019 1244 1047 quae
1257 1019 1304 1039 sex
1320 1011 1417 1039 diebus
1430 1010 1503 1038 edita
1515 1014 1590 1042 sunt,
1604 1009 1659 1037 duo
1671 1015 1699 1037 et

909 1061 1015 1096 viginti.
1034 1059 1100 1087 Nam
1116 1064 1194 1088 sexto
1209 1059 1253 1086 die
1268 1058 1394 1085 absoluta
1409 1061 1474 1085 sunt
1491 1064 1506 1084 a
1524 1056 1580 1084 Deo
1593 1056 1698 1089 omnia,

908 1114 970 1142 quae
985 1106 1066 1138 coelo,
1083 1110 1168 1138 terra,
1184 1105 1265 1138 mari,
1278 1103 1396 1140 abyssis,
1412 1103 1483 1137 luce,
1500 1103 1632 1136 tenebris,
1646 1109 1700 1130 ca:-

909 1153 1031 1188 terisque
1044 1152 1230 1180 continentur.

947 1240 1071 1276 Septimo
1097 1240 1198 1268 deinde
1222 1240 1265 1268 die
1290 1240 1408 1269 cessavit
1431 1239 1466 1268 ab
1487 1238 1562 1266 omni
1585 1244 1701 1273 prorsus

911 1295 994 1322 opere
1012 1286 1094 1319 Deus,
1112 1286 1193 1322 eique
1205 1286 1259 1313 diei
1273 1286 1423 1318 benedixit,
1436 1292 1468 1312 ac
1481 1283 1637 1312 consecrari
1651 1291 1701 1310 vo-

912 1332 973 1365 luit,
991 1332 1073 1367 idque
1091 1339 1140 1366 per
1161 1331 1287 1366 angelum
1304 1331 1390 1366 Moysi
1410 1329 1585 1366 signiﬁcavit.
1600 1328 1701 1356 Eodem

912 1377 1049 1413 pertinere
1062 1381 1163 1412 potest,
1181 1377 1254 1412 quod
1270 1377 1305 1404 ab
1319 1377 1426 1404 Adamo
1445 1376 1479 1403 ad
1503 1375 1635 1403 Jacobum
1648 1374 1703 1401 duo

911 1429 939 1453 et
961 1424 1059 1460 viginti
1080 1424 1169 1459 capita
1193 1427 1399 1451 numerantur:
1422 1421 1456 1449 Et
1479 1422 1587 1457 eligam,
1603 1421 1703 1456 inquit,

913 1471 979 1498 mihi
992 1479 1025 1498 ex
1038 1471 1095 1506 ejus
1112 1471 1195 1506 stirpe
1208 1468 1519 1505 populum‘pecuiiarem,
1535 1475 1568 1495 ea:
1582 1466 1703 1495 omnibus

914 1516 1062 1552 gentibus‘.
1077 1516 1172 1552 Capita
1189 1523 1272 1551 porro
1292 1516 1348 1548 illa,
1365 1515 1399 1543 de
1421 1514 1524 1550 quibus
1539 1513 1647 1541 locutus
1661 1516 1705 1540 est

914 1561 1047 1588 Dominus
1067 1561 1120 1588 ista
1147 1565 1212 1589 sunt
1231 1569 1239 1588 :
1263 1561 1361 1593 Adam,
1388 1559 1466 1592 Seth,
1490 1559 1574 1592 Enos,
1597 1558 1704 1592 Enocll,

914 1606 1073 1642 Arpbaxad,
1091 1607 1165 1640 Sala,
1181 1606 1308 1640 Cainam,
1319 1606 1433 1639 Phalee,
1451 1605 1585 1638 Malaleel,
1603 1603 1704 1637 Heber,

914 1652 1019 1688 Ragau,
1031 1653 1125 1686 Jared,
1144 1653 1260 1687 Seruch,
1277 1652 1399 1687 Naehor,
1420 1652 1586 1685 Mathusaia,
1604 1651 1705 1684 Thare,

916 1699 1045 1733 Lamech,
1054 1700 1120 1734 Noe,
1129 1699 1557 1736 Abraham,180lsaae,1acob,
1567 1698 1709 1727 Sem.Col-
1752 1733 1755 1736 η

917 1745 1039 1781 ligunlur
1050 1746 1242 1782 generationes
1264 1745 1326 1773 dua:
1337 1750 1365 1774 et
1378 1745 1486 1782 viginti.
1503 1744 1583 1773 Unde
1602 1748 1629 1773 et
1649 1752 1708 1772 xxu

917 1796 983 1820 sunt
997 1792 1068 1828 apud
1081 1791 1211 1820 Hebraeos
1221 1793 1335 1824 litterae;
1347 1791 1498 1819 secundum
1513 1798 1582 1826 quas
1596 1790 1710 1826 perinde

919 1845 977 1866 xx"
998 1838 1083 1866 libros
1104 1841 1260 1871 numerant,
1278 1838 1344 1874 licet
1358 1845 1432 1864 xxvu
1449 1837 1559 1873 proprie
1575 1837 1640 1864 sint.
1654 1835 1709 1864 Ve-

919 1890 979 1910 rum
997 1883 1126 1917 quoniam
1138 1882 1260 1917 quinque
1275 1881 1348 1916 apud
1367 1881 1430 1908 illos
1447 1880 1546 1907 littera:
1565 1879 1709 1914 duplican—

920 1932 974 1961 tur,
993 1929 1116 1964 ﬁuntque
1130 1927 1334 1964 quodammodo
1347 1934 1434 1959 xxvtt,
1448 1934 1509 1961 quae
1523 1926 1552 1953 in
1570 1934 1626 1952 xm
1641 1932 1709 1953 cou-

920 1973 1076 2006 trahuntur,
1093 1973 1155 2001 ideo
1173 1980 1248 2000 xxvu
1269 1979 1380 2008 quoque
1395 1971 1481 2000 libros
1497 1971 1524 1999 in
1539 1978 1597 1998 nu
1613 1970 1711 1998 conle-

920 2023 995 2046 runt.

957 2064 1051 2092 XXlll.
1069 2064 1178 2092 Primus
1192 2067 1233 2091 est
1247 2063 1383 2096 Bercsith,
1403 2071 1463 2099 quae
1485 2062 1599 2091 Genesis
1619 2062 1713 2098 appel-

921 2111 1011 2145 latur;
1032 2114 1089 2138 tum
1114 2109 1294 2144 Ellesemntb,
1319 2117 1380 2145 qua:
1403 2113 1446 2137 est
1461 2108 1582 2142 Exodus,
1602 2108 1655 2135 hoc
1671 2110 1714 2136 est

922 2157 1043 2192 egressio
1066 2157 1182 2184 filiorum
1205 2155 1289 2184 lsrael
1309 2164 1343 2184 ex
1361 2156 1497 2192 Egypto;
1516 2154 1626 2190 Vajicra
1640 2174 1648 2186 ,
1664 2154 1713 2189 qui

85 2200 174 2237 δαϐὴρ,
188 2203 205 2238 ἦ
221 2203 296 2229 ἐστιν
315 2202 453 2238 Ἀριθμῶν
465 2210 472 2218 ·
496 2201 713 2238 Ἐλλεδεῆαρεὶμ,
731 2202 762 2229 τὸ
775 2203 861 2229 Δεύτε-

924 2207 966 2231 est
992 2202 1149 2236 Leviticus;
1171 2201 1356 2238 Vajedabber,
1384 2202 1436 2230 hoc
1463 2204 1505 2229 est
1531 2200 1714 2228 Numerorum

86 2248 221 2284 ρονόμιον·
250 2249 350 2284 Διησοῦ
364 2269 372 2282 ,
395 2249 411 2284 ἡ
436 2249 483 2276 τοῦ
508 2248 596 2284 Ἰησοῦ
619 2249 675 2284 (70)
699 2248 747 2275 τοῦ
773 2249 870 2284 Natu-71'

86 2290 165 2324 Διὼὸ,
191 2293 208 2328 ὴ
231 2292 279 2319 τοῦ
305 2293 384 2320 ’1ὡὸ-
411 2292 638 2329 Διασωφθεὶμ,ή
663 2293 718 2320 τῶν
744 2293 870 2329 Κριτῶν-

86 2337 206 2372 Διαροὺθ,
225 2339 242 2374 ἡ
258 2338 309 2374 τῆς
326 2338 404 2366 Ῥούθ
417 2348 423 2356 π
445 2339 627 2376 Σφεργελεὶμ,
647 2340 678 2367 τὸ
693 2340 850 2377 Ψαλτήριον
864 2350 869 2356 ·

88 2382 284 2419 Δεεριιαμεὶμ,
301 2385 318 2419 ἡ
342 2384 437 2420 πρώτη
456 2385 511 2411 τῶν
539 2385 774 2421 Παραλειπομένω
798 2394 804 2401 ·
824 2387 873 2413 Δε-

88 2427 245 2465 6ριιαμεὶμ,
263 2430 510 2466 Παραλειπομένων
524 2431 656 2466 δευτέρα·
671 2433 801 2468 Δεμουὲλ,
819 2433 872 2460 Βα-

89 2474 188 2502 σιλειῶν
202 2474 316 2511 πρώτη·
341 2476 555 2513 Δαδουδεμουὴλ,
571 2477 719 2505 Βασιλειίίη
739 2478 854 2514 δευτέρα
864 2488 871 2495 ·

89 2520 234 2558 Δμαλαχεὶ,
258 2522 406 2550 Βασιλειῶν
426 2524 520 2559 τρίτη·
543 2524 699 2559 Δμαλαχεὶ,
723 2525 874 2553 Βασιλειῶν

90 2566 199 2604 τετάρτη
208 2577 216 2583 ·
226 2567 393 2605 Δμεαλὼθ,ὴ
407 2569 565 2605 Παροιμιῶν
574 2577 582 2585 ⁸
594 2570 742 2604 Δεκωέλεο,
760 2571 875 2608 Ἐκκλη-

133 2657 141 2673 ¹
158 2657 237 2687 Deut.
258 2666 315 2693 xtv,
335 2659 361 2687 2.

126 2748 178 2785 (69)
195 2750 282 2792 atee
297 2751 425 2792 κεφαρω
441 2751 508 2792 περὶ
522 2748 566 2778 ὦν
580 2749 675 2792 alaex.
697 2751 877 2792 Perturbatus

95 2790 123 2827 ξς
133 2791 313 2827 praeposterus
329 2786 400 2826 ordo
413 2787 553 2827 nominum
572 2791 624 2815 est.
644 2787 702 2820 Qua
720 2787 748 2815 in
763 2795 793 2815 re
811 2788 878 2823 quid

96 2821 290 2856 insitmysterii
306 2829 360 2848 non
378 2821 465 2849 video.

128 2854 183 2891 (70)
197 2854 327 2891 Ἆιησοῡ,
358 2857 377 2891 ἠ
402 2857 455 2885 τοῦ
493 2858 606 2892 ’[ησοῦ.
633 2857 785 2893 Depravata
813 2863 877 2886 sunt

923 2249 1007 2282 liber;
1023 2248 1214 2283 Elledebaritn,
1231 2248 1489 2282 Dcuteronomium;
1507 2247 1575 2275 liber
1584 2246 1649 2274 Jesu
1668 2245 1714 2273 lilii

924 2294 1016 2329 Nave;
1033 2294 1095 2328 Job,
1117 2294 1268 2331 Sopbetim,
1288 2295 1313 2322 id
1337 2300 1379 2322 cst
1399 2293 1538 2327 Iudicum,
1557 2293 1643 2325 Ruth,
1667 2292 1716 2320 Se-

925 2341 992 2375 plier
1003 2340 1142 2373 Tehillim,
1155 2341 1208 2368 hoc
1219 2344 1261 2369 est
1269 2339 1432 2368 Psalterium
1445 2348 1451 2373 ;
1468 2339 1549 2366 Dibre
1563 2338 1714 2370 baiiamim,

925 2387 983 2416 sive
1000 2388 1106 2423 primus
1120 2387 1347 2423 Paralipomenon
1361 2386 1448 2420 liber;
1465 2385 1545 2413 Dibre
1561 2385 1716 2420 haijamim,

927 2434 1067 2461 secundus
1086 2433 1314 2469 Paralipomenon
1335 2431 1421 2465 liber;
1443 2430 1578 2458 Samuelis
1600 2429 1717 2464 primus.

928 2480 986 2508 sive
1002 2479 1158 2516 Regnorum
1176 2479 1301 2516 primus;
1320 2478 1467 2510 Samuelis,
1482 2476 1540 2504 sive
1559 2476 1717 2511 Regnorum

929 2526 1084 2560 secundus;
1102 2525 1254 2557 Melachim,
1267 2525 1325 2553 sive
1339 2524 1496 2560 Regnorum
1511 2522 1626 2553 tertius;
1636 2521 1719 2549 Mela-

928 2573 1000 2600 ehim
1013 2572 1070 2600 sive
1081 2571 1238 2607 Regnorum
1253 2574 1369 2607 quartus
1380 2579 1388 2604 ;
1399 2569 1524 2602 Miscblc,
1536 2569 1593 2597 sive
1603 2567 1719 2596 Prover-

949 2754 1060 2788 leraque
1076 2758 1218 2788 sacrorum
1232 2750 1365 2788 librorum
1380 2748 1523 2788 vocabula.
1543 2746 1664 2788 Setinos
1679 2745 1720 2788 ni-

950 2763 1060 2788 lBI'iNllIB
1076 2763 1218 2780 δκυϊυιύιιι
1232 2763 1313 2778 IIIJI'UI
1321 2763 1365 2777 υιιι
1382 2763 1523 2777 ὶυυᾶιυυιιι.
1543 2763 1661 2785 υιὲυ.11“1ῦ
1679 2763 1708 2770 ι·-

931 2763 968 2816 iiii
996 2787 1194 2816 immutandum
1221 2785 1390 2813 censuimus.
1429 2783 1570 2817 Plerisque
1591 2781 1683 2808 llttera
1699 2781 1713 2805 ὁ

932 2823 1040 2860 praefixa
1054 2833 1059 2849 :
1077 2823 1123 2858 qui
1138 2826 1179 2850 est
1195 2820 1361 2849 Chaldaicus
1377 2818 1519 2846 articulus.
