  <div class='ocr_page' id='page_1' title='image "/cluster/home/n/w/nwhite01/storage/ocr_20150623/43/njp.32101007506163/171.png"; bbox 0 0 1939 3039; ppageno 0'>
   <div class='ocr_carea' id='block_1_1' title="bbox 213 123 268 152">
    <p class='ocr_par' dir='ltr' id='par_1_1' title="bbox 213 123 268 152">
     <span class='ocr_line' id='line_1_1' title="bbox 213 123 268 152; baseline 0 0"><span class='ocrx_word' id='word_1_1' title='bbox 213 123 268 152; x_wconf 71' lang='grc'><strong>279</strong></span> 
     </span>
    </p>
   </div>
   <div class='ocr_carea' id='block_1_2' title="bbox 214 181 1003 219">
    <p class='ocr_par' dir='ltr' id='par_1_2' title="bbox 214 181 1003 219">
     <span class='ocr_line' id='line_1_2' title="bbox 214 181 1003 219; baseline 0.006 -10"><span class='ocrx_word' id='word_1_2' title='bbox 214 182 322 210; x_wconf 87' lang='lat' dir='ltr'><strong>biorum</strong></span> <span class='ocrx_word' id='word_1_3' title='bbox 343 181 424 216; x_wconf 87' lang='lat' dir='ltr'><strong>liber;</strong></span> <span class='ocrx_word' id='word_1_4' title='bbox 438 181 583 216; x_wconf 80' lang='lat' dir='ltr'><strong>Cobeletli,</strong></span> <span class='ocrx_word' id='word_1_5' title='bbox 604 182 656 211; x_wconf 90' lang='lat' dir='ltr'><strong>hoe</strong></span> <span class='ocrx_word' id='word_1_6' title='bbox 672 189 715 212; x_wconf 86' lang='lat' dir='ltr'><strong>est</strong></span> <span class='ocrx_word' id='word_1_7' title='bbox 733 183 932 219; x_wconf 74' lang='lat' dir='ltr'><strong>Ecclesiastes;</strong></span> <span class='ocrx_word' id='word_1_8' title='bbox 944 185 1003 214; x_wconf 87' lang='lat' dir='ltr'><strong>Sir-</strong></span> 
     </span>
    </p>
   </div>
   <div class='ocr_carea' id='block_1_3' title="bbox 214 228 1005 264">
    <p class='ocr_par' dir='ltr' id='par_1_3' title="bbox 214 228 1005 264">
     <span class='ocr_line' id='line_1_3' title="bbox 214 228 1005 264; baseline 0.009 -9"><span class='ocrx_word' id='word_1_9' title='bbox 214 228 471 260; x_wconf 83' lang='lat' dir='ltr'><strong>hassiritn,Cantiea</strong></span> <span class='ocrx_word' id='word_1_10' title='bbox 480 229 652 258; x_wconf 69' lang='lat' dir='ltr'><strong>canticorum</strong></span> <span class='ocrx_word' id='word_1_11' title='bbox 663 229 883 264; x_wconf 84' lang='lat' dir='ltr'><strong>;Dathariasara,</strong></span> <span class='ocrx_word' id='word_1_12' title='bbox 895 233 948 261; x_wconf 85' lang='lat' dir='ltr'><strong>hoc</strong></span> <span class='ocrx_word' id='word_1_13' title='bbox 960 238 1005 262; x_wconf 88' lang='lat' dir='ltr'><strong>est</strong></span> 
     </span>
    </p>
   </div>
   <div class='ocr_carea' id='block_1_4' title="bbox 213 273 1003 312">
    <p class='ocr_par' dir='ltr' id='par_1_4' title="bbox 213 273 1003 312">
     <span class='ocr_line' id='line_1_4' title="bbox 213 273 1003 312; baseline 0.008 -11"><span class='ocrx_word' id='word_1_14' title='bbox 213 282 251 302; x_wconf 80' lang='lat' dir='ltr'><strong>xu</strong></span> <span class='ocrx_word' id='word_1_15' title='bbox 263 273 424 310; x_wconf 59' lang='lat' dir='ltr'><strong>Propheta};</strong></span> <span class='ocrx_word' id='word_1_16' title='bbox 437 275 522 303; x_wconf 82' lang='lat' dir='ltr'><strong>Isaias</strong></span> <span class='ocrx_word' id='word_1_17' title='bbox 533 276 676 312; x_wconf 87' lang='lat' dir='ltr'><strong>propheta,</strong></span> <span class='ocrx_word' id='word_1_18' title='bbox 693 276 855 310; x_wconf 82' lang='lat' dir='ltr'><strong>Hieremias,</strong></span> <span class='ocrx_word' id='word_1_19' title='bbox 867 278 1003 312; x_wconf 77' lang='lat' dir='ltr'><strong>Ezechiel,</strong></span> 
     </span>
    </p>
   </div>
   <div class='ocr_carea' id='block_1_5' title="bbox 214 320 1004 358">
    <p class='ocr_par' dir='ltr' id='par_1_5' title="bbox 214 320 1004 358">
     <span class='ocr_line' id='line_1_5' title="bbox 214 320 1004 358; baseline 0.006 -10"><span class='ocrx_word' id='word_1_20' title='bbox 214 320 321 354; x_wconf 86' lang='lat' dir='ltr'><strong>Daniel,</strong></span> <span class='ocrx_word' id='word_1_21' title='bbox 337 321 406 349; x_wconf 83' lang='lat' dir='ltr'><strong>liber</strong></span> <span class='ocrx_word' id='word_1_22' title='bbox 417 321 525 357; x_wconf 86' lang='lat' dir='ltr'><strong>primus</strong></span> <span class='ocrx_word' id='word_1_23' title='bbox 542 321 647 354; x_wconf 86' lang='lat' dir='ltr'><strong>Esdrae,</strong></span> <span class='ocrx_word' id='word_1_24' title='bbox 663 322 733 351; x_wconf 89' lang='lat' dir='ltr'><strong>liber</strong></span> <span class='ocrx_word' id='word_1_25' title='bbox 748 325 886 353; x_wconf 81' lang='lat' dir='ltr'><strong>secundus</strong></span> <span class='ocrx_word' id='word_1_26' title='bbox 900 324 1004 358; x_wconf 71' lang='lat' dir='ltr'><strong>Eadm,</strong></span> 
     </span>
    </p>
   </div>
   <div class='ocr_carea' id='block_1_6' title="bbox 213 366 1003 407">
    <p class='ocr_par' dir='ltr' id='par_1_6' title="bbox 213 366 1003 407">
     <span class='ocr_line' id='line_1_6' title="bbox 213 366 1003 407; baseline 0.008 -13"><span class='ocrx_word' id='word_1_27' title='bbox 213 367 322 395; x_wconf 86' lang='lat' dir='ltr'><strong>Esther.</strong></span> <span class='ocrx_word' id='word_1_28' title='bbox 338 366 372 394; x_wconf 92' lang='lat' dir='ltr'><strong>Hi</strong></span> <span class='ocrx_word' id='word_1_29' title='bbox 395 371 460 395; x_wconf 86' lang='lat' dir='ltr'><strong>sunt</strong></span> <span class='ocrx_word' id='word_1_30' title='bbox 479 372 583 403; x_wconf 87' lang='lat' dir='ltr'><strong>septem</strong></span> <span class='ocrx_word' id='word_1_31' title='bbox 598 372 626 396; x_wconf 91' lang='lat' dir='ltr'><strong>et</strong></span> <span class='ocrx_word' id='word_1_32' title='bbox 641 370 737 405; x_wconf 86' lang='lat' dir='ltr'><strong>viginti</strong></span> <span class='ocrx_word' id='word_1_33' title='bbox 761 371 846 399; x_wconf 85' lang='lat' dir='ltr'><strong>libri:</strong></span> <span class='ocrx_word' id='word_1_34' title='bbox 869 371 918 407; x_wconf 86' lang='lat' dir='ltr'><strong>qui</strong></span> <span class='ocrx_word' id='word_1_35' title='bbox 940 379 1003 399; x_wconf 91' lang='lat' dir='ltr'><strong>cum</strong></span> 
     </span>
    </p>
   </div>
   <div class='ocr_carea' id='block_1_7' title="bbox 213 413 1004 453">
    <p class='ocr_par' dir='ltr' id='par_1_7' title="bbox 213 413 1004 453">
     <span class='ocr_line' id='line_1_7' title="bbox 213 413 1004 453; baseline 0.008 -14"><span class='ocrx_word' id='word_1_36' title='bbox 213 420 330 440; x_wconf 80' lang='lat' dir='ltr'><strong>numero</strong></span> <span class='ocrx_word' id='word_1_37' title='bbox 357 413 511 440; x_wconf 87' lang='lat' dir='ltr'><strong>litterarum</strong></span> <span class='ocrx_word' id='word_1_38' title='bbox 539 420 733 450; x_wconf 73' lang='lat' dir='ltr'><strong>exaequantur,</strong></span> <span class='ocrx_word' id='word_1_39' title='bbox 759 416 859 444; x_wconf 87' lang='lat' dir='ltr'><strong>litteris</strong></span> <span class='ocrx_word' id='word_1_40' title='bbox 882 418 1004 453; x_wconf 86' lang='lat' dir='ltr'><strong>quinque</strong></span> 
     </span>
    </p>
   </div>
   <div class='ocr_carea' id='block_1_8' title="bbox 213 459 1003 501">
    <p class='ocr_par' dir='ltr' id='par_1_8' title="bbox 213 459 1003 501">
     <span class='ocr_line' id='line_1_8' title="bbox 213 459 1003 501; baseline 0.01 -15"><span class='ocrx_word' id='word_1_41' title='bbox 213 459 371 495; x_wconf 83' lang='lat' dir='ltr'><strong>geminatis,</strong></span> <span class='ocrx_word' id='word_1_42' title='bbox 389 464 419 487; x_wconf 90' lang='lat' dir='ltr'><strong>ut</strong></span> <span class='ocrx_word' id='word_1_43' title='bbox 442 467 526 496; x_wconf 83' lang='lat' dir='ltr'><strong>supra</strong></span> <span class='ocrx_word' id='word_1_44' title='bbox 544 463 711 491; x_wconf 88' lang='lat' dir='ltr'><strong>monuimus.</strong></span> <span class='ocrx_word' id='word_1_45' title='bbox 731 463 781 492; x_wconf 87' lang='lat' dir='ltr'><strong>Est</strong></span> <span class='ocrx_word' id='word_1_46' title='bbox 803 469 831 492; x_wconf 89' lang='lat' dir='ltr'><strong>et</strong></span> <span class='ocrx_word' id='word_1_47' title='bbox 851 465 922 493; x_wconf 86' lang='lat' dir='ltr'><strong>alius</strong></span> <span class='ocrx_word' id='word_1_48' title='bbox 941 466 1003 501; x_wconf 91' lang='lat' dir='ltr'><strong>qui-</strong></span> 
     </span>
    </p>
   </div>
   <div class='ocr_carea' id='block_1_9' title="bbox 213 506 1005 544">
    <p class='ocr_par' dir='ltr' id='par_1_9' title="bbox 213 506 1005 544">
     <span class='ocr_line' id='line_1_9' title="bbox 213 506 1005 544; baseline 0.01 -12"><span class='ocrx_word' id='word_1_49' title='bbox 213 506 276 533; x_wconf 89' lang='lat' dir='ltr'><strong>dam</strong></span> <span class='ocrx_word' id='word_1_50' title='bbox 292 506 407 542; x_wconf 76' lang='lat' dir='ltr'><strong>exiguus</strong></span> <span class='ocrx_word' id='word_1_51' title='bbox 428 506 506 539; x_wconf 85' lang='lat' dir='ltr'><strong>liber.</strong></span> <span class='ocrx_word' id='word_1_52' title='bbox 522 508 569 543; x_wconf 89' lang='lat' dir='ltr'><strong>qui</strong></span> <span class='ocrx_word' id='word_1_53' title='bbox 586 507 686 537; x_wconf 87' lang='lat' dir='ltr'><strong>Cinoth</strong></span> <span class='ocrx_word' id='word_1_54' title='bbox 709 509 883 544; x_wconf 85' lang='lat' dir='ltr'><strong>inscribitur,</strong></span> <span class='ocrx_word' id='word_1_55' title='bbox 898 511 950 539; x_wconf 87' lang='lat' dir='ltr'><strong>hoc</strong></span> <span class='ocrx_word' id='word_1_56' title='bbox 963 517 1005 540; x_wconf 89' lang='lat' dir='ltr'><strong>est</strong></span> 
     </span>
    </p>
   </div>
   <div class='ocr_carea' id='block_1_10' title="bbox 212 552 1002 591">
    <p class='ocr_par' dir='ltr' id='par_1_10' title="bbox 212 552 1002 591">
     <span class='ocr_line' id='line_1_10' title="bbox 212 552 1002 591; baseline 0.009 -12"><span class='ocrx_word' id='word_1_57' title='bbox 212 552 436 581; x_wconf 84' lang='lat' dir='ltr'><strong>Lamentationes</strong></span> <span class='ocrx_word' id='word_1_58' title='bbox 469 553 626 588; x_wconf 76' lang='lat' dir='ltr'><strong>Hieremiae,</strong></span> <span class='ocrx_word' id='word_1_59' title='bbox 660 556 707 591; x_wconf 88' lang='lat' dir='ltr'><strong>qui</strong></span> <span class='ocrx_word' id='word_1_60' title='bbox 749 561 827 584; x_wconf 81' lang='lat' dir='ltr'><strong>extra</strong></span> <span class='ocrx_word' id='word_1_61' title='bbox 858 565 1002 586; x_wconf 90' lang='lat' dir='ltr'><strong>numerum</strong></span> 
     </span>
    </p>
   </div>
   <div class='ocr_carea' id='block_1_11' title="bbox 211 598 1003 637">
    <p class='ocr_par' dir='ltr' id='par_1_11' title="bbox 211 598 1003 637">
     <span class='ocr_line' id='line_1_11' title="bbox 211 598 1003 637; baseline 0.008 -12"><span class='ocrx_word' id='word_1_62' title='bbox 211 599 245 626; x_wconf 85' lang='lat' dir='ltr'><strong>ad</strong></span> <span class='ocrx_word' id='word_1_63' title='bbox 263 598 428 627; x_wconf 78' lang='lat' dir='ltr'><strong>Hieremiam</strong></span> <span class='ocrx_word' id='word_1_64' title='bbox 442 600 610 635; x_wconf 81' lang='lat' dir='ltr'><strong>adjungitur.</strong></span> <span class='ocrx_word' id='word_1_65' title='bbox 625 600 760 628; x_wconf 63' lang='lat' dir='ltr'><strong>Caeterum</strong></span> <span class='ocrx_word' id='word_1_66' title='bbox 772 602 869 637; x_wconf 85' lang='lat' dir='ltr'><strong>viginti</strong></span> <span class='ocrx_word' id='word_1_67' title='bbox 885 603 1003 631; x_wconf 90' lang='lat' dir='ltr'><strong>duorum</strong></span> 
     </span>
    </p>
   </div>
   <div class='ocr_carea' id='block_1_12' title="bbox 212 646 1003 682">
    <p class='ocr_par' dir='ltr' id='par_1_12' title="bbox 212 646 1003 682">
     <span class='ocr_line' id='line_1_12' title="bbox 212 646 1003 682; baseline 0.005 -9"><span class='ocrx_word' id='word_1_68' title='bbox 212 647 265 673; x_wconf 84' lang='lat' dir='ltr'><strong>iste</strong></span> <span class='ocrx_word' id='word_1_69' title='bbox 282 654 413 674; x_wconf 81' lang='lat' dir='ltr'><strong>numerus</strong></span> <span class='ocrx_word' id='word_1_70' title='bbox 431 646 533 682; x_wconf 89' lang='lat' dir='ltr'><strong>ubique</strong></span> <span class='ocrx_word' id='word_1_71' title='bbox 554 647 702 682; x_wconf 86' lang='lat' dir='ltr'><strong>reperitur,</strong></span> <span class='ocrx_word' id='word_1_72' title='bbox 721 655 754 676; x_wconf 87' lang='lat' dir='ltr'><strong>ac</strong></span> <span class='ocrx_word' id='word_1_73' title='bbox 771 648 890 676; x_wconf 87' lang='lat' dir='ltr'><strong>diversis</strong></span> <span class='ocrx_word' id='word_1_74' title='bbox 910 649 938 676; x_wconf 89' lang='lat' dir='ltr'><strong>in</strong></span> <span class='ocrx_word' id='word_1_75' title='bbox 960 657 1003 678; x_wconf 86' lang='lat' dir='ltr'><strong>re-</strong></span> 
     </span>
    </p>
   </div>
   <div class='ocr_carea' id='block_1_13' title="bbox 211 692 1003 730">
    <p class='ocr_par' dir='ltr' id='par_1_13' title="bbox 211 692 1003 730">
     <span class='ocr_line' id='line_1_13' title="bbox 211 692 1003 730; baseline 0.005 -11"><span class='ocrx_word' id='word_1_76' title='bbox 211 692 265 719; x_wconf 92' lang='lat' dir='ltr'><strong>bus</strong></span> <span class='ocrx_word' id='word_1_77' title='bbox 276 692 409 724; x_wconf 90' lang='lat' dir='ltr'><strong>cernitur,</strong></span> <span class='ocrx_word' id='word_1_78' title='bbox 422 693 498 720; x_wconf 88' lang='lat' dir='ltr'><strong>velut</strong></span> <span class='ocrx_word' id='word_1_79' title='bbox 509 694 537 720; x_wconf 93' lang='lat' dir='ltr'><strong>in</strong></span> <span class='ocrx_word' id='word_1_80' title='bbox 552 693 649 729; x_wconf 78' lang='lat' dir='ltr'><strong>viginti</strong></span> <span class='ocrx_word' id='word_1_81' title='bbox 660 693 769 722; x_wconf 85' lang='lat' dir='ltr'><strong>duobus</strong></span> <span class='ocrx_word' id='word_1_82' title='bbox 783 695 925 730; x_wconf 85' lang='lat' dir='ltr'><strong>operibus,</strong></span> <span class='ocrx_word' id='word_1_83' title='bbox 942 703 1003 730; x_wconf 68' lang='lat' dir='ltr'><strong>quae</strong></span> 
     </span>
    </p>
   </div>
   <div class='ocr_carea' id='block_1_14' title="bbox 212 737 1002 774">
    <p class='ocr_par' dir='ltr' id='par_1_14' title="bbox 212 737 1002 774">
     <span class='ocr_line' id='line_1_14' title="bbox 212 737 1002 774; baseline 0.005 -9"><span class='ocrx_word' id='word_1_84' title='bbox 212 737 286 765; x_wconf 85' lang='lat' dir='ltr'><strong>Deus</strong></span> <span class='ocrx_word' id='word_1_85' title='bbox 299 746 346 766; x_wconf 81' lang='lat' dir='ltr'><strong>sex</strong></span> <span class='ocrx_word' id='word_1_86' title='bbox 367 738 422 766; x_wconf 92' lang='lat' dir='ltr'><strong>illis</strong></span> <span class='ocrx_word' id='word_1_87' title='bbox 445 738 554 771; x_wconf 84' lang='lat' dir='ltr'><strong>diebus,</strong></span> <span class='ocrx_word' id='word_1_88' title='bbox 573 739 620 774; x_wconf 88' lang='lat' dir='ltr'><strong>qui</strong></span> <span class='ocrx_word' id='word_1_89' title='bbox 637 740 665 768; x_wconf 92' lang='lat' dir='ltr'><strong>in</strong></span> <span class='ocrx_word' id='word_1_90' title='bbox 682 740 776 768; x_wconf 88' lang='lat' dir='ltr'><strong>mundi</strong></span> <span class='ocrx_word' id='word_1_91' title='bbox 797 740 1002 770; x_wconf 79' lang='lat' dir='ltr'><strong>fabricationem</strong></span> 
     </span>
    </p>
   </div>
   <div class='ocr_carea' id='block_1_15' title="bbox 211 784 1002 822">
    <p class='ocr_par' dir='ltr' id='par_1_15' title="bbox 211 784 1002 822">
     <span class='ocr_line' id='line_1_15' title="bbox 211 784 1002 822; baseline 0.005 -11"><span class='ocrx_word' id='word_1_92' title='bbox 211 784 343 819; x_wconf 88' lang='lat' dir='ltr'><strong>insumpti</strong></span> <span class='ocrx_word' id='word_1_93' title='bbox 365 789 445 819; x_wconf 90' lang='lat' dir='ltr'><strong>sunt,</strong></span> <span class='ocrx_word' id='word_1_94' title='bbox 465 785 636 818; x_wconf 83' lang='lat' dir='ltr'><strong>elaboravit;</strong></span> <span class='ocrx_word' id='word_1_95' title='bbox 653 789 712 813; x_wconf 86' lang='lat' dir='ltr'><strong>tum</strong></span> <span class='ocrx_word' id='word_1_96' title='bbox 735 786 763 814; x_wconf 90' lang='lat' dir='ltr'><strong>in</strong></span> <span class='ocrx_word' id='word_1_97' title='bbox 780 787 875 822; x_wconf 79' lang='lat' dir='ltr'><strong>viginti</strong></span> <span class='ocrx_word' id='word_1_98' title='bbox 895 787 1002 815; x_wconf 84' lang='lat' dir='ltr'><strong>duabus</strong></span> 
     </span>
    </p>
   </div>
   <div class='ocr_carea' id='block_1_16' title="bbox 212 831 1002 866">
    <p class='ocr_par' dir='ltr' id='par_1_16' title="bbox 212 831 1002 866">
     <span class='ocr_line' id='line_1_16' title="bbox 212 831 1002 866; baseline 0.004 -8"><span class='ocrx_word' id='word_1_99' title='bbox 212 831 447 866; x_wconf 76' lang='lat' dir='ltr'><strong>generationibus,</strong></span> <span class='ocrx_word' id='word_1_100' title='bbox 463 838 524 866; x_wconf 63' lang='lat' dir='ltr'><strong>quae</strong></span> <span class='ocrx_word' id='word_1_101' title='bbox 539 831 574 859; x_wconf 88' lang='lat' dir='ltr'><strong>ab</strong></span> <span class='ocrx_word' id='word_1_102' title='bbox 592 831 698 859; x_wconf 83' lang='lat' dir='ltr'><strong>Adamo</strong></span> <span class='ocrx_word' id='word_1_103' title='bbox 713 831 747 860; x_wconf 85' lang='lat' dir='ltr'><strong>ad</strong></span> <span class='ocrx_word' id='word_1_104' title='bbox 764 833 892 861; x_wconf 89' lang='lat' dir='ltr'><strong>Israelem</strong></span> <span class='ocrx_word' id='word_1_105' title='bbox 915 833 1002 861; x_wconf 87' lang='lat' dir='ltr'><strong>inter-</strong></span> 
     </span>
    </p>
   </div>
   <div class='ocr_carea' id='block_1_17' title="bbox 913 126 1135 156">
    <p class='ocr_par' dir='ltr' id='par_1_17' title="bbox 913 126 1135 156">
     <span class='ocr_line' id='line_1_17' title="bbox 913 126 1135 156; baseline 0.005 -2"><span class='ocrx_word' id='word_1_106' title='bbox 913 126 942 155; x_wconf 80' lang='lat' dir='ltr'><strong>S.</strong></span> <span class='ocrx_word' id='word_1_107' title='bbox 963 126 1135 156; x_wconf 76' lang='lat' dir='ltr'><strong>EPIPHANII</strong></span> 
     </span>
    </p>
   </div>
   <div class='ocr_carea' id='block_1_18' title="bbox 1794 131 1850 159">
    <p class='ocr_par' dir='ltr' id='par_1_18' title="bbox 1794 131 1850 159">
     <span class='ocr_line' id='line_1_18' title="bbox 1794 131 1850 159; baseline 0 0"><span class='ocrx_word' id='word_1_108' title='bbox 1794 131 1850 159; x_wconf 62' lang='lat' dir='ltr'><strong>28R</strong></span> 
     </span>
    </p>
   </div>
   <div class='ocr_carea' id='block_1_19' title="bbox 1017 186 1851 231">
    <p class='ocr_par' dir='ltr' id='par_1_19' title="bbox 1017 186 1851 231">
     <span class='ocr_line' id='line_1_19' title="bbox 1017 186 1851 231; baseline 0.002 -18"><span class='ocrx_word' id='word_1_109' title='bbox 1017 202 1039 231; x_wconf 65' lang='grc' dir='ltr'>Α</span> <span class='ocrx_word' id='word_1_110' title='bbox 1054 187 1168 223; x_wconf 79' lang='grc' dir='ltr'><strong>σιαστής</strong></span> <span class='ocrx_word' id='word_1_111' title='bbox 1180 196 1186 203; x_wconf 74' lang='grc'><strong><em>⁸</em></strong></span> <span class='ocrx_word' id='word_1_112' title='bbox 1202 187 1410 224; x_wconf 79' lang='grc' dir='ltr'><strong>Σιρασισεὶν,τδ</strong></span> <span class='ocrx_word' id='word_1_113' title='bbox 1420 186 1515 224; x_wconf 72' lang='grc' dir='ltr'><strong>’ᾼσμα</strong></span> <span class='ocrx_word' id='word_1_114' title='bbox 1530 188 1585 216; x_wconf 85' lang='grc' dir='ltr'><strong>τῶν</strong></span> <span class='ocrx_word' id='word_1_115' title='bbox 1597 187 1731 224; x_wconf 73' lang='grc' dir='ltr'><strong>ᾀσμάτων</strong></span> <span class='ocrx_word' id='word_1_116' title='bbox 1740 196 1746 203; x_wconf 89' lang='grc'><strong>·</strong></span> <span class='ocrx_word' id='word_1_117' title='bbox 1760 188 1851 215; x_wconf 73' lang='grc' dir='ltr'><strong>Δαϐα-</strong></span> 
     </span>
    </p>
   </div>
   <div class='ocr_carea' id='block_1_20' title="bbox 1055 233 1849 272">
    <p class='ocr_par' dir='ltr' id='par_1_20' title="bbox 1055 233 1849 272">
     <span class='ocr_line' id='line_1_20' title="bbox 1055 233 1849 272; baseline 0.003 -12"><span class='ocrx_word' id='word_1_118' title='bbox 1055 233 1186 269; x_wconf 79' lang='grc' dir='ltr'><strong>ριασαρὰ.</strong></span> <span class='ocrx_word' id='word_1_119' title='bbox 1193 236 1224 260; x_wconf 80' lang='grc' dir='ltr'><strong>τὸ</strong></span> <span class='ocrx_word' id='word_1_120' title='bbox 1236 234 1486 271; x_wconf 77' lang='grc' dir='ltr'><strong>Δωδεκαπρόφητον</strong></span> <span class='ocrx_word' id='word_1_121' title='bbox 1495 245 1502 252; x_wconf 90' lang='grc'>·</span> <span class='ocrx_word' id='word_1_122' title='bbox 1511 236 1639 272; x_wconf 79' lang='grc' dir='ltr'><strong>Δησαῖου,</strong></span> <span class='ocrx_word' id='word_1_123' title='bbox 1648 235 1695 262; x_wconf 86' lang='grc' dir='ltr'><strong>τοῦ</strong></span> <span class='ocrx_word' id='word_1_124' title='bbox 1706 236 1849 271; x_wconf 67' lang='grc' dir='ltr'><strong>προφήτου</strong></span> 
     </span>
    </p>
   </div>
   <div class='ocr_carea' id='block_1_21' title="bbox 1060 278 1848 317">
    <p class='ocr_par' dir='ltr' id='par_1_21' title="bbox 1060 278 1848 317">
     <span class='ocr_line' id='line_1_21' title="bbox 1060 278 1848 317; baseline 0.003 -13"><span class='ocrx_word' id='word_1_125' title='bbox 1060 278 1172 305; x_wconf 77' lang='grc' dir='ltr'><strong>Ἡσαΐου</strong></span> <span class='ocrx_word' id='word_1_126' title='bbox 1181 287 1187 293; x_wconf 89' lang='grc'><strong><em>“</em></strong></span> <span class='ocrx_word' id='word_1_127' title='bbox 1200 279 1353 314; x_wconf 84' lang='grc' dir='ltr'><strong>Διερεμίου,</strong></span> <span class='ocrx_word' id='word_1_128' title='bbox 1363 280 1380 315; x_wconf 84' lang='grc' dir='ltr'>ἡ</span> <span class='ocrx_word' id='word_1_129' title='bbox 1392 280 1437 306; x_wconf 84' lang='grc' dir='ltr'><strong>τοῦ</strong></span> <span class='ocrx_word' id='word_1_130' title='bbox 1450 280 1583 316; x_wconf 88' lang='grc' dir='ltr'><strong>Ἰερεμίου</strong></span> <span class='ocrx_word' id='word_1_131' title='bbox 1592 288 1599 296; x_wconf 89' lang='grc'><strong>·</strong></span> <span class='ocrx_word' id='word_1_132' title='bbox 1608 279 1761 317; x_wconf 78' lang='grc' dir='ltr'><strong>Διεζεκιὴλ,</strong></span> <span class='ocrx_word' id='word_1_133' title='bbox 1771 281 1788 314; x_wconf 76' lang='grc' dir='ltr'>ἡ</span> <span class='ocrx_word' id='word_1_134' title='bbox 1799 279 1848 306; x_wconf 75' lang='grc' dir='ltr'><strong>τοῦ</strong></span> 
     </span>
    </p>
   </div>
   <div class='ocr_carea' id='block_1_22' title="bbox 1054 324 1848 362">
    <p class='ocr_par' dir='ltr' id='par_1_22' title="bbox 1054 324 1848 362">
     <span class='ocr_line' id='line_1_22' title="bbox 1054 324 1848 362; baseline 0.001 -12"><span class='ocrx_word' id='word_1_135' title='bbox 1054 324 1200 360; x_wconf 79' lang='grc' dir='ltr'><strong>Ὶεζεκιήλ·</strong></span> <span class='ocrx_word' id='word_1_136' title='bbox 1214 325 1352 361; x_wconf 80' lang='grc' dir='ltr'><strong>Διδανιὴλ,</strong></span> <span class='ocrx_word' id='word_1_137' title='bbox 1364 326 1382 361; x_wconf 77' lang='grc' dir='ltr'><strong>ἡ</strong></span> <span class='ocrx_word' id='word_1_138' title='bbox 1400 326 1446 353; x_wconf 78' lang='grc' dir='ltr'><strong>τοῦ</strong></span> <span class='ocrx_word' id='word_1_139' title='bbox 1473 326 1573 362; x_wconf 77' lang='grc' dir='ltr'><strong>Δανιὴλ.</strong></span> <span class='ocrx_word' id='word_1_140' title='bbox 1585 335 1593 342; x_wconf 71' lang='grc' dir='ltr'><strong>ν</strong></span> <span class='ocrx_word' id='word_1_141' title='bbox 1610 326 1749 362; x_wconf 85' lang='grc' dir='ltr'><strong>Διδέσδρα,</strong></span> <span class='ocrx_word' id='word_1_142' title='bbox 1761 327 1780 359; x_wconf 86' lang='grc' dir='ltr'><strong>ἡ</strong></span> <span class='ocrx_word' id='word_1_143' title='bbox 1797 325 1848 352; x_wconf 81' lang='grc' dir='ltr'><strong>τοῦ</strong></span> 
     </span>
    </p>
   </div>
   <div class='ocr_carea' id='block_1_23' title="bbox 1055 368 1847 405">
    <p class='ocr_par' dir='ltr' id='par_1_23' title="bbox 1055 368 1847 405">
     <span class='ocr_line' id='line_1_23' title="bbox 1055 368 1847 405; baseline 0.001 -10"><span class='ocrx_word' id='word_1_144' title='bbox 1055 368 1160 404; x_wconf 87' lang='grc' dir='ltr'><strong>Ἐσδρα</strong></span> <span class='ocrx_word' id='word_1_145' title='bbox 1179 368 1293 405; x_wconf 85' lang='grc' dir='ltr'><strong>πρώτη’</strong></span> <span class='ocrx_word' id='word_1_146' title='bbox 1315 369 1455 405; x_wconf 79' lang='grc' dir='ltr'><strong>Διδέσδρα,</strong></span> <span class='ocrx_word' id='word_1_147' title='bbox 1472 371 1489 405; x_wconf 85' lang='grc' dir='ltr'>ὴ</span> <span class='ocrx_word' id='word_1_148' title='bbox 1517 369 1565 397; x_wconf 83' lang='grc' dir='ltr'><strong>τοῦ</strong></span> <span class='ocrx_word' id='word_1_149' title='bbox 1582 370 1685 405; x_wconf 83' lang='grc' dir='ltr'><strong>Ἔσδρα</strong></span> <span class='ocrx_word' id='word_1_150' title='bbox 1706 369 1826 404; x_wconf 77' lang='grc' dir='ltr'><strong>δευτέρα</strong></span> <span class='ocrx_word' id='word_1_151' title='bbox 1840 377 1847 383; x_wconf 90' lang='grc'><strong>·</strong></span> 
     </span>
    </p>
   </div>
   <div class='ocr_carea' id='block_1_24' title="bbox 1053 413 1849 452">
    <p class='ocr_par' dir='ltr' id='par_1_24' title="bbox 1053 413 1849 452">
     <span class='ocr_line' id='line_1_24' title="bbox 1053 413 1849 452; baseline -0.004 -8"><span class='ocrx_word' id='word_1_152' title='bbox 1053 414 1171 450; x_wconf 76' lang='grc' dir='ltr'><strong>Δεσοὴρ,</strong></span> <span class='ocrx_word' id='word_1_153' title='bbox 1186 415 1203 450; x_wconf 76' lang='grc' dir='ltr'><strong>ἡ</strong></span> <span class='ocrx_word' id='word_1_154' title='bbox 1223 415 1273 450; x_wconf 83' lang='grc' dir='ltr'><strong>τῆς</strong></span> <span class='ocrx_word' id='word_1_155' title='bbox 1297 415 1410 452; x_wconf 76' lang='grc' dir='ltr'><strong>Ἐσθήρ·</strong></span> <span class='ocrx_word' id='word_1_156' title='bbox 1424 413 1509 443; x_wconf 76' lang='grc' dir='ltr'><strong>Α’ύται</strong></span> <span class='ocrx_word' id='word_1_157' title='bbox 1529 416 1559 443; x_wconf 78' lang='grc' dir='ltr'><strong>δὲ</strong></span> <span class='ocrx_word' id='word_1_158' title='bbox 1579 416 1608 442; x_wconf 88' lang='grc' dir='ltr'><strong>αἰ</strong></span> <span class='ocrx_word' id='word_1_159' title='bbox 1631 416 1790 443; x_wconf 73' lang='grc' dir='ltr'><strong>εἰκοσιεπτὰ</strong></span> <span class='ocrx_word' id='word_1_160' title='bbox 1807 415 1849 450; x_wconf 87' lang='grc' dir='ltr'><strong>βί-</strong></span> 
     </span>
    </p>
   </div>
   <div class='ocr_carea' id='block_1_25' title="bbox 1053 460 1848 498">
    <p class='ocr_par' dir='ltr' id='par_1_25' title="bbox 1053 460 1848 498">
     <span class='ocr_line' id='line_1_25' title="bbox 1053 460 1848 498; baseline 0 -11"><span class='ocrx_word' id='word_1_161' title='bbox 1053 460 1112 487; x_wconf 81' lang='grc' dir='ltr'><strong>ϐλοι</strong></span> <span class='ocrx_word' id='word_1_162' title='bbox 1134 461 1175 496; x_wconf 76' lang='grc' dir='ltr'><strong>κβ¹</strong></span> <span class='ocrx_word' id='word_1_163' title='bbox 1195 461 1375 497; x_wconf 78' lang='grc' dir='ltr'><strong>ἀριθμοῦνται</strong></span> <span class='ocrx_word' id='word_1_164' title='bbox 1397 462 1467 489; x_wconf 81' lang='grc' dir='ltr'><strong>κατὰ</strong></span> <span class='ocrx_word' id='word_1_165' title='bbox 1493 462 1540 489; x_wconf 81' lang='grc' dir='ltr'><strong>τὸν</strong></span> <span class='ocrx_word' id='word_1_166' title='bbox 1561 461 1677 498; x_wconf 78' lang='grc' dir='ltr'><strong>ἀριθμὸν</strong></span> <span class='ocrx_word' id='word_1_167' title='bbox 1699 461 1754 489; x_wconf 84' lang='grc' dir='ltr'><strong>τῶν</strong></span> <span class='ocrx_word' id='word_1_168' title='bbox 1771 469 1848 488; x_wconf 86' lang='grc' dir='ltr'><strong>στοι-</strong></span> 
     </span>
    </p>
   </div>
   <div class='ocr_carea' id='block_1_26' title="bbox 1053 508 1844 544">
    <p class='ocr_par' dir='ltr' id='par_1_26' title="bbox 1053 508 1844 544">
     <span class='ocr_line' id='line_1_26' title="bbox 1053 508 1844 544; baseline -0.001 -9"><span class='ocrx_word' id='word_1_169' title='bbox 1053 509 1146 543; x_wconf 83' lang='grc' dir='ltr'><strong>χείων,</strong></span> <span class='ocrx_word' id='word_1_170' title='bbox 1165 508 1317 544; x_wconf 79' lang='grc' dir='ltr'><strong>ἐπειδήπερ</strong></span> <span class='ocrx_word' id='word_1_171' title='bbox 1340 509 1388 535; x_wconf 85' lang='grc' dir='ltr'><strong>καὶ</strong></span> <span class='ocrx_word' id='word_1_172' title='bbox 1414 509 1494 536; x_wconf 80' lang='grc' dir='ltr'><strong>πέντε</strong></span> <span class='ocrx_word' id='word_1_173' title='bbox 1520 510 1640 544; x_wconf 79' lang='grc' dir='ltr'><strong>στοιχεῖα</strong></span> <span class='ocrx_word' id='word_1_174' title='bbox 1667 508 1844 543; x_wconf 74' lang='grc' dir='ltr'><strong>διπλοῦνται,</strong></span> 
     </span>
    </p>
   </div>
   <div class='ocr_carea' id='block_1_27' title="bbox 1053 557 1847 593">
    <p class='ocr_par' dir='ltr' id='par_1_27' title="bbox 1053 557 1847 593">
     <span class='ocr_line' id='line_1_27' title="bbox 1053 557 1847 593; baseline -0.003 -9"><span class='ocrx_word' id='word_1_175' title='bbox 1053 557 1146 588; x_wconf 82' lang='grc' dir='ltr'><strong>καθὼς</strong></span> <span class='ocrx_word' id='word_1_176' title='bbox 1163 557 1220 585; x_wconf 77' lang='grc' dir='ltr'><strong>ἄνω</strong></span> <span class='ocrx_word' id='word_1_177' title='bbox 1244 558 1424 593; x_wconf 80' lang='grc' dir='ltr'><strong>προείπομεν.</strong></span> <span class='ocrx_word' id='word_1_178' title='bbox 1446 558 1523 584; x_wconf 86' lang='grc' dir='ltr'><strong>Ἔστι</strong></span> <span class='ocrx_word' id='word_1_179' title='bbox 1543 558 1571 584; x_wconf 83' lang='grc' dir='ltr'><strong>δὲ</strong></span> <span class='ocrx_word' id='word_1_180' title='bbox 1597 557 1644 584; x_wconf 72' lang='lat' dir='ltr'><strong>ml.</strong></span> <span class='ocrx_word' id='word_1_181' title='bbox 1668 557 1737 592; x_wconf 69' lang='grc' dir='ltr'><strong>ἄλλη</strong></span> <span class='ocrx_word' id='word_1_182' title='bbox 1756 560 1847 592; x_wconf 73' lang='grc' dir='ltr'><strong>μικρὰ</strong></span> 
     </span>
    </p>
   </div>
   <div class='ocr_carea' id='block_1_28' title="bbox 1054 602 1847 639">
    <p class='ocr_par' dir='ltr' id='par_1_28' title="bbox 1054 602 1847 639">
     <span class='ocr_line' id='line_1_28' title="bbox 1054 602 1847 639; baseline -0.003 -9"><span class='ocrx_word' id='word_1_183' title='bbox 1054 603 1155 638; x_wconf 79' lang='grc' dir='ltr'><strong>βίϐλος,</strong></span> <span class='ocrx_word' id='word_1_184' title='bbox 1171 603 1188 639; x_wconf 74' lang='grc' dir='ltr'>ἢ</span> <span class='ocrx_word' id='word_1_185' title='bbox 1207 602 1328 630; x_wconf 85' lang='grc' dir='ltr'><strong>καλεῖται</strong></span> <span class='ocrx_word' id='word_1_186' title='bbox 1339 603 1441 632; x_wconf 83' lang='grc' dir='ltr'><strong>Κινὼθ.</strong></span> <span class='ocrx_word' id='word_1_187' title='bbox 1454 603 1516 638; x_wconf 81' lang='grc' dir='ltr'><strong>ἥτις</strong></span> <span class='ocrx_word' id='word_1_188' title='bbox 1535 602 1715 639; x_wconf 77' lang='grc' dir='ltr'><strong>ἑρμηνεύεται</strong></span> <span class='ocrx_word' id='word_1_189' title='bbox 1738 602 1847 637; x_wconf 78' lang='grc' dir='ltr'><strong>Θρῆνος</strong></span> 
     </span>
    </p>
   </div>
   <div class='ocr_carea' id='block_1_29' title="bbox 1059 649 1848 686">
    <p class='ocr_par' dir='ltr' id='par_1_29' title="bbox 1059 649 1848 686">
     <span class='ocr_line' id='line_1_29' title="bbox 1059 649 1848 686; baseline -0.004 -8"><span class='ocrx_word' id='word_1_190' title='bbox 1059 651 1201 686; x_wconf 85' lang='grc' dir='ltr'><strong>Ἰερεμίου.</strong></span> <span class='ocrx_word' id='word_1_191' title='bbox 1224 650 1297 686; x_wconf 74' lang='grc' dir='ltr'><strong>Αὕτη</strong></span> <span class='ocrx_word' id='word_1_192' title='bbox 1321 650 1350 677; x_wconf 86' lang='grc' dir='ltr'><strong>δὲ</strong></span> <span class='ocrx_word' id='word_1_193' title='bbox 1373 650 1413 686; x_wconf 84' lang='grc' dir='ltr'><strong>τῷ</strong></span> <span class='ocrx_word' id='word_1_194' title='bbox 1440 650 1561 686; x_wconf 71' lang='grc' dir='ltr'><strong>Ἱερεμίᾳ.</strong></span> <span class='ocrx_word' id='word_1_195' title='bbox 1587 650 1764 681; x_wconf 74' lang='grc' dir='ltr'><strong>συνάπτεται,</strong></span> <span class='ocrx_word' id='word_1_196' title='bbox 1782 649 1848 684; x_wconf 75' lang='grc' dir='ltr'><strong>ἣτις</strong></span> 
     </span>
    </p>
   </div>
   <div class='ocr_carea' id='block_1_30' title="bbox 1053 695 1846 732">
    <p class='ocr_par' dir='ltr' id='par_1_30' title="bbox 1053 695 1846 732">
     <span class='ocr_line' id='line_1_30' title="bbox 1053 695 1846 732; baseline -0.005 -8"><span class='ocrx_word' id='word_1_197' title='bbox 1053 697 1113 724; x_wconf 73' lang='grc' dir='ltr'><strong>ἐστὶ</strong></span> <span class='ocrx_word' id='word_1_198' title='bbox 1139 696 1257 732; x_wconf 79' lang='grc' dir='ltr'><strong>περισσὴ</strong></span> <span class='ocrx_word' id='word_1_199' title='bbox 1281 695 1329 723; x_wconf 84' lang='grc' dir='ltr'><strong>τοῦ</strong></span> <span class='ocrx_word' id='word_1_200' title='bbox 1356 695 1475 732; x_wconf 77' lang='grc' dir='ltr'><strong>ἀριθμοῦ</strong></span> <span class='ocrx_word' id='word_1_201' title='bbox 1501 696 1550 723; x_wconf 78' lang='grc' dir='ltr'><strong>καὶ</strong></span> <span class='ocrx_word' id='word_1_202' title='bbox 1569 696 1612 732; x_wconf 82' lang='grc' dir='ltr'><strong>τῷ</strong></span> <span class='ocrx_word' id='word_1_203' title='bbox 1635 695 1756 731; x_wconf 74' lang='grc' dir='ltr'><strong>Ἱερεμίᾳ</strong></span> <span class='ocrx_word' id='word_1_204' title='bbox 1783 703 1846 721; x_wconf 86' lang='grc' dir='ltr'><strong>συν-</strong></span> 
     </span>
    </p>
   </div>
   <div class='ocr_carea' id='block_1_31' title="bbox 1053 737 1847 777">
    <p class='ocr_par' dir='ltr' id='par_1_31' title="bbox 1053 737 1847 777">
     <span class='ocr_line' id='line_1_31' title="bbox 1053 737 1847 777; baseline -0.004 -8"><span class='ocrx_word' id='word_1_205' title='bbox 1053 742 1203 777; x_wconf 84' lang='grc' dir='ltr'><strong>απτομένη.</strong></span> <span class='ocrx_word' id='word_1_206' title='bbox 1216 737 1296 769; x_wconf 76' lang='grc' dir='ltr'><strong>Οὗτοι</strong></span> <span class='ocrx_word' id='word_1_207' title='bbox 1315 741 1341 768; x_wconf 80' lang='grc' dir='ltr'><strong>οι</strong></span> <span class='ocrx_word' id='word_1_208' title='bbox 1355 740 1488 768; x_wconf 77' lang='grc' dir='ltr'><strong>εἰκοσιδύο</strong></span> <span class='ocrx_word' id='word_1_209' title='bbox 1510 740 1623 777; x_wconf 79' lang='grc' dir='ltr'><strong>ἀριθμοὶ</strong></span> <span class='ocrx_word' id='word_1_210' title='bbox 1643 740 1784 775; x_wconf 86' lang='grc' dir='ltr'><strong>πανταχοῦ</strong></span> <span class='ocrx_word' id='word_1_211' title='bbox 1799 739 1847 766; x_wconf 78' lang='grc' dir='ltr'><strong>εύ-</strong></span> 
     </span>
    </p>
   </div>
   <div class='ocr_carea' id='block_1_32' title="bbox 1054 786 1843 823">
    <p class='ocr_par' dir='ltr' id='par_1_32' title="bbox 1054 786 1843 823">
     <span class='ocr_line' id='line_1_32' title="bbox 1054 786 1843 823; baseline -0.004 -8"><span class='ocrx_word' id='word_1_212' title='bbox 1054 787 1220 823; x_wconf 78' lang='grc' dir='ltr'><strong>ρισκόμενοι,</strong></span> <span class='ocrx_word' id='word_1_213' title='bbox 1235 787 1284 814; x_wconf 71' lang='grc' dir='ltr'><strong>καὶ</strong></span> <span class='ocrx_word' id='word_1_214' title='bbox 1304 787 1334 813; x_wconf 84' lang='grc' dir='ltr'><strong>ὲν</strong></span> <span class='ocrx_word' id='word_1_215' title='bbox 1354 787 1494 823; x_wconf 75' lang='grc' dir='ltr'><strong>διαφόροις</strong></span> <span class='ocrx_word' id='word_1_216' title='bbox 1513 787 1612 814; x_wconf 84' lang='grc' dir='ltr'><strong>εῐδεσιν</strong></span> <span class='ocrx_word' id='word_1_217' title='bbox 1634 786 1843 822; x_wconf 84' lang='grc' dir='ltr'><strong>ἀριθμούμενοι,</strong></span> 
     </span>
    </p>
   </div>
   <div class='ocr_carea' id='block_1_33' title="bbox 1053 829 1846 868">
    <p class='ocr_par' dir='ltr' id='par_1_33' title="bbox 1053 829 1846 868">
     <span class='ocr_line' id='line_1_33' title="bbox 1053 829 1846 868; baseline -0.003 -8"><span class='ocrx_word' id='word_1_218' title='bbox 1053 833 1082 860; x_wconf 75' lang='grc' dir='ltr'><strong>ιν</strong></span> <span class='ocrx_word' id='word_1_219' title='bbox 1092 842 1122 860; x_wconf 85' lang='grc' dir='ltr'><strong>τε</strong></span> <span class='ocrx_word' id='word_1_220' title='bbox 1140 834 1197 864; x_wconf 81' lang='grc' dir='ltr'><strong>τοῖς</strong></span> <span class='ocrx_word' id='word_1_221' title='bbox 1212 831 1346 859; x_wconf 71' lang='grc' dir='ltr'><strong>εἰκοσιδύο</strong></span> <span class='ocrx_word' id='word_1_222' title='bbox 1366 832 1466 868; x_wconf 77' lang='grc' dir='ltr'><strong>ἔργοις,</strong></span> <span class='ocrx_word' id='word_1_223' title='bbox 1484 829 1525 863; x_wconf 81' lang='grc' dir='ltr'><strong>οἷς</strong></span> <span class='ocrx_word' id='word_1_224' title='bbox 1547 832 1675 867; x_wconf 72' lang='grc' dir='ltr'><strong>ἐποίησεν</strong></span> <span class='ocrx_word' id='word_1_225' title='bbox 1697 832 1711 858; x_wconf 82' lang='grc' dir='ltr'><strong>ὁ</strong></span> <span class='ocrx_word' id='word_1_226' title='bbox 1731 831 1799 863; x_wconf 83' lang='grc' dir='ltr'><strong>Θεδς</strong></span> <span class='ocrx_word' id='word_1_227' title='bbox 1815 832 1846 858; x_wconf 78' lang='grc' dir='ltr'><strong>ὲν</strong></span> 
     </span>
    </p>
   </div>
   <div class='ocr_carea' id='block_1_34' title="bbox 212 875 1002 915">
    <p class='ocr_par' dir='ltr' id='par_1_34' title="bbox 212 875 1002 914">
     <span class='ocr_line' id='line_1_34' title="bbox 212 875 1002 914; baseline 0.004 -11"><span class='ocrx_word' id='word_1_228' title='bbox 212 876 325 904; x_wconf 80' lang='lat' dir='ltr'><strong>cedunt.</strong></span> <span class='ocrx_word' id='word_1_229' title='bbox 343 875 410 904; x_wconf 91' lang='lat' dir='ltr'><strong>Item</strong></span> <span class='ocrx_word' id='word_1_230' title='bbox 434 876 462 904; x_wconf 92' lang='lat' dir='ltr'><strong>in</strong></span> <span class='ocrx_word' id='word_1_231' title='bbox 489 877 586 913; x_wconf 75' lang='lat' dir='ltr'><strong>viginti</strong></span> <span class='ocrx_word' id='word_1_232' title='bbox 617 877 725 906; x_wconf 87' lang='lat' dir='ltr'><strong>duabus</strong></span> <span class='ocrx_word' id='word_1_233' title='bbox 746 878 846 906; x_wconf 84' lang='lat' dir='ltr'><strong>litteris</strong></span> <span class='ocrx_word' id='word_1_234' title='bbox 868 879 903 906; x_wconf 89' lang='lat' dir='ltr'><strong>ab</strong></span> <span class='ocrx_word' id='word_1_235' title='bbox 923 878 1002 914; x_wconf 89' lang='lat' dir='ltr'><strong>aleph</strong></span> 
     </span>
    </p>
   </div>
   <div class='ocr_carea' id='block_1_35' title="bbox 1054 875 1846 915">
    <p class='ocr_par' dir='ltr' id='par_1_35' title="bbox 1054 878 1846 915">
     <span class='ocr_line' id='line_1_35' title="bbox 1054 878 1846 915; baseline -0.001 -9"><span class='ocrx_word' id='word_1_236' title='bbox 1054 880 1112 911; x_wconf 73' lang='grc' dir='ltr'><strong>ταῖς</strong></span> <span class='ocrx_word' id='word_1_237' title='bbox 1129 878 1158 911; x_wconf 72' lang='grc' dir='ltr'><strong>ἓξ</strong></span> <span class='ocrx_word' id='word_1_238' title='bbox 1178 879 1296 915; x_wconf 78' lang='grc' dir='ltr'><strong>ἡμέραις</strong></span> <span class='ocrx_word' id='word_1_239' title='bbox 1310 879 1360 914; x_wconf 85' lang='grc' dir='ltr'><strong>τῆς</strong></span> <span class='ocrx_word' id='word_1_240' title='bbox 1375 878 1568 914; x_wconf 85' lang='grc' dir='ltr'><strong>κοσμοποιίας,</strong></span> <span class='ocrx_word' id='word_1_241' title='bbox 1589 878 1636 906; x_wconf 80' lang='grc' dir='ltr'><strong>καὶ</strong></span> <span class='ocrx_word' id='word_1_242' title='bbox 1657 879 1687 906; x_wconf 81' lang='grc' dir='ltr'><strong>ὲν</strong></span> <span class='ocrx_word' id='word_1_243' title='bbox 1710 879 1846 905; x_wconf 79' lang='grc' dir='ltr'><strong>είκοσιδύο</strong></span> 
     </span>
    </p>
   </div>
   <div class='ocr_carea' id='block_1_36' title="bbox 212 921 1002 959">
    <p class='ocr_par' dir='ltr' id='par_1_36' title="bbox 212 921 1002 959">
     <span class='ocr_line' id='line_1_36' title="bbox 212 921 1002 959; baseline 0.004 -11"><span class='ocrx_word' id='word_1_244' title='bbox 212 922 247 949; x_wconf 84' lang='lat' dir='ltr'><strong>ad</strong></span> <span class='ocrx_word' id='word_1_245' title='bbox 260 922 338 949; x_wconf 86' lang='lat' dir='ltr'><strong>thau.</strong></span> <span class='ocrx_word' id='word_1_246' title='bbox 361 921 505 950; x_wconf 88' lang='lat' dir='ltr'><strong>Postremo</strong></span> <span class='ocrx_word' id='word_1_247' title='bbox 522 922 550 950; x_wconf 88' lang='lat' dir='ltr'><strong>in</strong></span> <span class='ocrx_word' id='word_1_248' title='bbox 567 923 675 951; x_wconf 88' lang='lat' dir='ltr'><strong>duobus</strong></span> <span class='ocrx_word' id='word_1_249' title='bbox 689 928 717 951; x_wconf 88' lang='lat' dir='ltr'><strong>et</strong></span> <span class='ocrx_word' id='word_1_250' title='bbox 732 923 828 959; x_wconf 89' lang='lat' dir='ltr'><strong>viginti</strong></span> <span class='ocrx_word' id='word_1_251' title='bbox 851 924 941 956; x_wconf 85' lang='lat' dir='ltr'><strong>libris,</strong></span> <span class='ocrx_word' id='word_1_252' title='bbox 954 924 1002 959; x_wconf 91' lang='lat' dir='ltr'><strong>qui</strong></span> 
     </span>
    </p>
   </div>
   <div class='ocr_carea' id='block_1_37' title="bbox 212 966 1002 1004">
    <p class='ocr_par' dir='ltr' id='par_1_37' title="bbox 212 966 1002 1004">
     <span class='ocr_line' id='line_1_37' title="bbox 212 966 1002 1004; baseline 0.004 -10"><span class='ocrx_word' id='word_1_253' title='bbox 212 967 247 994; x_wconf 86' lang='lat' dir='ltr'><strong>ab</strong></span> <span class='ocrx_word' id='word_1_254' title='bbox 266 966 366 995; x_wconf 87' lang='lat' dir='ltr'><strong>Genesi</strong></span> <span class='ocrx_word' id='word_1_255' title='bbox 381 967 415 994; x_wconf 90' lang='lat' dir='ltr'><strong>ad</strong></span> <span class='ocrx_word' id='word_1_256' title='bbox 432 967 533 996; x_wconf 86' lang='lat' dir='ltr'><strong>Esther</strong></span> <span class='ocrx_word' id='word_1_257' title='bbox 548 976 637 1004; x_wconf 90' lang='lat' dir='ltr'><strong>usque</strong></span> <span class='ocrx_word' id='word_1_258' title='bbox 657 973 817 997; x_wconf 88' lang='lat' dir='ltr'><strong>censentur.</strong></span> <span class='ocrx_word' id='word_1_259' title='bbox 838 969 877 996; x_wconf 87' lang='lat' dir='ltr'><strong>Ita</strong></span> <span class='ocrx_word' id='word_1_260' title='bbox 893 970 1002 998; x_wconf 88' lang='lat' dir='ltr'><strong>modius</strong></span> 
     </span>
    </p>
   </div>
   <div class='ocr_carea' id='block_1_38' title="bbox 211 1013 1000 1053">
    <p class='ocr_par' dir='ltr' id='par_1_38' title="bbox 211 1013 1000 1053">
     <span class='ocr_line' id='line_1_38' title="bbox 211 1013 1000 1053; baseline 0.006 -14"><span class='ocrx_word' id='word_1_261' title='bbox 211 1020 342 1041; x_wconf 89' lang='lat' dir='ltr'><strong>mensura</strong></span> <span class='ocrx_word' id='word_1_262' title='bbox 356 1013 437 1042; x_wconf 86' lang='lat' dir='ltr'><strong>nobis</strong></span> <span class='ocrx_word' id='word_1_263' title='bbox 449 1017 492 1042; x_wconf 87' lang='lat' dir='ltr'><strong>est</strong></span> <span class='ocrx_word' id='word_1_264' title='bbox 512 1015 698 1042; x_wconf 78' lang='lat' dir='ltr'><strong>sextariorum</strong></span> <span class='ocrx_word' id='word_1_265' title='bbox 715 1015 833 1044; x_wconf 92' lang='lat' dir='ltr'><strong>duorum</strong></span> <span class='ocrx_word' id='word_1_266' title='bbox 851 1020 878 1044; x_wconf 84' lang='lat' dir='ltr'><strong>et</strong></span> <span class='ocrx_word' id='word_1_267' title='bbox 895 1016 1000 1053; x_wconf 86' lang='lat' dir='ltr'><strong>viginti.</strong></span> 
     </span>
    </p>
   </div>
   <div class='ocr_carea' id='block_1_39' title="bbox 212 1059 1001 1100">
    <p class='ocr_par' dir='ltr' id='par_1_39' title="bbox 212 1059 1001 1100">
     <span class='ocr_line' id='line_1_39' title="bbox 212 1059 1001 1100; baseline 0.006 -13"><span class='ocrx_word' id='word_1_268' title='bbox 212 1060 299 1094; x_wconf 81' lang='lat' dir='ltr'><strong>Quem</strong></span> <span class='ocrx_word' id='word_1_269' title='bbox 311 1059 417 1088; x_wconf 73' lang='lat' dir='ltr'><strong>Hebraei</strong></span> <span class='ocrx_word' id='word_1_270' title='bbox 428 1061 508 1090; x_wconf 89' lang='lat' dir='ltr'><strong>mode</strong></span> <span class='ocrx_word' id='word_1_271' title='bbox 524 1066 633 1093; x_wconf 81' lang='lat' dir='ltr'><strong>vocant,</strong></span> <span class='ocrx_word' id='word_1_272' title='bbox 648 1061 923 1100; x_wconf 65' lang='lat' dir='ltr'><strong>Graeciexpeditioris</strong></span> <span class='ocrx_word' id='word_1_273' title='bbox 938 1071 1001 1099; x_wconf 88' lang='lat' dir='ltr'><strong>pro-</strong></span> 
     </span>
    </p>
   </div>
   <div class='ocr_carea' id='block_1_40' title="bbox 211 1107 1001 1145">
    <p class='ocr_par' dir='ltr' id='par_1_40' title="bbox 211 1107 1001 1145">
     <span class='ocr_line' id='line_1_40' title="bbox 211 1107 1001 1145; baseline 0.005 -12"><span class='ocrx_word' id='word_1_274' title='bbox 211 1107 393 1135; x_wconf 84' lang='lat' dir='ltr'><strong>nuntiationis</strong></span> <span class='ocrx_word' id='word_1_275' title='bbox 408 1108 507 1143; x_wconf 82' lang='lat' dir='ltr'><strong>gratia,</strong></span> <span class='ocrx_word' id='word_1_276' title='bbox 523 1108 624 1136; x_wconf 80' lang='lat' dir='ltr'><strong>modia.</strong></span> <span class='ocrx_word' id='word_1_277' title='bbox 639 1108 714 1137; x_wconf 93' lang='lat' dir='ltr'><strong>ldem</strong></span> <span class='ocrx_word' id='word_1_278' title='bbox 729 1113 756 1137; x_wconf 90' lang='lat' dir='ltr'><strong>et</strong></span> <span class='ocrx_word' id='word_1_279' title='bbox 768 1109 840 1144; x_wconf 89' lang='lat' dir='ltr'><strong>apud</strong></span> <span class='ocrx_word' id='word_1_280' title='bbox 856 1109 1001 1145; x_wconf 69' lang='lat' dir='ltr'><strong>Egyptios</strong></span> 
     </span>
    </p>
   </div>
   <div class='ocr_carea' id='block_1_41' title="bbox 211 1154 1000 1190">
    <p class='ocr_par' dir='ltr' id='par_1_41' title="bbox 211 1154 1000 1190">
     <span class='ocr_line' id='line_1_41' title="bbox 211 1154 1000 1190; baseline 0.004 -10"><span class='ocrx_word' id='word_1_281' title='bbox 211 1161 312 1181; x_wconf 84' lang='lat' dir='ltr'><strong>nomen</strong></span> <span class='ocrx_word' id='word_1_282' title='bbox 329 1158 387 1186; x_wconf 84' lang='lat' dir='ltr'><strong>est;</strong></span> <span class='ocrx_word' id='word_1_283' title='bbox 411 1154 460 1182; x_wconf 83' lang='lat' dir='ltr'><strong>sed</strong></span> <span class='ocrx_word' id='word_1_284' title='bbox 475 1158 502 1182; x_wconf 90' lang='lat' dir='ltr'><strong>et</strong></span> <span class='ocrx_word' id='word_1_285' title='bbox 519 1154 592 1190; x_wconf 86' lang='lat' dir='ltr'><strong>Syri,</strong></span> <span class='ocrx_word' id='word_1_286' title='bbox 612 1159 640 1183; x_wconf 91' lang='lat' dir='ltr'><strong>et</strong></span> <span class='ocrx_word' id='word_1_287' title='bbox 655 1155 760 1183; x_wconf 83' lang='lat' dir='ltr'><strong>Arabes</strong></span> <span class='ocrx_word' id='word_1_288' title='bbox 774 1155 866 1183; x_wconf 88' lang='lat' dir='ltr'><strong>modia</strong></span> <span class='ocrx_word' id='word_1_289' title='bbox 889 1160 1000 1188; x_wconf 89' lang='lat' dir='ltr'><strong>vocant,</strong></span> 
     </span>
    </p>
   </div>
   <div class='ocr_carea' id='block_1_42' title="bbox 212 1200 1001 1239">
    <p class='ocr_par' dir='ltr' id='par_1_42' title="bbox 212 1200 1001 1239">
     <span class='ocr_line' id='line_1_42' title="bbox 212 1200 1001 1239; baseline 0.004 -13"><span class='ocrx_word' id='word_1_290' title='bbox 212 1201 286 1239; x_wconf 91' lang='lat' dir='ltr'><strong>quod</strong></span> <span class='ocrx_word' id='word_1_291' title='bbox 309 1200 501 1235; x_wconf 74' lang='lat' dir='ltr'><strong>confessionem</strong></span> <span class='ocrx_word' id='word_1_292' title='bbox 524 1201 671 1237; x_wconf 88' lang='lat' dir='ltr'><strong>signiﬁcat.</strong></span> <span class='ocrx_word' id='word_1_293' title='bbox 690 1201 767 1237; x_wconf 77' lang='lat'><strong>181</strong></span> <span class='ocrx_word' id='word_1_294' title='bbox 785 1201 854 1229; x_wconf 88' lang='lat' dir='ltr'><strong>Nam</strong></span> <span class='ocrx_word' id='word_1_295' title='bbox 871 1201 1001 1236; x_wconf 88' lang='lat' dir='ltr'><strong>impletus</strong></span> 
     </span>
    </p>
   </div>
   <div class='ocr_carea' id='block_1_43' title="bbox 212 1245 1001 1281">
    <p class='ocr_par' dir='ltr' id='par_1_43' title="bbox 212 1245 1001 1281">
     <span class='ocr_line' id='line_1_43' title="bbox 212 1245 1001 1281; baseline 0.003 -9"><span class='ocrx_word' id='word_1_296' title='bbox 212 1245 322 1273; x_wconf 86' lang='lat' dir='ltr'><strong>modius</strong></span> <span class='ocrx_word' id='word_1_297' title='bbox 332 1246 442 1281; x_wconf 89' lang='lat' dir='ltr'><strong>plenum</strong></span> <span class='ocrx_word' id='word_1_298' title='bbox 458 1253 488 1274; x_wconf 92' lang='lat' dir='ltr'><strong>se</strong></span> <span class='ocrx_word' id='word_1_299' title='bbox 502 1253 564 1274; x_wconf 86' lang='lat' dir='ltr'><strong>esse</strong></span> <span class='ocrx_word' id='word_1_300' title='bbox 577 1246 736 1275; x_wconf 83' lang='lat' dir='ltr'><strong>conﬁtetur.</strong></span> <span class='ocrx_word' id='word_1_301' title='bbox 747 1246 820 1275; x_wconf 85' lang='lat' dir='ltr'><strong>Idem</strong></span> <span class='ocrx_word' id='word_1_302' title='bbox 834 1251 861 1274; x_wconf 89' lang='lat' dir='ltr'><strong>et</strong></span> <span class='ocrx_word' id='word_1_303' title='bbox 875 1246 1001 1274; x_wconf 84' lang='lat' dir='ltr'><strong>Gnomon</strong></span> 
     </span>
    </p>
   </div>
   <div class='ocr_carea' id='block_1_44' title="bbox 213 1290 374 1331">
    <p class='ocr_par' dir='ltr' id='par_1_44' title="bbox 213 1290 374 1331">
     <span class='ocr_line' id='line_1_44' title="bbox 213 1290 374 1331; baseline -0.012 -13"><span class='ocrx_word' id='word_1_304' title='bbox 213 1290 374 1331; x_wconf 81' lang='lat' dir='ltr'><strong>appellatur.</strong></span> 
     </span>
    </p>
   </div>
   <div class='ocr_carea' id='block_1_45' title="bbox 247 1434 1015 1473">
    <p class='ocr_par' dir='ltr' id='par_1_45' title="bbox 247 1434 1015 1473">
     <span class='ocr_line' id='line_1_45' title="bbox 247 1434 1015 1473; baseline 0.004 -11"><span class='ocrx_word' id='word_1_305' title='bbox 247 1434 344 1464; x_wconf 73' lang='lat' dir='ltr'><strong>XXIV.</strong></span> <span class='ocrx_word' id='word_1_306' title='bbox 363 1435 498 1464; x_wconf 76' lang='lat' dir='ltr'><strong>Caeterum</strong></span> <span class='ocrx_word' id='word_1_307' title='bbox 515 1443 648 1465; x_wconf 88' lang='lat' dir='ltr'><strong>numerus</strong></span> <span class='ocrx_word' id='word_1_308' title='bbox 669 1436 715 1464; x_wconf 90' lang='lat' dir='ltr'><strong>ille</strong></span> <span class='ocrx_word' id='word_1_309' title='bbox 733 1436 850 1464; x_wconf 91' lang='lat' dir='ltr'><strong>duorum</strong></span> <span class='ocrx_word' id='word_1_310' title='bbox 886 1443 1015 1473; x_wconf 89' lang='lat' dir='ltr'><strong>operum_</strong></span> 
     </span>
    </p>
   </div>
   <div class='ocr_carea' id='block_1_46' title="bbox 213 1481 1002 1518">
    <p class='ocr_par' dir='ltr' id='par_1_46' title="bbox 213 1481 1002 1518">
     <span class='ocr_line' id='line_1_46' title="bbox 213 1481 1002 1518; baseline 0 -8"><span class='ocrx_word' id='word_1_311' title='bbox 213 1487 240 1510; x_wconf 84' lang='lat' dir='ltr'><strong>et</strong></span> <span class='ocrx_word' id='word_1_312' title='bbox 251 1481 358 1518; x_wconf 83' lang='lat' dir='ltr'><strong>viginti,</strong></span> <span class='ocrx_word' id='word_1_313' title='bbox 377 1489 438 1517; x_wconf 71' lang='lat' dir='ltr'><strong>qua:</strong></span> <span class='ocrx_word' id='word_1_314' title='bbox 460 1481 532 1509; x_wconf 87' lang='lat' dir='ltr'><strong>Deus</strong></span> <span class='ocrx_word' id='word_1_315' title='bbox 550 1482 629 1510; x_wconf 88' lang='lat' dir='ltr'><strong>initio</strong></span> <span class='ocrx_word' id='word_1_316' title='bbox 643 1482 755 1510; x_wconf 91' lang='lat' dir='ltr'><strong>molitus</strong></span> <span class='ocrx_word' id='word_1_317' title='bbox 770 1486 823 1515; x_wconf 89' lang='lat' dir='ltr'><strong>est,</strong></span> <span class='ocrx_word' id='word_1_318' title='bbox 843 1486 902 1510; x_wconf 89' lang='lat' dir='ltr'><strong>tum</strong></span> <span class='ocrx_word' id='word_1_319' title='bbox 919 1490 1002 1518; x_wconf 83' lang='lat' dir='ltr'><strong>gene-</strong></span> 
     </span>
    </p>
   </div>
   <div class='ocr_carea' id='block_1_47' title="bbox 213 1527 1000 1565">
    <p class='ocr_par' dir='ltr' id='par_1_47' title="bbox 213 1527 1000 1565">
     <span class='ocr_line' id='line_1_47' title="bbox 213 1527 1000 1565; baseline 0.003 -10"><span class='ocrx_word' id='word_1_320' title='bbox 213 1528 351 1556; x_wconf 79' lang='lat' dir='ltr'><strong>rationum</strong></span> <span class='ocrx_word' id='word_1_321' title='bbox 369 1528 491 1561; x_wconf 85' lang='lat' dir='ltr'><strong>totidem,</strong></span> <span class='ocrx_word' id='word_1_322' title='bbox 506 1536 567 1564; x_wconf 77' lang='lat' dir='ltr'><strong>quae</strong></span> <span class='ocrx_word' id='word_1_323' title='bbox 585 1528 620 1556; x_wconf 91' lang='lat' dir='ltr'><strong>ad</strong></span> <span class='ocrx_word' id='word_1_324' title='bbox 640 1527 773 1556; x_wconf 74' lang='lat' dir='ltr'><strong>Iacobum</strong></span> <span class='ocrx_word' id='word_1_325' title='bbox 797 1536 884 1565; x_wconf 89' lang='lat' dir='ltr'><strong>usque</strong></span> <span class='ocrx_word' id='word_1_326' title='bbox 901 1536 1000 1565; x_wconf 84' lang='lat' dir='ltr'><strong>propa-</strong></span> 
     </span>
    </p>
   </div>
   <div class='ocr_carea' id='block_1_48' title="bbox 213 1573 1002 1611">
    <p class='ocr_par' dir='ltr' id='par_1_48' title="bbox 213 1573 1002 1611">
     <span class='ocr_line' id='line_1_48' title="bbox 213 1573 1002 1611; baseline 0.005 -12"><span class='ocrx_word' id='word_1_327' title='bbox 213 1578 283 1608; x_wconf 80' lang='lat' dir='ltr'><strong>gatae</strong></span> <span class='ocrx_word' id='word_1_328' title='bbox 305 1578 380 1611; x_wconf 66' lang='lat' dir='ltr'><strong>sunt,</strong></span> <span class='ocrx_word' id='word_1_329' title='bbox 402 1578 430 1601; x_wconf 86' lang='lat' dir='ltr'><strong>et</strong></span> <span class='ocrx_word' id='word_1_330' title='bbox 449 1573 545 1609; x_wconf 84' lang='lat' dir='ltr'><strong>viginti</strong></span> <span class='ocrx_word' id='word_1_331' title='bbox 564 1573 680 1602; x_wconf 86' lang='lat' dir='ltr'><strong>duorum</strong></span> <span class='ocrx_word' id='word_1_332' title='bbox 700 1575 832 1603; x_wconf 87' lang='lat' dir='ltr'><strong>librorum</strong></span> <span class='ocrx_word' id='word_1_333' title='bbox 849 1575 883 1602; x_wconf 90' lang='lat' dir='ltr'><strong>ad</strong></span> <span class='ocrx_word' id='word_1_334' title='bbox 903 1575 1002 1603; x_wconf 82' lang='lat' dir='ltr'><strong>Esther</strong></span> 
     </span>
    </p>
   </div>
   <div class='ocr_carea' id='block_1_49' title="bbox 214 1619 1001 1657">
    <p class='ocr_par' dir='ltr' id='par_1_49' title="bbox 214 1619 1001 1657">
     <span class='ocr_line' id='line_1_49' title="bbox 214 1619 1001 1657; baseline 0.004 -11"><span class='ocrx_word' id='word_1_335' title='bbox 214 1627 312 1654; x_wconf 88' lang='lat' dir='ltr'><strong>usque,</strong></span> <span class='ocrx_word' id='word_1_336' title='bbox 328 1627 359 1646; x_wconf 90' lang='lat' dir='ltr'><strong>ac</strong></span> <span class='ocrx_word' id='word_1_337' title='bbox 371 1619 522 1647; x_wconf 86' lang='lat' dir='ltr'><strong>litterarum</strong></span> <span class='ocrx_word' id='word_1_338' title='bbox 532 1619 629 1657; x_wconf 83' lang='lat' dir='ltr'><strong>viginti</strong></span> <span class='ocrx_word' id='word_1_339' title='bbox 643 1620 772 1654; x_wconf 89' lang='lat' dir='ltr'><strong>duarum,</strong></span> <span class='ocrx_word' id='word_1_340' title='bbox 783 1621 884 1656; x_wconf 87' lang='lat' dir='ltr'><strong>quibus</strong></span> <span class='ocrx_word' id='word_1_341' title='bbox 898 1621 947 1649; x_wconf 89' lang='lat' dir='ltr'><strong>Dei</strong></span> <span class='ocrx_word' id='word_1_342' title='bbox 958 1621 1001 1650; x_wconf 81' lang='lat' dir='ltr'><strong>lex</strong></span> 
     </span>
    </p>
   </div>
   <div class='ocr_carea' id='block_1_50' title="bbox 213 1665 1002 1703">
    <p class='ocr_par' dir='ltr' id='par_1_50' title="bbox 213 1665 1002 1703">
     <span class='ocr_line' id='line_1_50' title="bbox 213 1665 1002 1703; baseline 0.003 -11"><span class='ocrx_word' id='word_1_343' title='bbox 213 1665 377 1700; x_wconf 81' lang='lat' dir='ltr'><strong>consignata</strong></span> <span class='ocrx_word' id='word_1_344' title='bbox 402 1665 482 1694; x_wconf 85' lang='lat' dir='ltr'><strong>nobis</strong></span> <span class='ocrx_word' id='word_1_345' title='bbox 505 1670 559 1699; x_wconf 91' lang='lat' dir='ltr'><strong>est,</strong></span> <span class='ocrx_word' id='word_1_346' title='bbox 586 1674 618 1695; x_wconf 89' lang='lat' dir='ltr'><strong>ac</strong></span> <span class='ocrx_word' id='word_1_347' title='bbox 644 1666 694 1695; x_wconf 90' lang='lat' dir='ltr'><strong>Dei</strong></span> <span class='ocrx_word' id='word_1_348' title='bbox 715 1668 834 1703; x_wconf 88' lang='lat' dir='ltr'><strong>primum</strong></span> <span class='ocrx_word' id='word_1_349' title='bbox 855 1667 1002 1695; x_wconf 82' lang='lat' dir='ltr'><strong>informata</strong></span> 
     </span>
    </p>
   </div>
   <div class='ocr_carea' id='block_1_51' title="bbox 213 1710 1001 1747">
    <p class='ocr_par' dir='ltr' id='par_1_51' title="bbox 213 1710 1001 1747">
     <span class='ocr_line' id='line_1_51' title="bbox 213 1710 1001 1747; baseline 0.004 -10"><span class='ocrx_word' id='word_1_350' title='bbox 213 1710 350 1742; x_wconf 84' lang='lat' dir='ltr'><strong>doctrina,</strong></span> <span class='ocrx_word' id='word_1_351' title='bbox 369 1710 436 1739; x_wconf 92' lang='lat' dir='ltr'><strong>illud</strong></span> <span class='ocrx_word' id='word_1_352' title='bbox 451 1711 540 1747; x_wconf 89' lang='lat' dir='ltr'><strong>ipsum</strong></span> <span class='ocrx_word' id='word_1_353' title='bbox 555 1711 711 1747; x_wconf 80' lang='lat' dir='ltr'><strong>signiﬁcare</strong></span> <span class='ocrx_word' id='word_1_354' title='bbox 723 1711 839 1744; x_wconf 79' lang='lat' dir='ltr'><strong>videtur,</strong></span> <span class='ocrx_word' id='word_1_355' title='bbox 854 1716 1001 1740; x_wconf 82' lang='lat' dir='ltr'><strong>venturum</strong></span> 
     </span>
    </p>
   </div>
   <div class='ocr_carea' id='block_1_52' title="bbox 213 1755 1002 1796">
    <p class='ocr_par' dir='ltr' id='par_1_52' title="bbox 213 1755 1002 1796">
     <span class='ocr_line' id='line_1_52' title="bbox 213 1755 1002 1796; baseline 0.003 -12"><span class='ocrx_word' id='word_1_356' title='bbox 213 1755 279 1785; x_wconf 91' lang='lat' dir='ltr'><strong>olim</strong></span> <span class='ocrx_word' id='word_1_357' title='bbox 299 1756 451 1789; x_wconf 86' lang='lat' dir='ltr'><strong>Christum,</strong></span> <span class='ocrx_word' id='word_1_358' title='bbox 475 1757 544 1794; x_wconf 89' lang='lat' dir='ltr'><strong>legis</strong></span> <span class='ocrx_word' id='word_1_359' title='bbox 568 1757 683 1793; x_wconf 88' lang='lat' dir='ltr'><strong>ejusque</strong></span> <span class='ocrx_word' id='word_1_360' title='bbox 707 1758 902 1796; x_wconf 87' lang='lat' dir='ltr'><strong>mysteriorum</strong></span> <span class='ocrx_word' id='word_1_361' title='bbox 924 1759 1002 1787; x_wconf 84' lang='lat' dir='ltr'><strong>testi-</strong></span> 
     </span>
    </p>
   </div>
   <div class='ocr_carea' id='block_1_53' title="bbox 211 1802 1002 1841">
    <p class='ocr_par' dir='ltr' id='par_1_53' title="bbox 211 1802 1002 1841">
     <span class='ocr_line' id='line_1_53' title="bbox 211 1802 1002 1841; baseline 0.001 -11"><span class='ocrx_word' id='word_1_362' title='bbox 211 1802 306 1831; x_wconf 87' lang='lat' dir='ltr'><strong>monio</strong></span> <span class='ocrx_word' id='word_1_363' title='bbox 324 1802 493 1830; x_wconf 87' lang='lat' dir='ltr'><strong>declaratum</strong></span> <span class='ocrx_word' id='word_1_364' title='bbox 516 1811 588 1836; x_wconf 85' lang='lat' dir='ltr'><strong>esse,</strong></span> <span class='ocrx_word' id='word_1_365' title='bbox 605 1807 687 1840; x_wconf 88' lang='lat' dir='ltr'><strong>atque</strong></span> <span class='ocrx_word' id='word_1_366' title='bbox 708 1804 884 1841; x_wconf 83' lang='lat' dir='ltr'><strong>patefactum.</strong></span> <span class='ocrx_word' id='word_1_367' title='bbox 902 1804 955 1837; x_wconf 84' lang='lat' dir='ltr'><strong>Qui</strong></span> <span class='ocrx_word' id='word_1_368' title='bbox 973 1804 1002 1832; x_wconf 92' lang='lat' dir='ltr'><strong>in</strong></span> 
     </span>
    </p>
   </div>
   <div class='ocr_carea' id='block_1_54' title="bbox 211 1848 1003 1886">
    <p class='ocr_par' dir='ltr' id='par_1_54' title="bbox 211 1848 1003 1886">
     <span class='ocr_line' id='line_1_54' title="bbox 211 1848 1003 1886; baseline 0 -10"><span class='ocrx_word' id='word_1_369' title='bbox 211 1849 286 1886; x_wconf 80' lang='lat' dir='ltr'><strong>hunc</strong></span> <span class='ocrx_word' id='word_1_370' title='bbox 309 1848 442 1880; x_wconf 85' lang='lat' dir='ltr'><strong>mundum</strong></span> <span class='ocrx_word' id='word_1_371' title='bbox 468 1850 582 1878; x_wconf 90' lang='lat' dir='ltr'><strong>veniens</strong></span> <span class='ocrx_word' id='word_1_372' title='bbox 604 1850 666 1878; x_wconf 66' lang='lat' dir='ltr'><strong>vitze</strong></span> <span class='ocrx_word' id='word_1_373' title='bbox 690 1850 769 1878; x_wconf 88' lang='lat' dir='ltr'><strong>nobis</strong></span> <span class='ocrx_word' id='word_1_374' title='bbox 791 1857 949 1878; x_wconf 90' lang='lat' dir='ltr'><strong>mensuram</strong></span> <span class='ocrx_word' id='word_1_375' title='bbox 974 1849 1003 1877; x_wconf 93' lang='lat' dir='ltr'><strong>in</strong></span> 
     </span>
    </p>
   </div>
   <div class='ocr_carea' id='block_1_55' title="bbox 210 1894 1003 1931">
    <p class='ocr_par' dir='ltr' id='par_1_55' title="bbox 210 1894 1003 1931">
     <span class='ocr_line' id='line_1_55' title="bbox 210 1894 1003 1931; baseline 0.001 -9"><span class='ocrx_word' id='word_1_376' title='bbox 210 1894 361 1931; x_wconf 84' lang='lat' dir='ltr'><strong>Evangelio</strong></span> <span class='ocrx_word' id='word_1_377' title='bbox 379 1903 427 1931; x_wconf 90' lang='lat' dir='ltr'><strong>per</strong></span> <span class='ocrx_word' id='word_1_378' title='bbox 442 1896 564 1923; x_wconf 93' lang='lat' dir='ltr'><strong>modium</strong></span> <span class='ocrx_word' id='word_1_379' title='bbox 578 1895 711 1931; x_wconf 82' lang='lat' dir='ltr'><strong>implevit.</strong></span> <span class='ocrx_word' id='word_1_380' title='bbox 725 1896 778 1923; x_wconf 85' lang='lat' dir='ltr'><strong>hoc</strong></span> <span class='ocrx_word' id='word_1_381' title='bbox 792 1899 834 1924; x_wconf 89' lang='lat' dir='ltr'><strong>est</strong></span> <span class='ocrx_word' id='word_1_382' title='bbox 849 1895 1003 1924; x_wconf 78' lang='lat' dir='ltr'><strong>confessio-</strong></span> 
     </span>
    </p>
   </div>
   <div class='ocr_carea' id='block_1_56' title="bbox 210 1941 1001 1977">
    <p class='ocr_par' dir='ltr' id='par_1_56' title="bbox 210 1941 1001 1977">
     <span class='ocr_line' id='line_1_56' title="bbox 210 1941 1001 1977; baseline -0.001 -8"><span class='ocrx_word' id='word_1_383' title='bbox 210 1948 285 1973; x_wconf 84' lang='lat' dir='ltr'><strong>nem,</strong></span> <span class='ocrx_word' id='word_1_384' title='bbox 302 1945 329 1968; x_wconf 88' lang='lat' dir='ltr'><strong>et</strong></span> <span class='ocrx_word' id='word_1_385' title='bbox 352 1941 386 1969; x_wconf 85' lang='lat' dir='ltr'><strong>iis</strong></span> <span class='ocrx_word' id='word_1_386' title='bbox 402 1941 542 1974; x_wconf 86' lang='lat' dir='ltr'><strong>omnibus,</strong></span> <span class='ocrx_word' id='word_1_387' title='bbox 559 1941 606 1977; x_wconf 88' lang='lat' dir='ltr'><strong>qui</strong></span> <span class='ocrx_word' id='word_1_388' title='bbox 627 1941 701 1970; x_wconf 91' lang='lat' dir='ltr'><strong>illius</strong></span> <span class='ocrx_word' id='word_1_389' title='bbox 722 1941 802 1969; x_wconf 88' lang='lat' dir='ltr'><strong>Iidem</strong></span> <span class='ocrx_word' id='word_1_390' title='bbox 827 1941 1001 1976; x_wconf 87' lang='lat' dir='ltr'><strong>proﬁtentur,</strong></span> 
     </span>
    </p>
   </div>
   <div class='ocr_carea' id='block_1_57' title="bbox 212 1987 1003 2022">
    <p class='ocr_par' dir='ltr' id='par_1_57' title="bbox 212 1987 1003 2022">
     <span class='ocr_line' id='line_1_57' title="bbox 212 1987 1003 2022; baseline 0.001 -9"><span class='ocrx_word' id='word_1_391' title='bbox 212 1994 244 2013; x_wconf 83' lang='lat' dir='ltr'><strong>ne</strong></span> <span class='ocrx_word' id='word_1_392' title='bbox 257 1987 340 2014; x_wconf 88' lang='lat' dir='ltr'><strong>vitam</strong></span> <span class='ocrx_word' id='word_1_393' title='bbox 354 1987 414 2022; x_wconf 84' lang='lat' dir='ltr'><strong>ejus</strong></span> <span class='ocrx_word' id='word_1_394' title='bbox 421 1987 776 2022; x_wconf 85' lang='lat' dir='ltr'><strong>beneﬁcioconsequuntur.</strong></span> <span class='ocrx_word' id='word_1_395' title='bbox 790 1987 877 2020; x_wconf 87' lang='lat' dir='ltr'><strong>Quam</strong></span> <span class='ocrx_word' id='word_1_396' title='bbox 889 1987 925 2014; x_wconf 88' lang='lat' dir='ltr'><strong>ob</strong></span> <span class='ocrx_word' id='word_1_397' title='bbox 938 1994 1003 2014; x_wconf 89' lang='lat' dir='ltr'><strong>cau-</strong></span> 
     </span>
    </p>
   </div>
   <div class='ocr_carea' id='block_1_58' title="bbox 211 2032 1001 2069">
    <p class='ocr_par' dir='ltr' id='par_1_58' title="bbox 211 2032 1001 2069">
     <span class='ocr_line' id='line_1_58' title="bbox 211 2032 1001 2069; baseline -0.003 -8"><span class='ocrx_word' id='word_1_398' title='bbox 211 2041 271 2062; x_wconf 83' lang='lat' dir='ltr'><strong>sam</strong></span> <span class='ocrx_word' id='word_1_399' title='bbox 291 2041 426 2062; x_wconf 69' lang='lat' dir='ltr'><strong>mensura:</strong></span> <span class='ocrx_word' id='word_1_400' title='bbox 440 2041 527 2069; x_wconf 78' lang='lat' dir='ltr'><strong>genus</strong></span> <span class='ocrx_word' id='word_1_401' title='bbox 548 2037 675 2061; x_wconf 84' lang='lat' dir='ltr'><strong>sanetum</strong></span> <span class='ocrx_word' id='word_1_402' title='bbox 696 2033 730 2060; x_wconf 89' lang='lat' dir='ltr'><strong>ab</strong></span> <span class='ocrx_word' id='word_1_403' title='bbox 752 2032 874 2060; x_wconf 68' lang='lat' dir='ltr'><strong>Hebrmis</strong></span> <span class='ocrx_word' id='word_1_404' title='bbox 888 2032 1001 2065; x_wconf 88' lang='lat' dir='ltr'><strong>dicitur,</strong></span> 
     </span>
    </p>
   </div>
   <div class='ocr_carea' id='block_1_59' title="bbox 211 2078 1003 2114">
    <p class='ocr_par' dir='ltr' id='par_1_59' title="bbox 211 2078 1003 2114">
     <span class='ocr_line' id='line_1_59' title="bbox 211 2078 1003 2114; baseline -0.001 -8"><span class='ocrx_word' id='word_1_405' title='bbox 211 2079 286 2114; x_wconf 86' lang='lat' dir='ltr'><strong>quod</strong></span> <span class='ocrx_word' id='word_1_406' title='bbox 301 2087 333 2107; x_wconf 82' lang='lat' dir='ltr'><strong>ex</strong></span> <span class='ocrx_word' id='word_1_407' title='bbox 349 2079 440 2108; x_wconf 88' lang='lat' dir='ltr'><strong>allatis</strong></span> <span class='ocrx_word' id='word_1_408' title='bbox 455 2079 609 2107; x_wconf 82' lang='lat' dir='ltr'><strong>rationibus</strong></span> <span class='ocrx_word' id='word_1_409' title='bbox 627 2079 697 2107; x_wconf 88' lang='lat' dir='ltr'><strong>duos</strong></span> <span class='ocrx_word' id='word_1_410' title='bbox 710 2083 738 2106; x_wconf 91' lang='lat' dir='ltr'><strong>et</strong></span> <span class='ocrx_word' id='word_1_411' title='bbox 752 2078 849 2114; x_wconf 75' lang='lat' dir='ltr'><strong>viginti</strong></span> <span class='ocrx_word' id='word_1_412' title='bbox 866 2078 1003 2108; x_wconf 70' lang='lat' dir='ltr'><strong>sextarios</strong></span> 
     </span>
    </p>
   </div>
   <div class='ocr_carea' id='block_1_60' title="bbox 211 2123 1003 2160">
    <p class='ocr_par' dir='ltr' id='par_1_60' title="bbox 211 2123 1003 2160">
     <span class='ocr_line' id='line_1_60' title="bbox 211 2123 1003 2160; baseline -0.004 -7"><span class='ocrx_word' id='word_1_413' title='bbox 211 2125 295 2160; x_wconf 85' lang='lat' dir='ltr'><strong>capit.</strong></span> <span class='ocrx_word' id='word_1_414' title='bbox 310 2124 377 2152; x_wconf 86' lang='lat' dir='ltr'><strong>Nam</strong></span> <span class='ocrx_word' id='word_1_415' title='bbox 395 2125 531 2160; x_wconf 78' lang='lat' dir='ltr'><strong>pleraeque</strong></span> <span class='ocrx_word' id='word_1_416' title='bbox 547 2128 642 2159; x_wconf 73' lang='lat' dir='ltr'><strong>gentes</strong></span> <span class='ocrx_word' id='word_1_417' title='bbox 660 2124 693 2152; x_wconf 88' lang='lat' dir='ltr'><strong>ad</strong></span> <span class='ocrx_word' id='word_1_418' title='bbox 711 2131 771 2151; x_wconf 87' lang='lat' dir='ltr'><strong>eam</strong></span> <span class='ocrx_word' id='word_1_419' title='bbox 788 2131 944 2152; x_wconf 88' lang='lat' dir='ltr'><strong>mensuram</strong></span> <span class='ocrx_word' id='word_1_420' title='bbox 955 2123 1003 2150; x_wconf 89' lang='lat' dir='ltr'><strong>ad-</strong></span> 
     </span>
    </p>
   </div>
   <div class='ocr_carea' id='block_1_61' title="bbox 211 2168 1003 2205">
    <p class='ocr_par' dir='ltr' id='par_1_61' title="bbox 211 2168 1003 2205">
     <span class='ocr_line' id='line_1_61' title="bbox 211 2168 1003 2205; baseline -0.003 -7"><span class='ocrx_word' id='word_1_421' title='bbox 211 2170 341 2202; x_wconf 83' lang='lat' dir='ltr'><strong>diderunt</strong></span> <span class='ocrx_word' id='word_1_422' title='bbox 361 2170 475 2204; x_wconf 82' lang='lat' dir='ltr'><strong>aliquid.</strong></span> <span class='ocrx_word' id='word_1_423' title='bbox 492 2169 535 2197; x_wconf 80' lang='lat' dir='ltr'><strong>vel</strong></span> <span class='ocrx_word' id='word_1_424' title='bbox 548 2169 573 2196; x_wconf 91' lang='lat' dir='ltr'><strong>ei</strong></span> <span class='ocrx_word' id='word_1_425' title='bbox 587 2170 778 2201; x_wconf 78' lang='lat' dir='ltr'><strong>detraxerunt,</strong></span> <span class='ocrx_word' id='word_1_426' title='bbox 791 2177 853 2196; x_wconf 91' lang='lat' dir='ltr'><strong>cum</strong></span> <span class='ocrx_word' id='word_1_427' title='bbox 868 2169 939 2205; x_wconf 87' lang='lat' dir='ltr'><strong>apud</strong></span> <span class='ocrx_word' id='word_1_428' title='bbox 951 2168 1003 2196; x_wconf 86' lang='lat' dir='ltr'><strong>He-</strong></span> 
     </span>
    </p>
   </div>
   <div class='ocr_carea' id='block_1_62' title="bbox 1015 1551 1038 1582">
    <p class='ocr_par' dir='ltr' id='par_1_62' title="bbox 1015 1551 1038 1582">
     <span class='ocr_line' id='line_1_62' title="bbox 1015 1551 1038 1582; baseline 0 0"><span class='ocrx_word' id='word_1_429' title='bbox 1015 1551 1038 1582; x_wconf 83' lang='grc' dir='ltr'><strong>ο</strong></span> 
     </span>
    </p>
   </div>
   <div class='ocr_carea' id='block_1_63' title="bbox 1053 923 1844 960">
    <p class='ocr_par' dir='ltr' id='par_1_63' title="bbox 1053 923 1844 960">
     <span class='ocr_line' id='line_1_63' title="bbox 1053 923 1844 960; baseline -0.001 -9"><span class='ocrx_word' id='word_1_430' title='bbox 1053 926 1160 960; x_wconf 84' lang='grc' dir='ltr'><strong>γενεαῖς</strong></span> <span class='ocrx_word' id='word_1_431' title='bbox 1182 925 1237 951; x_wconf 86' lang='grc' dir='ltr'><strong>ἀπὺ</strong></span> <span class='ocrx_word' id='word_1_432' title='bbox 1264 923 1350 959; x_wconf 81' lang='grc' dir='ltr'><strong>Ἀδὰμ</strong></span> <span class='ocrx_word' id='word_1_433' title='bbox 1370 924 1435 960; x_wconf 78' lang='grc' dir='ltr'><strong>ἄχρι</strong></span> <span class='ocrx_word' id='word_1_434' title='bbox 1455 923 1503 950; x_wconf 80' lang='grc' dir='ltr'><strong>τοῦ</strong></span> <span class='ocrx_word' id='word_1_435' title='bbox 1521 924 1647 960; x_wconf 79' lang='grc' dir='ltr'><strong>Ἰσραὴλ,</strong></span> <span class='ocrx_word' id='word_1_436' title='bbox 1670 924 1718 951; x_wconf 76' lang='grc' dir='ltr'><strong>καὶ</strong></span> <span class='ocrx_word' id='word_1_437' title='bbox 1734 924 1764 951; x_wconf 84' lang='grc' dir='ltr'><strong>ὲν</strong></span> <span class='ocrx_word' id='word_1_438' title='bbox 1786 925 1844 955; x_wconf 79' lang='grc' dir='ltr'><strong>τοῖς</strong></span> 
     </span>
    </p>
   </div>
   <div class='ocr_carea' id='block_1_64' title="bbox 1053 968 1843 1004">
    <p class='ocr_par' dir='ltr' id='par_1_64' title="bbox 1053 968 1843 1004">
     <span class='ocr_line' id='line_1_64' title="bbox 1053 968 1843 1004; baseline -0.001 -7"><span class='ocrx_word' id='word_1_439' title='bbox 1053 969 1187 997; x_wconf 78' lang='grc' dir='ltr'><strong>εἰκοσιδύο</strong></span> <span class='ocrx_word' id='word_1_440' title='bbox 1204 969 1347 1004; x_wconf 82' lang='grc' dir='ltr'><strong>στοιχείοις</strong></span> <span class='ocrx_word' id='word_1_441' title='bbox 1363 969 1418 995; x_wconf 87' lang='grc' dir='ltr'><strong>τῶν</strong></span> <span class='ocrx_word' id='word_1_442' title='bbox 1437 969 1610 1004; x_wconf 80' lang='grc' dir='ltr'><strong>γραμμάτων</strong></span> <span class='ocrx_word' id='word_1_443' title='bbox 1629 968 1684 996; x_wconf 80' lang='grc' dir='ltr'><strong>ἀπὸ</strong></span> <span class='ocrx_word' id='word_1_444' title='bbox 1704 968 1753 996; x_wconf 83' lang='grc' dir='ltr'><strong>τοῦ</strong></span> <span class='ocrx_word' id='word_1_445' title='bbox 1773 971 1843 1002; x_wconf 59' lang='lat' dir='ltr'><strong>ante</strong></span> 
     </span>
    </p>
   </div>
   <div class='ocr_carea' id='block_1_65' title="bbox 1052 1014 1844 1052">
    <p class='ocr_par' dir='ltr' id='par_1_65' title="bbox 1052 1014 1844 1052">
     <span class='ocr_line' id='line_1_65' title="bbox 1052 1014 1844 1052; baseline -0.004 -9"><span class='ocrx_word' id='word_1_446' title='bbox 1052 1016 1117 1052; x_wconf 74' lang='grc' dir='ltr'><strong>ἄχρι</strong></span> <span class='ocrx_word' id='word_1_447' title='bbox 1143 1015 1191 1042; x_wconf 84' lang='grc' dir='ltr'><strong>τοῦ</strong></span> <span class='ocrx_word' id='word_1_448' title='bbox 1218 1014 1281 1048; x_wconf 83' lang='grc' dir='ltr'><strong>θαῦ,</strong></span> <span class='ocrx_word' id='word_1_449' title='bbox 1304 1015 1353 1042; x_wconf 73' lang='grc' dir='ltr'><strong>καὶ</strong></span> <span class='ocrx_word' id='word_1_450' title='bbox 1376 1014 1406 1041; x_wconf 76' lang='grc' dir='ltr'><strong>ὲν</strong></span> <span class='ocrx_word' id='word_1_451' title='bbox 1429 1016 1490 1046; x_wconf 82' lang='grc' dir='ltr'><strong>ταῖς</strong></span> <span class='ocrx_word' id='word_1_452' title='bbox 1516 1014 1558 1050; x_wconf 81' lang='grc' dir='ltr'><strong>κβ¹</strong></span> <span class='ocrx_word' id='word_1_453' title='bbox 1587 1014 1691 1050; x_wconf 89' lang='grc' dir='ltr'><strong>βίϐλοις</strong></span> <span class='ocrx_word' id='word_1_454' title='bbox 1710 1015 1765 1041; x_wconf 74' lang='grc' dir='ltr'><strong>ἀπὸ</strong></span> <span class='ocrx_word' id='word_1_455' title='bbox 1791 1015 1844 1049; x_wconf 79' lang='grc' dir='ltr'><strong>τῆς</strong></span> 
     </span>
    </p>
   </div>
   <div class='ocr_carea' id='block_1_66' title="bbox 1052 1060 1843 1097">
    <p class='ocr_par' dir='ltr' id='par_1_66' title="bbox 1052 1060 1843 1097">
     <span class='ocr_line' id='line_1_66' title="bbox 1052 1060 1843 1097; baseline -0.004 -8"><span class='ocrx_word' id='word_1_456' title='bbox 1052 1063 1188 1094; x_wconf 78' lang='grc' dir='ltr'><strong>Γενέσεως</strong></span> <span class='ocrx_word' id='word_1_457' title='bbox 1202 1061 1266 1097; x_wconf 77' lang='grc' dir='ltr'><strong>ἄχρι</strong></span> <span class='ocrx_word' id='word_1_458' title='bbox 1291 1061 1341 1096; x_wconf 82' lang='grc' dir='ltr'><strong>τῆς</strong></span> <span class='ocrx_word' id='word_1_459' title='bbox 1357 1060 1468 1096; x_wconf 83' lang='grc' dir='ltr'><strong>Ὲσθὴρ,</strong></span> <span class='ocrx_word' id='word_1_460' title='bbox 1485 1060 1584 1096; x_wconf 85' lang='grc' dir='ltr'><strong>μέτρον</strong></span> <span class='ocrx_word' id='word_1_461' title='bbox 1597 1061 1663 1097; x_wconf 79' lang='grc' dir='ltr'><strong>ἡμῖν</strong></span> <span class='ocrx_word' id='word_1_462' title='bbox 1675 1061 1683 1076; x_wconf 76' lang='grc' dir='ltr'>ί</span> <span class='ocrx_word' id='word_1_463' title='bbox 1708 1060 1843 1095; x_wconf 66' lang='grc' dir='ltr'><strong>ἐγενήθη-</strong></span> 
     </span>
    </p>
   </div>
   <div class='ocr_carea' id='block_1_67' title="bbox 1053 1104 1843 1142">
    <p class='ocr_par' dir='ltr' id='par_1_67' title="bbox 1053 1104 1843 1142">
     <span class='ocr_line' id='line_1_67' title="bbox 1053 1104 1843 1142; baseline -0.004 -8"><span class='ocrx_word' id='word_1_464' title='bbox 1053 1116 1103 1134; x_wconf 89' lang='grc' dir='ltr'><strong>σαν</strong></span> <span class='ocrx_word' id='word_1_465' title='bbox 1125 1106 1167 1142; x_wconf 82' lang='grc' dir='ltr'><strong>κβ¹</strong></span> <span class='ocrx_word' id='word_1_466' title='bbox 1195 1106 1313 1140; x_wconf 82' lang='grc' dir='ltr'><strong>ξέστων,</strong></span> <span class='ocrx_word' id='word_1_467' title='bbox 1327 1105 1342 1132; x_wconf 83' lang='grc' dir='ltr'><strong>ὁ</strong></span> <span class='ocrx_word' id='word_1_468' title='bbox 1365 1104 1488 1132; x_wconf 76' lang='grc' dir='ltr'><strong>καλεῖται</strong></span> <span class='ocrx_word' id='word_1_469' title='bbox 1513 1105 1579 1140; x_wconf 80' lang='grc' dir='ltr'><strong>παρ’</strong></span> <span class='ocrx_word' id='word_1_470' title='bbox 1605 1105 1741 1141; x_wconf 84' lang='grc' dir='ltr'><strong>Ἑϐραίοις</strong></span> <span class='ocrx_word' id='word_1_471' title='bbox 1762 1105 1843 1140; x_wconf 79' lang='grc' dir='ltr'><strong>μόδη,</strong></span> 
     </span>
    </p>
   </div>
   <div class='ocr_carea' id='block_1_68' title="bbox 1053 1150 1843 1188">
    <p class='ocr_par' dir='ltr' id='par_1_68' title="bbox 1053 1150 1843 1188">
     <span class='ocr_line' id='line_1_68' title="bbox 1053 1150 1843 1188; baseline -0.003 -9"><span class='ocrx_word' id='word_1_472' title='bbox 1053 1153 1118 1188; x_wconf 80' lang='grc' dir='ltr'><strong>παρ’</strong></span> <span class='ocrx_word' id='word_1_473' title='bbox 1130 1152 1245 1187; x_wconf 85' lang='grc' dir='ltr'><strong>Ἕλλησι</strong></span> <span class='ocrx_word' id='word_1_474' title='bbox 1266 1151 1296 1178; x_wconf 80' lang='grc' dir='ltr'><strong>δὲ</strong></span> <span class='ocrx_word' id='word_1_475' title='bbox 1313 1151 1410 1186; x_wconf 87' lang='grc' dir='ltr'><strong>μὸδια,</strong></span> <span class='ocrx_word' id='word_1_476' title='bbox 1427 1150 1471 1178; x_wconf 87' lang='grc' dir='ltr'><strong>διὰ</strong></span> <span class='ocrx_word' id='word_1_477' title='bbox 1492 1151 1543 1186; x_wconf 83' lang='grc' dir='ltr'><strong>τὴν</strong></span> <span class='ocrx_word' id='word_1_478' title='bbox 1561 1151 1730 1186; x_wconf 79' lang='grc' dir='ltr'><strong>τρανότητα·</strong></span> <span class='ocrx_word' id='word_1_479' title='bbox 1749 1159 1843 1186; x_wconf 85' lang='grc' dir='ltr'><strong>παρα-</strong></span> 
     </span>
    </p>
   </div>
   <div class='ocr_carea' id='block_1_69' title="bbox 1053 1196 1843 1233">
    <p class='ocr_par' dir='ltr' id='par_1_69' title="bbox 1053 1196 1843 1233">
     <span class='ocr_line' id='line_1_69' title="bbox 1053 1196 1843 1233; baseline -0.003 -8"><span class='ocrx_word' id='word_1_480' title='bbox 1053 1198 1176 1233; x_wconf 82' lang='grc' dir='ltr'><strong>πλησίως</strong></span> <span class='ocrx_word' id='word_1_481' title='bbox 1193 1197 1221 1224; x_wconf 84' lang='grc' dir='ltr'><strong>δὲ</strong></span> <span class='ocrx_word' id='word_1_482' title='bbox 1236 1197 1284 1224; x_wconf 76' lang='grc' dir='ltr'><strong>καὶ</strong></span> <span class='ocrx_word' id='word_1_483' title='bbox 1304 1197 1449 1231; x_wconf 79' lang='grc' dir='ltr'><strong>Αἰγύπτιοι</strong></span> <span class='ocrx_word' id='word_1_484' title='bbox 1475 1196 1525 1232; x_wconf 88' lang='grc' dir='ltr'><strong>μέν</strong></span> <span class='ocrx_word' id='word_1_485' title='bbox 1538 1205 1580 1223; x_wconf 88' lang='grc' dir='ltr'><strong>τοι</strong></span> <span class='ocrx_word' id='word_1_486' title='bbox 1596 1196 1676 1224; x_wconf 79' lang='grc' dir='ltr'><strong>τοῦτο</strong></span> <span class='ocrx_word' id='word_1_487' title='bbox 1695 1196 1825 1224; x_wconf 78' lang='grc' dir='ltr'><strong>καλοῦσιν</strong></span> <span class='ocrx_word' id='word_1_488' title='bbox 1836 1206 1843 1214; x_wconf 93' lang='grc'><strong>·</strong></span> 
     </span>
    </p>
   </div>
   <div class='ocr_carea' id='block_1_70' title="bbox 1052 1242 1842 1279">
    <p class='ocr_par' dir='ltr' id='par_1_70' title="bbox 1052 1242 1842 1279">
     <span class='ocr_line' id='line_1_70' title="bbox 1052 1242 1842 1279; baseline -0.001 -9"><span class='ocrx_word' id='word_1_489' title='bbox 1052 1243 1153 1278; x_wconf 80' lang='grc' dir='ltr'><strong>ὁμοίως</strong></span> <span class='ocrx_word' id='word_1_490' title='bbox 1165 1242 1194 1269; x_wconf 65' lang='grc' dir='ltr'><strong>δὲ</strong></span> <span class='ocrx_word' id='word_1_491' title='bbox 1213 1243 1260 1269; x_wconf 80' lang='grc' dir='ltr'><strong>καὶ</strong></span> <span class='ocrx_word' id='word_1_492' title='bbox 1277 1242 1369 1278; x_wconf 84' lang='grc' dir='ltr'><strong>Σύροι,</strong></span> <span class='ocrx_word' id='word_1_493' title='bbox 1397 1243 1446 1270; x_wconf 78' lang='grc' dir='ltr'><strong>καὶ</strong></span> <span class='ocrx_word' id='word_1_494' title='bbox 1469 1243 1590 1279; x_wconf 82' lang='grc' dir='ltr'><strong>Ἀραϐες</strong></span> <span class='ocrx_word' id='word_1_495' title='bbox 1608 1243 1687 1278; x_wconf 84' lang='grc' dir='ltr'><strong>μόδια</strong></span> <span class='ocrx_word' id='word_1_496' title='bbox 1705 1243 1842 1277; x_wconf 85' lang='grc' dir='ltr'><strong>λέγουσιν,</strong></span> 
     </span>
    </p>
   </div>
   <div class='ocr_carea' id='block_1_71' title="bbox 1052 1288 1843 1324">
    <p class='ocr_par' dir='ltr' id='par_1_71' title="bbox 1052 1288 1843 1324">
     <span class='ocr_line' id='line_1_71' title="bbox 1052 1288 1843 1324; baseline 0 -9"><span class='ocrx_word' id='word_1_497' title='bbox 1052 1288 1067 1315; x_wconf 83' lang='grc' dir='ltr'><strong>δ</strong></span> <span class='ocrx_word' id='word_1_498' title='bbox 1097 1288 1279 1324; x_wconf 79' lang='grc' dir='ltr'><strong>ἑρμηνεύεται</strong></span> <span class='ocrx_word' id='word_1_499' title='bbox 1302 1289 1455 1324; x_wconf 63' lang='grc' dir='ltr'><strong>ὁμολογία.</strong></span> <span class='ocrx_word' id='word_1_500' title='bbox 1485 1288 1643 1324; x_wconf 81' lang='grc' dir='ltr'><strong>Πληρωθεὶς</strong></span> <span class='ocrx_word' id='word_1_501' title='bbox 1673 1288 1727 1324; x_wconf 83' lang='grc' dir='ltr'><strong>γὰρ</strong></span> <span class='ocrx_word' id='word_1_502' title='bbox 1752 1289 1767 1315; x_wconf 89' lang='grc' dir='ltr'><strong>ὁ</strong></span> <span class='ocrx_word' id='word_1_503' title='bbox 1793 1289 1843 1324; x_wconf 80' lang='grc' dir='ltr'><strong>μδ-</strong></span> 
     </span>
    </p>
   </div>
   <div class='ocr_carea' id='block_1_72' title="bbox 1052 1333 1843 1370">
    <p class='ocr_par' dir='ltr' id='par_1_72' title="bbox 1052 1333 1843 1370">
     <span class='ocr_line' id='line_1_72' title="bbox 1052 1333 1843 1370; baseline 0 -8"><span class='ocrx_word' id='word_1_504' title='bbox 1052 1335 1107 1366; x_wconf 87' lang='grc' dir='ltr'><strong>διος</strong></span> <span class='ocrx_word' id='word_1_505' title='bbox 1122 1334 1177 1370; x_wconf 81' lang='grc'>(71)</span> <span class='ocrx_word' id='word_1_506' title='bbox 1196 1335 1332 1370; x_wconf 75' lang='grc' dir='ltr'><strong>ὁμολογεῖ,</strong></span> <span class='ocrx_word' id='word_1_507' title='bbox 1364 1335 1408 1362; x_wconf 82' lang='grc' dir='ltr'><strong>ὅτι</strong></span> <span class='ocrx_word' id='word_1_508' title='bbox 1426 1334 1624 1370; x_wconf 80' lang='grc' dir='ltr'><strong>Πεπλήρωμαι.</strong></span> <span class='ocrx_word' id='word_1_509' title='bbox 1654 1333 1787 1362; x_wconf 75' lang='grc' dir='ltr'><strong>Καλετται</strong></span> <span class='ocrx_word' id='word_1_510' title='bbox 1815 1334 1843 1362; x_wconf 74' lang='grc' dir='ltr'><strong>δὲ</strong></span> 
     </span>
    </p>
   </div>
   <div class='ocr_carea' id='block_1_73' title="bbox 1053 1379 1243 1416">
    <p class='ocr_par' dir='ltr' id='par_1_73' title="bbox 1053 1379 1243 1416">
     <span class='ocr_line' id='line_1_73' title="bbox 1053 1379 1243 1416; baseline 0 -9"><span class='ocrx_word' id='word_1_511' title='bbox 1053 1381 1102 1407; x_wconf 80' lang='grc' dir='ltr'><strong>καὶ</strong></span> <span class='ocrx_word' id='word_1_512' title='bbox 1116 1379 1243 1416; x_wconf 87' lang='grc' dir='ltr'><strong>γνώμων.</strong></span> 
     </span>
    </p>
   </div>
   <div class='ocr_carea' id='block_1_74' title="bbox 1089 1436 1845 1473">
    <p class='ocr_par' dir='ltr' id='par_1_74' title="bbox 1089 1436 1845 1473">
     <span class='ocr_line' id='line_1_74' title="bbox 1089 1436 1845 1473; baseline 0.001 -10"><span class='ocrx_word' id='word_1_513' title='bbox 1089 1437 1148 1465; x_wconf 84' lang='grc' dir='ltr'><strong>ΚΔ⁷.</strong></span> <span class='ocrx_word' id='word_1_514' title='bbox 1165 1437 1211 1473; x_wconf 84' lang='grc' dir='ltr'><strong>Τῷ</strong></span> <span class='ocrx_word' id='word_1_515' title='bbox 1223 1438 1252 1465; x_wconf 79' lang='grc' dir='ltr'><strong>δὲ</strong></span> <span class='ocrx_word' id='word_1_516' title='bbox 1278 1437 1387 1473; x_wconf 80' lang='grc' dir='ltr'><strong>ἀριθμῷ</strong></span> <span class='ocrx_word' id='word_1_517' title='bbox 1399 1438 1453 1464; x_wconf 84' lang='grc' dir='ltr'><strong>τῶν</strong></span> <span class='ocrx_word' id='word_1_518' title='bbox 1477 1437 1518 1472; x_wconf 84' lang='grc' dir='ltr'><strong>κβ¹</strong></span> <span class='ocrx_word' id='word_1_519' title='bbox 1535 1437 1624 1473; x_wconf 76' lang='grc' dir='ltr'><strong>ἔργων</strong></span> <span class='ocrx_word' id='word_1_520' title='bbox 1635 1436 1682 1464; x_wconf 81' lang='grc' dir='ltr'><strong>τοῦ</strong></span> <span class='ocrx_word' id='word_1_521' title='bbox 1704 1436 1773 1464; x_wconf 85' lang='grc' dir='ltr'><strong>Θεοῦ</strong></span> <span class='ocrx_word' id='word_1_522' title='bbox 1788 1437 1845 1464; x_wconf 85' lang='grc' dir='ltr'><strong>τῶν</strong></span> 
     </span>
    </p>
   </div>
   <div class='ocr_carea' id='block_1_75' title="bbox 1052 1483 1844 1519">
    <p class='ocr_par' dir='ltr' id='par_1_75' title="bbox 1052 1483 1844 1519">
     <span class='ocr_line' id='line_1_75' title="bbox 1052 1483 1844 1519; baseline -0.001 -8"><span class='ocrx_word' id='word_1_523' title='bbox 1052 1483 1199 1519; x_wconf 82' lang='grc' dir='ltr'><strong>ἀπαρχῆς.</strong></span> <span class='ocrx_word' id='word_1_524' title='bbox 1227 1484 1275 1511; x_wconf 77' lang='grc' dir='ltr'><strong>καὶ</strong></span> <span class='ocrx_word' id='word_1_525' title='bbox 1300 1483 1355 1511; x_wconf 80' lang='grc' dir='ltr'><strong>τῶν</strong></span> <span class='ocrx_word' id='word_1_526' title='bbox 1386 1484 1428 1519; x_wconf 79' lang='grc' dir='ltr'><strong>κβ’</strong></span> <span class='ocrx_word' id='word_1_527' title='bbox 1452 1484 1553 1518; x_wconf 82' lang='grc' dir='ltr'><strong>γενεῶν</strong></span> <span class='ocrx_word' id='word_1_528' title='bbox 1578 1484 1631 1516; x_wconf 70' lang='grc' dir='ltr'><strong>ἕως</strong></span> <span class='ocrx_word' id='word_1_529' title='bbox 1654 1483 1702 1510; x_wconf 78' lang='grc' dir='ltr'><strong>τοῦ</strong></span> <span class='ocrx_word' id='word_1_530' title='bbox 1734 1483 1844 1514; x_wconf 73' lang='grc' dir='ltr'><strong>Ἰακὼϐ,</strong></span> 
     </span>
    </p>
   </div>
   <div class='ocr_carea' id='block_1_76' title="bbox 1053 1529 1846 1566">
    <p class='ocr_par' dir='ltr' id='par_1_76' title="bbox 1053 1529 1846 1566">
     <span class='ocr_line' id='line_1_76' title="bbox 1053 1529 1846 1566; baseline -0.003 -8"><span class='ocrx_word' id='word_1_531' title='bbox 1053 1530 1167 1558; x_wconf 76' lang='grc' dir='ltr'><strong>καὶτῶν</strong></span> <span class='ocrx_word' id='word_1_532' title='bbox 1186 1529 1228 1565; x_wconf 82' lang='grc' dir='ltr'><strong>κβ¹</strong></span> <span class='ocrx_word' id='word_1_533' title='bbox 1245 1530 1355 1566; x_wconf 84' lang='grc' dir='ltr'><strong>βιϐλίων</strong></span> <span class='ocrx_word' id='word_1_534' title='bbox 1376 1530 1429 1562; x_wconf 76' lang='grc' dir='ltr'><strong>ἕως</strong></span> <span class='ocrx_word' id='word_1_535' title='bbox 1444 1531 1495 1566; x_wconf 84' lang='grc' dir='ltr'><strong>τῆς</strong></span> <span class='ocrx_word' id='word_1_536' title='bbox 1519 1530 1639 1566; x_wconf 79' lang='grc' dir='ltr'><strong>Ἐσθὴρ,</strong></span> <span class='ocrx_word' id='word_1_537' title='bbox 1659 1530 1707 1557; x_wconf 81' lang='grc' dir='ltr'><strong>καὶ</strong></span> <span class='ocrx_word' id='word_1_538' title='bbox 1728 1530 1773 1557; x_wconf 83' lang='grc' dir='ltr'><strong>διὰ</strong></span> <span class='ocrx_word' id='word_1_539' title='bbox 1793 1530 1846 1565; x_wconf 81' lang='grc' dir='ltr'><strong>τῆς</strong></span> 
     </span>
    </p>
   </div>
   <div class='ocr_carea' id='block_1_77' title="bbox 1053 1571 1845 1612">
    <p class='ocr_par' dir='ltr' id='par_1_77' title="bbox 1053 1571 1845 1612">
     <span class='ocr_line' id='line_1_77' title="bbox 1053 1571 1845 1612; baseline 0 -10"><span class='ocrx_word' id='word_1_540' title='bbox 1053 1575 1094 1611; x_wconf 78' lang='grc' dir='ltr'><strong>κβ¹</strong></span> <span class='ocrx_word' id='word_1_541' title='bbox 1106 1575 1277 1612; x_wconf 78' lang='grc' dir='ltr'><strong>γραμμάτων</strong></span> <span class='ocrx_word' id='word_1_542' title='bbox 1294 1575 1464 1608; x_wconf 74' lang='grc' dir='ltr'><strong>ὑποθέσεως,</strong></span> <span class='ocrx_word' id='word_1_543' title='bbox 1480 1575 1510 1609; x_wconf 74' lang='grc' dir='ltr'><strong>ἐξ</strong></span> <span class='ocrx_word' id='word_1_544' title='bbox 1525 1571 1563 1602; x_wconf 85' lang='grc' dir='ltr'><strong>ὧν</strong></span> <span class='ocrx_word' id='word_1_545' title='bbox 1584 1576 1599 1602; x_wconf 92' lang='grc' dir='ltr'><strong>ὁ</strong></span> <span class='ocrx_word' id='word_1_546' title='bbox 1617 1575 1699 1611; x_wconf 82' lang='grc' dir='ltr'><strong>νόμος</strong></span> <span class='ocrx_word' id='word_1_547' title='bbox 1713 1575 1760 1602; x_wconf 79' lang='grc' dir='ltr'><strong>τοῦ</strong></span> <span class='ocrx_word' id='word_1_548' title='bbox 1775 1575 1845 1603; x_wconf 77' lang='grc' dir='ltr'><strong>Θεοῦ</strong></span> 
     </span>
    </p>
   </div>
   <div class='ocr_carea' id='block_1_78' title="bbox 1052 1621 1846 1658">
    <p class='ocr_par' dir='ltr' id='par_1_78' title="bbox 1052 1621 1846 1658">
     <span class='ocr_line' id='line_1_78' title="bbox 1052 1621 1846 1658; baseline 0 -10"><span class='ocrx_word' id='word_1_549' title='bbox 1052 1622 1131 1658; x_wconf 83' lang='grc' dir='ltr'><strong>ἡμῶν</strong></span> <span class='ocrx_word' id='word_1_550' title='bbox 1146 1622 1284 1657; x_wconf 77' lang='grc' dir='ltr'><strong>παρέστη,</strong></span> <span class='ocrx_word' id='word_1_551' title='bbox 1299 1622 1346 1648; x_wconf 76' lang='grc' dir='ltr'><strong>καὶ</strong></span> <span class='ocrx_word' id='word_1_552' title='bbox 1364 1621 1432 1648; x_wconf 83' lang='grc' dir='ltr'><strong>Θεοῦ</strong></span> <span class='ocrx_word' id='word_1_553' title='bbox 1454 1622 1612 1652; x_wconf 79' lang='grc' dir='ltr'><strong>διδασκαλία</strong></span> <span class='ocrx_word' id='word_1_554' title='bbox 1626 1623 1693 1658; x_wconf 81' lang='grc' dir='ltr'><strong>ἡμῖν</strong></span> <span class='ocrx_word' id='word_1_555' title='bbox 1713 1621 1846 1658; x_wconf 83' lang='grc' dir='ltr'><strong>προτετύ-</strong></span> 
     </span>
    </p>
   </div>
   <div class='ocr_carea' id='block_1_79' title="bbox 1052 1666 1846 1703">
    <p class='ocr_par' dir='ltr' id='par_1_79' title="bbox 1052 1666 1846 1703">
     <span class='ocr_line' id='line_1_79' title="bbox 1052 1666 1846 1703; baseline 0.001 -10"><span class='ocrx_word' id='word_1_556' title='bbox 1052 1675 1142 1694; x_wconf 87' lang='grc' dir='ltr'><strong>πωται</strong></span> <span class='ocrx_word' id='word_1_557' title='bbox 1154 1687 1161 1699; x_wconf 87' lang='grc'><em>,</em></span> <span class='ocrx_word' id='word_1_558' title='bbox 1182 1666 1262 1695; x_wconf 80' lang='grc' dir='ltr'><strong>τοῦτο</strong></span> <span class='ocrx_word' id='word_1_559' title='bbox 1273 1666 1400 1702; x_wconf 83' lang='grc' dir='ltr'><strong>δηλοῦται</strong></span> <span class='ocrx_word' id='word_1_560' title='bbox 1414 1688 1422 1700; x_wconf 84' lang='lat'><strong>,</strong></span> <span class='ocrx_word' id='word_1_561' title='bbox 1436 1667 1477 1694; x_wconf 82' lang='grc' dir='ltr'><strong>ὅτι</strong></span> <span class='ocrx_word' id='word_1_562' title='bbox 1491 1668 1524 1694; x_wconf 84' lang='grc' dir='ltr'><strong>ὲκ</strong></span> <span class='ocrx_word' id='word_1_563' title='bbox 1540 1667 1588 1694; x_wconf 83' lang='grc' dir='ltr'><strong>τοῦ</strong></span> <span class='ocrx_word' id='word_1_564' title='bbox 1606 1667 1690 1703; x_wconf 81' lang='grc' dir='ltr'><strong>νόμου</strong></span> <span class='ocrx_word' id='word_1_565' title='bbox 1703 1687 1710 1699; x_wconf 88' lang='grc'>,</span> <span class='ocrx_word' id='word_1_566' title='bbox 1728 1667 1776 1694; x_wconf 76' lang='grc' dir='ltr'><strong>καὶ</strong></span> <span class='ocrx_word' id='word_1_567' title='bbox 1790 1667 1846 1694; x_wconf 80' lang='grc' dir='ltr'><strong>τῶν</strong></span> 
     </span>
    </p>
   </div>
   <div class='ocr_carea' id='block_1_80' title="bbox 1053 1711 1846 1749">
    <p class='ocr_par' dir='ltr' id='par_1_80' title="bbox 1053 1711 1846 1749">
     <span class='ocr_line' id='line_1_80' title="bbox 1053 1711 1846 1749; baseline 0 -10"><span class='ocrx_word' id='word_1_568' title='bbox 1053 1713 1082 1739; x_wconf 80' lang='grc' dir='ltr'><strong>ὲν</strong></span> <span class='ocrx_word' id='word_1_569' title='bbox 1092 1711 1166 1748; x_wconf 83' lang='grc' dir='ltr'><strong>αὐτῷ</strong></span> <span class='ocrx_word' id='word_1_570' title='bbox 1182 1712 1349 1748; x_wconf 81' lang='grc' dir='ltr'><strong>μυστηρίων,</strong></span> <span class='ocrx_word' id='word_1_571' title='bbox 1362 1713 1377 1739; x_wconf 87' lang='grc' dir='ltr'><strong>ὁ</strong></span> <span class='ocrx_word' id='word_1_572' title='bbox 1390 1712 1508 1748; x_wconf 77' lang='grc' dir='ltr'><strong>Χριστὸς</strong></span> <span class='ocrx_word' id='word_1_573' title='bbox 1521 1713 1589 1748; x_wconf 82' lang='grc' dir='ltr'><strong>ἡμῖν</strong></span> <span class='ocrx_word' id='word_1_574' title='bbox 1601 1713 1748 1748; x_wconf 73' lang='grc' dir='ltr'><strong>ἐρχόμενος</strong></span> <span class='ocrx_word' id='word_1_575' title='bbox 1760 1714 1846 1749; x_wconf 75' lang='grc' dir='ltr'><strong>ἔμαρ-</strong></span> 
     </span>
    </p>
   </div>
   <div class='ocr_carea' id='block_1_81' title="bbox 1053 1757 1845 1794">
    <p class='ocr_par' dir='ltr' id='par_1_81' title="bbox 1053 1757 1845 1794">
     <span class='ocr_line' id='line_1_81' title="bbox 1053 1757 1845 1794; baseline 0.001 -10"><span class='ocrx_word' id='word_1_576' title='bbox 1053 1758 1157 1794; x_wconf 82' lang='grc' dir='ltr'><strong>τυρήθη</strong></span> <span class='ocrx_word' id='word_1_577' title='bbox 1177 1757 1224 1784; x_wconf 82' lang='grc' dir='ltr'><strong>καὶ</strong></span> <span class='ocrx_word' id='word_1_578' title='bbox 1238 1757 1429 1794; x_wconf 83' lang='grc' dir='ltr'><strong>ἀπεκαλύφθη.</strong></span> <span class='ocrx_word' id='word_1_579' title='bbox 1450 1758 1498 1790; x_wconf 85' lang='grc' dir='ltr'><strong>⁸ος</strong></span> <span class='ocrx_word' id='word_1_580' title='bbox 1513 1757 1599 1785; x_wconf 70' lang='grc' dir='ltr'><strong>ἐλθὼν</strong></span> <span class='ocrx_word' id='word_1_581' title='bbox 1613 1758 1642 1785; x_wconf 78' lang='grc' dir='ltr'><strong>ὲν</strong></span> <span class='ocrx_word' id='word_1_582' title='bbox 1657 1758 1697 1794; x_wconf 82' lang='grc' dir='ltr'><strong>τῷ</strong></span> <span class='ocrx_word' id='word_1_583' title='bbox 1721 1758 1845 1793; x_wconf 83' lang='grc' dir='ltr'><strong>Εὐαγγε-</strong></span> 
     </span>
    </p>
   </div>
   <div class='ocr_carea' id='block_1_82' title="bbox 1053 1801 1845 1838">
    <p class='ocr_par' dir='ltr' id='par_1_82' title="bbox 1053 1801 1845 1838">
     <span class='ocr_line' id='line_1_82' title="bbox 1053 1801 1845 1838; baseline 0.001 -10"><span class='ocrx_word' id='word_1_584' title='bbox 1053 1801 1102 1838; x_wconf 83' lang='grc' dir='ltr'><strong>λίῳ</strong></span> <span class='ocrx_word' id='word_1_585' title='bbox 1116 1801 1274 1837; x_wconf 78' lang='grc' dir='ltr'><strong>ἐπλήρωσεν</strong></span> <span class='ocrx_word' id='word_1_586' title='bbox 1290 1802 1358 1836; x_wconf 79' lang='grc' dir='ltr'><strong>ἡμῖν</strong></span> <span class='ocrx_word' id='word_1_587' title='bbox 1369 1802 1399 1829; x_wconf 82' lang='grc' dir='ltr'><strong>τὸ</strong></span> <span class='ocrx_word' id='word_1_588' title='bbox 1412 1801 1509 1838; x_wconf 80' lang='grc' dir='ltr'><strong>μέτρον</strong></span> <span class='ocrx_word' id='word_1_589' title='bbox 1520 1802 1570 1838; x_wconf 84' lang='grc' dir='ltr'><strong>τῆς</strong></span> <span class='ocrx_word' id='word_1_590' title='bbox 1584 1802 1656 1838; x_wconf 77' lang='grc' dir='ltr'><strong>ζωῆς</strong></span> <span class='ocrx_word' id='word_1_591' title='bbox 1672 1802 1717 1829; x_wconf 86' lang='grc' dir='ltr'><strong>διὰ</strong></span> <span class='ocrx_word' id='word_1_592' title='bbox 1729 1803 1778 1829; x_wconf 76' lang='grc' dir='ltr'><strong>τοῦ</strong></span> <span class='ocrx_word' id='word_1_593' title='bbox 1799 1811 1845 1838; x_wconf 81' lang='grc' dir='ltr'><strong>μο‹</strong></span> 
     </span>
    </p>
   </div>
   <div class='ocr_carea' id='block_1_83' title="bbox 1053 1848 1847 1884">
    <p class='ocr_par' dir='ltr' id='par_1_83' title="bbox 1053 1848 1847 1884">
     <span class='ocr_line' id='line_1_83' title="bbox 1053 1848 1847 1884; baseline 0 -8"><span class='ocrx_word' id='word_1_594' title='bbox 1053 1849 1109 1876; x_wconf 92' lang='grc' dir='ltr'><strong>δίου</strong></span> <span class='ocrx_word' id='word_1_595' title='bbox 1121 1868 1128 1880; x_wconf 89' lang='grc'><em>,</em></span> <span class='ocrx_word' id='word_1_596' title='bbox 1147 1848 1280 1881; x_wconf 74' lang='grc' dir='ltr'><strong>τουτέστι,</strong></span> <span class='ocrx_word' id='word_1_597' title='bbox 1309 1848 1359 1884; x_wconf 82' lang='grc' dir='ltr'><strong>τῆς</strong></span> <span class='ocrx_word' id='word_1_598' title='bbox 1377 1848 1532 1884; x_wconf 81' lang='grc' dir='ltr'><strong>ὁμολογίας,</strong></span> <span class='ocrx_word' id='word_1_599' title='bbox 1545 1849 1627 1875; x_wconf 71' lang='grc' dir='ltr'><strong>παντὶ</strong></span> <span class='ocrx_word' id='word_1_600' title='bbox 1650 1848 1691 1884; x_wconf 81' lang='grc' dir='ltr'><strong>τῷ</strong></span> <span class='ocrx_word' id='word_1_601' title='bbox 1709 1849 1750 1880; x_wconf 79' lang='grc' dir='ltr'><strong>εἰς</strong></span> <span class='ocrx_word' id='word_1_602' title='bbox 1764 1849 1847 1876; x_wconf 74' lang='grc' dir='ltr'><strong>αὐτὸν</strong></span> 
     </span>
    </p>
   </div>
   <div class='ocr_carea' id='block_1_84' title="bbox 1053 1894 1844 1931">
    <p class='ocr_par' dir='ltr' id='par_1_84' title="bbox 1053 1894 1844 1931">
     <span class='ocr_line' id='line_1_84' title="bbox 1053 1894 1844 1931; baseline 0 -9"><span class='ocrx_word' id='word_1_603' title='bbox 1053 1894 1251 1930; x_wconf 78' lang='grc' dir='ltr'><strong>ὁμολογήσαντι</strong></span> <span class='ocrx_word' id='word_1_604' title='bbox 1268 1894 1315 1925; x_wconf 80' lang='grc' dir='ltr'><strong>καὶ</strong></span> <span class='ocrx_word' id='word_1_605' title='bbox 1332 1894 1381 1930; x_wconf 81' lang='grc' dir='ltr'><strong>τὴν</strong></span> <span class='ocrx_word' id='word_1_606' title='bbox 1395 1894 1469 1930; x_wconf 79' lang='grc' dir='ltr'><strong>ζωὴν</strong></span> <span class='ocrx_word' id='word_1_607' title='bbox 1478 1895 1543 1930; x_wconf 74' lang='grc' dir='ltr'><strong>παρ’</strong></span> <span class='ocrx_word' id='word_1_608' title='bbox 1557 1894 1640 1922; x_wconf 77' lang='grc' dir='ltr'><strong>αὑτοῦ</strong></span> <span class='ocrx_word' id='word_1_609' title='bbox 1655 1895 1844 1931; x_wconf 76' lang='grc' dir='ltr'><strong>κομισαμένῳ.</strong></span> 
     </span>
    </p>
   </div>
   <div class='ocr_carea' id='block_1_85' title="bbox 1053 1939 1847 1977">
    <p class='ocr_par' dir='ltr' id='par_1_85' title="bbox 1053 1939 1847 1977">
     <span class='ocr_line' id='line_1_85' title="bbox 1053 1939 1847 1977; baseline 0 -9"><span class='ocrx_word' id='word_1_610' title='bbox 1053 1941 1099 1968; x_wconf 85' lang='grc' dir='ltr'><strong>Διὺ</strong></span> <span class='ocrx_word' id='word_1_611' title='bbox 1112 1941 1142 1968; x_wconf 83' lang='grc' dir='ltr'><strong>τδ</strong></span> <span class='ocrx_word' id='word_1_612' title='bbox 1159 1940 1257 1976; x_wconf 80' lang='grc' dir='ltr'><strong>μέτρον</strong></span> <span class='ocrx_word' id='word_1_613' title='bbox 1269 1939 1299 1967; x_wconf 76' lang='grc' dir='ltr'><strong>τὸ</strong></span> <span class='ocrx_word' id='word_1_614' title='bbox 1315 1940 1392 1975; x_wconf 81' lang='grc' dir='ltr'><strong>ἆγιον</strong></span> <span class='ocrx_word' id='word_1_615' title='bbox 1410 1939 1530 1976; x_wconf 82' lang='grc' dir='ltr'><strong>Ἑϐραῖοι</strong></span> <span class='ocrx_word' id='word_1_616' title='bbox 1545 1940 1687 1974; x_wconf 77' lang='grc' dir='ltr'><strong>λέγουσιν,</strong></span> <span class='ocrx_word' id='word_1_617' title='bbox 1701 1941 1716 1968; x_wconf 81' lang='grc' dir='ltr'><strong>ὅ</strong></span> <span class='ocrx_word' id='word_1_618' title='bbox 1731 1941 1791 1968; x_wconf 72' lang='grc' dir='ltr'><strong>ἐστι</strong></span> <span class='ocrx_word' id='word_1_619' title='bbox 1805 1942 1847 1977; x_wconf 69' lang='grc' dir='ltr'><strong>κβ¹</strong></span> 
     </span>
    </p>
   </div>
   <div class='ocr_carea' id='block_1_86' title="bbox 1054 1986 1846 2023">
    <p class='ocr_par' dir='ltr' id='par_1_86' title="bbox 1054 1986 1846 2023">
     <span class='ocr_line' id='line_1_86' title="bbox 1054 1986 1846 2023; baseline -0.001 -9"><span class='ocrx_word' id='word_1_620' title='bbox 1054 1987 1155 2021; x_wconf 77' lang='grc' dir='ltr'><strong>ξέπων</strong></span> <span class='ocrx_word' id='word_1_621' title='bbox 1168 2008 1175 2020; x_wconf 85' lang='grc'>,</span> <span class='ocrx_word' id='word_1_622' title='bbox 1195 1987 1266 2014; x_wconf 80' lang='grc' dir='ltr'><strong>κατὰ</strong></span> <span class='ocrx_word' id='word_1_623' title='bbox 1286 1987 1350 2018; x_wconf 78' lang='grc' dir='ltr'><strong>τοὺς</strong></span> <span class='ocrx_word' id='word_1_624' title='bbox 1364 1986 1590 2022; x_wconf 86' lang='grc' dir='ltr'><strong>προειρημένους.</strong></span> <span class='ocrx_word' id='word_1_625' title='bbox 1610 1986 1707 2014; x_wconf 72' lang='grc' dir='ltr'><strong>Πολλοὶ</strong></span> <span class='ocrx_word' id='word_1_626' title='bbox 1721 1987 1775 2023; x_wconf 80' lang='grc' dir='ltr'><strong>γὰρ</strong></span> <span class='ocrx_word' id='word_1_627' title='bbox 1793 1988 1846 2014; x_wconf 84' lang='grc' dir='ltr'><strong>τῶν</strong></span> 
     </span>
    </p>
   </div>
   <div class='ocr_carea' id='block_1_87' title="bbox 1053 2032 1845 2068">
    <p class='ocr_par' dir='ltr' id='par_1_87' title="bbox 1053 2032 1845 2068">
     <span class='ocr_line' id='line_1_87' title="bbox 1053 2032 1845 2068; baseline 0 -8"><span class='ocrx_word' id='word_1_628' title='bbox 1053 2033 1141 2061; x_wconf 73' lang='grc' dir='ltr'><strong>ἄλλων</strong></span> <span class='ocrx_word' id='word_1_629' title='bbox 1162 2033 1247 2060; x_wconf 79' lang='grc' dir='ltr'><strong>ἐθνῶν</strong></span> <span class='ocrx_word' id='word_1_630' title='bbox 1275 2033 1291 2068; x_wconf 82' lang='grc' dir='ltr'><strong>ἢ</strong></span> <span class='ocrx_word' id='word_1_631' title='bbox 1320 2032 1501 2068; x_wconf 85' lang='grc' dir='ltr'><strong>προσέθεντο,</strong></span> <span class='ocrx_word' id='word_1_632' title='bbox 1528 2033 1545 2068; x_wconf 82' lang='grc' dir='ltr'>ἢ</span> <span class='ocrx_word' id='word_1_633' title='bbox 1570 2033 1714 2068; x_wconf 82' lang='grc' dir='ltr'><strong>ἀφείλαντο</strong></span> <span class='ocrx_word' id='word_1_634' title='bbox 1729 2034 1784 2060; x_wconf 77' lang='grc' dir='ltr'><strong>ἀπὸ</strong></span> <span class='ocrx_word' id='word_1_635' title='bbox 1798 2033 1845 2061; x_wconf 78' lang='grc' dir='ltr'><strong>τοῦ</strong></span> 
     </span>
    </p>
   </div>
   <div class='ocr_carea' id='block_1_88' title="bbox 1056 2078 1845 2115">
    <p class='ocr_par' dir='ltr' id='par_1_88' title="bbox 1056 2078 1845 2115">
     <span class='ocr_line' id='line_1_88' title="bbox 1056 2078 1845 2115; baseline 0 -10"><span class='ocrx_word' id='word_1_636' title='bbox 1056 2079 1156 2115; x_wconf 85' lang='grc' dir='ltr'><strong>μέτρου</strong></span> <span class='ocrx_word' id='word_1_637' title='bbox 1169 2079 1275 2107; x_wconf 80' lang='grc' dir='ltr'><strong>τούτου,</strong></span> <span class='ocrx_word' id='word_1_638' title='bbox 1291 2078 1340 2105; x_wconf 84' lang='grc' dir='ltr'>τοῦ</span> <span class='ocrx_word' id='word_1_639' title='bbox 1354 2078 1475 2115; x_wconf 77' lang='grc' dir='ltr'><strong>ἀκριϐῶς</strong></span> <span class='ocrx_word' id='word_1_640' title='bbox 1489 2079 1555 2114; x_wconf 84' lang='grc' dir='ltr'><strong>παρ’</strong></span> <span class='ocrx_word' id='word_1_641' title='bbox 1576 2078 1712 2114; x_wconf 84' lang='grc' dir='ltr'><strong>Ἑϐραίοις</strong></span> <span class='ocrx_word' id='word_1_642' title='bbox 1726 2079 1845 2115; x_wconf 64' lang='grc' dir='ltr'><strong>ἀριθμηη</strong></span> 
     </span>
    </p>
   </div>
   <div class='ocr_carea' id='block_1_89' title="bbox 1054 2123 1847 2160">
    <p class='ocr_par' dir='ltr' id='par_1_89' title="bbox 1054 2123 1847 2160">
     <span class='ocr_line' id='line_1_89' title="bbox 1054 2123 1847 2160; baseline 0.001 -9"><span class='ocrx_word' id='word_1_643' title='bbox 1054 2124 1155 2156; x_wconf 83' lang='grc' dir='ltr'><strong>θέντος.</strong></span> <span class='ocrx_word' id='word_1_644' title='bbox 1191 2123 1271 2150; x_wconf 80' lang='grc' dir='ltr'><strong>Ἀλλὰ</strong></span> <span class='ocrx_word' id='word_1_645' title='bbox 1302 2124 1349 2150; x_wconf 78' lang='grc' dir='ltr'><strong>καὶ</strong></span> <span class='ocrx_word' id='word_1_646' title='bbox 1383 2123 1459 2159; x_wconf 85' lang='grc' dir='ltr'><strong>παρὰ</strong></span> <span class='ocrx_word' id='word_1_647' title='bbox 1495 2124 1641 2160; x_wconf 85' lang='grc' dir='ltr'><strong>Ῥωμαίοις</strong></span> <span class='ocrx_word' id='word_1_648' title='bbox 1674 2124 1847 2160; x_wconf 77' lang='grc' dir='ltr'><strong>συμϐέϐηκεν</strong></span> 
     </span>
    </p>
   </div>
   <div class='ocr_carea' id='block_1_90' title="bbox 1054 2169 1846 2207">
    <p class='ocr_par' dir='ltr' id='par_1_90' title="bbox 1054 2169 1846 2207">
     <span class='ocr_line' id='line_1_90' title="bbox 1054 2169 1846 2207; baseline 0 -9"><span class='ocrx_word' id='word_1_649' title='bbox 1054 2171 1309 2207; x_wconf 81' lang='grc' dir='ltr'><strong>ὁμοιοκαταλήχτως</strong></span> <span class='ocrx_word' id='word_1_650' title='bbox 1337 2169 1427 2206; x_wconf 87' lang='grc' dir='ltr'><strong>μοδίου</strong></span> <span class='ocrx_word' id='word_1_651' title='bbox 1455 2170 1554 2206; x_wconf 81' lang='grc' dir='ltr'><strong>μέτρον</strong></span> <span class='ocrx_word' id='word_1_652' title='bbox 1578 2171 1733 2203; x_wconf 79' lang='grc' dir='ltr'><strong>καλεῖσθαι,</strong></span> <span class='ocrx_word' id='word_1_653' title='bbox 1752 2171 1846 2207; x_wconf 84' lang='grc' dir='ltr'><strong>ὥσπερ</strong></span> 
     </span>
    </p>
   </div>
   <div class='ocr_carea' id='block_1_91' title="bbox 211 2215 1002 2253">
    <p class='ocr_par' dir='ltr' id='par_1_91' title="bbox 211 2215 1002 2248">
     <span class='ocr_line' id='line_1_91' title="bbox 211 2215 1002 2248; baseline -0.001 -5"><span class='ocrx_word' id='word_1_654' title='bbox 211 2216 301 2243; x_wconf 75' lang='lat' dir='ltr'><strong>brmos</strong></span> <span class='ocrx_word' id='word_1_655' title='bbox 328 2223 459 2243; x_wconf 91' lang='lat' dir='ltr'><strong>numerus</strong></span> <span class='ocrx_word' id='word_1_656' title='bbox 476 2215 683 2242; x_wconf 82' lang='lat' dir='ltr'><strong>accuratissime</strong></span> <span class='ocrx_word' id='word_1_657' title='bbox 706 2215 758 2243; x_wconf 88' lang='lat' dir='ltr'><strong>sibi</strong></span> <span class='ocrx_word' id='word_1_658' title='bbox 789 2218 905 2243; x_wconf 84' lang='lat' dir='ltr'><strong>constet.</strong></span> <span class='ocrx_word' id='word_1_659' title='bbox 931 2215 1002 2248; x_wconf 87' lang='lat' dir='ltr'><strong>Quin</strong></span> 
     </span>
    </p>
   </div>
   <div class='ocr_carea' id='block_1_92' title="bbox 1054 2215 1847 2253">
    <p class='ocr_par' dir='ltr' id='par_1_92' title="bbox 1056 2215 1847 2253">
     <span class='ocr_line' id='line_1_92' title="bbox 1056 2215 1847 2253; baseline 0 -10"><span class='ocrx_word' id='word_1_660' title='bbox 1056 2217 1121 2253; x_wconf 77' lang='grc' dir='ltr'><strong>παρ’</strong></span> <span class='ocrx_word' id='word_1_661' title='bbox 1146 2216 1283 2252; x_wconf 82' lang='grc' dir='ltr'><strong>Ἑϐραίοις</strong></span> <span class='ocrx_word' id='word_1_662' title='bbox 1310 2215 1341 2242; x_wconf 80' lang='grc' dir='ltr'><strong>τὸ</strong></span> <span class='ocrx_word' id='word_1_663' title='bbox 1359 2215 1426 2250; x_wconf 79' lang='grc' dir='ltr'><strong>ἂλεφ</strong></span> <span class='ocrx_word' id='word_1_664' title='bbox 1450 2215 1489 2252; x_wconf 86' lang='grc' dir='ltr'><strong>τῷ</strong></span> <span class='ocrx_word' id='word_1_665' title='bbox 1517 2216 1617 2252; x_wconf 79' lang='grc' dir='ltr'><strong>παιδίῳ</strong></span> <span class='ocrx_word' id='word_1_666' title='bbox 1639 2216 1671 2243; x_wconf 85' lang='grc' dir='ltr'><strong>τὺ</strong></span> <span class='ocrx_word' id='word_1_667' title='bbox 1702 2216 1847 2252; x_wconf 80' lang='grc' dir='ltr'><strong>μανθάνειν</strong></span> 
     </span>
    </p>
   </div>
   <div class='ocr_carea' id='block_1_93' title="bbox 211 2260 1002 2297">
    <p class='ocr_par' dir='ltr' id='par_1_93' title="bbox 211 2260 1002 2297">
     <span class='ocr_line' id='line_1_93' title="bbox 211 2260 1002 2297; baseline -0.003 -8"><span class='ocrx_word' id='word_1_668' title='bbox 211 2262 294 2290; x_wconf 88' lang='lat' dir='ltr'><strong>etiam</strong></span> <span class='ocrx_word' id='word_1_669' title='bbox 317 2261 388 2297; x_wconf 75' lang='lat' dir='ltr'><strong>apud</strong></span> <span class='ocrx_word' id='word_1_670' title='bbox 406 2260 548 2288; x_wconf 82' lang='lat' dir='ltr'><strong>Romanos</strong></span> <span class='ocrx_word' id='word_1_671' title='bbox 565 2261 679 2295; x_wconf 83' lang='lat' dir='ltr'><strong>aequalis</strong></span> <span class='ocrx_word' id='word_1_672' title='bbox 690 2268 817 2288; x_wconf 81' lang='lat' dir='ltr'><strong>mensura</strong></span> <span class='ocrx_word' id='word_1_673' title='bbox 830 2261 938 2288; x_wconf 90' lang='lat' dir='ltr'><strong>modius</strong></span> <span class='ocrx_word' id='word_1_674' title='bbox 952 2268 1002 2296; x_wconf 88' lang='lat' dir='ltr'><strong>ap-</strong></span> 
     </span>
    </p>
   </div>
   <div class='ocr_carea' id='block_1_94' title="bbox 211 2305 1002 2343">
    <p class='ocr_par' dir='ltr' id='par_1_94' title="bbox 211 2305 1002 2343">
     <span class='ocr_line' id='line_1_94' title="bbox 211 2305 1002 2343; baseline -0.003 -7"><span class='ocrx_word' id='word_1_675' title='bbox 211 2308 339 2343; x_wconf 85' lang='lat' dir='ltr'><strong>pellatur,</strong></span> <span class='ocrx_word' id='word_1_676' title='bbox 353 2307 584 2343; x_wconf 87' lang='lat' dir='ltr'><strong>quemadmodum</strong></span> <span class='ocrx_word' id='word_1_677' title='bbox 604 2306 675 2342; x_wconf 81' lang='lat' dir='ltr'><strong>apud</strong></span> <span class='ocrx_word' id='word_1_678' title='bbox 684 2305 814 2335; x_wconf 75' lang='lat' dir='ltr'><strong>Hebraeos</strong></span> <span class='ocrx_word' id='word_1_679' title='bbox 826 2306 904 2341; x_wconf 85' lang='lat' dir='ltr'><strong>aleph</strong></span> <span class='ocrx_word' id='word_1_680' title='bbox 913 2306 1002 2334; x_wconf 88' lang='lat' dir='ltr'><strong>littera</strong></span> 
     </span>
    </p>
   </div>
   <div class='ocr_carea' id='block_1_95' title="bbox 212 2352 1004 2389">
    <p class='ocr_par' dir='ltr' id='par_1_95' title="bbox 212 2352 1004 2389">
     <span class='ocr_line' id='line_1_95' title="bbox 212 2352 1004 2389; baseline -0.001 -8"><span class='ocrx_word' id='word_1_681' title='bbox 212 2361 329 2389; x_wconf 82' lang='lat' dir='ltr'><strong>puerum</strong></span> <span class='ocrx_word' id='word_1_682' title='bbox 344 2353 379 2381; x_wconf 88' lang='lat' dir='ltr'><strong>ad</strong></span> <span class='ocrx_word' id='word_1_683' title='bbox 395 2352 556 2381; x_wconf 88' lang='lat' dir='ltr'><strong>discendum</strong></span> <span class='ocrx_word' id='word_1_684' title='bbox 571 2352 753 2386; x_wconf 80' lang='lat' dir='ltr'><strong>adhortatur;</strong></span> <span class='ocrx_word' id='word_1_685' title='bbox 773 2352 817 2380; x_wconf 93' lang='lat' dir='ltr'><strong>cui</strong></span> <span class='ocrx_word' id='word_1_686' title='bbox 832 2352 922 2380; x_wconf 90' lang='lat' dir='ltr'><strong>simile</strong></span> <span class='ocrx_word' id='word_1_687' title='bbox 940 2360 1004 2381; x_wconf 89' lang='lat' dir='ltr'><strong>ver-</strong></span> 
     </span>
    </p>
   </div>
   <div class='ocr_carea' id='block_1_96' title="bbox 213 2399 1001 2435">
    <p class='ocr_par' dir='ltr' id='par_1_96' title="bbox 213 2399 1001 2435">
     <span class='ocr_line' id='line_1_96' title="bbox 213 2399 1001 2435; baseline 0 -8"><span class='ocrx_word' id='word_1_688' title='bbox 213 2400 278 2430; x_wconf 85' lang='lat' dir='ltr'><strong>bum</strong></span> <span class='ocrx_word' id='word_1_689' title='bbox 304 2399 377 2434; x_wconf 88' lang='lat' dir='ltr'><strong>apud</strong></span> <span class='ocrx_word' id='word_1_690' title='bbox 391 2399 501 2427; x_wconf 77' lang='lat' dir='ltr'><strong>Grzecos</strong></span> <span class='ocrx_word' id='word_1_691' title='bbox 521 2399 616 2434; x_wconf 76' lang='grc' dir='ltr'><strong>ἀλφείν</strong></span> <span class='ocrx_word' id='word_1_692' title='bbox 631 2400 787 2434; x_wconf 75' lang='lat' dir='ltr'><strong>investigare</strong></span> <span class='ocrx_word' id='word_1_693' title='bbox 801 2399 947 2435; x_wconf 84' lang='lat' dir='ltr'><strong>signiﬁcat.</strong></span> <span class='ocrx_word' id='word_1_694' title='bbox 962 2400 1001 2427; x_wconf 83' lang='lat' dir='ltr'><strong>Ex</strong></span> 
     </span>
    </p>
   </div>
   <div class='ocr_carea' id='block_1_97' title="bbox 213 2444 1000 2481">
    <p class='ocr_par' dir='ltr' id='par_1_97' title="bbox 213 2444 1000 2481">
     <span class='ocr_line' id='line_1_97' title="bbox 213 2444 1000 2481; baseline 0 -8"><span class='ocrx_word' id='word_1_695' title='bbox 213 2453 269 2481; x_wconf 82' lang='lat' dir='ltr'><strong>quo</strong></span> <span class='ocrx_word' id='word_1_696' title='bbox 285 2444 460 2473; x_wconf 79' lang='lat' dir='ltr'><strong>manifestum</strong></span> <span class='ocrx_word' id='word_1_697' title='bbox 476 2448 518 2473; x_wconf 89' lang='lat' dir='ltr'><strong>est</strong></span> <span class='ocrx_word' id='word_1_698' title='bbox 532 2452 625 2473; x_wconf 89' lang='lat' dir='ltr'><strong>vocem</strong></span> <span class='ocrx_word' id='word_1_699' title='bbox 641 2444 712 2472; x_wconf 82' lang='lat' dir='ltr'><strong>lianc</strong></span> <span class='ocrx_word' id='word_1_700' title='bbox 731 2445 811 2481; x_wconf 87' lang='lat' dir='ltr'><strong>alpha</strong></span> <span class='ocrx_word' id='word_1_701' title='bbox 835 2446 862 2473; x_wconf 93' lang='lat' dir='ltr'><strong>in</strong></span> <span class='ocrx_word' id='word_1_702' title='bbox 877 2445 1000 2473; x_wconf 80' lang='lat' dir='ltr'><strong>Graecam</strong></span> 
     </span>
    </p>
   </div>
   <div class='ocr_carea' id='block_1_98' title="bbox 214 2490 1002 2528">
    <p class='ocr_par' dir='ltr' id='par_1_98' title="bbox 214 2490 1002 2528">
     <span class='ocr_line' id='line_1_98' title="bbox 214 2490 1002 2528; baseline -0.001 -8"><span class='ocrx_word' id='word_1_703' title='bbox 214 2494 335 2528; x_wconf 86' lang='lat' dir='ltr'><strong>linguam</strong></span> <span class='ocrx_word' id='word_1_704' title='bbox 358 2492 392 2519; x_wconf 87' lang='lat' dir='ltr'><strong>ab</strong></span> <span class='ocrx_word' id='word_1_705' title='bbox 419 2490 552 2519; x_wconf 86' lang='lat' dir='ltr'><strong>llebraica</strong></span> <span class='ocrx_word' id='word_1_706' title='bbox 574 2499 636 2520; x_wconf 88' lang='lat' dir='ltr'><strong>esse</strong></span> <span class='ocrx_word' id='word_1_707' title='bbox 659 2492 832 2520; x_wconf 83' lang='lat' dir='ltr'><strong>translatam.</strong></span> <span class='ocrx_word' id='word_1_708' title='bbox 855 2491 901 2519; x_wconf 88' lang='lat' dir='ltr'><strong>Sic</strong></span> <span class='ocrx_word' id='word_1_709' title='bbox 917 2492 1002 2528; x_wconf 87' lang='lat' dir='ltr'><strong>igitur</strong></span> 
     </span>
    </p>
   </div>
   <div class='ocr_carea' id='block_1_99' title="bbox 214 2535 1003 2573">
    <p class='ocr_par' dir='ltr' id='par_1_99' title="bbox 214 2535 1003 2573">
     <span class='ocr_line' id='line_1_99' title="bbox 214 2535 1003 2573; baseline 0.003 -9"><span class='ocrx_word' id='word_1_710' title='bbox 214 2536 324 2569; x_wconf 80' lang='lat' dir='ltr'><strong>modius</strong></span> <span class='ocrx_word' id='word_1_711' title='bbox 344 2537 377 2571; x_wconf 83' lang='lat' dir='ltr'><strong>ab</strong></span> <span class='ocrx_word' id='word_1_712' title='bbox 391 2535 513 2565; x_wconf 83' lang='lat' dir='ltr'><strong>Hebraeis</strong></span> <span class='ocrx_word' id='word_1_713' title='bbox 534 2537 663 2573; x_wconf 65' lang='lat' dir='ltr'><strong>proﬂuxit</strong></span> <span class='ocrx_word' id='word_1_714' title='bbox 681 2547 686 2564; x_wconf 91' lang='lat'><strong>:</strong></span> <span class='ocrx_word' id='word_1_715' title='bbox 705 2537 775 2573; x_wconf 84' lang='lat' dir='ltr'><strong>apud</strong></span> <span class='ocrx_word' id='word_1_716' title='bbox 788 2544 858 2573; x_wconf 90' lang='lat' dir='ltr'><strong>quos</strong></span> <span class='ocrx_word' id='word_1_717' title='bbox 873 2537 946 2566; x_wconf 88' lang='lat' dir='ltr'><strong>idem</strong></span> <span class='ocrx_word' id='word_1_718' title='bbox 960 2543 1003 2566; x_wconf 85' lang='lat' dir='ltr'><strong>est</strong></span> 
     </span>
    </p>
   </div>
   <div class='ocr_carea' id='block_1_100' title="bbox 251 2642 481 2678">
    <p class='ocr_par' dir='ltr' id='par_1_100' title="bbox 251 2642 481 2678">
     <span class='ocr_line' id='line_1_100' title="bbox 251 2642 481 2678; baseline 0 -8"><span class='ocrx_word' id='word_1_719' title='bbox 251 2644 259 2660; x_wconf 91' lang='grc'>¹</span> <span class='ocrx_word' id='word_1_720' title='bbox 274 2643 353 2671; x_wconf 85' lang='lat' dir='ltr'><strong>Deest</strong></span> <span class='ocrx_word' id='word_1_721' title='bbox 369 2642 481 2678; x_wconf 85' lang='lat' dir='ltr'><strong>aliquid.</strong></span> 
     </span>
    </p>
   </div>
   <div class='ocr_carea' id='block_1_101' title="bbox 251 2755 1006 2792">
    <p class='ocr_par' dir='ltr' id='par_1_101' title="bbox 251 2755 1006 2792">
     <span class='ocr_line' id='line_1_101' title="bbox 251 2755 1006 2792; baseline -0.005 -7"><span class='ocrx_word' id='word_1_722' title='bbox 251 2758 308 2792; x_wconf 86' lang='lat'><strong>(7|)</strong></span> <span class='ocrx_word' id='word_1_723' title='bbox 337 2756 506 2792; x_wconf 70' lang='grc' dir='ltr'><strong>Πληρωθείς</strong></span> <span class='ocrx_word' id='word_1_724' title='bbox 531 2757 586 2791; x_wconf 80' lang='grc' dir='ltr'><strong>γὰρ</strong></span> <span class='ocrx_word' id='word_1_725' title='bbox 613 2756 630 2782; x_wconf 83' lang='grc' dir='ltr'><strong><em>ό</em></strong></span> <span class='ocrx_word' id='word_1_726' title='bbox 664 2755 779 2790; x_wconf 84' lang='grc' dir='ltr'><strong>μόὸιος.</strong></span> <span class='ocrx_word' id='word_1_727' title='bbox 819 2755 920 2792; x_wconf 82' lang='lat' dir='ltr'><strong>Eadem</strong></span> <span class='ocrx_word' id='word_1_728' title='bbox 960 2762 1006 2782; x_wconf 85' lang='lat' dir='ltr'><strong>ra-</strong></span> 
     </span>
    </p>
   </div>
   <div class='ocr_carea' id='block_1_102' title="bbox 215 2790 1005 2824">
    <p class='ocr_par' dir='ltr' id='par_1_102' title="bbox 215 2790 1005 2824">
     <span class='ocr_line' id='line_1_102' title="bbox 215 2790 1005 2824; baseline -0.004 -4"><span class='ocrx_word' id='word_1_729' title='bbox 215 2790 420 2821; x_wconf 52' lang='lat' dir='ltr'><strong>tione&#39;nullux&#39;n</strong></span> <span class='ocrx_word' id='word_1_730' title='bbox 447 2799 502 2819; x_wconf 86' lang='lat' dir='ltr'><strong>non</strong></span> <span class='ocrx_word' id='word_1_731' title='bbox 527 2798 662 2817; x_wconf 80' lang='lat' dir='ltr'><strong>mensurae</strong></span> <span class='ocrx_word' id='word_1_732' title='bbox 691 2797 777 2824; x_wconf 78' lang='lat' dir='ltr'><strong>genus</strong></span> <span class='ocrx_word' id='word_1_733' title='bbox 807 2790 927 2817; x_wconf 92' lang='lat' dir='ltr'><strong>modium</strong></span> <span class='ocrx_word' id='word_1_734' title='bbox 956 2797 1005 2824; x_wconf 83' lang='lat' dir='ltr'><strong>ap-</strong></span> 
     </span>
    </p>
   </div>
   <div class='ocr_carea' id='block_1_103' title="bbox 217 2824 1003 2866">
    <p class='ocr_par' dir='ltr' id='par_1_103' title="bbox 217 2824 1003 2866">
     <span class='ocr_line' id='line_1_103' title="bbox 217 2824 1003 2866; baseline 0 -13"><span class='ocrx_word' id='word_1_735' title='bbox 217 2830 317 2866; x_wconf 72' lang='lat' dir='ltr'><strong>pellare</strong></span> <span class='ocrx_word' id='word_1_736' title='bbox 337 2828 409 2855; x_wconf 89' lang='lat' dir='ltr'><strong>licet.</strong></span> <span class='ocrx_word' id='word_1_737' title='bbox 435 2826 502 2853; x_wconf 79' lang='lat' dir='ltr'><strong>Nam</strong></span> <span class='ocrx_word' id='word_1_738' title='bbox 519 2825 622 2853; x_wconf 87' lang='lat' dir='ltr'><strong>nullum</strong></span> <span class='ocrx_word' id='word_1_739' title='bbox 640 2828 692 2857; x_wconf 88' lang='lat' dir='ltr'><strong>est,</strong></span> <span class='ocrx_word' id='word_1_740' title='bbox 709 2824 782 2860; x_wconf 87' lang='lat' dir='ltr'><strong>quod</strong></span> <span class='ocrx_word' id='word_1_741' title='bbox 806 2833 859 2853; x_wconf 78' lang='lat' dir='ltr'><strong>non</strong></span> <span class='ocrx_word' id='word_1_742' title='bbox 879 2826 1003 2861; x_wconf 84' lang='lat' dir='ltr'><strong>perinde,</strong></span> 
     </span>
    </p>
   </div>
   <div class='ocr_carea' id='block_1_104' title="bbox 1056 2261 1842 2298">
    <p class='ocr_par' dir='ltr' id='par_1_104' title="bbox 1056 2261 1842 2298">
     <span class='ocr_line' id='line_1_104' title="bbox 1056 2261 1842 2298; baseline 0 -9"><span class='ocrx_word' id='word_1_743' title='bbox 1056 2263 1185 2298; x_wconf 85' lang='grc' dir='ltr'><strong>παραινεί</strong></span> <span class='ocrx_word' id='word_1_744' title='bbox 1199 2271 1205 2277; x_wconf 88' lang='grc'>·</span> <span class='ocrx_word' id='word_1_745' title='bbox 1222 2262 1268 2288; x_wconf 64' lang='grc' dir='ltr'><strong>καὶ</strong></span> <span class='ocrx_word' id='word_1_746' title='bbox 1283 2261 1348 2296; x_wconf 72' lang='grc' dir='ltr'><strong>παρ’</strong></span> <span class='ocrx_word' id='word_1_747' title='bbox 1373 2261 1487 2296; x_wconf 83' lang='grc' dir='ltr'><strong>Ἕλλησι</strong></span> <span class='ocrx_word' id='word_1_748' title='bbox 1503 2262 1534 2289; x_wconf 76' lang='grc' dir='ltr'><strong>τὸ</strong></span> <span class='ocrx_word' id='word_1_749' title='bbox 1545 2262 1639 2297; x_wconf 70' lang='grc' dir='ltr'><strong>ἀλφετν</strong></span> <span class='ocrx_word' id='word_1_750' title='bbox 1666 2262 1764 2297; x_wconf 79' lang='grc' dir='ltr'><strong>ζητεῖν</strong></span> <span class='ocrx_word' id='word_1_751' title='bbox 1780 2272 1842 2298; x_wconf 78' lang='grc' dir='ltr'><strong>συμ-</strong></span> 
     </span>
    </p>
   </div>
   <div class='ocr_carea' id='block_1_105' title="bbox 1056 2306 1848 2344">
    <p class='ocr_par' dir='ltr' id='par_1_105' title="bbox 1056 2306 1848 2344">
     <span class='ocr_line' id='line_1_105' title="bbox 1056 2306 1848 2344; baseline 0.003 -10"><span class='ocrx_word' id='word_1_752' title='bbox 1056 2308 1157 2344; x_wconf 86' lang='grc' dir='ltr'><strong>ϐέϐηκε</strong></span> <span class='ocrx_word' id='word_1_753' title='bbox 1174 2307 1324 2335; x_wconf 86' lang='grc' dir='ltr'><strong>καλεῖσθαι.</strong></span> <span class='ocrx_word' id='word_1_754' title='bbox 1341 2306 1423 2334; x_wconf 84' lang='grc' dir='ltr'><strong>Ὅθεν</strong></span> <span class='ocrx_word' id='word_1_755' title='bbox 1441 2307 1561 2342; x_wconf 82' lang='grc' dir='ltr'><strong>δηλονότι</strong></span> <span class='ocrx_word' id='word_1_756' title='bbox 1585 2309 1632 2335; x_wconf 79' lang='grc' dir='ltr'><strong>καὶ</strong></span> <span class='ocrx_word' id='word_1_757' title='bbox 1656 2309 1688 2335; x_wconf 73' lang='grc' dir='ltr'><strong>τὸ</strong></span> <span class='ocrx_word' id='word_1_758' title='bbox 1715 2309 1790 2343; x_wconf 71' lang='grc' dir='ltr'><strong>ἄλφα</strong></span> <span class='ocrx_word' id='word_1_759' title='bbox 1819 2310 1848 2342; x_wconf 77' lang='grc' dir='ltr'><strong>ἐξ</strong></span> 
     </span>
    </p>
   </div>
   <div class='ocr_carea' id='block_1_106' title="bbox 1061 2352 1847 2391">
    <p class='ocr_par' dir='ltr' id='par_1_106' title="bbox 1061 2352 1847 2391">
     <span class='ocr_line' id='line_1_106' title="bbox 1061 2352 1847 2391; baseline 0.004 -11"><span class='ocrx_word' id='word_1_760' title='bbox 1061 2353 1200 2390; x_wconf 79' lang='grc' dir='ltr'><strong>Ἐϐραῖδος</strong></span> <span class='ocrx_word' id='word_1_761' title='bbox 1227 2352 1388 2391; x_wconf 83' lang='grc' dir='ltr'><strong>παρηνέχθη</strong></span> <span class='ocrx_word' id='word_1_762' title='bbox 1410 2355 1450 2387; x_wconf 77' lang='grc' dir='ltr'><strong>εἰς</strong></span> <span class='ocrx_word' id='word_1_763' title='bbox 1477 2354 1525 2391; x_wconf 81' lang='grc' dir='ltr'><strong>τὴν</strong></span> <span class='ocrx_word' id='word_1_764' title='bbox 1552 2354 1702 2391; x_wconf 82' lang='grc' dir='ltr'><strong>Ἑλληνίδα.</strong></span> <span class='ocrx_word' id='word_1_765' title='bbox 1726 2355 1764 2382; x_wconf 81' lang='grc' dir='ltr'><strong>Τὸ</strong></span> <span class='ocrx_word' id='word_1_766' title='bbox 1783 2355 1847 2389; x_wconf 81' lang='grc' dir='ltr'><strong>γοῦν</strong></span> 
     </span>
    </p>
   </div>
   <div class='ocr_carea' id='block_1_107' title="bbox 1059 2399 1848 2438">
    <p class='ocr_par' dir='ltr' id='par_1_107' title="bbox 1059 2399 1848 2438">
     <span class='ocr_line' id='line_1_107' title="bbox 1059 2399 1848 2438; baseline 0.006 -12"><span class='ocrx_word' id='word_1_767' title='bbox 1059 2399 1147 2434; x_wconf 82' lang='grc' dir='ltr'><strong>μόδιον</strong></span> <span class='ocrx_word' id='word_1_768' title='bbox 1161 2420 1168 2432; x_wconf 93' lang='grc'>,</span> <span class='ocrx_word' id='word_1_769' title='bbox 1195 2399 1232 2432; x_wconf 83' lang='grc' dir='ltr'><strong>ὡς</strong></span> <span class='ocrx_word' id='word_1_770' title='bbox 1260 2402 1292 2428; x_wconf 79' lang='grc' dir='ltr'><strong>ἐκ</strong></span> <span class='ocrx_word' id='word_1_771' title='bbox 1320 2402 1372 2437; x_wconf 84' lang='grc' dir='ltr'><strong>τῆς</strong></span> <span class='ocrx_word' id='word_1_772' title='bbox 1394 2402 1534 2438; x_wconf 78' lang='grc' dir='ltr'><strong>Ἐϐραΐδος</strong></span> <span class='ocrx_word' id='word_1_773' title='bbox 1561 2401 1678 2438; x_wconf 83' lang='grc' dir='ltr'><strong>εὑρέθη,</strong></span> <span class='ocrx_word' id='word_1_774' title='bbox 1708 2401 1848 2436; x_wconf 77' lang='grc' dir='ltr'><strong>ὁμολογεῖν</strong></span> 
     </span>
    </p>
   </div>
   <div class='ocr_carea' id='block_1_108' title="bbox 1057 2445 1847 2483">
    <p class='ocr_par' dir='ltr' id='par_1_108' title="bbox 1057 2445 1847 2483">
     <span class='ocr_line' id='line_1_108' title="bbox 1057 2445 1847 2483; baseline 0.001 -11"><span class='ocrx_word' id='word_1_775' title='bbox 1057 2445 1165 2481; x_wconf 84' lang='grc' dir='ltr'><strong>λεχθὲν,</strong></span> <span class='ocrx_word' id='word_1_776' title='bbox 1183 2446 1220 2478; x_wconf 81' lang='grc' dir='ltr'><strong>ὡς</strong></span> <span class='ocrx_word' id='word_1_777' title='bbox 1236 2447 1367 2480; x_wconf 81' lang='grc' dir='ltr'><strong>πολλάκις</strong></span> <span class='ocrx_word' id='word_1_778' title='bbox 1380 2446 1457 2475; x_wconf 80' lang='grc' dir='ltr'><strong>εἷπον</strong></span> <span class='ocrx_word' id='word_1_779' title='bbox 1470 2468 1478 2480; x_wconf 86' lang='grc'>,</span> <span class='ocrx_word' id='word_1_780' title='bbox 1495 2447 1538 2474; x_wconf 78' lang='grc' dir='ltr'><strong>διὰ</strong></span> <span class='ocrx_word' id='word_1_781' title='bbox 1557 2447 1608 2482; x_wconf 82' lang='grc' dir='ltr'><strong>τῆς</strong></span> <span class='ocrx_word' id='word_1_782' title='bbox 1622 2448 1747 2483; x_wconf 84' lang='grc' dir='ltr'><strong>χρήσεως</strong></span> <span class='ocrx_word' id='word_1_783' title='bbox 1759 2447 1847 2483; x_wconf 78' lang='grc' dir='ltr'><strong>ἑρμη-</strong></span> 
     </span>
    </p>
   </div>
   <div class='ocr_carea' id='block_1_109' title="bbox 1056 2492 1847 2530">
    <p class='ocr_par' dir='ltr' id='par_1_109' title="bbox 1056 2492 1847 2530">
     <span class='ocr_line' id='line_1_109' title="bbox 1056 2492 1847 2530; baseline 0.005 -12"><span class='ocrx_word' id='word_1_784' title='bbox 1056 2492 1209 2528; x_wconf 84' lang='grc' dir='ltr'><strong>νευόμενον.</strong></span> <span class='ocrx_word' id='word_1_785' title='bbox 1233 2493 1264 2520; x_wconf 80' lang='grc' dir='ltr'><strong>Εἰ</strong></span> <span class='ocrx_word' id='word_1_786' title='bbox 1284 2494 1323 2529; x_wconf 86' lang='grc' dir='ltr'><strong>μὴ</strong></span> <span class='ocrx_word' id='word_1_787' title='bbox 1349 2494 1404 2530; x_wconf 79' lang='grc' dir='ltr'><strong>γὰρ</strong></span> <span class='ocrx_word' id='word_1_788' title='bbox 1420 2494 1501 2521; x_wconf 81' lang='grc' dir='ltr'><strong>αὐτὸν</strong></span> <span class='ocrx_word' id='word_1_789' title='bbox 1516 2493 1710 2530; x_wconf 81' lang='grc' dir='ltr'><strong>πληρεστάτως</strong></span> <span class='ocrx_word' id='word_1_790' title='bbox 1724 2493 1847 2529; x_wconf 76' lang='grc' dir='ltr'><strong>γεμίσειέ</strong></span> 
     </span>
    </p>
   </div>
   <div class='ocr_carea' id='block_1_110' title="bbox 1055 2539 1847 2576">
    <p class='ocr_par' dir='ltr' id='par_1_110' title="bbox 1055 2539 1847 2576">
     <span class='ocr_line' id='line_1_110' title="bbox 1055 2539 1847 2576; baseline 0.003 -12"><span class='ocrx_word' id='word_1_791' title='bbox 1055 2547 1098 2570; x_wconf 86' lang='grc' dir='ltr'><strong>τις</strong></span> <span class='ocrx_word' id='word_1_792' title='bbox 1110 2559 1118 2573; x_wconf 87' lang='lat'><strong>,</strong></span> <span class='ocrx_word' id='word_1_793' title='bbox 1136 2539 1185 2574; x_wconf 78' lang='grc' dir='ltr'><strong>οὐχ</strong></span> <span class='ocrx_word' id='word_1_794' title='bbox 1203 2539 1345 2575; x_wconf 78' lang='grc' dir='ltr'><strong>ὁμολογεῖ,</strong></span> <span class='ocrx_word' id='word_1_795' title='bbox 1372 2541 1413 2567; x_wconf 83' lang='grc' dir='ltr'><strong>ὅτι</strong></span> <span class='ocrx_word' id='word_1_796' title='bbox 1427 2540 1625 2576; x_wconf 86' lang='grc' dir='ltr'><strong>Πεπλήρωμαι.</strong></span> <span class='ocrx_word' id='word_1_797' title='bbox 1640 2539 1750 2576; x_wconf 84' lang='grc' dir='ltr'><strong>Πλήσας</strong></span> <span class='ocrx_word' id='word_1_798' title='bbox 1776 2539 1804 2567; x_wconf 75' lang='grc' dir='ltr'><strong>δὲ</strong></span> <span class='ocrx_word' id='word_1_799' title='bbox 1817 2539 1847 2566; x_wconf 79' lang='grc' dir='ltr'><strong>τδ</strong></span> 
     </span>
    </p>
   </div>
   <div class='ocr_carea' id='block_1_111' title="bbox 1060 2749 1846 2790">
    <p class='ocr_par' dir='ltr' id='par_1_111' title="bbox 1060 2749 1846 2790">
     <span class='ocr_line' id='line_1_111' title="bbox 1060 2749 1846 2790; baseline -0.008 -8"><span class='ocrx_word' id='word_1_800' title='bbox 1060 2762 1122 2782; x_wconf 90' lang='lat' dir='ltr'><strong>cum</strong></span> <span class='ocrx_word' id='word_1_801' title='bbox 1144 2754 1287 2790; x_wconf 84' lang='lat' dir='ltr'><strong>impletum</strong></span> <span class='ocrx_word' id='word_1_802' title='bbox 1303 2753 1346 2786; x_wconf 88' lang='lat' dir='ltr'><strong>sit,</strong></span> <span class='ocrx_word' id='word_1_803' title='bbox 1354 2753 1470 2790; x_wconf 76' lang='lat' dir='ltr'><strong>plenum</strong></span> <span class='ocrx_word' id='word_1_804' title='bbox 1481 2761 1511 2781; x_wconf 91' lang='lat' dir='ltr'><strong>se</strong></span> <span class='ocrx_word' id='word_1_805' title='bbox 1532 2760 1593 2790; x_wconf 62' lang='lat' dir='ltr'><strong>esse</strong></span> <span class='ocrx_word' id='word_1_806' title='bbox 1610 2751 1738 2790; x_wconf 67' lang='lat' dir='ltr'><strong>fateatur.</strong></span> <span class='ocrx_word' id='word_1_807' title='bbox 1758 2749 1846 2790; x_wconf 43' lang='lat' dir='ltr'><strong>Iside:</strong></span> 
     </span>
    </p>
   </div>
   <div class='ocr_carea' id='block_1_112' title="bbox 1061 2787 1847 2824">
    <p class='ocr_par' dir='ltr' id='par_1_112' title="bbox 1061 2787 1847 2824">
     <span class='ocr_line' id='line_1_112' title="bbox 1061 2787 1847 2824; baseline -0.003 -8"><span class='ocrx_word' id='word_1_808' title='bbox 1061 2797 1108 2817; x_wconf 71' lang='lat' dir='ltr'><strong>ros</strong></span> <span class='ocrx_word' id='word_1_809' title='bbox 1130 2787 1211 2816; x_wconf 74' lang='lat' dir='ltr'><strong>alia&#39;m</strong></span> <span class='ocrx_word' id='word_1_810' title='bbox 1229 2789 1307 2816; x_wconf 86' lang='lat' dir='ltr'><strong>vocis</strong></span> <span class='ocrx_word' id='word_1_811' title='bbox 1325 2787 1517 2824; x_wconf 76' lang='lat' dir='ltr'><strong>etymologiam</strong></span> <span class='ocrx_word' id='word_1_812' title='bbox 1545 2787 1634 2820; x_wconf 83' lang='lat' dir='ltr'><strong>aﬁ‘ert,</strong></span> <span class='ocrx_word' id='word_1_813' title='bbox 1658 2787 1694 2814; x_wconf 86' lang='lat' dir='ltr'><strong>ab</strong></span> <span class='ocrx_word' id='word_1_814' title='bbox 1715 2793 1750 2814; x_wconf 84' lang='lat' dir='ltr'><strong>eo</strong></span> <span class='ocrx_word' id='word_1_815' title='bbox 1773 2787 1847 2823; x_wconf 82' lang='lat' dir='ltr'><strong>quod</strong></span> 
     </span>
    </p>
   </div>
   <div class='ocr_carea' id='block_1_113' title="bbox 1059 2823 1421 2859">
    <p class='ocr_par' dir='ltr' id='par_1_113' title="bbox 1059 2823 1421 2859">
     <span class='ocr_line' id='line_1_113' title="bbox 1059 2823 1421 2859; baseline -0.006 -7"><span class='ocrx_word' id='word_1_816' title='bbox 1059 2826 1094 2853; x_wconf 90' lang='lat' dir='ltr'><strong>sit</strong></span> <span class='ocrx_word' id='word_1_817' title='bbox 1111 2833 1162 2853; x_wconf 85' lang='lat' dir='ltr'><strong>suo</strong></span> <span class='ocrx_word' id='word_1_818' title='bbox 1177 2825 1258 2852; x_wconf 90' lang='lat' dir='ltr'><strong>modo</strong></span> <span class='ocrx_word' id='word_1_819' title='bbox 1274 2823 1421 2859; x_wconf 80' lang='lat' dir='ltr'><strong>perfectus.</strong></span> 
     </span>
    </p>
   </div>
  </div>
