1939 3039
76 159 132 187 233
701 156 744 184 PF.
761 157 808 184 Xll
825 158 877 185 ΟΕ]

931 158 957 184 IS
976 156 1088 184 LIBER.
1659 151 1714 180 294

81 217 150 251 παρ’
181 215 318 251 Ἑϐραίοις
347 215 553 250 ἑκφωνούμενον
569 222 577 230 ’
607 214 686 241 τοῦτο
715 215 746 240 τὸ
776 215 876 250 μέτρον

931 214 994 242 ι)τωὶ
1013 214 1094 242 ctiam
1119 217 1262 248 usurpant.
1279 212 1403 240 Meminit
1426 213 1508 247 hujus
1528 219 1664 241 mensura:
1685 216 1713 241 et

79 262 155 288 ἐστὶν
179 262 210 288 ἐν
224 261 464 296 Χρονογραφίαις
484 259 614 287 Εὑσεὸίου
639 260 686 286 καὶ
711 260 766 286 τῶν
790 260 876 287 ἄλλων

931 259 1061 286 Eusebius
1086 258 1113 285 in
1139 257 1277 285 Chronicis
1310 257 1412 292 aliiquc
1442 257 1611 292 cbronologi.
1634 257 1713 292 Apud

80 307 277 344 χρονογράφων
297 306 461 341 δηλούμενον
475 326 481 338 ,
505 306 542 338 ὡς
555 306 671 336 ἕκαστος
690 305 744 331 τῶν
757 305 817 332 τότε
831 304 877 340 βα-

931 312 999 339 quos
1032 305 1228 338 imperatorum
1265 302 1380 337 quilibet
1412 302 1621 336 magnificentiae
1653 310 1711 329 sate

81 353 177 380 σιλέων
201 352 276 380 κατὰ
299 352 456 388 φιλοτιμίαν
480 351 520 387 τῷ
545 352 624 387 δήμῳ
646 351 789 387 Ῥωμαίων
810 351 877 387 πρὸς

931 349 1098 377 ostentanda:
1121 349 1212 376 studio
1235 347 1406 383 congiarium
1428 347 1526 381 populo
1544 346 1665 373 Romano
1679 348 1714 374 ad

80 400 233 436 εὐφρασίαν
261 399 429 434 ἐχαρίζοντο,
445 398 460 425 ὃ
474 397 654 434 ἑρμηνεύεται
672 397 877 432 συνημμένον,

934 395 1100 432 epulandum
1117 395 1209 430 largiri
1221 394 1341 422 solebat:
1358 402 1417 428 qum
1430 401 1482 420 vox
1497 393 1567 420 idem
1581 393 1715 428 signiﬁcat

79 443 96 477 ἠ
112 443 398 478 σννεστραμμένον.

932 449 964 469 ac
980 441 1160 476 canjunctum,
1179 441 1236 468 sive
1250 444 1470 475 coagmentatum.

83 509 1695 533 Μ

628 590 697 617 ΤΟΥ
717 590 762 617 ΕΝ
781 590 895 617 ΑΓΙΟΙΣ
914 590 1050 617 ΠΑΤΡΟΣ
1069 590 1169 617 ΗΜΩΝ

427 674 741 718 ΕΠΙΦΑΝΙΟΥ
769 674 1103 717 ΕΠΙΣΚΟΠΟΥ
1131 674 1364 717 ΚΥΗΡΟΥ

652 762 724 798 Πρὸς
740 763 872 798 Διόδωρον
885 763 1033 791 ἐπίσκοπον
1047 763 1138 800 Τύρου

184 843 278 870 ΠΕΡΙ
299 841 368 870 ΤΩΝ
383 842 430 869 IB'
447 841 564 869 ΛῙΘΩΝ
583 842 652 869 ΤΩΝ
671 840 794 886 ΟΝΤΩΝ
804 841 857 868 EN
873 842 955 869 ΤΟΙΣ
974 843 1201 870 ΣΤΟΛΙΣΜΟΙΣ
1221 843 1284 869 ΊῸΥ
1300 843 1426 870 ΑΑΡΩΝ
1442 842 1608 871 ΒΙΒΛΙΟΝ.

333 957 381 1002 S.
422 958 474 1002 P.
513 959 571 1002 Ν.
612 959 877 1003 ΕΡΙΡΗΑΝ

931 961 933 1003 ζ
970 959 1244 1004 EPISCOPI
1274 960 1448 1004 CYPRI

682 1061 716 1080 AD
733 1060 871 1082 DIODORUI
887 1063 948 1082 TYRI
963 1062 1110 1083 EPISCOPUI

342 1131 386 1160 DE
405 1131 582 1160 DUODECIM
603 1132 735 1161 GEMMIS
755 1133 837 1167 ρυλε
856 1133 974 1161 ERANT
994 1134 1026 1161 IN
1046 1133 1160 1162 VESTE
1179 1132 1331 1162 AARONIS
1350 1132 1462 1160 LIBER.

679 1210 740 1238 Iota
757 1210 955 1239 [eratarantino
972 1212 1123 1247 interprete.

118 1323 243 1359 ’ῌτησας
260 1322 335 1357 (παρ’
363 1322 429 1357 ἐμοῦ
449 1321 532 1358 [7⁸]),
558 1322 707 1358 τιμιώτατε
730 1322 877 1358 (Διόδωρε),

968 1323 1139 1359 185-225
1152 1323 1230 1357 Quod
1244 1322 1357 1358 petiisti,
1376 1322 1417 1349 vir
1431 1322 1666 1358 praestantissime,
1681 1324 1716 1354 de

81 1367 215 1403 περὶτῶν
235 1369 265 1394 ὲν
281 1367 320 1402 τῷ
335 1367 418 1403 λογίῳ
433 1368 483 1402 τῆς
501 1367 639 1403 ἐπωμίδος
655 1367 702 1393 τοῦ
720 1368 816 1403 ἱερέως
831 1369 877 1395 ἐπὶ

931 1370 1044 1405 gemmis
1067 1377 1135 1403 quas
1159 1370 1185 1395 in
1209 1367 1337 1395 rationali
1358 1367 1415 1394 sive
1436 1367 1548 1395 oraculo
1563 1368 1636 1396 dicto
1651 1378 1716 1405 epo-

81 1414 128 1441 τοῦ
154 1413 271 1449 στήθους
308 1413 410 1449 Ἀαρὼν
437 1413 682 1448 προστεταγμένων
705 1414 766 1440 τότε
789 1414 875 1449 ἐμπε-

931 1414 1009 1441 midis
1028 1414 1177 1441 butncralis
1199 1412 1363 1445 sacerdotis,
1384 1420 1468 1447 supra
1486 1418 1580 1447 pectus
1600 1414 1716 1442 Aaronis

81 1459 242 1494 πορπῆσθαι
266 1458 357 1491 λίθων,
373 1459 422 1490 τάς
443 1467 472 1485 τε
489 1458 648 1493 ὀνομασίας,
670 1458 719 1490 τάς
736 1467 765 1484 τε
783 1459 877 1495 χρόας,

931 1458 1154 1495 Dominusjussit
1165 1465 1180 1484 a
1194 1457 1229 1491 lig
1249 1456 1318 1488 ri.ut
1334 1466 1396 1485 cutn
1413 1466 1508 1486 eorunt
1530 1459 1652 1493 nomina,
1669 1468 1715 1487 co-

81 1504 132 1531 εἴτ¹
159 1502 207 1531 οὖν
226 1505 309 1538 ἰδέας,
327 1504 389 1536 τούς
407 1512 438 1530 τε
458 1503 569 1535 τόπους,
588 1503 634 1530 καὶ
655 1503 704 1535 τὰς
726 1504 765 1535 είς
786 1504 877 1531 θεοσέ-
899 1507 905 1512 '

81 1550 160 1577 σειαν
181 1549 318 1586 φερούσας
333 1550 387 1576 τῶν
406 1549 496 1576 αὐτῶν
515 1549 596 1575 λίθων
614 1549 740 1584 Θεωρίας,
755 1550 802 1576 καὶ
813 1550 878 1576 ἔκαι-

83 1605 144 1628 no;
168 1596 255 1627 λίθος,
273 1595 344 1630 ὑπὲρ
367 1595 447 1626 ποίας
465 1594 552 1629 φυλῆς
577 1594 720 1621 ἐτέτακτο·
744 1594 826 1621 πόθεν
847 1603 878 1622 τε

81 1642 206 1678 εὓρηται,
226 1642 273 1669 καὶ
291 1641 371 1673 ποίας
384 1640 514 1676 πατρίδος
529 1640 578 1675 (8).

117 1729 247 1765 Τετραχῆ
262 1728 291 1755 δὲ
306 1728 451 1765 διαιρεῖται
465 1727 496 1754 τὸ
514 1726 616 1762 λόγιον,
636 1727 685 1754 καὶ
702 1727 767 1754 αὐτὸ
781 1727 877 1762 τετρά-

83 1784 179 1810 γωνον,
196 1773 339 1809 σπιθαμῆς
358 1773 389 1799 τὺ
413 1773 499 1808 μῆκος
521 1772 569 1799 καὶ
594 1771 673 1807 εὖρος
696 1772 807 1807 ὁμοίως.
823 1771 876 1798 Τοῦ

83 1822 133 1857 μὲν
148 1819 258 1856 πρώτου
275 1819 367 1854 στίχου
382 1818 489 1854 πρῶτος
501 1818 575 1850 λίθος
588 1818 707 1853 σάρδιον,
720 1815 779 1844 εἶτα
794 1817 878 1844 τοπά-

82 1867 150 1898 ζιον,
165 1864 226 1893 εἶτα
247 1865 413 1901 σμάραγδος.
431 1864 484 1891 Τοῦ
499 1866 527 1892 δὲ
547 1865 674 1901 δευτέρου
694 1865 786 1900 στίχου
802 1864 878 1900 πρῶ-

81 1920 128 1943 τος
140 1911 214 1943 λίθος
234 1910 347 1946 ἄνθραξ,
371 1908 429 1936 εἶτα
447 1910 609 1946 σάπφειρος,
628 1907 686 1936 εἶτα
707 1909 809 1940 ίασπις.
823 1908 876 1935 Τοῦ

81 1958 174 1993 τρίτου
192 1957 285 1992 στίχου
307 1955 414 1992 πρῶτος
436 1956 520 1988 λίθος,
534 1955 667 1991 λιγύριον,
685 1952 744 1981 εἶτα
760 1954 875 1989 ἀχάτης,

82 2001 144 2030 εἶτα
155 2002 320 2038 ἀμέθυστος.
333 2001 386 2029 Τοῦ
400 2003 531 2037 τετάρτου
545 2002 637 2036 στίχου
647 2001 764 2037 πρῶτος,
777 2000 876 2034 χρυσό-
891 1999 913 2029 C

81 2049 168 2082 λιθος,
191 2046 250 2075 εἶτα
268 2048 421 2085 βηρύλλιον,
439 2046 499 2075 εἶτα
523 2048 640 2083 ὀνύχιον.
656 2047 711 2074 Καὶ
730 2043 803 2073 οὗτοι
826 2045 875 2080 μὲν

82 2095 153 2122 είσὶν
169 2095 194 2121 οἱ
208 2094 252 2130 ιβ’,
267 2095 291 2121 οἱ
306 2095 335 2120 ὲν
351 2095 384 2130 τῇ
399 2094 516 2129 ἐπωμίδι
534 2093 581 2120 τοῦ
607 2093 702 2128 ἱερέως
725 2090 877 2128 ἐξηρτημέ-

82 2150 135 2175 νοι,
151 2137 189 2168 ὧν
204 2141 252 2168 καὶ
263 2140 402 2176 διαφοραὶ,
417 2140 465 2167 καὶ
483 2139 508 2166 οί
523 2139 601 2166 τόποι
616 2135 698 2165 οὗτοι⁸

464 2242 504 2268 A'.

120 2288 235 2325 Πρῶτος
251 2287 325 2319 λίθος
340 2286 449 2323 σάρδιος
465 2287 479 2313 ὁ
493 2284 676 2318 Βαὸυλὼνιος,
696 2284 768 2311 οὕτω
781 2284 878 2312 καλού-

86 2342 178 2370 μενος.
195 2333 275 2360 Ἔστι
293 2333 322 2360 δὲ
338 2331 469 2368 πυρωπδς
482 2331 522 2367 τῷ
538 2330 603 2358 εῖδει
624 2331 673 2357 καὶ
691 2330 877 2365 αίματοειδὴς,

85 2379 191 2416 σαρδίῳ
202 2379 243 2414 τῷ
255 2378 326 2414 ίχθύῖ
337 2377 557 2413 τεταριχευμένῳ
569 2375 665 2407 ἐοικώς
676 2383 683 2390 ⁸
696 2375 736 2402 διὸ
750 2375 798 2402 καὶ
813 2375 879 2410 σάρ-

84 2426 143 2457 διος
169 2425 291 2459 λέγεται,
314 2423 367 2450 ἀπὸ
389 2423 437 2449 τοῦ
457 2422 544 2453 εἴδους
568 2420 659 2447 λαϐὼν
679 2420 710 2446 τὸ
725 2419 877 2454 ἐπώνυμον.

92 2472 139 2498 Ἑν
153 2469 293 2497 Βαϐυλῶνι
307 2468 335 2495 δὲ
347 2469 381 2503 τῇ
394 2467 462 2503 πρὸς
478 2465 622 2501 Ἀσσυρίαν
633 2464 748 2500 γίνεται.
763 2465 841 2490 Ἐστι
851 2463 879 2490 δὲ

86 2515 202 2552 διαυγὴς
216 2516 231 2542 ό
245 2514 319 2546 λίθος
331 2522 338 2529 ·
353 2514 493 2548 δυνάμεως
507 2512 536 2540 δέ
558 2512 617 2538 ἔστι
631 2510 841 2546 θεραπευτικῆς,
857 2505 880 2543 ᾧ

87 2563 240 2597 κέχρηνται
254 2560 280 2587 οι
295 2558 381 2595 ἰατροὶ
397 2559 466 2595 πρὸς
487 2558 632 2594 οἰδήματα,
652 2556 700 2583 καὶ
718 2555 800 2587 ἄλλας
812 2555 880 2590 πλη-

87 2608 141 2642 τὰς
167 2606 221 2634 ὑπὸ
245 2605 356 2641 σιδήρου
375 2604 550 2638 γιγνομένας.
569 2603 648 2629 Ἔστι
669 2601 698 2628 δὲ
721 2601 768 2628 καὶ
789 2600 878 2633 ἄλλος,

88 2651 233 2689 σαρδόνυξ,
253 2650 284 2682 ὃς
299 2650 423 2677 καλεῖται
441 2649 572 2685 μολοχάς’
589 2645 756 2700 μαλακτικός
775 2646 804 2673 δέ
815 2647 878 2700 ,ἐστι
893 2670 917 2700 D

88 2697 302 2734 στεατωμάτων.
317 2696 373 2732 Τῆς
389 2695 422 2730 ,δὲ
445 2694 532 2730 αὐτῆς
558 2694 630 2726 ἰδέας
654 2692 794 2728 τυγχάνει,
811 2692 878 2718 ὐπο-

126 2775 177 2809 (7’)
189 2774 272 2802 Deest
283 2772 402 2809 aliquid,
408 2777 435 2800 et
449 2770 706 2809 setrtent._ia_pendet.

125 2804 174 2844 (εί
184 2804 341 2837 Genuinutu
354 2808 534 2844 etrintegrum
548 2804 698 2844 _Ep_i'phanii_
708 2804 876 2844 opus_de__xtt

89 2838 208 2883 geminis
227 2851 292 2872 esse
304 2838 470 2878 ,perhibetui-
485 2841 558 2877 quod
572 2838 616 2868 'it't
644 2839 756 2880 antiqua
782 2838 878 2865 Latina

929 1505 999 1533 lures
1011 1506 1069 1533 sive
1085 1505 1197 1536 formas,
1211 1504 1296 1536 locos,
1310 1507 1337 1530 et
1349 1511 1410 1539 quae
1425 1503 1530 1531 faciunt
1540 1505 1601 1533 inde
1615 1506 1648 1532 ad
1660 1507 1709 1541 pic-

929 1554 1011 1578 talcm
1024 1550 1226 1581 meditationes,
1238 1554 1293 1576 tum
1307 1550 1388 1576 ctiam
1402 1550 1434 1577 ad
1447 1557 1528 1585 quam
1543 1550 1716 1578 indicandam

928 1595 1030 1622 tribum
1061 1594 1187 1629 quaelibet
1201 1602 1306 1629 gemma
1322 1595 1410 1630 posita
1439 1594 1530 1628 fuerit,
1556 1603 1666 1631 quoque
1688 1597 1715 1623 in

930 1640 990 1667 loco
1004 1643 1030 1666 et
1044 1643 1070 1666 tn
1092 1638 1145 1674 qua
1160 1639 1248 1674 patria
1266 1639 1431 1672 inveniatur,
1448 1639 1474 1667 id
1488 1643 1584 1676 paucis
1604 1641 1652 1668 tibi
1669 1649 1715 1669 ex-

928 1692 1025 1721 ponam
1041 1695 1047 1712 :
1064 1685 1114 1712 hoc
1129 1685 1238 1719 quidem
1253 1686 1289 1712 ita
1302 1693 1332 1713 se
1347 1685 1437 1713 habet.

963 1730 1166 1763 Quadril'ariant
1183 1730 1285 1758 dicitur
1300 1731 1441 1758 rationale.
1453 1730 1485 1758 Et
1498 1731 1586 1766 ipstttn
1599 1731 1718 1767 quadra-

927 1780 984 1803 tum
996 1776 1075 1810 palmi
1093 1776 1286 1811 longitudinem
1298 1783 1330 1803 ac
1342 1776 1513 1803 latitudinem
1526 1777 1616 1804 habet.
1632 1776 1716 1804 Primi

927 1822 1036 1857 quidem
1056 1822 1160 1849 ordinis
1175 1822 1262 1857 prima
1287 1829 1403 1857 gemma.
1429 1822 1548 1855 sardius,
1567 1826 1624 1849 tum
1642 1827 1718 1857 lupa-

927 1866 1068 1898 zius,dcin
1085 1867 1256 1902 smaragdus.
1272 1866 1416 1894 Secundus
1428 1867 1496 1894 ordo
1510 1868 1626 1902 primam
1641 1875 1716 1902 gem-

927 1921 999 1940 tnatn
1024 1913 1104 1939 habet
1130 1913 1341 1944 carbunculum,
1369 1912 1517 1940 secundant
1544 1913 1716 1948 sapphirum.

927 1957 1034 1985 tertiam
1053 1957 1196 1991 iaspidem.
1215 1956 1244 1984 In
1263 1957 1343 1984 tertio
1364 1958 1461 1984 ordine
1480 1962 1554 1989 sunt,
1572 1958 1660 1993 prittta
1681 1958 1715 1985 li—

928 2004 1033 2039 gurius,
1064 2004 1184 2032 secunda
1212 2004 1343 2036 achates,
1373 2004 1453 2031 tertia
1479 2004 1660 2039 amethystus.
1687 2004 1714 2032 ln

927 2054 1035 2085 quarto,
1048 2049 1134 2084 prima
1150 2049 1346 2085 cltrysolithus,
1360 2050 1480 2077 secunda
1493 2050 1624 2085 beryllus,
1637 2051 1717 2077 tertia

928 2094 1083 2128 onycbium.
1099 2093 1131 2120 Et
1147 2094 1207 2121 ista:
1220 2093 1330 2129 quidem
1346 2098 1409 2122 sunt
1425 2101 1463 2120 xtl
1479 2102 1601 2128 getnmte.
1615 2102 1675 2129 qua:
1689 2095 1716 2120 in

928 2140 1063 2167 humerali
1083 2139 1230 2176 (epomide)
1246 2139 1399 2167 sacerdotis
1415 2143 1480 2166 sttnt
1505 2146 1629 2173 annexaz,
1647 2147 1716 2175 qua-

928 2191 989 2212 rum
1007 2188 1064 2212 tum
1079 2184 1238 2212 discrimina
1258 2189 1314 2212 tum
1330 2184 1383 2212 loci
1399 2186 1464 2211 sunt
1480 2182 1524 2211 isti
1539 2192 1546 2211 :

963 2283 1055 2312 Prima
1066 2292 1183 2320 gemma,
1195 2285 1303 2313 sardius
1316 2285 1481 2321 Babylonius
1494 2285 1578 2313 dicta.
1590 2284 1639 2312 Est
1651 2292 1716 2313 vero

930 2329 1016 2357 forma
1040 2329 1129 2364 ignea,
1151 2333 1180 2357 et
1204 2337 1266 2364 qua:
1288 2331 1432 2365 sanguinis
1457 2331 1576 2359 colorem
1601 2329 1714 2359 referat.

929 2374 1023 2403 sardio
1038 2375 1106 2410 pisci
1123 2376 1180 2403 sale
1194 2375 1304 2404 condito
1318 2380 1345 2404 et
1361 2377 1512 2404 inveterato
1525 2376 1623 2404 similis
1636 2385 1643 2403 :
1661 2384 1715 2411 qua

929 2420 964 2448 de
985 2428 1070 2448 causa
1086 2420 1175 2448 etiam»
1191 2421 1300 2449 sardius
1323 2421 1434 2455 dicitur,
1455 2429 1470 2449 a
1495 2421 1584 2449 forma
1601 2421 1714 2456 (coloret

930 2466 1040 2494 nomine
1056 2466 1210 2502 desumpta.
1229 2466 1359 2495 Nascitur
1382 2467 1410 2494 in
1434 2467 1572 2503 Babylone
1592 2467 1717 2502 Assyrio-

930 2519 1003 2539 rum.
1019 2510 1158 2538 Pellucida
1173 2515 1216 2539 est
1230 2520 1236 2538 :
1250 2515 1276 2539 et
1290 2511 1344 2538 vim
1367 2511 1450 2539 habet
1473 2511 1597 2539 medendi
1619 2511 1652 2538 ad
1673 2516 1715 2538 tu-

930 2564 1021 2584 mores
1043 2564 1076 2584 ac
1101 2557 1215 2585 vulnera
1238 2557 1312 2585 ferro
1333 2557 1447 2585 inﬂicta.
1466 2557 1514 2585 Est
1536 2561 1563 2585 et
1586 2558 1638 2584 alia
1656 2564 1717 2591 qua:

930 2601 1068 2638 sardonyx
1087 2606 1212 2634 vocatur,
1230 2603 1313 2638 226
1328 2609 1356 2631 et
1372 2603 1542 2636 moloeltites,
1558 2603 1613 2630 vim
1632 2602 1718 2629 emol-

931 2646 1014 2674 liendi
1029 2651 1190 2675 steatomata
1206 2649 1320 2677 habens.
1338 2648 1467 2684 Ejusdem
1486 2649 1545 2677 haec
1560 2648 1660 2676 coloris
1674 2651 1719 2673 cst

930 2699 992 2720 cum
1016 2693 1168 2728 superiore,
1193 2693 1354 2722 subviridis.
1373 2694 1542 2722 Gravissima
1563 2697 1654 2721 autem
1674 2694 1717 2717 est

931 2769 1058 2810 versione
1069 2773 1263 2810 reperntum_,_ex
1276 2770 1338 2798 cod.
1353 2769 1495 2804 Vaticano,
1508 2769 1607 2805 prodiit
1622 2766 1716 2792 Boium

931 2804 1010 2833 1745.
1029 2803 1193 2833 νίιιοίηίη.
1208 2804 1285 2833 Eutr.
1489 2803 1492 2804 ⁷
1508 2803 1517 2805 “
1672 2822 1674 2825 .
