1939 3039
219 139 273 168 990

922 140 951 166 S.
975 138 1145 167 EPIPIIANII

1800 146 1852 174 500

219 202 353 230 vocatam,
369 204 450 232 quam
468 197 573 233 vulgari
592 198 684 233 lingua
708 198 843 234 Iagnrium
861 198 1007 234 appellant.

1069 200 1092 234 τῇ
1119 201 1204 236 τρανῇ
1227 200 1359 236 διαλέκτῳ
1385 201 1529 237 λαγούριον
1557 202 1677 230 καλοῦσι.
1701 202 1757 229 Καὶ
1782 205 1853 240 τάχα

217 245 249 272 Et
269 245 339 272 forte
357 249 424 281 puto
444 245 518 272 hunc
539 253 602 272 esse
624 245 765 280 ligurium,
787 245 1008 281 quandoquidem

216 291 316 319 divina:
347 291 456 318 Littera:
486 292 596 318 nomina
626 295 865 326 transposuerunt,
892 292 1008 327 exempli

217 338 315 372 gratia,
332 337 508 372 smaragdum
541 338 682 372 prasinum
698 339 878 374 appellantes.
892 338 924 366 Et
937 339 1010 367 inter

217 383 330 410 nomina
342 390 511 417 gemmarum
529 383 685 419 hyacinthi,
706 384 752 419 qui
769 389 795 411 et
811 385 965 419 praecipuus
983 389 1010 412 et

218 429 357 464 pretiosus
377 433 420 456 est
443 428 512 464 lapis
529 433 664 464 notusque
680 431 819 463 omnibus,
838 438 892 458 non
909 431 1008 458 menti-

218 478 320 502 nerunt
339 483 344 501 :
372 478 401 501 ut
425 474 451 501 in
470 479 588 502 mentem
610 476 690 504 nobis
713 477 831 508 venerit,
852 485 915 504 num
940 476 1010 504 forte

219 520 346 556 ligyrium
363 519 434 547 Itattc
447 528 582 554 gemmam
598 522 716 556 appellet
733 526 828 549 saneta
851 521 1007 557 Scriptura.

218 565 390 601 Ilyacinthus
419 566 502 601 igitur
531 567 657 595 diversas
692 567 775 595 habet
805 567 918 596 formas.
948 567 1008 601 Quo

218 613 292 640 enim
315 613 454 648 reperitur
470 613 563 641 colore
582 613 755 649 profundior,
772 622 804 642 eo
821 614 927 642 cateris
943 622 1009 649 pra:-

221 659 340 686 stantior
351 663 403 686 cst.
418 658 524 686 Similis
538 663 582 687 est
595 660 682 688 colori
701 660 771 688 lanae
783 660 827 695 qui
849 668 1008 696 suppurpu-

219 705 306 731 rascit
321 705 507 739 aliquatenus.
525 704 700 741 Quapropter
713 710 804 733 vestes
824 705 1009 734 sacerdolaies

220 750 370 785 hyacintho
392 755 419 777 et
434 758 554 786 purpura
579 756 690 779 ornatas
708 751 792 780 fuisse
808 752 891 778 tradit
915 751 1008 778 divina

222 796 374 830 Scriptura.
399 796 431 823 Et
442 797 548 831 pritnus
570 798 680 832 quidem
698 797 766 832 lapis
797 801 912 825 vocatur
926 797 1010 824 mari-

221 850 287 875 nus;
304 842 451 875 secundus,
470 849 584 876 roseus;
605 844 716 875 tertius,
732 844 862 877 nativus;
881 847 1008 878 quartus,

221 888 398 921 channiicus;
423 888 548 922 quintus.
573 889 740 923 perileucus.
765 889 948 916 Inveniuntur
968 889 1009 916 hoc

220 941 334 969 gemmae
358 933 385 960 in
403 933 528 960 interiori
544 933 675 961 Barbarie
699 933 836 970 Scythiae;
852 939 879 961 et
899 938 1011 969 propter

223 978 296 1014 quod
320 983 386 1005 sunt
419 978 497 1006 valde
520 980 654 1014 pretioszc,
673 980 769 1006 miram
793 987 901 1015 quoque
922 980 1011 1008 eﬂica-

221 1024 290 1051 ciam
303 1024 404 1051 habent
417 1033 423 1050 :
437 1031 499 1051 nam
515 1024 543 1051 in
557 1024 627 1060 ignis
638 1025 772 1052 carbones
786 1025 928 1060 conjecta.
945 1025 1011 1061 ipsa:

220 1069 331 1104 quidem
345 1073 451 1096 tantum
468 1070 546 1097 abest
560 1073 590 1097 ut
604 1071 794 1103 absutnanlur,
813 1075 843 1097 ut
858 1071 933 1106 ipsos
949 1079 1007 1098 car-

226 1117 311 1144 bones
324 1117 515 1151 cxstinguant;
531 1124 580 1144 nec
591 1116 617 1143 id
631 1120 749 1149 tantum,
763 1116 810 1145 sed
826 1117 849 1145 si
864 1119 927 1152 quis
942 1117 1012 1145 hanc

223 1169 357 1196 gemmam
376 1161 526 1197 panniculo
542 1161 690 1188 involutam
715 1161 742 1188 in
758 1161 891 1189 carbones
907 1161 1009 1196 Ignitos

222 1206 384 1241 conjecerit,
400 1207 567 1241 panniculus
578 1214 687 1242 quoque
701 1206 802 1234 illaesus
818 1211 1010 1234 conservatur.

225 1251 330 1278 Dicitur
352 1252 434 1278 etiam
460 1252 520 1279 hate
545 1260 650 1286 gemma
674 1253 829 1279 conducere
851 1252 1012 1280 mulieribus

224 1297 365 1332 par-ituris,
377 1301 405 1324 ut
416 1297 522 1324 facilius
538 1298 654 1332 pariant.
664 1297 798 1325 Praeterea
809 1298 883 1334 fugat
894 1303 1011 1334 spcctra.

530 1363 612 1398 229
623 1363 690 1390 VIII.

260 1410 371 1438 Gcnuna
394 1411 514 1437 achates.
542 1409 617 1436 llanc
640 1417 773 1445 gemmam
802 1411 932 1445 suspicati
950 1417 1015 1439 sunt

226 1457 336 1492 quidam
353 1464 415 1484 csse
440 1463 501 1483 eam
518 1463 577 1490 qua:
593 1456 695 1482 dicitur
712 1456 863 1490 perileucos
876 1477 884 1489 ,
912 1465 972 1491 qua:
986 1457 1013 1484 in

226 1503 365 1540 hyacinthi
388 1504 396 1518 ¹
421 1503 557 1529 mentione
575 1502 647 1529 dicta
663 1506 704 1529 est
730 1510 745 1529 a
775 1503 864 1530 nobis.
884 1503 1015 1531 Mirabilis

1059 245 1139 272 τοῦτο
1162 244 1238 281 οἶμαι
1259 247 1290 273 τὸ
1304 247 1435 283 λιγύριον,
1451 247 1546 284 ἐπειδὴ
1567 248 1595 274 αἱ
1611 248 1680 275 θεῖαι
1695 249 1804 284 Γραφαὶ
1818 251 1855 276 τὰ

1060 290 1179 325 ὀνόματα
1197 291 1297 327 ἑτέρως
1321 293 1551 328 μετεποιήσαντο·
1574 293 1613 325 ὡς
1632 293 1678 319 τὸν
1696 294 1856 329 σμάραγδον

1060 337 1200 371 πράσινον.
1216 337 1270 363 Καὶ
1284 337 1325 364 ὅτι
1343 346 1401 369 πως
1418 339 1446 364 ὲν
1460 339 1494 373 τῇ
1508 338 1562 364 τῶν
1576 337 1656 365 λίθων
1676 339 1782 366 τούτων
1795 339 1856 366 ὀνο-

1062 382 1156 418 μασία,
1169 383 1218 409 οὐχ
1231 383 1406 419 ἐμνήσθησαν
1422 384 1470 411 καὶ
1484 383 1623 416 ὑακίνθου,
1638 384 1727 411 καίτοι
1740 393 1774 419 γε
1787 393 1857 420 προ-

1060 429 1143 455 όπτου
1157 429 1204 456 καὶ
1220 429 1329 464 ἐντίμου
1345 429 1422 461 ὁντος
1443 429 1534 456 λίθου’
1555 429 1625 456 ὥστε
1640 430 1680 462 είς
1693 430 1757 457 νοῦν
1779 432 1855 466 ἡμᾶς

1060 473 1162 507 λαϐεῖν,
1177 474 1281 510 μήποτε
1289 474 1319 500 τὸ
1331 474 1451 509 λιγύριον
1464 474 1543 502 τοῦτο
1550 474 1627 502 καλεί
1639 476 1656 510 ἡ
1671 474 1731 501 θεία
1743 475 1853 511 Γραφή.

1066 520 1208 553 Ὑάκινθος
1231 519 1278 548 οὖν
1295 521 1344 553 τὰς
1362 521 1412 557 μὲν
1439 522 1509 554 ἰδέας
1525 521 1582 557 ἔχει
1604 522 1758 558 διαφόρους.
1778 523 1856 558 ὀσῳ

1060 565 1115 601 γὰρ
1137 566 1292 602 εὑρίσκεται
1310 568 1324 594 ὁ
1340 567 1413 599 λίθος
1435 567 1518 602 βαθὺς
1535 568 1545 583 ¹
1559 569 1592 603 τῇ
1613 569 1703 603 χροιᾷ,
1726 568 1856 595 τοσοῦτον

1061 613 1272 648 ἀναγκαιὰτερός
1284 614 1341 640 ἐστι
1353 613 1407 640 τῶν
1417 613 1514 641 ἄλλων.
1530 613 1622 640 Ἐοιδιε
1632 613 1660 639 δὲ
1677 613 1806 645 ὑάκινθος
1819 615 1854 649 τῇ

1061 658 1160 694 ἐρέᾳ,ἦ
1170 658 1399 694 ὑποπορφυρίζων
1410 658 1421 674 ³
1434 658 1533 690 ποσῶς.
1546 659 1591 685 Διδ
1600 658 1648 685 καὶ
1660 659 1677 694 ἡ
1687 658 1748 685 θεία
1756 659 1856 694 Γραφὴ

1061 703 1090 736 ἐξ
1107 704 1235 731 ὑακίνθου
1251 704 1298 730 καὶ
1310 704 1454 740 προφύρας
1467 704 1501 730 τὰ
1521 704 1645 740 ίερατικὰ
1659 704 1795 739 ἐνδύματα
1808 712 1857 730 κε-

1061 749 1216 784 κοσμῆσθαί
1233 757 1308 784 φησι.
1326 749 1380 775 Καὶ
1393 750 1407 775 ὁ
1428 749 1478 784 μὲν
1503 749 1611 783 πρῶτος
1632 748 1704 780 λίθος
1728 749 1856 776 καλεῖται

1061 795 1239 830 θαλασσίτης’
1255 795 1269 820 ὁ
1290 795 1318 821 δὲ
1338 795 1474 831 δεύτερος,
1493 795 1609 831 ῥοδινός·
1625 796 1639 821 ὁ
1658 795 1760 830 τρίτος,
1775 795 1854 822 νάτι-

1062 841 1125 872 6ος·
1146 842 1160 867 ὀ
1183 841 1312 876 τέταρτος
1330 840 1439 875 λέγεται
1461 842 1612 876 χαννιαῖος·
1636 841 1651 867 ὁ
1667 841 1696 868 δὲ
1715 841 1854 876 πέμπτος,

1063 887 1246 923 παραλεύκιος
1260 887 1281 914 ⁸.
1300 886 1477 922 Εὑρίσκονται
1491 886 1518 912 δὲ
1535 883 1606 913 οὗτοι
1630 887 1657 913 ὲν
1677 887 1710 922 τῇ
1730 887 1858 922 ἑσωτέρςι

1063 932 1197 968 βαρϐαρίᾳ
1206 933 1254 967 τῆς
1264 932 1390 964 Σκυθίας.
1400 929 1480 959 Οὗτοι
1490 932 1518 959 δὲ
1526 933 1551 958 oi
1563 931 1630 958 λίθοι
1643 931 1712 967 μετὰ
1722 932 1769 958 τοῦ
1781 931 1856 959 εἶναι

1063 977 1214 1014 πολύτιμοι,
1227 977 1318 1012 έχουσι
1332 978 1379 1004 καὶ
1402 977 1541 1013 ἐνέργειαν
1561 977 1699 1012 τοιαύτην·
1714 977 1857 1013 Βαλλόμε-

1062 1032 1099 1050 νοι
1122 1024 1162 1056 εἰς
1185 1024 1323 1059 ἄνθρακας
1344 1023 1439 1058 πυρὸς,
1454 1023 1532 1052 αὐτοὶ
1554 1023 1603 1058 μὲν
1623 1024 1654 1050 οὑ
1676 1023 1854 1058 βλάπτονται,

1062 1071 1124 1101 τοὺς
1139 1070 1167 1096 δὲ
1189 1069 1327 1104 ἄνθρακας
1351 1069 1533 1096 σϐεννύουσιν.
1557 1069 1594 1096 οὐ
1615 1068 1695 1104 μόνον
1710 1068 1740 1096 δὲ
1762 1069 1858 1103 τοῦτο,

1064 1115 1132 1142 ἀλλὰ
1147 1115 1193 1142 καὶ
1210 1116 1232 1141 εἰ
1246 1114 1336 1142 λαϐών
1349 1123 1390 1146 τις
1401 1113 1447 1140 τὸν
1459 1114 1532 1140 λίθον
1549 1114 1685 1150 ὲνειλίσσῃ
1699 1114 1790 1149 ὀθόνῃ,
1804 1115 1858 1142 καὶ

1064 1160 1143 1195 ἐπιθῇ
1160 1160 1202 1186 ἐπ’
1217 1159 1356 1195 ἄνθρακας
1379 1159 1474 1194 πυρὸς,
1489 1159 1542 1184 οὐδ’
1557 1157 1626 1194 αὑτὴ
1645 1159 1662 1193 ὴ
1680 1158 1860 1185 καλύπτουσα

1063 1205 1142 1240 ὀθόνη
1168 1205 1334 1239 φλογίςεται,
1353 1204 1422 1231 ἀλλὰ
1444 1203 1517 1239 μένει
1540 1203 1645 1239 ἀσινὴς.
1663 1203 1780 1237 Λέγεται
1796 1203 1826 1230 δὲ
1844 1205 1859 1229 ὁ

1063 1251 1136 1282 λίθος
1153 1252 1212 1282 τοῖς
1231 1250 1387 1282 τικτούσαις
1401 1249 1523 1285 γυναιξὶν
1540 1250 1580 1280 εἱς
1599 1249 1739 1276 εὐτεκνίαν
1755 1258 1859 1286 χρησι-

1066 1296 1169 1331 μεύειν.
1184 1297 1262 1322 Ἔστι
1276 1296 1304 1322 δὲ
1318 1296 1364 1322 καὶ
1379 1295 1527 1330 φασμάτων
1542 1294 1732 1325 ἀπελαστικός.

1436 1365 1476 1390 H'.

1100 1410 1180 1442 Λίθος
1196 1411 1310 1446 ἀχάτης.
1333 1406 1417 1442 Οὗτος
1435 1409 1577 1445 ὑπελήφθη
1602 1407 1672 1437 εἶναι
1693 1409 1858 1444 περίλευκος

1066 1456 1241 1491 καλούμενος,
1259 1456 1288 1488 ὃς
1312 1456 1364 1482 ὑπὸ
1384 1456 1429 1482 τὸν
1449 1455 1576 1482 ὑάκινθον
1596 1455 1763 1491 εὑρίσκεται.
1780 1455 1856 1482 Θαυ-

1068 1502 1168 1536 μαστὸς
1195 1501 1222 1528 Ξέ
1253 1501 1331 1532 ἐστι,
1362 1500 1401 1534 τῷ
1429 1500 1494 1526 εῖδει
1521 1499 1726 1533 ὑποκυανίζων,
1755 1499 1860 1532 ἔξωθεν

225 1555 268 1577 cst
281 1556 386 1584 gemma
398 1548 499 1575 coloris
515 1547 686 1580 subcmrulei,
702 1549 873 1576 extrinsecus
891 1549 1012 1576 circum-

1071 1546 1246 1581 περιφέρειαν
1267 1545 1366 1579 λευκὴν
1389 1544 1468 1579 ἔχων,
1489 1544 1636 1580 μαρμάρου
1649 1544 1750 1580 τρόπον
1765 1543 1782 1579 ἢ
1799 1544 1861 1570 ἑλε-

227 1594 371 1622 ferentiam
386 1594 490 1621 habens
505 1594 594 1621 albam
619 1595 706 1622 instar
731 1595 876 1622 marmoris
893 1595 934 1622 vel
951 1596 1016 1622 ebo-

229 1641 277 1667 ris.
310 1640 449 1667 Invenitur
480 1641 552 1667 circa
588 1640 739 1676 Scythiam.
769 1640 815 1667 E~t
834 1641 916 1668 etiam
947 1641 1018 1669 inter

228 1685 337 1713 achatis
366 1686 493 1721 species,
517 1694 578 1722 quae
604 1687 690 1715 leonis
723 1686 842 1714 ("olorem
868 1687 958 1715 habet.
988 1688 1017 1716 Si

229 1735 334 1760 teratur
359 1740 422 1760 cum
442 1740 530 1767 aqua,
547 1737 572 1759 et
598 1733 721 1760 illinatur
743 1734 845 1760 morsui
871 1739 1017 1767 venenato,

229 1778 328 1805 avertit
343 1778 475 1806 venenum
494 1779 607 1814 scorpii,
621 1779 779 1814 viperarum
807 1784 834 1807 et
859 1779 1016 1814 huiusmodi

230 1828 426 1851 venenatarum
443 1824 601 1851 bestiarum.

602 1881 646 1907 IX.

265 1924 443 1960 Amethystus
457 1932 574 1960 gemma.
597 1924 657 1952 llzec
669 1925 917 1953 circuutferentiam
938 1925 982 1952 Ital
993 1930 1019 1953 et

230 1969 367 2004 profundo
387 1977 436 1997 ceu
459 1970 550 1997 colore
566 1969 680 1997 ﬂamma:
698 1970 858 2004 ardentem;
882 1970 940 2004 ipsa
954 1978 1019 1997 vero

231 2012 451 2041 circumferentia
465 2014 493 2041 in
510 2014 600 2041 medio
611 2015 698 2041 alhior
713 2018 770 2047 est,
791 2018 817 2042 ct
834 2022 848 2041 a
865 2015 929 2042 vino
945 2014 1019 2042 Cra:-

233 2057 274 2084 cis
290 2057 393 2085 dictum
409 2058 526 2086 colorem
550 2059 648 2086 vibrat.
666 2059 764 2086 Forma
790 2060 850 2093 ejus
868 2064 910 2086 est
932 2061 1018 2094 varia,

233 2102 305 2130 forte
319 2107 408 2131 autem
426 2107 452 2131 et
475 2104 533 2140 ipsa
553 2105 579 2132 in
606 2106 745 2133 montibus
769 2105 860 2142 Libyae
886 2107 1018 2135 nascitur.

232 2148 360 2182 Quadam
373 2158 406 2177 ex
422 2150 461 2177 eis
478 2158 548 2185 puro
564 2151 711 2186 hyacintho
735 2156 776 2179 est
797 2153 912 2185 similis,
936 2153 1020 2180 altera

232 2204 297 2223 vero
313 2203 439 2231 purpura:
456 2206 462 2223 :
483 2197 660 2232 nasciturque
675 2197 702 2224 in
721 2197 813 2224 littore
827 2202 853 2225 et
875 2199 1020 2233 praeruptis

234 2241 302 2270 locis
319 2242 402 2270 maris
418 2242 540 2277 ejusdem
557 2241 658 2277 Lybiae.

605 2296 639 2324 Χ.

269 2340 380 2368 Gemma
406 2340 601 2376 chrysolithus.
629 2340 707 2369 Hunc
734 2343 816 2377 aiiqui
841 2345 1021 2382 chrysophyl-

235 2386 290 2412 lum
307 2385 362 2420 (10)
379 2389 520 2412 vocarunt.
535 2384 638 2412 Aurum
657 2387 766 2421 quidem
788 2388 878 2417 colore
902 2397 954 2418 suo
979 2398 1023 2418 re-

237 2432 298 2459 fert.
322 2431 461 2458 Invenitur
476 2434 565 2458 autem
594 2431 620 2458 in
645 2436 726 2467 ptttco
752 2433 869 2468 duplicis
888 2439 971 2470 petra:
988 2436 1021 2463 ad

237 2477 337 2505 mmnia
352 2476 573 2505 Λςιιωιιιυηὶιίᾱίε
585 2477 741 2514 Babylonis.
758 2479 924 2516 Babylonem
940 2482 1021 2509 etiam

237 2527 264 2550 et
278 2527 388 2557 puteum
409 2522 482 2549 illum
496 2522 708 2552 Achmmenitida
727 2527 932 2560 cognominant,
949 2527 1022 2562 quod

238 2569 331 2596 dicant
353 2569 426 2603 regis
451 2569 514 2602 Cyri
545 2574 648 2604 patrem
677 2571 866 2600 Acha-manem
894 2577 1022 2600 vocatum

1069 1591 1196 1625 φαντίνου
1207 1591 1228 1618 ⁸.
1246 1591 1299 1617 Καὶ
1316 1587 1393 1621 οὗτος
1410 1590 1439 1616 δὲ
1454 1589 1518 1624 περὶ
1535 1589 1584 1624 τὴν
1602 1589 1718 1616 Σκυθίαν
1735 1589 1862 1625 εὕρισκε-

1068 1646 1123 1664 ται.
1140 1638 1220 1664 Ἔστι
1234 1637 1262 1662 δὲ
1282 1637 1314 1662 ἐκ
1339 1636 1441 1662 τούτων
1461 1635 1515 1662 τῶν
1537 1635 1618 1661 λίθων
1639 1635 1743 1670 ἀχάτης
1758 1635 1862 1670 χρῶμα

1069 1682 1138 1719 ἔχων
1149 1683 1263 1715 λέοντος·
1280 1681 1442 1719 τριϐόμενος
1454 1681 1482 1710 δὲ
1498 1681 1558 1718 μεθ’
1571 1681 1676 1713 ὓδατος,
1689 1680 1736 1707 καὶ
1749 1680 1861 1716 χριόμε-

1070 1739 1113 1762 νος
1140 1730 1186 1756 ὲπί
1212 1730 1352 1765 δήγματος
1373 1730 1480 1764 θηρίου,
1495 1730 1644 1764 ἀπατρέπει
1661 1726 1700 1756 ἰὸν
1716 1726 1860 1765 σκορπίου,

1070 1777 1116 1803 καὶ
1129 1775 1250 1811 ἐχιδνῶν,
1267 1776 1314 1802 καὶ
1326 1775 1380 1802 τῶν
1393 1775 1532 1803 τοιούτων.

1445 1874 1483 1902 8'.

1105 1922 1184 1953 Λίθος
1192 1921 1352 1956 ἀμέθυστος.
1363 1917 1446 1952 Οὗτος
1454 1920 1523 1947 κατὰ
1531 1920 1580 1955 τὴν
1591 1919 1670 1946 αὑτοῦ
1682 1921 1860 1956 περιφέρειαν

1072 1967 1204 2002 φλογίςων
1215 1967 1273 1993 ἐστὶ
1291 1967 1403 2002 βαθέως.
1424 1967 1455 1993 'H
1468 1967 1495 1993 δὲ
1510 1967 1577 2002 αὑτή
1598 1968 1655 1993 ἐστι
1669 1966 1817 2003 λευκοτέρα
1828 1969 1860 1994 ἐκ

1071 2013 1117 2039 τοῦ
1135 2013 1228 2048 μέσου,
1243 2012 1357 2038 οἰνωπὸν
1372 2003 1574 2048 ἀττοπέμπουσα
1590 2010 1668 2043 εἶδος.
1682 2012 1714 2038 Ἦ
1725 2013 1754 2039 δὲ
1767 2013 1861 2048 μορφὴ

1071 2058 1154 2085 αὑτοῦ
1167 2058 1304 2094 διάφορος.
1321 2059 1398 2093 Τάχα
1411 2058 1439 2084 δὲ
1456 2058 1502 2084 καὶ
1517 2057 1598 2088 αὐτὸς
1612 2058 1641 2084 ὲν
1656 2059 1712 2089 τοῖς
1725 2057 1803 2093 ὑρεσι
1818 2058 1862 2092 γί-

1071 2115 1145 2134 νεται
1159 2107 1208 2141 τῆς
1226 2105 1338 2141 Λιϐύης.
1361 2106 1389 2132 ’0
1410 2105 1460 2141 μὲν
1476 2105 1529 2141 γὰρ
1545 2105 1634 2132 αὐτῶν
1650 2105 1723 2132 ἐστιν
1739 2104 1862 2140 ὑακίνθῳ

1072 2152 1185 2188 καθαρῷ
1201 2152 1398 2188 παραπλήσιος
1420 2151 1434 2177 ὁ
1448 2151 1476 2178 δὲ
1495 2150 1654 2186 ἅμφικὸχλῳ
1666 2149 1732 2186 (Η).
1754 2150 1863 2177 Γίνεται

1039 2228 1059 2255 D
1073 2199 1102 2225 ὲν
1116 2200 1175 2230 ταῖς
1187 2198 1280 2234 δχθαις
1296 2198 1346 2232 τῆς
1367 2197 1503 2232 θαλάσσης
1516 2197 1565 2233 τῆς
1576 2197 1660 2231 αὐτῆς
1675 2195 1790 2233 Λιϐύης.

1106 2344 1185 2376 Λίοος
1212 2344 1380 2380 χρυσόλιθος.
1408 2343 1507 2370 Τοῦτόν
1529 2351 1600 2374 τινες
1620 2341 1804 2377 χρυσόφυλλον
1823 2350 1866 2369 κε.

1075 2390 1203 2426 κλήκασι.
1218 2389 1361 2426 Χρυσίζων
1381 2389 1430 2424 μὲν
1450 2389 1533 2415 ἔστιν.
1559 2388 1721 2422 Εὑρίσκεται
1736 2387 1765 2414 δὲ
1781 2388 1811 2414 ὲν
1825 2388 1866 2423 τῷ

1077 2437 1173 2472 φρέατι
1190 2435 1319 2471 διπέτρῳ,
1340 2434 1417 2470 παρὰ
1435 2434 1466 2460 τὺ
1482 2434 1570 2468 τεῖχος
1583 2434 1632 2468 τῆς
1652 2433 1866 2468 Ἀχαιμενίτιδος

1078 2481 1246 2512 Βαϐυλῶνος.
1279 2481 1334 2516 Τὴν
1370 2480 1424 2515 γὰρ
1460 2479 1608 2505 Βαϐυλῶνα
1642 2479 1689 2505 καὶ
1714 2478 1745 2505 τὺ
1777 2479 1867 2514 φρέαρ

1077 2529 1164 2555 ἐκεῖνο
1187 2527 1385 2563 ’Λχαιμενίτιδα
1408 2526 1545 2559 καλοῦσιν,
1568 2525 1751 2560 ὅτι,φασ“ιν,ὁ
1776 2525 1868 2560 πατὴρ

1078 2573 1169 2609 Κύρου
1194 2573 1241 2599 τοῦ
1266 2573 1409 2608 βασιλέως,
1436 2571 1618 2608 ’Λχιμενεὺς⁶
1635 2571 1770 2597 ἐκαλεῖτο.
1788 2571 1866 2597 Ἔστι

275 2645 284 2660 ¹
299 2645 333 2672 al.
349 2645 567 2686 sub_I_lyaein_tho
580 2649 722 2683 reperitur.
761 2651 771 2666 ¹
789 2649 944 2686 βαθύτερος.
977 2650 987 2666 ³
1003 2651 1014 2684 ἦ

1069 2650 1256 2686 ςοπορφυρίζει.
1295 2650 1306 2666 ⁸
1318 2649 1488 2684 περίλευκος,
1505 2648 1533 2676 in
1548 2647 1671 2684 sequenti
1682 2655 1742 2683 cap.
1783 2647 1794 2663 ⁸
1808 2647 1868 2674 ἐλέ-

241 2688 349 2717 φαντος.
388 2681 398 2696 ⁶
410 2682 596 2717 ’Λχαιμένους.

274 2759 333 2823 310)
351 2760 577 2795 Chrysophyllum
602 2760 646 2786 alii
673 2765 800 2786 auctmes
828 2767 881 2800 non
909 2760 1021 2790 habent,

312 2796 543 2823 chrvsobcrvllutn
563 2815 570 2823 .
587 2802 701 2823 eantque
721 2794 910 2823 Babvlomcam
927 2803 933 2821 ε
952 2794 1021 2823 quod

240 2794 290 2824 sed
312 2794 543 2830 chrysobcryllutn
563 2815 570 2828 ,
587 2802 701 2829 eantque
721 2794 910 2829 Babylonicam
927 2803 933 2821 ε
952 2794 1024 2830 quod

244 2831 307 2859 huic
324 2831 383 2859 loco
400 2831 535 2858 convenit.

1113 2760 1169 2794 (II)
1184 2760 1360 2794 Θαλάσσης,
1385 2761 1427 2787 vel
1452 2759 1588 2794 θαλασσίῳ
1602 2759 1700 2794 κόχλῳ·
1717 2757 1759 2786 vel
1774 2757 1869 2794 potius

1080 2794 1176 2829 αἵματι
1191 2795 1298 2830 κόχλου,
1313 2799 1342 2822 ut
1359 2802 1442 2830 supra
1458 2796 1484 2822 in
1502 2799 1580 2822 sexto
1596 2794 1694 2828 lapide.
