1939 3039
97 170 152 198 Et?)

99 227 192 261 Quid?
217 225 314 254 Nonne
336 227 362 254 ill
386 227 437 254 hoc
457 228 538 254 etiam
557 228 637 256 istius
661 228 722 256 libri
740 227 894 262 fragmento

101 264 181 297 plura
200 266 266 289 sunt
283 262 349 288 satis
369 262 511 296 diligenter
529 267 609 297 atque
631 264 767 290 subtiliter
789 267 894 297 pertra-

100 301 192 329 ctata;
212 301 238 324 et
254 297 358 330 aliquid
375 297 456 323 etiam
471 305 485 323 a
507 299 614 325 nemine
631 298 756 324 fortassis
779 299 833 325 alio
848 305 895 325 ac-

101 337 213 366 ceptum
230 333 380 364 hactenus,
406 333 485 366 quale
507 340 567 360 esse
585 333 691 359 videtur
706 333 772 359 illud
794 334 828 360 de
845 341 894 360 no-

101 367 188 403 mine,
209 374 264 400 quo
279 367 459 403 igiamaritanie
477 367 583 400 littertc,
599 373 626 394 et.
643 367 819 395 Hebraeorum
846 376 894 403 ap-

102 401 296 437 pellebantur?

141 436 253 462 Demum
267 437 366 462 mullos
378 435 442 472 olim
454 435 490 463 De
498 437 606 471 gemmis
620 437 766 472 scripsisse
779 437 893 468 scimus,

123 479 222 506 uorum
237 471 315 506 longa
328 471 397 504 apud
413 471 545 498 llillcruln
560 476 650 499 exstat
664 471 761 502 series.
776 473 826 499 sed
837 473 893 506 jam

115 513 192 542 ermc
209 505 302 542 [uti]
314 513 410 542 omnes
426 507 487 532 tulit
502 511 579 537 astas,
596 508 725 541 quocirca
740 515 772 534 eo
785 505 894 542 quoque

103 541 193 577 magis
219 540 328 577 plurimi
351 540 611 577 llicHtestimandus
623 546 666 569 est
692 541 721 568 S.
750 540 892 577 Epiplla’nii

103 575 348 608 Connuentarius,
372 575 418 610 ubi
447 576 480 603 de
510 577 653 603 duodecim
686 575 894 610 tiretilisiol‘iblls

103 610 221 644 gemmis
237 609 348 644 copiose
363 609 517 637 disseritur.
539 611 593 637 Nec
610 612 670 638 volo
684 609 816 639 indictum
834 620 896 639 sau-

103 645 259 671 ctissimuln
282 644 369 671 virum
391 653 446 672 non
465 646 553 673 solum
571 646 752 674 eruditionem
774 654 851 673 suam
866 647 894 673 in

105 678 159 705 hoc
180 683 263 713 opere
289 679 440 707 luculenter
465 680 624 712 ostendere,
653 681 699 708 sed
723 682 894 715 prudentiam

104 721 234 748 quoque;
250 722 312 750 cum
325 715 398 741 enim
415 715 498 742 miras
515 716 631 749 singulis
644 717 759 750 gemmis
774 721 895 744 assertas

105 750 225 776 virtutes
242 749 352 779 referat,
369 750 502 784 ingenuus
521 749 659 778 fabulosus
679 752 779 784 passim
794 754 875 778 vocat
886 771 894 783 ,

104 784 142 810 ita
167 788 197 810 ut
212 784 300 821 liceat
314 784 385 821 hinc
406 786 476 812 haud
496 786 546 812 levi
565 786 722 820 conjectura
744 786 894 821 augurari,

105 826 166 853 qua:
192 819 262 845 alias
285 819 375 845 minus
397 828 458 846 vera
487 821 589 854 profert
610 819 642 847 ex
665 821 743 848 libris
771 819 895 848 hausisse

105 854 283 888 apocryphis,
297 854 396 887 quibus
408 862 469 881 cunt
483 856 609 889 pietatem
623 855 713 882 fovere
725 857 894 887 viderentur,

106 888 193 914 multa
210 889 300 915 adhuc
320 892 376 915 erat
394 888 555 921 auctoritas,
572 898 623 917 nec
642 890 722 917 facile
741 895 789 917 aut
806 896 894 917 tutlun

105 930 165 950 erat
185 924 337 952 adversari,
358 931 453 950 eorum
472 926 542 951 mala
562 925 613 952 lide
631 933 719 959 neque
738 926 803 952 dum
826 926 894 952 satis

105 962 249 991 conperta
263 964 345 992 atque
357 959 483 992 probata.
499 960 689 993 lmposnerunt
701 960 762 987 libri
776 961 820 987 isti
835 961 895 987 aliis

107 993 327 1029 quoqncrmllllis
342 993 511 1021 doctissimis
523 995 589 1021 viris
606 996 741 1029 primaevae
755 995 894 1026 Ecclesia:

106 1027 282 1054 mendacium
300 1029 371 1064 enim
390 1029 458 1056 bene
477 1027 638 1064 conceptum
668 1030 820 1064 callideque
838 1032 895 1056 vul-

105 1069 199 1096 gatum
224 1063 381 1095 Sagaciores
400 1063 482 1090 etiam
503 1065 628 1092 homines
652 1064 789 1091 interdum
807 1065 893 1095 fall.t,

105 1104 197 1131 neque
216 1097 374 1134 principio,
399 1099 446 1125 sed
466 1100 628 1132 procedente
651 1104 788 1133 tempore,
815 1100 896 1134 quale

106 1136 159 1169 est,
179 1133 251 1169 solet
271 1135 484 1169 tutoeognosci.
503 1134 630 1165 Accedit,
649 1135 722 1169 quod
739 1142 802 1161 eum
819 1133 896 1162 libris

108 1167 163 1193 illis
180 1168 261 1201 vulgo
276 1167 310 1194 ab
328 1167 463 1195 haereticis
479 1169 625 1196 haberetur
640 1167 715 1201 ﬁdes,
732 1170 857 1197 fortassis
869 1173 896 1196 et

108 1201 163 1228 illis
184 1209 293 1239 quoque
316 1203 513 1239 proﬁciendum
535 1212 595 1231 esse
613 1205 639 1231 ill
660 1204 897 1239 disputationibus

106 1241 205 1262 contra
227 1237 369 1265 haireticos
385 1237 557 1265 credebatur.
580 1239 642 1266 llaac
659 1237 748 1266 autem
762 1240 897 1266 admoneo

107 1278 163 1297 non
184 1272 352 1298 inconsulto.
369 1272 429 1299 Non
446 1273 562 1300 deerunt
582 1276 608 1300 in
629 1279 772 1301 auctorum
788 1282 897 1301 errores

108 1306 282 1340 inquirentes
301 1307 435 1337 homines.
452 1315 505 1334 non
523 1314 551 1335 lit
568 1314 691 1340 caveant,
710 1310 757 1336 sed
776 1313 806 1336 ut
823 1310 896 1336 vitu-

107 1345 215 1374 perent,
235 1341 360 1368 homines
386 1343 524 1377 vaniloqui
544 1349 571 1370 et
590 1345 779 1371 maledicendo
797 1344 896 1370 famam

106 1380 134 1414 et
150 1377 268 1414 gratiam
284 1377 435 1414 otiosorum
447 1384 628 1414 aucupantes,
642 1379 689 1413 qui
701 1380 799 1406 librum
813 1380 895 1410 hunc,

107 1409 256 1450 Epiphanii
274 1412 384 1450 nomine
404 1413 510 1443 audito,
522 1409 721 1450 contemnant;
750 1422 855 1446 verum,
871 1415 898 1450 isi

107 1450 183 1481 recte
208 1449 413 1478 existimemus,
444 1449 566 1481 peccavit
592 1457 657 1475 sane
682 1457 736 1476 non
762 1450 846 1476 semel
870 1449 898 1475 ill

106 1480 310 1515 chronologicis
324 1480 504 1516 Epiphanius,
517 1487 543 1510 et
559 1483 693 1510 interdum
709 1485 798 1511 minus
814 1486 898 1511 certis

107 1516 318 1542 narrationibus
331 1517 412 1553 nimis
427 1517 494 1553 lidit.
512 1522 602 1545 tamen
619 1518 684 1547 inec.
699 1526 714 1545 a
728 1519 828 1553 quibus
843 1520 898 1546 fere

107 1558 190 1588 nemo
207 1558 307 1588 expers
329 1552 450 1588 omnino
468 1552 519 1578 fuit
543 1560 575 1580 ex
603 1553 636 1580 iis
660 1552 824 1587 praesertim,
851 1553 898 1588 qui

108 1585 195 1621 multa
213 1585 402 1621 scripserunt,
426 1587 488 1621 ejus
506 1585 718 1615 existimationis
733 1594 759 1615 et
777 1585 899 1615 auctori-

108 1620 174 1646 tatis
187 1620 338 1654 quidquam
356 1620 501 1649 detrahere
515 1623 626 1649 minilne
647 1624 747 1655 valent,
767 1628 793 1651 et
815 1623 900 1650 fatea‘

107 1662 171 1680 mur
199 1656 386 1693 nihilosecius
409 1661 535 1691 oportet,
564 1658 624 1690 ejus
646 1659 749 1693 scripta
779 1665 900 1686 veterum

108 1695 350 1717 monumentorum
368 1692 497 1719 Ecclesia:
518 1692 638 1719 fodinam
656 1701 734 1725 esse.
753 1697 781 1720 ut
797 1695 836 1720 ita
861 1694 901 1719 lo-

107 1732 190 1758 quar,
208 1726 463 1762 locupletissimum,
485 1731 511 1753 et
529 1727 609 1762 plane
623 1727 745 1762 dignam,
762 1733 791 1755 ut
804 1737 900 1756 eorum

108 1765 207 1798 auctor
217 1761 288 1798 apud
305 1760 410 1788 (ἐι-ωερε
422 1762 489 1798 inter
503 1760 612 1797 magno;
625 1760 782 1794 traheretur,
799 1768 829 1790 ut
843 1764 902 1798 qui.

108 1794 169 1832 dem
193 1795 364 1832 habebatur,
390 1796 527 1832 referente
548 1794 704 1832 Augustino
724 1798 752 1825 in
773 1794 902 1825 libro-De

107 1829 253 1868 Iliensibus
278 1831 313 1868 ad
331 1831 545 1868 Quodvultdeth
575 1829 640 1868 hair.
663 1833 707 1864 57,
732 1837 760 1860 et
783 1841 900 1868 quorum

128 1865 330 1903 igerc‘mimnime
345 1867 472 1903 debuerit
488 1869 575 1903 virum
589 1867 743 1899 Hebraicis,
760 1865 882 1903 Syriacis
892 1887 900 1900 ,

128 1873 203 1898 lgere
218 1873 330 1893 minime
345 1872 472 1894 debuerit
488 1875 575 1893 vtrum
589 1872 743 1899 Hebraicis,
760 1872 882 1903 Syriacis
892 1887 900 1900 ,

108 1872 218 1934 rutili
240 1899 358 1932 Grzccis,
383 1901 487 1937 Latinis
506 1901 696 1937 Aﬂgyptiisque
718 1903 817 1930 litteris
837 1911 902 1930 eru~

107 1936 317 1971 ditum._qualis
333 1940 392 1963 erat
408 1936 586 1971 Epiphanius,
606 1936 709 1965 ideirco
726 1938 902 1971 πεπάγλωτ-

107 1978 153 2000 τος
167 1970 201 1996 ab
215 1969 382 2006 Hieronymo
399 1969 529 2006 praeclare
548 1973 638 2001 dictus
657 1973 687 2001 in
709 1973 788 2008 Apol.
807 1969 823 1999 Ι
839 1973 899 2000 adv.

109 2004 248 2038 Ruﬁnum.

123 2013 248 2032 mimum.

489 2052 555 2080 VIII.

489 2052 555 2080 Vlll.

107 2097 146 2124 De
160 2098 231 2124 natis
248 2097 358 2132 adjectis
375 2097 409 2124 ad
430 2052 527 2125 liErum
543 2099 686 2134 Epiphrtuii
703 2099 739 2127 Dc
756 2100 881 2134 gemmis.

143 2143 192 2172 Est
209 2149 301 2171 autem
324 2152 397 2171 nunc
420 2151 436 2171 a
459 2145 520 2172 loco
537 2145 650 2172 minime
675 2145 795 2172 alienum
819 2150 847 2173 et
868 2146 903 2173 de

108 2179 177 2215 meis
192 2179 482 2215 anirnadyetsionibus
496 2181 523 2206 in
537 2181 638 2207 librunl
654 2180 800 2215 Epiphanii
816 2188 902 2215 pauca

107 2214 211 2241 dicere.
230 2214 283 2240 Eas
305 2214 386 2248 igitur
408 2215 534 2249 apposui,
550 2223 620 2250 quas
641 2220 688 2242 aut
707 2214 900 2248 necessarias,

107 2255 155 2275 aut
171 2249 289 2275 multum
307 2250 389 2276 utiles
405 2251 439 2277 ad
458 2249 623 2277 sententiam
640 2250 845 2285 intelligendam
858 2259 902 2277 ra-

107 2288 153 2320 tus
170 2292 242 2314 sum,
262 2288 308 2310 aut
324 2285 419 2312 saltem
435 2285 542 2312 futuras
557 2293 610 2312 non
625 2286 756 2320 ingratas,
772 2287 813 2312 vel
826 2287 899 2320 quod

107 2319 134 2346 in
149 2320 190 2346 eis
205 2320 348 2354 antiquum
367 2320 498 2354 aliquem,
515 2325 562 2347 aut
578 2319 714 2347 recentem
736 2319 898 2355 scriptorem

107 2354 297 2385 emendarem,
317 2355 357 2381 rel
376 2357 447 2389 quod
470 2355 573 2390 aliquid
594 2356 648 2382 rari
672 2355 712 2382 eis
736 2354 899 2383 interserere

107 2389 265 2425 contigerit,
290 2393 336 2415 aut
358 2398 372 2416 ιι
395 2391 503 2417 nemine
518 2389 590 2421 alio,
611 2390 682 2425 quod
704 2391 815 2420 scirem,
830 2392 899 2419 satis

108 2424 263 2460 luculenter
284 2428 491 2458 pertractatuln.
519 2424 652 2452 thteruin
677 2427 762 2452 multo
787 2427 897 2460 quidem

108 2459 312 2495 pluresraﬂ'erre
325 2460 486 2493 potuissem,
499 2461 522 2487 si
536 2461 569 2488 de
579 2461 729 2491 coloribus,
742 2459 896 2495 speciebus,

107 2496 180 2521 veris
196 2494 321 2528 lictisque
333 2495 480 2523 virtutibus
492 2495 682 2530 cujuscunque
700 2494 798 2530 lapidis
812 2502 839 2523 et
865 2497 898 2523 de

107 2531 170 2557 aliis
186 2529 271 2562 huius
291 2530 399 2563 generis
415 2532 496 2558 rebus
515 2529 651 2559 disserere
671 2529 827 2561 voluissem,
850 2533 898 2559 sed

108 2565 229 2592 abstinui
246 2565 385 2596 consulto,
404 2573 437 2593 ne
452 2573 683 2601 supervacaneam
701 2574 757 2592 rem
780 2567 895 2598 fecisse,

107 2605 134 2627 et
155 2608 189 2627 ne
213 2600 379 2634 hypocrisim
398 2602 543 2635 quamdam
563 2601 700 2632 scientiae,
723 2608 787 2627 cum
807 2605 896 2628 tamen

107 2636 199 2671 omnis
211 2636 406 2663 ostentationis
417 2636 538 2671 suspicio
549 2636 666 2670 ingenuo
680 2635 779 2670 cuique
794 2637 897 2663 homini

108 2670 220 2697 vitanda
241 2670 288 2701 sit,
313 2670 726 2699 allectasse'viderer:scilicet
753 2670 897 2705 Epitomen

109 2705 171 2732 libri
188 2705 273 2739 hujus
297 2705 440 2740 Epipbanii
462 2706 614 2734 doctissimi
629 2707 686 2741 jam
703 2706 755 2733 viri
776 2707 897 2734 illustra-

107 2744 183 2776 runt,
201 2741 346 2776 conradus
366 2740 506 2769 Gesucrus
527 2742 675 2768 corollario
697 2745 759 2776 post
773 2749 831 2768 eam
847 2742 896 2768 ad-

108 2774 175 2805 dito.
186 2780 214 2803 et
227 2775 370 2803 Matthqu
384 2775 501 2804 llillerus
511 2778 649 2811 perpetuis
663 2774 736 2803 notis
747 2784 895 2807 exornans.

107 2817 195 2845 eaque
212 2812 324 2842 omnia.
347 2819 407 2845 quae
429 2811 581 2839 Salmasius
598 2813 625 2838 in
654 2811 895 2839 Exercitationibus

109 2844 246 2872 Pliniunis
262 2845 296 2871 dc
312 2844 362 2872 illa?
374 2851 498 2880 annotat,
516 2848 574 2875 suis
598 2847 666 2875 locis
686 2855 844 2881 apponens;
863 2848 897 2874 de

108 2881 221 2913 gemmis
237 2885 329 2909 autem
349 2882 491 2911 ltatlunalc
504 2883 621 2910 Aaronis
639 2883 833 2911 cxornantiblls
850 2891 895 2910 sa-

655 168 784 197 \'ERSIO
803 167 968 201 ANTIQUA.
989 183 1025 188 —
1044 166 1240 195 ΡΒᾸΞΙΤΑΤΙΟ.

1681 169 1733 198 3H

910 236 930 262 Α
945 235 1054 255 crarum
1069 227 1234 254 Litterarum
1244 227 1418 261 interpretes,
1427 231 1453 255 et
1467 228 1501 256 de
1515 227 1655 257 Hebraicis
1664 229 1734 257 anti-

946 263 1098 296 quitatibus
1121 265 1270 289 tractantes
1296 262 1445 296 scriptores
1468 267 1551 296 agunt
1577 272 1688 294 omnes,
1708 268 1736 291 et

946 297 1084 325 Brallnius
1100 297 1135 324 de
1152 297 1269 331 singulis
1285 297 1418 331 singulari
1431 299 1520 331 capite
1537 300 1571 324 ita
1600 299 1736 326 subtiliter

945 337 972 360 ct
987 335 1098 367 copiose
1109 332 1239 359 disseruit
1255 332 1334 368 Ιὶὺηιι
1347 333 1532 368 eruditissimi
1548 334 1647 367 operis,
1660 334 1735 368 quod

945 368 984 394 De
1003 366 1097 394 véstitu
1115 368 1283 394 sacerdotum
1300 366 1474 394 Ilebrtrornm
1488 368 1610 402 scripsit,
1627 373 1656 395 ut
1667 366 1734 395 nihil

945 403 1158 430 desiderandum
1173 402 1207 429 sit
1218 402 1390 436 exquisitius.

980 439 1014 464 At
1028 438 1113 467 enim,
1134 437 1228 471 jcjune
1253 442 1342 463 tamen
1362 441 1389 463 ct
1411 436 1493 463 nilnis
1508 437 1615 463 exiliter
1632 437 1735 464 dictum

945 477 987 500 est
1003 474 1028 499 in
1047 473 1119 499 notis
1135 475 1168 499 de
1185 472 1303 498 Diodoro
1322 472 1379 501 illo.
1396 472 1440 498 cui
1457 472 1554 497 librqu
1575 472 1611 497 lla
1627 473 1735 505 gemmis

946 508 1205 542 Epiphaniuslxxtv
1216 507 1224 542 ]
1234 507 1345 534 dicavit.
1358 506 1461 541 Nempe
1474 507 1517 533 hic
1531 506 1588 533 fore
1600 507 1736 538 futurum,

947 548 975 569 ut
990 545 1022 569 de
1044 551 1075 569 eo
1089 543 1261 569 commodius
1281 546 1307 569 et
1326 542 1407 576 paulo
1441 542 1554 568 liberius
1573 549 1736 575 ageremus,

946 578 1165 609 arbitrabamur;
1188 585 1276 611 neque
1293 578 1363 603 enirn
1383 577 1461 608 levis,
1483 581 1530 603 aut
1548 577 1664 611 illepida:
1679 577 1737 604 dis-

947 614 1098 647 putationis
1111 616 1302 647 argumentum
1317 619 1378 639 esse
1394 611 1510 638 videtur.

1292 656 1305 692 ς
1327 656 1371 684 lx.

946 703 1058 731 Cuinam
1077 703 1194 730 Diodoro
1211 704 1341 736 episcopo,
1360 702 1457 729 librum
1473 710 1550 729 suum
1569 702 1606 730 De
1623 701 1739 738 gemmis

1159 738 1322 773 Epiphanius
1337 737 1508 765 dedicaverit.

981 786 1086 813 Auctor
1099 785 1178 812 nobis
1190 790 1231 812 est
1249 784 1395 812 Facundos
1408 783 1625 815 llermianensis,
1639 783 1740 810 Diodo-

946 828 1007 847 rum
1036 821 1111 847 illllm
1135 828 1189 846 non
1213 828 1273 847 esse
1298 820 1399 850 alium,
1426 826 1506 852 quam
1531 819 1740 846 celeberrimum

945 856 1104 890 episcopum
1120 854 1210 890 Tarsi,
1224 855 1304 887 cujus
1316 854 1424 890 auditor
1434 853 1598 880 Theodorus
1614 853 1741 887 Mopsue-

947 889 1047 917 stenus
1066 891 1127 921 fuit,
1148 895 1174 918 et
1199 889 1227 916 S.
1251 890 1371 916 Joannes
1396 889 1625 923 Chrysostomus;
1644 889 1740 915 titulus

946 929 1036 952 autem
1062 925 1203 955 Epitomes
1223 932 1237 951 a
1256 923 1379 951 Gesnero
1405 925 1487 950 editae
1507 923 1653 950 Diodorum
1681 924 1741 958 epi-

946 967 1061 994 scopum
1080 960 1144 994 Tyri
1170 967 1231 986 cum
1248 963 1346 985 vocat:
1369 959 1545 992 'E'mgm-lov
1555 959 1739 994 ἐπισκόποιε

946 991 1069 1027 Κύἆτρου
1093 991 1168 1027 ἁμὸς
1190 993 1337 1026 Διόδωρον
1360 991 1530 1019 ἐπίσᾶισπίν
1553 992 1647 1025 Τύρου
1673 991 1741 1026 περὶ

946 1028 1006 1055 τῶν
1018 1029 1134 1055 δώδεκα
1142 1030 1245 1059 λίθων,
1257 1033 1310 1055 etc.
1327 1028 1420 1062 Neque
1431 1035 1496 1054 vero
1507 1027 1666 1054 addubitare
1679 1027 1741 1053 licet

947 1073 980 1091 ne
999 1068 1045 1090 aut
1069 1064 1173 1091 codicis
1193 1063 1354 1090 Gesneriani
1377 1061 1516 1097 scriptor,
1536 1066 1583 1088 allt
1603 1061 1741 1090 Gesnerlls

948 1099 1006 1134 ipse
1032 1099 1124 1132 poov
1143 1106 1191 1133 pro
1214 1098 1330 1134 Tapu'ot')
1354 1098 1509 1134 accept-rint
1528 1097 1686 1134 scriptionis
1704 1097 1741 1123 si-

948 1131 1103 1160 militudine
1115 1131 1231 1168 déccpti.
1247 1133 1322 1159 Multi
1336 1136 1400 1159 stlnt
1410 1131 1436 1158 in
1447 1131 1578 1168 Vaticana
1591 1132 1656 1168 bibl.
1671 1139 1740 1168 mss.

948 1169 1070 1198 codices.
1087 1169 1135 1202 qui
1148 1165 1240 1195 varias
1261 1168 1322 1194 libri
1340 1168 1483 1202 Epiphanii
1499 1166 1536 1193 De
1553 1167 1661 1202 gemmis
1677 1165 1742 1200 Epi-

949 1209 1036 1230 tomes
1052 1201 1206 1235 continent,
1222 1203 1269 1230 sed
1285 1201 1373 1229 solum
1387 1203 1440 1229 duo
1455 1203 1481 1229 in
1499 1202 1579 1228 titulo
1595 1201 1742 1227 Diodorum

948 1240 1100 1270 nominant,
1118 1246 1213 1272 nempe
1228 1239 1312 1265 codex
1325 1237 1357 1263 71
1375 1238 1445 1264 inter
1464 1244 1512 1264 eos
1530 1237 1576 1272 qui
1596 1236 1742 1262 Christina:

950 1273 1100 1300 Succorum
1117 1271 1216 1307 reginae
1231 1277 1320 1302 erant.
1342 1280 1401 1307 pag.
1419 1272 1463 1303 8‘2,
1480 1276 1505 1298 et
1523 1271 1606 1298 codex
1625 1271 1743 1307 597intcr

948 1316 1006 1339 eos,
1032 1308 1081 1344 qui
1103 1306 1181 1344 erant
1195 1307 1244 1344 rl’ii
1263 1307 1300 1344 ll,
1316 1306 1387 1342 pag.’
1402 1307 1466 1338 “227',
1483 1312 1518 1344 et
1529 1310 1643 1344 uterque
1656 1306 1743 1344 habet

952 1340 1056 1377 Τύροιὶ.
1074 1342 1102 1369 Ιιι
1119 1343 1249 1377 Catalogo
1266 1340 1437 1369 etiam—mss.
1458 1342 1592 1377 codicum
1608 1341 1672 1377 bibl.
1690 1340 1743 1367 lte-

948 1376 999 1413 gite
1016 1381 1082 1405 tom.
1099 1377 1129 1409 ll,
1148 1376 1279 1412 pagﬁ30‘2
1303 1377 1375 1404 inter
1391 1381 1571 1413 cretera,>qu:e
1587 1376 1743 1413 indicantur

949 1411 1011 1440 esse
1024 1413 1051 1439 ill
1063 1412 1124 1439 cod.
1144 1411 1212 1439 {782
1224 1417 1392 1439 meumratnr
1406 1421 1412 1439 :
1431 1411 1594 1446 Epiphanius
1605 1412 1742 1444 episcopus

949 1447 1031 1481 Cypri
1045 1447 1080 1474 ad
1098 1447 1245 1474 Diodorum
1262 1446 1323 1482 Tyri
1340 1448 1487 1481 episcopum
1503 1446 1534 1473 de
1549 1446 1686 1472 duodetim
1701 1446 1743 1482 la-

949 1483 1056 1517 pidibus
1068 1484 1094 1508 in
1108 1483 1221 1510 vestibus
1233 1482 1359 1509 Aaronis.
1379 1483 1471 1514 Itaque
1485 1482 1647 1515 quaestionis
1659 1481 1742 1514 hujus

950 1522 1038 1545 status
1063 1518 1206 1545 nascitur:
1223 1518 1394 1545 erraveritne
1412 1517 1569 1549 Facundus,
1592 1524 1626 1542 an
1645 1521 1743 1542 aullor

952 1553 1100 1587 Epitomes.

987 1587 1015 1615 Id
1032 1592 1121 1614 autem
1143 1591 1172 1614 ut
1185 1587 1304 1620 facilius,
1319 1587 1478 1622 diligentius
1491 1590 1572 1620 atque
1585 1585 1743 1622 distinctius

951 1623 1140 1657 expediamus,
1163 1623 1189 1649 in
1212 1623 1310 1657 primis
1330 1623 1462 1657 optimum
1479 1622 1601 1657 proli-clo
1618 1621 1669 1647 erit
1686 1622 1740 1647 ani-

952 1657 1142 1689 madvertere,
1167 1661 1196 1684 ut
1222 1658 1368 1692 plurimum
1386 1666 1440 1684 non
1459 1666 1520 1684 esse
1537 1665 1600 1684 usos
1618 1661 1723 1683 veteres
1735 1676 1742 1685 .

952 1700 1014 1719 cum
1028 1693 1166 1727 episcopis
1178 1691 1343 1724 scriberent,
1356 1693 1532 1728 episcopatus
1545 1700 1638 1718 eorum
1654 1691 1742 1728 locum

951 1728 1123 1763 exprimere;
1145 1729 1225 1763 cujus
1241 1728 1278 1754 rei
1291 1728 1478 1762 exemplorum
1495 1727 1566 1761 pleni
1583 1730 1654 1763 sunt
1669 1727 1743 1763 libri.

951 1761 1099 1797 Epistolam
1112 1761 1192 1790 etiam
1205 1763 1289 1792 illam.
1310 1761 1427 1797 quacum
1441 1762 1609 1796 Epiphanius
1628 1761 1744 1788 Diodoro

951 1798 1081 1832 episcopo
1096 1799 1194 1825 librum
1210 1798 1249 1824 De
1265 1798 1372 1832 gemmis
1389 1797 1473 1827 misit,
1488 1798 1574 1823 luisse
1594 1797 1674 1822 talem
1690 1803 1744 1822 non

952 1833 1039 1867 solum
1055 1841 1114 1859 mos
1130 1833 1182 1859 iste
1197 1832 1304 1863 snadl‘t,
1320 1832 1367 1858 sed
1383 1836 1512 1867 praeterea
1528 1839 1607 1867 exeo
1619 1838 1744 1867 conpro-

953 1867 1010 1893 bari
1024 1866 1029 1902 Ι
1043 1867 1265 1902 xxvlcxistimo,
1279 1867 1359 1901 237
1378 1864 1451 1900 quod
1463 1867 1533 1902 italis
1552 1866 1586 1902 sit
1603 1865 1674 1899 apud
1692 1864 1743 1902 Fa-

952 1899 1070 1928 cuud'llm
1083 1921 1090 1932 ,
1106 1899 1139 1929 ἐι
1155 1902 1217 1928 talis
1239 1899 1350 1937 quam;
1368 1899 1395 1928 in
1419 1901 1480 1927 cod.
1493 1900 1653 1937 ‘V'alicano,
1672 1899 1744 1937 unde

952 1943 1002 1970 ego
1029 1937 1100 1963 illam
1131 1935 1251 1970 accepit
1268 1944 1356 1970 neque
1375 1939 1418 1963 est.
1444 1935 1644 1964 omittendum,
1671 1935 1743 1968 quod

952 1971 1033 1998 etiam
1049 1971 1212 1998 Anastasius
1225 1971 1329 1997 Sir-aila
1344 1971 1444 1997 librum
1460 1971 1496 1996 Ile
1505 1970 1614 2004 genituris
1628 1970 1743 1996 laudans

953 2006 1004 2032 sub
1025 2007 1135 2033 nomine
1151 2007 1211 2033 libri
1236 2005 1378 2040 Epipllanii
1394 2006 1429 2031 ad
1449 2006 1604 2035 Diodorum.
1621 2004 1679 2040 litec
1699 2013 1744 2031 se-

953 2041 1008 2068 lunl
1033 2041 1131 2068 habet:
1147 2041 1325 2075 Ἐπιφανίου
1340 2041 1414 2074 πρῦς
1437 2040 1593 2073 Διόδωρον.
1619 2039 1677 2066 I-loc
1696 2046 1744 2065 co-

952 2077 1038 2111 gnito.
1069 2081 1125 2103 tunl
1153 2076 1328 2107 l"acundum,
1353 2080 1410 2102 tllln
1438 2075 1743 2111 lipitomes‘auctorem

953 2109 1060 2138 aliunde
1074 2111 1182 2146 quidem
1200 2111 1304 2146 petitis,
1321 2118 1402 2145 quam
1419 2111 1524 2146 artitulo
1537 2109 1625 2146 ipsius
1640 2109 1744 2144 episto-

954 2147 986 2173 lte
1006 2144 1147 2180 Epiplianii
1161 2166 1168 2177 ,
1194 2144 1336 2172 mutuatos
1349 2153 1411 2173 esse
1434 2144 1544 2171 Diodori
1569 2146 1744 2180 episcopatus

953 2178 1069 2212 noineil',
1094 2189 1148 2208 non
1176 2181 1312 2208 immerito
1328 2180 1459 2208 creditur.
1487 2180 1555 2206 Cum
1576 2185 1665 2206 alitem
1692 2178 1744 2205 Fa-

953 2217 1035 2243 clmdi
1067 2217 1218 2244 auctoritas
1246 2217 1375 2251 anonymi
1411 2213 1744 2251 scriptorisauctoriﬁlti

921 2248 940 2276 Ι)
953 2252 1144 2283 comparabilis
1159 2259 1219 2278 esse
1236 2260 1290 2278 noli
1308 2248 1442 2282 videatur,
1456 2248 1488 2277 eo
1504 2250 1590 2284 magis
1606 2249 1677 2284 quod
1695 2248 1744 2275 Fa-

951 2288 1059 2313 cnnlllls
1075 2294 1130 2313 non
1148 2287 1264 2313 multum
1286 2292 1346 2320 post
1359 2285 1501 2320 lipipbanii
1514 2289 1620 2311 .‘etatcm
1636 2285 1743 2311 clarue-

951 2323 1003 2350 rit,
1020 2325 1046 2348 et.
1064 2321 1134 2348 inter
1153 2321 1262 2348 Graecos
1279 2319 1325 2348 diu
1346 2319 1471 2348 versatus
1489 2321 1543 2349 sit,
1566 2319 1744 2346 sententiam-

950 2364 1003 2391 qlle
1020 2357 1093 2383 illiilli
1109 2358 1135 2383 ill
1161 2357 1229 2383 libro
1245 2357 1280 2382 at!
1294 2355 1478 2391 Justiniauum
1493 2356 1694 2388 imperatorem,
1716 2357 1746 2381 et

950 2390 1077 2418 coiisulto
1090 2391 1211 2426 quidem,
1225 2396 1253 2418 ut
1268 2391 1412 2418 Diodorum
1439 2390 1601 2426 Tarsensem
1615 2397 1629 2416 a
1641 2391 1744 2426 sanctis

950 2426 1078 2454 Patriblls
1100 2425 1241 2453 laudatum
1267 2427 1351 2452 fuisse
1370 2427 1549 2455 demonstret,
1574 2425 1742 2456 inseruerit,

949 2462 1022 2496 quod
1044 2461 1172 2488 Facundo
1191 2462 1227 2488 sit
1251 2463 1389 2490 standum.
1413 2468 1504 2487 nonne
1530 2460 1619 2495 primo
1644 2460 1743 2486 intuitu

950 2497 1032 2524 facile
1048 2498 1073 2523 in
1090 2500 1208 2523 mentem
1225 2498 1309 2527 venit,
1328 2501 1355 2523 et
1373 2496 1452 2522 facile
1465 2503 1515 2530 pro
1530 2503 1609 2530 aequo
1627 2495 1744 2522 habetur

949 2537 976 2559 et
993 2532 1068 2558 luto?

987 2566 1085 2593 Verum
1112 2570 1206 2593 contra
1232 2566 1314 2593 sentit
1335 2565 1539 2597 Tillemonlius,
1568 2566 1614 2600 qui
1637 2565 1744 2593 Facun-

949 2601 1012 2629 dum
1037 2603 1105 2629 alias
1122 2609 1231 2635 quoque
1255 2601 1386 2636 epistolas
1411 2601 1525 2628 inferius
1546 2601 1743 2629 describendas

950 2637 1068 2672 (duabus
1082 2637 1267 2672 potissimum,
1282 2637 1445 2671 quibuscum
1464 2637 1575 2670 reliqua:
1590 2641 1664 2663 certe
1676 2644 1742 2663 con-

949 2673 1073 2703 veniunt,
1084 2671 1123 2698 ad
1143 2671 1325 2707 detegendum
1339 2672 1431 2698 dolum
1448 2671 1639 2698 sternentibus
1657 2672 1742 2707 viam,

948 2712 975 2734 et
994 2715 1109 2741 quarum
1128 2706 1214 2733 altera
1231 2707 1375 2734 Athanasii
1391 2710 1444 2737 est,
1461 2707 1545 2733 altera
1559 2706 1741 2740 quorumdam

948 2742 1141 2777 episcoporum
1175 2741 1298 2776 Egypti)
1329 2742 1363 2768 ad
1398 2741 1547 2768 Diodorum
1578 2741 1741 2777 Tarsensem

949 2775 1091 2812 perperam
1110 2775 1237 2804 retulisse
1249 2775 1323 2804 adeo
1335 2777 1459 2812 animose
1475 2777 1628 2803 contendit.
1647 2779 1676 2812 ιιι
1688 2775 1740 2812 ~de-

948 2809 1102 2839 inonstrarc
1130 2819 1159 2838 se
1184 2812 1249 2838 illlld
1278 2816 1364 2846 putet.
1403 2811 1550 2838 Enimvero
1577 2809 1741 2846 gravissima

948 2851 1022 2877 sunt,
1050 2854 1117 2882 quae
1136 2846 1169 2872 ad
1194 2847 1246 2873 hoc
1274 2842 1407 2882 congerit,
1429 2842 1600 2880 argumenta,
1622 2847 1681 2869 not.

947 2886 974 2910 et
993 2882 1027 2910 99
1047 2880 1084 2909 De
1098 2880 1127 2908 S.
1143 2882 1287 2914 Albanam,
1313 2880 1365 2908 etc.
1389 2880 1489 2906 Eorum
1516 2884 1620 2913 partem
1640 2880 1742 2913 t‘cpctit

913 1577 934 1606 C
