1939 3039
268 131 319 158 5'25

267 188 467 216 benedictionem
486 191 642 218 miraculum

265 234 384 269 conligit,
407 240 430 262 et
451 235 642 270 Samaritonw,

266 287 313 312 pro
324 289 394 315 aqua
408 282 528 308 sensibili
539 282 644 310 Domini

266 327 422 359 mysterium
448 327 614 355 revelabatur
634 337 644 355 :

264 371 302 398 sic
309 376 333 398 ct
342 372 426 404 nobis,
434 373 534 408 exiguis
543 379 645 402 exstan-

266 415 345 449 tibus,
359 418 405 444 sed
417 426 481 446 novo
499 419 641 454 intellectu,

264 467 289 489 et
303 471 369 490 nova
377 465 534 499 cognitione,
545 470 569 493 et
577 474 642 493 nova

265 510 366 536 ratione
381 510 544 538 abundantia
563 511 641 538 undi-

263 564 311 590 que
333 557 424 590 effectu
445 563 494 589 est,
511 559 591 585 veluti
608 568 640 586 ex

263 608 358 635 magna
372 601 495 628 imbrium
511 603 639 637 emtsione

261 657 309 682 rer
337 651 481 677 oralionem
511 651 578 678 Είίιυ
615 658 639 680 et

262 696 376 723 aliorum
432 698 638 732 prop/telarum,

261 750 372 776 quorum
387 748 412 770 et
424 743 508 777 ﬁlius,
524 749 548 771 et
562 744 639 772 disci-

260 788 386 820 pulus,ct
408 797 545 816 successor
567 792 638 818 exsi-

265 833 314 859 alis
346 834 520 866 honorabilis,
550 836 636 862 susci-

264 879 338 913 piens
374 881 545 914 propinquam
581 882 636 909 illis

260 924 327 950 lianc
334 925 446 958 gratiam
458 934 473 951 α
483 925 604 959 Domino,
612 931 635 953 el

260 970 332 996 nobis
342 978 387 1004 per
398 972 543 998 orationem
560 973 637 998 attri-

260 1017 351 1044 (mens.

894 136 982 164 LIBRI
1005 136 1046 164 DE
1066 136 1112 164 XII
1133 137 1264 166 GEMSIIS

1845 146 1894 172 ΞΠ

681 193 830 229 lapidibus,
847 196 892 230 qui
912 196 938 222 in
965 204 1057 231 super-
1071 200 1091 228 Α
1109 198 1202 226 tudine
1216 199 1335 234 palmum
1352 208 1446 228 unum.
1459 199 1542 227 Primi
1559 207 1624 236 ergo
1643 208 1740 229 versus
1753 201 1824 230 ordo
1837 208 1894 231 est:

681 238 830 266 humcralis
845 239 980 267 Rationall
994 249 1057 276 pon-

679 285 773 318 tilicis,
788 290 854 313 tunc
868 294 949 321 super
962 293 1056 321 pectus

679 330 770 358 Aaron
797 333 895 367 apponi
925 333 1054 367 prlecepti

679 381 753 409 sunt,
770 382 799 404 ut
817 379 927 405 nomina
948 386 1054 413 eorum,

678 428 704 451 et
733 424 857 456 colores,
883 429 911 451 et
937 425 1053 459 species,

677 477 782 497 necnon
809 475 835 498 et
852 470 921 504 loca,
934 478 981 498 seu
993 478 1056 498 eon-

677 517 886 552 templationes,
918 525 988 552 quas
1019 517 1054 545 ad

679 562 798 589 divinum
835 563 937 589 cultum
984 563 1054 591 refe—

676 616 748 642 rant,
769 611 925 646 singulique
949 611 1054 646 lapides

677 665 725 692 pro
749 665 802 692 qua
831 658 903 684 tribu
921 657 1051 692 impositi,

675 703 716 730 vel
733 704 806 731 unde
826 703 940 739 reperti,
964 703 1004 731 vel
1019 711 1051 734 ex

676 756 729 784 qua
764 750 850 784 patria
883 749 1034 784 probemur
1043 769 1051 782 ,

675 803 819 831 exponam.
841 795 874 822 lit
895 796 974 823 nobis
995 797 1053 831 qui-

674 843 747 876 dem,
758 843 906 870 memoravi
920 848 1049 878 tanquam

674 891 792 926 prml‘atm
820 891 916 924 vidure,
940 895 1052 927 propter

674 938 795 973 inopiam
839 938 957 965 dillieilis
992 943 1051 966 erat

674 983 770 1010 horum
788 991 900 1018 prorsus
917 983 996 1019 24],
1011 983 1049 1019 [5]

674 1029 804 1056 inventio.
818 1029 916 1057 Verum
927 1031 997 1056 sicut
1011 1029 1050 1056 illi

260 1081 307 1108 per
323 1074 538 1102 benedictionem
554 1076 679 1103 miranda
692 1083 735 1103 res
751 1076 861 1108 accidit,
883 1080 910 1103 et
928 1075 1050 1102 Samari-

259 1123 328 1146 tana:
346 1128 394 1154 pro
416 1128 485 1154 aqua
501 1121 623 1148 sensibili
650 1120 844 1156 mysteriorum
872 1120 980 1147 Domini
995 1127 1051 1146 mu-

259 1171 310 1190 nus
336 1168 499 1192 ostcnsutn:
522 1166 561 1193 sic
586 1166 665 1193 nobis
692 1166 774 1192 nimis
800 1165 946 1200 sapientia,
969 1169 1050 1199 atque

258 1208 383 1241 scicntia,
401 1213 427 1236 et
443 1218 570 1238 sertnone
587 1210 728 1238 destitutis
752 1209 808 1245 (‘20)
828 1209 949 1244 undique
964 1209 1050 1236 Iacul-

258 1258 300 1280 tas
317 1260 358 1281 est
383 1255 526 1287 attributa,
553 1256 627 1282 velut
643 1264 676 1283 ex
703 1255 797 1282 multis
817 1254 950 1280 imbribus
968 1253 1048 1281 l'ertili

258 1300 381 1334 largitate
407 1300 526 1332 dillusis,
551 1301 615 1327 Elia:
638 1300 776 1335 precibus.
799 1299 969 1334 aliorumque
990 1306 1050 1333 pro-

258 1347 409 1379 phetarum,
435 1354 552 1381 quorum
574 1346 626 1378 Tu,
656 1346 738 1376 lilius,
757 1345 918 1380 discipulus,
939 1349 965 1372 et
983 1352 1041 1372 snc~

256 1399 349 1419 cessor
369 1392 533 1419 venerabilis
557 1391 730 1425 approbaris,
755 1391 896 1424 accipiens
922 1398 993 1421 eam,
1017 1394 1046 1416 ut

257 1437 306 1469 illi,
322 1444 336 1463 a
361 1437 475 1464 Domino
495 1437 713 1472 gratiam,nobis
736 1443 851 1471 eamque
878 1436 1048 1464 orationibus

256 1483 311 1510 tuis
327 1483 494 1517 impertiens.

291 1525 369 1553 Unde
382 1527 438 1560 jam
454 1526 488 1553 de
503 1526 546 1553 his
570 1526 697 1561 incipiam
720 1527 812 1554 dicere
830 1536 836 1554 :
856 1526 974 1561 primum
991 1526 1046 1562 qui-
1059 1544 1080 1572 ε

256 1572 316 1598 dem
346 1572 450 1598 veniam
475 1579 603 1606 poscens,
631 1578 659 1600 et
682 1573 814 1608 propositi
841 1574 894 1600 mei
924 1573 1045 1600 studium

256 1615 430 1652 patefaciens,
448 1617 510 1644 licet
527 1618 651 1646 invalida:
670 1618 875 1646 dissertationis
891 1619 994 1653 possim
1007 1625 1046 1645 re-

255 1662 327 1689 ferre
350 1670 513 1690 sermonem.
546 1663 594 1691 Est
620 1672 684 1698 ergo
708 1665 826 1699 prinnnn
852 1664 988 1698 scriptum
1016 1664 1043 1691 in

255 1709 373 1740 quatuor
387 1707 521 1740 versibus,
540 1707 736 1742 quadrifariam
760 1709 859 1743 quippe
874 1708 1044 1735 discrimina-

255 1751 346 1784 batur,
369 1753 510 1780 Rationale
527 1754 674 1788 pontiﬁcis,
704 1754 848 1789 ipsumque
874 1755 1045 1789 quadrangu-

261 1798 318 1825 lum
333 1802 402 1831 erat,
419 1799 520 1826 habens
536 1804 588 1826 tam
604 1799 631 1826 in
645 1799 824 1835 longitudine,
840 1807 922 1834 quam
943 1799 970 1826 in
989 1799 1046 1826 lati-

289 1886 346 1921 (20)
366 1886 394 1913 1η
413 1886 475 1914 cod.
494 1886 553 1914 Vat.
568 1887 667 1922 legitur
685 1888 855 1919 constitutus,
884 1888 929 1915 sed
953 1888 1040 1914 mani-

253 1919 453 1948 festo'librarii
481 1930 583 1950 errore.
596 1919 688 1957 'Apud
717 1922 873 1950 Facundum
901 1923 1037 1949 sententia

253 1957 332 1983 aliter
361 1957 492 1991 procedit,
520 1958 567 1984 sed
598 1957 747 1984 Facundus
765 1958 938 1984 versionibus
963 1957 1036 1984 haud

253 1992 368 2017 multum
384 1992 528 2026 diligenter
542 1992 620 2018 factis
634 1997 676 2019 est
695 2001 770 2020 usus.

288 2025 496 2062 (illEpitdtue,
520 2027 631 2062 Πρῶτος
652 2027 725 2058 λίθος
744 2027 856 2062 Σάρδιης
872 2028 886 2054 ὁ
910 2025 1039 2062 Βαξυλώ-

252 2060 308 2097 γιοξ
330 2060 402 2097 aii-rut
416 2060 591 2096 καλούμειᾶος·
612 2061 721 2089 Primus
741 2060 808 2097 lapis
819 2062 930 2090 Snrdius
948 2061 1039 2096 Baby-

253 2095 341 2122 lonius
360 2096 446 2123 dictus
467 2095 528 2130 fuit.

288 2131 344 2166 (2‘2)
364 2130 464 2165 Nempe
478 2132 530 2158 alia
544 2139 652 2166 quoque
667 2131 785 2166 Babylon
802 2131 852 2157 l‘uit
871 2131 896 2157 in
910 2130 1037 2166 iEgypto,

257 2165 292 2193 de
306 2173 359 2200 qua
381 2166 505 2200 pluribus
525 2165 566 2201 egi
589 2165 617 2194 in
639 2165 879 2194 Exercitationibus
904 2165 1039 2192 hister-ico-

253 2201 354 2227 criticis
378 2200 410 2227 de
434 2200 550 2228 Rmnano
574 2201 608 2229 ι).
635 2202 708 2228 Petri
728 2202 818 2228 itinere
834 2201 1035 2234 etepiscopalu,

250 2235 415 2266 ete.,E:rerc.
435 2237 477 2263 10.

286 2270 342 2306 (25)
363 2270 474 2306 Qorrige
489 2272 592 2298 medici.
613 2271 737 2306 Epitome
752 2270 876 2306 Gesneri,
893 2270 917 2295 οἱ
937 2270 1034 2305 ἰατροί.

287 2305 343 2340 (24)
363 2305 450 2340 Hujus
466 2307 541 2333 urbis
555 2305 641 2333 nemo
655 2306 724 2332 alius
738 2305 804 2330 mihi
819 2308 899 2340 notus
913 2306 1035 2332 meminit

251 2345 350 2374 praeter
365 2339 545 2376 Epiphanium
560 2341 612 2366 hoc
635 2340 706 2376 locq,
732 2340 795 2366 licet
821 2339 950 2376 celebris_
963 2341 1034 2374 apud

251 2379 356 2403 veteres
373 2374 499 2402 auctores
513 2376 548 2401 sit
569 2375 658 2410 insula
676 2374 803 2410 VTapazos
830 2374 912 2401 dicta.
940 2374 1034 2410 Itaque

250 2414 297 2437 aut
326 2411 427 2437 erravit
454 2409 624 2444 Epiphanius
642 2409 735 2436 urbem
766 2417 815 2444 pro
841 2409 929 2437 insula
959 2409 1032 2437 acci-

250 2446 338 2479 piens,
354 2450 400 2471 attt
414 2445 495 2472 etiam
511 2444 607 2471 insula:
626 2445 783 2479 metropolis
798 2444 905 2479 Topaza
921 2445 1033 2473 dicaba-

249 2485 303 2506 tur.
322 2480 408 2507 Porro
427 2480 461 2506 de
486 2479 540 2506 situ
567 2480 681 2513 hujusce
706 2481 801 2507 insul.e
821 2488 874 2507 non
900 2488 953 2507 una
972 2488 1033 2508 esse

248 2515 356 2550 yidetur
376 2515 497 2540 omniuut
523 2515 673 2547 sententia;
702 2516 807 2542 scilicet
825 2515 980 2550 Stephanus
1004 2516 1032 2542 in

249 2549 323 2576 India
341 2550 475 2579 collocat;
492 2549 518 2575 in
536 2550 602 2576 mari
627 2550 720 2577 Ilubro
741 2550 809 2577 Juba
824 2551 895 2584 apud
913 2550 1030 2576 I’linium

248 2584 295 2610 lib.
324 2591 426 2614 xxxv",
454 2591 513 2618 cap.
540 2585 592 2617 52;
620 2585 646 2612 in
667 2587 765 2612 Arabia
791 2593 854 2611 vero
885 2585 1032 2612 Archelaus

247 2618 318 2654 apud
342 2619 464 2645 eumdem
487 2619 601 2646 Plinium
617 2620 711 2647 eodem
729 2621 799 2649 loco.
821 2624 847 2646 et
870 2620 928 2654 ipse
949 2620 1030 2646 etiam

246 2652 352 2689 Plinius
381 2653 426 2689 lib.
446 2661 482 2685 γι,
509 2662 569 2689 cap.
589 2655 632 2687 Μ,
656 2664 761 2682 necnon
787 2652 888 2681 Strabo
905 2655 951 2681 lib.
974 2663 1029 2686 xw,

246 2687 380 2724 Diodorus
401 2688 507 2724 Siculus
523 2687 568 2717 lib.
587 2698 628 2721 ιιι,
660 2691 820 2716 Ptolemaeus
844 2690 891 2716 lib.
914 2697 952 2721 tv,
968 2697 1028 2724 cap.

245 2721 272 2759 ὅ,
285 2722 388 2759 Pscllus
402 2723 440 2750 De
451 2726 569 2759 gemmis,
586 2725 706 2752 Isidorus
719 2725 792 2758 Orig.
806 2725 856 2752 lib.
874 2733 910 2755 νι,
928 2732 990 2758 cap.
1002 2721 1028 2756 7,

245 2758 355 2792 aliique.
384 2759 512 2791 Quinimo
538 2759 675 2786 liraunius
705 2759 743 2785 De
768 2764 830 2786 vest.
861 2760 1028 2786 sacerdotum

244 2793 325 2820 Hebr.
342 2793 388 2819 lib.
403 2802 432 2824 ιι,
449 2801 508 2827 cap.
523 2794 550 2829 2,
565 2794 578 2829 §
595 2794 639 2825 92,
654 2798 681 2829 et
699 2793 765 2820 illud
778 2793 836 2820 .lobi
853 2802 913 2829 cap.
927 2802 1028 2829 rxxvtn,

244 2834 268 2853 ν.
288 2829 327 2861 I9,
345 2833 398 2857 32D
421 2833 503 2857 ΓΠὩὲ
529 2828 637 2854 Pili/ulli
654 2828 750 2861 Cusclt,
774 2829 846 2863 quod
869 2828 896 2856 in
913 2828 1028 2864 Vulgata

1111 244 1232 271 sardium
1263 246 1367 279 primus
1393 246 1472 280 lapis,
1498 246 1560 273 dein
1589 247 1723 281 topazion,
1748 251 1812 282 post
1829 257 1897 276 sma-

1108 290 1209 324 ragdus
1227 301 1232 318 :
1249 291 1360 319 secundi
1376 300 1472 320 versus
1490 293 1595 327 primus
1612 293 1681 327 lapis
1696 294 1894 325 carbunculus,

1107 335 1170 363 dein
1190 337 1348 371 sapphirus,
1373 342 1434 372 post
1452 336 1556 372 jaspis;
1582 337 1652 364 tertii
1673 345 1770 366 versus
1791 339 1896 373 primus

1107 380 1179 416 lapis
1203 382 1340 417 ligyrium,
1366 382 1428 409 dein
1457 383 1580 414 achates,
1607 386 1669 417 post
1697 383 1893 418 amethystus:

1105 427 1195 461 quarti
1219 435 1327 462 quoque
1350 436 1445 456 versus
1465 429 1590 460 extremi,
1611 429 1714 464 primus
1731 429 1802 463 lapis
1821 429 1895 464 chry-

1106 474 1234 506 solithus,
1262 474 1360 502 deinde
1389 475 1540 510 beryllum,
1567 479 1628 510 post
1654 475 1816 510 onychium.
1849 475 1894 502 Isti

1105 519 1214 554 quidem
1240 523 1304 547 sunt
1329 520 1472 547 duodecim
1497 520 1614 556 lapides,
1637 527 1706 555 quos
1733 524 1845 547 constat
1868 521 1894 547 in

1105 565 1259 599 Itationali,
1275 565 1347 600 quod
1372 565 1398 592 in
1413 565 1627 600 superhumerali
1653 565 1791 600 pontiﬁcis
1815 573 1895 600 pone-

1105 610 1184 639 batur
1208 610 1248 647 [6]
1270 611 1398 645 insertos,
1422 619 1536 646 quorum
1567 611 1736 639 dill'erentias
1778 611 1893 646 locaque

1103 656 1235 684 dicemus.

1141 701 1281 734 Sardium,
1297 702 1368 738 quod
1385 707 1411 730 et
1431 702 1620 738 Babylonium,
1638 702 1678 730 sic
1697 701 1800 728 dicitur
1816 701 1870 736 (2|)
1884 710 1889 727 :

1104 747 1183 775 habet
1203 748 1312 783 quidem
1329 748 1448 783 speciem
1466 748 1554 775 instar
1570 748 1640 783 ignis
1662 747 1820 782 colorisque
1836 755 1891 774 sau-

1103 793 1193 828 guinei
1219 793 1312 820 sardic
1338 793 1405 828 pisci
1431 793 1613 824 consimilem,
1631 791 1702 819 unde
1718 795 1746 819 et
1768 791 1887 820 sardiqu

1102 843 1228 866 vocatum
1254 842 1308 874 est,
1331 846 1346 865 a
1374 838 1466 873 specie
1493 845 1644 872 cognomen
1674 837 1826 872 accipiens.
1861 836 1888 862 In

1066 878 1087 905 Β
1102 884 1239 920 Babylone
1259 891 1332 916 vero,
1351 892 1411 919 quae
1427 888 1468 911 est
1482 883 1554 919 apud
1569 883 1697 919 Assyrios
1713 883 1782 917 (‘22),
1809 881 1889 917 gigni-

1103 932 1157 962 tur,
1175 934 1201 956 et
1218 933 1260 956 est
1282 929 1351 964 lapis
1370 929 1427 964 ipse
1451 927 1619 963 perlucidus,
1643 927 1748 955 habens
1764 927 1887 955 medendi

1102 977 1265 1010 potentiam;
1281 975 1361 1009 cujus
1379 982 1474 1002 sucum
1492 973 1563 1001 medi
1581 974 1636 1009 (23)
1657 981 1740 1008 super
1768 977 1887 1000 tumori-5

1101 1028 1133 1047 ac
1160 1020 1318 1056 putredines
1351 1020 1477 1047 linientes
1503 1020 1609 1051 sedant,
1637 1020 1760 1054 aliasque
1785 1020 1886 1054 plagas.

1101 1073 1161 1101 qua:
1177 1073 1224 1100 per
1239 1065 1399 1092 incisionem
1415 1065 1478 1093 ferri
1493 1066 1667 1100 proveniunt.
1692 1064 1740 1091 Est
1756 1070 1847 1091 autem
1863 1067 1887 1090 et

1101 1112 1171 1138 alius
1186 1111 1333 1146 sardonyx,
1350 1111 1396 1146 qui
1412 1115 1524 1138 vocatur
1545 1110 1697 1142 molochas,
1713 1109 1806 1137 sciens
1824 1113 1887 1136 atte-

1101 1164 1186 1184 nuare
1208 1157 1385 1192 pinguedines
1403 1165 1410 1183 :
1429 1157 1514 1192 ipsius
1539 1161 1630 1183 autem
1649 1155 1741 1183 forma:
1755 1160 1808 1188 est,
1825 1156 1886 1183 sub-

1100 1204 1196 1231 viridis
1217 1203 1425 1238 aliquantulum,
1442 1203 1632 1238 potentiorque
1654 1202 1740 1237 magis
1757 1206 1800 1229 est
1814 1202 1884 1228 circa

1099 1249 1175 1276 verni
1191 1249 1321 1284 temporis
1337 1249 1455 1282 initium,
1469 1249 1578 1283 quando
1593 1248 1698 1275 Pascha
1713 1248 1882 1279 celebratur;

1099 1299 1127 1322 et
1149 1295 1219 1322 alius
1241 1295 1427 1326 sardachates,
1452 1295 1526 1322 circa
1549 1302 1630 1330 quem
1659 1293 1775 1329 lapidem
1808 1294 1884 1320 albus

1100 1340 1210 1375 quidam
1231 1341 1351 1368 circulus
1363 1344 1485 1376 apparet,
1502 1341 1572 1367 sicut
1587 1339 1614 1367 in
1630 1340 1736 1373 achate,
1755 1347 1834 1374 quem
1854 1339 1883 1369 ii,

1099 1387 1145 1421 qui
1169 1386 1291 1414 fabulosa
1317 1387 1485 1421 conﬁngunt,
1505 1387 1575 1413 mala
1595 1386 1688 1421 fugare
1707 1386 1883 1421 pronuntiant

1100 1440 1190 1466 posse,
1211 1440 1328 1468 cumque
1350 1433 1493 1468 paeiticum
1509 1436 1619 1459 vocant.

1346 1486 1379 1505 DE
1400 1486 1493 1505 LAPIDE
1515 1485 1636 1506 ΤΟΡΛΖΙΟ.

1135 1524 1283 1560 Topazium
1304 1525 1416 1552 rubrum
1441 1529 1484 1553 est
1509 1525 1597 1560 specie
1617 1528 1678 1559 post
1693 1524 1821 1559 lapidem,
1837 1523 1881 1558 qui

1097 1572 1281 1599 carbunculus
1295 1572 1457 1606 appellatur.
1484 1571 1613 1600 Inventus
1628 1575 1668 1598 est
1686 1570 1726 1606 [η
1749 1573 1838 1597 autem
1855 1570 1880 1595 in

1096 1617 1203 1652 Topaze
1216 1617 1325 1644 civitate
1340 1616 1423 1644 India:
1437 1616 1504 1651 (ει),
1521 1617 1548 1642 in
1569 1616 1650 1642 corde
1666 1614 1764 1650 lapidis
1779 1615 1813 1641 ab
1827 1614 1879 1644 his,

1096 1663 1143 1699 qui
1166 1662 1265 1689 ibidem
1287 1662 1391 1698 lapides
1405 1666 1469 1689 tunc
1483 1662 1633 1688 etcdcbant.
1653 1661 1739 1694 Quem
1762 1660 1878 1694 lapidum

1096 1716 1212 1736 cmsores
1229 1709 1366 1736 intuentes
1392 1707 1653 1742 splemlidissimum,
1677 1705 1804 1733 delectati
1825 1705 1879 1739 pul-

1095 1753 1250 1781 chritudinc
1276 1753 1345 1788 ejus,
1363 1753 1541 1780 ostenderunt
1565 1751 1717 1778 Alabastris
1741 1750 1798 1786 (‘25)
1822 1749 1880 1784 qui-

1095 1799 1209 1826 busdam
1230 1797 1455 1832 negotiatoribus,
1473 1804 1610 1832 parvoque
1630 1796 1716 1832 pretio
1735 1794 1776 1830 [8]
1790 1794 1879 1822 vendi-

1094 1887 1218 1914 redditur
1245 1887 1374 1921 Topazius
1399 1887 1432 1914 de
1458 1886 1597 1921 ἉΕιΙιίορίιι
1622 1885 1792 1915 reddendum
1820 1891 1877 1911 esse

1093 1927 1187 1949 censet
1205 1918 1335 1956 ’l‘opaiius
1357 1923 1496 1954 Arabicae,
1513 1929 1528 1948 a
1547 1918 1680 1948 Bocharto
1705 1921 1804 1956 doctus
1829 1924 1879 1948 eo:

1093 1957 1178 1984 Cusclt
1198 1955 1326 1984 Arabiam
1342 1965 1412 1984 esse.
1436 1956 1534 1984 Verum
1558 1956 1645 1983 critici
1663 1963 1721 1982 rem
1742 1955 1814 1981 hanc
1838 1957 1876 1980 Ia-

1094 1993 1139 2019 cili
1170 1993 1278 2027 negotio
1305 1993 1440 2027 explicare
1465 1995 1592 2027 poterunt
1612 1991 1635 2017 si
1662 1991 1876 2027 animadvertant

1093 2029 1194 2063 icteris
1207 2024 1384 2062 'geograpliize
1408 2024 1552 2063 rationem.
1575 2026 1720 2060 Dionysius
1736 2024 1872 2063 Pericgeta

1093 2059 1278 2096 Erythraeam,
1297 2059 1343 2089 seu
1373 2063 1459 2089 mavis
1483 2061 1604 2096 Rubrum
1633 2059 1718 2096 utare.
1737 2059 1872 2096 (Ethiopi-

1093 2094 1153 2131 cuin
1180 2105 1289 2131 quoque
1314 2097 1482 2131 appellabat,
1511 2101 1537 2123 et
1564 2095 1684 2130 Dionysii
1716 2094 1874 2131 scholiastcs

1094 2130 1252 2159 Eustathius
1283 2130 1429 2159 nonnullos
1457 2131 1538 2158 etiam
1556 2131 1701 2157 Arabieum
1729 2130 1832 2160 sinum,
1849 2133 1873 2155 et

1093 2165 1262 2201 Erythrarum
1279 2175 1364 2198 mare,
1385 2175 1468 2193 tlnum
1485 2171 1510 2193 et
1529 2165 1598 2192 idem
1616 2172 1691 2201 mare
1706 2165 1874 2201 existimasse

1089 2199 1178 2229 docet.
1198 2203 1282 2228 I’orro
1298 2202 1379 2228 India:
1399 2209 1495 2228 nomen
1509 2201 1591 2227 variis
1605 2200 1698 2226 datum
1709 2207 1772 2226 esse
1789 2199 1874 2233 regio-

1087 2236 1178 2271 nibus,
1206 2237 1351 2271 ZEthiopia:
1367 2242 1456 2263 autem
1476 2236 1618 2270 prmi-iptio,
1637 2239 1871 2271 nemo_est_quem

1086 2270 1188 2303 lati-at;
1203 2273 1268 2306 quin
1285 2269 1366 2298 etiam
1383 2269 1489 2298 Indiam
1505 2271 1539 2296 ad
1563 2278 1689 2297 occanunt
1704 2269 1872 2306 Ergtlmgum

1086 2303 1220 2338 spectasaé
1233 2307 1345 2334 disertis
1362 2307 1452 2334 verbis
1473 2306 1632 2332 Eustathius
1653 2303 1791 2334 tradit,’et
1812 2303 1871 2330 Dio-

1086 2342 1181 2376 nysius
1209 2345 1265 2376 ipse
1291 2342 1362 2369 inter
1379 2346 1493 2368 caeteras
1517 2341 1656 2376 pretiosos
1673 2340 1777 2376 lapides
1805 2347 1870 2376 quos

1085 2374 1143 2403 Indi
1167 2374 1280 2408 hab—ent,
1294 2377 1374 2403 etiam
1394 2374 1611 2410 glaucum’nitidi
1637 2375 1736 2408 Topasi
1761 2374 1870 2408 lapidem

1086 2417 1225 2439 recenset.
1241 2411 1311 2439 Vide
1329 2409 1499 2438 Eustathium
1527 2410 1553 2436 in
1573 2409 1741 2444 Dionysium,
1760 2414 1823 2438 ctu.
1840 2417 1869 2435 ex

1084 2446 1210 2474 versione
1234 2447 1269 2473 cl.
1293 2451 1318 2470 v.
1341 2446 1490 2473 Alexandri
1510 2445 1603 2477 Politi,
1620 2445 1811 2476 etc.,tlolouia:
1825 2445 1870 2470 Al-

1085 2481 1238 2516 lobrogum,
1260 2481 1338 2513 ΠΗ,
1356 2489 1416 2515 pag.
1437 2481 1472 2507 25
1488 2480 1591 2516 (17529.

1119 2514 1175 2551 (25}
1205 2516 1334 2551 Ligurius
1364 2516 1472 2542 Sabina:
1502 2514 1699 2551 Tranquillinm
1730 2521 1868 2541 nummum

1083 2556 1224 2582 memorat,
1250 2552 1295 2578 ubi
1319 2557 1395 2578 erant
1421 2551 1484 2582 Isis,
1507 2555 1534 2578 et
1557 2550 1740 2584 Ilaupocrates
1768 2550 1868 2583 spiram

1083 2593 1163 2612 manu
1188 2587 1298 2613 dextera
1314 2591 1423 2619 gestans
1445 2594 1507 2612 cum
1535 2585 1714 2619 inscriptione
1737 2584 1869 2611 ΔΛΛΒΛ-

1082 2620 1238 2648 ΣΤΡΙΤΩΝ.
1264 2618 1419 2656 λΕεξιριίιιιιι
1443 2622 1527 2648 fuisse
1548 2618 1867 2656 hunc’nummutnrlstdis

1083 2656 1167 2690 Iigura
1186 2657 1337 2683 luculenter
1353 2657 1460 2690 probat,
1477 2661 1503 2682 et
1520 2655 1629 2690 quidem
1646 2655 1711 2681 urbs
1727 2655 1866 2680 Alabastra

1082 2694 1163 2717 etiam
1186 2699 1200 2717 a
1221 2691 1365 2718 I’tolenueo
1392 2693 1419 2718 in
1433 2691 1550 2725 Αἰμιηο
1565 2691 1725 2721 collocatur,
1738 2697 1840 2716 necnon
1852 2696 1867 2714 a

1081 2724 1170 2760 Plinio
1197 2727 1243 2753 lib.
1269 2735 1295 2758 ν,
1315 2734 1375 2760 cap.
1400 2727 1416 2754 9
1441 2724 1535 2753 etﬂ37.
1561 2726 1636 2758 Quod
1663 2727 1685 2752 si
1715 2725 1866 2760 Stephanus

1080 2759 1223 2796 Phrygiam
1237 2761 1332 2788 urbem
1350 2759 1411 2789 eam
1432 2765 1512 2788 vocat
1530 2760 1696 2796 Herodotum
1710 2764 1806 2786 testem
1822 2759 1867 2796 ad-

1080 2795 1188 2828 hibens,
1206 2804 1255 2823 nos
1280 2797 1390 2830 quidem
1409 2805 1470 2823 eum
1488 2800 1630 2823 exstantes
1647 2795 1779 2821 Herodoti
1803 2795 1864 2820 libri

1080 2831 1185 2857 nullum
1213 2831 1327 2866 hujusce
1355 2832 1393 2859 rei
1420 2831 1606 2860 testimouitnn
1634 2831 1802 2864 perhiboant,
1819 2830 1865 2857 lib.
