1939 3039
220 144 268 171 33!

853 145 942 172 LIBRI
963 144 1006 172 DE
1026 144 1070 172 Xll
1088 145 1219 173 GElllllS

1793 146 1848 175 3'52

220 203 279 232 sula
290 204 406 235 modica,
423 210 455 231 ex
475 203 587 231 adverso
599 203 650 231 sita
666 203 815 237 Beromcas,
833 205 860 232 in
876 212 929 239 qua
945 209 1006 236 l‘or-
1024 207 1045 234 Α
1060 204 1138 231 boms
1162 202 1219 240 [20]
1236 201 1310 239 ignis
1326 203 1488 232 naturaliter
1509 204 1643 233 scintillas
1659 204 1802 237 emittere,
1819 212 1848 236 οι

220 252 265 275 tus
280 252 322 275 est
333 247 415 275 ludite
428 248 483 283 (57)
498 248 618 284 dirigens
634 250 666 276 ad
681 248 858 282 Thebaidam,
878 249 1005 286 “8]qu

219 301 233 320 ιι
247 293 395 320 continenti
408 299 479 320 terra
496 293 634 321 Thebaida
648 295 730 322 distat
744 295 825 322 unius
838 295 890 322 diei
909 302 1004 326 cursu,

218 347 281 368 eum
311 345 353 367 est
380 339 516 375 navigium
541 347 712 375 prosperum,
740 341 792 368 hoc
816 345 859 369 est
885 341 1007 368 millibus

218 385 366 420 octoginta.
383 383 515 419 Contigua
537 391 580 413 est
605 390 695 414 autem
722 386 869 417 Beronicaa,
884 394 944 422 quae
966 387 1007 413 sic

219 430 381 465 appellatur,
409 430 512 465 regioni
535 430 720 466 Elephantina:
749 430 818 466 (58),
851 439 959 459 necnon
980 436 1008 459 et

219 475 305 502 Telmi
321 474 388 510 (59),
403 483 463 510 qua:
477 483 549 503 nunc
567 484 583 503 a
595 476 694 504 Blemis
705 478 760 511 (60)
778 478 928 505 obtinetur.
945 478 1006 505 Cor-

221 525 333 546 rnerunt
345 525 435 547 autem
452 521 551 547 montis
572 521 652 555 hujus
669 522 776 548 metalla
791 529 799 553 ;
815 526 933 556 suntque
951 529 1007 548 nie-

220 565 283 591 lalla
308 565 359 591 alia
377 565 402 591 in
431 565 552 599 ipsorum
580 565 707 592 Barharia
727 566 783 601 (6|)
811 565 1006 594 Blemmiorum

217 611 295 644 juxta
313 609 369 646 [19]
388 609 512 638 Telmeos
523 610 578 644 (62)
588 611 614 637 in
625 611 764 639 montibus
775 612 923 639 constituta
936 611 1006 647 (65),

220 663 280 690 qua
292 663 364 683 nunc
381 655 540 683 eil‘odientes
556 656 668 684 Barbari
694 657 853 693 smaragdos
868 657 1006 685 incidunt.

221 699 268 727 Vis
281 703 369 727 autem
381 700 480 735 lapidis
501 700 583 736 hujus
599 701 626 727 in
646 702 840 736 speculandam
856 701 951 728 faciem
967 702 1008 729 di—

221 745 302 778 citur,
321 750 348 773 et
363 746 397 772 ab
412 745 466 778 his,
483 746 529 780 qui
544 746 666 773 fabulosa
681 747 852 782 contingunt.
876 750 1007 782 prxcscius

220 797 281 818 esse
296 790 459 817 futurorum.

431 864 464 883 DE
491 865 585 884 LAPIDE
610 864 792 885 CAHBUNCULO.

256 922 448 949 Carbunculus
472 922 554 949 habet
573 923 690 957 speciem
710 923 827 951 rubrica:
851 923 908 959 (64)
926 925 1006 952 nimis

221 968 395 996 acutissima.
410 968 537 995 Nascitur
555 973 648 995 autent
661 969 732 1004 apud
748 968 942 1005 Carthaginem
963 970 1008 997 ΙΛ-

221 1017 296 1051 Ιιγω,
311 1022 373 1050 qum
394 1014 487 1041 Africa
509 1017 633 1042 vocatur.
658 1015 712 1042 Alii
730 1022 794 1042 vero
816 1015 911 1042 dicunt
936 1015 1009 1043 hunc

220 1061 335 1097 lapidem
349 1061 388 1088 sic
403 1061 517 1087 inveniri
537 1069 544 1087 :
560 1068 613 1087 non
626 1061 710 1088 videri
733 1069 781 1096 per
793 1061 865 1089 diem
875 1083 883 1094 ,
900 1061 947 1089 sed
959 1069 1008 1097 per

220 1111 326 1136 noctem
344 1116 351 1133 :
374 1107 471 1141 procul
487 1110 577 1133 autem
591 1106 618 1133 in
634 1106 745 1133 modum
762 1106 871 1142 lapidis,
889 1107 931 1134 vel
947 1114 1009 1134 car-

219 1177 348 1212 phrastus
363 1176 390 1203 in
410 1176 457 1202 lib.
476 1175 546 1209 Hepl
566 1176 658 1212 λίθων
681 1175 962 1212 pseudosmaragdos,
979 1179 1007 1202 et

221 1210 380 1246 smaragdos
396 1217 505 1246 queque
523 1211 700 1246 pretiosiores
714 1210 741 1236 in
756 1210 844 1237 insula
861 1210 1005 1246 objacente

222 1244 411 1277 Chalcedonif
430 1244 535 1272 Plinius
562 1252 625 1272 vero
649 1245 696 1272 lib.
716 1252 819 1274 xxxvii,
845 1251 905 1278 cap.
929 1245 956 1275 5,
980 1244 1007 1271 in

222 1286 312 1308 monte
325 1280 403 1314 juxta
420 1279 636 1314 Chalcedmiem,
654 1281 700 1313 qui
719 1278 905 1312 Smaragdites
924 1286 1005 1305 voca-

222 1315 311 1345 batur,
327 1313 449 1340 inveniri
472 1313 578 1345 doceat,
596 1319 716 1340 montem
743 1313 815 1340 liunc
837 1314 863 1340 in
884 1313 973 1340 insula
992 1321 1007 1340 a

222 1348 411 1384 Theophrasto
427 1352 575 1376 memorata
591 1347 870 1384 fuisse_credideriui,
891 1352 917 1374 et
938 1348 1008 1374 hanc

221 1391 283 1411 esse
295 1382 422 1413 insulam.
443 1383 521 1415 cujus
539 1383 662 1409 meminit
680 1382 860 1417 Epiphanius,
882 1390 941 1417 quae
958 1389 1006 1416 pa—

222 1419 288 1446 riter
311 1417 508 1453 Sinaragdites,
527 1422 573 1443 aut
600 1417 798 1453 Smaragibna,
824 1421 872 1443 aut
898 1417 1007 1444 demum

223 1452 422 1488 Smaragdinon
444 1453 593 1480 diceretur.
616 1453 692 1486 Apud
711 1452 886 1488 Ptolemazum
905 1452 1006 1488 montis

223 1487 365 1522 Smaragdi
384 1489 486 1515 mentio
500 1492 549 1522 est
560 1487 605 1514 lili.
615 1495 651 1519 tv,
664 1495 723 1522 cap.
736 1487 763 1519 5,
774 1490 800 1513 et
813 1495 874 1514 etilli
890 1487 1007 1522 collocat

222 1524 293 1551 inter
310 1521 469 1550 N'ecliesiani
495 1527 521 1550 et
544 1521 656 1556 Lepten,
678 1521 760 1557 quam
783 1522 907 1556 sequitur
924 1521 1004 1548 Bere-

224 1545 295 1591 Lii'cVe',
310 1545 363 1585 t1}:
368 1545 471 1588 ’ἱὶιῖὦξζ
487 1545 1005 1584 ﬁerit—uici?).Eeiéiéa'ﬁ‘éiéiiiiiiﬁm'eéi
1018 1545 1039 1574 C

223 1594 340 1620 insulam
356 1593 428 1618 illam
460 1593 494 1619 ab
511 1591 662 1627 Epiphanio
684 1599 795 1627 parvam
823 1592 895 1627 dici,
921 1593 957 1617 ita
977 1595 1006 1618 ut

223 1628 401 1662 mirumrnon
420 1626 465 1659 sit,
485 1627 654 1662 geographos
681 1627 767 1655 solius
788 1626 889 1654 montis
910 1627 1006 1653 memi-

223 1662 308 1693 nisse,
328 1661 454 1689 fortassis
466 1661 610 1689 enim’l'ere
628 1662 740 1688 unoillo
759 1666 850 1688 monte
864 1665 920 1688 tota
939 1668 1006 1688 con-

224 1697 323 1732 stabat.
347 1696 475 1723 Nonnulli
490 1695 556 1732 editi
581 1696 641 1732 libri
669 1696 849 1732 Theophrasti
864 1701 901 1732 iet
923 1696 1004 1732 Plinii

223 1731 418 1759 Charcedonem
433 1739 481 1766 pro
499 1731 688 1758 Chalcedonem
701 1731 810 1764 habent,
825 1731 872 1759 sed
896 1731 1006 1765 injuria,

225 1771 255 1793 ut
272 1765 439 1799 Salmasius,
452 1766 618 1799 liarduinus,
636 1768 737 1801 aliique
753 1768 802 1794 viri
825 1766 897 1794 docti
922 1765 1008 1792 adno-

225 1806 324 1828 larunt.

260 1838 322 1873 (5η
337 1836 484 1873 Oppidum,
502 1837 590 1873 Plinio
603 1840 672 1864 lcsle
695 1837 742 1864 lib.
756 1843 792 1868 vl,
809 1843 870 1870 cap.
883 1835 930 1866 20,
949 1843 1007 1873 rna-

225 1871 273 1907 tris
290 1870 420 1907 Pliile'lplu
436 1874 538 1900 nomine
547 1872 677 1899 Berenice
685 1878 809 1899 vocatum
820 1875 928 1907 propter
935 1870 1011 1907 _Ara-

223 1906 315 1934 hicum
332 1903 422 1935 sinuin
439 1913 498 1935 erat
515 1907 548 1934 ad
564 1907 695 1933 orientem
716 1907 743 1933 in
758 1903 907 1933 continenti
923 1903 1009 1939 [Egy-

224 1942 287 1978 ptiae
302 1942 422 1978 regionis
442 1942 607 1973 Thebaidos,
623 1941 869 1978 contra_Arabiam
883 1948 890 1972 ;
910 1947 1008 1978 quani-

223 1974 318 2014 bbiem
334 1974 450 2014 'eeleber
475 1977 663 2014 portus‘l'uit.
680 1976 752 2014 unde
777 1983 810 2002 ex
835 1974 955 2014 [Egypto
983 1974 1011 2014 in

223 2011 350 2038 Arabiam
361 2018 387 2038 et
399 2010 499 2039 lndiain
511 2031 517 2043 ,
528 2018 553 2039 et
563 2012 624 2038 hinc
638 2012 664 2038 in
677 2011 822 2046 [Egyptnm
837 2010 1010 2046 navigabant.

261 2047 316 2081 (58)
338 2046 375 2074 De
398 2048 450 2074 Nili
476 2047 564 2074 insula
591 2046 713 2081 loquitur
734 2045 812 2081 apud
831 2045 1012 2081 rgeograplios

226 2079 340 2112 celebri.
351 2082 378 2109 in
397 2091 449 2117 qua
466 2079 682 2117 urbeniquoque
694 2080 895 2117 Elephantida»:
911 2079 1012 2106 dictam

224 2117 365 2144 exstitisse
383 2115 478 2144 auctor
493 2121 535 2144 est
546 2115 613 2142 Mela
629 2116 676 2142 lib.
691 2124 710 2147 i,
727 2123 788 2150 cap.
803 2115 831 2142 9.

260 2151 316 2191 ($9)
337 2151 374 2179 De
390 2151 477 2191 Talin"!
500 2150 733 2191 πειρῶ-,Ευριί
751 2148 820 2191 urbe
838 2150 865 2191 in
882 2148 1013 2191 estremis

226 2185 335 2216 ﬁnibus,
350 2192 378 2213 Iit
394 2195 426 2213 ex
439 2184 582 2212 Itinerario
598 2184 727 2212 Antonini
738 2189 846 2212 constat
861 2197 866 2213 ;
883 2189 909 2211 et
922 2184 1015 2219 Olym-

225 2221 355 2255 pioilorus
365 2221 436 2256 apud
446 2220 569 2256 Photium
588 2219 703 2255 Blemyis
713 2220 909 2256 conterminam
924 2224 1014 2247 vocat.

235 2287 238 2289 >
260 2256 315 2290 (60)
338 2254 486 2291 Bleinmyes
502 2254 689 2291 intellige,seu
703 2254 799 2291 mavis,
813 2254 944 2291 Blemyes,
958 2259 1005 2281 aut

224 2289 388 2326 ’t'..ennnyas,
403 2289 520 2326 gentem,
536 2289 847 2326 quaiii_0lympiodorlis,
861 2294 890 2316 ut
901 2289 1003 2326 dictum

225 2329 278 2360 est,
295 2323 374 2360 juitta
387 2323 493 2352 Talmin
510 2323 595 2359 ponit.
612 2323 697 2351 Porro
714 2325 794 2351 etiam
812 2325 837 2351 in
850 2325 914 2351 Anc.
931 2325 944 2360 §
958 2324 1003 2355 58.

226 2359 316 2386 Nilum
337 2360 484 2395 Βλεμενίαν
503 2361 616 2390 alluere,
634 2367 730 2393 nempe
747 2359 944 2395 Blemmyarum
961 2367 1004 2387 re-

226 2395 334 2429 gionem
356 2394 524 2429 Epiphanius
548 2394 659 2425 scribit;
677 2395 749 2429 quod
763 2396 785 2421 si
810 2403 840 2421 ex
853 2394 857 2395 ⁷
871 2394 1005 2422 Strabone

227 2430 275 2465 lib.
292 2438 357 2460 nn,
378 2438 438 2465 pag.
461 2430 522 2460 786,
540 2429 675 2464 colligitur
692 2429 817 2465 Blemyas
836 2437 867 2457 ex
889 2434 1005 2464 utraque

227 2463 279 2490 Nili
296 2463 532 2498 parte'ba’bilasse,
548 2463 639 2498 plures
651 2468 741 2492 tamen
760 2463 917 2492 habitarunt
932 2463 1005 2492 certe

228 2500 264 2526 ab
282 2499 408 2526 orientali
434 2504 524 2534 parte,
543 2503 574 2535 et
591 2500 700 2535 quidem
717 2500 800 2527 variis
822 2500 849 2527 in
872 2500 941 2527 locis
961 2499 1004 2527 di-

229 2535 334 2570 spersi;
353 2538 417 2562 sunt
439 2534 517 2570 enirn
530 2534 576 2569 qui
594 2535 626 2562 ad
651 2534 757 2562 Talinin
778 2539 899 2569 ponunt,
915 2539 942 2562 et
958 2536 1005 2570 qui

229 2568 262 2596 ad
280 2569 437 2605 Catadupa,
455 2573 486 2596 ut
505 2568 663 2605 Dionysius.
689 2568 850 2598 Eustathius
867 2578 928 2605 pag.
944 2568 1004 2604 107,

229 2579 262 2596 au
281 2579 437 2603 hatuuupa,
455 2579 486 2596 ιιι
505 2579 663 2605 υιυιιγειιιε,
689 2579 850 2598 ιιιειίιιιιιιιε
867 2579 899 2604 pa
921 2590 928 2597 ι
944 2579 1004 2604 ΙυΙ,

229 2608 256 2631 et
272 2604 431 2640 Ammianus
449 2604 494 2632 lib.
510 2612 564 2636 χιιι,
582 2613 643 2640 cap.
656 2605 683 2638 ι,
694 2609 721 2632 et
737 2605 784 2639 qui
801 2605 870 2632 infra
887 2579 1005 2634 bferoem

230 2644 259 2665 ut
276 2638 385 2671 Strabo,
400 2647 462 2667 cum
480 2647 533 2674 quo
551 2638 696 2667 concinere
717 2638 793 2667 dicas
810 2639 1004 2674 Claudianum,

228 2678 256 2701 et
273 2674 320 2708 qui
342 2675 433 2703 socios
452 2676 527 2702 urbis
554 2674 730 2702 Ptolemaidis
751 2678 847 2702 contra
864 2675 1006 2704 Romanos

229 2708 293 2744 facit
305 2709 430 2738 Zosimus
444 2711 490 2737 lib.
506 2718 524 2739 i.
540 2718 600 2744 cap.
613 2710 656 2740 71,
671 2708 832 2737 Ptolemaeus
844 2714 934 2738 autem
955 2712 1008 2739 sub

227 2743 334 2773 Molibis
348 2747 433 2780 ponit,
447 2746 498 2772 sub
513 2743 597 2771 Nubis
609 2745 805 2780 Agathemerus
822 2744 901 2780 (ἔρσα.
915 2746 962 2775 lib.
975 2755 1004 2778 ιι,

226 2785 287 2817 gap.
302 2781 329 2814 5,
345 2779 372 2808 et
389 2780 556 2817 Procgpius;
569 2779 728 2817 quin_eti_am
742 2780 767 2817 lii
780 2779 903 2816 Blemyes
918 2781 1006 2817 ἕτεροι

228 2813 379 2851 meum“,
393 2815 440 2842 alii
458 2813 604 2851 Blemmyeir
617 2813 653 2851 ab
672 2813 1004 2851 Agathemero'dicuntur,

228 2847 309 2884 quod
326 2847 442 2876 maxime
466 2853 508 2875 est
530 2847 773 2882 considerandum;
790 2852 888 2877 ctenim
914 2847 1005 2886 plures

1025 878 1044 906 Β

1059 251 1125 278 hera
1148 249 1257 284 quidem
1271 249 1353 276 sicuti
1371 250 1457 276 carbo
1472 249 1542 284 ignis
1558 249 1681 279 accendi.
1701 249 1769 275 liora
1780 256 1847 276 vero

1057 296 1194 326 desinere,
1206 296 1242 322 ita
1262 299 1291 321 ut
1303 293 1479 329 splendorem
1492 294 1562 329 ejus,
1575 294 1622 328 qui
1641 294 1713 320 hunc
1725 293 1844 329 lapidein

1057 345 1203 377 quaerunt,
1226 340 1334 367 eminus
1353 340 1502 368 intuentes.
1519 341 1555 367 ob
1577 339 1629 367 hoc
1648 340 1753 374 ipsum,
1772 339 1847 374 quod

1059 396 1106 423 per
1135 386 1277 414 intervalla
1302 391 1439 419 comparet
1453 406 1459 417 ,
1477 390 1504 412 et
1531 393 1629 413 rursus
1649 386 1848 420 exstinguitur,

1058 440 1119 459 eum
1136 439 1197 458 esse
1216 434 1397 466 cognoscant,
1409 433 1606 464 pergentesque
1627 429 1660 456 ad
1683 429 1744 463 ejus
1758 429 1849 464 fulgo—

1060 484 1127 508 rem,
1145 477 1181 503 ita
1197 475 1346 510 reperiant.
1358 475 1412 502 Sed
1425 475 1471 510 qui
1489 483 1551 502 cum
1566 478 1672 510 portat.
1685 483 1718 502 eu
1732 485 1746 501 ιι
1761 476 1849 502 latere

1059 530 1113 548 non
1136 524 1243 556 potest;
1264 514 1513 555 namﬁuibuslibet
1532 521 1701 548 vestimentis
1718 521 1848 549 occulat.

1059 567 1188 602 splendor
1201 570 1280 593 extra
1302 565 1465 593 vestimenta
1491 565 1607 592 collucet
1626 575 1632 592 :
1649 566 1721 593 unde
1738 571 1766 593 et
1787 574 1844 592 car-

1059 611 1194 639 bunculus
1208 611 1359 646 appellatus
1375 614 1427 643 est,
1452 611 1488 638 ob
1503 611 1574 638 hanc
1598 611 1702 639 scilicet
1722 619 1847 639 causam.

1062 656 1211 691 Parumper
1233 660 1322 682 autem
1340 659 1364 682 et
1395 655 1541 682 ceraunius
1566 655 1604 682 ita
1623 655 1692 690 lapis
1714 659 1848 687 vocatus,

1061 703 1122 729 lnnc
1140 702 1246 728 videlur
1261 710 1322 728 esse
1342 701 1494 728 consimilis
1509 710 1515 728 :
1538 701 1633 728 dicunt
1647 705 1738 728 autem
1752 709 1849 729 cerau-

1061 748 1134 774 nium
1156 748 1285 782 quidam,
1302 751 1328 774 et
1348 746 1483 773 vinarium
1504 745 1560 781 (65)
1574 767 1582 778 ,
1597 747 1669 782 quod
1686 747 1774 774 instar
1792 749 1848 774 riui

1060 792 1121 819 ﬂavi
1139 793 1239 820 coloris
1261 793 1385 819 exsistat.
1414 792 1459 819 Est
1483 792 1661 820 nihilominus
1690 797 1717 819 et
1739 793 1848 819 calche-

1060 839 1158 867 donius
1183 839 1254 873 (66),
1272 846 1353 873 quem
1372 839 1413 865 sic
1436 839 1590 873 appellant,
1613 841 1641 864 et
1672 838 1731 872 ipse
1754 839 1848 872 specie

1061 885 1200 920 proximus
1215 884 1350 918 lapidibus
1370 884 1447 916 istis,
1465 885 1511 919 qui
1530 885 1556 911 in
1574 884 1669 911 iisdem
1692 884 1744 910 loci
1764 885 1834 918 paiti

1061 930 1110 956 bus
1131 929 1275 956 invenitur.
1301 928 1357 956 Nec
1374 930 1473 956 mirum
1487 949 1494 961 ,
1507 930 1580 964 quod
1597 929 1689 957 divina
1703 928 1846 964 Scriptura

1061 975 1087 1001 in
1102 974 1204 1002 Phison
1220 981 1282 1002 eum
1300 974 1413 1001 [lumine
1425 982 1486 1002 esse
1501 976 1670 1010 pronuntiat,
1683 982 1744 1001 cum
1762 975 1847 1010 possit

1059 1024 1086 1047 et
1102 1021 1129 1047 in
1147 1020 1238 1047 Africa
1259 1020 1384 1054 reperiri.
1406 1019 1479 1047 Fluit
1502 1021 1574 1047 enim
1596 1020 1696 1048 Phison
1725 1021 1752 1048 in
1774 1028 1848 1048 mare

1057 1067 1134 1101 juxta
1153 1067 1288 1102 regionem
1324 1067 1471 1094 australem
1494 1071 1521 1094 et
1546 1069 1741 1095 occidentalem
1761 1068 1847 1096 Ocea-

1060 1122 1136 1142 num.
1155 1114 1259 1141 Circuit
1275 1113 1401 1141 Oceanus
1417 1115 1574 1141 universum
1589 1115 1682 1141 orbem
1697 1120 1845 1146 terrarum,

1059 1182 1141 1217 igitur
1170 1181 1280 1208 fuerunt
1295 1180 1430 1217 Blemyes,
1443 1180 1488 1208 alii
1503 1180 1622 1217 Egypto
1644 1181 1802 1213 viciniores,
1820 1188 1845 1208 et

1059 1215 1104 1243 alii
1141 1217 1321 1251 remotiorcs:
1340 1223 1373 1242 ex
1398 1215 1532 1251 Procopio
1553 1215 1640 1243 tamen
1663 1217 1760 1250 colligo
1784 1225 1845 1251 pro-

1079 1252 1145 1278 riam
1176 1250 1378 1286 Blemmyarum
1403 1250 1539 1285 regionem
1569 1251 1652 1278 fuisse
1686 1250 1843 1278 interiorem

1060 1285 1131 1322 illam
1146 1285 1197 1312 sub
1208 1285 1302 1317 Nubis,
1314 1285 1551 1322 et‘hi_r_icco_lonias
1561 1286 1715 1322 deduxisse
1726 1285 1845 1322 {Egypio

1058 1321 1163 1347 vicinas
1177 1327 1314 1347 armorum
1324 1320 1360 1347 vi.
1378 1319 1443 1348 Vide
1453 1319 1614 1355 Procopium
1632 1321 1678 1348 lib.
1697 1329 1703 1348 I
1731 1319 1771 1348 De
1779 1319 1844 1348 bello

1059 1355 1177 1385 Persico,
1193 1362 1254 1389 cap.
1268 1355 1309 1382 19.

1095 1390 1149 1424 (61)
1169 1389 1306 1425 Quidquid
1326 1392 1444 1419 alienum
1458 1395 1517 1418 erat
1536 1391 1570 1417 ab
1587 1390 1703 1425 imperio
1716 1390 1842 1418 Romano

1058 1423 1143 1452 Graeci
1172 1423 1315 1460 Latinique
1342 1428 1493 1460 scriptores
1519 1423 1654 1460 przeeipne
1687 1426 1768 1453 medii
1793 1428 1841 1454 teri

1058 1459 1212 1495 barbariam
1236 1459 1380 1494 dixeruntl
1402 1459 1578 1495 quamobrem
1604 1461 1703 1487 mirum
1730 1462 1841 1488 minime

1057 1498 1109 1532 est,
1125 1494 1296 1532 Blemyarum
1311 1494 1446 1532 regionem
1469 1495 1504 1532 ab
1520 1494 1676 1532 Epiphanio
1685 1496 1840 1532 barbariam

1057 1529 1123 1556 dici.
1152 1528 1230 1562 Quin]
1243 1530 1265 1557 si
1283 1528 1352 1565 quis'
1361 1530 1435 1558 malit
1448 1529 1481 1556 ad
1495 1528 1632 1562 regionem
1651 1530 1723 1556 illam
1734 1531 1842 1561 Africae.

1057 1572 1118 1599 quae
1134 1565 1261 1598 peculiari
1278 1567 1387 1593 nomine
1400 1565 1529 1592 Barbaria
1543 1565 1614 1591 dicta
1632 1568 1684 1597 est,
1700 1565 1841 1599 regionem

1057 1599 1230 1634 Blemyarum
1257 1601 1387 1628 retulisse
1409 1599 1609 1634 Epiphanium,
1637 1606 1707 1633 opus
1726 1603 1788 1631 est,
1813 1604 1841 1626 ut

1057 1634 1124 1661 illud
1147 1641 1258 1669 quoque
1280 1640 1403 1669 asserat,
1428 1639 1475 1661 aut
1501 1634 1570 1661 duas
1584 1639 1691 1669 rgentes
1719 1635 1843 1669 ejusdem

1058 1668 1176 1697 nominis
1188 1670 1303 1697 diversis
1321 1671 1388 1697 locis
1403 1670 1556 1697 habitantes
1572 1668 1754 1703 Epiphaniam
1769 1677 1844 1696 com-

1058 1705 1212 1736 miscuisse,
1239 1704 1276 1730 illi
1305 1706 1376 1732 enim
1401 1704 1487 1732 solum
1510 1702 1633 1738 Blemyes
1657 1703 1683 1729 in
1714 1702 1844 1731 Barbarie

1059 1739 1214 1776 babitantes
1231 1738 1284 1766 dici
1305 1738 1386 1776 posse
1408 1739 1631 1776 videlitiji',_quos
1656 1738 1707 1776 sub
1736 1738 1842 1776 lilolibis

1058 1773 1219 1801 Ptolemseus
1240 1773 1374 1807 collocat,
1403 1782 1466 1802 eum
1498 1773 1625 1800 Barbaria
1653 1773 1727 1808 regio
1763 1774 1844 1801 lui-rit

1049 1813 1171 1844 apropter
1192 1808 1367 1837 Barbaricum
1392 1810 1482 1837 sinum
1503 1813 1634 1844 protensa
1657 1809 1728 1835 inter
1754 1809 1843 1844 ipsum

1083 1845 1234 1871 arbaricum
1256 1845 1346 1873 sinum
1361 1848 1388 1871 et
1410 1844 1509 1873 Nilum.
1528 1848 1557 1869 ut
1580 1848 1686 1870 constat
1701 1851 1734 1870 ex
1755 1844 1844 1870 Ptole-

1060 1885 1138 1910 maeo,
1155 1880 1201 1914 qui
1222 1878 1336 1914 Raplam
1357 1880 1417 1914 ejus
1439 1879 1610 1913 metropolim
1633 1879 1697 1904 l'acit
1706 1898 1724 1914 ,ν
1738 1886 1843 1906 necnon

1060 1921 1093 1948 ex
1110 1913 1289 1948 Agathemero
1307 1915 1353 1941 lib.
1372 1913 1404 1945 ii,
1424 1921 1484 1948 cap.
1507 1914 1532 1939 11
1554 1918 1581 1940 ct
1598 1914 1640 1943 14,
1663 1918 1689 1940 ct
1705 1913 1843 1940 Marciano

1062 1947 1219 1976 Heracleota
1245 1949 1271 1975 in
1291 1948 1406 1982 Periplo,
1433 1947 1498 1979 etc,
1516 1948 1562 1974 lib.
1587 1957 1604 1979 i,
1619 1948 1670 1983 §'2.
1691 1953 1739 1974 aut
1760 1951 1844 1975 multo

1062 1983 1169 2017 longius
1183 1983 1319 2011 Barbarim
1337 1986 1404 2011 lines
1425 1983 1608 2018 Epiphanium
1632 1983 1800 2016 extendisse,
1817 1989 1843 2011 et

1063 2018 1171 2052 quidem
1191 2020 1353 2046 Anastasius
1378 2018 1482 2046 Sinaita
1504 2018 1530 2044 in
1554 2019 1685 2053 Anagogis
1701 2026 1779 2052 super
1799 2027 1843 2046 se:

1062 2054 1164 2079 dierum
1181 2061 1244 2087 opus
1272 2055 1319 2081 lib.
1346 2062 1385 2086 Ill,
1413 2053 1440 2080 in
1465 2060 1496 2080 ea
1525 2053 1694 2087 Pentapolim
1716 2054 1842 2084 collocat,

1063 2088 1200 2123 regionem
1226 2097 1323 2122 nempe
1348 2088 1436 2116 Plinio
1460 2087 1575 2115 docente
1599 2088 1697 2123 libav.
1724 2095 1787 2123 cap.
1810 2089 1842 2119 5,

1063 2121 1226 2150 illustratum
1246 2121 1354 2150 urbibus
1368 2124 1482 2150 maxime
1502 2121 1777 2157 quinqueﬂiercnicé,
1794 2126 1844 2150 Ar.

1063 2159 1146 2188 sinos.
1164 2158 1336 2191 Ptolemaida,
1355 2158 1506 2193 Apollonia.
1520 2157 1630 2192 Cyrene,
1646 2162 1673 2184 et
1689 2157 1844 2193 Stephanus

1068 2201 1176 2228 quoque
1188 2201 1248 2220 eam
1268 2194 1339 2229 apud
1356 2194 1446 2221 sinum
1454 2193 1597 2221 Arabienm
1606 2200 1667 2219 esse
1679 2193 1768 2229 docet.
1785 2195 1843 2220 Sci-

1031 2219 1054 2247 D
1068 2219 1526 2263 licet.uniusregionisnonienad
1542 2219 1678 2254 rliuitimas
1694 2219 1775 2254 etiam
1793 2219 1844 2256 lato

1064 2271 1118 2290 non
1134 2270 1195 2290 raro
1208 2264 1331 2290 transiit.

1093 2298 1150 2333 (6'2)
1164 2297 1316 2333 Legendum
1328 2298 1435 2333 videtur
1445 2297 1526 2331 juxta
1538 2297 1650 2328 Telmin,
1666 2300 1712 2323 aut
1728 2296 1841 2325 Talmin.

1094 2334 1148 2368 (65)
1162 2333 1323 2361 Heliodorus
1332 2334 1358 2361 in
1368 2332 1770 2368 τΕιΙιίορίεὶεκςιυ.Ιιιι.ι.κςνιιι,
1780 2337 1842 2365 etc.,

1059 2367 1158 2396 bellum
1182 2369 1312 2395 describit
1334 2369 1368 2396 ab
1383 2368 1507 2403 llyilaspe
1527 2367 1685 2403 [Elhliiplllil
1707 2375 1842 2401 regerunt

1058 2403 1149 2430 Persis
1164 2408 1270 2438 gestum
1284 2407 1393 2439 propter
1409 2402 1570 2438 'siimragdea
1587 2402 1695 2429 metalla
1705 2423 1713 2435 ,
1726 2403 1761 2429 τὰ
1775 2411 1842 2438 σμα-

1060 2439 1171 2473 ράγδεια
1190 2437 1317 2473 μέταλλα.
1710 2472 1714 2473 ν

1077 2439 1171 2472 άγδεια
1190 2438 1317 2472 μέταλλα.

1060 2447 1171 2473 ραγοεια
1190 2447 1317 2473 parum.

1096 2473 1150 2508 (64)
1166 2474 1271 2500 Latinis
1292 2474 1401 2500 rubrica
1416 2477 1456 2508 est
1473 2472 1618 2507 peculiaris
1638 2472 1762 2508 quaedam
1775 2477 1842 2499 terra

1059 2505 1254 2535 rubri'coloris
1274 2509 1306 2534 ad
1332 2505 1488 2542 tingendum
1501 2513 1573 2542 apta.
1597 2505 1720 2542 Epitome
1734 2505 1842 2534 Gesneri

1059 2543 1176 2581 babebat
1195 2543 1275 2575 Λιθος
1293 2541 1397 2578 ἄνθραξ
1419 2541 1495 2581 nino;
1513 2541 1583 2574 εἶδος
1606 2541 1760 2581 ξιιφοινικον
1781 2543 1833 2581 ἔχει

1060 2577 1198 2606 Gesner-us
1226 2583 1316 2606 autem
1346 2577 1533 2612 reponendum
1563 2579 1670 2604 censuit
1691 2577 1840 2612 φοινικρῦν,

1061 2614 1101 2640 vel
1115 2613 1293 2648 ἐξυφοίνικος.
1320 2611 1444 2647 Epitome
1467 2612 1604 2640 Anastasii
1620 2613 1681 2647 legit
1702 2622 1708 2639 :
1729 2611 1843 2647 Ἀνθραξ

1059 2647 1241 2683 όξυφοίνισῑος
1255 2648 1305 2683 μέν
1321 2650 1378 2674 ἐστι
1398 2648 1437 2683 τῷ
1454 2648 1526 2674 εῖδει.
1550 2647 1734 2679 Carbunculus
1752 2653 1790 2674 est
1804 2655 1843 2674 co-

1060 2683 1114 2710 lore
1127 2683 1263 2710 Plimniceo
1283 2683 1433 2710 celiemmli.

1095 2719 1150 2754 (65)
1168 2719 1290 2754 Ιέρὶιυιιιθ
1301 2718 1415 2746 Gesneri
1428 2718 1554 2745 οἰνωπόν.

1095 2754 1150 2789 (66)
1168 2753 1253 2780 Etiam
1290 2754 1414 2790 lipitouie
1436 2754 1550 2781 Gesneri
1572 2754 1660 2790 habet
1673 2754 1846 2790 χαλκηδόνιος

1059 2797 1141 2824 quam
1158 2789 1302 2816 lectionem
1323 2789 1387 2823 hinc
1401 2793 1476 2824 patet
1496 2789 1594 2824 injuria
1611 2798 1625 2816 a
1649 2789 1773 2818 Gcsncro
1791 2790 1846 2818 sol-

1061 2823 1160 2851 iicilari
1179 2824 1301 2858 apposita
1314 2830 1381 2851 voce
1396 2823 1583 2859 xapxq869t0;.
