1939 3039
89 172 142 202 337

763 176 886 204 VERSIU
904 176 1068 211 ANTIQUA.

1670 182 1733 211 ὅδε

91 230 129 260 sis
153 231 275 258 arbitror
298 232 371 258 hunc
384 239 446 259 esse
463 232 600 268 ligyrium,
619 234 747 269 quoniam
770 233 879 269 quidem
900 237 922 264 A
937 235 988 263 bus
1007 237 1144 272 pretiosis,
1159 241 1186 264 et
1205 237 1285 273 247
1303 237 1360 273 [‘29]
1378 239 1580 270 nonnullorum,
1593 239 1638 273 qui
1653 240 1721 267 mul-

90 275 190 304 divinae
208 275 361 310 Scriptura:
374 277 506 304 nonnulla
525 278 635 305 nomina
654 278 734 306 aliter
753 279 882 306 immuta-

92 326 167 354 runt,
193 322 266 349 sicut
284 323 457 358 smaragdum
480 323 575 351 dixere
593 324 745 359 prasinum,
766 325 884 361 aliisque

91 367 251 394 nominibus
280 367 333 394 alia
354 371 532 395 vocaverunt.
560 367 591 395 Et
610 369 734 404 liggurus
759 370 881 405 quidem,

89 414 133 442 vel
147 413 234 442 etiam
246 413 378 449 laggurus
393 413 464 449 (85),
483 415 506 441 si
521 415 579 449 ipse
592 415 627 442 sit
643 415 803 452 liggyrium,
819 424 883 444 rur—

89 467 139 487 sus
166 467 200 486 ex
226 467 281 494 quo
304 460 339 487 sit
364 459 436 493 loco,
462 461 584 488 nescitur
608 469 623 489 a
641 462 731 489 nobis.
750 463 882 490 Arbitrati

89 509 155 534 sunt
170 509 262 533 autem
280 513 343 533 eum
362 506 396 533 de
416 506 561 540 superiore
575 515 639 534 esse
657 507 806 542 Thebaida,
820 517 883 544 pro-

88 555 151 587 pter
165 551 240 586 quod
254 551 388 578 aliirmant
409 552 520 586 aliquos
541 552 657 587 lapides,
670 561 702 580 ex
720 553 809 588 lapide
830 554 882 581 hoc

88 597 117 624 in
141 596 198 624 atde
223 595 342 631 Aselepii
359 595 428 631 (86),
442 596 501 632 [‘28]
526 605 587 632 qua».
606 598 647 625 sic
672 599 834 634 appellatur,
853 600 881 627 in

89 642 209 677 Memphi
236 641 363 677 Egyptia
390 643 503 678 reperiri
520 653 526 670 :
543 645 570 671 iu
591 644 691 679 quibus
711 650 775 672 sunt
798 646 880 672 veluti

88 692 160 716 nota!
188 688 397 716 intermicantes
421 695 475 716 non
492 690 564 717 sicut
588 690 623 717 in'
637 690 730 725 ophite
744 690 812 726 (87),
833 692 880 719 sed

87 734 222 761 habentes
249 737 351 768 puncta
379 733 457 768 juxta
483 735 604 762 cerinum
627 735 684 770 (88)
698 736 812 770 lapidem
840 736 880 763 sic

87 784 229 806 vocatum.
246 778 350 806 Puncta
375 783 439 806 sunt
455 780 599 807 viridantia
626 781 674 813 ita,
691 786 719 808 ut
743 781 878 816 intelliga-

88 833 150 852 mus
164 825 194 852 in
209 824 350 860 profundo
367 825 465 860 lapidis
483 826 565 860 hujus
577 834 673 853 venam
689 834 750 854 esse
763 827 879 855 lectissi-

86 877 170 898 mam.
200 869 254 897 Sed
277 874 305 898 et
334 870 422 898 adhuc
451 870 570 898 lucidius
593 875 620 898 et
646 872 797 906 speciosius
823 872 878 899 haec

936 286 992 309 tum
1017 288 1096 310 erant
1113 284 1168 310 noti
1188 283 1390 317 manifestique,
1410 290 1637 315 commemorans,
1661 292 1723 311 ear-

935 319 1047 355 liunculi
1069 327 1143 360 dico,
1168 332 1196 355 et
1220 327 1367 362 smaragdi,
1389 327 1544 362 amethysti,
1571 333 1598 355 et
1620 329 1720 362 achati,

935 373 1041 408 berylli,
1060 377 1087 400 ct
1102 374 1273 409 chrysolithi.
1291 373 1318 399 in
1335 373 1432 400 horum
1448 372 1665 401 dinumeratione
1680 375 1720 401 la-

934 418 1028 452 pidum
1043 426 1098 446 non
1114 419 1269 445 meminerit
1284 417 1435 453 hyacinthi,
1453 425 1516 444 cmn
1531 418 1567 446 sit
1581 418 1649 453 lapis
1671 419 1722 446 iste

933 463 1116 495 clarissimus,
1133 464 1257 498 adeoque
1268 464 1419 498 pretiosus,
1435 467 1518 498 atque
1534 462 1676 494 mirabilis,
1693 469 1722 491 ut

923 506 1197 540 animadvertamus,
1216 517 1251 536 ne
1265 509 1392 544 ligyrium
1410 508 1525 535 forsitan
1543 507 1616 535 hunc
1629 508 1722 535 divina

921 552 1078 588 *Scriptura
1096 553 1269 588 eoguominet
1284 553 1352 588 (90).
1371 553 1539 589 Hyacinthus
1554 556 1646 580 autem
1664 561 1722 588 spe-

932 598 990 625 cies
1013 599 1094 626 habet
1117 599 1250 631 diversas,
1277 604 1380 634 quanto
1405 599 1477 625 enim
1500 598 1562 633 quis
1584 598 1722 625 invenitur

933 645 1027 671 colore
1046 644 1219 679 profundior,
1236 648 1313 671 tanto
1327 649 1369 671 est
1385 644 1446 671 aliis
1465 644 1637 672 neccssarior
1652 644 1719 679 (9i).

932 689 1088 724 llyaeintbo
1110 698 1186 721 vero,
1203 691 1243 717 vel
1263 689 1380 717 callaino
1403 697 1558 725 purpureus
1579 690 1654 716 color
1677 693 1727 717 est

932 735 1074 770 aliquanto
1088 735 1241 763 consimilis
1251 735 1319 770 (92).
1334 734 1411 763 Unde
1424 735 1515 762 divina
1528 744 1637 770 quoque
1645 735 1720 762 Scri-

932 784 1012 815 ptura
1030 789 1063 808 ex
1093 781 1240 816 hyacintho
1260 789 1433 815 purpuraque
1455 782 1622 816 pontiﬁcalia
1636 782 1719 809 resti-

932 831 1024 854 menla
1047 827 1115 854 dicit
1140 828 1244 854 ornari.
1275 827 1308 854 Et
1334 829 1488 862 prmcipuus
1514 828 1624 862 quidem
1650 827 1720 862 lapis

932 870 1096 906 hyacinthus
1121 872 1278 899 thalassitcs
1302 872 1463 906 appellatur,
1492 880 1525 899 eo
1548 873 1620 907 quod
1645 876 1719 900 tran-

88 920 164 949 petra
195 915 304 942 videtur
340 915 492 950 sumpsiSSe
520 923 682 951 cognomen.
710 917 878 952 Explanatur
895 906 917 935 Β
930 916 1007 949 quilli
1026 916 1111 942 maris
1125 916 1332 943 similitudinem
1351 916 1460 943 referat.
1477 916 1525 943 Est
1539 906 1566 943 et
1578 917 1657 947 alius,
1672 917 1719 951 qui

87 961 159 987 enim
186 959 311 995 liggurus
338 968 352 987 ιι
377 961 495 996 quodam
519 961 644 993 animali,
669 963 741 996 quod
767 963 877 998 liggium

87 1005 258 1037 nominatur,
278 1005 382 1032 habens
398 1005 527 1032 colorcm’
541 1006 607 1040 pulli
623 1006 715 1033 bubali
734 1008 775 1034 vel
793 1007 877 1034 bucu—

86 1051 119 1078 lie
141 1050 220 1082 rufae.
235 1051 316 1085 cujus
332 1050 419 1078 cauda
434 1051 542 1078 modica
560 1055 612 1084 est,
638 1056 665 1079 et
682 1052 762 1080 habet
777 1057 877 1087 puncta

87 1097 213 1131 quaedam
232 1096 392 1129 viridantia,
419 1100 530 1131 propter
546 1097 619 1132 quod
641 1102 669 1125 et
685 1098 754 1132 lapis
773 1099 877 1134 ligurus

87 1142 158 1170 idem
177 1142 252 1177 liggii
270 1142 358 1169 cauda
372 1142 510 1169 vocitatur
523 1142 591 1175 (89).
608 1143 664 1178 Ego
684 1148 775 1171 autem
798 1145 878 1172 vehe-

88 1192 196 1216 menter
222 1188 352 1219 admiror,
376 1195 426 1214 cur
444 1186 586 1222 Scriptura
611 1188 702 1214 divina
724 1197 824 1216 curans
845 1191 876 1217 ad

87 1238 227 1266 ornatum,
242 1233 425 1267 decoremque
441 1233 656 1268 pulchritudinis
672 1235 802 1269 regalium
818 1243 876 1262 ser-

86 1284 179 1308 torum
197 1283 224 1306 et
240 1270 467 1307 vestimentorum
489 1279 685 1313 pontiﬁcalium
713 1280 750 1306 uti
782 1281 878 1315 lapidi-

86 1380 168 1415 etiam
187 1378 265 1415 Plinii
288 1378 335 1405 lib.
362 1386 466 1410 xuvn,
493 1386 553 1415 cap.
571 1379 597 1405 2,
617 1378 715 1415 Verum
742 1380 876 1415 vulgatius

85 1420 110 1441 et
126 1414 299 1450 frequentius
318 1420 416 1450 nomen
443 1414 598 1450 lyncurium
620 1414 686 1450 fuit,
708 1419 757 1450 aut
780 1414 876 1450 lyngu-

86 1450 169 1480 rium,
183 1453 207 1476 et
236 1448 345 1482 quidem
363 1448 400 1474 ita
417 1448 562 1483 vulgatius,
584 1452 614 1475 ut
636 1449 749 1477 alterius
766 1448 801 1477 ab
822 1448 876 1478 uno

85 1483 175 1511 Plinio
189 1485 320 1510 certiores
338 1482 617 1520 factil‘urerimushcui
631 1491 704 1510 nunc
718 1485 798 1511 etiam
813 1485 876 1520 Epi-

86 1520 204 1554 phanius
221 1522 297 1545 Certe
310 1520 355 1554 ‘gst
369 1518 548 1554 adjiciendus.
567 1517 659 1552 Neque
671 1526 734 1545 vero
751 1517 875 1554 prartei'i-

85 1552 114 1581 re
125 1554 204 1580 decet
218 1554 288 1587 apud
305 1552 415 1589 Graecos
430 1553 529 1589 smpius
541 1560 685 1589 occurrere
700 1552 798 1581 nomen
810 1555 873 1589 λυγ-

87 1588 197 1623 γοὺριον
211 1595 293 1622 quam
306 1587 476 1622 λυγκούριον.
488 1587 554 1614 lllud
566 1587 636 1623 apud
649 1587 872 1623 Theophrastum

85 1628 111 1650 et
129 1622 316 1650 Dioscoridem
343 1622 405 1657 legit
429 1622 591 1654 Salmasius,
619 1627 645 1650 ct
671 1622 771 1650 habent
790 1625 871 1651 etiam

85 1657 196 1688 Strabo,
218 1661 398 1689 etc.,necuon
418 1657 578 1684 Plutarchus
607 1658 632 1683 in
651 1657 668 1683 Ι.
699 1657 735 1684 De
760 1660 871 1685 animal.

85 1693 195 1719 solertia
216 1696 237 1717 t.
255 1691 287 1722 ll,
304 1699 331 1725 p.
347 1691 409 1722 95‘2,
433 1692 477 1719 ed.
499 1691 585 1718 Paris.
601 1692 670 1719 1624
686 1702 693 1719 :
709 1698 735 1720 et
760 1693 872 1727 quidem

86 1727 215 1763 Solinus,
241 1734 303 1760 cap.
324 1726 360 1756 ‘2.
376 1727 441 1763 illud
471 1727 558 1756 solum
586 1731 718 1763 memorat
742 1726 873 1763 tanquam

85 1762 188 1798 graecis
207 1762 341 1798 lamiliarc
361 1771 367 1788 :
387 1761 477 1798 Gru'ce
495 1762 643 1796 lyugurium
656 1761 763 1798 dicitur.
779 1761 873 1798 Itaque

86 1796 256 1832 Epiphanius
271 1804 381 1830 quoque
400 1797 435 1823 ita
461 1799 608 1832 scripserat
625 1806 631 1823 :
648 1797 719 1824 unde
737 1796 873 1832 interpres

85 1832 158 1866 quod
178 1831 223 1857 alii
241 1831 393 1866 lyngurium
407 1831 556 1858 secundum
573 1832 769 1865 pronuntiandi
786 1831 871 1860 ratio-

84 1874 146 1893 ncm
164 1866 468 1901 scripsissent,scripsit
489 1867 647 1900 lyggurium,
666 1867 800 1901 lyggurus,
816 1868 872 1902 lag-

84 1909 177 1936 gurus,
197 1905 262 1936 etc.,
281 1905 428 1935 utrumque
445 1909 481 1934 γγ
498 1902 627 1928 retinens.
654 1901 700 1928 Sic
717 1902 873 1930 Priscianus

84 1934 203 1964 iestatur
221 1934 362 1962 Romanos
385 1934 450 1962 olim
477 1943 568 1961 vocem
592 1936 706 1970 ἄγγελος
726 1937 874 1970 scripsisse

85 1973 200 2005 aggelos.
222 1970 310 1996 Varro
327 1975 416 1997 autem
435 1971 469 1997 De
483 1970 573 2004 lingua
581 1970 642 1997 Lat.
655 1971 700 1997 lib.
716 1979 734 2001 ι.
746 1975 771 1998 et
784 1972 873 1998 Victo‘

84 2008 163 2033 riuus
195 2005 231 2031 De
248 2005 445 2040 orthographia,
468 2009 532 2037 etc.,
552 2011 676 2032 auctores
704 2006 782 2033 nobis
810 2010 874 2033 sunt

84 2040 242 2067 Graecorum
270 2048 346 2067 more
359 2041 461 2066 Attium
491 2044 597 2074 portam
618 2040 738 2068 seriberc
760 2049 875 2068 consue—

85 2076 156 2103 visse
171 2083 292 2109 agguem,
313 2076 446 2110 aggttluin,
467 2079 520 2101 etc.

121 2110 331 2146 (85)).lrosrephus
347 2112 414 2146 Ant.
424 2110 471 2136 lib.
488 2117 528 2141 ιιι⁷
544 2118 604 2146 cap.
619 2110 871 2146 8,1ι;ιι)(ειλεγυρος.

83 2145 213 2180 Nunquid
243 2145 364 2181 λίγυρος,
386 2145 545 2179 λύγγουρος,
572 2145 733 2181 λάγγουρος,
756 2145 874 2179 7.237202:-

86 2189 141 2215 ρος,
157 2186 223 2210 etc,.
237 2180 408 2215 substantiva
427 2185 491 2206 sunt
510 2181 645 2215 nomina;
664 2180 783 2215 λιγύριυς
809 2188 874 2207 vero

84 2213 248 2260 atljectivum
256 2213 699 2260 ls‘tibauditqﬂyoce‘ittﬂofillapisﬂ;
709 2213 736 2242 et
753 2215 870 2249 λυγγού-
888 2233 910 2260 D

85 2259 140 2284 ρων
157 2249 305 2276 subandita
322 2257 387 2276 voce
404 2249 693 2307 ιἐίλλεκτρον,ιείιεείιίιηι1⁷

118 2284 175 2307 {86)
198 2284 382 2307 lEsr-nlanins.
416 2284 497 2307 imane.
526 2283 692 2307 ’Λσκλτιπινέε

118 2284 175 2320 (86)
195 2284 382 2318 Ᾱίςειιιιιρίιιε,
404 2283 497 2311 Graece
525 2283 692 2320 :Asgdcr‘mé;
709 2290 760 2311 cst.
778 2283 871 2319 Itaque

83 2318 228 2354 Asclepius
246 2320 272 2346 in
284 2319 376 2346 multis
393 2326 502 2353 quoque
525 2318 629 2347 Latinis
645 2318 870 2354 inscriptionibus

84 2354 154 2390 apud
167 2353 315 2390 Gruterum
331 2354 430 2390 dicitur
442 2362 457 2390 Δί
480 2355 547 2390 quin
561 2353 642 2390 etiam
658 2353 807 2390 Martianus
819 2354 871 2380 Ca-

85 2388 206 2424 pella_De
221 2389 329 2423 nuptiis.
345 2393 409 2420 etc.,
422 2388 468 2416 lib.
483 2397 512 2420 ιι,
527 2388 615 2423 inquit
631 2398 637 2414 :
656 2388 768 2416 Ascribt't
779 2388 871 2416 Ascle-

83 2422 125 2458 pio
147 2422 436 2452 Grteciu'medicinam.

119 2459 176 2494 (87)
197 2459 316 2486 Marmor
342 2459 449 2494 ophites
477 2458 527 2484 hoc
551 2466 648 2485 nomen
671 2457 769 2490 habet,
797 2459 869 2493 quod

84 2498 242 2528 serpentum
258 2495 347 2521 instar
363 2494 444 2520 variis
466 2495 581 2520 maculis
599 2494 758 2521 distinctum
774 2494 809 2521 sit
835 2494 870 2521 De

83 2536 115 2556 eo
127 2529 235 2556 Plinius
251 2529 298 2556 lib.
318 2537 410 2559 xxxvi,
423 2536 483 2563 cap.
501 2529 526 2554 7.

117 2564 176 2599 (88)
197 2563 279 2598 Lapis
293 2563 351 2599 hic,
367 2567 396 2590 ut
410 2564 517 2599 opinor,
535 2563 580 2590 ille
599 2567 651 2593 est.
674 2570 754 2598 quem
770 2564 814 2590 alii
828 2572 869 2590 te-

83 2598 157 2627 mem
169 2603 280 2626 vocant.
293 2598 360 2625 Vide
372 2598 488 2626 Plinium
503 2599 550 2625 ιιι).
565 2606 668 2629 xxxvii,
683 2606 743 2632 cap.
758 2599 802 2628 lt).
816 2602 868 2626 ctc.

117 2635 175 2670 (89)
193 2634 259 2667 Qua:
274 2634 318 2660 hic
337 2635 370 2661 de
388 2634 513 2670 lyngurio
532 2637 665 2670 memorat
691 2633 870 2670 Epiphanius,

83 2668 314 2704 nunc‘primum,
347 2670 419 2703 quod
448 2669 543 2699 sciam,
572 2669 758 2704 innotescunt.
788 2668 871 2696 l’urro

83 2703 190 2732 animal
209 2703 286 2736 illud,
305 2704 377 2738 quod
397 2705 506 2739 liggium
529 2709 618 2735 vocat,
636 2708 709 2730 certe
727 2703 790 2739 lynx
807 2711 868 2733 esse

83 2740 200 2771 vldetur,
216 2747 231 2766 a
249 2746 304 2773 qua
317 2743 345 2766 et
356 2739 400 2766 alii
417 2746 514 2766 nomen
538 2739 673 2774 lyncurio,
699 2746 746 2766 seu
767 2739 870 2773 lyugu—

83 2775 123 2803 rio
138 2775 241 2803 factum
256 2775 397 2807 dixerunt,
410 2774 532 2801 fabulosa
546 2779 637 2800 tamen
657 2774 772 2804 ratione,
797 2774 869 2808 quod

82 2811 213 2838 nimirum
228 2818 261 2837 ex
281 2810 368 2844 lyncis
382 2810 459 2836 urina
478 2809 532 2836 liat.
552 2809 618 2836 Vide
639 2807 780 2836 ΑΞΙίιιιιιιιιι
798 2807 868 2836 Hist.

82 2845 192 2874 animat.
205 2846 251 2872 lib.
267 2853 305 2875 iv.
318 2852 378 2878 cap.
392 2845 437 2877 l7;
449 2844 668 2878 Theophrastum
688 2845 714 2870 in
739 2845 785 2871 lib.
799 2845 869 2878 Περὶ

84 2881 189 2915 ,ιιθωνδ
211 2880 330 2908 ῐῚίιιὶιιιιι
350 2881 395 2907 lib.
420 2889 477 2913 \‘lll,
499 2889 558 2915 cap.
581 2880 625 2913 58,
649 2885 676 2907 et
699 2880 745 2907 lib.
766 2888 869 2915 xxxvii,

932 965 1048 987 vocatur
1062 960 1200 987 rhodiazus
1213 960 1269 995 (95)
1287 971 1293 987 :
1308 961 1377 988 alius
1393 960 1593 996 oppalius(94).
1611 961 1720 988 Rursus

933 1006 1004 1032 alius
1032 1006 1194 1040 perilcutius
1207 1006 1274 1040 (95).
1296 1006 1476 1033 Inveniuntur
1498 1010 1588 1033 autem
1614 1006 1718 1041 lapides

930 1051 974 1078 isti
1003 1051 1060 1087 [50)
1094 1052 1120 1078 in
1148 1052 1280 1079 interiore
1303 1052 1430 1083 barbarie
1455 1052 1511 1085 (96)
1540 1052 1716 1088 Scytharum.

931 1097 1070 1132 Scythiam
1096 1105 1159 1124 vero
1177 1097 1251 1124 soliti
1275 1101 1340 1124 sunt
1364 1102 1468 1124 veteres
1492 1097 1628 1133 appellare
1651 1106 1719 1125 cun-

930 1145 1001 1168 ctam
1028 1142 1267 1176 scptentrioualem
1292 1132 1409 1177 plagam,
1435 1142 1480 1169 ubi
1507 1147 1571 1169 sunt
1592 1141 1673 1170 Gothi
1692 1147 1719 1170 et

931 1187 1016 1214 Dauni
1038 1188 1105 1221 (97),
1132 1187 1218 1214 Venni
1233 1187 1288 1222 (98)
1304 1195 1412 1222 quoque
1434 1192 1461 1215 et
1480 1188 1537 1215 Arii
1556 1188 1612 1223 (99)
1631 1196 1718 1224 usque

931 1231 1131 1259 Germanorum
1155 1233 1412 1267 Amazonarumque
1436 1234 1574 1268 regionem
1588 1234 1638 1268 (l).
1661 1233 1720 1262 Illic

930 1277 1015 1312 igitur
1039 1278 1154 1304 interius
1182 1278 1209 1304 in
1235 1277 1344 1305 deserto
1370 1278 1451 1313 hujus
1473 1286 1578 1313 magna:
1602 1278 1719 1314 Scythia!

931 1386 992 1412 cap.
1010 1379 1046 1410 2;
1067 1378 1192 1404 Solinum
1207 1385 1266 1412 cap.
1285 1378 1313 1410 2,
1329 1381 1356 1405 et
1375 1379 1464 1412 ipsum
1488 1377 1664 1405 Plutarchum
1681 1378 1718 1404 De

930 1415 1013 1440 anim.
1041 1414 1161 1445 solertia,
1193 1416 1258 1443 etc.,
1291 1417 1320 1439 ut
1350 1414 1418 1440 alios
1443 1416 1558 1439 taceam.
1583 1413 1716 1440 Czrterum

930 1448 1069 1479 animalia,
1089 1456 1149 1482 quae
1165 1448 1226 1474 aliis
1242 1447 1340 1482 λύγκες
1357 1451 1431 1479 sunt,
1446 1447 1560 1474 docente
1583 1447 1717 1482 Salmasio

931 1492 991 1518 pag.
1009 1483 1054 1514 (i2,
1070 1481 1260 1518 Artemidorus
1274 1481 1352 1518 vocat
1375 1482 1501 1518 λύγγορς,
1522 1486 1548 1518 et
1564 1482 1635 1517 apud
1651 1481 1715 1509 Plu-

929 1516 1053 1544 tarchum
1070 1517 1181 1544 laudato
1200 1517 1260 1544 loco
1273 1517 1375 1551 λύγγας
1388 1517 1440 1544 dici
1458 1516 1575 1543 invenio.

963 1553 1020 1587 (90)
1037 1552 1108 1579 llinc
1130 1552 1158 1578 S.
1176 1550 1357 1587 Hieronymus
1375 1553 1401 1578 in
1421 1551 1541 1586 Epistola
1563 1550 1596 1577 ad
1614 1550 1714 1587 Fabio-

926 1588 991 1620 lam,
1007 1586 1020 1621 §
1037 1588 1088 1614 l7:
1105 1587 1228 1621 Satisque
1243 1586 1324 1613 miror
1339 1595 1387 1613 cur
1404 1586 1560 1621 hyacinthus
1580 1586 1714 1621 pretiosis—

925 1620 1018 1650 simu;
1026 1623 1094 1657 lapis
1110 1623 1138 1649 in
1149 1620 1242 1648 horum
1257 1630 1364 1649 numero
1378 1620 1430 1657 non
1444 1625 1567 1655 ponatur,
1581 1621 1632 1648 nisi
1646 1620 1714 1657 forte

910 1658 979 1692 'ipse
995 1663 1033 1684 est
1053 1655 1107 1685 alio
1125 1657 1229 1683 neruine
1252 1656 1374 1691 ligurius.
1397 1655 1525 1683 Scrutans
1547 1664 1607 1687 eos,
1623 1656 1669 1692 qui
1683 1657 1716 1683 de

925 1691 1045 1726 lapidum
1063 1697 1140 1727 atque
1163 1699 1327 1726 gemmarum
1351 1691 1479 1726 scripsere
1507 1692 1628 1724 naturis,
1648 1691 1716 1726 ligu-

926 1729 996 1754 rium
1014 1728 1129 1754 invenire
1142 1735 1194 1754 non
1212 1728 1296 1761 potui.

959 1763 1017 1798 (9|)
1036 1762 1160 1797 Epitome
1184 1761 1298 1789 Gesncri
1328 1761 1563 1797 ἀναγκαιότερος,
1584 1764 1710 1796 ριάξδιαιιν

925 1799 985 1824 tier.

961 1832 1017 1867 (99)
1034 1832 1088 1858 Aut
1116 1831 1294 1867 hyacinthum
1306 1865 1311 1867 ν
1324 1838 1386 1867 cum
1413 1830 1530 1867 callaino
1543 1830 1713 1867 _conlbndit,

925 1865 972 1894 aut
985 1867 1042 1893 vult
1065 1865 1144 1893 illum‘
1158 1867 1278 1893 colorem
1305 1865 1407 1892 habere
1433 1865 1506 1891 haud
1525 1865 1680 1892 absimilem
1699 1873 1714 1891 a

925 1902 1053 1933 callaino,
1067 1904 1094 1928 et
1112 1901 1152 1928 sic
1166 1900 1274 1927 videtur
1287 1907 1388 1926 vocare
1399 1906 1533 1933 geminam
1551 1899 1634 1932 illam,
1652 1906 1714 1933 qua:

925 1936 1021 1963 callais
1036 1936 1137 1962 dicitur
1151 1942 1165 1961 a
1183 1934 1272 1961 Plinio
1289 1935 1337 1960 lib.
1355 1942 1461 1966 xxxvii,
1477 1941 1537 1968 cap.
1550 1934 1576 1960 8.

960 1970 1016 2005 (93)
1037 1970 1108 2004 Epit.
1126 1969 1238 2005 Gesneri
1252 1988 1260 2000 ,
1290 1969 1402 2005 petitu“.
1428 1968 1556 1995 Nostrum
1584 1968 1714 2003 interpre-

925 2003 978 2032 tem
1006 2003 1143 2032 invenisse
1171 2004 1276 2031 videtur
1300 2003 1418 2038 ροδόεις·
1443 2007 1590 2038 utrumque
1613 2010 1712 2031 nomen

926 2044 1004 2066 sonat
1022 2048 1123 2067 roseus.

962 2075 1018 2109 (94)
1037 2074 1066 2101 ln
1082 2075 1205 2110 Epitome
1217 2072 1330 2110 Gesneri
1348 2072 1399 2110 hoc
1414 2072 1474 2100 loco
1489 2072 1563 2110 nulla
1574 2076 1620 2110 est
1637 2080 1713 2110 meris

927 2110 964 2136 tio
982 2107 1081 2145 oppalii
1094 2107 1163 2140 {sed
1184 2113 1282 2143 quarto
1299 2109 1358 2135 loco
1383 2108 1454 2145 inter
1468 2107 1712 2145 variashyaciuthi

927 2142 1031 2178 species
1049 2145 1124 2178 ponit
1137 2142 1315 2178 hyacinthutn
1331 2144 1467 2178 χαννιαῖον
1478 2142 1533 2169 sic:
1554 2142 1714 2178 ῥξέταρτος

927 2176 1079 2214 [evitato-gf
1096 2179 1144 2207 sed
1157 2176 1295 2214 iridendus
1307 2176 1467 2214 salmasius,
1487 2185 1547 2214 pag.
1561 2176 1623 2214 779.

963 2214 1020 2249 (95)
1050 2213 1121 2249 Epit.
1145 2213 1259 2241 Gesneri
1289 2211 1716 2249 napalst’axmq.’Restituendum,

925 2257 957 2275 πε
962 2249 1096 2277 οίλευκος.

961 2258 1096 2285 ριΑευκος.

960 2284 1015 2318 (96)
1035 2284 1102 2311 Vide
1122 2291 1204 2319 supra
1219 2291 1281 2318 pag.
1302 2283 1345 2319 l8.

962 2317 1017 2356 (97)
1046 2317 1170 2356 Epitorue
1187 2317 1324 2345 Anastasii
1353 2319 1378 2343 ot
1404 2317 1497 2356 Γᾴτθοι
1517 2319 1564 2345 καὶ
1589 2319 1716 2356 derivem,

925 2353 1049 2381 et'alios
1072 2353 1128 2381 'hic
1157 2357 1322 2380 memoratos
1352 2354 1468 2387 populos
1494 2355 1623 2386 praeterit.
1652 2353 1711 2381 Non

926 2389 1026 2420 Dauni,
1040 2389 1086 2417 sed
1109 2389 1199 2420 Dahae,
1217 2391 1264 2414 aut
1282 2387 1358 2414 Dasaa
1375 2387 1515 2422 legendum
1536 2388 1660 2421 videtur,
1685 2394 1712 2416 et

926 2424 953 2450 in
970 2423 1064 2451 Grasco
1078 2422 1277 2451 restituendum
1295 2423 1371 2453 Δάαι,
1388 2426 1434 2448 aut
1452 2422 1544 2450 Δάσαι.

962 2459 1017 2494 (98)
1033 2458 1136 2486 l’linius
1152 2458 1199 2494 lib1
1212 2466 1242 2494 iv
1253 2477 1260 2489 ,
1276 2465 1300 2484 c.
1321 2457 1368 2489 12,
1382 2457 1408 2483 in
1428 2457 1562 2494 Sarmatia
1581 2457 1711 2493 Europae

928 2491 1102 2520 Vannianum
1129 2491 1265 2528 quoddam
1294 2500 1419 2528 regnum
1438 2491 1523 2528 ponit.
1548 2494 1615 2521 Vide
1630 2491 1711 2521 etiam

927 2528 1052 2556 Tacitum
1069 2527 1167 2556 Annal.
1183 2528 1230 2555 lib.
1249 2536 1296 2554 xu.
1313 2527 1383 2559 Quid
1399 2527 1421 2554 si
1438 2527 1498 2561 quis
1524 2528 1617 2555 Iluuni
1632 2529 1712 2556 resti-

927 2564 1034 2591 tueret?
1049 2564 1179 2598 Agathias
1193 2563 1305 2590 Hunnus
1320 2563 1393 2598 circa
1413 2562 1563 2590 Matolidem
1586 2564 1711 2591 collocat.

961 2599 1019 2635 (99)
1047 2597 1297 2635 Fortassis,:dbii,
1318 2597 1501 2635 scilicet_hos
1528 2600 1643 2635 populos
1670 2607 1713 2629 se-

923 2632 1125 2696 l[Incutrionales
1145 2638 1237 2670 partes
1259 2632 1377 2668 Scythiae
1397 2632 1537 2662 habitasse
1551 2632 1712 2662 Ptolemaeus

944 2677 991 2696 oce
1006 2689 1013 2696 .
1235 2677 1237 2679 ’

944 2673 1013 2696 ιιεοῐ.
1235 2677 1237 2679 ’

959 2704 998 2739 (t)
1017 2705 1116 2740 Accipe
1141 2704 1174 2732 de
1198 2703 1432 2740 Amarepibus_ad
1452 2702 1576 2740 Tanaim.
1596 2704 1710 2740 Amazo-

923 2737 994 2767 num'
1014 2737 1155 2767 historiam
1182 2740 1216 2767 ab
1241 2738 1349 2765 erudito
1377 2737 1497 2765 Floreat.
1525 2739 1624 2773 juvene
1646 2738 1710 2764 Ant.

925 2774 1010 2802 lllaria
1026 2775 1138 2812 Beuinjo
1152 2775 1264 2812 copiose
1277 2773 1523 2812 illustratamscio,
1535 2778 1569 2812 _ut
1580 2774 1642 2812 edat
1655 2779 1710 2798 me-

925 2817 1021 2841 moro.
1049 2813 1077 2837 ct
1103 2808 1287 2840 Petri-Potiti
1315 2808 1508 2838 dissertatione
1535 2808 1712 2835 laudatiorem

911 2861 914 2862 ν
924 2852 1050 2881 auguror.
