1929 3038
207 162 262 189 365

853 163 940 191 LlllRl
962 163 1004 190 DE
1026 163 1071 190 XII
1090 164 1220 192 GEMMIS

1791 166 1842 194 ΞΗ

207 224 287 258 juxta
303 227 453 260 utrumque
468 224 542 252 latus
555 225 744 257 humerorum,
765 225 822 260 jam
838 233 892 252 non
908 233 941 253 ex
960 224 1003 252 di-
1019 225 1042 253 Δ
1055 224 1099 252 his
1112 225 1169 260 (22)
1193 233 1251 260 qua:
1277 226 1406 253 dicuntur
1417 246 1424 259 ,
1455 226 1482 253 in
1517 225 1695 262 hippodromo
1721 224 1844 253 Chabri-

209 269 299 298 versis
321 270 470 305 lapidibus,
498 270 545 297 sed
568 277 601 298 ex
632 270 778 306 smaragdo
799 270 1000 304 tantummodo,

209 320 344 351 erantque
363 323 459 343 rursus
477 315 587 342 nomina
607 315 723 342 llliorum
741 316 824 343 lsrael
850 316 1000 344 secundum

210 366 378 398 praeceptum
398 361 504 388 Domini
528 361 643 396 scripta,
665 366 748 397 atque
761 362 866 397 scalpta
887 362 914 389 in
933 362 1002 389 duo-

212 409 266 436 bus
285 407 348 434 istis
365 406 523 442 lapidibus;
541 413 594 433 non
612 410 703 434 tamen
719 407 862 435 evidenter
877 407 1001 435 Ostendi-

210 457 268 481 tur,
287 451 359 486 quod
374 458 474 479 nomen
498 452 524 478 in
543 455 620 486 parte
645 452 756 479 dextera
777 453 880 487 prasini
904 451 1002 486 lapidis

209 497 324 526 inscribi
347 496 453 528 debeat.
479 497 520 523 vel
542 497 614 532 quod
635 497 663 524 in
687 497 800 524 sinistra
823 503 910 532 parte,
931 497 1002 524 sicut

211 544 270 577 ipse
286 542 407 570 decrevit
423 542 551 570 similiter
566 542 708 576 adnotari;
733 543 786 570 nisi
800 542 872 577 quod
888 550 1002 578 prorsus

211 587 418 622 intelligendum
435 591 488 620 est,
513 587 578 622 quia
602 595 649 614 sex
674 588 785 615 nomina
806 588 908 623 scripta
925 593 1003 615 erant

212 641 240 660 in
257 633 369 660 sinistra
387 637 475 667 parte,
487 637 514 660 et
529 641 576 660 sex
594 633 620 660 in
636 634 748 661 dextera
772 634 890 661 ﬁliorum
906 634 1000 663 lsrael.

213 676 268 704 Nec
295 678 370 704 enim
394 681 501 712 poterat
528 685 598 704 unus
623 678 692 712 lapis
721 679 831 705 nomina
859 678 1002 707 duodecim

213 723 336 750 tribuum
361 730 459 757 capere
482 726 595 758 propter
619 723 812 751 rotunditatem
840 732 928 751 suam.
951 724 1003 752 Sed

213 776 263 795 nec
280 769 408 803 praecepit
433 768 574 801 Dominus,
600 772 629 795 ut
653 768 798 803 dupliciter
822 770 1004 797 inscribantur

213 814 359 841 duodecim
384 813 473 841 tribus
495 814 523 840 in
544 817 620 848 parte
643 814 765 847 dextera,
786 820 813 842 et
843 816 870 842 in
892 816 1004 843 sinistra

213 859 376 892 duodecim;
394 859 440 886 sed
461 860 624 895 simpliciter
645 859 683 887 ait
700 861 726 887 in
748 861 889 895 pressione
916 861 1006 896 signa-

214 906 267 932 culi
285 905 400 932 llliorum
428 905 521 938 Israel,
543 906 616 932 sicut
632 905 713 933 habet
739 907 796 942 ipsa
825 906 1006 934 circumstan-
1024 902 1044 930 Β

215 953 252 978 tia
281 953 417 984 lectionis,
445 960 527 988 quam
559 959 632 980 nunc
660 953 693 980 ad
713 954 824 980 verbum
849 954 1006 981 curavimus

214 998 426 1033 expriniere,_in
448 1006 501 1033 qua
520 999 609 1033 ipsum
633 1006 742 1034 quoque
757 999 932 1034 pontificatus
954 999 1008 1026 olli—

215 1044 287 1071 eium
303 1048 468 1079 praereptum
483 1048 525 1072 est
548 1043 669 1071 ordinari
689 1054 694 1071 ε
712 1045 752 1072 sic
772 1045 809 1071 ait
822 1045 878 1080 (l9)
896 1055 901 1072 :
923 1044 955 1070 Et
970 1045 1008 1079 fe-

215 1095 307 1117 cerunt
323 1091 380 1126 (20)
400 1091 616 1126 super/tumerale
629 1099 662 1119 ex
677 1100 754 1126 auro,
776 1097 801 1119 et
819 1092 970 1127 hyacintho,
984 1098 1008 1120 et

217 1143 344 1170 purpura,
359 1141 384 1163 et
401 1144 478 1163 cocco
495 1145 553 1163 cum
570 1137 647 1172 bysso
667 1141 777 1170 retorta,
795 1141 848 1164 etc.
863 1136 919 1173 [39]
937 1137 1008 1171 Opus

217 1181 307 1209 textile
336 1182 452 1216 fecerunt
480 1182 566 1215 illud;
593 1183 819 1218 superltumeraliu
849 1183 1009 1210 continentia

217 1228 273 1254 sese
290 1235 322 1254 ea:
341 1228 461 1262 utrisque
470 1228 601 1262 partibus,
624 1236 687 1262 opus
704 1229 796 1255 textile
812 1229 921 1255 invicem
937 1237 1009 1254 com-

218 1272 358 1303 plectentia
377 1280 404 1298 se
425 1279 471 1305 per
492 1273 643 1299 circuitum.
662 1272 704 1299 Ea:
722 1273 778 1306 ipso
798 1273 912 1306 fecerunt
929 1273 1009 1307 juxta

219 1317 275 1351 ejus
293 1316 438 1350 facturam,
452 1325 484 1344 ex
494 1326 571 1349 aura,
589 1323 613 1345 el
632 1319 785 1353 hyacintho,
802 1325 826 1345 et
841 1327 969 1354 purpura,
985 1324 1009 1346 et

219 1367 368 1394 cocconeto,
389 1368 412 1389 et
429 1363 505 1397 bysso
528 1368 637 1397 retorta,
655 1364 723 1390 sicut
738 1366 859 1398 prtecepit
882 1365 1009 1392 Dominus

220 1408 300 1436 Mosi.
318 1408 448 1436 Fecerunt
465 1413 589 1444 utrosque
604 1409 706 1443 lapides
730 1410 877 1445 smaragdi,
893 1411 1010 1444 con/ibit-

219 1456 300 1486 latos.
318 1460 343 1482 et
358 1455 495 1482 conclusos
507 1464 584 1487 auro,
597 1456 712 1490 scalptos
730 1457 756 1483 in
772 1458 905 1489 pressione
920 1458 1010 1492 signa-

219 1501 274 1528 culi
285 1502 420 1528 nominum
433 1502 550 1536 ﬁliorum
566 1501 662 1528 Israel.
679 1501 712 1528 Et
725 1503 905 1536 imposuerunt
920 1513 963 1531 eos
982 1505 1009 1531 in

219 1548 342 1574 humeros
356 1547 578 1581 superliumcralis
595 1547 694 1582 lapides
715 1550 877 1576 monumenti
890 1550 1008 1584 ﬁliorum

221 1592 319 1624 Israel,
347 1593 414 1619 sicut
435 1594 557 1627 prieeepit
578 1593 682 1628 Moyses
698 1593 766 1629 (2|).
791 1594 852 1622 llaec
876 1595 930 1624 duo
949 1597 1010 1624 loca

222 1642 288 1666 sunt
303 1638 400 1665 horum
421 1639 551 1673 lapidum,
569 1643 596 1666 et
612 1640 809 1674 appellationes
832 1649 938 1675 eorum,
950 1649 1011 1677 qua:

222 1683 374 1712 secundum
398 1684 499 1711 tribum
522 1690 664 1720 praeceptae
684 1691 748 1713 sunt
774 1686 908 1714 adnotari.
934 1687 1012 1716 Unns

222 1728 332 1763 quidem
357 1729 434 1757 locus
461 1733 503 1756 est
535 1730 560 1757 in
592 1730 642 1758 hoc
672 1731 809 1764 rationali,
836 1735 861 1759 et
887 1733 956 1760 alter
984 1733 1010 1760 in

259 1828 266 1844 ‘
283 1828 351 1855 Gen.
369 1836 451 1861 xxxv,
465 1829 500 1855 25
513 1837 573 1864 sqq.
613 1829 701 1857 ’Gen.
726 1838 800 1857 xxxii
815 1836 842 1858 et
863 1839 959 1858 xxxiii.

260 1919 314 1981 (119)
325 1918 390 1946 Vide
409 1918 494 1947 Exod.
510 1927 569 1954 cap.
589 1927 681 1951 xxxvi,
698 1921 724 1947 in
742 1921 867 1948 versione
879 1920 965 1954 LXX,
987 1922 1014 1949 in

260 1959 339 1981 inata
353 1961 418 1981 vero
434 1962 458 1980 e.
471 1959 599 1981 χχχιχ-ει
610 1954 672 1981 vide
691 1955 772 1981 etiam
783 1955 869 1981 Exod.
880 1963 905 1981 c.
915 1964 1012 1981 xxviii.

222 1954 339 1989 Vulgata
353 1961 418 1981 vero
434 1962 458 1980 e.
471 1954 672 1989 xxxtx,etrvide
691 1955 772 1982 etiam
783 1955 869 1982 Exod.
880 1963 905 1983 e.
915 1964 1012 1983 xxviii.

223 1988 306 2026 {tetes
320 1989 511 2026 autem_veliiii
538 1988 639 2026 lapides
653 2009 660 2020 ,
678 1997 748 2026 quos
764 1989 833 2016 LXX
852 1991 1014 2026 smaragdos

224 2025 372 2060 dixerunt,
401 2023 542 2060 V_ulgatam
562 2023 686 2060 aliosque
715 2025 878 2060 interpretes
902 2023 1015 2052 vocasse

224 2059 375 2104 onj'eliinos
391 2068 398 2091 ;
414 2057 574 2093 lost-phum,
598 2057 794 2104 sardonyches:

274 2093 318 2104 αλιι
334 2093 379 2104 οε-
397 2093 404 2104 Ι
418 2093 462 2104 vv
486 2094 510 2104 Ζ..
530 2101 571 2104 ιςμ-
603 2093 662 2104 ιι-..
712 2094 791 2104 Π-ᾼΙη

262 2067 379 2128 diligi
391 2067 582 2128 ἰῗῗνῗέἰῖἒτέ
598 2067 859 2128 ῗῧὲῗέῗ¹¹³ἕὲἓῗτξσαν.
875 2093 1015 2122 Editiones

226 2127 570 2164 plurinia:_t_atnenlerunt,
587 2128 732 2164 Ἐποίησε,
745 2127 819 2164 fecit.

335 2161 406 2204 LXX
424 2172 430 2189 :
450 2162 551 2204 Κρριος
565 2161 604 2196 τῷ
619 2161 721 2204 Μωῦσῇ
739 2161 979 2204 Dominusdlloysi.

263 2198 320 2233 ('22)
337 2197 425 2233 Locus
449 2196 523 2233 adeo
536 2196 746 2233 corruptus."ut
758 2198 878 2233 rrestitui
905 2196 1016 2226 minime

228 2230 309 2269 posse
324 2232 458 2269 videatur,
471 2230 554 2269 Multa
566 2231 662 2269 deesse
679 2232 854 2269 n_on_dnb_ito.

264 2265 319 2302 (23)
338 2267 408 2300 Quid
426 2266 479 2293 sibi
502 2266 566 2293 velit
585 2266 637 2302 hoc
652 2267 704 2293 loci
728 2266 896 2302 Epiphanius
911 2267 1020 2296 diﬂicile

228 2303 304 2330 dit-tu
319 2307 370 2337 est,
384 2309 446 2329 eum
462 2308 555 2337 neque
568 2301 635 2337 satis
651 2301 770 2333 constet,
785 2302 850 2337 quid
866 2302 1020 2337 significent

228 2338 312 2365 verba
329 2335 513 2370 Hippodromo’
523 2335 687 2367 Clialiratha.
704 2341 781 2366 ma:
793 2335 921 2364 Cliibrailt
938 2341 980 2365 ter
993 2338 1019 2365 in

229 2373 316 2400 sacris
328 2370 441 2398 Litteris
458 2371 597 2398 occurrit:
615 2370 752 2398 Geneseos
767 2379 827 2406 cap.
861 2380 942 2403 xxxv,
974 2373 1019 2405 l7;

230 2406 354 2440 ejusdem
388 2407 532 2442 lihriAeap.
554 2413 655 2442 vain,
692 2406 707 2431 7
734 2409 761 2433 et
780 2407 814 2442 47;
844 2407 892 2442 lib.
917 2406 1021 2442 Regum

231 2449 293 2477 cap.
320 2449 346 2471 v.
370 2440 412 2468 19.
438 2440 541 2477 _Voccm
558 2441 646 2477 ipsam
662 2445 772 2477 servant
796 2440 1021 2477 LXX,cap.‘xxv

231 2474 369 2511 Geneseos
391 2475 544 2502 scribentes
562 2474 711 2510 Χαὸραοά,
734 2483 782 2504 nec
798 2484 852 2504 non
870 2474 932 2511 cap."
948 2485 962 2503 v
991 2478 1022 2503 li-

232 2511 274 2538 bri
288 2510 318 2537 ιν
341 2509 443 2544 Regum
459 2511 537 2544 juxta
549 2509 748 2538 emeiidatiores
760 2511 861 2544 libros;
876 2509 939 2538 sunt
950 2512 1021 2538 enim

233 2546 279 2580 qui
311 2546 441 2572 mendose
459 2544 567 2580 habent
591 2544 724 2580 Δεὸραθά.
754 2545 854 2574 Verum
884 2546 1023 2574 Geneseos

233 2579 292 2615 cap.
306 2583 441 2616 “vitent
449 2579 492 2616 hic
504 2579 682 2615 Epiphanius,
697 2589 760 2608 cum
770 2589 836 2609 voce
845 2581 1023 2616 hippodromo

234 2622 329 2642 vocem
346 2615 501 2642 Chabratha
517 2615 698 2650 conjungunt.
715 2616 776 2644 Jam
793 2615 914 2649 vero,'ni
931 2616 1022 2647 fallor.

236 2651 308 2677 inter
319 2657 350 2686 ea
368 2650 466 2683 multa,
485 2658 545 2685 qua:
557 2651 601 2678 hic
617 2650 714 2679 deesse
732 2655 798 2686 puto
809 2671 816 2683 ,
831 2650 860 2677 S.
879 2650 1023 2679 Doctorem

235 2685 398 2721 exposuisse
418 2686 599 2721 crediderinr,
613 2685 752 2721 quomodo
774 2686 920 2713 duodecim
936 2686 1024 2721 tribus

235 2728 250 2747 ο
272 2719 334 2748 iiliis
350 2719 434 2748 Jaeob
448 2729 547 2748 nomen
561 2719 728 2754 acceperint,
740 2725 806 2754 quot.
825 2728 924 2748 uxores
939 2719 1025 2747 Jacob

237 2756 356 2787 duxerit,
373 2763 453 2790 quem
477 2755 560 2782 lilium
586 2755 712 2782 habuerit
729 2755 867 2790 ultimum,
889 2761 916 2782 et.
932 2755 975 2783 his
992 2756 1024 2782 si-

237 2791 324 2822 milia,
341 2789 507 2824 tandemque
521 2796 650 2824 narrasse
669 2790 806 2824 quomodo
823 2789 942 2822 Rachel,
956 2789 1025 2818 Ben-

235 2825 340 2859 jamiiio
352 2824 436 2854 edito,
449 2823 542 2859 partus
553 2823 648 2859 dolore
660 2823 784 2851 conlecta
799 2829 913 2852 mortem
927 2825 1026 2852 obierit

239 2860 266 2887 in
282 2864 352 2887 terra
365 2859 508 2893 Chanaan,
526 2858 553 2885 in
568 2858 746 2893 hippodromo
761 2859 926 2893 Chabratha,
942 2865 967 2889 et
986 2859 1027 2888 sic

1055 270 1100 296 tha
1115 270 1180 304 (‘23).

1091 313 1153 351 [40]
1173 315 1285 351 Oportet
1309 317 1401 352 itaque
1425 316 1554 352 primitus
1578 316 1649 344 hanc
1679 315 1844 343 divisionem

1056 368 1148 393 nosse,
1172 366 1199 388 et
1219 361 1325 389 ordinis
1345 361 1585 397 consequentiam,
1609 369 1670 396 qua;
1692 360 1845 388 secundum

1055 410 1161 434 aetatem
1185 411 1227 435 est
1252 407 1421 442 singulorum
1436 408 1456 439 ¹,
1482 407 1508 434 id
1522 411 1563 434 est
1584 407 1696 438 Ruben,
1717 405 1846 438 Simeon,

1057 453 1135 486 Levi,
1159 452 1262 486 Judas;
1287 457 1400 489 propter
1420 453 1542 489 jurginm
1561 460 1627 480 vero
1651 451 1793 485 l’tachelisI
1821 456 1847 479 et

1056 506 1118 532 qua:
1142 499 1205 525 dala
1226 499 1263 526 sit
1287 497 1372 526 Jacob
1390 499 1492 525 ancilla
1511 498 1596 530 Ralla,
1622 497 1746 524 nascitur
1768 497 1848 532 juxta

1056 544 1146 571 aitatis
1163 544 1285 571 ordinem
1303 549 1364 579 post
1375 543 1471 570 Judain
1485 543 1542 570 Dan
1555 553 1563 577 ;
1578 543 1724 578 statimque
1740 543 1775 570 de
1788 543 1847 577 ipsa

1057 589 1155 616 ancilla
1192 589 1330 617 secundus
1360 590 1451 617 editur
1480 588 1614 624 Neptalim
1645 588 1714 624 (ει).
1745 587 1849 616 Deinde

1057 643 1104 670 per
1119 635 1322 663 aemulationem
1338 635 1386 662 Lia
1401 643 1465 663 vero
1482 635 1555 662 dedit
1571 633 1698 661 ancillam
1720 634 1782 661 viro
1792 633 1849 660 Zel-

1058 683 1222 718 phani,qine
1250 682 1409 717 concipiens
1435 681 1540 717 peperit
1568 679 1644 713 Gad;
1673 679 1738 707 dein
1766 680 1846 708 Aser.

1057 728 1165 757 Rursus
1181 728 1282 764 adjecit
1301 736 1369 755 uxor
1384 727 1432 754 Lia
1449 731 1478 755 ut
1497 727 1654 761 conciperet
1668 736 1676 754 :
1695 733 1757 761 qua:
1768 725 1847 761 juxta

1058 773 1255 801 conscientiam
1277 773 1381 808 peperit
1402 771 1538 803 lssachar,
1555 771 1618 799 exin
1639 769 1773 798 Zabulon.
1795 769 1848 797 No-

1058 819 1170 846 vissime
1187 826 1251 846 vero
1265 818 1298 845 dc
1315 817 1434 844 Rachelc
1445 816 1546 852 Ioseph
1562 816 1696 848 nascitur,
1708 819 1736 843 et
1748 814 1846 843 deinde

1059 864 1211 899 Benjamin.
1237 863 1269 891 Et
1292 868 1334 890 est
1361 863 1412 890 ista
1438 861 1646 897 consequentia,
1672 861 1780 893 Ruben,
1805 859 1848 887 Si-

1059 917 1150 943 meon,
1186 909 1260 942 Levi,
1282 908 1388 940 Judas,
1413 908 1481 940 Dan,
1504 911 1531 935 et
1557 907 1702 943 Neptalim,
1729 905 1799 938 Gad,
1822 911 1848 934 et

1057 956 1135 988 Aser,
1152 955 1288 987 lssachar,
1311 959 1337 981 et
1357 954 1493 985 Zabulon,
1515 951 1628 988 Joseph,
1647 951 1729 987 25o
1746 950 1807 987 [Μ]
1822 956 1849 979 et

1058 1001 1210 1035 Benjamin.
1227 999 1290 1027 Haec
1305 999 1416 1034 quidem
1434 999 1520 1034 prima
1534 1002 1576 1026 est
1591 997 1756 1033 compositio
1768 997 1849 1031 juxta

1059 1047 1148 1074 aetatis
1160 1045 1398 1080 consequentiam.

1094 1091 1161 1119 Cum
1186 1098 1249 1118 vero
1271 1090 1445 1126 pervenirent
1467 1090 1500 1117 de
1524 1088 1724 1124 Mesopotamia
1752 1095 1847 1116 rever-

1059 1142 1134 1166 tente
1151 1136 1236 1164 Jacob
1254 1137 1280 1164 in
1299 1141 1400 1164 terram
1419 1136 1562 1166 Chanaan,
1588 1134 1710 1162 secunda
1735 1134 1763 1161 ﬁt
1779 1133 1848 1160 divi-

1060 1184 1146 1212 sionis
1169 1183 1349 1211 enumeratio.
1369 1181 1445 1209 Fecit
1456 1181 1529 1208 enim
1547 1179 1632 1207 Jacob
1647 1184 1703 1207 tres
1721 1180 1848 1207 lurmas'

1060 1231 1220 1257 discernens
1242 1230 1368 1264 proprios
1392 1228 1473 1259 tilios,
1499 1231 1526 1254 et
1550 1226 1641 1261 posuit
1662 1225 1803 1261 Zelpham,
1823 1229 1850 1253 et

1062 1275 1165 1301 Ballam
1183 1274 1251 1302 duas
1267 1274 1380 1301 ancillas
1396 1273 1501 1301 faciens
1516 1280 1597 1299 unam
1616 1276 1735 1299 turmam
1753 1272 1782 1299 in
1797 1271 1849 1306 pri'

1061 1321 1113 1347 niis
1129 1329 1191 1348 cum
1203 1324 1324 1356 quatuor
1339 1319 1403 1347 filiis
1415 1327 1523 1350 earum,
1538 1319 1563 1345 id
1578 1322 1620 1346 est
1636 1317 1707 1349 Dan,
1735 1321 1762 1344 et
1779 1317 1850 1352 Nep-

1060 1366 1146 1398 taliin,
1169 1365 1237 1398 Gad,
1257 1370 1284 1392 et
1308 1365 1391 1398 Aser;
1410 1364 1437 1391 in
1456 1363 1576 1392 secunda
1597 1371 1662 1391 vero
1686 1367 1776 1390 turma
1805 1370 1850 1389 or-

1061 1412 1165 1438 dinavit
1178 1411 1253 1438 Liain
1270 1419 1333 1438 cum
1346 1419 1393 1438 sex
1408 1410 1471 1437 ﬁliis
1482 1409 1542 1444 ejus
1559 1417 1612 1436 non
1627 1409 1683 1444 jam
1699 1408 1850 1436 secundum

1061 1461 1179 1489 aetatem,
1194 1457 1241 1484 sed
1255 1456 1408 1484 secundum
1426 1456 1522 1483 matris
1535 1454 1724 1487 allectionem;
1746 1453 1850 1485 Ruben,

1063 1504 1135 1536 dico,
1150 1507 1177 1530 et
1192 1503 1313 1535 Siineon,
1332 1501 1397 1529 Levi
1415 1506 1442 1529 et
1465 1501 1574 1533 Judam,
1588 1499 1714 1529 lssachar
1725 1503 1753 1527 et
1767 1499 1853 1526 Zabu-

1064 1550 1127 1577 lon:
1150 1549 1208 1584 ipse
1220 1556 1286 1576 vero
1305 1552 1460 1583 postremus
1479 1546 1581 1575 mansit
1600 1553 1663 1573 cum
1692 1544 1813 1572 Rachele
1828 1550 1854 1572 et

1063 1595 1164 1631 Ioseph
1187 1596 1265 1622 valde
1289 1594 1413 1630 parvulo.
1435 1593 1577 1628 Benjamin
1599 1597 1690 1619 autem
1713 1591 1740 1618 in
1759 1590 1854 1618 matris

1065 1640 1154 1668 adhuc
1171 1644 1249 1667 utero
1271 1639 1449 1674 portabatur;
1467 1641 1494 1665 et
1518 1637 1575 1664 haec
1589 1635 1709 1664 secunda
1724 1635 1855 1663 discretio

1065 1686 1275 1721 compesitionis
1293 1684 1416 1719 ejusdem
1432 1683 1538 1710 numeri
1557 1681 1762 1718 comprobatur.

1101 1733 1211 1760 Tertius
1228 1735 1318 1759 autem
1339 1736 1471 1758 numerus
1488 1735 1530 1757 est
1545 1729 1623 1764 juxta
1641 1727 1722 1755 aliam
1740 1734 1855 1762 compo-

1069 1920 1254 1948 narrationem
1282 1919 1435 1946 confecisse
1458 1917 1548 1944 verbis
1566 1917 1695 1943 nimirum
1714 1915 1799 1949 LXX;
1822 1917 1856 1946 ita

1068 1956 1141 1983 enim
1162 1954 1246 1982 Jacob
1268 1954 1388 1988 loquitur
1415 1953 1487 1988 land.
1512 1959 1536 1979 c.
1555 1950 1786 1988 ιιγιιιλῦᾳῐιεεά
1804 1951 1857 1988 Ego

1069 1995 1167 2021 autem,
1184 1988 1289 2023 quando
1304 1985 1364 2015 peni
1381 1988 1413 2014 de
1430 1986 1623 2023 Mesopotamia
1640 1985 1721 2020 Syria
1732 2005 1740 2016 ,
1753 1985 1857 2014 martia

1067 2030 1106 2052 est
1124 2020 1221 2051 Rachel
1243 2028 1326 2050 mater
1349 2028 1394 2049 (ita
1413 2023 1440 2049 in
1460 2020 1530 2048 terra
1548 2020 1675 2048 Chanaan
1687 2041 1694 2052 ,
1716 2023 1857 2055 appropin-

1068 2064 1165 2094 quante
1190 2067 1230 2086 me
1246 2058 1290 2094 adi
1301 2057 1500 2094 hippodromum
1519 2055 1857 2094 ϐΙιαόιςαιΙιιι-ιεηχευζζγὼ

1067 2091 1096 2122 δὲ
1120 2095 1201 2129 ἡνίκα
1224 2093 1349 2129 meum
1372 2093 1404 2129 ex
1425 2092 1640 2129 Μεσοπᾳταμέαε
1663 2091 1712 2129 τῇς
1739 2091 1855 2129 Pupi“,

1068 2125 1188 2156 ἀπέῦανε
1205 2125 1306 2162 Ῥἆῄῆλ
1354 2127 1445 2162 μήτηρ
1464 2134 1511 2152 σου
1525 2127 1554 2152 ὲν
1571 2127 1606 2160 γῇ
1619 2125 1722 2156 Χανὰν,
1734 2126 1857 2166 ἓγγίςανο

1068 2165 1114 2187 τός
1137 2172 1186 2187 tum
1212 2162 1284 2187 κατὰ
1312 2170 1327 2187 τ
1345 2171 1359 2187 ν
1381 2161 1548 2187 ἱππόδρομον
1567 2159 1700 2187 Χαϐραθὰ
1717 2167 1767 2187 της
1792 2168 1855 2187 γης.

1068 2165 1114 2196 τός
1136 2172 1186 2200 μου
1212 2159 1290 2190 iterlit-
1312 2159 1360 2202 ςεδῦ
1381 2159 1548 2203 ῐςπιίξέξδρομον
1567 2159 1767 2200 Χρϐραθὰῡτῆς
1792 2161 1855 2201 γῆς,

1069 2204 1122 2226 etc.
1142 2199 1276 2226 Caeterum
1299 2205 1321 2224 su
1336 2204 1412 2224 vocns
1428 2195 1556 2222 (.Iiibrath
1573 2194 1802 2229 srgmlicattonem
1818 2203 1856 2222 in-

1034 2227 1055 2254 D
1070 2235 1222 2268 quirimus,
1236 2236 1299 2268 quot
1318 2232 1505 2268 interpretes_._
1519 2234 1556 2268 tot
1578 2227 1643 2268 sunt
1666 2230 1858 2268 sententia’kut

1071 2263 1139 2296 bene
1154 2269 1193 2295 ait
1209 2263 1325 2304 Drusius
1344 2263 1461 2304 infers.
1474 2265 1506 2292 16
1523 2264 1624 2304 laudati
1637 2270 1713 2304 cap:
1725 2271 1796 2290 xxxv
1808 2263 1857 2304 (ξε-

1068 2301 1179 2331 ⁴ηρδθοςμ
1196 2302 1293 2337 Aquila
1305 2301 1433 2336 intelligit
1448 2308 1522 2337 secus
1536 2300 1617 2330 viam,
1635 2299 1744 2337 ali_i__t'te_r
1758 2299 1827 2333 quod
1846 2307 1858 2324 a

1071 2338 1183 2372 prandio
1208 2332 1242 2363 ad
1259 2344 1360 2363 comam
1391 2332 1485 2370 Eon/isi
1518 2338 1617 2372 potest,
1639 2332 1696 2372 .alii
1722 2333 1854 2372 jugerum,

1073 2368 1169 2408 iiempe
1202 2376 1284 2408 terrm
1305 2368 1445 2408 tractum,
1462 2370 1616 2408 q_nem_duo
1629 2368 1722 2408 liores
1747 2375 1803 2395 uno
1820 2368 1858 2408 die

1073 2403 1161 2439 aran't,
1183 2407 1230 2433 alii
1264 2406 1375 2432 multum
1393 2403 1496 2432 itineris
1510 2425 1516 2437 ,
1533 2404 1578 2430 alii
1600 2403 1672 2430 mille
1689 2410 1802 2436 passus,
1818 2403 1858 2429 alii

1074 2442 1155 2469 aliam
1170 2446 1246 2468 teme
1262 2449 1423 2472 mensuram,
1440 2445 1467 2467 et
1482 2439 1605 2466 nonnulli
1625 2443 1857 2472 vernumiiempui.

1075 2476 1174 2504 Vocem
1207 2471 1423 2511 hippodromum;
1438 2476 1473 2511 in_
1493 2479 1598 2511 textum
1624 2471 1704 2504 LXX,
1724 2471 1857 2511 Geneseos:

1075 2519 1136 2546 cap.
1153 2506 1243 2538 XLVIII.
1253 2506 1396 2545 irrepsisse
1413 2509 1492 2537 facile
1502 2509 1704 2546 dubitaremﬁex
1719 2506 1857 2546 marginali

1075 2542 1138 2573 nota
1162 2546 1278 2579 alicujus
1300 2542 1479 2579 iiiiclligentis
1502 2545 1528 2571 in
1554 2551 1620 2571 voce
1645 2542 1777 2579 Chibrath
1802 2549 1858 2577 spa-

1076 2582 1154 2613 tium,
1171 2577 1244 2616 quod
1260 2588 1347 2615 equus
1362 2577 1591 2616 iii—hippodromo
1602 2577 1800 2616 percurrebat,
1818 2584 1859 2616 ne-

1074 2624 1128 2650 que
1142 2611 1214 2644 enim
1235 2611 1312 2643 video
1327 2623 1376 2642 cur
1393 2611 1489 2642 uno'in
1508 2614 1568 2640 loco
1581 2611 1654 2650 LXX
1669 2612 1806 2650 duplicem
1817 2611 1859 2650 ad-

1075 2644 1232 2679 hibuissent
1253 2658 1359 2680 vocem.
1386 2650 1494 2677 duobus
1521 2656 1586 2675 vero
1611 2648 1672 2674 aliis
1695 2644 1860 2674 solummodo

1077 2693 1175 2722 vacem
1185 2685 1329 2722 Χαὸραθά.
1346 2685 1457 2711 Scilicet
1470 2690 1611 2722 sacrarum
1626 2682 1792 2722 Litterarum
1808 2685 1859 2722 texf

1077 2725 1145 2756 tum,
1157 2716 1279 2748 Graicu'm
1294 2740 1301 2752 ,
1328 2728 1408 2756 (pleni
1430 2726 1514 2756 nunc_
1528 2718 1659 2756 habemus
1682 2717 1742 2756 sub?
1756 2716 1860 2756 nomine

1078 2755 1158 2787 LXX,
1179 2756 1242 2783 licet
1256 2753 1473 2787 venerabilissit,
1490 2753 1666 2788 plurimaeque
1682 2753 1858 2788 auctoritatis.

1077 2785 1161 2817 variis
1175 2794 1266 2817 tamen
1284 2790 1310 2816 in
1328 2789 1396 2816 locis
1412 2785 1609 2822 interpolatum
1622 2785 1858 2822 deprehendimus.

1114 2825 1172 2860 (24)
1190 2824 1236 2860 Sic
1263 2833 1326 2858 ms.,
1345 2825 1391 2852 sed
1413 2825 1439 2851 in
1468 2819 1554 2850 om.
1585 2829 1639 2850 non
1662 2819 1764 2850 'dnb'ilo
1786 2819 1861 2849 fuisse

1078 2859 1236 2895 Νεφθαλιιμ
1243 2882 1249 2888 .
