1929 3038
224 153 276 182 36⁸1

224 256 360 283 ﬂuitasse.

259 302 324 328 Item
344 301 491 329 undecima
505 302 613 329 numeri
626 301 727 329 divisio
749 301 891 336 probatur,
904 300 1013 335 quando

224 347 386 382 praecipitur
416 347 475 380 eis,
510 351 657 381 antequam
693 347 881 381 ingrediantur
910 350 1012 374 terram

223 392 319 426 Israel,
341 400 403 420 mox
421 392 632 420 transfretantes
655 391 813 423 Iordanem,
837 396 909 419 stent
929 399 1012 427 super

223 438 294 465 duos
319 442 426 465 montes
445 438 555 465 Garizin
577 442 604 464 et
629 437 713 464 Gcbal
730 438 750 469 ‘,
775 445 823 465 sex
844 437 907 464 hinc
931 441 1012 472 atque

225 483 299 515 huic,
318 483 350 510 ad
371 483 585 510 benedicendum
610 483 652 510 his
670 483 717 517 qui
734 482 895 510 custodiunt
913 482 1010 517 legem,

225 531 252 554 ct
267 527 299 554 ad
313 528 530 555 maledicendum
546 528 589 555 his
606 528 653 562 qui
668 528 735 563 legis
751 533 886 563 praecepta
903 536 1012 556 servare

225 573 453 606 contempserint,
469 576 496 599 et
511 575 553 599 est
574 572 625 599 ista
640 572 778 598 contextio
798 571 922 605 numeri;
947 579 1011 598 nam

224 624 308 651 super
322 617 527 644 benedictiones
539 617 681 644 conSecuti
701 620 775 648 sunt,
795 616 915 647 Simeon,
934 615 1009 648 Levi,

223 660 318 692 Iudas,
335 661 471 692 Issachar.
499 660 611 696 Ioseph,
629 666 656 688 et
672 660 833 695 Benjamin;
850 668 933 694 super
953 668 1011 687 ma-

224 706 383 734 ledictioncs
403 711 494 734 autetu
511 707 555 739 hi,
573 706 679 740 Ruben,
693 706 761 739 Gud,
780 707 859 738 Aser,
878 705 1009 738 Zabulon,

223 749 292 781 Dan.
308 756 335 778 et
352 751 488 786 Nuptalin.
960 777 963 780 .

257 795 424 823 Duodecima
446 804 543 824 rursus
565 800 606 824 est
622 796 722 823 divisio
743 796 850 823 numeri
870 803 932 823 eum
951 803 1010 823 sor-

221 840 329 867 tiuntur
352 844 452 867 terram
480 841 665 875 possessionis
688 848 744 868 suae
767 841 836 876 (45)1
862 845 888 868 et
913 841 1008 868 Ruben

858 151 945 178 LIBRI
966 151 1010 178 DE
1027 152 1072 179 XII
1091 153 1222 181 GEIIIIIS

225 210 259 238 de
275 209 375 245 Ioseph
388 218 396 236 :
409 208 467 237 hac
480 213 545 238 sunt
562 209 647 237 millia
663 208 797 244 Ephrem;
815 214 841 236 et
857 209 914 236 hac
927 209 1013 236 millia
1027 213 1049 241 Α

1799 153 1855 184 348

1104 210 1230 238 Forsitan
1249 215 1339 239 autem
1368 215 1396 239 et
1412 211 1473 239 aliis
1489 211 1557 239 locis
1573 211 1628 246 (46)
1644 210 1750 238 numeri
1771 211 1855 240 aliter

1065 255 1241 284 inveniantur
1253 255 1311 292 [47]
1323 255 1454 290 ascripti;
1470 263 1520 283 nos
1542 260 1633 283 tamen
1648 255 1715 282 istos
1726 255 1854 283 invenire

1065 301 1214 336 potuimus,
1230 305 1257 329 et
1280 302 1321 329 ha:
1336 303 1449 336 quidem
1466 305 1531 330 sunt
1546 300 1705 332 divisiones,
1727 308 1791 335 quae
1807 308 1854 328 se-

1065 346 1184 372 cundum
1197 354 1342 374 numerum
1358 346 1469 374 diverso
1485 346 1566 372 modo
1579 349 1687 372 constat
1701 352 1763 373 esse
1773 352 1853 372 com-

1064 392 1161 426 positze
1193 391 1261 426 (47),
1300 399 1371 419 nunc
1393 392 1502 426 quidem
1518 391 1669 419 secundant
1686 394 1851 426 praeceptum

1064 435 1183 468 Domini.
1197 444 1271 464 nunc
1292 442 1383 464 autem
1409 437 1488 471 juxta
1503 437 1672 471 singulorum
1694 436 1851 471 principum

1064 480 1228 508 voluntatem
1244 491 1250 508 :
1267 482 1330 509 dico
1345 488 1411 509 vero
1433 481 1501 510 Mosi
1524 486 1551 508 et
1573 481 1636 508 Iesu
1658 480 1742 512 Nave,
1759 485 1789 508 et
1802 482 1851 516 qui

1063 525 1193 561 deinceps
1211 535 1308 554 eorum
1331 535 1508 555 successores
1531 528 1663 555 exsistere
1677 533 1849 555 meruerunt.

1064 570 1118 598 Nec
1133 572 1192 598 sine
1206 572 1312 607 Spiritu
1329 572 1355 599 id
1370 577 1459 598 actum
1477 576 1528 604 est,
1546 571 1604 603 sed,
1619 577 1648 598 ut
1664 571 1760 604 voluit,
1777 572 1850 599 idem

1066 615 1186 651 Spiritus
1206 621 1319 644 sanctus
1338 617 1518 647 enumeravit,
1534 621 1614 651 atque
1643 615 1776 651 disposuit
1790 617 1850 644 sin-

1063 662 1141 696 gulas
1169 663 1383 697 consequentias
1404 662 1481 696 juxta
1508 662 1644 696 propriatn
1670 662 1848 688 voluntatem.

1065 707 1224 738 Revertens.
1238 708 1307 735 idem
1322 706 1355 734 de
1371 707 1413 733 his
1431 715 1485 734 uno
1501 707 1559 733 loco
1574 706 1689 733 breviter
1713 710 1740 732 et
1753 713 1850 734 conse-

1061 756 1177 787 quenter
1197 753 1347 780 edisseram
1363 753 1528 786 easdeinque
1551 751 1756 786 qualuordecitn
1780 751 1850 778 divi-

1062 799 1164 830 siones,
1182 798 1335 832 harumque
1352 798 1526 825 sclectioncs.
1549 796 1607 824 Non
1625 797 1650 824 in
1671 803 1786 823 vacuum
1807 796 1850 823 fa-

1062 843 1145 876 ciant,
1161 852 1213 871 nec
1239 848 1268 870 ut
1281 843 1448 872 venerationi
1469 847 1522 870 tum
1535 843 1592 870 haec
1609 843 1761 870 recensenti
1789 850 1849 868 mo-

220 889 296 914 sorte
316 886 449 920 contingit
469 891 544 914 trans
560 886 717 917 Iordanem,
742 891 889 921 antequam
909 887 1008 914 transi-
1026 879 1046 906 Β
1061 890 1146 918 [estus
1165 891 1315 924 exsistam;
1339 890 1385 918 sed
1401 894 1429 916 ut
1449 889 1568 921 noveris,
1585 888 1656 924 quod
1672 889 1728 923 jam
1744 887 1791 915 Dei
1813 889 1848 915 sit

223 936 302 958 rctur
316 930 342 958 in
357 934 460 958 terram
478 931 571 962 Israel,
587 935 614 958 et
630 935 671 958 cst
691 931 743 958 ista
757 931 916 959 distributio
930 941 935 958 :
954 931 1009 959 Ru-

221 977 286 1009 ben,
303 979 331 1003 et
346 977 425 1011 juxta
443 976 572 1004 eumGad
587 982 613 1004 ct
626 977 739 1004 dimidia
768 978 857 1005 tribtts
872 977 1006 1006 Manasse.

221 1020 288 1049 Dein
309 1025 484 1049 transeuntes
503 1020 650 1049 Iordanem
674 1022 779 1056 primus
797 1022 882 1050 Iudas
898 1023 1007 1058 accipit,

221 1070 280 1093 tum
298 1065 451 1100 Beniamin,
477 1067 540 1094 dein
556 1066 657 1102 Ioseph
680 1075 712 1094 ex
733 1067 868 1101 Manasse,
883 1069 947 1096 dein
966 1069 1009 1096 Si-

218 1118 299 1139 meon
314 1111 384 1139 inter
400 1111 540 1147 Benjamin
555 1118 582 1139 et
594 1112 691 1140 Iudam
711 1114 831 1146 locatus,
850 1119 887 1146 et,
919 1119 947 1141 ut
972 1114 1008 1141 ita

219 1157 346 1189 dixerim,
373 1162 571 1192 coangustatus
596 1163 649 1188 est.
674 1160 738 1194 quia
764 1160 819 1187 illis
844 1161 932 1194 spatia
954 1168 1008 1187 non

220 1203 341 1231 fuerunt.
355 1203 422 1231 Dein
439 1203 561 1231 Zahulon
578 1208 679 1232 terram
697 1206 888 1240 consequitur,
900 1211 926 1232 et
937 1205 1008 1233 Issa-

226 1249 303 1281 char,
325 1255 352 1277 et
371 1251 451 1283 Aser,
481 1249 540 1286 [ιθ]
563 1254 590 1277 et
619 1250 767 1285 Neptalim,
789 1255 818 1278 et
853 1250 922 1278 Dan.
943 1251 1008 1283 Levi

220 1302 288 1323 sane
305 1295 332 1322 in
357 1296 484 1322 omnibus
509 1295 651 1330 dispersus
673 1300 716 1323 est
738 1296 864 1324 tribubus
884 1296 1008 1325 civitates

224 1341 396 1369 solummodo
412 1345 438 1368 et
457 1341 614 1369 suburbana
628 1342 792 1376 percipiens.

255 1387 362 1415 Rursus
383 1387 465 1414 tertia
479 1386 584 1414 decima
599 1387 697 1414 divisio
714 1387 820 1414 numeri
841 1389 962 1415 occurrit
975 1396 1008 1416 ex

218 1431 351 1460 Zacharia
374 1432 526 1466 propheta‘
547 1432 620 1459 sicut
641 1432 728 1460 dicit:
749 1432 782 1459 lu
799 1433 846 1460 illa
859 1433 904 1460 die
929 1433 1008 1468 plan-

218 1481 279 1511 gant
298 1486 388 1505 omnes
405 1477 489 1504 tribus
506 1483 604 1504 terrae:
620 1478 704 1505 tribus
721 1478 816 1506 damus
831 1479 917 1506 Darid
931 1488 1008 1514 super

219 1530 257 1555 σε,
272 1527 297 1550 ιι
320 1523 442 1550 mulieres
460 1530 552 1550 earum
572 1530 650 1557 super
667 1531 711 1554 se;
733 1524 817 1551 tribus
831 1524 923 1551 damus
947 1524 1004 1552 Na-
1021 1541 1042 1569 ο

219 1567 283 1594 ιΙιαη
299 1576 376 1601 super
397 1576 440 1600 se,
462 1572 486 1594 et
506 1567 626 1595 mulieres
654 1576 744 1595 earum
765 1577 844 1604 super
859 1578 901 1602 se;
922 1571 1006 1597 tribus

218 1613 312 1640 domus
333 1613 394 1640 Levi
417 1621 496 1646 super
519 1622 556 1646 se,
578 1619 602 1641 et
624 1615 745 1642 mulieres
758 1623 850 1642 earum
870 1624 946 1649 super
961 1625 1005 1648 se;

221 1659 307 1686 tribus
322 1659 415 1686 domus
430 1658 537 1688 Simeon
549 1668 626 1694 super
634 1668 670 1693 re,
686 1666 710 1688 et
726 1662 846 1694 mulieres
856 1670 948 1689 earum
962 1671 1006 1689 nt-

218 1712 265 1737 per
281 1713 318 1731 se.
341 1704 518 1740 Plangentque
534 1711 636 1733 cunam
652 1707 765 1734 residuis
790 1707 885 1739 tribus,
907 1712 934 1734 et
953 1715 1005 1734 non

219 1749 371 1778 nominavit
385 1759 391 1777 :
407 1751 486 1786 queis
498 1759 549 1779 nos
564 1755 653 1780 autem
667 1757 777 1787 propter
810 1753 891 1780 situm
908 1753 1007 1781 descri-

219 1796 323 1831 ptionis
344 1800 434 1828 terra),
455 1797 526 1826 hanc
537 1799 760 1833 consequentiam
782 1807 845 1826 esse
867 1799 1006 1834 perspexi-

220 1848 294 1872 tnus,
309 1845 339 1867 ut
357 1842 393 1868 sit
413 1842 501 1869 tribus
522 1842 675 1877 Benjamin,
691 1842 752 1870 dcin
767 1842 878 1878 Ioseph,
900 1843 1006 1877 Ruben,

219 1885 433 1918 Gad,Zabnlon,
450 1880 587 1920 lssachar,
615 1888 693 1921 Aser,
718 1888 853 1924 Neptalim
881 1893 908 1916 et
937 1889 1005 1916 Dan.

254 1931 320 1958 Item
336 1936 435 1966 quarta
449 1931 555 1959 decima
571 1933 671 1961 divisio
686 1934 792 1961 numeri
809 1934 904 1962 subest
915 1942 948 1962 ex
964 1943 1008 1962 re.

218 1976 356 2004 velatione
370 1976 400 2004 S.
415 1976 529 2005 Joannis
545 1979 555 1993 ³
575 1979 623 2014 qui
638 1979 822 2007 dinumeravit
834 1987 868 2007 ex
885 1987 1007 2014 unaqua-

218 2029 274 2056 que
296 2022 368 2049 tribu
387 2021 531 2050 duodecim
557 2024 642 2050 millia
658 2031 764 2057 eorum,
787 2025 834 2059 qui
851 2025 1008 2059 virginitate

220 2067 381 2094 sanctificati
397 2071 471 2099 sunt,
488 2068 525 2095 ait
538 2069 611 2096 enim
628 2078 634 2096 :
654 2069 690 2096 De
703 2069 773 2096 Iuda
788 2070 930 2097 duodecim
945 2071 1007 2097 mil-

219 2111 256 2138 lia
270 2119 277 2138 :
294 2112 328 2139 de
342 2111 440 2139 Ruben
455 2112 593 2145 similiter,
610 2114 674 2141 exin
690 2113 723 2140 de
741 2113 811 2146 Gad,
824 2114 857 2140 de
877 2114 955 2145 Aser,
974 2115 1008 2141 de

218 2156 335 2192 Neptali,
366 2159 400 2185 de
429 2158 561 2190 Manassc.
587 2159 620 2187 de
643 2159 781 2190 Simeone,
810 2159 844 2188 do
876 2159 949 2191 Levi,
974 2161 1007 2187 de

1060 936 1200 970 adjuvare,
1221 940 1251 962 ut
1275 936 1423 970 unicuique
1446 935 1528 962 tribui
1556 939 1721 962 memoratos
1744 934 1848 969 lapides

1060 981 1196 1008 veraciter
1210 985 1339 1016 coaptarc
1354 981 1501 1015 possimus.

1099 1025 1156 1062 [48]
1175 1026 1213 1052 Ex
1231 1026 1367 1060 cogitante
1383 1026 1466 1061 igitur
1484 1026 1599 1052 multum
1614 1028 1849 1058 tncnte,traclan-

1060 1076 1101 1099 tes
1117 1073 1196 1106 juxta
1220 1072 1417 1106 experientiam
1441 1072 1523 1105 hujus
1545 1071 1699 1103 electionis,
1727 1071 1849 1106 suggerit

1060 1117 1139 1144 nobis
1160 1117 1268 1143 animus
1289 1120 1316 1143 et
1334 1117 1392 1151 ipsa
1409 1115 1606 1152 consequentia
1628 1116 1764 1149 lectionis,
1779 1124 1849 1150 qua-

1060 1165 1122 1191 liter
1142 1164 1324 1191 animadverti
1342 1164 1426 1199 possit
1448 1163 1598 1199 quadralus
1620 1163 1687 1190 ordo
1705 1162 1848 1189 rationalis

1060 1216 1092 1235 ex
1109 1209 1242 1243 appositis
1269 1209 1404 1243 lapidibus
1428 1208 1577 1236 secundum
1602 1211 1752 1234 memorata
1767 1214 1848 1234 voca-

1060 1253 1134 1280 bula.
1154 1253 1321 1288 Requiratur
1345 1254 1400 1288 jam
1424 1253 1457 1280 dc
1483 1253 1600 1287 singulis
1621 1253 1743 1280 numeris
1766 1252 1846 1280 sicuti

1060 1299 1178 1326 discreta
1196 1303 1239 1326 est
1258 1306 1427 1333 unaquaeque
1441 1298 1550 1329 divisio,
1567 1298 1657 1332 qualis
1683 1298 1717 1324 ad
1736 1305 1848 1324 corum-

1060 1345 1120 1372 dem
1133 1344 1252 1378 lapidum
1267 1344 1401 1370 rationem
1416 1343 1614 1377 lectionemque
1629 1344 1664 1370 sit
1675 1350 1846 1378 congruens;

1058 1393 1086 1417 et
1104 1390 1261 1424 ubicunque
1276 1390 1385 1424 quidem
1407 1389 1640 1416 dinumeratarnm
1659 1388 1780 1416 tribuum
1796 1392 1849 1415 sta-

1059 1439 1116 1461 tum
1135 1435 1161 1461 in
1183 1434 1250 1462 locis
1275 1435 1390 1469 singulis
1416 1435 1597 1469 inspeximus,
1617 1438 1763 1468 menteque
1785 1441 1847 1469 per-

1059 1479 1203 1514 pendimus
1216 1486 1269 1505 non
1289 1486 1371 1513 posse
1387 1479 1557 1510 naturaliter,
1573 1482 1602 1505 ut
1627 1485 1758 1505 numerus
1771 1477 1848 1514 quili-

1060 1524 1104 1551 bet
1115 1531 1222 1555 eorum,
1235 1523 1282 1558 qui
1301 1530 1464 1557 unaquaque
1475 1523 1612 1550 divisione
1623 1523 1760 1549 numerati
1772 1527 1846 1555 sunt,

1061 1575 1145 1594 unum
1169 1575 1266 1594 nomen
1283 1568 1375 1595 minus
1398 1568 1502 1595 habens
1521 1575 1554 1594 ex
1571 1568 1710 1599 tribubus,
1728 1568 1848 1602 appella-

1061 1613 1128 1640 tioni
1155 1613 1252 1640 horum
1274 1612 1394 1647 lapidum
1418 1612 1552 1647 coaptari.
1576 1611 1692 1647 Ideoque
1718 1612 1846 1646 protinus

1061 1659 1223 1686 divisionem
1238 1659 1388 1686 secundam
1411 1659 1462 1685 rite
1482 1658 1654 1690 sustulimus,
1676 1662 1771 1692 utpote
1790 1665 1849 1692 qua:

1062 1704 1161 1731 horum
1183 1704 1301 1738 lapidum
1323 1703 1533 1731 consonantiam
1554 1703 1654 1730 habere
1674 1709 1729 1729 non
1751 1703 1848 1737 possit,

1062 1754 1204 1785 propterea
1237 1750 1301 1785 quia
1328 1750 1433 1784 primos
1462 1752 1544 1784 ponat
1572 1748 1628 1775 Dan
1657 1752 1684 1776 et
1703 1747 1847 1783 Neptalim,

1067 1795 1124 1822 Gad
1145 1800 1173 1822 et
1195 1795 1274 1825 Asar,
1302 1795 1354 1822 hoc
1383 1799 1436 1828 est,
1453 1795 1613 1822 ancillarum
1637 1794 1718 1827 ﬁlios,
1739 1794 1848 1828 quando

1062 1841 1174 1868 mittens
1192 1839 1281 1867 Iacob
1298 1839 1370 1867 Esau
1390 1848 1502 1867 munera
1528 1840 1554 1866 in
1579 1843 1697 1866 turmam
1721 1847 1770 1866 eos
1792 1839 1846 1874 pri-

1062 1892 1133 1912 mam
1150 1885 1254 1912 divisit.
1270 1885 1334 1911 Post
1350 1885 1406 1911 haec
1422 1889 1512 1912 autem
1531 1885 1601 1912 ﬁlios
1617 1884 1671 1911 Liat
1687 1885 1752 1912 fecit
1769 1885 1846 1911 aliam

1062 1934 1191 1958 turmam.
1206 1930 1274 1958 Dein
1294 1930 1364 1957 ﬁlios
1381 1929 1483 1957 Rachel
1508 1935 1625 1957 turmam
1642 1930 1762 1958 tertiam.
1782 1930 1846 1956 Nam

1062 1986 1125 2005 eum
1146 1976 1322 2011 pretiosiores
1340 1976 1442 2010 lapides
1464 1976 1519 2002 sint
1533 1976 1559 2002 in
1578 1976 1712 2010 principio
1727 1975 1849 2002 rationa-

1063 2023 1107 2054 lis,
1124 2029 1206 2057 porro
1222 2021 1267 2048 lilii
1284 2021 1447 2047 ancillarum
1471 2019 1616 2047 interim-es
1639 2020 1802 2052 habeantur,
1821 2025 1850 2054 et

1064 2068 1109 2095 hic
1123 2068 1241 2102 primum
1258 2067 1339 2102 positi
1353 2066 1420 2099 sint,
1437 2066 1604 2101 impossibile
1622 2069 1664 2093 cst
1677 2073 1725 2093 eos
1739 2066 1774 2092 ad
1787 2074 1849 2093 cau-

1063 2121 1120 2141 sam
1147 2113 1300 2144 rationalis,
1323 2113 1350 2140 in
1369 2112 1421 2138 hac
1443 2111 1551 2138 numeri
1572 2115 1659 2146 parte,
1685 2119 1848 2147 congruere,

1064 2163 1176 2195 propter
1191 2160 1263 2194 quod
1281 2159 1317 2186 ita
1337 2166 1366 2187 se
1384 2159 1485 2186 habere
1503 2166 1558 2185 non
1573 2158 1669 2193 possit.
1685 2157 1749 2186 Item
1768 2166 1849 2193 quar-

219 2201 357 2235 Issaehar,
382 2204 417 2231 de
442 2203 575 2236 Zabnlon,
601 2205 635 2232 de
659 2204 770 2239 Ioseph,
796 2205 829 2232 de
854 2204 1005 2239 Benjamin.
1024 2213 1046 2241 υ
1063 2211 1117 2233 tam
1135 2205 1308 2238 divisionem,
1332 2204 1551 2231 benedictionem
1570 2203 1666 2234 Iacob,
1692 2203 1848 2238 exploravi-

218 2247 360 2284 Nusquam
376 2256 442 2276 vero
458 2250 485 2276 in
507 2250 559 2277 hoc
575 2250 636 2277 loco
654 2250 777 2276 meminit
796 2249 863 2276 Dan.

255 2341 262 2355 ‘
288 2339 366 2367 Deut.
386 2349 471 2373 xxv",
493 2340 525 2367 I2
546 2347 606 2374 sqq.
645 2340 656 2355 ‘
677 2339 792 2367 Zachar.
816 2349 864 2374 xu,
888 2342 920 2369 I2
940 2351 989 2378 sqq

266 2427 309 2458 45)
321 2427 390 2455 Vide
403 2429 450 2455 lib.
467 2428 551 2455 Iosue
565 2435 579 2453 ιι
595 2435 654 2462 cap.
671 2437 731 2461 xm,
746 2430 778 2457 ad
794 2435 879 2458 totum
895 2440 952 2459 ut.

266 2463 309 2497 46)
335 2463 469 2501 Videntur
480 2462 780 2501 Epiphanioexcidissc
808 2469 888 2501 caput
905 2475 919 2492 x
945 2466 1005 2493 libri

218 2497 419 2535 Nuttrerorum,
445 2498 590 2535 ubisnwr
621 2497 859 2535 historiograplnts
883 2502 1006 2529 ordinem

218 2533 339 2570 exhibet,
359 2540 413 2566 quo
424 2532 620 2570 gradiebantur
632 2532 762 2570 Israelitie
778 2532 838 2570 post
850 2536 1007 2562 columnam

219 2568 319 2603 nubis,
339 2575 399 2602 quae
423 2567 610 2603 illosrprazivit
634 2568 661 2596 in
681 2567 808 2603 deserto,
834 2574 861 2597 et
886 2571 1010 2603 ejusdem

218 2602 280 2629 libri
298 2609 358 2636 cap.
376 2609 451 2633 xxvr,
471 2602 516 2630 ubi
532 2602 660 2630 lsraelitm
672 2612 767 2632 omnes
779 2613 792 2631 a
808 2602 909 2639 viginti
919 2605 1010 2635 annis.

219 2640 246 2664 et
270 2643 353 2674 supra
368 2642 561 2674 numerantur:
580 2642 710 2674 praeterea
723 2641 789 2674 libri
797 2639 913 2674 Paralip.
937 2647 963 2666 c.
980 2647 1010 2670 tt.

241 2671 294 2707 uod
322 2671 433 2707 incipit:
459 2671 624 2700 Fitiiauiem
647 2673 750 2703 Israel,
774 2671 1008 2707 Rnbw,3ime0n,

235 2705 301 2743 geri,
317 2705 552 2743 JuduLIuachar
568 2712 607 2743 Aet
639 2707 760 2735 Zabulon
773 2728 781 2740 ,
799 2709 859 2736 Dan
868 2705 878 2740 Ἴ,
894 2707 1009 2743 Ioseph,

221 2740 373 2779 geitquin,
392 2741 547 2778 Nephthali,
561 2741 618 2769 ϐοά
641 2748 665 2770 et
687 2743 769 2770 Aser:
793 2749 821 2770 et
842 2744 910 2771 ordo
923 2764 931 2775 ,
955 2740 1010 2779 quo

222 2775 280 2803 tilii'
297 2775 382 2805 Iacob
407 2775 585 2805 recensentur
613 2784 675 2804 cum
704 2779 888 2811 quorumlibet
914 2775 1008 2807 eorum

220 2812 324 2848 texitur
337 2813 494 2847 genealogis
506 2812 639 2848 ineodeai
655 2812 701 2838 lib.
717 2813 725 2838 Ι
742 2812 857 2848 Paralip.
875 2822 889 2840 a
903 2821 964 2848 cap.
981 2822 1008 2844 ν.

223 2846 254 2874 ιιι]
265 2854 325 2882 rut,
333 2855 439 2874 necnon
456 2846 614 2874 'I‘chehiclis
629 2854 690 2885 cap.
707 2846 1010 2884 xt.\'tlt,.ubiunicuiquo

1062 2259 1134 2284 mus,
1151 2251 1259 2285 quando
1282 2251 1402 2278 moriens
1421 2251 1483 2278 ﬁliis
1502 2249 1652 2277 benedixit.
1670 2249 1758 2278 Habet
1777 2251 1847 2278 enim

1039 2344 1049 2359 ³
1069 2347 1153 2378 Apoc.
1174 2351 1220 2375 vn,
1239 2343 1255 2369 4
1274 2350 1334 2377 sqq.

1059 2431 1142 2458 trilmi
1160 2438 1191 2458 ea
1217 2434 1297 2457 teme
1316 2435 1493 2466 sanctaepars
1506 2431 1648 2463 asseritur.
1670 2439 1730 2466 quze
1743 2431 1847 2458 unicui-

1061 2474 1113 2500 que
1141 2466 1254 2498 contigit
1272 2466 1349 2500 Moser
1363 2470 1390 2491 cl.
1412 2465 1494 2493 Iosue
1513 2473 1573 2493 eam
1590 2465 1690 2493 terram
1710 2466 1782 2493 inter
1803 2473 1847 2492 eos

1061 2499 1298 2529 distribuentibus.
1337 2499 1464 2533 Quinimo
1497 2501 1520 2528 si
1564 2501 1735 2528 meminisset
1768 2501 1846 2527 etiam

1061 2543 1121 2575 cap.
1155 2543 1192 2562 xu
1218 2536 1263 2562 lib.
1285 2535 1294 2562 I
1314 2534 1432 2575 Paralip.
1459 2535 1504 2561 ubi
1516 2535 1533 2562 ii
1546 2535 1846 2575 precensetgurpopnli,

1062 2572 1108 2605 qni
1133 2578 1164 2597 ex
1192 2578 1355 2605 unaquaque
1377 2570 1450 2597 tribu
1477 2570 1563 2596 secuti
1590 2575 1655 2597 sunt
1675 2570 1803 2597 Davidem
1833 2577 1845 2595 a

1064 2607 1145 2633 Sanle
1160 2605 1318 2639 fugientem,
1335 2612 1440 2631 necnon
1470 2605 1603 2639 tribuum,
1615 2612 1677 2638 quae
1693 2611 1846 2631 memoran-

1064 2644 1108 2667 tur
1126 2641 1152 2666 in
1172 2638 1302 2667 Debborae
1329 2639 1448 2669 carrticn,
1465 2638 1528 2666 Iud.
1549 2647 1575 2670 v,
1603 2641 1654 2666 ista
1670 2646 1796 2674 quoque,
1820 2642 1847 2665 ut

1062 2680 1137 2710 puto.
1156 2682 1209 2714 non
1223 2674 1400 2714 praeterisset.
1414 2673 1529 2714 pentum
1544 2678 1599 2714 ιιι-ιιι
1613 2673 1846 2714 primo_Nttmero-

1062 2708 1121 2737 θυι..
1146 2708 1254 2744 capite,
1283 2713 1340 2736 tum
1363 2709 1479 2743 septimo
1505 2708 1649 2744 duodecim
1664 2709 1753 2735 tribus
1775 2709 1847 2744 vario

1062 2745 1157 2772 ordine
1182 2743 1343 2772 numeratas
1370 2751 1515 2771 occurrere
1542 2743 1746 2772 animadvertas
1770 2743 1845 2770 velim

1063 2780 1212 2807 secundum
1231 2787 1274 2810 ea,
1293 2786 1354 2814 quae
1368 2779 1440 2806 dicta
1460 2783 1524 2806 sunt
1547 2785 1606 2813 pag.
1623 2778 1667 2814 I3.

1098 2814 1154 2848 (47)
1166 2815 1257 2843 Bonus
1268 2812 1403 2849 interpres
1427 2814 1560 2848 gracitat,
1569 2812 1642 2848 quod
1657 2812 1727 2841 alias
1738 2817 1843 2848 quoque

1061 2850 1136 2876 facit.
