1929 3038
84 113 139 143 549

764 118 888 147 νεκδιο
907 119 1071 153 ΑΝΤΙΟυᾹ.

1670 126 1722 154 359

86 173 210 219 primum
230 173 347 219 rliuben,
368 174 449 211 252
472 176 534 214 [l9]
545 176 606 204 dein
639 177 749 204 Simeon
770 182 796 205 et
821 166 921 210 Levi/A
937 178 1039 213 Joscph
1056 185 1218 207 numeratus
1240 184 1300 210 est:
1321 181 1442 216 beryllus
1464 185 1553 210 autem
1575 182 1604 210 in
1621 182 1720 219 Ioseph

87 218 177 247 simul
201 218 368 254 adjunctus,
390 220 428 246 ita
452 226 482 248 ut
506 221 558 249 ista
584 222 726 257 utriusque
746 224 885 259 copulatio

87 263 193 291 borum
223 264 345 299 lapidum
379 266 567 299 congruentia:
591 267 715 295 videatur
742 269 884 297 obsistt-re.

88 309 213 344 Ideoque
235 310 317 337 istam
342 318 453 347 quoque
473 312 646 345 sustulimus,
664 321 727 341 cutn
750 314 886 349 lapidibus

89 354 155 382 istis
172 354 379 382 accontmodari
396 355 509 383 tninime
525 357 621 391 possit.

128 399 308 434 lnspeximus
325 405 415 428 autem
437 405 464 428 et
479 402 604 437 quitttant
626 403 802 437 divisionem,
828 412 886 439 quae

89 445 219 472 c‘ntinet
250 445 358 472 initium
395 447 562 482 egressionis
596 448 713 476 ﬁliorum
742 449 825 476 lsrael
854 458 886 477 ex

91 489 228 525 Egypto,
249 494 276 517 et
297 490 454 518 invenimus
470 499 530 518 eam
556 496 760 527 praeponentem
786 493 886 520 libera-

93 543 155 562 rmn
174 536 258 568 ﬁlios,
277 540 305 563 et
321 536 483 563 ancillarum
501 537 580 572 juxta
593 538 801 573 compositionis
814 538 888 565 ordi-

92 589 157 609 nent
182 586 397 616 supponentem,
427 582 629 618 facientemque
654 584 838 616 novissimos;
862 589 889 612 et

92 629 129 657 ob
147 630 200 656 hoc
217 629 291 664 quod
305 628 405 664 Joseplt
421 630 449 656 in
469 629 587 665 Egypto
601 630 768 658 cottstitutus
780 634 888 665 postre-

92 682 157 702 mus
181 675 341 702 nominatus
364 681 416 707 est,
442 676 688 703 animadvertimus
711 677 809 703 iterum
834 684 888 704 non

93 727 178 755 posse
195 720 302 755 lapides
319 721 387 748 istos
401 726 612 748 memoratarum
632 722 752 749 tribuum
767 723 888 757 coaptari

94 766 278 798 nominibus;
296 769 324 793 et
338 766 410 802 quod
423 766 588 793 naturaliter
603 767 757 802 onychinus
779 767 848 802 lapis
861 768 888 794 in

95 818 215 846 persona
232 810 335 846 Joseph
352 811 528 846 interpretari
541 819 597 839 non
611 813 708 847 possit,
726 820 813 847 neque
830 820 890 840 rur-

95 864 143 884 sus
155 860 300 884 extremus
314 856 416 892 Joseph
432 857 510 892 juxta
527 858 754 893 compositionem
768 859 888 885 rationa-
907 851 927 878 Β

95 901 129 928 lis
146 902 231 929 inseri
255 901 363 934 debeat,
388 903 440 930 ni5i
460 902 533 937 quod
559 903 748 930 tantummodo
766 905 888 932 necessi—

95 950 151 974 tate
166 951 382 982 praeposteratus
394 949 439 980 sit,
453 953 482 976 ut
492 956 554 976 ctttn
568 949 731 977 undecimus
744 950 888 982 habeatur,

95 995 141 1022 hic
158 1000 320 1024 muneretur
335 995 523 1026 duodecimus.
536 995 614 1030 juxta
636 999 776 1030 cogentem
794 1004 888 1024 ncces—

97 1042 210 1068 silatem
228 1041 442 1075 compositionis
460 1041 542 1075 lutjus
557 1041 676 1075 muneri,
690 1049 772 1076 quam
789 1042 889 1076 reperi-

96 1095 159 1115 mus
177 1087 344 1114 ordinatam.
371 1087 398 1113 ln
422 1086 516 1114 Graeca
533 1088 634 1123 quippe
657 1088 806 1119 locutione,
830 1095 890 1122 quae

96 1140 128 1159 ex
149 1132 265 1159 Hebraea
287 1133 418 1160 translata
433 1137 484 1162 est.
502 1134 668 1168 onychinqu
689 1133 804 1168 lapidem
819 1133 888 1160 duo-

97 1178 238 1205 decimum
262 1177 418 1206 invenimus
438 1178 569 1212 positum,
591 1184 675 1213 atque
698 1179 889 1212 novissimum,

98 1225 137 1252 ita
164 1230 195 1252 ut
226 1224 370 1258 Benjamin
395 1224 421 1250 in
453 1224 712 1258 contemplationem
736 1225 778 1251 sui
802 1224 890 1252 modis

97 1270 228 1297 omnibus
245 1270 375 1297 attrahat.
393 1269 574 1296 Uudecimum
591 1277 656 1296 vero
675 1270 829 1297 invertimus
846 1270 891 1297 lte-

99 1316 213 1351 t‘_\'||um,
237 1323 318 1350 quem
334 1319 361 1342 et
377 1315 522 1342 undceituo
544 1314 646 1350 Joseplt
667 1319 721 1342 tam
740 1315 818 1350 juxta
840 1324 891 1342 nu—

98 1369 217 1393 merum,
236 1368 318 1395 quam
329 1361 409 1395 juxta
424 1361 680 1395 contemplationem
693 1365 893 1396 consequenter

99 1408 267 1443 aptavimus.
284 1406 463 1441 lnspicientcs
477 1405 534 1442 [50]
545 1406 626 1433 etiam
638 1406 799 1433 Hebraicant
822 1407 891 1432 [ἐχο-

100 1453 175 1484 dum,
189 1453 217 1479 in
232 1459 285 1486 qua
297 1457 323 1479 et
333 1453 374 1479 lex
390 1452 522 1487 probatur
531 1452 661 1486 ascripta,
673 1452 847 1486 legenteSque
859 1451 892 1478 dc

102 1498 230 1525 rationali
244 1498 305 1527 hoc.
321 1498 347 1524 in
363 1501 417 1532 qtto
432 1498 501 1525 clttsi
519 1502 598 1525 erant
627 1497 672 1525 isti
690 1497 806 1531 lapides,
818 1499 893 1524 inve—

102 1544 214 1570 niemus
224 1543 392 1578 onychinum
413 1543 531 1577 lapidem
549 1543 628 1570 aliter
642 1543 811 1569 ordinatum.
839 1541 894 1569 Utt-

102 1588 229 1615 decimus
252 1589 359 1623 positus
378 1593 451 1621 erat;
474 1587 594 1621 beryllus
614 1587 792 1614 duodecintus
814 1591 895 1622 atque

102 1632 334 1668 pestremttsHS).
343 1632 421 1660 Unde
430 1633 626 1668 propemodum
640 1633 719 1660 nobis
731 1633 895 1668 ambiguitas

103 1682 163 1705 orta
178 1682 220 1706 est
235 1678 463 1713 impedimentum
480 1678 668 1713 intelligentiae
684 1678 796 1709 facietis.
811 1678 894 1705 veluti

106 1724 198 1751 ﬁctam
216 1725 476 1758 contemplationem
501 1733 551 1752 nos
578 1725 604 1752 in
629 1725 736 1753 duobus
754 1725 825 1756 istis.
850 1725 895 1752 be-

103 1770 164 1805 rylli
177 1770 252 1802 dico,
269 1776 297 1797 et
308 1770 437 1805 onychini
449 1770 584 1805 lapidibtts
598 1771 746 1803 attulisset,
757 1771 895 1798 dicebant-

103 1823 158 1850 que
174 1815 313 1850 quomodo
335 1816 361 1842 in
374 1816 634 1851 Supplicationibus,
648 1821 675 1843 et
691 1816 814 1843 oratione
830 1824 893 1842 eon-

104 1861 182 1888 tinua
198 1864 305 1895 poterat
321 1869 399 1888 error
418 1862 568 1893 oboriri,et
588 1861 719 1892 intellexi,
739 1860 813 1895 quod
835 1861 892 1888 dis-

104 1910 237 1941 pensante
259 1906 313 1932 Deo
350 1906 404 1933 hoc
426 1906 462 1933 ita
479 1910 620 1941 peractum
636 1910 695 1940 est;
712 1910 740 1932 ut
760 1905 831 1932 idetn
850 1904 893 1931 Jo-

105 1951 172 1985 seph
186 1951 351 1978 undecimus
374 1951 448 1978 inter
464 1952 562 1978 fratres
578 1958 644 1978 suos
658 1951 805 1983 exsistens,
831 1950 897 1976 duo-

105 1996 231 2023 decimus
262 1996 432 2023 inveniretur
456 1996 533 2030 juxta
562 1995 788 2030 compositionem
813 1994 895 2029 hujus

104 2041 224 2072 numeri,
240 2040 287 2075 qui
303 2048 365 2067 eutn
381 2040 573 2067 duodecimum
588 2048 648 2067 esse
658 2040 819 2070 declaravit.
833 2047 895 2066 cutn

105 2085 229 2113 diceret:
253 2084 351 2120 Ioseph
369 2090 457 2112 autem
474 2090 531 2112 erat
549 2085 575 2112 in
595 2083 712 2120 .Egypto
726 2085 746 2112 ί.
772 2084 895 2112 Scientes

106 2134 200 2169 itaque
216 2133 424 2168 dispensatione
443 2131 548 2163 divina,
567 2136 678 2167 propter
696 2131 819 2159 veritatis
831 2139 896 2159 con-

936 225 1163 253 accomntodatus
1191 226 1226 253 ob
1243 227 1489 261 contemplationes
1513 228 1601 255 eidem
1625 236 1725 261 conso-

936 275 1043 303 nantes.
1055 272 1181 307 quamvis
1195 272 1307 303 ultimus
1321 273 1392 308 lapis
1408 274 1467 308 ipse
1479 279 1647 307 numeretur,
1659 278 1722 311 quia

937 319 977 346 sic
994 318 1107 352 accidit,
1122 322 1148 346 et
1161 316 1262 354 Joseph
1278 319 1458 349 novissimum
1473 320 1568 351 scribi.
1583 321 1653 348 sicut
1670 322 1724 351 fre-

937 369 1054 400 quenter
1069 364 1185 392 asserui.

973 409 1220 445 Transgredientes
1246 409 1329 443 igitur
1350 413 1377 438 et
1400 409 1472 436 hanc
1498 409 1662 442 divisionem
1681 419 1725 438 re-

943 455 1084 491 speximus
1097 455 1304 490 dispositionem
1320 459 1426 483 sextam
1445 455 1525 489 juxta
1539 456 1726 484 dinumerata-

938 508 998 527 rum
1021 499 1141 526 tribuum
1163 499 1399 533 consequentiam,
1426 503 1453 525 et
1475 498 1630 526 inveniutus
1649 498 1726 532 juxta

938 545 1114 573 metationem
1136 549 1291 572 castrorum
1308 544 1392 572 Israel
1407 544 1535 578 quadrati
1551 544 1671 579 agminis
1681 551 1727 570 or-

938 591 1029 618 dinem
1062 590 1149 625 magis
1175 594 1304 624 oportere
1328 596 1480 625 congruere
1502 589 1627 616 rationali
1650 589 1728 623 juxta

941 642 1035 665 ternas
1057 640 1084 664 et
1104 640 1196 664 ternas
1214 636 1313 667 tribus,
1346 636 1419 664 sicut
1434 635 1463 663 in
1484 635 1579 663 eodetn
1600 635 1728 662 rationali

940 683 983 710 fas
1002 686 1062 709 erat
1085 689 1208 713 cernere,
1226 681 1301 716 quod
1321 682 1447 716 quadrati
1471 681 1577 708 ordinis
1597 681 1729 716 probatur

939 731 1062 758 exstare,
1077 731 1104 754 et
1125 731 1185 754 erat
1203 727 1255 753 hoc
1274 726 1477 762 plauissinmm,
1498 731 1581 761 atque
1596 725 1727 762 symboli-

941 780 1014 805 cutn,
1041 772 1066 799 id
1088 777 1131 800 cst
1155 772 1377 806 signiﬁcativum,
1407 777 1515 808 propter
1534 771 1728 807 dispositiones

940 818 1067 845 ordinum
1101 817 1368 851 consottantiamque
1389 822 1556 850 castrorum,
1572 817 1619 845 sed
1638 817 1666 843 in
1685 816 1729 844 bis

941 866 1066 896 separata
1081 863 1180 893 tribus,
1201 863 1289 889 tribus
1304 862 1367 890 Levi
1382 863 1461 890 nobis
1486 863 1603 890 obstitit.
1620 862 1730 890 Consti-

941 913 1016 935 tutus
1033 911 1075 934 est
1099 909 1171 934 enim
1189 907 1284 939 Judas,
1308 908 1412 935 ltabens
1435 916 1528 936 secant
1547 909 1672 936 lssachar
1702 912 1730 936 et

942 953 1077 984 Zabulon,
1098 953 1126 979 in
1149 961 1203 979 uno
1223 954 1381 981 melationis
1401 954 1599 987 contubernio;
1618 958 1645 981 et
1662 961 1730 981 con-

941 1001 1054 1027 stitutus
1071 1003 1112 1026 est
1138 1000 1242 1034 prittttts
1264 1000 1297 1026 ad
1314 1000 1479 1027 orientalem
1498 1000 1602 1035 plagam
1618 1005 1730 1035 propter

940 1043 1161 1078 signiﬁcantium,
1185 1047 1215 1070 ut
1240 1044 1356 1075 aestimo,
1396 1043 1478 1078 regiae
1509 1035 1673 1078 potestatis.
1701 1049 1731 1072 et

940 1089 1013 1124 quod
1030 1088 1125 1115 Ruben
1142 1097 1156 1115 a
1178 1089 1291 1123 propria
1311 1089 1439 1116 reciderit
1460 1089 1557 1123 gloria,
1573 1090 1637 1123 quia
1659 1093 1730 1116 stra~

941 1138 999 1162 tum
1018 1134 1196 1161 maculaverit
1216 1135 1317 1169 patris,
1333 1134 1405 1161 sicut
1424 1134 1526 1161 divinis
1542 1134 1653 1162 Litteris
1667 1142 1730 1169 pro-

942 1181 1021 1208 batur
1040 1179 1206 1207 insertum'.
1229 1179 1258 1206 ln
1283 1179 1404 1207 secunda
1424 1187 1488 1206 vero
1514 1180 1661 1207 metatione
1684 1187 1732 1206 ca—

942 1231 1062 1254 strorum
1087 1225 1182 1252 ltuben
1206 1225 1348 1252 ordinatur
1371 1232 1434 1253 cmn
1459 1225 1587 1252 Simeone
1611 1229 1638 1252 et
1671 1224 1730 1252 Gad

941 1279 1039 1300 versus
1049 1271 1082 1299 ad
1094 1279 1179 1302 mare.
1192 1271 1225 1298 ad
1235 1270 1405 1297 occidentem
1418 1278 1526 1305 quoque
1540 1271 1655 1306 Ephrem
1666 1278 1730 1298 eum

944 1317 1002 1354 [52]
1024 1317 1153 1344 Manasse
1178 1320 1206 1343 et
1227 1316 1380 1351 Beniamin,
1397 1317 1444 1350 qui
1463 1324 1559 1344 omnes
1576 1325 1608 1354 ex
1629 1316 1730 1344 Rachel

943 1365 969 1392 in
993 1371 1048 1391 una
1075 1366 1216 1399 ponuntur
1238 1362 1387 1389 metatione
1410 1365 1563 1388 castrorum
1587 1371 1593 1388 :
1620 1365 1732 1396 propter

944 1410 1089 1437 Manassen
1121 1414 1187 1436 vero
1221 1407 1284 1434 Levi
1308 1406 1416 1434 videtur
1452 1407 1592 1434 exclusus.
1610 1407 1676 1435 Dein
1697 1407 1731 1434 ad

944 1455 1101 1490 aquilonem
1113 1457 1238 1488 quartam
1255 1453 1429 1479 metationem
1445 1452 1571 1486 primitus
1587 1451 1644 1478 Dan
1666 1459 1733 1478 con-

945 1502 1023 1533 tinet,
1046 1500 1109 1527 dein
1134 1501 1212 1532 Aser,
1234 1498 1332 1526 deinde
1354 1497 1506 1532 Neptalitn,
1543 1501 1570 1524 et
1591 1504 1652 1523 cum
1668 1496 1732 1524 Levi

946 1555 1002 1574 non
1028 1545 1184 1573 invenimus
1209 1545 1278 1571 inter
1300 1552 1348 1571 eos
1370 1543 1531 1574 admistum,
1554 1543 1732 1577 cognovimus

946 1599 996 1619 nec
1013 1591 1093 1618 istam
1115 1597 1195 1624 posse
1215 1589 1430 1624 descriptionem
1449 1587 1641 1623 compositioni
1662 1587 1732 1621 lapi-

946 1638 1010 1664 dum
1033 1634 1246 1667 accommodari,
1265 1642 1298 1661 ne
1318 1634 1440 1661 videatur
1462 1634 1485 1661 ei
1512 1633 1627 1659 ﬁliorum
1651 1631 1734 1659 Isratl

947 1690 1031 1709 unum
1049 1681 1146 1708 deesse
1159 1680 1334 1712 vocabulum.
1345 1679 1517 1714 Quapropter
1530 1683 1557 1706 et
1569 1678 1639 1705 hanc
1652 1678 1733 1704 omit-

947 1731 1036 1755 tentes
1059 1726 1228 1754 intendimus
1250 1725 1376 1752 divisioni
1402 1725 1524 1760 septimae
1539 1743 1547 1756 ,
1566 1731 1649 1758 quam
1669 1730 1733 1758 pro—

946 1774 1020 1800 tinus
1036 1773 1198 1804 ademinms,
1208 1771 1253 1806 qui
1269 1778 1323 1798 non
1336 1778 1394 1797 eam
1411 1770 1583 1804 respeximus
1597 1768 1735 1802 composi-

947 1819 1014 1845 tioni
1030 1818 1150 1852 lapidunt
1164 1820 1372 1850 congruentem.
1394 1814 1458 1842 Haec
1474 1814 1546 1841 enim
1566 1814 1643 1847 juxta
1660 1813 1736 1847 prin-

947 1865 1022 1898 cipes
1046 1862 1168 1889 tribuum
1186 1862 1219 1887 ad
1237 1864 1404 1896 prtereptum
1423 1859 1529 1886 Domini
1549 1862 1657 1885 constat
1674 1864 1736 1885 esse

948 1913 1089 1935 numerata
1105 1928 1112 1941 ,
1134 1908 1161 1934 in
1187 1915 1240 1942 qua
1262 1907 1366 1942 ptimus
1389 1905 1532 1932 ordinatus
1553 1908 1596 1931 est
1616 1903 1712 1929 Ruben
1726 1922 1734 1934 ,

947 1955 1009 1982 deitt
1038 1954 1166 1981 lssachar
1196 1958 1222 1980 et
1256 1953 1301 1986 qui
1338 1955 1502 1986 sequuntur.
1525 1949 1624 1984 Joseph
1645 1953 1734 1976 autem

947 1999 1070 2027 secundo
1093 2001 1256 2025 numeratus
1277 2002 1320 2024 est
1338 2000 1449 2031 propter
1471 1995 1544 2030 quod
1566 1994 1684 2029 Ephrem
1707 1994 1735 2020 itt

948 2050 1003 2070 uno
1015 2049 1140 2074 nttmero,
1154 2041 1294 2069 Manasses
1307 2041 1333 2068 in
1349 2042 1436 2068 altero
1450 2041 1487 2067 sit
1498 2040 1619 2071 locatus;
1631 2042 1659 2066 et
1672 2046 1734 2065 eum

947 2088 1011 2116 Levi
1037 2096 1135 2115 rursus
1157 2092 1300 2122 exemptus
1324 2091 1376 2118 est,
1398 2086 1570 2121 nequivimus
1590 2091 1734 2111 uttmerum

947 2137 1078 2168 coaptare
1099 2132 1237 2167 lapidibus
1252 2136 1364 2167 propter
1383 2131 1601 2158 immutationem
1618 2129 1694 2162 Levi,
1709 2133 1736 2158 et

105 2178 302 2214 tcmplationes
318 2178 412 2213 berylli
429 2177 539 2212 lapidis,
556 2185 617 2212 quae
637 2177 665 2204 in
681 2177 773 2211 ipsum
795 2175 894 2211 .loseph
913 2188 935 2216 ι)
950 2183 1062 2214 propter
1087 2178 1268 2213 adjectionem
1290 2178 1373 2205 unius
1394 2178 1493 2209 tribus,
1511 2184 1571 2212 qua:
1584 2176 1611 2203 in
1627 2176 1736 2203 duabus

106 2224 262 2259 explentur.
280 2224 401 2258 coaptari
421 2223 488 2258 (49),
506 2224 546 2251 sic
558 2227 601 2250 est
613 2223 786 2258 dispositum,
802 2227 828 2250 ut
847 2223 895 2250 be-

107 2271 195 2306 ryllus
208 2271 276 2306 lapis
286 2270 467 2298 duodecimus
490 2273 638 2305 poneretur
649 2273 676 2296 et
691 2269 820 2302 ultimus;
834 2276 895 2296 nam

107 2320 136 2343 et
147 2316 249 2350 Joseph
265 2322 329 2342 cum
346 2316 417 2342 ittter
436 2315 535 2342 fratres
551 2314 713 2342 undecimus
735 2318 820 2345 esset,
842 2321 897 2341 ute-

109 2365 234 2388 moratur
250 2361 276 2388 in
291 2361 342 2388 hac
357 2365 448 2388 tamen
464 2360 663 2395 compositione
679 2359 784 2386 numeri
806 2366 898 2394 egres—

108 2406 197 2435 sionis
224 2406 343 2434 ﬁliorum
372 2405 454 2435 Israel
493 2405 689 2437 duodecimus,
707 2409 734 2431 et
759 2409 898 2432 extremus

109 2452 271 2480 ascribitur.
284 2451 378 2487 Itaque
395 2459 508 2487 prorsus
532 2451 714 2479 illustratione
727 2450 820 2478 divina
840 2449 897 2486 [51]

108 2501 136 2524 et
149 2496 357 2532 dispensatione
371 2497 441 2525 bene
451 2496 599 2524 admodum
615 2496 719 2532 relatus
733 2499 775 2523 est
787 2495 899 2531 onychi-

109 2549 163 2570 nus
172 2542 244 2578 lapis
261 2541 289 2570 in
305 2541 459 2578 Benjamin,
473 2541 520 2577 qui
533 2541 562 2569 in
573 2541 625 2568 hac
637 2539 819 2576 dispositione
830 2543 896 2568 ante

143 2632 153 2648 ‘
172 2629 260 2658 Exod.
278 2637 299 2663 1,
315 2630 343 2658 5.
382 2631 393 2647 '
413 2629 482 2658 Gen.
503 2637 587 2662 xxxv,
606 2628 660 2662 22;
679 2636 753 2660 χιιι,
773 2629 800 2656 ι.

142 2708 200 2745 (ιε)
220 2707 338 2745 Yulgata
355 2715 418 2745 cum
443 2712 519 2736 textu
540 2707 672 2735 llebraico
698 2706 826 2745 convenit
847 2705 894 2734 be-

107 2741 205 2779 rjllum
223 2741 388 2771 duodecimo
408 2744 468 2779 loco
482 2749 647 2779 recensens,
656 2741 822 2779 ouyehiuum
840 2749 892 2767 un-

106 2777 226 2813 dicimo.
245 2778 392 2813 Accedunt
417 2777 532 2813 l‘araph.
564 2777 710 2813 Chaldaica
746 2781 773 2803 ct
803 2779 894 2813 textus

108 2811 425 2842 Ilebrao-Satttaritantts
437 2833 445 2847 ,
479 2811 583 2841 necnon
601 2811 772 2839 Samaritana
792 2818 831 2838 vet
839 2811 890 2843 sio,

948 2224 1080 2259 probatur
1094 2230 1156 2251 esse
1168 2223 1267 2250 divisa.

984 2268 1052 2296 Dein
1067 2272 1193 2296 octavam
1211 2267 1385 2301 divisionem,
1403 2267 1436 2294 de
1453 2267 1523 2294 libro
1541 2265 1735 2298 Nuntiet-erum,

949 2314 1093 2349 diligenter
1114 2314 1301 2348 inspeximus,
1316 2313 1361 2340 ubi
1376 2313 1504 2347 pracepit
1520 2312 1602 2344 Deus,
1618 2316 1646 2339 et
1660 2311 1737 2339 misit

951 2359 1043 2387 Moses
1068 2360 1207 2395 principes
1231 2359 1351 2386 tribuum
1374 2357 1458 2386 Israel
1484 2358 1517 2385 ad
1539 2357 1736 2394 inspiciendam

951 2409 1053 2433 terram
1075 2405 1278 2440 promissionis,
1298 2408 1326 2432 et
1346 2412 1395 2432 nec
1414 2404 1494 2431 istam
1513 2404 1665 2440 reperimus
1701 2403 1735 2431 ad

951 2450 1181 2486 compositionem
1198 2455 1411 2478 memoratarum
1438 2450 1558 2485 lapidum
1579 2456 1737 2478 consonan-

952 2499 1019 2527 tem,
1036 2499 1148 2531 propter
1162 2495 1236 2530 quod
1255 2499 1283 2522 et
1301 2494 1397 2523 Ruben
1417 2495 1446 2523 in
1462 2495 1558 2531 primis
1577 2498 1739 2523 numeratus

952 2544 1004 2572 est,
1026 2540 1090 2568 dein
1115 2540 1224 2568 Simeon
1238 2560 1246 2573 ,
1269 2541 1367 2569 deinde
1384 2540 1487 2575 Judas,
1509 2541 1574 2570 exin
1595 2540 1735 2576 lss'acbar.

947 2706 1012 2733 licet
1026 2705 1168 2734 versiones
1180 2705 1292 2740 Syriaca
1306 2708 1343 2740 iet
1363 2703 1480 2732 Arabica
1493 2703 1657 2740 conveniant
1675 2708 1738 2732 cum

948 2740 1034 2776 LXX,
1048 2745 1078 2776 ut
1091 2740 1182 2767 videre
1192 2739 1235 2767 est
1261 2740 1288 2767 in
1303 2739 1400 2768 Bibliis
1410 2739 1576 2776 polyglottis,
1592 2741 1646 2766 etc.
1724 2749 1726 2752 τ

983 2775 1039 2811 (l9)
1055 2775 1146 2803 Locus
1164 2779 1320 2810 corruptus.
1458 2775 1462 2776 ⁷
1542 2783 1544 2785 ί
