1929 3038
214 129 262 158 351

846 127 934 154 LIBRI
955 128 999 155 DE
1018 129 1062 156 XII
1082 129 1212 156 GEMMIS

1791 130 1846 160 552

176 194 180 200 ·
213 184 293 220 253
303 183 361 220 [53]
377 186 405 211 et
426 183 556 218 deinceps
573 182 620 218 qui
637 187 799 218 sequuntur,
820 188 848 211 et
868 191 1002 219 nusquam
1019 188 1040 215 Α
1055 185 1174 212 sollicita
1189 192 1303 218 prorsus
1320 184 1473 213 intentione
1494 185 1677 220 pervenimus,
1693 190 1721 213 et
1739 186 1848 221 reperi-

215 229 280 258 Levi
294 229 398 257 mentio
413 228 486 256 facta
502 232 554 256 est.

251 274 438 302 Transeuntes
468 274 550 309 igitur
577 273 610 301 ad
641 282 742 301 nonam
768 275 949 308 divisionem,
974 280 1001 303 et

214 322 301 356 ipsam
314 318 519 354 conspeximus,
535 327 597 354 quae
609 318 681 346 facta
697 323 784 346 estex
797 324 933 354 praecepto
949 319 1001 346 Do-

214 365 292 396 mini,
306 366 378 392 sicut
390 365 417 391 in
427 365 498 392 libro
508 365 665 392 continetur
679 365 874 397 Numerorum,
890 366 1000 400 quando

215 411 290 438 missi
309 415 372 438 sunt
389 410 527 446 principes
549 410 680 442 tribuum,
699 416 728 438 ut
747 415 824 439 sorte
847 411 1000 438 dividerent

214 461 317 484 terram
338 457 531 492 promissionis
550 457 613 484 ﬁliis
635 457 739 489 Israel;
753 461 780 484 et
797 465 846 485 nec
866 458 945 485 istatn
963 458 1000 485 si-

213 501 315 528 militer
331 501 365 528 ad
383 502 606 536 consequentiam
628 501 748 536 lapidum
771 506 899 536 coaptare
913 501 1000 528 valui-

213 553 286 573 mus.
309 545 480 573 lnvenientes
505 546 577 573 enim
602 545 699 572 Jttdatn
725 546 843 580 primum
867 547 997 581 positum,

212 591 274 618 dein
289 591 455 623 Simeonem,
472 595 499 618 et
511 595 603 626 postea
624 591 765 625 Benjatnin
779 601 786 624 ;
805 591 860 618 Dan
890 599 999 626 quoque

212 642 240 664 et
263 637 416 669 Manassen,
452 644 557 664 necnon
578 641 604 663 et
632 636 748 672 Ephrem
774 643 800 664 et
823 637 955 669 Zabulon,
972 643 998 665 et

212 683 341 717 deinceps
369 683 504 716 lssachat‘,
527 682 591 709 exin
617 682 686 709 Aser
713 687 739 710 et
774 684 923 711 novissime
946 684 999 711 Ne—

214 729 318 763 ptalim,
341 733 369 756 et
387 737 485 756 rursus
519 729 620 760 tribum
646 729 710 756 Levi
730 730 899 764 reperientes
915 730 998 757 omis-

212 781 282 806 sam,
297 777 324 801 et
337 773 438 809 Joseph
453 774 599 809 dupliciter
618 779 806 801 enumeratunt
818 775 850 802 .in
868 774 998 809 Ephrem,

212 824 238 845 et
251 819 416 851 Manassem,
433 819 503 845 hanc
523 819 605 846 etiam
622 820 857 854 praetermisimus,
870 823 897 847 et
910 820 936 846 in
952 820 999 847 dc-

212 866 311 892 eimam
339 864 500 892 divisionem
528 865 707 892 intentionetn
733 865 834 892 mentis
856 865 999 892 admonui-

212 918 274 937 tntts
299 910 366 946 (50),
384 919 434 938 nec
452 912 538 945 ipsam
561 911 700 946 quivitnus
720 911 842 938 invettire
863 911 1000 945 lapidibus

213 960 429 989 consonantem;
448 957 548 984 etenim
574 957 684 991 quando
704 956 843 983 benedixit
858 956 947 985 Moses
967 958 999 983 ll-

212 1002 256 1028 Iiis
273 1002 354 1029 Israel
373 1010 528 1036 proponens
547 1002 688 1036 Bcnjamin
701 1007 829 1036 quartum
844 1007 906 1038 post
922 1003 997 1034 Levi,

211 1046 274 1073 dein
285 1045 398 1081 Ioseph,
412 1051 438 1074 et
454 1055 516 1074 cum
536 1046 674 1074 Simeouis
689 1047 792 1074 nullam
809 1047 900 1074 intulit
919 1055 998 1074 men-

212 1091 325 1122 tionem,
336 1091 506 1125 impossibile
517 1091 565 1117 I'uit
579 1099 637 1118 eam
647 1095 776 1126 coaptare
787 1092 931 1126 lapidibus.
946 1091 999 1118 Ila-

214 1136 260 1162 bet
274 1140 364 1162 autem
375 1136 410 1162 ita
424 1145 430 1162 :
444 1135 550 1167 Ruben,
566 1135 663 1169 Judas,
675 1136 751 1168 Levi,
764 1137 919 1170 Benjamin;
936 1138 998 1164 dein

215 1180 332 1215 Ioseph,
351 1180 472 1207 Zabulon
487 1184 514 1207 et
527 1181 670 1213 Issacltar;
691 1181 789 1208 deinde
806 1181 874 1213 Gad,
891 1182 937 1215 qtti
957 1185 999 1208 est

216 1227 321 1253 ancillae
345 1226 471 1252 secunda:
491 1225 572 1256 titius,
601 1229 767 1260 prtepostere
789 1227 912 1260 positus;
937 1226 998 1252 dein

214 1271 270 1298 Dan
283 1276 310 1298 et
325 1271 474 1305 Neptalim;
497 1270 561 1298 dein
575 1271 642 1297 Aser
664 1271 788 1297 omnium
818 1271 997 1303 novissimus,

212 1316 259 1352 qui
281 1321 309 1344 et
333 1317 392 1351 ipse
415 1315 543 1344 secunda:
565 1316 671 1342 ancilla:
694 1315 765 1342 ﬁlius
782 1315 928 1342 invenitur.
950 1315 998 1343 Hic

211 1363 305 1395 etiam,
324 1363 389 1397 quia
405 1370 537 1390 numerus
557 1363 718 1389 imminutus
733 1365 784 1393 est,
800 1361 856 1397 [Si]
874 1361 999 1389 Situeoue

213 1409 409 1444 praetermisso,
426 1408 467 1436 las
488 1416 542 1435 non
565 1411 624 1435 erat
646 1407 809 1435 divisionem
833 1407 912 1434 istatu
933 1408 999 1442 lapi-

213 1455 294 1482 dibus
307 1454 449 1481 rationalis
467 1461 548 1488 posse
562 1460 722 1487 congruere.

250 1501 358 1528 Rursus
378 1505 406 1528 et
429 1500 499 1526 Itane
518 1500 755 1534 prtetermittentes
776 1499 803 1526 in
825 1498 997 1526 undecimam

249 1557 256 1572 ¹
273 1557 351 1584 Deut.
370 1565 406 1587 xt,
423 1555 458 1582 9.9
471 1563 531 1590 sqq.

250 1612 306 1646 (50)
321 1611 366 1638 Sic
386 1611 509 1644 cod.,sed
529 1610 597 1638 forte
617 1610 814 1638 restituendum
834 1616 886 1643 est,
903 1611 997 1638 admo-

212 1655 235 1673 ῑί
240 1655 263 1672 ιιι
267 1655 306 1673 ηις.

248 1681 304 1714 (5|)
322 1680 357 1707 De
370 1679 423 1707 situ
439 1680 540 1708 utentis
563 1680 682 1707 Garizivn
699 1681 812 1714 copiose
834 1685 917 1715 agunt
939 1681 994 1707 An-

212 1715 294 1742 dreas
311 1715 412 1742 Masius
424 1715 450 1741 in
459 1722 519 1750 cap.
533 1723 579 1741 vnn
592 1715 684 1747 .lostte,
700 1715 783 1750 Critic
805 1724 873 1742 επεν.
886 1720 952 1742 tom.
966 1716 996 1748 Il,

218 1750 272 1777 col.
304 1751 367 1783 ill,
394 1758 499 1785 necnon
533 1749 676 1785 IIolandus
701 1749 813 1776 Misce/1.
840 1758 866 1785 p.
889 1759 907 1782 ι,
926 1751 996 1778 lliss.

215 1785 242 1820 ᾗ,
259 1785 308 1820 §5.
324 1789 374 1812 etc.
395 1784 480 1820 Prout
496 1785 540 1811 hic
556 1785 638 1812 sentit
651 1784 827 1820 Epiphanius,
842 1784 948 1812 necnon
970 1786 996 1812 itt

213 1819 282 1847 Pun.
311 1820 336 1846 It.
352 1820 379 1850 9,
396 1819 449 1854 δῦ,
469 1828 494 1854 p.
515 1820 560 1853 25,
574 1827 685 1847 sensere
711 1821 791 1846 etiatu
815 1825 911 1846 auctor
937 1821 997 1847 libri

213 1854 251 1881 De
264 1855 314 1881 lac.
328 1863 398 1882 διιεῖ.
417 1855 516 1888 δοιίρ..
532 1854 718 1890 etl’rocopius
734 1854 847 1882 Gazaaus
860 1856 887 1882 in
906 1855 996 1885 Deut..

212 1897 316 1916 necnon
341 1891 410 1916 inter
429 1890 597 1925 recentiores
608 1889 743 1924 Iosephus
766 1890 888 1925 Scaliger
904 1891 930 1916 in
946 1890 999 1918 Eu-

211 1925 274 1951 sebii
296 1925 455 1955 (Iltronicon,
474 1933 534 1959 pag.
546 1924 606 1955 1‘25.
623 1925 688 1952 edit.
706 1925 792 1951 Antst.
815 1924 859 1952 an.
876 1925 954 1955 1658,
971 1929 998 1951 et

211 1959 369 1986 Gerhardus
387 1959 521 1986 Mercator
540 1959 610 1994 apud
632 1959 767 1986 Andream
796 1959 920 1986 Masium.
937 1960 997 1987 Cri-

212 1994 258 2020 tici
282 1995 447 2029 opinionem
464 1994 534 2021 bane
565 1994 691 2022 falsitatis
715 1995 865 2022 luculenter
884 1996 995 2029 coargui

211 2029 419 2056 arbitrantur-ex
435 2028 498 2055 Jud.
513 2036 574 2063 cap.
607 2037 644 2062 tx,
672 2030 688 2056 ὓ
718 2033 745 2056 et
768 2029 793 2060 7,
812 2030 857 2055 ubi
882 2028 997 2063 legimus

209 2063 336 2095 Joatltatn
354 2063 489 2090 Gedeouis
518 2063 602 2091 lilium
620 2072 635 2091 e
650 2065 749 2092 vertice
767 2064 885 2090 Garizim
909 2063 997 2090 Siclti-

210 2099 293 2125 mitas
307 2099 339 2124 ad
361 2099 462 2125 utentis
488 2098 592 2126 radices
610 2103 751 2126 versantes
762 2100 908 2125 allocututn
924 2106 995 2126 esse.

210 2132 345 2169 Prmterea
362 2133 432 2166 apud
444 2132 586 2165 Joannem,
608 2141 669 2169 cap.
689 2143 725 2166 tv,
744 2135 915 2169 Samaritana
940 2141 997 2169 mu-

210 2168 262 2195 lier
277 2169 312 2195 ad
339 2172 450 2202 puteum
479 2170 623 2203 quemdam
641 2168 694 2196 non
717 2169 795 2202 longe
817 2169 851 2195 ab
869 2168 936 2194 urbe
953 2168 995 2195 Si-

1017 857 1038 883 Β

1011 1526 1035 1557 ο

1053 238 1115 257 mus
1128 225 1172 256 ubi
1188 231 1317 265 praecepit
1333 230 1449 266 Moyses,
1467 235 1496 257 ut
1509 231 1651 258 duodecim
1664 231 1754 259 tribus
1769 235 1846 262 stent

1053 275 1086 301 ad
1104 275 1320 302 benedicendum
1336 280 1363 302 ct
1383 275 1614 308 maledicendum,
1636 284 1683 304 sex
1703 276 1730 303 in
1750 280 1847 305 monte

1051 320 1170 348 Garizitn
1192 325 1220 348 et
1238 329 1285 348 sex
1309 322 1336 348 in
1361 326 1451 348 tnoute
1465 321 1561 354 Gebal,
1578 322 1650 349 sicut
1666 322 1693 349 in
1708 322 1845 350 Deutero-

1050 365 1144 392 notnio
1167 365 1297 400 probatur
1321 366 1481 400 ascriptum,
1513 373 1629 400 qttarum
1653 366 1754 394 divisio
1779 366 1845 394 talis

1052 416 1094 438 est
1109 421 1115 437 :
1138 410 1264 441 Stabunt.
1290 411 1389 445 inquit,
1404 412 1429 438 in
1442 416 1529 438 monte
1552 411 1670 438 Carizim
1688 413 1723 438 ad
1737 412 1846 440 benedi-

1051 455 1161 481 cendum
1187 455 1303 485 Simeon.
1325 455 1397 486 Levi,
1418 455 1516 488 ludus,
1534 455 1670 488 Isset-Itur,
1690 456 1790 491 Ioseph
1819 462 1844 484 et

1050 499 1210 534 Benjamin;
1226 506 1250 527 et
1262 501 1289 527 Ιιὶ
1304 501 1412 527 stabunt
1432 501 1466 527 ad
1485 501 1690 529 maledicendum
1705 503 1734 529 in
1755 507 1844 530 monte

1051 545 1143 578 Gebal,
1159 545 1258 577 Ruben,
1281 545 1350 578 Gad,
1366 546 1443 577 Aser,
1467 545 1604 578 Zabulon,
1626 547 1703 579 Dan,
1726 553 1750 574 et
1775 547 1845 582 Nep-

1051 591 1127 616 talim
1152 591 1171 617 '.
1196 590 1354 617 Liberarttnt
1375 591 1421 618 lilii
1435 591 1584 626 probantur
1595 592 1639 619 hic
1650 600 1711 619 esse
1723 593 1841 627 prtelati,

1050 643 1167 670 cutnque
1195 640 1222 663 et
1246 636 1298 664 ista
1324 637 1424 664 divisio
1443 636 1550 664 videtur
1574 638 1786 673 inconsequens,
1807 639 1841 665 ad

1050 682 1212 717 quadratum
1228 683 1369 710 rationalis
1385 683 1511 711 ordinem
1524 692 1578 712 non
1593 692 1625 712 ea
1635 685 1693 711 visa
1705 689 1748 712 est
1761 691 1841 712 assu-

1050 728 1158 755 nteuda.
1177 729 1369 756 Verumtamen
1387 729 1459 756 hanc
1470 730 1594 757 eamdem
1610 730 1783 757 undecimam
1800 729 1841 756 di-

1050 773 1182 800 visionem
1200 774 1317 800 sollicite
1333 779 1509 807 contuentes,
1530 784 1589 810 qum
1614 776 1642 802 in
1661 776 1731 803 duas
1746 779 1841 811 partes

1051 818 1158 845 videtur
1173 826 1233 845 csse
1258 818 1391 852 discreta,
1410 827 1458 848 sex
1478 821 1506 848 in
1526 828 1580 848 uno
1598 826 1688 848 tnonte
1702 825 1729 848 et
1748 828 1796 848 sex
1813 821 1839 848 in

1052 864 1149 895 altero,
1174 864 1245 891 hanc
1271 864 1396 892 arbitrati
1419 873 1516 893 sutnus
1541 873 1691 899 congruere
1716 866 1842 893 numeris

1050 909 1259 943 compositionis
1277 909 1397 945 lapidum
1413 911 1560 946 smaragdi,
1578 911 1625 945 qui
1641 911 1776 938 catenulis
1792 918 1839 938 ne-

1050 955 1207 987 ctebantur,
1220 955 1342 982 ordinati
1359 963 1406 990 per
1423 961 1569 991 utrumque
1586 957 1723 991 pontiﬁcis
1743 957 1839 984 hume-

1050 1008 1120 1033 rum,
1141 1009 1207 1028 auro
1229 1006 1256 1029 et
1274 1002 1448 1038 hyacinthina
1470 1004 1536 1031 vitta
1558 1003 1688 1036 conserti,
1708 1003 1746 1030 ita
1767 1003 1837 1030 utin

1050 1047 1092 1074 bis
1107 1047 1211 1075 dttobus
1226 1049 1380 1084 smaragdis
1401 1050 1620 1078 inscriberentur
1640 1051 1750 1077 nomina
1770 1050 1838 1076 ﬁlio—

1050 1101 1109 1120 rum
1125 1093 1215 1125 lsrael,
1231 1102 1263 1122 eo
1279 1095 1350 1129 quod
1370 1104 1441 1123 ttnus
1459 1096 1621 1131 smaragdos
1634 1097 1669 1123 ob
1682 1096 1837 1123 rotundita-

1050 1142 1103 1165 tem
1115 1140 1156 1166 sui
1172 1139 1314 1167 duodecim
1330 1141 1440 1168 nomina
1457 1149 1555 1176 capere
1567 1150 1619 1168 non
1635 1146 1736 1177 posset.
1750 1141 1836 1177 Opor-

1050 1185 1123 1211 tebat
1145 1189 1249 1217 autem,
1265 1190 1301 1218 et,
1329 1187 1350 1213 si
1379 1195 1476 1221 capere
1497 1191 1615 1222 poterat,
1638 1187 1749 1214 dextros
1771 1188 1836 1214 sini-

1051 1237 1178 1264 strosque
1194 1231 1337 1266 distingui,
1351 1236 1377 1259 et
1389 1233 1449 1259 ideo
1463 1233 1489 1258 in
1507 1236 1623 1267 utroque
1637 1233 1735 1268 lapide,
1748 1233 1836 1267 posito

1049 1274 1076 1300 in
1095 1274 1208 1301 dextera
1228 1276 1332 1303 scilicet
1349 1280 1375 1303 ct
1395 1276 1517 1310 sinistra,
1534 1278 1690 1312 conscripta
1712 1281 1777 1304 sunt
1791 1285 1835 1304 no-

1049 1319 1135 1351 ntina,
1153 1319 1233 1346 sicuti
1330 1322 1354 1347 in
1369 1326 1485 1356 utroque
1502 1326 1593 1349 tnonle
1608 1321 1727 1349 Garizim
1743 1326 1771 1349 et
1783 1321 1835 1349 Ge—

1050 1363 1093 1390 bal
1111 1364 1198 1391 tribus
1217 1365 1332 1392 (illorum
1357 1366 1439 1394 Israel
1463 1367 1596 1395 ordinatae
1610 1372 1683 1394 sunt.
1696 1367 1747 1400 Qui
1765 1375 1835 1394 mon<

1051 1413 1091 1436 tcs
1107 1418 1140 1436 ex
1161 1406 1280 1438 adverso
1300 1412 1350 1438 sibi
1374 1417 1526 1439 cernuntur
1545 1413 1660 1447 oppositi
1680 1413 1705 1439 in
1723 1413 1835 1440 orientis

1051 1459 1137 1488 parte,
1152 1455 1196 1482 ubi
1232 1455 1340 1482 Jcriclto
1361 1457 1412 1483 sila
1436 1462 1476 1483 cst
1496 1457 1562 1491 (51),
1579 1457 1647 1484 ttltra
1665 1457 1753 1484 locum
1776 1457 1834 1484 Gal-

1051 1499 1129 1533 galaz,
1147 1500 1239 1535 ibique
1263 1502 1420 1528 referuntur
1446 1501 1502 1536 [56]
1520 1501 1691 1529 benedixisse
1707 1501 1790 1529 Israel
1807 1503 1833 1534 ii,

1049 1623 1107 1649 quo:
1136 1624 1203 1642 num:
1234 1616 1361 1650 Neapolis
1386 1617 1542 1650 appellatur,
1560 1622 1584 1643 ct
1597 1625 1628 1643 ex
1644 1621 1727 1647 latere
1741 1619 1833 1644 montis

1051 1650 1169 1686 garizint
1196 1656 1368 1678 exstructam.
1397 1651 1436 1678 Nc
1456 1652 1517 1686 quis
1536 1657 1626 1679 autem
1657 1653 1771 1679 tuit‘ctur
1787 1661 1834 1679 cur

1050 1684 1219 1719 Epiphanius
1233 1687 1399 1713 contrarium
1416 1684 1541 1718 senserit,
1560 1687 1645 1714 errori
1667 1695 1762 1714 ansam
1776 1695 1834 1714 esse

1049 1720 1140 1746 datam
1158 1720 1282 1756 creditur
1293 1729 1326 1748 ex
1341 1729 1413 1749 vers.
1440 1722 1475 1748 δυ
1499 1729 1558 1756 cap.
1574 1730 1600 1748 xt
1622 1722 1833 1755 Deuteronomii,

1049 1763 1129 1791 quem
1157 1755 1272 1782 inferius
1295 1756 1458 1791 descripturi
1486 1763 1582 1783 sumus
1602 1760 1629 1783 et
1660 1757 1832 1791 explicalnri.

1050 1789 1196 1825 Enimvero
1220 1791 1302 1816 etiam
1324 1791 1349 1817 itt
1366 1789 1484 1817 I’nttario
1503 1791 1531 1817 S.
1550 1789 1719 1825 Epiphanius
1736 1791 1833 1819 Deute-

1049 1824 1164 1850 rouomii
1193 1825 1357 1852 auctoritate
1384 1833 1412 1852 se
1435 1829 1535 1857 tuetur,
1559 1824 1834 1860 nonmatter-mittens

1049 1863 1138 1895 tamen
1155 1859 1236 1885 etiam
1265 1861 1456 1895 auctoritatem
1473 1861 1532 1887 libri
1549 1861 1613 1888 .lesu
1630 1861 1713 1891 Nave,
1729 1861 1763 1887 de
1781 1869 1831 1895 qua

1051 1894 1153 1928 pariter
1168 1894 1404 1930 alijtsrtlicendum
1425 1899 1476 1926 est,
1493 1895 1536 1922 tibi
1562 1896 1691 1922 nimirum
1712 1903 1772 1922 eam
1788 1904 1833 1930 pro

1050 1936 1078 1954 se
1094 1932 1181 1963 urget.
1197 1928 1249 1955 Sed
1269 1929 1312 1956 hic
1340 1930 1415 1956 addit
1437 1934 1575 1963 praetcrea.
1592 1935 1698 1957 montes
1715 1928 1832 1957 Garizim

1050 1962 1180 1999 clpebal,
1196 1972 1264 1997 quos
1289 1965 1359 1990 inter
1380 1964 1466 1991 tttedia
1484 1970 1541 1992 erat
1562 1965 1698 1999 Nt-apolis,
1719 1965 1758 1991 ita
1774 1973 1831 1992 esse

1050 1997 1191 2034 sublimes,
1210 2003 1238 2024 ttt
1256 1999 1366 2026 minimc
1382 2000 1435 2033 apti
1454 2007 1514 2026 esse
1530 1997 1678 2034 potuerint,
1693 2005 1721 2026 ut
1737 2001 1783 2034 qui
1800 2001 1830 2026 ad

1049 2032 1157 2068 radices
1168 2038 1226 2059 erat
1251 2034 1367 2068 populus
1382 2032 1553 2068 responderet
1574 2035 1729 2061 hominibus
1744 2032 1790 2061 sex
1806 2035 1831 2061 itt

1047 2067 1149 2104 vertice
1171 2069 1361 2104 clamantibus.
1381 2067 1466 2096 Porro
1483 2077 1543 2096 cum
1575 2070 1690 2104 libe'lus
1708 2070 1753 2096 hic
1773 2069 1831 2104 Epi-

1048 2101 1139 2138 pltanii
1154 2103 1243 2138 media
1268 2104 1318 2129 hac
1347 2104 1405 2138 ipsa
1417 2103 1450 2130 de
1462 2105 1514 2130 situ
1528 2106 1659 2131 montitttn
1676 2101 1832 2131 Garizim'et

1048 2136 1130 2174 Iielntl
1144 2137 1329 2174 disputatione
1339 2136 1457 2170 deﬁciat,
1474 2140 1600 2174 tteliqttet
1615 2140 1723 2173 quidem
1743 2144 1831 2166 tttrum

1049 2171 1078 2197 S.
1096 2171 1195 2198 Doctor
1211 2173 1357 2209 etiamralia
1373 2181 1432 2209 pro
1445 2181 1494 2200 sua
1516 2171 1649 2201 sententia
1664 2175 1832 2209 proposuerit

210 2203 420 2243 cltetnpositum
435 2203 468 2229 de
482 2204 581 2243 templo
598 2211 648 2231 suo
675 2204 892 2243 loquenshqttod.
914 2211 995 2243 super
1011 2204 1034 2231 D
1048 2211 1207 2243 argumenta
1229 2208 1257 2234 in
1285 2208 1320 2243 iis
1336 2203 1396 2242 qua:
1419 2208 1618 2239 desiderantur,
1639 2203 1828 2236 désideranda.

210 2236 331 2264 Gariziin
351 2237 435 2264 fuisse
458 2236 626 2272 exploratum
641 2242 683 2266 est
704 2236 735 2265 ex
749 2237 769 2263 11
789 2237 912 2264 Macltab.
928 2236 998 2264 libro

210 2279 272 2308 cap.
291 2280 328 2308 vt,
353 2272 380 2304 2,
400 2276 427 2299 et
455 2280 488 2300 ex
504 2272 633 2308 Joseplto,
648 2273 739 2307 Antiq.
764 2273 867 2308 lib.7xt,
884 2279 944 2308 cap.
967 2273 994 2304 8,

209 2306 224 2341 ξ
236 2307 263 2340 2,
276 2307 313 2333 ait
322 2315 392 2335 vers.
407 2307 441 2335 20
457 2316 465 2335 :
479 2306 666 2335 Patrcs‘ttostri
676 2308 703 2333 in
713 2312 798 2333 monte
809 2307 857 2334 hoc
869 2307 996 2334 adorare-

210 2346 293 2373 ruul,‘
312 2347 339 2370 et
362 2343 487 2370 Christus
503 2343 644 2377 respondit
659 2342 768 2368 rers.‘2l
795 2351 801 2369 :
832 2342 905 2369 Venit
931 2342 996 2370 ltora

210 2377 314 2413 quando
335 2386 415 2413 neque
426 2379 453 2404 in
471 2383 557 2404 monte
580 2377 638 2409 ltoc,
656 2381 708 2413 etc.
730 2386 736 2404 :
752 2385 783 2403 ex
799 2385 852 2411 quo
869 2378 995 2412 loquendi

210 2412 291 2439 tnodo
309 2411 427 2440 montem
456 2414 482 2439 irt
499 2416 646 2446 conspectu
668 2411 752 2439 fuisse
766 2413 844 2439 l'acile
861 2411 997 2440 est’inlcl-

209 2447 301 2482 Iigere.
319 2448 431 2483 Dentum
443 2447 544 2474 diserte
557 2446 785 2483 etiamrJost-pltus
797 2448 887 2483 Antiq.
898 2448 943 2474 lib.
958 2456 994 2480 tv,

210 2489 270 2522 cap.
287 2482 371 2517 ult.,§
385 2482 430 2513 44,
450 2483 496 2509 lib.
512 2489 540 2524 γ,
565 2490 625 2516 cap.
641 2482 665 2514 I,
682 2482 696 2517 §
715 2484 788 2514 19,et
803 2491 863 2517 cap.
882 2483 906 2513 ’7,
928 2482 942 2544 ᾗ
962 2484 994 2516 2;

210 2516 256 2543 ltb.
273 2525 301 2544 tt.
319 2526 378 2544 can.
409 2516 485 2544 ult..§
502 2520 527 2544 b.
545 2521 571 2542 cl.
589 2517 634 2544 ltb.
649 2525 708 2544 xnt.
726 2526 786 2544 cat).
803 2519 829 2544 9.
853 2517 865 2544 Ε
882 2518 906 2544 I.
941 2519 994 2544 ’I'o-

210 2516 301 2554 libari,
319 2516 378 2554 cap.
409 2516 486 2554 t_tlt.,§
502 2518 571 2554 b‘Lct
589 2516 708 2554 ltbsxtt’t,
726 2526 786 2552 cap.
803 2519 829 2549 9,
853 2517 866 2554 ς
882 2518 906 2545 I.
929 2516 994 2554 Pro-

209 2553 305 2588 copius
321 2552 508 2588 Caesariensis,
520 2551 555 2578 De
572 2552 703 2588 adiﬁciis,
717 2551 782 2585 ctcC,
795 2553 842 2579 lily.
853 2551 878 2583 ἧι,
895 2559 955 2587 cap.
970 2553 994 2584 7,

210 2586 316 2613 nccn'on
345 2586 517 2614 Adricotnius
546 2591 573 2614 et
608 2587 759 2615 Itrorartlus
788 2588 889 2614 oculati
913 2586 996 2614 testes

211 2621 360 2656 §ichimam
387 2620 570 2655 ut'bcmjuxta
596 2621 713 2649 Garizitn
730 2623 849 2656 jacuisse
872 2626 994 2650 narrant.

209 2655 396 2691 Taltnudicos
411 2661 536 2691 auctores
555 2657 624 2683 dttos
644 2665 658 2683 a
678 2655 762 2684 Musio
793 2657 927 2688 laudatos,
950 2658 996 2691 qui

209 2693 318 2726 montes
334 2689 454 2726 Garizittt
467 2696 494 2718 et
507 2691 588 2718 Gebal
600 2692 710 2719 circiter
725 2701 756 2719 ut
774 2692 846 2718 tnitlc
864 2689 994 2726 passuum

209 2723 372 2761 ab_.lordane
385 2725 481 2752 abesse
490 2731 611 2759 uarrattt,
624 2727 666 2754 his
679 2735 824 2754 accensere
835 2723 994 2761 possumus:

209 2759 331 2797 quinituo
342 2759 400 2797 i_ps_c
413 2761 496 2788 etiam
513 2761 693 2797 Hieronymus
706 2763 731 2789 in
745 2759 884 2796 Epiron/tio
904 2761 997 2797 ['tutlw

210 2795 303 2833 multis
318 2795 352 2833 od
374 2794 544 2823 Eustochium
560 2794 714 2832 Itorz'ipsutn
724 2794 855 2833 docuerat
869 2805 874 2823 ς
896 2796 996 2833 '[rutts-

212 2829 256 2857 t'ril
272 2829 386 2864 Stellam,
411 2838 461 2857 non
476 2838 501 2858 ut
517 2829 643 2866 p’m‘iq‘te‘
655 2838 771 2859 errantes
788 2832 874 2866 legunt
890 2830 994 2866 Sic/utr,

1048 2240 1148 2278 yerum
1161 2250 1222 2268 cum
1237 2242 1262 2268 in
1279 2240 1396 2269 I’auorio
1410 2243 1473 2278 illud
1491 2252 1572 2270 unttm
1584 2248 1727 2278 proponat,
1741 2251 1831 2278 nempe

1048 2275 1084 2302 ita
1105 2283 1166 2303 csse
1199 2279 1332 2311 scriptum
1362 2279 1389 2304 in
1413 2275 1677 2309 Deuterononiio,'ct
1703 2278 1749 2305 lib.
1770 2275 1829 2305 Jesu

1047 2311 1130 2347 Nave,
1150 2311 1299 2346 hocipsum
1315 2320 1364 2347 pro
1380 2313 1522 2347 potissimo
1532 2317 1692 2346 argumento
1707 2313 1831 2340 habuisse

1045 2346 1106 2382 jure
1136 2350 1164 2372 et
1183 2348 1279 2374 merito
1307 2346 1443 2382 conjicere
1459 2348 1531 2375 licet.
1554 2347 1607 2375 Sed
1621 2348 1681 2382 ejus
1700 2349 1831 2375 sententia

1048 2381 1135 2407 adhuc
1149 2382 1297 2417 probabilis
1310 2381 1394 2409 videri
1406 2388 1499 2417 posset
1521 2383 1565 2410 ubi
1579 2381 1642 2417 quis
1659 2382 1831 2417 probabiliter

1047 2420 1073 2442 et
1105 2416 1224 2450 lcgitime
1252 2416 1413 2448 tcstarctur,
1436 2417 1504 2445 duos
1527 2416 1632 2444 montes
1657 2416 1788 2447 Garizim.
1803 2422 1827 2444 et

1047 2450 1116 2477 duos
1135 2456 1243 2478 montes
1258 2452 1341 2478 Gebal
1357 2452 1441 2479 fuisse
1456 2453 1482 2479 in
1509 2452 1663 2484 Palaestina,
1681 2456 1747 2479 tunc
1762 2453 1830 2479 enim

1048 2486 1117 2512 alios
1143 2486 1177 2513 ad
1203 2485 1361 2514 Jcricltuuta
1390 2496 1439 2515 suo
1454 2489 1563 2515 notuine
1583 2489 1619 2515 ita
1641 2488 1740 2518 dictos,
1767 2488 1830 2514 alios

1049 2528 1113 2547 vero
1125 2520 1157 2547 ad
1170 2520 1316 2548 Sicltitnalu
1332 2522 1426 2553 fuisse,
1441 2527 1467 2549 et
1486 2522 1526 2549 sic
1541 2523 1775 2549 Satttaritanorutn
1791 2530 1827 2550 er-

1049 2556 1279 2592 rot'eappcllatos,
1298 2565 1473 2585 censeremus
1489 2567 1494 2584 :
1509 2557 1554 2584 scd
1565 2558 1626 2592 quis
1644 2558 1828 2592 unquamrltaee

1051 2590 1182 2617 tradidit?
1199 2590 1268 2623 Quid
1284 2593 1354 2625 quod
1374 2600 1452 2619 mons
1475 2590 1583 2626 quidam
1599 2600 1613 2618 e
1629 2590 1734 2625 regiont
1765 2591 1830 2618 Jeri-

1049 2626 1158 2661 cltuntis
1173 2625 1242 2652 situs
1267 2627 1362 2653 Abaria
1380 2625 1510 2653 diciturra
1525 2627 1642 2661 Joseplto
1654 2628 1701 2654 lib.
1721 2635 1758 2657 tv,
1773 2635 1826 2661 cap.

1048 2660 1074 2691 8,
1096 2660 1175 2695 §45?
1188 2661 1344 2688 Gcrltardus
1362 2661 1494 2688 Mercator
1511 2660 1656 2696 utramque
1671 2660 1828 2689 sententiain

1048 2695 1245 2722 conciliandam
1264 2697 1377 2730 putaiit.
1390 2697 1462 2731 quod
1484 2695 1666 2724 arbitrabatur
1683 2697 1762 2723 facile
1776 2696 1828 2723 licri

1049 2737 1139 2764 posse,
1151 2732 1173 2757 si
1189 2731 1306 2758 Garizitu
1326 2731 1405 2758 fuerit
1421 2736 1523 2759 tractus
1542 2733 1674 2758 tuontitnn
1690 2732 1722 2758 ad
1738 2732 1825 2758 urbem

1051 2765 1099 2791 Ilai
1125 2770 1148 2792 et
1164 2766 1249 2800 ipsam
1265 2774 1373 2800 quoque
1388 2765 1546 2793 Jerichuuta
1565 2771 1696 2794 extensus
1713 2767 1748 2793 ab
1768 2766 1828 2793 urbe

1051 2800 1180 2826 Sicltitua.
1198 2801 1250 2826 Sed
1267 2802 1318 2828 ltoc
1334 2805 1428 2835 utpote
1450 2802 1654 2835 uullolegitituo
1677 2801 1827 2828 testimonio

1050 2835 1255 2870 comprobatum
1289 2836 1367 2863 facile
1402 2836 1531 2874 rein-itur.
1562 2834 1632 2869 Quin
1659 2837 1752 2866 etiam.
1776 2834 1826 2862 lio-
