1929 3038
179 62 233 94 ἲ)γὸ

889 69 918 99 S.
946 70 1117 100 EPIPIIANH

1765 81 1818 110 37G

179 115 358 152 pretationem
375 117 533 146 ediderunt.
551 118 626 149 Binis
650 129 714 149 vero
729 122 800 151 liber
825 131 896 153 unus
914 130 967 152 tra-

1021 127 1126 160 κίσκοις
1139 127 1254 160 ἐκείνοις
1268 128 1300 155 ἐκ
1315 128 1368 155 τῶν
1381 129 1478 164 τοίχων
1494 129 1631 166 ἐπτοίηθεν,
1643 132 1698 158 ἀλλ’
1710 133 1814 162 ᾶνωῆεν

178 164 253 191 ditus
268 163 368 197 fuerat,
378 164 506 193 videlicet
520 166 578 200 pari
594 167 641 194 uni
657 164 891 202 liber'Gcncseos,
909 171 966 205 pari

178 210 257 236 alteri
275 209 386 237 Exodus
410 210 530 238 ﬁliorum
553 210 646 244 Israel,
670 214 753 240 tertio
777 213 925 247 chiticus,
941 219 968 242 et

178 255 274 290 reliqui
299 255 436 283 similiter.
462 255 564 291 Sicque
589 257 730 292 Scriptura
756 259 850 287 tricies
880 261 968 288 sexies

177 307 256 327 versa
273 305 326 329 est.
344 300 413 327 Cum
426 304 516 328 autem
533 302 595 329 libri
612 303 732 331 absoluti
750 303 879 338 fuissent,
898 307 969 334 sedit

177 353 224 372 rex
237 345 265 372 in
284 345 394 373 excelso
407 346 518 379 throno,
529 354 562 375 ac
575 347 693 377 lectores
705 350 818 385 triginta
830 359 876 379 sex
894 352 969 379 humi

166 390 362 417 'ronsederunt
386 389 472 419 libros
492 399 548 426 prae
570 394 697 422 manibus
717 395 848 425 habentes
866 407 872 424 :
887 402 970 433 atque

177 443 233 462 uno
257 435 364 470 legente
386 437 491 464 nullum
508 438 711 473 deprehensum
735 445 777 469 est
807 443 967 471 discrimen.

177 479 205 507 Id
223 487 289 507 vero
304 480 351 508 Dei
372 489 443 516 opus
464 487 535 514 erat,
551 488 580 510 ut
605 485 692 518 palam
723 492 797 514 esset
812 489 890 517 viros
907 490 969 517 illos

177 525 267 552 sancti
298 525 418 561 Spiritus
447 535 562 556 munere
599 530 752 559 instructos
784 533 880 561 fuisse.
918 534 968 561 Ubi

177 571 316 606 quidpiam
343 573 377 600 ab
402 573 457 601 illis
481 574 637 610 ademptum
664 576 763 609 fuerat,
785 579 819 605 ab
841 581 970 608 omnibus

177 617 260 645 simul
276 617 433 653 ademptum
450 619 538 646 fuerat
552 629 558 647 :
576 621 713 656 ademptis
730 623 796 650 nihil
815 631 884 659 opus
899 630 968 658 crat,

177 663 278 691 additis
301 671 393 691 secus.
417 663 492 691 Libri
515 665 607 700 itaque
634 666 672 694 illi
693 667 721 694 in
739 667 860 695 Graecam
885 670 971 698 diale-

177 711 253 734 rtum
280 709 420 741 translati,
436 710 463 736 in
481 710 570 745 prima
586 712 750 741 bibliotheca
765 715 878 749 repositi
895 721 968 743 sunt.

180 753 282 781 Deinde
293 754 374 781 aliam
388 757 544 783 construxit
556 758 761 790 bibliothecam,
774 768 855 794 quam
869 761 970 796 prioris

179 799 259 826 ﬁliam
275 801 419 834 vocabant,
440 802 505 829 olim
523 802 549 830 in
567 802 682 838 Serapio
702 809 900 840 nuncupatam.

1019 173 1050 198 ἐκ
1063 172 1116 198 τῶν
1131 172 1264 207 δωμάτων
1280 174 1454 208 ἀναφωτίδας
1469 174 1518 207 τὰς
1540 175 1710 212 καλουμένας
1725 179 1813 213 ἀνέῳ.

1019 216 1073 250 ξεν.
1089 218 1121 244 Ol
1135 218 1164 244 δὲ
1178 218 1264 250 οὕτως
1288 219 1340 247 ἀπὸ
1360 220 1433 254 πρωῒ
1449 220 1502 252 ἕως
1519 221 1639 257 ἑσπέρας
1657 223 1709 249 ὑπὸ
1722 223 1813 250 κλεῖδα

1019 262 1233 298 συγκλειόμενοι,
1248 263 1334 296 οὕτως
1349 265 1535 300 ἡρμήνευσαν.
1559 267 1677 302 Ἐκάστῃ
1695 267 1723 294 δὲ
1742 267 1810 303 tum

1020 307 1110 342 βίϐλος
1125 308 1174 343 μία
1196 309 1342 343 ἐπεδίδοτο,
1356 310 1394 342 ὡς
1417 312 1505 337 εῑπῖν
1524 312 1540 347 ἡ
1568 311 1658 346 βίϐλος
1673 313 1722 347 τῆς
1735 313 1814 339 Γενέ-

1020 361 1089 384 σεως
1101 354 1151 389 μιᾷ
1166 353 1235 390 ζυγῇ
1248 356 1279 390 ’ἡ
1296 355 1406 387 Ἔξοδος
1420 356 1474 382 τῶν
1484 357 1550 384 υἱῶν
1568 358 1677 392 Ἰσραὴλ
1691 360 1724 393 τῇ
1738 359 1806 394 ἄλλῃ

1020 397 1100 432 ζυγῇ,
1119 398 1261 425 Λευῖτικον
1275 401 1308 434 τῇ
1323 400 1400 435 ἄλλῃ,
1423 401 1470 426 καὶ
1482 401 1516 427 τὰ
1534 400 1613 428 λοιπὰ
1631 402 1748 437 ὁμοίιος·
1766 403 1814 430 καὶ

1019 443 1090 470 οὕτω
1115 444 1263 479 τριάκοντα
1279 446 1327 472 καὶ¹
1351 446 1445 479 ἑξάκις
1466 447 1695 482 ὲρμηνευθεῖσαὴ
1718 449 1813 484 Γραᾷὴ

1020 490 1108 524 ὤφθη.
1127 490 1192 516 Ὅτε
1208 486 1242 517 δὲ
1267 491 1464 527 ἐτελειώθησαν
1481 493 1509 518 αἱ
1532 492 1628 527 βίϐλοι,
1653 493 1781 520 ἐκάθισεν
1799 497 1813 520 ὁ

1022 535 1146 571 βασιλεὺς
1170 536 1216 562 ἐπὶ
1241 536 1337 572 θρόνου
1361 537 1476 572 ὑψηλοῦ,
1506 538 1551 564 καὶ
1571 538 1616 570 λς’
1640 539 1812 572 ἀναγνῶσται

1020 581 1150 608 ἐκάθισαν
1164 581 1353 616 χαμαιζήλως,
1370 582 1478 618 ἔχοντες
1491 584 1540 615 τὰς
1559 584 1667 618 βίϐλους
1678 584 1738 610 καθ’
1751 585 1813 611 ἐαυ-

1020 626 1084 658 τῶν,
1102 626 1149 653 καὶ
1167 626 1400 661 ἀναγινώσκοντος
1416 629 1475 660 ἐνὺς
1490 629 1538 664 οὐχ
1555 629 1655 664 εὑρέθη
1670 629 1810 664 διαφωνία,

1020 671 1088 699 ἀλλὰ
1108 671 1175 699 Θεοῦ
1191 672 1342 707 Θαυμάσιον
1359 673 1439 708 ἔργον
1452 675 1492 705 εἰς
1512 674 1542 700 τὸ
1561 674 1662 708 γνῶναι
1675 675 1714 701 ὅτι
1730 675 1813 700 Πνεῦ-

1022 725 1107 753 ματος
1123 718 1201 752 ἁγίου
1211 717 1290 752 ἔσχον
1301 718 1405 754 δωρεὰν
1417 720 1441 745 οἱ
1452 719 1547 754 ἄνδρες
1561 719 1671 746 ἐκεῖνοι.
1683 720 1770 746 Ὅπου
1784 720 1813 746 δὲ

1021 764 1171 798 ἀφείλοντο,
1187 763 1306 796 ἅπαντες
1319 764 1390 799 ὁμοῦ
1409 764 1560 799 ἀφείλοντο,
1579 764 1625 790 καὶ
1642 761 1679 791 ὧν
1697 765 1746 800 μὲν
1763 765 1813 791 οὐκ

983 807 1003 834 Β
1018 808 1076 835 ἔστι
1091 809 1180 845 χρεία,
1190 805 1227 836 ὧν
1239 809 1268 836 δὲ
1286 809 1461 845 προσέθηκαν
1475 809 1563 846 χρεία.
1581 809 1674 842 Οὕτως
1687 810 1714 836 αἱ
1729 810 1811 845 βίϐλοι

177 848 218 879 el;
233 851 282 883 την
299 848 438 884 Ἑλληνίδα
453 849 591 877 διάλεκτον
616 852 828 888 μεταδληθεῖσαι
852 854 1024 890 ἀπετέθησαν
1041 857 1071 883 ἐν
1084 859 1118 893 τῇ
1138 857 1234 893 πρώτῃ
1260 857 1429 893 βιϐλιοθήκῃ.
1443 858 1498 884 Καὶ
1523 857 1619 893 ἑτέραν
1644 858 1701 892 μετ’
1728 857 1813 892 αὐτὴν

177 893 315 930 θυγατέρα
339 895 426 931 αὐτῆς
449 896 653 933 ἐπικληθεῖσαν,
678 898 782 926 ἄνωθεν
810 901 840 926 ἐν
863 900 901 936 τῷ
922 902 1074 938 Σερααίῳ.

213 953 246 979 Ει
261 952 394 987 praeteriit
413 956 521 988 tempus
535 953 674 983 Ptolemaei
692 960 720 984 et
732 956 897 992 Cleopatrae.
915 957 970 984 An-

175 998 254 1026 nis...
274 1003 426 1034 regnarunt
442 998 562 1035 Lagidze.

210 1042 316 1071 Deinde
330 1048 487 1080 sequuntur
503 1045 620 1073 Romani
637 1047 827 1082 imperatores.

209 1090 352 1126 Augustus
372 1092 453 1120 annis
468 1100 511 1120 LVI
529 1093 674 1127 imperavit
690 1103 696 1120 :
715 1094 794 1128 cujus
812 1101 885 1121 anno
901 1101 970 1128 qua-

175 1137 334 1172 dragesimo
357 1138 481 1166 secundo
505 1137 634 1166 Christus
659 1143 741 1167 natus
764 1144 817 1167 est.
841 1140 970 1167 Tiberius

175 1180 257 1209 mutis
274 1188 342 1208 mn
360 1182 442 1217 :ejus
464 1187 556 1210 autem
578 1190 652 1210 anno
675 1184 782 1211 decimo
799 1189 897 1211 octavo
913 1183 968 1210 Do-

176 1220 269 1254 minus
281 1227 432 1256 cruciﬁxus
446 1232 499 1256 est.
516 1228 540 1255 Δ
553 1236 637 1256 cruce
655 1230 689 1256 ad
703 1229 840 1257 excidium
854 1228 966 1257 Jerusa-

176 1273 227 1299 lem
250 1273 314 1300 anni
344 1281 379 1301 xt.
398 1278 426 1302 et
447 1274 552 1309 aliquot
575 1274 636 1302 dies
656 1275 832 1302 efﬁuxerunt.
854 1275 896 1302 Ah
912 1275 968 1301 Au-

175 1322 257 1352 gusto
272 1326 359 1354 usque
374 1318 408 1346 ad
432 1319 585 1346 Adi-ianum
602 1320 668 1346 anni
690 1324 755 1347 sunt
770 1327 869 1347 cun.
888 1321 967 1348 Anno

175 1369 267 1391 autem
289 1363 453 1392 duodecimo
475 1364 588 1391 Adriani
612 1364 705 1392 ﬂoruit
728 1365 826 1400 Aquila
848 1374 855 1392 :
877 1365 913 1392 ita
937 1369 967 1392 ut

174 1409 209 1436 ab
221 1417 254 1437 eo
267 1413 390 1444 tempore
406 1417 461 1445 quo
475 1417 528 1437 Lxx
555 1409 737 1445 lnterpretum
749 1411 840 1439 versio
855 1416 966 1446 peracta

174 1457 218 1481 est
232 1461 321 1489 usque
337 1454 370 1481 ad
388 1454 516 1489 Aquilam
529 1453 716 1488 interpretem,
730 1461 762 1481 ac
774 1454 965 1481 duodecimum

174 1498 289 1526 Adriani
303 1506 414 1532 annum,
430 1499 494 1526 anni
504 1499 560 1526 sint
569 1506 701 1533 ccccxxx,
716 1507 824 1527 menses
835 1504 964 1535 quatuor,

175 1545 296 1580 demptis
310 1553 408 1572 novem
418 1544 525 1572 diebus.
540 1545 679 1572 Adrianus
687 1553 753 1573 vero
767 1545 965 1581 Jerosolymam

177 1588 328 1624 profectus,
348 1596 411 1616 cum
441 1589 536 1617 urbem
561 1593 718 1618 restaurare
742 1596 864 1626 cuperet,
883 1599 966 1626 supra

177 1638 329 1662 memorato
348 1633 445 1670 Aquila
462 1635 556 1669 gentili
584 1636 696 1671 gentilis
708 1640 735 1664 ct
753 1637 810 1671 ipse
829 1635 897 1664 usus
914 1641 966 1664 est.

176 1675 243 1704 Erat
266 1681 356 1704 autem
382 1678 483 1713 Aquila
507 1686 589 1707 socer
610 1681 786 1716 imperatoris
815 1680 915 1716 Sinope
939 1682 967 1708 in

175 1719 265 1750 Ponto
291 1723 437 1757 oriundus,
466 1732 548 1759 quem
572 1725 807 1762 Jerosolymoruin
837 1728 968 1761 operibus

175 1768 310 1803 pmfecit,
323 1776 356 1797 ac
369 1777 470 1798 nomen
485 1771 626 1806 proprium
643 1771 905 1807 imperatoriamque
920 1781 968 1808 ap-

175 1814 351 1848 pellationem
374 1815 437 1843 urbi
455 1816 566 1849 indidit,
588 1816 745 1853 Eliamque
768 1819 886 1852 vocavit,
902 1820 967 1854 quia

175 1861 234 1896 ipse
245 1861 336 1889 {Elius
350 1861 491 1890 Adrianus
507 1863 709 1897 appellabatur.

210 1908 311 1944 Aquila
333 1908 417 1943 igitur
441 1908 621 1945 Jerosolymis
644 1910 757 1945 degens,
778 1911 966 1946 apostolorum

175 1954 329 1990 discipulos
344 1955 464 1987 videbat,
479 1956 531 1983 ﬁde
545 1955 687 1989 ﬂorentes,
703 1957 782 1991 signa
801 1965 899 1993 magna
919 1966 966 1984 cu-

173 2000 313 2028 rationum
338 2004 366 2028 ct
391 2001 579 2036 prodigiorum
605 2006 751 2036 operantes
778 2002 863 2037 (Pella
891 2005 964 2030 enim

174 2045 280 2074 reversi
304 2050 383 2074 erant
404 2046 615 2083 Jerosolymam,
642 2047 735 2082 ibique
756 2048 901 2083 degebant.
920 2049 965 2076 Si—

174 2091 284 2127 quidem
300 2099 362 2120 cum
387 2093 466 2121 urbis
491 2100 506 2119 a
527 2092 659 2121 Romanis
683 2094 798 2122 instaret
816 2094 965 2128 excidium,

174 2137 271 2164 moniti
288 2137 323 2165 ab
337 2138 435 2172 angelo
454 2145 550 2165 omnes
571 2137 711 2173 discipuli,
732 2143 762 2166 ut
779 2140 813 2166 ab
837 2140 905 2167 urbe
921 2147 965 2167 sc-

175 2181 316 2215 ccdcrent,
336 2181 454 2217 digressi
474 2182 512 2209 illi
530 2181 633 2210 Pellam
651 2190 682 2210 se
698 2188 871 2218 receperunt.
892 2184 966 2219 quod

173 2226 303 2261 oppidum
328 2230 405 2255 trans
429 2226 576 2254 Jordanem
603 2228 686 2256 situm
702 2228 869 2262 est).ltaque
892 2236 968 2255 com-

174 2277 294 2307 punctus
309 2272 394 2300 corde
408 2273 517 2308 Aquila,
532 2273 775 2301 Christianismum
799 2274 942 2308 amplexus
959 2282 966 2300 :

173 2318 323 2354 elapsoque
343 2323 467 2354 tempore
486 2319 590 2347 Christi
609 2319 730 2356 sigillum
745 2320 824 2355 petiit
835 2324 862 2347 et
882 2319 968 2354 impe-

174 2364 257 2391 travit
274 2373 280 2391 :
298 2371 387 2399 neque
407 2369 497 2392 tamen
513 2372 605 2393 mores
621 2365 753 2400 pristinos
773 2365 884 2399 quibus,
902 2365 966 2392 dum

172 2409 285 2444 gentilis
296 2415 380 2442 esset,
398 2409 512 2437 allectus
526 2414 596 2442 erat,
612 2409 737 2437 mulavit.
748 2409 892 2437 Enimvero
904 2417 967 2437 cum

174 2455 202 2481 in
217 2462 286 2482 vana
303 2455 481 2482 astronomiae
495 2459 554 2482 arte
575 2455 720 2482 institutus
736 2459 820 2485 esset,
838 2463 872 2482 ne
889 2455 967 2482 Chri-

175 2500 283 2528 stianus
304 2500 415 2535 quidem
433 2499 559 2534 effectus,
577 2508 593 2528 a
616 2501 663 2528 tali
685 2508 780 2528 errore
799 2501 965 2533 abstinebat,

175 2545 222 2573 sed
243 2545 368 2581 quotidie
391 2545 501 2580 genesis
525 2554 582 2574 sum
605 2547 769 2582 positionem
792 2547 965 2575 observabat.

176 2591 385 2627 increpantibus
406 2600 471 2620 vero
491 2588 632 2628 magistris
647 2598 673 2621 et
689 2594 798 2622 assidue
818 2594 967 2629 objurgan~

173 2637 262 2669 libus,
278 2644 340 2664 cum
356 2637 402 2665 ille
421 2638 602 2673 pervicaciter
621 2647 788 2675 repugnans,
811 2647 844 2669 ac
864 2640 898 2667 de
911 2640 967 2666 fato

172 2683 339 2715 cdissercns,
362 2691 415 2712 non
434 2684 655 2720 obtemperaret:
671 2686 705 2712 ah
721 2686 764 2717 iis,
782 2690 875 2720 utpote
893 2686 968 2712 salu-

175 2733 229 2755 tem
252 2736 391 2764 nunquam
413 2734 627 2764 consecuturus,
650 2731 684 2759 ab
703 2731 826 2759 Ecclesia
845 2732 964 2767 pellitur.

178 2771 225 2801 llle
244 2775 322 2812 quasi
346 2776 496 2813 ignominia
513 2776 636 2813 ail‘ectus,
656 2785 782 2815 vanaque
799 2777 895 2813 pulsus
912 2778 966 2805 ira-

1055 949 1110 977 Ka't
1126 948 1265 986 παρῆλθεν
1282 950 1297 975 ό
1320 949 1416 985 χρόνος
1440 948 1610 985 Πτολεμαίου
1624 949 1670 976 καὶ
1688 949 1813 976 Κλεοπά-

1019 1004 1095 1031 τρας,
1116 996 1179 1024 ἔτ...
1196 995 1406 1023 ὲὸασιλεύσαντο
1420 996 1444 1023 οἱ
1461 995 1553 1030 Λάγου
1576 995 1704 1030 βασιλεῖς.

1056 1039 1122 1068 Εἶτα
1142 1042 1286 1077 Ῥωμαίων
1302 1042 1433 1077 βασιλεῖς.

1057 1087 1211 1121 Αὕγουστος
1223 1087 1269 1123 ἔτη
1290 1091 1332 1120 νς¹
1347 1084 1452 1120 οὗτινος
1469 1087 1508 1123 τῷ
1526 1087 1570 1123 με’
1591 1087 1646 1114 ἔτει
1666 1089 1680 1115 ὁ
1695 1088 1813 1123 Χριστος

1021 1133 1162 1168 ἐγεννήθη.
1185 1133 1310 1168 Τιϐέριος
1327 1133 1374 1168 ἔτη
1399 1137 1451 1168 κγ’,
1469 1131 1500 1160 οὖ
1513 1133 1551 1168 τῷ
1569 1137 1604 1169 ιη’
1616 1133 1670 1160 ἔτει
1687 1134 1813 1168 ὸΚὺριος

1019 1177 1189 1213 ἐσταυρώθη.
1214 1178 1280 1204 Ἀπὸ
1297 1178 1343 1205 τοῦ
1365 1178 1483 1214 σταυροῦ
1505 1178 1558 1210 ἓως
1574 1179 1623 1214 τῆς
1645 1179 1811 1215 ἐρημώσεως

1023 1223 1201 1260 Ἰερουσαλὴμ
1222 1223 1268 1259 ἔτη
1287 1228 1313 1259 μ’
1329 1224 1376 1250 καὶ
1391 1225 1498 1260 ἡμέρας
1514 1225 1599 1256 τινάς.
1619 1225 1684 1251 Ἀπὸ
1704 1225 1809 1258 Αὐγού-

1020 1279 1082 1297 στου
1096 1270 1149 1301 Eo);
1169 1269 1307 1305 Ἀδριανοῦ
1324 1270 1371 1306 ἐτη
1388 1273 1442 1306 ρπ’.
1457 1269 1491 1305 ιβ’
1505 1270 1559 1297 ἔτει
1579 1270 1715 1306 Ἀδριανοῦ
1736 1270 1812 1298 ’Λκὺι

1018 1316 1067 1347 λας
1082 1315 1260 1351 ἐγνωρίζετο·
1279 1316 1349 1343 ὥστε
1368 1314 1438 1343 εῖναι
1463 1316 1518 1344 ἀπὸ
1540 1316 1636 1352 χρόνου
1655 1317 1705 1352 τῆς
1722 1317 1809 1352 ἐρμη‹

1018 1362 1092 1394 νείας
1109 1362 1164 1389 τῶν
1189 1362 1227 1396 οβ’
1244 1362 1296 1394 ἕως
1315 1362 1415 1389 Ἀκύλα
1440 1362 1487 1389 τοῦ
1512 1362 1691 1398 ἐρμηνευτοῦ,
1715 1363 1762 1390 καὶ
1777 1363 1811 1397 ιβ’

1017 1405 1094 1438 ἔτους
1115 1406 1265 1442 Ἀδριανοῦ,
1286 1406 1332 1442 ἐτη
1351 1407 1399 1439 υλ’,
1425 1407 1513 1442 μῆνας
1527 1407 1546 1433 δ’
1561 1408 1628 1443 παρ’
1650 1407 1758 1442 ἡμέρας
1777 1407 1810 1434 θ’.

981 1466 1002 1495 C
1021 1449 1104 1484 Οὗτος
1123 1453 1137 1479 ὁ
1152 1453 1292 1488 Ἀδριανὸς
1307 1452 1427 1479 ἀνελθὼν
1441 1454 1480 1485 εἰς
1498 1453 1673 1489 Ἰεροσόλυμα
1686 1453 1733 1479 καὶ
1752 1453 1812 1487 βου-

1019 1497 1132 1533 λόμενος
1145 1498 1230 1533 αὐτὴν
1242 1497 1345 1530 κτίσαι,
1360 1497 1451 1525 λαϐὼν
1463 1497 1508 1524 τὸν
1520 1498 1719 1534 προειρημένον
1731 1498 1812 1524 Ὰκύ-

1018 1544 1068 1570 λαν
1090 1543 1154 1570 ὄντα
1170 1543 1302 1579 Ἕλληνα,
1319 1544 1356 1575 ὡς
1371 1544 1417 1571 καὶ
1442 1544 1523 1575 αὐτὸς
1554 1544 1693 1580 Ἀδριανὸς
1711 1544 1812 1580 Ἕλλην

1019 1588 1150 1624 ὑπῆρξεν.
1167 1587 1220 1616 ἿΙν
1233 1589 1261 1616 δὲ
1285 1589 1366 1621 αὐτὸς
1383 1590 1396 1616 ὸ
1410 1590 1526 1619 ’Δκύλας
1542 1590 1587 1617 τοῦ
1609 1591 1656 1625 μὲν
1680 1590 1812 1626 βασιλέως

1019 1634 1187 1669 πενθερίδης,
1207 1635 1261 1661 ἀπὸ
1275 1634 1402 1671 Σινώπης
1416 1635 1443 1662 δὲ
1461 1635 1507 1662 τοῦ
1522 1635 1624 1662 Πόντου
1637 1635 1809 1671 ὁρμώμενος,

1019 1681 1178 1716 καθίστησιν
1192 1681 1274 1708 αὑτὸν
1284 1682 1374 1708 ἐκεῖσε
1391 1683 1420 1708 ὲν
1440 1682 1636 1717 Ἱεροσολύμοις
1653 1683 1811 1708 ἐπιστατεῖν

1018 1727 1074 1758 τοῖς
1089 1726 1190 1762 ἔργοις,
1204 1726 1382 1758 ἐπιτεθεικὼς
1397 1728 1429 1762 τῇ
1445 1727 1519 1754 πόλει
1532 1727 1562 1754 τὸ
1574 1728 1638 1754 ἴδιον
1652 1727 1748 1763 ὅνομα,
1764 1727 1812 1753 καὶ

1018 1772 1065 1798 τοῦ
1090 1772 1231 1808 βασιλικοῦ
1257 1772 1388 1808 ὀνόματος
1413 1773 1455 1799 τὺν
1475 1773 1732 1808 χρηματισμόν·ὼς
1757 1772 1811 1807 γὰρ

1019 1817 1204 1853 ἐχρημάτιζεν
1229 1818 1321 1850 Αἴλιος
1344 1818 1500 1854 Ἀδριανὸς,
1526 1818 1613 1850 οὕτως
1635 1819 1813 1854 ἐπωνόμασεν

1019 1864 1114 1891 Αἰλίαν
1128 1864 1178 1899 τὴν
1191 1863 1279 1892 πόλιν.

1059 1911 1089 1937 '0
1113 1911 1202 1937 τοίνυν
1223 1911 1339 1942 Ἀκύλας
1359 1911 1459 1945 διάγων
1481 1911 1510 1937 ἐν
1531 1910 1740 1947 Ἰεροσολύμοις,
1763 1910 1812 1937 καὶ

1019 1955 1089 1989 ὁρῶν
1112 1955 1176 1986 τοὺς
1193 1955 1318 1990 μαθητὰς
1341 1955 1396 1981 τῶν
1419 1955 1585 1987 ἀποστόλων,
1607 1954 1756 1986 ἀνθοῦντας
1776 1956 1810 1990 τῇ

1019 2001 1120 2032 πίστει,
1135 2001 1183 2027 καὶ
1197 2002 1298 2036 σημεῖα
1313 2001 1418 2036 μεγάλα
1434 2001 1633 2036 ἐργαζομένους
1653 2000 1754 2028 ἰάσεων
1762 2001 1810 2028 καὶ

1019 2046 1166 2080 θαυμάτων
1177 2043 1257 2081 (ἦσαν
1272 2046 1327 2081 γὰρ
1343 2046 1562 2081 ὑποστρέψαντες
1576 2046 1629 2072 ἀπὸ
1644 2046 1750 2081 Πέλλης
1761 2047 1811 2081 τῆς

1020 2091 1124 2123 πόλεως
1137 2092 1178 2123 εἰς
1197 2091 1282 2126 αὐτὴν
1294 2091 1344 2126 τὴν
1363 2091 1551 2126 Ἰερουσαλὴμ,
1568 2091 1615 2118 κα)⁸
1632 2092 1661 2117 ἐν
1673 2092 1742 2126 αὐτῇ
1754 2092 1813 2118 5.0L-

984 2136 1003 2162 D
1019 2139 1167 2174 τρίϐοντες.
1189 2138 1286 2164 Ἦνίκα
1307 2136 1362 2172 γὰρ
1384 2137 1500 2172 ἧμελλεν
1517 2138 1533 2172 ἡ
1555 2137 1631 2168 πόλις
1651 2136 1800 2163 ἁλίσκεσοα

1017 2185 1070 2211 ὑπὸ
1079 2185 1133 2211 τῶν
1153 2183 1295 2218 Ῥωμαίων
1307 2183 1354 2210 καὶ
1365 2182 1544 2218 ἐρημοῦσθαι,
1559 2182 1812 2218 προεχρηματῐσοη-

1019 2239 1068 2257 σαν
1088 2229 1141 2256 ὑπὸ
1159 2229 1275 2263 ἀγγέλου
1296 2229 1397 2260 πάντες
1412 2229 1435 2254 οἱ
1454 2227 1574 2263 μαθηταὶ
1595 2228 1760 2263 μεταστῆναι
1779 2228 1811 2254 ἐκ

1018 2276 1069 2310 τῆς
1088 2275 1202 2306 πόλεως,
1224 2275 1322 2306 οἵτινες
1344 2275 1510 2310 μετανάσται
1531 2273 1681 2309 γενόμενοι,
1698 2273 1811 2309 ᾤκησαν

1018 2322 1047 2347 ἐν
1062 2321 1151 2357 Πέλλα
1163 2322 1194 2357 τῇ
1212 2321 1288 2348 πόλει
1302 2320 1389 2355 πέραν
1401 2320 1449 2346 τοῦ
1467 2320 1621 2356 Ἰορδάνου),
1637 2321 1651 2346 ό
1663 2317 1710 2347 οὖν
1730 2319 1811 2346 Ἀκύ-

1018 2366 1067 2399 λας
1089 2368 1252 2401 κατανυγεὶς
1269 2367 1319 2402 τὴν
1337 2366 1458 2394 διάνοιαν
1469 2365 1509 2401 τῷ
1528 2365 1736 2402 Χριστιανισμῷ
1751 2365 1811 2392 ἐπὶ·

1020 2420 1132 2439 στευσε*
1147 2413 1195 2439 καὶ
1223 2413 1293 2447 μετὰ
1320 2412 1416 2447 χρόνον
1438 2412 1554 2447 αἰτήσας
1573 2411 1622 2446 τὴν
1649 2411 1679 2438 ὲν
1700 2410 1811 2446 Χριστῷ

1019 2458 1163 2492 σφραγῖδα,
1171 2457 1331 2492 ἐκομίσατο·
1339 2458 1392 2484 ἀπὸ
1402 2457 1430 2484 δὲ
1443 2457 1492 2491 τῆς
1500 2456 1613 2492 πρώτης
1624 2455 1705 2484 αὑτοῦ
1716 2457 1809 2489 ἕξεως,

1018 2504 1063 2530 ὅτε
1079 2503 1114 2530 τὰ
1132 2503 1266 2538 Ἐλλήνων
1278 2504 1397 2539 ἐφρόνει,
1408 2503 1439 2530 οὐ
1456 2503 1600 2539 μετέπεσε.
1615 2503 1671 2538 Τὴν
1689 2503 1745 2538 γὰρ
1763 2510 1811 2537 μα-

1018 2549 1097 2576 ταίαν
1113 2549 1294 2584 ἀττρονομίαν
1312 2549 1434 2586 ἀκριὸὦς
1451 2548 1623 2575 ἐπαιδεύετο·
1640 2548 1670 2579 ὃς
1683 2548 1731 2575 καὶ
1744 2548 1811 2583 Χρι-

1020 2592 1127 2624 στιανὸς
1151 2593 1296 2628 γενόμενος
1321 2593 1376 2619 ἀπὸ
1402 2592 1453 2627 τῆς
1480 2591 1606 2627 τοιαύτης
1635 2591 1739 2626 πλάνης
1761 2591 1810 2618 οὐκ

1019 2639 1161 2673 ἀπείχετο·
1177 2639 1244 2665 ἀλλὰ
1265 2638 1326 2665 καθ’
1339 2638 1459 2672 ἑκάστην
1476 2638 1594 2673 ἡμέραν,
1610 2637 1648 2669 ὡς
1662 2637 1744 2672 δῆθεν
1759 2635 1807 2664 τοῦ

1020 2684 1102 2711 αὐτοῦ
1125 2684 1287 2718 γενεσειδίου
1311 2684 1342 2710 τὸ
1368 2683 1439 2719 θέμα
1457 2683 1668 2710 κατεσκέπτετο.
1693 2682 1760 2709 Ἀπὸ
1778 2681 1808 2708 δὲ

1019 2731 1072 2756 τῶν
1085 2729 1252 2757 διδασκάλων
1267 2729 1408 2765 ἠλέγχετο,
1423 2729 1520 2760 οἵτινες
1538 2729 1717 2763 ἐπιτιμῶντες
1734 2726 1806 2760 αὐτῷ

1019 2776 1077 2804 καθ’
1087 2776 1286 2814 εκάστην-οὐδὲν
1294 2776 1379 2805 divo-av
1386 2784 1392 2792 ι
1406 2776 1462 2804 ἀλλ’
1471 2775 1597 2810 ἀντέλεγε
1605 2783 1638 2802 πε
1642 2774 1668 2810 pi
1676 2775 1699 2801 εἱ
1703 2771 1808 2812 μαρμέτ
