1929 3038
53 105 110 137 371

631 107 674 134 DE
695 107 765 135 LXX
788 107 949 135 INTERPB.
972 106 1084 134 LIBER.

1650 112 1707 140 578

55 173 108 199 νης
119 163 300 200 διηγούμενος
309 172 316 179 θ
332 165 357 191 ot
367 164 406 196 δὲ,
422 164 459 200 μὴ
473 164 620 201 δυναμένου
634 166 714 194 αὑτοῦ
728 167 854 203 σωθῆναι,

911 167 1027 199 cundia,
1051 167 1293 198 Christianismum
1315 167 1425 203 ejurat.
1451 173 1618 204 acceptaque
1641 169 1698 196 cir-

58 211 180 242 έξέωσαν
197 210 280 237 αὑτὸν
297 211 349 245 τῆς
371 210 543 246 Ἑκκλησίας.
567 212 596 238 '0
619 212 647 239 δὲ
663 212 698 244 ὡς
714 213 855 248 ἠτιμωμέ-

58 265 106 288 νος
119 257 159 288 είς
175 256 258 291 ζῆλον
276 256 390 291 μάταιον
403 257 510 292 αἴρεται
525 257 571 283 καὶ
585 257 630 284 τὸν
644 258 856 293 Χιριστιανισμὸν

59 301 276 336 ἀναθεματίσας,
293 302 485 337 περιτέμνεται
505 302 640 335 Ἰουδαῖος,
659 304 706 330 καὶ
721 304 856 336 ἐπιπόνως

60 347 324 381 φιλοτιμησάμενος,
348 347 478 379 ἐξέδωκεν
503 348 599 374 ἑαυτὸν
624 348 720 384 μαθεξν
737 349 790 384 τὴν
802 349 856 376 τῶν

66 390 202 425 Ἐϐραίων
217 391 370 425 διάλεκτον,
394 392 442 418 καὶ
463 392 498 418 τὰ
513 391 583 418 αὐτὰ
608 395 737 428 στοιχεῖα,
754 393 856 428 ταύτην

59 436 88 462 δὲ
103 436 292 471 ἀκριϐέστατα
311 437 475 469 παιδευθεὶς,
495 438 644 473 ἑρμηνείαν
658 439 746 474 ἑαυτῷ
766 440 857 475 ἡρμή-

65 489 172 508 νευσενο
186 483 238 509 οὐκ
261 482 334 518 ὀρθῷ
354 483 477 518 λογισμῷ
495 484 680 519 χρησάμενος,
702 485 760 511 ἀλλ’
782 486 856 517 ὅπως

62 528 214 564 διαστρέψῃ
240 528 302 556 τινὰ
326 529 380 555 τῶν
401 529 489 564 ῥητῶν
509 531 537 556 ὲν
556 530 655 565 σκήψει
675 531 725 565 τῆς
745 531 799 557 τῶν
817 531 855 566 οβ’

63 573 250 607 ὲρμηνευτῶν,
260 574 303 600 ἵνα
313 573 376 610 δόξῃ
389 575 422 601 τὰ
431 575 618 610 περὶΧριστοῦ
626 577 684 607 ταῖς
696 575 780 608 θείαις
791 577 856 613 Γρα-

64 618 128 650 φαῖς
151 619 390 654 μεμαρτυρημένα
415 619 502 650 ἄλλως
525 620 658 653 ἐκδοῦναι,
674 621 706 648 δι’
723 622 756 657 ἢν
784 619 857 657 εἶχεν

64 662 131 688 αἰδῶ
145 664 185 694 είς
197 662 296 697 ἄλογον
310 664 392 690 αὐτοῦ
408 664 566 698 ἀπολογίαν.

99 709 155 734 Καὶ
170 709 277 742 γίνεται
294 709 364 747 αὕτη
378 710 394 745 ή
412 711 545 745 ἑρμηνεία
560 711 605 737 τοῦ
628 711 727 738 Ἀκὺλα
743 712 856 747 δευτέρα

66 754 135 788 μετὰ
147 753 276 781 τοσοῦτον
290 755 395 790 χρόνον,
409 756 492 790 ἦγουν
505 756 542 782 υλ¹
554 756 612 792 ἐτη.
631 758 710 784 Μετὰ
727 758 755 784 δὲ
770 758 857 784 ταῦτα

65 801 93 826 ὲν
108 802 167 831 τοῖς
180 801 288 837 χρόνοις
306 802 429 837 Κομόὸου
449 802 570 838 Σευήρου
584 803 731 839 Σύμμαχός
748 813 789 836 τις
806 804 857 830 Σα-

66 845 198 881 μαρείτης
213 847 269 877 τοῖς
281 847 345 882 παρ’
359 846 449 873 αὐτῶν
468 849 560 882 σοφοῖς
580 849 654 884 (sic),
673 838 711 884 μὴ
732 849 857 884 τμηθεὶς
873 838 894 865 Β

65 891 118 917 ὑπὸ
132 891 180 918 τοῦ
206 891 272 918 ἰδίου
294 892 397 925 ἔθνους,
413 894 530 928 νοσήσας
549 894 706 929 φιλαρχίαν,
722 895 768 921 καὶ
786 896 856 929 ἀγα-

65 938 204 972 νακτήσας
225 937 298 964 κατὰ
315 938 365 972 τῆς
385 938 454 970 ἰδίας
473 939 569 974 φυλῆς,
593 940 774 976 προσέρχεται
792 941 857 967 Ἰου-

64 981 149 1014 διίοις
164 982 211 1009 καὶ
227 983 434 1019 προσηλυτεύει,
453 985 501 1011 καὶ
517 985 712 1021 περιτέμνεται
729 986 858 1022 δευτέραν

65 1028 226 1063 περιτομήν.
251 1028 330 1055 Ὅσοι
355 1028 409 1064 γὰρ
431 1028 486 1056 ἀπὸ
511 1029 646 1056 Ἰουδαίων
673 1030 857 1066 Σαμαρείταις

64 1072 284 1108 προσφεύγουσιν-
303 1074 592 1110 ἁντιπεριτέμνονται·
617 1075 749 1108 ὡσαύτως
769 1077 817 1103 καὶ
832 1077 856 1103 οί

64 1118 117 1144 ἀπὸ
141 1118 322 1154 Σαμαρειτῶν
346 1120 414 1154 πρὸς
439 1121 583 1152 Ἰουδαίους
606 1121 757 1157 ἐρχόμενοι.
777 1122 857 1149 Ἀλλὰ

65 1164 111 1190 κιὶ
121 1164 176 1190 ἀπὸ
183 1164 235 1200 τῆς
245 1166 396 1201 περιτομῆς
408 1165 571 1202 ἁκρόδυστοι
581 1167 701 1201 ἐγίνοντό
711 1176 762 1194 τινι
774 1167 857 1204 τέχνῃ

67 1210 175 1245 ἰατρικῇ
187 1210 231 1237 διὰ
247 1211 337 1246 ραφῆς
349 1211 397 1238 καὶ
412 1211 575 1247 φαρμάκων,
585 1212 676 1245 καθὼς
689 1213 735 1239 καὶ
746 1214 760 1240 ὁ
777 1213 857 1239 ’Λπό-

67 1255 157 1288 στολος
176 1256 260 1291 λέγει·
277 1258 529 1292 Περιτετμημένος
542 1267 587 1291 τις
598 1258 722 1292 ἐκλήθη,
734 1258 776 1293 μὴ
792 1259 856 1285 ἐπι-

65 1301 208 1329 σπάσθω·
226 1303 262 1330 ἐν
282 1303 468 1338 ἀκροϐυστίᾳ
485 1313 531 1337 τις
552 1305 691 1340 ὑπάρχει,
708 1305 751 1339 μὴ
775 1312 858 1340 περι-

66 1347 225 1381 τεμνέσθω.
236 1348 305 1374 Φασὶ
315 1348 342 1374 δὲ
352 1348 401 1384 τὴν
411 1347 541 1384 τοιαύτην
554 1349 737 1384 κακοδαίμονα
752 1348 856 1386 πλάνην

66 1393 170 1428 πρῶτον
189 1393 236 1420 τὸν
257 1393 343 1421 ἸΙσαῦ
363 1394 522 1430 εὑρηκέναι.
540 1391 625 1426 υῦτος
644 1395 733 1421 τοίνυν
748 1396 762 1422 ὸ
781 1396 855 1431 Σύμη

68 1446 150 1472 μαχος
171 1439 241 1474 πρὸς
262 1439 427 1475 διαστροφὴν
443 1440 498 1468 τῶν
514 1440 590 1476 παρὰ
608 1440 793 1476 Σαμαρείταις
811 1442 856 1476 ἐρ-

68 1484 206 1531 μηνευτῶν
222 1485 404 1521 ἑρμηνεύσας,
435 1485 485 1522 τὴν
497 1487 593 1523 τρίτην
610 1486 740 1520 ἐξέδωκεν
756 1488 852 1524 ἐρμη-
867 1503 888 1531 C

67 1529 148 1557 νείαν.

98 1618 176 1645 Μετὰ
184 1618 279 1646 τοῦτον
291 1619 362 1646 κατὰ
374 1619 457 1652 πόδας
469 1620 515 1647 ἐπὶ
528 1620 651 1656 Κομὸδου
665 1621 796 1657 βασιλέως
806 1621 853 1649 τοῦ

66 1663 190 1699 δευτέρου
212 1664 358 1691 Θεοδοτίων
371 1673 414 1697 τις
437 1666 566 1697 Ποντικὸς
588 1666 642 1693 ἀπὸ
655 1667 705 1702 τῆς
728 1667 854 1703 διαδοχῆς

68 1709 227 1744 Μαρκίωνος
247 1709 294 1736 τοῦ
311 1711 498 1747 αίρεσιάρχου,
515 1710 562 1738 τοῦ
577 1711 630 1738 ἀπὸ
644 1712 729 1748 αὐτῆς
751 1713 800 1749 τῆς
811 1714 855 1740 Σιο

67 1752 157 1789 νώπης
175 1753 345 1789 ὁρμώμενος,
358 1754 406 1781 καὶ
422 1754 503 1786 αὐτὸς
517 1755 621 1791 μηνιῶν
633 1757 667 1791 τῇ
683 1757 764 1784 αὐτοῦ
780 1758 854 1793 αἰρέ-

69 1808 116 1831 σει,
133 1801 173 1832 εἰς
194 1800 360 1835 Ἰουδαϊσμδν
371 1800 464 1832 κλίνας
477 1801 524 1828 καὶ
540 1803 729 1838 περιτμηοεὶς,
744 1803 790 1829 καὶ
805 1803 854 1839 τὴν

68 1844 118 1871 τῶν
134 1844 268 1880 Ἑϐραίων
283 1845 373 1881 φωνὴν
387 1845 433 1872 καὶ
451 1846 485 1872 τὰ
497 1845 586 1873 αὐτῶν
601 1848 721 1882 στοιχεῖα
741 1848 853 1875 παιδευ-

69 1890 130 1922 θεὶς,
153 1889 245 1922 ίδικῶς
256 1882 303 1918 καί
316 1891 396 1923 αὐτὸς
417 1891 542 1924 ἐξέδωκε.
557 1892 602 1919 Διὸ
619 1893 653 1920 τὰ
669 1893 784 1920 πλεῖστα
799 1894 853 1920 τῶν

69 1935 103 1969 οβ’
119 1936 287 1972 συνᾳδόντων
310 1936 434 1970 ἐξέδωκε,
454 1938 549 1973 τριΰὰς
565 1937 619 1972 γὰρ
637 1937 718 1970 αὐτὸς
732 1936 789 1973 εἶχε
805 1939 853 1971 τὶς

70 1981 195 2013 πλείστας
210 1982 264 2008 ἀπὸ
279 1982 327 2016 τῆς
343 1982 486 2018 συνηθείας
497 1984 550 2009 τῶν
565 1984 604 2018 οβ’
615 1983 799 2020 ὲρμηνευτῶν.

101 2027 168 2062 Περὶ
183 2027 213 2054 δὲ
227 2027 277 2062 τῆς
291 2031 310 2054 ε’
327 2027 373 2054 καλ
389 2032 414 2060 ς’
428 2028 558 2059 ἐκδόσεως
571 2029 620 2056 οὐκ
636 2029 689 2064 ἔχω
704 2030 791 2056 εἰπεῖν
805 2029 853 2055 πύ-

70 2071 121 2104 οεν,
138 2072 155 2108 ἦ
168 2072 240 2104 τίνες
250 2073 276 2099 οἱ
293 2073 526 2109 ἐρμηνεύσαντες·
540 2074 556 2108 ἦ
574 2074 652 2109 μόνον
670 2075 710 2101 ὃτι
727 2074 796 2110 μετὰ
809 2074 855 2101 τὸν

69 2116 183 2154 διωγμὸν
200 2119 247 2145 τοῦ
263 2119 394 2153 βασιλέως
408 2120 538 2155 Σευήρου,
550 2120 649 2155 εὑρέθη
661 2121 676 2155 ὴ
692 2124 711 2147 ε’
725 2122 754 2147 ὲν
766 2120 855 2152 πίθοις

907 212 1087 244 cumcisioue,
1110 212 1222 240 Judmus
1241 213 1368 241 efﬁcitur.
1388 212 1457 241 Tum
1477 215 1523 242 illc
1542 215 1694 243 vehementi

907 258 999 285 studio
1012 258 1146 292 percitus,
1161 253 1300 285 Hebraiczc
1316 259 1414 293 lingua:
1424 259 1539 294 ejusque
1553 261 1697 288 elementis

907 303 1081 332 addiscendis
1096 308 1182 331 totum
1198 312 1227 332 se
1242 304 1355 336 dedidit,
1373 305 1452 338 cujus
1464 305 1610 339 perfectam
1630 306 1697 333 ade-

907 351 970 382 ptus
986 349 1122 381 notitiam,
1137 349 1391 384 interpretationem
1406 357 1439 377 ex
1454 350 1551 377 affectu
1567 358 1617 377 suo
1627 359 1695 377 con-

908 394 1038 426 cinnavit,
1063 401 1116 421 non
1141 399 1216 422 recto
1233 395 1326 422 animo
1345 403 1429 428 usus;
1447 395 1494 422 sed
1520 399 1550 422 ut
1571 395 1694 429 quadam

908 439 1058 474 Scriptura)
1083 441 1158 468 dicta
1180 445 1279 476 praeter
1302 449 1352 468 [ιη
1371 441 1552 476 lnlcrpretum
1575 445 1694 467 mentem

907 485 941 512 ad
963 486 1046 513 alium
1072 494 1185 514 sensum
1206 487 1398 522 detorqueret;
1425 491 1454 513 ιιι
1480 487 1635 514 testimonia
1663 486 1697 514 de

907 530 1018 558 Christo
1037 531 1063 558 in
1088 531 1189 559 divinis
1206 531 1357 567 Scripturis
1372 539 1504 567 expressa
1525 532 1580 558 alio
1610 531 1695 559 delle-

906 581 1004 610 cteret,
1024 582 1051 605 et
1073 578 1124 605 sibi
1144 578 1355 614 ignominiaeque
1366 585 1423 605 sum
1437 577 1585 605 absurdam
1601 577 1696 612 apolo—

906 622 978 656 giam
994 626 1114 656 pararet.

943 709 1005 737 llaec
1017 717 1100 745 porro
1111 710 1218 745 Aquilae
1226 710 1425 745 interpretatio,
1437 718 1498 746 qua:
1509 714 1552 738 est
1563 710 1695 742 secunda,

907 759 969 789 post
1001 759 1181 782 memoratum
1222 759 1349 790 tempus,
1379 756 1595 791 quadringentos
1619 755 1695 782 vidc-

907 800 972 827 licet
987 806 1015 828 et
1029 801 1140 835 triginta
1157 808 1256 834 annos,
1276 802 1350 829 edita
1365 806 1417 830 est.
1435 802 1534 829 Postea
1547 809 1612 830 vero
1625 806 1695 829 tem-

908 846 1021 880 poribus
1037 845 1180 875 Commodi
1197 846 1302 880 Severi,
1321 846 1504 882 Symmachus
1516 847 1626 882 quidam
1643 847 1695 874 Sa-

907 891 1076 924 maritanus,
1102 899 1117 919 e
1141 899 1256 919 numero
1285 892 1440 926 sapientum
1464 892 1538 919 illius
1563 891 1695 923 nationis.

907 942 969 962 cum
986 935 1057 970 apud
1077 941 1186 971 gentem
1206 943 1284 964 suam
1298 936 1326 963 in
1343 935 1447 964 honore
1462 943 1516 964 non
1531 937 1695 970 haberetur,

906 981 1067 1008 ambitionis
1082 985 1110 1008 et
1134 981 1256 1009 affectati
1282 981 1418 1016 primatus
1437 981 1533 1009 morbo
1555 982 1695 1014 laborans,

907 1027 1114 1055 contribulibus
1126 1027 1284 1062 indignatus
1297 1028 1366 1060 suis,
1379 1028 1412 1055 ad
1423 1026 1531 1054 Judaaos
1542 1029 1697 1063 proselytus

907 1072 1025 1104 accedit,
1043 1080 1075 1100 ac
1093 1073 1216 1100 secundo
1234 1073 1453 1100 circumciditur.
1470 1072 1609 1107 Quotquot
1621 1074 1695 1101 enim

906 1123 922 1143 a
941 1116 1044 1144 Judaeis
1065 1117 1098 1144 ad
1124 1117 1314 1145 Samaritanos
1333 1117 1514 1153 confugiunt.
1530 1117 1621 1145 denuo
1641 1118 1696 1145 cir-

906 1163 1112 1196 cumciduntur,
1137 1163 1321 1199 similiterque
1340 1164 1387 1198 qui
1414 1171 1430 1190 a
1455 1162 1637 1191 Samaritanis
1661 1163 1696 1190 ad

905 1207 1097 1244 Jttda-os..ln:o
1112 1209 1194 1237 etiam
1210 1210 1369 1245 hujusmodi
1391 1210 1541 1245 transfugae
1558 1213 1622 1244 post
1639 1210 1695 1237 cir-

906 1254 1104 1282 cumcisionem
1117 1275 1125 1287 ,
1140 1254 1257 1290 quadam
1280 1255 1385 1282 medica
1407 1259 1466 1283 arte
1486 1263 1534 1290 per
1553 1259 1689 1287 suturam,

905 1303 932 1327 et
961 1299 1050 1334 aliqua
1066 1300 1185 1328 remedia
1200 1300 1352 1335 praeputiati
1374 1300 1573 1332 eiliciehantur,
1596 1308 1694 1336 quem-

905 1344 1051 1372 admodum
1075 1345 1114 1372 ait
1134 1346 1281 1380 Apostolus
1306 1357 1311 1374 :
1328 1346 1510 1373 Circumcisus
1527 1347 1625 1381 aliquis
1647 1355 1694 1374 υο-

905 1396 980 1418 catus
995 1392 1054 1418 est?
1066 1400 1117 1418 non
1132 1392 1248 1419 adducat
1260 1393 1420 1427 prwputium
1436 1400 1445 1419 :
1461 1393 1488 1419 in
1501 1393 1631 1427 prteputio
1642 1392 1697 1420 ali-

905 1436 964 1471 quis
981 1437 1039 1464 est?
1055 1444 1106 1462 non
1135 1436 1341 1464 circumsidetur
1359 1437 1378 1464 ¹.
1400 1437 1520 1464 Narrant
1537 1440 1627 1464 autem
1645 1444 1695 1464 ne-

906 1480 1019 1509 fandum
1049 1481 1210 1517 ltujusmodi
1239 1490 1360 1510 errorem
1391 1483 1426 1510 ab
1454 1482 1526 1510 Esau
1555 1483 1696 1509 inventum

907 1527 1002 1556 fuisse.
1028 1526 1113 1563 Igitur
1136 1527 1319 1562 Symmachus
1344 1533 1373 1555 ut
1397 1528 1633 1555 Samaritanorum
1649 1527 1696 1555 ln-

906 1576 1043 1608 terpretes
1058 1578 1206 1607 everteret,
1227 1575 1336 1601 tertiam
1352 1574 1439 1602 edidit
1454 1574 1674 1601 translationem.

941 1616 1006 1644 Post
1022 1617 1096 1645 httne
1113 1618 1223 1645 modico
1236 1618 1330 1653 elapso
1342 1622 1466 1654 tempore
1481 1618 1533 1646 sub
1543 1617 1696 1644 Commodo

904 1663 1030 1690 secundo
1046 1663 1223 1698 imperatore,
1242 1664 1394 1692 Thcodotio
1417 1664 1528 1699 quidam
1552 1663 1694 1696 Ponticus,

904 1715 936 1735 ex
954 1709 1132 1736 successione
1147 1709 1297 1738 Marcionis
1314 1709 1506 1737 ltaaresiarchce
1522 1709 1695 1745 Sinopensis.

905 1760 968 1780 cum
986 1754 1082 1781 hmresi
1099 1762 1155 1781 sua:
1172 1758 1359 1788 succenseret,
1377 1754 1411 1782 ad
1425 1754 1535 1782 Iudaeos
1554 1754 1654 1782 defecit
1668 1758 1695 1782 ct

905 1800 1087 1828 circumcisus
1111 1804 1153 1827 est
1177 1809 1184 1827 :
1206 1804 1288 1834 atque
1311 1799 1444 1827 llebraica
1478 1800 1569 1835 lingua
1591 1804 1618 1827 et
1639 1800 1696 1827 ele-

905 1845 1004 1872 mentis
1017 1845 1167 1876 institutus,
1180 1845 1318 1880 propriam
1333 1849 1360 1871 et
1370 1845 1429 1880 ipse
1444 1844 1590 1872 editionem
1602 1852 1695 1878 agres-

905 1898 951 1918 sus
988 1896 1038 1918 est.
1069 1890 1152 1917 Multa
1172 1890 1349 1925 Septuaginta
1374 1890 1570 1925 lnterpretibus
1596 1898 1695 1918 conso-

905 1937 999 1963 nantia
1023 1936 1176 1971 expressit,
1198 1936 1333 1971 siquidem
1361 1943 1376 1962 a
1403 1935 1538 1971 frequenti
1571 1935 1694 1971 ipsorum

905 1990 956 2010 usu
973 1982 1006 2010 iis
1021 1985 1148 2010 assuetus
1160 1986 1229 2009 erat.

941 2028 1019 2062 Quod
1038 2032 1129 2055 autem
1155 2027 1190 2055 ad
1207 2027 1338 2060 Quintam
1364 2032 1390 2056 et
1413 2027 1522 2055 Sextum
1545 2027 1694 2054 editionem

905 2074 1035 2109 pertinet,
1058 2073 1207 2106 undenam,
1222 2077 1249 2101 et
1271 2074 1438 2108 quibusnam
1459 2072 1618 2100 auctoribus
1642 2072 1695 2099 illa:

907 2119 1058 2155 prodierint
1075 2118 1167 2147 dicere
1178 2126 1295 2153 nequeo.
1312 2118 1382 2145 illud
1403 2118 1492 2146 solum
1515 2117 1568 2144 diei
1586 2120 1693 2151 potest;

71 2164 96 2190 ἐν
109 2164 212 2199 Ἱεριχὼ
219 2165 396 2201 κεκρυμμένη
406 2167 434 2192 ἐν
446 2166 551 2201 χρόνοις
562 2166 731 2200 Ἀντωνίνου,
739 2167 786 2194 τοῦ
799 2167 854 2194 υἱοῦ

911 2169 970 2201 post
980 2164 1198 2200 persecutionem
1208 2164 1312 2195 Severi.
1328 2165 1478 2200 imperante
1489 2163 1629 2190 Antonino
1641 2162 1694 2189 Ca-

71 2210 133 2244 Σευή
139 2219 184 2245 pou
191 2210 238 2237 τοῦ
251 2211 441 2247 Καρακάλλου,
452 2212 522 2247 μετὰ
532 2212 737 2247 ἄλλωνβιϐλίων
758 2213 856 2248 Ἑϐρα-

70 2255 142 2282 ϊκῶν.
163 2255 226 2282 Ἐπὶ
238 2256 266 2282 δὲ
281 2256 457 2291 Ἀλεξάνδρου
470 2257 571 2293 Μαμέα
590 2258 636 2284 τοῦ
662 2257 803 2293 βασιλέως,
815 2259 857 2285 εὐ-

72 2300 135 2335 ρέοη
149 2302 164 2335 ή
179 2300 205 2333 ς’
218 2301 332 2333 ἕκδοσις,
348 2302 394 2328 καὶ
410 2302 479 2338 αὕτη
490 2303 518 2329 ὲν
533 2303 622 2335 πίθοις
632 2304 809 2340 κεκρυμμένη
827 2305 856 2331 ὲν

71 2344 213 2373 Νικοπόλει
228 2347 295 2382 πρὸς
308 2348 436 2382 ἀρκτίους
450 2348 522 2384 (sic).

108 2434 167 2460 Ἐπὶ
193 2434 222 2460 δὲ
241 2434 336 2460 Δεκίου
362 2434 492 2470 βασιλέως
514 2435 654 2470 Ὠριγένης
681 2435 851 2471 ὲγνωρίζετο,

71 2479 138 2511 East;
155 2480 308 2515 Ὠριγένης,
332 2480 369 2512 ὡς
387 2481 433 2507 καὶ
456 2481 521 2516 περὶ
535 2481 698 2516 ἀστερίσκου
717 2481 854 2516 ἐποίησεν,

71 2524 157 2556 καθὼς
179 2525 348 2560 προέφημεν,
366 2525 452 2558 οὕτως
477 2526 522 2553 καὶ
543 2527 608 2562 περὶ
621 2526 668 2553 τοῦ
689 2527 783 2554 ὀΰελοῦ
806 2527 856 2563 τὴν

73 2571 216 2606 σημείωσιν
235 2571 357 2606 ἐποίησε.
378 2572 434 2603 Τὰς
450 2572 504 2608 γὰρ
527 2572 557 2605 ἓξ
578 2573 724 2608 ἑρμηνείας
746 2573 792 2600 καὶ
807 2573 856 2608 τὴν

77 2616 218 2653 Ἐὄραῖκὴν
234 2617 326 2652 φωνὴν
344 2617 496 2653 Ἑϐραϊκοῖς
507 2619 596 2653 λόγοις
609 2619 656 2645 καὶ
674 2619 792 2655 ῥήμασιν
806 2619 854 2646 αὑ-

72 2661 124 2692 τοίς
147 2661 176 2687 ὲν
191 2661 275 2688 σελίδι
298 2662 348 2697 μιᾷ
372 2662 558 2694 συντεθεικὼς,
579 2663 662 2698 ἄλλην
679 2663 767 2690 σελίδα
791 2664 854 2691 ἀντ-

73 2704 182 2739 έξὲθετο,
198 2707 246 2734 καὶ
267 2707 431 2742 Ἑλληνικῶν
446 2708 495 2742 μὲν
509 2709 690 2745 γραμμάτιον,
701 2710 852 2746 Ἑϐραϊκῶν

104 2784 112 2801 ⁸
130 2784 276 2818 1601⁸.ιί1,
294 2786 334 2812 l8.

907 2210 1009 2237 racalla
1030 2209 1124 2237 Severi
1145 2209 1210 2242 tilio,
1227 2210 1256 2237 in
1278 2210 1370 2241 (loliis,
1388 2216 1450 2236 cum
1473 2209 1536 2235 aliis
1552 2206 1694 2235 Hebraicis

907 2255 984 2283 libris
996 2255 1182 2288 lliericltunle,
1192 2256 1239 2283 ubi
1252 2255 1362 2287 latebat.
1377 2260 1513 2290 repertam
1527 2254 1622 2281 fuisst‘.
1635 2253 1693 2279 Sub

906 2300 1063 2328 Alexandro
1087 2306 1178 2329 autem
1196 2301 1314 2328 Mamaea
1336 2300 1401 2332 filio,
1421 2304 1528 2335 reperta
1552 2303 1593 2326 est
1610 2298 1692 2325 Nico-

907 2347 961 2382 poli
976 2346 1009 2373 ad
1027 2346 1136 2375 Actium
1158 2346 1241 2374 Sexta
1256 2347 1350 2379 editio,
1366 2353 1427 2381 qua:
1440 2351 1467 2373 et
1483 2345 1541 2380 ipsa
1561 2344 1588 2372 in
1612 2343 1691 2371 doliis

907 2392 1020 2419 latebat.

942 2437 1096 2472 lmpcrante
1112 2441 1204 2464 autem
1227 2436 1311 2464 Decio
1334 2436 1448 2464 florebat
1469 2435 1611 2469 Origenes.
1633 2436 1692 2470 qui,

907 2486 937 2510 ut
952 2478 1036 2517 supra
1051 2483 1154 2510 dictum
1173 2485 1232 2514 εει,
1246 2483 1476 2517 quemadmodum
1500 2481 1634 2508 asterisco
1651 2484 1693 2507 est.

906 2537 984 2561 usus,
1004 2529 1044 2556 sic
1059 2532 1086 2556 et
1107 2529 1177 2556 obeli
1194 2529 1302 2564 signum
1322 2528 1475 2563 usurpavit.
1492 2526 1544 2554 Sex
1558 2526 1630 2554 enim
1649 2525 1692 2553 in-

907 2574 1127 2608 terpretationes,
1144 2579 1171 2600 et
1183 2573 1343 2601 llebraicatu
1361 2572 1531 2608 Scripturam
1549 2571 1693 2599 llcbraicis

907 2622 1000 2649 verbis
1014 2626 1041 2648 et
1055 2620 1223 2648 dictionibus
1241 2620 1268 2646 in
1288 2627 1342 2646 una
1357 2619 1485 2656 columna
1508 2618 1690 2648 concinnans,

907 2666 1021 2693 alteram
1036 2665 1101 2693 huic
1117 2673 1132 2692 e
1148 2665 1233 2692 latere
1249 2663 1418 2698 adiacentem
1433 2663 1589 2690 columnam
1606 2668 1694 2696 appo-

907 2711 972 2743 suit,
995 2710 1096 2738 Grmcis
1119 2711 1229 2746 quidem
1251 2709 1363 2742 litteris,
1388 2709 1435 2737 sed
1454 2707 1596 2736 Hebraicis
1613 2707 1693 2733 voci-
