1929 3038
57 119 111 150 381

527 122 697 152 EPISTULA
717 126 762 153 AD
780 126 876 156 JOAN.
898 129 1007 160 EPISC.
1029 132 1215 162 llIEROSOL.

1631 142 1685 172 36“.

55 177 180 228 ppsuam
196 174 370 209 parvitatem,
385 180 414 227 et
432 177 548 228 litteras,
562 188 629 214 quas
642 181 675 208 ad
688 189 734 228 eos
750 183 847 211 crebro
863 188 885 215 Λ
898 191 1039 215 cramenta
1051 189 1264 222 conﬁcerent,et
1277 190 1352 218 illum
1365 198 1460 220 omnes
1473 199 1524 221 suo
1536 192 1681 228 poscerent

55 216 226 250 direximus,
255 221 455 249 communionis
487 231 593 259 quoque
621 228 675 253 tum
705 222 847 263 coeperunt

56 261 159 289 habere
175 263 352 298 discordiam,
373 274 407 293 ne
427 267 586 296 viderentur
600 272 717 306 quadarn
732 261 845 308 duritia,

56 311 84 333 et
102 309 275 335 conscientia
302 314 407 344 nostra,
437 314 554 349 antiquae
582 315 644 344 lidei
668 317 702 344 ab
725 317 847 347 Ecclesia

58 354 191 386 separari,
208 354 396 386 ordinavimus
410 357 556 387 Diaconum
572 369 578 388 :
597 366 623 389 et
638 367 783 398 postquam
796 365 848 392 mi-

57 399 197 433 nistravit,
211 409 320 428 rursum
335 405 533 440 presbyterum,
545 414 627 441 super
642 415 697 443 quo
712 408 846 438 debueras

56 445 202 479 gratulari,
219 447 375 483 intelligens
387 450 459 484 quod
474 451 508 478 ob
524 451 571 479 Dei
590 453 717 481 timorem
733 454 785 482 hoc
800 463 847 483 su-

58 498 118 518 mus
137 491 231 519 facere
248 494 381 528 compulsi
403 504 410 522 :
428 497 546 524 maxime
570 505 631 526 cum
649 500 722 526 nulla
747 500 783 528 sit
805 501 848 528 di-

58 537 175 564 versitas
189 537 219 564 in
234 539 390 581 sacerdotio
403 539 461 574 Dei,
480 546 507 570 et
522 543 565 571 ubi
585 543 696 572 utilitati
718 545 847 573 Ecclesia:

58 582 227 615 providetur.
242 583 321 616 Nam,
333 589 359 612 et
371 585 395 612 si
409 586 510 622 singuli
526 587 711 617 Ecclesiarum
725 591 846 626 episcopi

58 627 159 656 habent
186 629 244 664 (9t)
266 630 318 658 sub
343 639 374 659 se
392 631 541 666 Ecclesias,
561 634 661 670 quibus
687 643 780 663 curam
807 637 848 664 vi-

58 671 158 699 dentur
173 673 331 708 impendere
345 685 352 702 :
368 679 395 703 et
422 684 502 704 nemo
527 685 610 712 super
634 672 751 711 alienam
772 688 847 708 men-

59 723 150 744 suram
166 718 332 753 extenditur,
351 723 444 748 tamen
461 723 628 756 praeponitur
641 724 768 752 omnibus
781 725 847 752 cha-

61 761 127 788 ritas
144 761 262 795 Christi,
281 763 308 790 in
322 771 377 799 qua
395 765 469 792 nulla
484 766 623 794 simulatio
638 772 680 795 est
695 777 702 795 :
719 759 769 796 nec
780 777 847 797 con-

60 807 234 836 siderandum
252 810 317 845 quid
333 811 433 838 factum
448 813 494 844 sit,
518 812 567 840 sed
593 821 648 848 quo
669 818 846 854 tempore,.et

60 860 114 888 quo
130 854 222 887 modo,
235 858 262 882 et
279 856 305 883 in
320 857 431 892 quibus,
454 862 480 885 et
492 866 578 894 quare
598 859 699 887 factum
714 861 761 889 sit.
778 861 845 888 Cum

59 898 130 926 enim
148 899 292 933 vidissem,
306 902 369 937 quia
391 903 537 931 multitudo
557 908 715 932 sanctorum
732 905 844 934 fratrum

61 944 87 970 in
115 946 286 973 monasterio
313 947 492 979 consisteret,
523 952 549 976 et
578 949 665 976 sancti
696 949 845 985 presbyteri

60 988 253 1025 Hieronymus,
280 995 307 1019 et
332 991 493 1020 Vincentius
515 998 626 1029 propter
641 994 845 1027 verecundiam,

59 1039 85 1061 et
101 1035 285 1063 humilitatem
303 1037 406 1064 nollent
421 1037 511 1064 debita
535 1037 638 1066 nomini
655 1045 705 1065 suo
718 1046 846 1066 exercere

61 1074 204 1113 sacriﬁcia,
220 1085 248 1108 et
263 1081 390 1109 laborare
404 1081 432 1108 in
448 1082 501 1109 hac
519 1087 595 1117 parte
613 1082 768 1115 ministerii,
785 1091 846 1118 quae

60 1123 278 1153 Christianorum
291 1127 428 1162 praecipua
443 1128 518 1155 salus
531 1131 573 1155 est
585 1136 593 1154 :
608 1128 732 1156 invenire
744 1132 845 1162 autem,

60 1174 85 1197 et
107 1172 341 1206 comprehendere
367 1180 476 1200 servum
504 1171 551 1201 Dei
578 1180 634 1200 non
665 1181 777 1208 posses,
799 1174 845 1209 qui

61 1219 86 1242 te
102 1216 169 1251 (92),
184 1224 218 1243 eo
229 1218 301 1252 quod
318 1224 400 1252 grave
415 1225 486 1246 onus
500 1217 646 1246 sacerdotii
660 1219 745 1246 nollet
758 1219 846 1247 susci-

60 1268 132 1295 pere,
148 1269 221 1297 sape
241 1261 378 1296 fugiebat;
396 1262 445 1291 sed
460 1271 510 1291 nec
530 1264 601 1292 alius
615 1264 677 1299 quis
700 1265 845 1300 episcopo-

60 1314 118 1332 rum
141 1306 223 1334 facile
243 1314 305 1333 eum
332 1308 474 1342 reperiret.
503 1307 582 1335 Unde
597 1311 624 1336 et
634 1306 703 1336 satis
729 1310 846 1338 miratus

61 1359 130 1382 sum.
148 1351 286 1386 quomodo
314 1351 517 1387 dispensatione
539 1352 587 1381 Dei
611 1354 643 1381 ad
670 1362 721 1382 nos
741 1354 846 1382 venerit

60 1404 119 1423 cum
142 1396 269 1424 diaconis
292 1397 463 1430 monasterii,
485 1402 510 1425 et
529 1398 630 1425 ueteris
649 1399 790 1433 fratribus,
817 1403 846 1426 ut

60 1441 124 1468 mihi
141 1441 322 1474 satisfaceret,
339 1443 402 1478 quia
425 1443 517 1471 nescio
537 1443 602 1479 quid
625 1443 770 1472 adversum
791 1452 839 1472 eos

61 1486 189 1514 habebam
203 1487 330 1514 tristitiae.
344 1487 411 1515 Cum
424 1487 506 1524 igitur
522 1488 705 1516 celebraretur
720 1489 841 1517 Collecta

61 1531 86 1558 in
102 1531 219 1559 ecclesia
233 1531 315 1565 villae,
339 1540 400 1567 quae
415 1537 458 1560 est
476 1533 554 1568 juxta
577 1534 771 1562 monasterium
794 1542 845 1563 n0-

61 1581 156 1608 strum,
174 1577 346 1611 ignorantem
359 1585 433 1609 eum,
452 1581 480 1605 et
501 1579 603 1605 nullam
621 1579 729 1614 penitus
744 1580 845 1607 haben-

61 1626 111 1648 tem
127 1621 322 1656 suspicionem,
341 1629 388 1657 per
410 1622 512 1650 multos
526 1622 663 1652 Diaconos
676 1624 842 1659 apprehendi

59 1666 201 1700 iussimus,
224 1670 251 1693 et
272 1667 360 1694 teneri
385 1674 417 1695 os
440 1668 510 1702 ejus,
540 1676 572 1696 ne
594 1669 665 1697 forte
685 1670 792 1697 liberari
816 1677 846 1697 se

61 1713 183 1747 cupiens,
199 1712 339 1746 adjuraret
355 1720 405 1740 nos
420 1721 469 1748 per
487 1721 585 1741 nomen
601 1714 703 1741 Christi
718 1724 724 1741 :
744 1719 770 1742 et
789 1715 846 1750 pri-

61 1764 131 1784 mum
151 1756 297 1784 diaconum
310 1757 507 1792 ordinavimus,
524 1763 708 1794 proponentes
723 1759 747 1787 ei
763 1760 845 1787 timo—

60 1809 116 1829 rem
137 1802 196 1835 Dei,
218 1806 246 1830 et
270 1803 474 1838 compellantes,
501 1808 530 1831 ut
555 1804 740 1837 ministraret;
769 1806 846 1833 valde

61 1847 159 1882 quippe
180 1847 363 1880 obnitebatur,
388 1848 528 1883 indignum
548 1856 577 1876 se
600 1857 663 1877 esse
689 1849 844 1882 clamitans,

61 1896 87 1918 et
98 1899 181 1927 grave
193 1900 263 1920 onus
281 1893 351 1920 ultra
364 1893 436 1921 vires
450 1901 515 1921 suas
529 1901 591 1921 esse
606 1897 764 1922 contestans
778 1894 846 1929 (95).

62 1937 110 1965 Vix
125 1945 192 1974 ergo
200 1938 384 1973 compulimus
400 1946 473 1971 eum,
488 1942 515 1966 et
528 1939 693 1974 persuadere
707 1939 846 1974 potuimus

62 1983 225 2011 testimoniis
249 1982 465 2018 Scripturarum,
487 1987 515 2011 et
531 1985 717 2019 propositione
734 1985 847 2012 manda-

61 2032 150 2056 torum
168 2029 225 2056 Dei.
244 2028 278 2055 Et
300 2036 364 2056 eum
385 2029 569 2057 ministrasset
592 2029 641 2065 [aL
669 2030 845 2067 ministraret]

62 2075 88 2102 in
105 2074 209 2102 sanctis
231 2069 385 2106 sacriﬁciis,
402 2083 499 2102 rursus
521 2083 584 2103 cum
606 2076 710 2110 ingenti
733 2075 844 2102 difﬁcul-

62 2124 116 2148 tate
139 2123 216 2148 tento
240 2127 287 2147 ore
301 2120 372 2154 ejus,
393 2120 581 2148 ordinavimus
597 2121 784 2156 presbyterum
799 2130 805 2148 :
821 2125 848 2148 et

898 232 1071 267 testimonio,
1098 238 1125 261 et
1147 234 1277 270 grandem
1306 236 1450 264 utilitatem
1478 237 1506 264 in
1535 245 1681 267 commune

898 278 1059 304 monasterii
1070 282 1238 306 testarentur
1253 287 1261 306 :
1277 287 1362 315 quare
1377 284 1444 308 tunc
1458 287 1563 316 reperta
1580 290 1681 318 oppor-

897 323 1015 350 tunitate
1034 331 1088 350 non
1110 324 1285 359 scripsissent
1301 325 1388 358 nobis,
1405 333 1494 361 neque
1511 335 1591 362 super
1607 329 1679 356 ordi-

897 366 1007 394 natione
1024 366 1084 401 ejus
1101 368 1202 402 aliquid
1223 369 1420 403 poposcissent.

932 410 962 438 ll.
984 411 1045 438 Haec
1061 412 1097 438 ita
1113 418 1171 440 acta
1187 417 1260 445 sunt,
1277 417 1306 439 ut
1327 413 1435 441 locutus
1454 421 1526 445 sum,
1545 415 1573 441 in
1591 415 1681 442 chari-

897 459 952 484 tate
976 456 1077 484 Christi
1106 465 1187 492 quam
1229 461 1255 485 te
1283 466 1346 493 erga
1371 460 1531 493 parvitatem
1559 463 1679 487 nostram

897 501 996 528 habere
1018 502 1161 530 credebam
1178 512 1184 529 :
1202 510 1359 538 quanquam
1374 504 1401 531 in
1420 505 1587 531 monasterio
1605 505 1682 532 ordi-

897 547 1028 580 naverim,
1046 551 1073 575 et
1096 555 1151 575 non
1168 548 1195 575 in
1211 549 1340 583 pareat-ia,
1357 557 1418 584 qua:
1432 550 1481 577 tibi
1493 550 1616 585 subjecta
1633 551 1679 578 sit.

897 593 918 619 0
939 600 1001 620 vere
1020 593 1163 621 benedicta
1188 594 1379 630 episcoporum
1403 595 1484 630 Cypri
1501 596 1682 623 mansuetudo

897 641 924 665 et
943 638 1061 671 bonitas,
1082 642 1109 666 et
1125 644 1219 667 nostra
1241 640 1380 668 rusticitas
1393 648 1475 668 sensu
1493 645 1540 668 tuo
1554 647 1581 669 et
1605 642 1681 669 arbi-

897 686 969 710 tratu
986 683 1067 718 digna
1084 685 1271 712 misericordia
1295 685 1356 714 Dei!
1376 686 1444 713 Nam
1466 687 1544 714 multi
1559 687 1680 722 episcopi

896 729 1097 758 communionis
1120 734 1222 758 ιιοειτω
1242 731 1415 766 presbyteros
1443 732 1470 758 in
1498 735 1590 760 nostra
1608 732 1682 759 ordi—

896 779 1030 802 navcrunt
1042 775 1193 810 provincia,
1210 783 1279 811 quos
1293 777 1374 812 260
1386 784 1437 804 nos
1452 778 1682 813 comprehendere

897 826 950 846 non
981 824 1146 855 poteramus,
1171 824 1199 848 et
1219 821 1354 848 miserunt
1367 821 1402 849 ad
1425 829 1476 849 nos
1500 822 1630 854 diaconos
1653 825 1682 848 et

897 864 1109 900 hypodiaeonos,
1123 873 1192 901 quos
1206 867 1379 901 suscepimus
1392 874 1453 894 cum
1465 868 1563 901 gratia.
1576 866 1609 894 Et
1623 868 1682 901 ipso

896 909 1054 937 cohortatus
1076 918 1135 938 sum
1153 912 1238 939 beatae
1260 912 1398 940 memoriae
1415 911 1556 939 Philonem
1571 912 1680 946 episco-

896 963 970 989 pum,
986 959 1013 982 et
1025 960 1149 983 sanctum
1167 956 1357 991 Thcoprepum
1375 955 1449 992 (94),
1467 961 1495 983 ιιι
1511 956 1540 984 in
1556 957 1680 984 ecelesiis

895 999 988 1035 Cypri,
1005 1008 1066 1036 quae
1078 1000 1156 1035 juxta
1171 1008 1202 1028 se
1218 1005 1308 1033 erant.
1322 1002 1355 1029 ad
1368 1009 1435 1030 mea:
1446 1005 1537 1030 autem
1554 1002 1681 1037 parteeia:

895 1046 1058 1073 videbantur
1082 1047 1228 1074 ecclesiam
1254 1048 1400 1082 pertinere,
1417 1055 1450 1075 eo
1475 1047 1547 1082 quod
1569 1047 1680 1083 grandis

896 1095 978 1124 esset,
994 1096 1021 1119 et
1035 1092 1090 1119 late
1108 1096 1205 1127 patens
1220 1093 1374 1128 provincia,
1389 1093 1550 1120 ordinarent
1567 1093 1680 1129 presby-

896 1138 979 1168 teros,
1001 1139 1028 1162 et
1046 1135 1149 1164 Christi
1172 1136 1302 1165 Ecclesiae
1325 1137 1511 1172 providerent.
1536 1137 1680 1172 Nunquam

896 1183 985 1207 autem
1002 1188 1053 1215 ego
1064 1181 1187 1209 ordinavi
1208 1181 1388 1214 diaconissas.
1407 1186 1435 1210 et
1453 1183 1486 1211 ad
1500 1183 1604 1213 alienas
1618 1183 1680 1211 misi

895 1225 1061 1259 provincias,
1075 1233 1163 1260 neque
1176 1226 1226 1253 feci
1239 1227 1387 1262 quidquam
1403 1231 1432 1254 ut
1449 1227 1597 1255 Eeclesiam
1612 1227 1683 1254 scin-

895 1270 998 1299 derem.
1013 1271 1085 1304 Quid
1100 1279 1166 1307 ergo
1181 1272 1231 1299 tibi
1245 1272 1334 1300 visum
1354 1276 1407 1305 est,
1423 1273 1463 1300 sic
1475 1272 1594 1308 graviter
1608 1272 1682 1301 intu-

895 1323 1018 1344 mescere
1034 1320 1060 1344 et
1073 1316 1172 1352 jactari
1188 1321 1283 1344 contra
1298 1325 1349 1345 nos
1372 1324 1424 1353 pro
1437 1325 1519 1352 opere
1533 1317 1592 1351 Dei,
1609 1318 1681 1351 quod

896 1360 925 1387 in
935 1360 1153 1392 :edilicationem,
1170 1364 1197 1388 et
1222 1368 1275 1388 non
1291 1360 1320 1388 in
1335 1361 1549 1388 destructionem
1566 1361 1681 1388 fratrum

896 1404 997 1433 factum
1023 1405 1086 1432 est?
1110 1404 1164 1432 Sed
1189 1408 1217 1432 et
1238 1405 1305 1432 illud
1334 1405 1508 1432 vehementer
1531 1404 1681 1432 admiratus

896 1456 968 1482 sum,
987 1448 1062 1483 quod
1086 1449 1156 1478 meis
1181 1449 1290 1477 locutus
1306 1456 1336 1478 es
1361 1449 1481 1482 clericis,
1506 1456 1632 1477 asserens
1655 1454 1682 1478 te

896 1500 944 1528 per
960 1497 1084 1521 sanetum
1099 1494 1287 1529 presbyterum
1300 1497 1327 1521 et
1340 1494 1465 1523 abbatem
1485 1495 1681 1523 monachorum

896 1536 1056 1573 Gregorium
1075 1538 1221 1566 mandasse
1233 1538 1310 1571 mihi,
1336 1547 1371 1566 ne
1391 1546 1554 1574 quemquam
1570 1539 1682 1566 ordina-

897 1590 953 1611 rem
971 1591 977 1610 :
996 1588 1024 1610 et
1036 1590 1086 1619 ego
1103 1584 1156 1611 hoc
1176 1583 1314 1619 pollicitus
1330 1583 1393 1616 sim,
1420 1585 1537 1612 dicens:
1553 1583 1681 1619 Nunquid

895 1627 1004 1662 juvenis
1019 1636 1092 1660 sum,
1107 1633 1154 1656 aut
1175 1636 1296 1656 canones
1318 1629 1436 1664 ignoro?
1448 1630 1519 1658 Audi
1535 1630 1619 1666 igitur
1634 1638 1682 1657 ve-

897 1674 1006 1702 ritatem
1023 1674 1050 1701 in
1068 1681 1193 1702 sermone
1215 1673 1274 1706 Dei,
1290 1682 1333 1710 me
1353 1675 1405 1702 hoc
1420 1682 1471 1703 nec
1494 1675 1615 1708 audisse,
1631 1683 1683 1703 nec

897 1727 991 1752 nosse,
1013 1727 1064 1748 nec
1079 1719 1160 1748 istius
1174 1720 1310 1748 sermonis
1340 1720 1449 1756 penitus
1464 1721 1614 1749 recordari.
1631 1720 1684 1748 Su-

898 1765 1019 1800 spicatus
1035 1770 1124 1793 autem
1138 1772 1210 1798 sum,
1227 1772 1261 1792 ne
1275 1765 1390 1792 forsitan
1405 1766 1476 1793 inter
1492 1766 1587 1799 multa,
1603 1766 1683 1800 quasi

898 1810 979 1838 homo
994 1810 1096 1838 oblitus
1116 1818 1205 1838 essem
1219 1819 1225 1838 :
1242 1814 1268 1838 et
1286 1811 1320 1838 ob
1335 1811 1405 1838 hanc
1419 1818 1532 1838 causam
1555 1815 1682 1838 sanctum

897 1854 1057 1890 Gregorium
1075 1855 1230 1884 sciscitatus
1246 1863 1317 1887 sum,
1341 1860 1367 1883 et
1392 1855 1528 1885 Zenonem
1544 1855 1684 1891 presbyte-

898 1908 970 1932 rum,
988 1900 1034 1934 qui
1059 1908 1119 1927 eum
1135 1907 1169 1927 eo
1187 1904 1239 1928 est.
1267 1899 1288 1926 E
1307 1901 1408 1936 quibus
1433 1901 1518 1929 abbas
1537 1900 1683 1936 Gregorius

899 1945 1042 1980 respondit
1066 1953 1096 1973 se
1122 1945 1175 1972 hoc
1191 1945 1299 1980 penitus
1325 1946 1462 1980 ignorare.
1483 1945 1577 1974 Zenon
1593 1950 1686 1980 autem

899 1991 979 2023 dixit,
995 1990 1058 2025 quia
1071 1998 1134 2018 cum
1160 1991 1184 2018 ei
1202 1989 1343 2026 presbyter
1367 1990 1482 2019 Ruﬁnus
1504 1991 1598 2019 nescio
1623 1999 1684 2026 quae

898 2036 951 2062 alia
978 2034 1137 2063 transitorie
1162 2035 1337 2070 loqueretur,
1365 2036 1446 2061 etiam
1475 2035 1526 2061 hoc
1554 2034 1653 2061 dixerit
1675 2044 1683 2062 :

900 2080 1019 2108 Putasne
1039 2080 1146 2115 aliquos
1161 2079 1340 2107 ordinaturus
1354 2083 1397 2106 est
1414 2083 1528 2107 sanctus
1539 2080 1685 2114 episcopus

900 2124 949 2161 [aL
964 2124 1163 2160 Epiphanius]?
1184 2129 1211 2152 et
1225 2124 1367 2159 hucusque
1394 2125 1502 2152 stetisse
1518 2131 1683 2152 sermonem.

62 2165 155 2193 iisdem
176 2165 277 2197 verbis,
302 2165 404 2200 quibus
429 2169 509 2192 antea
531 2173 719 2197 suaseramus,
738 2166 847 2201 impuli-
863 2181 886 2210 Ι)
900 2171 957 2206 Ego
973 2175 1064 2197 autem
1091 2170 1259 2205 Epiphanius
1273 2178 1324 2198 nec
1341 2170 1433 2198 audivi
1457 2170 1617 2205 quidquam,
1633 2177 1684 2196 nec

62 2219 121 2239 mus
145 2214 176 2238 ut
199 2210 306 2239 sederet
332 2211 360 2238 in
385 2211 480 2238 ordine
506 2211 680 2247 presbyterii.
698 2212 763 2239 Post
789 2213 847 2240 haec

63 2257 224 2292 scripsimus
243 2256 276 2284 ad
300 2261 412 2285 sanctos
429 2258 598 2289 monasterii,
614 2262 640 2285 et
662 2263 775 2286 caeteros
791 2259 847 2286 fra-

63 2306 134 2336 tres;
153 2306 181 2330 et
200 2303 401 2337 inerepavimus
418 2310 476 2335 eos,
493 2311 578 2338 quare
592 2311 648 2331 non
672 2305 848 2339 scripsissent

64 2355 144 2383 super
164 2355 209 2380 eo,
225 2355 288 2375 cum
309 2352 373 2376 ante
392 2356 494 2378 annum
520 2349 621 2377 multos
647 2357 743 2376 eorum
770 2350 848 2385 queri

63 2392 210 2425 audissem,
229 2400 279 2420 cur
304 2401 358 2421 non
374 2393 515 2426 haberent,
533 2395 579 2429 qui
597 2394 649 2422 sibi
675 2394 782 2422 Domini
805 2403 849 2422 sa-

64 2460 156 2493 frater,
166 2467 255 2496 quem
273 2460 430 2496 diaconum,
448 2464 475 2487 et
489 2468 550 2496 mox
566 2461 754 2496 presbyterum
773 2461 848 2488 ordi-

65 2495 137 2521 navit
163 2495 349 2530 Epiphanius,
367 2497 394 2522 in
419 2495 626 2530 Percgrinorum
650 2495 847 2528 monasterio,

82 2530 135 2556 uod
152 2529 193 2557 ad
207 2529 322 2557 Joannis
338 2530 468 2564 dimcesin
490 2529 547 2557 non
571 2530 735 2564 pertinebat.
761 2529 847 2558 Porro

87 2564 242 2592 isterciens.
264 2572 317 2592 ms.
342 2563 384 2591 Ne
405 2566 554 2591 uiderentur
567 2563 681 2598 quadam
705 2565 807 2591 duritia
823 2570 848 2592 et

65 2599 224 2634 claudentia
235 2598 296 2632 ﬁdei
314 2600 440 2634 antiquw,
457 2607 537 2634 quam
551 2599 632 2626 simul
645 2598 796 2632 habuimus,
815 2599 847 2626 ab

66 2631 184 2660 Ecclesia
202 2631 333 2667 separari.
354 2631 407 2660 sed
431 2631 604 2661 Ambrosian.
625 2635 706 2668 paulo
721 2631 848 2661 anteiam-

64 2672 156 2703 penmr
174 2667 269 2694 habere
282 2668 428 2701 consortia,
443 2676 475 2695 ne
503 2667 654 2695 uiderentur
666 2667 782 2703 quadam
796 2669 847 2695 du-

64 2702 136 2729 ritia.
154 2707 206 2730 etc.

98 2735 458 2777 (9t)_§rsep0stero_prdin_e
478 2737 620 2777 vetustiss.
642 2736 731 2777 vatis.
754 2745 847 2765 exem-

66 2770 124 2804 plar
140 2770 203 2806 355,
221 2770 334 2806 singulm
349 2770 471 2798 Ετειιείω
481 2772 661 2806 episcoporum
673 2771 778 2802 habent,
793 2777 846 2799 etc.

67 2805 296 2839 quemadmodum
316 2805 396 2833 etiam
419 2807 446 2833 in
464 2807 548 2835 veteri
567 2805 655 2842 prima
672 2806 790 2835 editione
807 2807 846 2835 le-

899 2217 1038 2252 respondi.
1058 2216 1146 2248 Unde,
1163 2215 1353 2249 dilectissime,
1368 2224 1423 2243 non
1439 2220 1464 2243 te
1479 2215 1625 2250 praeveniat
1642 2214 1685 2242 fu-

899 2272 955 2297 ror,
974 2271 1024 2291 nec
1044 2266 1157 2298 occupet
1169 2262 1330 2297 indignatio,
1347 2269 1398 2289 nec
1414 2262 1514 2289 frustra
1529 2261 1683 2289 movearis:

899 2313 926 2337 et
941 2309 1015 2336 aliud
1036 2309 1141 2341 dolens,
1159 2313 1185 2335 te
1198 2313 1289 2336 vertas
1303 2308 1338 2335 ad
1354 2309 1417 2340 alia,
1437 2312 1467 2335 ut
1489 2307 1619 2342 peccandi
1637 2314 1686 2334 oc-

899 2354 1040 2381 casionem
1056 2352 1194 2380 invenisse
1214 2352 1344 2380 videaris.
1364 2351 1441 2386 Quod
1463 2351 1593 2387 propheta
1609 2351 1686 2378 devi-

899 2403 972 2431 tans,
998 2397 1143 2425 Dominum
1171 2400 1309 2431 precatur,
1337 2396 1456 2427 dicens:
1481 2395 1543 2438 _Non
1571 2395 1686 2423 declines

900 2463 1083 2497 gendumiest.
1100 2461 1161 2489 Mox
1178 2462 1307 2490 Ambros.
1322 2470 1399 2494 super
1416 2470 1494 2488 unam
1505 2470 1667 2489 nieiisurnm.

936 2497 991 2532 (92)
1012 2496 1125 2524 Rectius
1138 2497 1207 2524 forte
1217 2497 1394 2525 Ambrosian.
1406 2497 1545 2532 exemplar
1559 2502 1583 2523 te
1599 2504 1686 2524 vocu-

898 2532 953 2559 Iam
966 2539 1032 2568 non_
1041 2532 1174 2568 agnoscit.

934 2567 990 2602 (95)
1012 2565 1099 2593 Verba
1122 2566 1273 2602 clamitans,
1290 2570 1316 2593 et
1344 2574 1421 2601 grave
1437 2574 1502 2602 ortus
1523 2565 1595 2593 ultra
1618 2567 1685 2594 vires

899 2609 961 2628 suas
975 2609 1043 2633 esse,
1059 2609 1120 2636 quze
1137 2601 1165 2628 in
1182 2601 1325 2636 hucusque
1341 2601 1423 2629 editis
1444 2601 1557 2629 deerant
1574 2601 1685 2636 supple-

897 2638 987 2663 vimus
1001 2644 1033 2663 ex
1049 2637 1174 2663 Ambros.
1190 2643 1242 2663 ms.

935 2671 991 2706 (94)
1013 2670 1058 2698 Sic
1076 2670 1283 2706 emendavimus
1298 2677 1331 2697 ex
1350 2670 1497 2705 anthuiss.
1514 2669 1648 2706 Vaticano
1657 2673 1686 2696 et

898 2704 1081 2732 Anibrosiano
1095 2705 1243 2740 exelnplari
1254 2724 1262 2736 ,
1278 2712 1340 2731 eum
1361 2709 1441 2732 antea
1457 2709 1532 2740 esset
1551 2704 1684 2740 Tliegpro-

899 2741 958 2767 bum
972 2740 1067 2767 Latino
1083 2737 1183 2775 partim
1194 2744 1222 2766 et
1237 2739 1336 2775 partim
1350 2740 1446 2767 Graeco
1461 2739 1581 2775 nomine.
1599 2737 1684 2763 Paulo

899 2783 981 2810 supra
1000 2773 1093 2802 vocem
1108 2773 1356 2802 diaconos’vetusta
1372 2775 1437 2802 edit.
1453 2781 1507 2801 non
1524 2773 1615 2800 habct.

897 2864 978 2872 ,ἀς-ο
