1929 3038
224 111 278 140 593

907 112 936 141 S.
958 113 1130 142 LPWHANII

1409 87 1421 97 ι

1802 113 1864 141 381

216 177 262 196 cor
279 177 366 197 meum
382 169 408 196 in
438 170 514 198 verba
529 171 639 198 malitia:
655 179 664 198 .'
681 171 715 198 ad
737 173 904 201 excusandas
926 181 1008 202 ucu-
1025 178 1046 205 Λ
1061 174 1124 201 dum
1142 174 1214 210 qttod
1228 174 1357 209 scriptum
1372 177 1423 206 est,
1436 180 1485 201 nec
1499 173 1578 200 oculo
1591 175 1684 201 nostro
1700 175 1863 208 parcimus,

216 216 330 243 sationes
347 217 375 243 iu
390 216 505 249 peccatis
529 216 547 243 ί.

255 257 299 286 ΙΙΙ.
321 258 388 286 lllud
402 266 512 293 quoque
534 259 649 287 audiens
668 260 819 288 admiratus
843 269 913 296 Sum,
937 263 1009 299 quod

216 303 340 338 quidam,
359 304 406 338 qui
431 305 520 331 solent
540 305 613 332 ultro
634 306 760 341 citroque
776 313 886 342 portare
900 316 1010 337 rumus-

216 350 306 381 culos,
327 354 353 376 et
377 349 420 377 his
438 357 499 384 qua
522 350 668 378 audierunt
692 359 799 387 semper
837 354 939 389 aliquid
961 354 1010 382 ad-

217 395 292 426 dere,
307 399 338 421 ut
361 395 488 422 tristitias
502 399 529 423 et
545 396 620 423 rixas
645 396 715 423 inter
738 398 836 425 fratres
861 400 1009 433 concitent,

217 444 243 467 te
257 447 366 474 quoque
379 440 569 473 turbaverunt,
594 445 621 468 et
645 441 785 477 dixerunt,
810 445 881 479 quod
899 446 926 472 in
948 454 1010 473 ora-

217 486 292 512 tione
314 486 426 520 quando
452 486 592 514 oderimus
617 488 753 516 sacriﬁcia
779 489 843 522 Deo,
871 491 1009 520 soleamus

218 538 269 565 pro
297 536 322 558 te
348 531 439 559 dicere
457 542 463 559 :
481 532 603 565 Domine,
627 538 726 568 prtesta
757 534 868 568 Joanni,
890 541 919 563 ut
941 543 1009 564 recte

218 577 319 604 credat.
339 577 399 604 Noli
417 585 468 606 nos
483 579 509 605 iu
524 583 630 606 tantum
649 584 744 614 putare
756 582 888 614 rusticos,
908 587 937 610 ut
958 583 1010 610 hoc

218 628 273 650 tam
292 628 384 658 aperte
395 623 485 651 dicere
500 625 679 659 potuerimus.
695 625 854 662 Quanquam
870 628 942 656 enim
958 629 1009 656 hoc

218 669 246 695 iu
266 669 349 696 corde
364 676 424 696 meo
450 677 557 704 semper
579 678 666 704 orem,
689 675 780 698 tamen
800 675 828 698 ut
851 673 1010 707 simpliciter

220 713 317 746 fatear,
343 722 482 749 nunquam
502 716 529 741 in
557 715 661 743 alienas
687 724 768 744 aures
791 718 904 752 protuli,
925 727 958 745 ne
983 723 1010 746 te

219 759 328 786 viderer
344 760 553 795 parvipendere,
570 761 758 790 dilectissime.
783 762 899 796 Quando
920 769 1008 791 autent

219 806 387 840 complemus
404 807 552 834 oralionem
579 809 730 835 secundum
759 809 840 835 rittnu
867 811 1008 845 mysterio~

1062 224 1090 247 ut
1102 228 1156 246 non
1171 219 1333 247 eli'odiamus
1347 227 1420 251 eum,
1436 219 1458 246 si
1474 226 1522 246 nos
1543 218 1787 252 scandalilaverit;
1809 227 1866 246 nec

1060 266 1163 298 manui,
1180 273 1267 300 neque
1289 265 1362 300 pedi,
1377 265 1400 292 si
1415 264 1494 291 nobis
1514 264 1672 291 scandalum
1693 264 1806 292 fecerit.
1831 264 1866 291 lit

1060 318 1109 338 vos
1125 319 1190 346 ergo
1209 311 1266 338 sive
1283 311 1355 337 oculi
1375 311 1473 343 nostri,
1491 309 1548 338 sive
1564 317 1672 341 manus,
1695 310 1753 336 sive
1771 310 1863 343 putica

1061 356 1179 388 fueritis,
1196 356 1296 384 similia
1323 355 1503 383 sustinebitis.
1519 354 1587 387 Quis
1610 354 1682 381 enim
1702 354 1865 381 catholico-

1060 409 1120 429 rum
1149 402 1234 437 possit
1258 408 1336 436 mquo
1350 402 1442 428 animo
1465 400 1613 432 sustinere,
1637 403 1664 427 et
1689 407 1786 426 eorum
1810 400 1863 434 qui

1060 447 1139 473 ﬁdem
1162 454 1240 474 suant
1268 446 1348 473 bonis
1368 445 1498 480 operibus
1521 448 1665 474 exornant.
1687 448 1717 470 ut
1739 444 1863 470 audiant

1058 491 1186 527 Origeuis
1208 491 1361 518 doctrinam
1378 495 1459 526 atque
1483 490 1639 521 consilium,
1655 489 1769 516 credant
1783 498 1862 524 pra:-

1059 537 1140 564 clara:
1156 537 1229 564 illius
1244 536 1428 571 prmdicationi
1444 545 1451 563 :
1468 535 1526 562 Non
1548 539 1638 570 potest
1659 533 1744 562 Filius
1759 535 1861 562 videre

1059 581 1174 614 Patrem,
1204 589 1292 616 neque
1319 580 1437 616 Spiritus
1471 584 1584 608 sanctus
1615 579 1707 606 videre
1735 578 1862 606 Filium?

1060 627 1122 654 llarc
1138 627 1165 653 in
1182 627 1258 654 libris
1284 626 1352 660 Περὶ
1382 626 1484 660 ἀρχῶν
1501 625 1670 657 scribuntur,
1697 624 1740 652 his
1761 625 1859 652 verbis

1060 673 1185 708 legimus,
1209 677 1237 700 ct
1254 672 1291 698 ita
1315 672 1422 699 locutus
1446 675 1489 699 est
1511 670 1664 706 Origenes:
1685 670 1760 697 Sicut
1783 671 1859 697 enim

1060 718 1232 752 incongruum
1247 723 1284 744 est
1299 718 1398 749 dicere,
1411 717 1480 755 quod
1493 718 1577 751 possit
1596 716 1682 745 Filius
1695 717 1782 743 videre
1800 716 1858 743 Pa-

1060 771 1134 796 trem,
1162 766 1200 792 sic
1230 766 1416 800 inconsequens
1442 769 1481 791 est
1503 765 1618 798 opinari,
1644 763 1714 798 quod
1733 763 1858 798 Spiritus

1059 816 1166 838 scmus
1188 811 1271 845 possit
1300 810 1385 837 ridere
1412 809 1524 837 Filium.
1559 809 1625 836 Illud
1653 817 1763 844 quoque
1787 810 1855 843 quis

220 859 292 882 rum,
309 856 336 877 et
348 859 397 886 pro
411 853 540 879 omnibus
563 859 589 880 et
613 862 663 889 pro
688 859 713 881 te
737 863 847 890 quoque
864 855 982 883 dicimus
998 866 1004 884 :
1023 857 1043 883 Β
1058 857 1202 892 Oiigcncm
1229 857 1364 884 dicentem
1383 856 1514 891 patiatur,
1533 855 1606 890 quod
1625 855 1735 885 anitum,
1762 855 1856 889 angi-2i

219 893 331 922 Custodi
342 895 418 921 illnm
430 896 474 930 qui
488 896 615 930 prwdicat
631 898 764 924 veritatem
780 906 790 925 :
807 899 846 925 vel
862 903 937 926 certe
955 899 1005 926 ita:

221 940 261 967 Tu
273 945 383 974 prmia,
401 941 522 974 Domine,
545 947 568 969 et
582 943 697 974 custodi,
713 948 741 969 ut
759 944 803 970 ille
818 944 921 970 verbum
940 952 1008 978 prte-

218 986 286 1013 ὀίεαι
309 987 427 1014 veritatis
444 995 453 1014 :
468 988 540 1015 sicut
563 989 674 1016 occasio
691 990 826 1016 sermonis
849 998 878 1017 se
905 990 1007 1021 tulerit,

219 1037 246 1060 et
266 1033 393 1061 habuerit
409 1034 499 1061 oratio
519 1036 752 1070 consequentiam.
773 1035 945 1071 Quapropter
959 1036 1008 1063 ob-

221 1086 299 1106 secro
324 1083 359 1110 te,
388 1079 579 1112 dilectissime,
596 1084 623 1107 et
649 1081 795 1108 advolutus
820 1081 933 1116 pedibus
955 1082 1008 1109 tuis

220 1132 327 1159 precor,
344 1129 442 1160 praesta
458 1125 523 1152 mihi
536 1129 563 1152 et
586 1126 645 1158 tibi,
664 1130 693 1153 ut
703 1126 830 1158 salveris,
847 1127 927 1154 sicuti
941 1127 1010 1154 scri-

220 1173 295 1204 ptum
318 1174 360 1197 est
379 1171 401 1203 ‘,
419 1179 435 1197 a
451 1171 618 1205 generatione
642 1179 782 1204 perversa;
808 1176 835 1199 et
855 1172 950 1199 recede
975 1173 1008 1199 ab

221 1214 317 1242 [marest
340 1215 478 1250 Origenis,
494 1219 522 1242 et
537 1223 552 1243 a
578 1217 687 1244 cunctis
709 1217 871 1247 ha~resibus,
889 1218 1006 1245 dilectis-

221 1262 300 1287 sime.
312 1260 398 1287 Video
412 1261 484 1288 enim
499 1261 572 1295 quod
590 1266 701 1296 propter
709 1261 781 1288 hanc
793 1269 904 1289 causam
919 1263 1009 1290 otnuis

221 1309 311 1332 vestra
334 1303 383 1340 [al.
412 1304 519 1340 nostra]
543 1305 693 1340 indignatio
718 1307 852 1333 concitata
873 1307 918 1337 sit.
937 1307 1009 1342 quod

221 1350 336 1378 dixerim
356 1350 435 1378 vobis
458 1350 514 1377 Arii
536 1355 640 1385 patrem
656 1351 723 1386 (95),
745 1357 772 1378 et
792 1352 906 1379 aliarum
924 1353 1008 1381 licere—

221 1403 287 1424 seon
301 1395 431 1426 radicem,
448 1400 475 1422 et
491 1400 629 1431 parentem
642 1397 755 1424 laudare
771 1405 825 1424 non
848 1397 961 1425 debetis.
977 1398 1009 1426 Et

220 1448 283 1468 cum
297 1448 346 1468 vos
370 1447 506 1475 rOgarem,
527 1447 562 1467 ne
585 1440 622 1467 ita
643 1442 783 1473 erraretis,
806 1445 833 1468 et
859 1449 1007 1473 monerem,

221 1485 438 1517 contradixistis,
461 1490 488 1512 et
506 1493 550 1513 me
575 1486 608 1513 ad
633 1485 689 1522 (96)
712 1487 852 1514 tristitiam
876 1491 957 1522 atque
971 1488 1010 1514 la-

221 1539 329 1567 crymas
345 1531 511 1558 adduxistis.
536 1530 595 1558 Non
617 1531 705 1558 solum
730 1535 820 1559 autent
841 1540 894 1564 me,
919 1532 966 1560 sed
982 1535 1009 1559 et

222 1577 291 1604 alios
311 1577 446 1612 piurimos
469 1577 620 1604 catholicos
639 1577 686 1612 qui
704 1578 864 1606 intererant.
886 1578 959 1611 Inde,
981 1581 1010 1605 ut

221 1623 353 1658 intelligo,
376 1623 433 1650 haec
448 1627 490 1650 est
512 1623 600 1650 omnis
622 1623 781 1658 indignatio,
801 1629 828 1651 et
847 1625 899 1652 iste
915 1624 1001 1651 furor.

222 1668 255 1696 Et
280 1668 381 1696 idcirco
401 1669 614 1701 comminamiui,
628 1669 701 1704 quod
724 1669 836 1696 mittatis
860 1670 1006 1697 adversum

223 1721 266 1741 me
281 1714 422 1748 epistolas,
437 1718 467 1741 ut
489 1714 542 1741 huc
556 1714 674 1749 illucque
693 1721 784 1742 sermo
798 1719 889 1742 vester
904 1715 1011 1742 discur-

222 1762 280 1791 rat;
292 1763 319 1786 ct
340 1763 450 1794 propter
459 1759 644 1786 defensionem
657 1759 792 1788 haereseos
805 1759 950 1787 adversum
967 1767 1010 1787 me

221 1805 283 1832 odia
302 1805 476 1836 suscitantes,
499 1805 625 1840 rumpitis
639 1805 798 1832 charitatem
816 1813 898 1840 quam
916 1806 943 1832 in
962 1814 1009 1834 vos

222 1850 366 1878 habuimus
381 1860 387 1876 ε
407 1850 433 1877 in
451 1854 554 1877 tantum
572 1853 600 1877 ut
616 1850 736 1878 feceritis
755 1858 804 1878 nos
816 1851 898 1878 etiam
921 1852 1010 1886 pleni—

222 1897 332 1923 tcntiam
354 1903 443 1931 agere,
457 1903 541 1930 quare
563 1895 640 1922 vobis
650 1896 954 1928 communicaverimus,
971 1896 1007 1923 ita

222 1942 347 1977 Origenis
373 1950 479 1970 errores
495 1946 522 1970 et
544 1943 671 1977 dogmata
694 1942 870 1969 defendentes
888 1942 957 1977 (97).

258 1984 302 2014 IV.
322 1987 487 2022 Simpliciter
500 1987 597 2021 loquor
613 1986 663 2022 (al.
687 1986 795 2022 loquar]
812 1995 819 2014 :
839 1985 893 2014 Nos
914 1994 1013 2014 srcun-

258 2056 267 2072 ¹
289 2056 360 2083 Psal.
374 2063 436 2087 CXL,
450 2057 477 2083 4.
516 2057 526 2072 ¹
547 2055 624 2083 Deut.
642 2065 730 2089 xxx”,
746 2056 773 2083 5.

260 2113 316 2148 (95)
332 2113 389 2140 Duo
399 2114 480 2140 verba
493 2114 629 2148 Origenem
640 2115 750 2146 scilicet,
760 2118 821 2148 post
831 2114 889 2140 Arii
899 2119 1010 2147 patrem,

225 2148 483 2180 hicinseruntediti,
493 2154 649 2182 (luctamen
661 2150 727 2176 lllliit
736 2158 803 2175 mss.
815 2154 976 2183 agnoscunt,
985 2154 1012 2176 et

1060 902 1161 930 luci-int
1180 902 1206 929 in
1226 902 1305 929 coalis
1321 910 1328 928 :
1347 905 1373 929 et
1395 906 1537 936 postquam
1557 901 1733 936 peceavoriut
1756 900 1782 926 in
1805 908 1856 926 su-

1059 948 1162 982 pernis,
1175 947 1296 981 dejectas
1307 954 1368 974 esse
1387 947 1414 974 in
1430 946 1512 973 istum
1528 946 1670 976 nutndum,
1686 949 1713 972 et
1730 945 1810 979 quasi
1829 946 1857 970 iu

1059 993 1178 1019 tumulos
1196 996 1223 1019 et
1240 992 1376 1026 sepulcra,
1394 992 1434 1019 sic
1450 991 1476 1018 in
1498 998 1612 1026 corpora
1632 991 1684 1018 ista
1705 991 1857 1025 relegatos,

1059 1046 1153 1074 pcenas
1162 1039 1337 1073 antiquorum
1347 1038 1422 1065 luere
1433 1037 1626 1072 peccatorum?
1636 1040 1662 1064 ct
1670 1044 1786 1071 corpora
1797 1044 1857 1063 crc-

1058 1083 1180 1110 dentium
1198 1090 1251 1109 non
1269 1081 1368 1116 templa
1380 1081 1479 1108 Christi
1493 1088 1565 1113 esse,
1578 1080 1625 1108 sed
1634 1088 1762 1107 carceres
1772 1081 1854 1107 dam-

1059 1127 1207 1154 natorum?
1225 1127 1329 1154 Exinde
1350 1126 1491 1154 veritatem
1508 1126 1639 1158 histor-im,
1650 1125 1787 1160 allegoria:
1806 1126 1854 1152 de—

1059 1180 1176 1208 pravans
1202 1171 1366 1206 mendacio,
1385 1171 1492 1198 inﬁnita
1517 1171 1598 1198 verba
1626 1171 1806 1205 multiplicat;
1826 1174 1855 1197 ct

1059 1218 1197 1252 simplices
1216 1225 1341 1252 quosque
1359 1217 1434 1244 varia
1459 1218 1636 1252 persuasione
1659 1217 1853 1251 supplantins,

1059 1270 1133 1290 nunc
1152 1263 1251 1290 asserit
1269 1263 1386 1294 animas,
1409 1262 1487 1297 juxta
1511 1261 1632 1289 Cra-cam
1659 1261 1853 1298 etymologiam

1058 1309 1147 1344 ψυχὰς
1162 1309 1217 1334 ἀπὸ
1229 1308 1276 1335 τοῦ
1290 1307 1424 1344 ψύχεσθαι
1440 1307 1494 1343 (98)
1512 1307 1615 1334 idcirco
1630 1307 1772 1336 voritatas.
1788 1314 1852 1340 quia

1059 1355 1093 1381 de
1108 1354 1266 1381 coalestibus
1279 1353 1311 1381 ad
1325 1353 1454 1381 inferiora
1467 1353 1617 1384 venientes,
1628 1353 1745 1379 calorem
1757 1352 1852 1386 pristi-

1059 1408 1123 1427 nuiti
1136 1400 1291 1427 amiserint:
1304 1407 1378 1426 nunc
1388 1407 1489 1434 corpus
1499 1398 1561 1431 hoc,
1575 1398 1611 1424 oh
1620 1397 1645 1424 id
1654 1397 1732 1431 juxta
1741 1397 1853 1424 Grazcos

1058 1446 1154 1481 δέμας,
1173 1445 1200 1472 id
1220 1449 1271 1479 est,
1286 1444 1430 1477 vinculum,
1448 1443 1592 1478 sit'ejuxta
1605 1443 1685 1469 aliam
1701 1441 1853 1476 proprieta-

1061 1494 1126 1521 tem,
1139 1490 1255 1518 cadaver
1267 1489 1319 1517 dici
1330 1489 1387 1525 (99)
1400 1496 1406 1515 :
1424 1489 1486 1524 quia
1497 1487 1593 1514 anima:
1603 1486 1636 1514 de
1647 1487 1716 1514 coelo
1728 1485 1851 1513 ruerint:

1063 1536 1141 1571 261
1159 1543 1173 1562 a
1196 1535 1334 1570 plerisque
1355 1539 1445 1561 autem
1472 1532 1623 1560 secundum
1640 1532 1743 1559 variam
1765 1530 1852 1558 (Ξτωεί

1063 1581 1199 1609 sermonis
1224 1580 1421 1616 supellectilem
1453 1578 1550 1614 σῶμα,
1581 1577 1615 1612 id
1644 1581 1704 1610 est,
1736 1584 1851 1611 corpus,

1063 1626 1148 1661 σῆμα,
1174 1625 1200 1652 id
1224 1629 1266 1652 est
1297 1628 1495 1651 monumentum
1517 1621 1705 1658 interpretari,
1724 1629 1758 1650 eo
1776 1623 1849 1656 quod

1063 1671 1101 1698 ita
1125 1672 1244 1698 animatn
1273 1661 1301 1698 in
1319 1678 1349 1698 se
1371 1670 1493 1697 clausam
1518 1669 1627 1701 habeat,
1651 1668 1789 1704 quomodo
1808 1675 1852 1696 se-

1064 1717 1161 1752 pulcra
1176 1721 1204 1744 et
1221 1717 1318 1744 tumuli
1343 1716 1477 1744 cadavera
1498 1720 1678 1742 mortuorum.
1703 1713 1736 1740 Et
1758 1714 1782 1742 si
1799 1714 1852 1741 hoc

1064 1770 1157 1790 verum
1171 1766 1224 1794 est,
1250 1762 1296 1790 ubi
1322 1766 1365 1790 est
1386 1761 1453 1790 ﬁdes
1478 1761 1592 1788 nostra?
1613 1760 1658 1788 ubi
1684 1759 1851 1795 praeconium

1064 1807 1295 1835 resurrectionis?
1321 1808 1367 1834 ubi
1392 1807 1544 1842 apostolica
1569 1806 1711 1837 doctrina,
1738 1813 1798 1840 qua:
1823 1805 1851 1832 in

1066 1851 1197 1880 Eeclesiis
1213 1852 1316 1880 Christi
1343 1852 1485 1887 hucusque
1503 1851 1651 1886 perdurat?
1675 1850 1720 1878 tibi
1744 1850 1790 1877 illa
1809 1849 1851 1877 be-

1066 1898 1185 1926 nedictio
1200 1897 1233 1924 ad
1248 1897 1333 1924 Adam
1358 1901 1385 1924 ct
1401 1897 1434 1924 ad
1453 1904 1545 1924 semen
1566 1896 1636 1930 ejus,
1652 1899 1679 1923 et
1693 1895 1726 1922 ad
1753 1894 1808 1922 Noe
1823 1899 1850 1922 et

1063 1943 1097 1970 ad
1113 1944 1183 1970 ﬁlios
1196 1944 1256 1977 ejus
1274 1943 1284 1958 ³
1296 1951 1302 1968 :
1315 1942 1428 1969 Crescite
1442 1946 1466 1968 et
1479 1941 1704 1975 multiplicamini,
1718 1945 1743 1968 et
1760 1940 1850 1975 repleta

1065 1993 1161 2016 terram
1175 1990 1187 2016 1t
1207 1987 1267 2015 Jam
1281 1987 1353 2015 enim
1370 1995 1424 2014 non
1440 1987 1492 2014 erit
1516 1986 1679 2018 benedictio,
1705 1985 1753 2013 sed
1770 1986 1850 2012 male-

814 2056 823 2072 ³
842 2056 909 2083 Gen.
928 2064 948 2087 ι,
971 2057 1023 2091 28;
1042 2066 1079 2091 ix,
1095 2058 1121 2085 7.

1066 2114 1163 2142 all‘ei'rc
1186 2115 1272 2142 satius
1291 2118 1360 2146 erat,
1384 2118 1414 2141 ut
1437 2120 1519 2148 supra
1537 2112 1583 2143 sit,
1601 2116 1681 2148 atque
1699 2110 1770 2148 intra
1785 2120 1791 2138 :
1806 2110 1850 2136 ubi

1067 2155 1155 2176 tamen
1174 2149 1259 2176 Vatia.
1275 2153 1301 2176 et
1318 2150 1444 2176 Ambros.
1467 2146 1533 2175 mss.
1560 2146 1693 2178 vocabulo
1718 2146 1806 2180 σῶμα.
1823 2150 1849 2171 et

225 2191 382 2219 tuost-mum
395 2174 555 2210 auetoi‘i'tali:
567 2174 1011 2219 tauquaiiimeglossftorisnianu
1029 2174 1052 2202 υ
1214 2174 1258 2211 ξεί
1268 2174 1431 2218 expunctis;
1441 2174 1691 2219 cotttinuoileguut,
1710 2174 1849 2219 secundum

226 2218 348 2253 profecta
361 2218 557 2253 expunxiinus.

261 2251 442 2313 (96):!)5unt
461 2261 476 2279 a
505 2252 594 2280 Vatic.
615 2253 718 2279 vocula:
741 2260 780 2278 me
807 2251 853 2280 ad.
880 2258 906 2278 et
931 2253 1011 2286 paulo

263 2293 287 2313 st
301 2296 328 2313 ιη
347 2295 371 2313 e.

263 2293 287 2314 st
301 2289 371 2314 inde.

226 2295 407 2357 Wfiliiimliiud
434 2322 600 2357 defendentes
624 2322 657 2348 ad
682 2330 729 2348 nos
751 2320 894 2348 commode
916 2322 1013 2357 referri

228 2361 334 2391 potest:
351 2358 525 2385 Ambrosian.
544 2366 604 2392 qua:
617 2361 706 2383 tamen
717 2357 856 2389 exetiiplar
871 2364 932 2382 cum
943 2356 1014 2391 legat

227 2392 437 2426 defendentibus,
455 2392 539 2419 refert
552 2391 584 2418 ad
601 2391 683 2419 vobis.

263 2424 320 2461 (98)
342 2428 513 2454 Velustiores
527 2427 591 2454 editi
610 2427 663 2452 ἀπὺ
675 2424 915 2461 τοῦνψυχρίςεσθαι
931 2425 956 2451 id
975 2431 1013 2452 est

228 2459 430 2497 afrigeseemlo,
446 2463 557 2497 idcirco.
571 2466 623 2487 etc.
641 2461 682 2497 Al.
703 2460 734 2485 ab
747 2459 944 2497 a_iigelescerido,
962 2461 1012 2497 leg.

229 2494 393 2531 algesrenito.
410 2495 516 2522 Vitiose
538 2495 626 2521 Vatia.
648 2495 729 2531 juxta
756 2494 875 2531 ercam
891 2496 1015 2530 etymolo-

229 2529 310 2566 giam,
337 2531 406 2566 quod
430 2539 540 2564 τοι-νοω
563 2538 680 2566 carceres
700 2529 791 2562 dicas,
815 2529 930 2566 idcirco,
957 2535 1010 2557 etc.

232 2567 315 2592 νοιῚό
332 2564 493 2592 sententiam
508 2566 580 2592 hanc
595 2573 609 2590 a
621 2564 775 2599 Pythagora
791 2568 852 2599 post
863 2564 1013 2597 Platonem,

230 2600 374 2634 Urigencm
387 2600 521 2632 hausisse,
538 2604 579 2627 est
593 2600 670 2634 longe
688 2599 871 2633 notissimum.

267 2635 322 2668 (99)
346 2634 451 2661 Mallem
477 2635 566 2669 ipsum
594 2635 676 2661 etiam
694 2634 818 2662 Gnccunt
845 2643 943 2662 nomen
971 2634 1013 2661 in-

231 2669 296 2705 seri,
310 2673 336 2695 et
351 2669 402 2703 legi
417 2669 498 2705 juagta
516 2670 598 2696 aliam
615 2671 798 2704 proprietatem
818 2670 919 2705 πτῶμα
935 2670 961 2696 id
977 2673 1016 2696 est

230 2702 352 2740 cadaver,
376 2702 438 2740 nam
455 2704 548 2732 Graece
563 2702 663 2740 corpus
682 2704 807 2732 exanime
828 2702 929 2740 πτῶμα
950 2705 1016 2731 dici-

232 2743 285 2768 tur.
302 2739 356 2766 ἀπὸ
372 2738 418 2766 τοῦ
439 2740 560 2771 πίπτειν,
580 2738 618 2766 ιιι⁷
634 2739 728 2766 Latine
745 2740 857 2765 cadaver
870 2738 1016 2766 deducitur

231 2780 247 2800 a
260 2774 396 2813 cadendo,
414 2775 548 2813 siquidem
568 2774 653 2809 ipsam
671 2773 792 2813 Graecari:
806 2774 1015 2813 lelyiuologizi‘iu,

236 2815 316 2844 quam
338 2810 371 2838 ad
391 2810 517 2837 lixrcsim
544 2808 621 2838 suam
637 2809 782 2844 torquebat
804 2808 945 2843 Origenes,
972 2809 1015 2835 hic

1062 2219 1165 2245 variam
1187 2219 1273 2245 (ἔπ’ωεί
1296 2215 1423 2245 sermonis
1450 2215 1633 2251 supellectilem
1659 2223 1754 2251 corpus
1779 2215 1849 2249 σῆμα

1063 2253 1089 2289 i_d
1112 2257 1163 2283 cst,
1192 2253 1346 2280 memoriam
1370 2253 1649 2289 (ξιιηιηριιζιηιεηιιιῃι)
1675 2250 1847 2289 interpretari.

1062 2287 1139 2314 Plato
1158 2296 1191 2314 ex
1212 2288 1291 2321 cuius
1315 2286 1449 2315 sententia
1468 2287 1599 2321 Origenes
1625 2286 1733 2321 locutus
1748 2288 1806 2321 est.
1822 2286 1849 2310 itt

1063 2321 1184 2357 Cratylo,
1206 2328 1232 2350 et
1246 2319 1364 2357 ’σον-μία,
1382 2319 1621 2357 οοτροιητινξιιιίηιὶε
1646 2319 1786 2357 deservire
1809 2326 1850 2345 se-

1064 2354 1222 2392 pulci‘orym
1240 2354 1317 2388 vice;
1330 2357 1409 2388 dixit,
1427 2354 1460 2392 ret
1478 2356 1569 2392 σῶμα.
1589 2354 1668 2392 quasi
1689 2354 1763 2392 ᾳῆιξα
1787 2361 1849 2392 qui-

1063 2387 1204 2426 cupatum.
1220 2392 1275 2418 Καὶ
1292 2387 1346 2427 γὰρ
1362 2391 1436 2426 σῆμά.
1450 2387 1527 2427 τινὲς
1540 2387 1622 2427 φεῦ-ἰν
1638 2388 1703 2427 at???)
1717 2387 1786 2415 έῖνσιι
1799 2387 1847 2421 τῆς

1063 2423 1151 2462 ψυχῆς
1169 2423 1419 2462 ὼςέτεοράμμένῆς
1434 2427 1464 2452 ὲν
1487 2425 1526 2462 τῷ
1546 2423 1594 2462 vi)?
1615 2423 1741 2462 πᾳρόνῖι,
1753 2428 1779 2449 et
1799 2430 1850 2448 ca:-

1064 2457 1197 2496 t'cra'qua:
1211 2457 1431 2496 Latiitc'prtest'at
1446 2457 1551 2486 audire.
1569 2457 1672 2485 Etenim
1689 2457 1770 2496 otium
1787 2465 1847 2496 nou-

1065 2496 1133 2522 nulli
1147 2493 1226 2522 aiunt
1244 2504 1299 2523 esse
1321 2493 1404 2522 animi
1425 2496 1510 2529 σῆμα,
1531 2500 1655 2527 tauquam
1667 2493 1708 2529 ad
1727 2494 1776 2529 hoc
1795 2493 1848 2526 qui-

1065 2531 1123 2557 !!th
1138 2536 1237 2564 tempus
1253 2532 1344 2557 anima
1363 2530 1395 2556 sit
1417 2530 1442 2555 in
1453 2527 1581 2563 torpore,
1598 2527 1711 2564 sepulta,
1722 2527 1769 2564 te!
1787 2532 1848 2564 recte

1065 2566 1122 2592 ideo
1138 2571 1176 2592 est
1189 2562 1286 2600 ⁷σῆμα,
1308 2565 1433 2599 quoniam
1454 2562 1743 2600 corporis_mini_sterio
1764 2562 1848 2600 utitur

1066 2601 1157 2627 anima
1174 2600 1208 2626 ad
1222 2596 1266 2626 eas
1286 2596 1337 2630 res,
1363 2607 1429 2633 quas
1453 2596 1505 2625 sibi
1532 2597 1680 2633 obsignarit
1701 2596 1848 2633 signiﬁcth

1066 2635 1126 2673 das,
1138 2629 1385 2673 explicandaque;
1399 2633 1430 2659 Et
1448 2633 1484 2673 i_n_
1500 2629 1606 2673 Gorgia,
1633 2631 1688 2656 Καὶ
1711 2629 1790 2673 ἠμίῖῖς
1809 2629 1845 2663 τῷ

1066 2665 1124 2696 ὅντί
1138 2665 1202 2700 icui;
1216 2665 1359 2704 τέογιμέξ,
1372 2668 1440 2704 ὅπερ
1449 2668 1503 2704 ᾔδη
1521 2665 1570 2704 rgat;
1585 2665 1672 2699 ἔγωγε
1688 2665 1735 2704 teat
1751 2665 1848 2704 ηκουςα.

1069 2704 1124 2731 τῶν
1146 2698 1235 2738 σοςέῶν
1254 2698 1365 2738 ἁπλῶν
1395 2698 1645 2738 ὴᾴεῖξςτέθναμεν,
1671 2701 1718 2725 καὶ
1743 2698 1777 2738 τὸ.
1802 2698 1848 2733 μὲν

1068 2739 1148 2773 σῶμά
1168 2736 1241 2764 tactv
1266 2737 1345 2772 ἡμῶν
1362 2737 1445 2771 σῆμα.
1474 2736 1574 2773 Etitos
1598 2742 1691 2761 revera
1711 2736 1846 2773 morimur.

1069 2770 1134 2800 Illud
1155 2774 1228 2800 enim
1245 2780 1260 2798 a
1277 2770 1450 2806 sapientibus
1473 2770 1563 2797 audivi
1581 2776 1630 2795 nos
1646 2776 1718 2806 nunc
1736 2770 1850 2800 tuori,ct

1070 2813 1193 2836 uestrum
1208 2807 1286 2841 σῶμα
1303 2803 1415 2841 corpus,
1430 2814 1486 2834 esse
1501 2806 1586 2840 σῆμα,
1599 2803 1767 2838 sepulcrum.
