1929 3038
62 131 101 160 38
106 132 128 159 3

551 153 718 184 EPISTOLA
738 158 783 186 AD
802 158 900 187 JOAN.
922 160 1029 190 EPlSC.
1051 162 1232 192 lllEROSOl..

1645 167 1699 195 386

62 205 169 239 dictio,
182 206 262 242 juxta
279 207 434 244 Origenem,
453 211 500 246 qui
524 215 635 248 angelos
657 218 737 244 vertit
751 218 780 245 in
803 220 859 246 ani-
875 223 895 250 Α
910 228 972 248 vere
987 229 993 246 :
1014 221 1070 248 Iloc
1082 231 1150 249 nunc
1163 232 1191 250 os
1202 231 1234 250 ea:
1247 223 1349 251 ossibus
1367 225 1440 258 meis,
1456 231 1481 253 et
1497 235 1558 255 caro
1570 227 1602 255 de
1613 236 1695 258 carne

63 259 148 285 mas,
169 254 247 281 etde
268 255 376 283 sublimi
400 256 509 292 fastigio
529 259 670 294 dignitatis
685 263 750 290 facit
768 266 801 291 ad
819 266 860 292 in-

64 297 172 325 l‘eriora
188 299 367 332 descendere,
380 302 460 336 quasi
475 301 546 331 Dcus
561 306 654 339 generi
668 307 788 336 humano
805 318 859 337 non

64 342 159 374 possit
173 342 283 370 animas
301 351 349 377 per
361 344 577 374 benedictionem
596 349 673 382 dare,
701 352 755 379 nisi
769 353 858 388 angeli

65 387 265 421 peccaverint;
287 393 313 415 et
339 393 377 416 tot
397 390 424 416 in
441 391 512 418 coglo
536 393 592 420 sint
616 395 713 427 ruinre,
741 387 817 432 quot
830 399 858 426 in

65 436 141 459 terra
171 433 341 461 nativitates.
373 434 536 464 Dimittenda
561 446 625 474 ergo
646 441 725 469 nobis
744 446 785 470 est
807 443 858 470 do-

64 477 158 504 ctrina
183 479 371 512 apostolorum
397 485 424 507 et
449 483 655 518 prophetarum,
686 491 713 513 et
738 487 806 522 legis
831 493 858 516 et

65 522 156 556 ipsius
174 522 283 550 Domini
300 524 450 554 Salvatoris
463 527 491 554 in
508 528 655 565 Evangelio
676 535 856 566 pertonantis.

65 566 87 592 Ε
97 568 243 594 contrario
258 568 387 604 Origenes
399 572 531 607 praecipit,
546 578 572 601 et
587 575 672 609 legem
688 577 744 610 dat,
761 584 789 606 ut
803 587 857 606 non

64 611 158 639 dicam
173 614 337 649 constringit
360 615 510 651 discipulos
526 627 602 653 suos,
631 629 664 648 ne
677 623 739 656 quis
754 628 814 651 oret
827 625 855 651 in

64 658 168 684 ctelum
192 660 350 692 ascendere,
372 669 407 688 ne
428 663 505 696 pejus
522 664 619 691 iterum
640 674 756 700 peccans
776 677 856 704 quam

64 703 92 729 in
107 704 193 731 terris
207 709 270 732 ante
286 712 456 740 peccaverat,
470 710 654 744 praecipitetur
670 713 698 740 in
715 715 855 742 mundum.

64 747 232 783 Quanquam
255 749 410 778 istiusmodi
428 760 515 788 nugas
527 758 555 782 et
568 755 747 785 deliramenta
769 760 856 788 soleat

65 793 111 820 ille
127 793 333 828 Scripturarum
351 795 574 832 interpretatione
590 808 720 835 perversa
735 807 761 830 et
781 805 855 832 aliud

65 837 253 872 signiﬁcante,
276 847 358 876 quam
374 842 445 876 quod
475 851 567 872 verum
587 849 639 877 est,
657 847 800 881 allirmare,
816 849 856 876 di-

911 273 966 291 mea
982 266 1000 291 ⁸.
1017 266 1070 293 Aut
1085 267 1157 294 unde
1172 273 1342 302 assumptum
1352 272 1393 296 est
1407 270 1483 302 illud,
1494 273 1565 305 quod
1582 273 1694 300 divinus

909 316 999 336 sermo
1015 314 1130 338 testatur
1145 321 1151 338 :
1170 312 1205 338 Et
1227 313 1317 344 injecit
1333 313 1402 342 Deus
1421 322 1537 348 soporem
1554 316 1581 342 in
1594 317 1690 351 Adam,

909 358 933 380 et
959 354 1104 382 dormivit:
1121 358 1146 382 et
1166 358 1276 391 sumpsit
1302 366 1382 385 unam
1408 359 1442 386 de
1465 361 1546 386 costis
1569 361 1642 394 ejus;
1666 367 1691 389 et

909 399 1059 433 adimplevit
1085 408 1133 434 pro
1160 409 1191 428 ea
1218 410 1334 436 carnem,
1361 408 1384 430 ot
1412 403 1550 437 atdi/icavit
1580 410 1690 437 costam,

908 452 986 479 quam
1005 446 1101 472 tulerat
1119 453 1151 473 ea:
1164 455 1204 478 eo,
1221 447 1264 474 illi
1281 448 1308 474 in
1321 456 1428 475 uxorem
1448 449 1540 476 s‘i-Aut
1558 457 1617 484 quae
1631 457 1693 476 eor-

908 498 973 524 pura
1000 492 1159 526 contegebat
1185 492 1270 520 Adam
1289 498 1320 520 et
1339 493 1392 520 Eva
1421 494 1492 521 loliis
1513 495 1590 527 ﬁcus,
1619 499 1694 530 post-

906 543 988 570 quam
1016 537 1204 564 comederunt'
1221 537 1255 565 de
1280 538 1376 566 arbore
1401 539 1498 566 vetita?
1518 539 1584 572 Quis
1603 545 1692 567 autem

907 581 1043 615 patienter
1063 581 1132 609 ferat
1148 582 1292 618 Origenem
1312 583 1425 611 lubricis
1447 584 1692 618 argumentationi-

907 627 959 654 bus
974 628 1202 654 resurrectionem
1228 628 1320 655 carnis
1347 628 1428 662 hujus
1450 633 1603 663 negantem,
1621 629 1693 655 sicut

907 671 1030 698 declarat
1054 672 1279 700 manifestissime
1301 673 1329 700 in
1351 674 1493 700 volumine
1517 673 1693 708 Explanatio-

906 723 972 743 num
996 716 1076 751 primi
1102 717 1211 752 psalmi,
1228 721 1256 745 et
1278 719 1305 745 in
1329 718 1390 745 aliis
1415 718 1510 745 multis
1533 718 1620 745 locis?
1638 717 1694 745 Aut

906 761 969 795 quis
985 762 1078 788 audiat
1101 762 1129 789 in
1153 763 1237 789 tertio
1251 762 1321 790 euzlo
1340 762 1486 790 donantem
1503 763 1583 790 nobis
1598 761 1691 797 Orige-

906 813 968 833 nem
989 806 1158 841 paradisum,
1175 811 1202 834 et
1219 807 1294 834 illum
1312 814 1392 842 quem
1412 806 1553 842 Scriptura
1567 815 1691 835 comme-

906 855 1005 883 morat,
1036 851 1070 878 de
1097 855 1169 878 terra
1197 852 1231 878 ad
1256 852 1377 879 cmlestia
1408 852 1642 881 transferentem:
1664 858 1692 882 et

63 889 131 910 cens
148 893 155 910 :
173 882 336 919 Priusquam
360 894 377 912 a
402 887 507 915 malitia
533 889 690 918 humiliarer
715 900 762 927 ego
784 893 854 920 deli-
871 903 892 930 Β
906 882 1002 922 omnes
1020 896 1132 923 arbores
1148 904 1209 930 qua:
1221 897 1382 924 scribuntur
1403 897 1430 923 in
1445 896 1554 930 Genesi,
1570 898 1611 925 sic
1626 899 1693 926 alle-

63 928 108 962 qui
128 928 157 961 ';
175 932 202 955 et
216 929 282 956 illud
301 939 307 956 :
325 929 470 965 Revertere,
496 934 586 962 anima
608 944 676 968 mea,
695 937 722 964 in
739 939 854 973 requiem

63 978 140 999 tuam
155 974 183 1006 ';
207 981 311 1002 necnon
327 980 355 1003 et
369 976 434 1003 illud
449 988 455 1005 :
472 977 549 1005 Edue
571 979 602 1007 de
617 989 721 1009 carcere
738 984 855 1011 animam

65 1024 152 1042 meam
170 1016 199 1049 ³;
220 1022 246 1044 et
261 1017 288 1044 in
307 1019 361 1046 alio
378 1019 436 1048 loco
450 1030 456 1048 :
472 1021 622 1057 Conﬁtebor
636 1025 749 1054 Domino
769 1029 796 1054 in
818 1037 855 1056 rc-

62 1061 140 1094 qione
163 1062 323 1097 vivorum‘;
347 1071 408 1092 cum
436 1066 507 1094 alius
532 1070 627 1102 procul
651 1070 734 1098 dubio
758 1080 854 1101 sensus

63 1106 216 1141 Scriptura:
239 1108 338 1136 divina:
361 1111 406 1143 sit,
427 1119 508 1145 quam
524 1113 568 1141 ille
589 1114 616 1141 in
635 1115 760 1143 haeresim
775 1126 852 1145 suam

63 1153 182 1187 maligna
201 1153 429 1188 interpretatione
445 1157 599 1192 detorquet.
616 1159 693 1192 Quod
710 1161 812 1190 faciunt
826 1169 852 1192 et

63 1197 217 1230 ilanicbaei,
234 1204 262 1226 et
281 1200 416 1234 Gnostici,
443 1207 470 1230 et
491 1202 634 1237 Ebionitaa,
657 1210 684 1233 et
708 1206 853 1236 Marcionis

61 1246 224 1277 sectatores,
242 1249 269 1272 et
292 1246 351 1273 alia:
375 1246 494 1275 haereses
512 1246 625 1277 numero
646 1253 785 1287 octoginta
802 1254 851 1289 (l),

62 1296 122 1322 quae
136 1289 171 1316 de
192 1290 342 1324 purissimo
358 1292 562 1328 Scripturarum
587 1295 662 1324 fonte
681 1306 852 1328 assumentes

61 1334 232 1366 testimonia,
248 1343 301 1363 non
320 1337 356 1364 ita
375 1338 598 1374 interpretantur,
616 1345 644 1368 ut
660 1343 762 1378 scripta
775 1350 849 1378 sunt,

62 1379 108 1406 sed
126 1380 329 1415 simplicitatem
355 1385 489 1412 sermonis
514 1386 692 1415 ecclesiastici
714 1388 742 1416 id
757 1390 851 1417 volunt

61 1424 230 1458 signiﬁcare,
248 1428 320 1461 quod
337 1429 388 1463 ipsi
403 1431 533 1458 sentiunt.

95 1467 126 1495 V.
148 1469 218 1497 illud
232 1478 341 1506 quoque
354 1473 426 1507 quod
448 1482 572 1503 asserere
585 1476 691 1511 nititur,
707 1478 850 1507 doleamne

61 1520 95 1540 an
117 1514 222 1543 rideam
249 1517 354 1545 nescio.
375 1518 475 1546 Doctor
498 1522 624 1555 egregius
646 1523 684 1557 (2)
699 1524 780 1550 audet
801 1524 849 1551 do-

906 937 997 972 gorice
1022 938 1230 973 intelligentem,
1255 939 1326 974 quod
1351 940 1456 967 scilicet
1471 940 1583 968 arbores
1610 949 1692 977 ange-

905 980 963 1008 licae
981 980 1155 1009 fortitudines
1180 983 1246 1015 sint,
1273 991 1335 1010 cum
1354 984 1404 1010 hoc
1420 984 1521 1011 veritas
1542 992 1596 1011 non
1621 987 1692 1013 reci-

905 1026 979 1060 piat?
992 1026 1086 1062 Neque
1099 1028 1170 1055 enim
1187 1027 1256 1055 dixit
1275 1028 1415 1063 Scriptura
1435 1029 1525 1056 divina
1540 1039 1545 1056 :
1563 1030 1589 1056 D.
1601 1032 1692 1065 posuit

904 1071 976 1099 Deus
991 1072 1077 1099 Adam
1096 1078 1123 1100 et
1139 1072 1222 1100 Evam
1244 1074 1271 1101 in
1287 1078 1387 1101 terram
1402 1083 1410 1101 :
1425 1075 1483 1106 sed,
1499 1075 1573 1109 ejecit
1592 1084 1635 1103 eos
1659 1077 1692 1104 de

904 1116 1039 1150 paradiso,
1051 1118 1247 1156 (5)etlaab'itare
1255 1120 1364 1154 feciteos
1381 1124 1473 1146 contra
1489 1121 1644 1154 paradisum
1666 1123 1689 1149 ⁷.

903 1162 962 1189 Non
976 1163 1024 1196 ait,
1041 1163 1092 1190 sub
1111 1163 1248 1198 paradiso.
1268 1163 1302 1190 Et
1315 1165 1403 1198 posuit
1428 1167 1586 1200 remp/imam
1610 1167 1691 1201 ﬂam-

903 1216 999 1239 meam,
1014 1214 1038 1235 et
1051 1208 1193 1236 Cherubin:
1208 1209 1339 1236 custodire
1355 1211 1495 1238 introitum
1511 1212 1574 1246 ligni
1597 1213 1655 1240 vitta
1668 1213 1689 1240 '.

902 1252 961 1280 Non
986 1253 1064 1286 dixit,
1091 1261 1247 1281 ascensum.
1275 1253 1310 1280 Et
1334 1255 1430 1288 fluvius
1453 1257 1634 1291 egrediebatur
1658 1267 1691 1285 es:

903 1297 978 1325 Eden
992 1299 1020 1332 ’ς
1047 1306 1100 1326 non
1117 1298 1196 1331 dixit,
1212 1299 1353 1327 descendit
1375 1308 1408 1327 ex
1424 1300 1509 1328 Eden.
1524 1301 1580 1329 Iste
1596 1303 1692 1331 dividi-

903 1348 945 1369 tur
960 1343 988 1369 iu
1012 1348 1126 1378 quatuor
1142 1343 1272 1377 principia
1285 1351 1295 1370 :
1310 1352 1402 1371 nomen
1417 1346 1463 1371 uni
1477 1344 1588 1378 Phison,
1604 1352 1629 1374 et
1644 1356 1691 1375 no-

903 1396 960 1414 men
974 1388 1081 1414 secundi
1097 1388 1186 1416 Gchon
1203 1389 1236 1417 ”.
1251 1388 1307 1424 Ego
1321 1389 1375 1416 vidi
1389 1397 1476 1425 aquas
1488 1390 1593 1424 Gellon,
1605 1400 1691 1428 aquas

900 1441 968 1468 quas
981 1434 1022 1461 his
1029 1434 1135 1461 carneis
1149 1434 1237 1462 oculis
1252 1435 1357 1469 aspexi.
1368 1435 1421 1462 Iste
1439 1440 1482 1462 est
1495 1435 1688 1473 Gehon,quem

899 1477 1030 1506 Jercmias
1060 1479 1229 1507 demonstrat
1253 1480 1370 1508 dicens:
1388 1480 1459 1513 Quid
1486 1483 1557 1510 vobis
1591 1488 1616 1510 et
1641 1485 1690 1511 uia

899 1524 1020 1558 Egypti,
1035 1529 1063 1551 ut
1084 1524 1179 1552 bibatis
1201 1534 1296 1560 aquam
1313 1526 1400 1554 Gehon
1415 1527 1547 1555 turbidam
1563 1529 1606 1556 “?
1630 1529 1688 1556 Bibi

60 1568 132 1594 tere,
154 1562 295 1590 diabolum
314 1564 340 1591 id
358 1572 467 1592 rursum
491 1565 613 1595 futurum
629 1576 690 1596 esse
703 1570 776 1604 quod
792 1570 847 1598 iue-
863 1568 883 1596 C
900 1573 928 1597 et
942 1570 975 1597 de
995 1578 1094 1606 magno
1114 1571 1225 1599 ﬂumine
1240 1572 1280 1607 (4)
1296 1573 1433 1608 Euphrate
1451 1581 1536 1609 aquas
1558 1576 1689 1611 simplici-

60 1610 145 1639 rat,et
154 1608 189 1635 ad
201 1609 324 1637 eamdem
334 1610 484 1638 rediturum
497 1612 668 1647 dignitatem,
678 1618 705 1642 et
714 1623 848 1643 conscen-

59 1658 152 1679 surum
167 1661 252 1688 regna
267 1655 408 1683 cmlorum.
424 1655 494 1684 Proh
506 1656 583 1685 nefas
596 1659 602 1685 l
615 1660 676 1694 quis
687 1665 742 1687 tam
754 1669 849 1689 vecors

60 1701 86 1723 et
110 1698 239 1731 stolidus,
256 1705 285 1726 ut
296 1700 349 1727 hoc
365 1702 488 1736 recipiat,
509 1704 582 1738 quod
602 1709 714 1733 sanctus
730 1705 849 1735 Joannes

61 1741 226 1777 Baptista,et
238 1743 345 1777 Petrus,
358 1750 384 1773 et
401 1746 521 1776 Joannes
536 1751 676 1784 apostolus
692 1755 719 1777 et
732 1759 849 1788 cvange-

60 1786 129 1819 lista,
142 1787 227 1816 Isaias
242 1797 361 1825 quoque,
376 1795 403 1818 ct
417 1791 549 1821 Jeremias
565 1799 592 1822 et
603 1795 699 1830 reliqui
709 1786 848 1831 propheta:

61 1833 216 1862 cohatredes
239 1835 303 1862 {iant
327 1836 428 1864 diaboli
449 1838 476 1864 in
503 1846 587 1874 regno
602 1841 753 1868 ccelorum?
776 1841 848 1870 Prae-

61 1882 131 1906 tereo
148 1879 276 1908 frivolam
292 1882 352 1917 ejus
367 1885 566 1918 expositionem
582 1894 662 1921 super
676 1887 776 1915 tunicis
792 1889 848 1922 pcl-

60 1924 147 1956 liceis.
163 1932 268 1962 quanto
283 1933 393 1961 conatu,
418 1931 580 1966 quantisque
597 1934 682 1967 egerit
702 1941 847 1968 argumen-

60 1969 103 2002 tis,
118 1975 148 1997 ut
165 1972 273 1998 tunicas
291 1973 417 2007 pelliceas
439 1975 556 2002 humana
573 1984 634 2004 esse
653 1985 768 2012 corpora
786 1987 846 2006 cre-

59 2014 195 2044 deremus.
214 2017 266 2050 Qui
291 2018 362 2045 inter
385 2020 469 2046 multa
494 2020 531 2047 ait
548 2031 554 2048 :
572 2021 699 2058 Nunquid
716 2024 845 2051 coriarius

59 2065 102 2086 aut
115 2062 293 2089 sordiscarius
312 2063 360 2099 [aL
378 2065 560 2102 storlisarius]
574 2071 631 2094 erat
647 2067 726 2100 Deus,
743 2074 770 2096 ut
785 2078 847 2096 (01t-

58 2105 143 2139 [iceret
158 2107 238 2140 pelles
256 2109 422 2141 animalium,
437 2115 461 2136 et
478 2117 612 2138 consuerat
636 2121 668 2139 ea:
683 2114 720 2140 eis
742 2115 845 2142 tunicas

58 2151 177 2181 pelliretis
203 2153 289 2179 Adam
312 2158 336 2180 et
360 2153 441 2182 Evu'?
461 2155 635 2191 Manifestum
657 2163 782 2193 estergo,
805 2160 846 2186 in-

58 2196 131 2228 quit,
154 2197 224 2230 quod
248 2198 278 2224 de
306 2200 461 2232 corporibus
488 2201 585 2228 nostris
612 2202 746 2236 loquatur.
772 2204 804 2230 iit
821 2205 844 2231 si

59 2239 107 2267 hoc
123 2242 160 2268 ita
176 2246 231 2275 cst,
258 2245 395 2278 quomodo
411 2245 526 2280 legimus
541 2251 604 2273 ante
622 2248 748 2281 pellieeas
767 2249 842 2276 tuni-

58 2295 112 2320 cas,
133 2293 160 2316 et
179 2294 243 2317 ante
268 2290 488 2323 inobedientiam,
502 2296 528 2318 et
543 2292 576 2319 de
591 2293 718 2327 paradiso
735 2295 841 2322 ruinam

58 2334 140 2361 Adam
162 2336 316 2371 loquentem
343 2346 396 2364 non
423 2338 573 2365 secundum
598 2340 766 2374 allegoriam,
794 2342 840 2369 sed

93 2391 99 2405 '
122 2391 296 2425 Psal.exvnl,
314 2394 358 2421 67.
397 2395 407 2409 ¹
427 2393 498 2422 Psal.
514 2402 586 2426 cxtv,
605 2396 630 2422 7.

58 2424 232 2463 ’illidqflt.
270 2428 280 2443 θ
300 2429 365 2456 ibid.
414 2429 425 2444 ο
444 2430 511 2458 Gen.
542 2424 641 2463 ιι,ἰο.

59 2466 103 2492 in,
120 2461 146 2492 2,
161 2461 187 2488 ι.

93 2516 129 2556 (η
148 2517 322 2556 Ambrosiam
343 2521 455 2556 triginta
471 2527 606 2554 numerat,
626 2522 671 2548 alii
689 2529 755 2549 mss.
774 2530 840 2556 qua-

59 2551 196 2590 draginta;
211 2553 257 2590 sed
277 2555 348 2587 quod
365 2551 467 2590 optime
480 2564 542 2584 ante
557 2551 607 2584 nos
623 2556 761 2583 Victorius
773 2551 839 2590 quo-

59 2593 109 2626 qne.
125 2588 391 2626 _ani_madver_terat,‘
402 2595 542 2624 propterea
567 2592 701 2626 octoginta
718 2588 842 2618 nominat

60 2619 233 2660 Epiphanius,
258 2623 337 2656 cujus
357 2619 414 2660 inec
438 2619 481 2652 est
504 2619 638 2660 epistola:
650 2626 721 2660 quod
744 2631 841 2653 contra

59 2655 299 2695 Iotidemhtereses
312 2659 465 2694 scripserit,
479 2655 540 2695 qua:
555 2662 588 2688 ad
605 2655 756 2695 sua'usque
772 2665 840 2688 tem-

60 2696 120 2722 pora
136 2691 312 2724 pullularant.

93 2725 129 2759 t2)
149 2725 220 2765 _l_ii_nc
237 2726 358 2765 Origenis
378 2735 488 2765 nomen,
505 2731 577 2765 quod
595 2739 683 2765 neque
706 2739 772 2759 mss.
792 2739 842 2758 ne-

59 2765 113 2799 que
120 2760 187 2799 edi-ti
203 2762 374 2799 _Vetustiores
390 2763 500 2796 habent,
514 2760 711 2799 'expunxiinus.

91 2795 128 2826 (3)
149 2794 238 2823 Vatic.
257 2801 283 2823 et
308 2801 387 2824 vetus
410 2794 498 2826 editio
519 2794 639 2827 habitare
650 2800 724 2861 [fecit
749 2805 843 2828 contra

93 2830 220 2861 mdisum,
241 2836 266 2858 et
281 2839 331 2858 non
348 2833 444 2861 adiecit
459 2842 501 2861 eos
520 2835 567 2861 sub
582 2843 648 2861 vara
669 2835 718 2861 iso.

93 2830 220 2864 mdisum,
241 2836 266 2858 et
281 2839 331 2858 non
348 2833 444 2867 adjecit
459 2842 501 2861 eos
520 2835 567 2862 sub
582 2830 718 2869 paradiso.

682 2433 703 2448 ‘°
724 2433 791 2460 ibid.

671 2397 681 2412 ³
701 2397 773 2424 Psal.
789 2406 863 2426 cru.
875 2398 900 2423 8.

832 2433 936 2466 “,13.

902 1620 954 1648 ter,
974 1624 1044 1651 quas
1068 1624 1150 1644 manu
1168 1621 1244 1652 potes
1268 1621 1390 1652 tangere,
1412 1626 1459 1647 ore
1484 1621 1607 1653 sorbere.
1633 1629 1689 1650 non

901 1669 986 1696 aquas
1009 1662 1157 1697 spiritales.
1178 1662 1227 1690 Ubi
1248 1668 1339 1691 autem
1364 1664 1476 1692 ﬂumina
1493 1672 1567 1700 sunt,
1581 1675 1643 1702 quae
1662 1673 1689 1696 ct

899 1708 1027 1735 videntur
1049 1713 1076 1736 et
1101 1709 1247 1742 bibuntur,
1265 1709 1301 1737 ibi
1325 1717 1497 1746 consequens
1516 1716 1559 1740 est
1576 1714 1648 1748 quod
1662 1718 1690 1742 et

901 1752 967 1780 licus
982 1757 1009 1781 et
1030 1753 1082 1781 alia
1098 1754 1169 1789 ligna
1192 1755 1248 1782 sint
1261 1763 1268 1781 :
1283 1755 1317 1782 de
1335 1756 1435 1790 quibus
1453 1757 1519 1784 dicit
1537 1757 1628 1785 Deus:
1647 1759 1689 1786 Εε

900 1798 971 1824 omni
990 1798 1061 1833 ligno
1081 1799 1150 1834 quod
1166 1804 1205 1826 est
1223 1800 1249 1826 in
1261 1799 1387 1833 paradiso
1404 1801 1521 1829 comede:
1540 1804 1562 1818 ¹¹
1578 1812 1584 1830 :
1607 1804 1688 1838 262

899 1843 999 1870 similia
1016 1848 1081 1871 sunt
1102 1845 1183 1878 lignis
1199 1845 1261 1872 aliis
1281 1849 1308 1875 et
1323 1845 1467 1873 arboribus
1482 1846 1531 1881 (5),
1553 1847 1625 1874 sicut
1637 1848 1688 1874 tiu-

899 1888 971 1914 mina
996 1889 1096 1916 similia
1120 1893 1183 1916 sum
1207 1889 1364 1917 lluininibus
1388 1894 1415 1918 et
1439 1891 1528 1925 aquis.
1551 1891 1580 1918 Si
1597 1898 1686 1920 autem

898 1941 968 1968 aqua
983 1942 1044 1968 quze
1066 1935 1197 1967 cernitur,
1216 1943 1278 1963 rere
1296 1943 1372 1970 aqua
1399 1942 1450 1969 est,
1468 1945 1581 1965 necesse
1599 1942 1641 1966 est
1655 1942 1686 1966 ut

897 1984 924 2007 et
939 1979 1007 2007 licus
1023 1987 1085 2007 vera
1102 1980 1148 2012 sit,
1165 1984 1192 2007 et
1208 1981 1259 2007 alia
1277 1981 1349 2016 ligna
1364 1989 1369 2006 :
1387 1985 1415 2009 et
1432 1982 1518 2010 Adam
1533 1991 1614 2012 verus
1627 1989 1685 2012 sta-

899 2023 946 2049 tim
963 2031 978 2049 a
994 2023 1126 2058 principio
1139 2024 1289 2058 plasmatns
1303 2025 1329 2052 in
1344 2033 1467 2060 corpore,
1484 2027 1555 2054 sicut
1570 2032 1597 2055 ct
1614 2028 1680 2061 Eva,

897 2073 924 2094 et
955 2076 1008 2094 non
1036 2068 1063 2095 in
1087 2068 1287 2103 phantasmate,
1312 2075 1339 2097 et
1362 2075 1422 2105 post
1444 2071 1550 2098 ruinam
1565 2072 1606 2106 (ut
1629 2073 1686 2100 vult

899 2112 1040 2148 Origenes)
1057 2117 1165 2148 propter
1183 2118 1324 2149 peccatum
1342 2119 1436 2149 postea
1452 2123 1551 2150 corpus
1573 2124 1685 2152 accepe-

905 2158 951 2184 rit.
970 2158 1021 2185 Sed
1038 2158 1107 2186 dicis
1122 2168 1128 2186 ;
1146 2158 1273 2194 Legimus
1297 2160 1368 2195 quod
1389 2164 1500 2187 sanctus
1519 2159 1618 2188 Paulus
1641 2167 1686 2188 ra-

900 2208 962 2237 ptus
975 2204 1010 2230 sit
1027 2212 1114 2238 usque
1127 2204 1160 2230 ad
1176 2204 1286 2231 tertium
1304 2205 1414 2236 cmlum,
1428 2209 1454 2232 et
1467 2212 1552 2240 usque
1566 2206 1591 2232 in
1606 2213 1686 2239 para-

897 2249 985 2276 disum
1003 2249 1034 2276 ¹³.
1049 2249 1120 2277 Bene
1135 2249 1204 2277 dicis
1217 2259 1223 2276 :
1235 2249 1350 2283 Quando
1362 2251 1436 2284 ponit
1449 2250 1558 2277 tertium
1573 2250 1684 2281 cadum,

897 2299 923 2322 ct
949 2300 1043 2330 postea
1067 2295 1153 2328 addit,
1180 2300 1207 2322 et
1228 2296 1255 2323 in
1281 2296 1449 2331 paradisum,
1477 2296 1596 2322 ostendit
1621 2295 1685 2322 alibi

897 2348 958 2368 esse
975 2342 1085 2373 uelum,
1102 2345 1129 2368 et
1146 2341 1210 2369 alibi
1237 2341 1406 2376 paradisum.
1425 2340 1485 2368 Illas
1502 2348 1565 2367 vero
1586 2340 1686 2375 prmsti-
1727 2365 1730 2367 .

1468 2395 1477 2410 ⁸
1497 2395 1562 2422 ibid.
1578 2396 1622 2426 Ἡ,
1638 2395 1686 2424 22.

941 2397 951 2413 ⁸
972 2397 1042 2424 Psal.
1063 2406 1136 2428 cxtv,
1149 2398 1175 2424 9.
1214 2397 1224 2412 ⁵
1245 2396 1311 2424 Gen.
1329 2396 1415 2428 ",25.
1468 2396 1477 2410 ⁸
1497 2396 1562 2422 ibid.
1578 2396 1622 2426 Ἡ,
1638 2396 1683 2424 22⁴

976 2434 996 2448 ¹¹
1016 2433 1117 2458 Jerem.
1140 2440 1170 2458 ιι.
1188 2432 1230 2458 10.
1271 2432 1291 2447 ¹¹
1311 2431 1379 2458 Gen.
1402 2438 1432 2458 ιι.
1455 2429 1499 2456 ili.
1539 2430 1559 2445 ”
1580 2430 1600 2456 ll
1621 2430 1683 2458 Cor.

976 2434 996 2448 “
1016 2433 1117 2460 Jcrem.
1140 2440 1170 2464 ιι,
1188 2432 1230 2459 10.
1271 2432 1291 2447 ¹¹
1311 2431 1379 2458 Gen.
1402 2438 1432 2464 ιι,
1455 2429 1499 2456 16.

931 2522 969 2556 (4)
991 2522 1074 2549 Antea
1098 2529 1181 2556 penes
1203 2520 1327 2547 Martian.
1350 2520 1484 2555 aliosque,
1511 2521 1548 2556 de
1562 2522 1609 2548 hoc
1629 2530 1686 2549 ma-

895 2565 955 2591 gno.
985 2557 1042 2583 Mox
1067 2555 1127 2583 dua:
1142 2557 1246 2591 priores
1264 2556 1410 2585 editiones.
1429 2564 1472 2591 ac
1484 2555 1596 2582 totidem
1613 2565 1683 2584 mss.

895 2585 1007 2623 Ῑιωηὶηα
1022 2596 1082 2618 sunt
1106 2597 1130 2618 et
1142 2585 1229 2624 'aquw
1246 2591 1369 2617 bibuntur
1390 2595 1415 2616 et
1431 2590 1553 2617 videntur
1567 2599 1576 2618 :
1593 2593 1686 2619 rectis—

896 2634 974 2653 Sitne.

932 2661 971 2695 (5)
990 2660 1062 2687 Duos
1080 2668 1176 2687 versus
1198 2660 1277 2693 istos,
1299 2661 1398 2686 similia
1422 2665 1483 2686 sunt
1507 2659 1588 2695 lignis
1610 2661 1684 2692 aliis,

896 2699 950 2722 etc.
970 2695 1107 2722 Victorius-
1122 2696 1262 2729 expunxit,
1285 2695 1358 2728 quod
1386 2695 1413 2722 in
1430 2696 1488 2723 suis
1506 2703 1573 2735 mss.
1589 2703 1684 2735 exerit:

898 2730 1019 2764 plaribus
1036 2737 1089 2756 non
1106 2730 1267 2761 invenisset,
1286 2733 1313 2755 et
1329 2737 1440 2756 sensum
1456 2731 1615 2764 perturbare
1631 2729 1683 2755 Silii

897 2765 1066 2791 viderentur.
1092 2764 1179 2804 hellis.
1201 2772 1225 2803 (τ⁵
1237 2767 1331 2790 contra
1350 2772 1412 2804 cum
1431 2765 1499 2791 satis
1522 2765 1605 2804 probe
1621 2770 1681 2804 seu-

897 2808 958 2827 sum
983 2799 1109 2833 persequi
1130 2799 1180 2825 \‘isi
1204 2798 1269 2830 sint,
1285 2806 1316 2825 es
1334 2799 1423 2825 tribus
1441 2806 1507 2826 mss.
1523 2798 1681 2832 antiquissi-

898 2836 961 2867 mis,
978 2839 1059 2869 atque
1075 2834 1156 2861 editis
1172 2834 1299 2860 omnibus
1315 2833 1500 2868 reposuimus.
