1929 3038
69 158 136 188 589
565 163 735 192 EPISTOLA
757 163 802 194 AD
828 164 926 194 JOAN.
948 165 1056 195 EPISC.
1078 166 1265 201 illEllOSOL.
1662 170 1717 201 390

75 225 131 245 ares
143 218 290 253 imaginem
304 217 362 246 Dei.
376 218 497 248 Iacobus
508 220 580 249 enim
597 224 738 258 apostolus
753 228 779 252 et
790 224 874 253 frater
890 228 912 255 Α
927 223 1071 254 revelanda
1089 231 1132 255 est
1147 230 1251 258 sanctis
1272 230 1342 268 ejus,
1360 232 1462 262 dictum
1482 239 1539 264 est:
1555 237 1626 267 sicut
1643 243 1674 267 ct
1689 240 1716 268 in

76 262 202 296 Domini,
223 264 304 298 cujus
325 268 352 292 et
378 271 461 300 supra
477 267 663 302 meminimus,
679 269 791 298 instruit
812 279 873 303 nos,
927 270 980 297 alio
1009 270 1070 299 loco
1085 272 1202 308 legimus
1215 275 1251 301 :A
1282 262 1368 310 3min
1392 278 1419 305 in
1446 279 1559 314 gloriam
1576 281 1588 298 δ
1607 292 1614 310 :
1633 262 1714 321 cujtis

76 316 114 321 -Α
142 308 267 321 m:_-_:_
298 311 404 321 I__..s!_
436 313 504 321 .,,-,
609 315 617 321 ι
647 315 653 321 ι
735 316 742 321 ι
802 317 807 321 .
943 315 950 321 ι
986 315 992 321 ι
1039 317 1045 321 .
1111 317 1117 321 .
1172 319 1178 321 .

75 316 115 336 ne
141 308 269 345 Origenis
298 311 406 346 laqueis
431 313 584 347 capiamur,
609 315 710 344 habere
735 316 873 345 hominem

75 354 228 389 imaginem
245 361 271 383 et
282 357 491 385 similitudinem
508 358 565 386 Dei.
579 359 645 388 Nam
661 368 723 389 cum
735 362 768 390 de
782 363 873 399 lingua

76 399 202 428 hominis
219 400 302 429 latius
324 402 504 437 disputasset,
522 404 623 438 adfecit
639 414 645 432 :
663 404 792 434 Instabile
813 416 873 435 ma-

76 444 145 476 lum,
167 446 196 472 iu
219 446 277 480 ipsa
294 447 388 481 quippe
410 447 587 476 benedicimus
609 450 694 478 Deum
713 450 831 485 Patrem,
847 459 872 481 et

74 498 105 516 m
121 491 182 524 ipsa
197 491 380 518 maledicimus
397 492 526 525 homines,
548 495 593 529 qui
614 495 649 522 ad
669 496 872 526 similitudinem

78 535 128 562 Dei
141 536 242 563 conditi
258 541 320 563 sunt
336 537 356 564 '.
371 536 473 566 Paulus
486 547 594 574 quoque
609 548 658 569 vas
677 542 831 576 electionis,
845 547 872 570 et

74 581 123 615 qui
142 580 297 608 doctrinam
316 581 505 618 Evangelicam
521 593 570 612 sua
586 586 780 620 praedicatione
796 595 871 615 com-

74 625 171 659 plevit,
193 625 273 652 docet
293 634 353 660 nos,
374 628 446 662 quod
469 628 551 656 homo
568 631 601 657 ad
617 631 774 666 imaginem,
791 637 818 660 et
836 634 871 662 si-

74 670 261 698 militudinem
275 670 323 699 Dei
344 673 473 702 conditus
496 673 541 707 sit,
560 675 654 703 dicens
670 686 677 704 ι
699 677 746 704 Vir
761 686 812 705 non
829 679 871 706 de-

74 714 116 741 bet
136 715 239 742 nutrire
255 724 368 749 comam,
387 726 445 745 cum
465 719 551 754 gloria
573 725 599 747 et
620 721 708 757 imago
731 723 780 750 Dei
796 724 829 751 sit
846 726 867 757 ¹,

74 759 224 795 imaginem
241 761 404 796 simpliciter
421 765 561 799 appellans
585 773 635 794 suo
655 769 776 801 nomine,
793 770 870 797 simi-

73 804 220 833 litudinem
238 811 328 834 autem
349 808 441 844 gloria:
462 811 645 845 appellatione
660 813 831 848 signiﬁcans.

111 850 168 878 VII.
187 851 240 879 Pro
256 853 343 881 tribus
361 854 444 889 igitur
459 857 634 890 testimoniis,
649 866 710 893 qlue
724 860 783 890 tibi,
795 861 817 888 si
834 861 867 889 de

74 895 221 932 Scriptura
231 903 326 925 sancta
341 901 500 935 reperirem,
510 902 621 930 dicebas
629 912 711 939 posse
724 905 847 934 sullicere
857 917 864 935 :

73 949 139 969 ecce
145 948 250 977 septem
261 944 415 972 testimonia
425 945 562 976 dedimus.
573 948 640 980 Quis
647 957 713 984 ergo
721 951 867 979 sustinebit

73 987 202 1023 Origenis
230 988 367 1025 ineptias?
386 994 415 1018 ut
433 999 488 1018 non
501 993 612 1027 gravius
630 994 733 1029 aliquid
759 996 864 1031 loquar,

72 1037 98 1060 et
115 1033 218 1061 similis
234 1034 336 1062 eiliciar
361 1036 403 1063 vel
432 1036 483 1071 ipsi
501 1037 543 1065 vel
565 1038 708 1074 discipulis
730 1041 799 1076 ejus,
819 1043 866 1077 qui

72 1079 175 1106 audent
189 1079 215 1106 in
224 1081 347 1115 periculo
357 1082 455 1109 anima:
470 1090 526 1110 sua:
535 1090 669 1118 asserere,
684 1085 866 1122 quodcunque

74 1124 115 1151 cis
130 1125 159 1152 in
178 1125 291 1152 buccam
303 1128 417 1160 venerit,
434 1132 461 1155 et
473 1130 560 1164 magis
574 1129 673 1164 jubere
691 1130 757 1164 Deo,
769 1136 796 1160 et
811 1141 864 1160 non

72 1169 106 1196 ab
119 1177 154 1197 eo
170 1171 210 1197 vel
219 1178 299 1199 orare
313 1172 354 1199 vel
370 1171 478 1201 discere
489 1175 642 1203 veritatem.
660 1175 777 1209 Quidam
791 1178 864 1206 enim

70 1221 168 1242 eorum
189 1216 378 1253 dicunt,quod
395 1219 486 1255 imago
498 1219 557 1253 Dei,
572 1229 656 1256 quam
667 1223 745 1257 prius
761 1225 866 1259 accepit

70 1260 170 1293 Adam,
190 1262 236 1289 illo
253 1268 393 1298 peccante.
413 1265 536 1299 perierit.
552 1266 603 1293 Alii
620 1268 866 1303 suspicanturcor-

70 1311 134 1339 pus,
144 1306 220 1340 quod
231 1306 317 1335 FliillS
330 1308 376 1336 Dei
388 1309 612 1338 babiturusessct
621 1320 655 1339 ex
668 1312 765 1346 Maria,
775 1314 863 1349 ipsum

70 1356 133 1377 esse
141 1351 288 1386 imaginem
304 1352 341 1387 (9)
357 1353 518 1381 conditoris.
530 1354 658 1383 Nonnulli
673 1358 792 1385 animam
804 1366 865 1387 esse

70 1395 230 1430 imaginem,
244 1396 288 1422 alii
299 1405 422 1430 sensum,
440 1399 485 1425 alii
503 1399 648 1428 virtutem:
661 1401 705 1428 isti
718 1402 862 1437 baptisma:

71 1441 108 1473 hi,
118 1441 193 1476 quod
203 1441 284 1468 homo
299 1442 332 1469 ad
343 1443 488 1478 imaginem
497 1443 545 1471 Dei
559 1445 717 1473 dominetur
724 1447 863 1480 omnibus,

69 1487 211 1515 ebriorum
227 1495 304 1515 more
316 1488 374 1515 haec
385 1490 424 1516 vel
441 1489 489 1516 illa
505 1495 656 1524 ructantcs,
673 1499 743 1526 quos
754 1498 864 1527 oporte—

925 315 1017 350 gloriae
1034 317 1090 351 jam
1110 317 1137 345 in
1171 319 1225 346 isto
1247 321 1349 348 saeculo
1374 323 1462 350 sancti
1493 315 1715 358 arrabonem'et

925 362 1126 396 portiunculam
1147 370 1340 400 susceperunt.
1353 366 1461 396 Primus
1474 377 1568 397 eorum
1588 371 1694 408 Moyses
1703 395 1713 407 ,

924 407 1004 442 cujus
1027 408 1105 436 fulsit
1126 409 1208 439 facies
1224 412 1313 445 valde,
1332 416 1360 441 et
1380 413 1505 442 radiabat
1520 416 1603 444 veluti
1626 407 1715 454 fulgor

923 456 949 480 et
972 454 1022 481 sol.
1039 453 1184 484 Secundus
1200 456 1285 489 Elias,
1297 458 1377 493 igneo
1390 466 1472 487 curru
1489 465 1585 496 raptus
1614 463 1641 490 in
1658 453 1714 491 eua-

922 497 991 529 lum,
1007 502 1035 526 et
1057 499 1129 535 ignis
1141 501 1304 529 detrimenta
1319 509 1374 530 non
1400 505 1531 534 sentiens.
1559 506 1713 542 Stephanus

923 542 1105 577 lapidabatur,
1120 549 1148 572 et
1164 545 1259 573 faciem
1275 547 1393 576 habebat
1411 550 1511 584 angeli,
1527 559 1588 586 quae
1605 552 1640 579 ab
1650 560 1712 581 om-

922 588 1003 617 nibus
1027 591 1202 619 cernebatur.
1222 592 1279 619 Hoc
1292 597 1382 620 autem
1403 595 1475 629 quod
1499 596 1526 623 in
1550 598 1646 632 paucis
1672 599 1713 626 di-

921 633 1023 666 ximus,
1043 635 1077 662 de
1097 636 1224 664 omnibus
1238 637 1444 674 intelligendum
1460 644 1512 673 est,
1542 646 1572 668 ut
1596 642 1712 677 implea-

920 681 965 705 tur
982 679 1047 707 illud
1074 682 1146 716 quod
1169 683 1302 717 scriptum
1329 689 1371 712 est
1389 685 1506 714 :Omnis
1536 687 1583 722 qui
1605 689 1711 716 sancti-

920 723 983 751 ﬁcat
993 727 1182 761 semetipsum,
1208 727 1280 755 inter
1296 729 1389 757 beatos
1406 732 1596 760 numerabitur
1613 742 1619 760 :
1633 733 1711 761 Beati

919 769 992 797 enim
1021 772 1118 798 mundo
1140 772 1226 806 corde,
1248 775 1372 808 quoniam
1390 777 1440 810 ipsi
1452 776 1534 804 Deum
1549 778 1670 806 videbunt
1685 779 1707 807 ⁸.

958 813 1023 842 Vill.
1039 816 1106 843 Cum
1135 818 1191 844 ha'c
1206 819 1243 845 ita
1264 826 1295 846 se
1315 812 1443 854 habeant,
1459 822 1646 856 dilectissime,
1660 832 1710 852 cu-

920 860 990 887 stodi
1006 862 1123 888 animam
1137 867 1223 895 tuam,
1240 868 1266 892 et
1275 865 1371 893 desine
1384 871 1478 894 contra
1492 867 1540 903 [aL
1560 869 1645 905 circa]
1657 878 1711 900 nos

920 913 1103 934 murmurare.
1130 907 1199 936 Dicit
1225 910 1298 937 enim
1315 910 1456 946 Scriptura
1474 913 1566 940 divina
1587 922 1595 940 :
1616 914 1711 943 Nolite

917 959 1085 979 murmurare
1098 953 1254 987 adiutricem,
1267 956 1335 982 sicut
1346 957 1453 992 quidam
1467 965 1708 994 murmurauerunt,

916 1001 940 1023 ct
960 1005 976 1024 α
989 999 1153 1033 serpentibus
1179 1002 1312 1034 perierunt
1330 1003 1340 1017 '
1358 1010 1364 1027 :
1382 1003 1469 1038 magis
1482 1004 1626 1038 acquiesce
1641 1006 1709 1032 veri-

917 1043 977 1074 tati,
1003 1049 1029 1070 et
1060 1044 1144 1079 dilige
1171 1052 1223 1072 nos
1249 1046 1395 1081 diligentes
1425 1052 1470 1080 te,
1502 1053 1530 1075 et
1551 1051 1706 1077 veritatem.

917 1088 989 1116 Deus
1016 1095 1106 1117 autem
1124 1091 1199 1125 pacis
1221 1095 1332 1126 praestet
1358 1092 1438 1120 nobis
1453 1093 1530 1127 juxta
1544 1101 1622 1120 suam
1649 1095 1707 1123 cle-

917 1134 1059 1166 mentiam,
1076 1138 1106 1161 ut
1121 1139 1281 1162 conteratur
1295 1135 1413 1165 Satanas
1433 1137 1485 1164 sub
1497 1138 1612 1172 pedibus
1625 1139 1707 1166 Chri-

917 1179 1078 1211 stianorum.
1094 1183 1121 1206 et
1131 1179 1276 1215 abjiciatur
1287 1182 1377 1210 omnis
1389 1183 1500 1210 occasio
1520 1191 1657 1219 perversa,
1673 1192 1708 1212 ne

916 1224 1059 1251 scindatur
1088 1225 1116 1251 in
1145 1225 1226 1253 nobis
1252 1226 1392 1253 vinculum
1421 1227 1564 1255 cbaritatis
1577 1232 1604 1255 et
1627 1233 1710 1256 rectas

915 1268 978 1295 lidci
995 1269 1165 1303 praedicatio.

952 1312 996 1339 IX.
1013 1312 1142 1340 Nolanda
1157 1313 1307 1341 Itiatoriola.
1326 1328 1361 1334 -
1379 1314 1513 1343 Praeterea
1530 1316 1620 1343 audivi
1650 1316 1707 1352 (Η)

915 1358 1048 1393 quosdam
1078 1366 1251 1387 murmurare
1273 1363 1368 1386 contra
1388 1368 1442 1393 me,
1459 1361 1523 1395 quia
1538 1361 1649 1395 quando
1669 1363 1708 1390 si-

915 1402 970 1429 nml
988 1403 1171 1438 pergebamus
1195 1404 1230 1430 ad
1257 1409 1382 1432 sanctum
1408 1405 1498 1432 locum
1518 1406 1564 1440 qui
1593 1411 1708 1434 vocatur

915 1446 1018 1480 Detbel,
1036 1453 1064 1475 ut
1077 1449 1113 1476 ibi
1123 1448 1368 1477 Collectamtecum
1383 1458 1415 1477 er
1426 1458 1501 1478 more
1515 1451 1705 1479 ecclesiastico

916 1492 1048 1527 facerem,
1063 1498 1091 1521 et
1114 1495 1251 1523 venissem
1277 1496 1310 1523 ad
1330 1496 1423 1523 villam
1443 1504 1505 1532 quae
1519 1496 1620 1524 dicitur
1634 1497 1707 1525 Ana-

70 1533 115 1559 bat
131 1536 240 1559 tantum
251 1533 380 1568 eti‘ugere,
399 1535 558 1568 discrimen,
576 1543 626 1563 nec
638 1544 739 1572 negare
747 1545 807 1573 quae
822 1539 863 1566 lo-
876 1549 897 1577 ρ
915 1537 1018 1572 blatba,
1047 1539 1233 1575 vidissemque
1253 1541 1289 1568 ibi
1309 1542 1470 1576 prateriens
1489 1542 1629 1570 lucernam
1660 1550 1706 1569 ar-

69 1578 166 1612 quitur
186 1578 269 1611 Deus,
286 1583 313 1607 et
330 1580 474 1608 credentes
502 1581 666 1617 simpliciter
684 1583 776 1611 salvos
792 1584 861 1617 tieri,

68 1623 182 1660 Deoque
196 1625 348 1653 concedere
362 1626 519 1655 donationis
534 1635 590 1655 suae
601 1632 703 1656 certam
717 1628 773 1666 (l0)
782 1633 809 1657 et
818 1637 863 1657 vc-

67 1677 127 1697 ram
145 1670 302 1701 scientiam.
320 1671 346 1698 in
371 1679 424 1707 qua
453 1673 625 1706 potissimum
644 1679 722 1708 parte
737 1674 864 1702 homines

67 1716 269 1743 condideritad
284 1717 430 1752 imaginem
446 1721 473 1745 et
488 1718 699 1746 similitudinem
712 1719 862 1753 suam.Qui

68 1762 125 1788 haec
142 1762 341 1797 relinquentes,
361 1763 454 1790 multis
471 1771 501 1791 se
515 1763 717 1798 quaestionibus
738 1765 864 1801 implica-

68 1811 144 1838 runt,
161 1811 188 1834 et
211 1815 259 1842 per
273 1808 322 1835 has
340 1808 367 1834 in
383 1815 492 1835 ccenum
512 1809 631 1836 demersi
652 1814 717 1837 sunt
736 1815 863 1845 peccato-

67 1860 140 1879 rum.
156 1852 214 1880 Nos
228 1856 329 1883 autem.
340 1854 527 1886 dilectissime,
542 1855 681 1883 credimus
690 1854 742 1887 his,
754 1864 814 1891 qua:
823 1857 862 1884 lo-

67 1903 151 1925 cutus
167 1904 210 1926 est
226 1899 368 1931 Dominus,
386 1904 413 1926 ct
427 1900 540 1934 scimus,
558 1901 631 1936 quod
647 1901 675 1929 in
689 1902 796 1930 cunctis
814 1903 864 1929 ho-

67 1942 192 1971 minibus
210 1944 298 1979 imago
313 1945 359 1972 Dei
376 1951 546 1980 permaneat,
561 1947 668 1982 ipsique
686 1947 863 1975 concedimus

67 1996 162 2021 nosse,
176 1989 202 2016 in
221 1997 274 2025 qua
285 1995 362 2025 parte
374 1991 456 2018 homo
466 1991 499 2019 ad
516 1991 660 2027 imaginem
672 1990 717 2020 Dei
734 1993 863 2021 conditus

67 2035 112 2063 sit.
127 2034 182 2062 Sed
195 2043 283 2070 neque
293 2036 450 2071 illud,quod
459 2038 570 2072 quidam
582 2037 609 2064 in
623 2039 736 2073 cpistola
750 2038 863 2066 Joannis

67 2079 191 2114 legentes
220 2087 274 2108 non
293 2081 461 2116 intelligunt,
488 2090 652 2117 quemquam
672 2083 801 2118 decipiat,
817 2084 862 2111 ltbi

68 2125 208 2160 loquitur:
223 2125 303 2153 Num:
330 2127 381 2162 [iiii
406 2127 452 2154 Dei
475 2136 566 2154 sumus
587 2133 611 2154 et
631 2129 760 2155 nescimus
772 2129 862 2164 quales

67 2171 154 2206 fuluri
168 2181 259 2199 sumus
275 2172 341 2208 (11).
358 2173 485 2200 Nouimus
500 2178 597 2205 autent,
610 2175 673 2210 quia
689 2183 748 2201 cum
760 2175 804 2202 ille
819 2183 862 2202 re-

916 1584 1042 1617 dcntem,
1070 1590 1098 1614 et
1117 1586 1348 1622 interrogassem,
1372 1588 1434 1623 quis
1461 1588 1537 1616 locus
1564 1592 1648 1619 esset,
1667 1589 1707 1617 div

914 1630 1098 1665 dicissemque
1117 1639 1179 1659 esse
1204 1632 1361 1666 ecclesiam,
1388 1637 1416 1661 et
1431 1634 1576 1661 intrassem
1593 1637 1624 1660 ut
1643 1641 1708 1661 ora-

913 1683 971 1703 rem
987 1685 995 1703 :
1013 1676 1103 1704 inveni
1117 1677 1154 1704 ibi
1169 1677 1258 1704 velum
1273 1678 1398 1712 pendens
1411 1678 1439 1706 in
1462 1678 1568 1706 foribus
1584 1678 1707 1713 ejusdem

913 1722 1037 1750 ecclesia».
1050 1723 1165 1750 tinctum
1186 1727 1269 1759 atque
1293 1724 1443 1759 depictum,
1468 1727 1495 1751 et
1519 1723 1624 1751 habens
1640 1724 1710 1751 ima-

912 1766 1004 1803 ginem
1030 1769 1110 1803 quasi
1138 1769 1253 1802 Christi,
1284 1770 1325 1796 vel
1353 1769 1442 1797 sancti
1468 1769 1635 1804 cujusdam;
1652 1778 1708 1797 non

913 1813 987 1840 enim
1003 1813 1074 1841 satis
1091 1815 1214 1847 memini,
1230 1814 1310 1850 cujus
1335 1815 1425 1850 imago
1441 1814 1534 1842 fuerit.
1557 1814 1625 1842 Cum
1643 1822 1708 1850 ergo

914 1859 1055 1890 vidissem,
1073 1864 1101 1887 et
1114 1860 1267 1888 detestatus
1283 1867 1373 1888 essem
1386 1860 1442 1895 (15)
1453 1860 1480 1887 in
1498 1860 1613 1888 ecclesia
1628 1860 1708 1887 Chri-

914 1904 948 1930 sti
965 1908 1061 1931 contra
1073 1905 1265 1932 auctoritatem
1281 1905 1487 1941 Scripturarum
1505 1906 1625 1933 hominis
1638 1913 1707 1940 pen-

913 1948 978 1976 dere
991 1949 1148 1984 imaginem,
1163 1950 1231 1977 scidi
1246 1950 1324 1983 illud,
1336 1955 1365 1978 et
1380 1950 1467 1984 magis
1483 1950 1546 1978 dedi
1559 1950 1706 1978 consilium

915 1994 1079 2022 custodibus
1095 1995 1217 2030 ejusdem
1228 1995 1292 2027 loci,
1312 2001 1341 2023 ut
1356 2003 1502 2031 pauperem
1519 2000 1656 2023 mortuum
1675 2003 1708 2023 eo

913 2039 1091 2068 obvolverent
1103 2045 1129 2068 et
1145 2041 1273 2069 eﬂ‘errent
1290 2051 1295 2068 :
1314 2041 1412 2077 Illique
1432 2046 1525 2068 contra
1539 2049 1708 2068 murmuran-

915 2090 954 2112 tes
974 2085 1096 2112 dixerunt
1112 2094 1121 2112 :
1137 2086 1168 2113 Si
1190 2087 1307 2114 scindere
1329 2087 1458 2118 voluerat,
1471 2086 1575 2120 justum
1594 2091 1662 2119 erat,
1677 2091 1708 2112 ut

913 2131 988 2158 aliud
1004 2131 1079 2158 daret
1094 2132 1177 2159 velum
1192 2138 1269 2168 atque
1299 2136 1423 2159 mutaret.
1440 2131 1518 2165 Quod
1534 2139 1596 2159 cum
1613 2131 1706 2158 audis-

913 2185 981 2207 sem.
1002 2185 1045 2205 me
1060 2178 1189 2205 daturum
1204 2186 1265 2206 esse
1281 2178 1419 2213 pollicitus
1433 2185 1506 2209 sum,
1522 2181 1548 2204 ct
1560 2177 1633 2203 illico
1645 2184 1706 2203 esse

67 2217 171 2244 celatus
198 2218 289 2252 fuerit,
307 2219 407 2245 similes
431 2219 454 2246 ei
476 2220 585 2247 erimus.
613 2219 762 2247 Videbimus
793 2221 861 2247 enim
881 2213 901 2240 ί)
919 2223 1079 2251 missurum.
1094 2223 1238 2251 Paululum
1251 2229 1342 2251 autem
1352 2231 1491 2251 morarum
1504 2223 1594 2250 fuitin
1604 2220 1705 2252 medio,

65 2270 126 2290 ram
137 2264 217 2290 sicuti
232 2269 270 2290 est
285 2264 305 2291 ³.
325 2264 380 2291 Hoc
392 2265 463 2292 enim
479 2269 589 2300 propter
603 2266 717 2301 gloriam
728 2286 735 2298 ,
750 2273 810 2301 qua:
826 2266 862 2293 ibi

118 2381 126 2397 ¹
146 2379 205 2407 Jac.
224 2388 265 2411 Ilz,
279 2379 306 2412 8,
325 2379 351 2407 9.

66 2425 94 2447 ι.
111 2416 139 2444 9.
157 2415 199 2442 t0.

408 2380 418 2395 '
439 2380 447 2406 l
465 2380 527 2408 Cor.
557 2387 595 2412 xt,
615 2380 641 2406 7.

67 2519 166 2545 colmm
184 2518 294 2545 fratrem
320 2517 427 2545 Domini
445 2518 588 2553 plusquam
612 2517 688 2544 mille
707 2522 734 2544 et
749 2521 858 2545 centum

68 2562 155 2580 annos
175 2554 373 2580 intercessisse.

104 2590 142 2622 (υ)
157 2587 273 2615 Deerant
285 2588 342 2615 haec
357 2588 383 2614 in
396 2588 552 2627 aliis_editis
564 2595 595 2614 ac
603 2595 670 2615 mss.
685 2587 779 2617 verba,
790 2594 858 2627 'quaa

69 2623 140 2650 inter
157 2627 302 2657 utramque
329 2630 423 2649 vocem
457 2623 608 2657 imaginem,
628 2630 689 2657 qua:
712 2623 855 2656 repetitur,

70 2658 151 2685 modo
167 2662 345 2696 suut,_eaque
366 2662 458 2692 utpote
482 2659 648 2696 necessaria,
663 2661 696 2696 et
707 2665 767 2696 qlia:
784 2662 856 2683 vele-

68 2701 128 2719 rmn
160 2693 336 2720 librariorum
368 2693 514 2720 oscitantis
535 2694 614 2719 facile
639 2693 800 2722 exciderint,
824 2700 855 2718 cx

68 2729 252 2755 Ambrosiano
272 2728 421 2762 exemplari
441 2728 639 2763 supplet-imus.

104 2763 160 2797 (10)
176 2762 260 2798 Turpi
275 2770 369 2790 errore
389 2764 414 2801 in
436 2762 577 2801 hucusque
593 2762 681 2801 editis
697 2764 756 2788 erat
773 2765 855 2801 fertu-

69 2806 137 2830 meu,
155 2806 205 2833 pro
220 2803 320 2825 certam
343 2803 368 2825 et
390 2798 497 2825 duabus
520 2798 637 2829 vnculis,
665 2802 693 2823 ut
712 2798 858 2830 castigavi-

69 2840 130 2860 BIUB
145 2843 159 2860 υ
173 2841 240 2861 IllSS.

103 2869 159 2904 (11)
177 2870 266 2897 Antea
294 2872 352 2897 erat
373 2876 434 2896 cum
455 2867 568 2903 Vulgata
584 2866 703 2902 quidem,
722 2871 747 2893 et
766 2865 860 2893 Graeco

698 2380 707 2395 ³
728 2379 736 2406 1
754 2378 833 2406 Joan.
856 2389 898 2412 ιιι,
913 2380 941 2408 2.

917 2269 982 2295 dum
995 2276 1088 2303 quaero
1109 2269 1241 2304 optimum
1265 2269 1355 2295 velum
1375 2275 1425 2303 pro
1439 2275 1471 2295 eo
1492 2267 1616 2299 mittere;
1633 2265 1706 2292 arbi-

999 2382 1008 2396 ‘
1029 2382 1048 2408 Il
1069 2382 1132 2409 Cor.
1153 2389 1196 2412 ιιι,
1212 2381 1255 2407 18.
1306 2380 1316 2395 ⁸
1337 2379 1431 2406 Matth.
1453 2387 1479 2410 v,
1503 2379 1530 2405 8.
1583 2377 1594 2392 '
1613 2377 1622 2403 Ι
1640 2375 1704 2404 Cor.

914 2522 1000 2547 textu,
1021 2523 1044 2542 ει
1067 2514 1181 2551 nondum
1207 2517 1321 2551 apparet
1341 2510 1410 2546 quod
1429 2511 1537 2551 erimus.
1563 2507 1704 2551 Sedrtt‘iss;

914 2546 1089 2578 Ambrosian.
1107 2549 1194 2584 Vatic.
1207 2547 1401 2584 Cisterciense,
1415 2546 1516 2584 aliique
1535 2551 1598 2584 eum
1616 2546 1701 2584 veteri

912 2576 1044 2614 editione.
1065 2589 1095 2611 nt
1111 2583 1247 2620 edidimus
1261 2591 1267 2620 ς
1282 2582 1382 2620 s_:cpi_us
1394 2576 1485 2620 autem
1501 2580 1575 2620 locis
1591 2586 1606 2620 (ξ
1627 2576 1706 2617 Suri:

912 2625 991 2656 ptura
1009 2620 1100 2656 petitis
1119 2619 1205 2656 utitur
1220 2613 1388 2656 Epiphanius
1404 2616 1430 2656 in
1442 2615 1494 2656 hac
1508 2613 1706 2656 epistolanui

911 2651 973 2683 cum
1005 2651 1145 2682 hodiernis
1175 2651 1377 2687 exemplaribus
1405 2651 1474 2677 haud
1505 2651 1574 2677 satis
1602 2654 1706 2675 conve-

933 2692 1002 2724 iuut.
1036 2723 1056 2724 η
1175 2722 1199 2724 __
1247 2722 1252 2724 ἒ
1581 2717 1586 2723 .

912 2700 1004 2758 mi'i'i')
1035 2723 1140 2750 Vitiose
1175 2718 1525 2758 MartiaumnsAcumaiiis
1543 2714 1706 2758 quibusdam

913 2749 1007 2790 edit-is],
1030 2749 1161 2785 l’rtcterea
1190 2756 1259 2792 quod
1276 2755 1382 2786 audivi;
1404 2755 1456 2781 nisi
1475 2749 1704 2785 forte-legendum

914 2796 959 2822 hic
977 2799 1030 2821 est.
1048 2793 1190 2820 l’nuterea.
1524 2821 1529 2826 θ

952 2819 1008 2863 iiii}
1022 2819 1108 2854 Verba
1121 2833 1144 2854 et
1155 2827 1299 2863 detestatus
1311 2832 1403 2863 essem,
1415 2830 1475 2858 quae
1490 2821 1566 2856 prius
1581 2819 1704 2849 deerant,

913 2872 944 2892 ex
955 2859 1059 2898 'pr'obzc
1074 2868 1144 2890 noue
1158 2869 1224 2889 mss.
1244 2859 1409 2888 sulIecimus.
