1929 3038
229 143 278 172 591

933 133 962 162 S.
984 132 1154 161 EPIPHANII

1801 127 1866 155 ῗιτῖΞ

230 197 322 225 trabar
333 193 406 222 enim
421 193 455 222 de
470 193 559 229 Cypro
575 191 641 219 mihi
661 198 722 219 esse
745 190 919 218 mittendum.
942 191 1018 218 Nunc
1033 193 1055 221 Α
1070 197 1131 224 quae
1156 188 1267 224 indigna
1294 192 1337 216 est
1365 187 1487 216 Ecclesia
1505 187 1619 220 Christi,
1641 190 1668 214 et
1685 185 1800 222 populis
1815 186 1872 220 qui

230 246 321 268 autem
339 239 402 267 misi
423 239 496 274 quod
516 238 593 272 potui
615 238 745 272 reperire,
763 241 789 264 et
814 244 912 271 precor
930 242 959 263 ut
970 237 1018 271 ju-

229 287 294 313 beas
312 284 471 318 presbytero
487 283 542 318 (l4)
558 282 679 316 ejusdem
696 282 747 308 loci
765 281 906 316 suscipere
928 281 1017 308 velum

231 336 246 355 a
259 327 339 362 264
356 327 467 357 lectore,
484 326 556 360 quod
572 333 586 351 a
608 326 686 352 nobis
703 325 817 352 missum
835 329 886 358 cst,
901 330 927 352 et
941 325 1018 353 deiu-

229 379 293 405 ceps
312 371 469 405 prmcipere.
484 371 511 396 in
525 370 641 397 ecclesia
659 369 761 397 Christi
779 369 934 397 istiusmodi
946 370 1016 403 vela,

229 424 290 451 quae
311 420 404 443 contra
434 416 593 451 religionem
615 419 736 442 nostram
763 415 887 448 veniunt,
901 423 956 442 non
972 423 1018 450 ap-

231 462 320 496 pemli.
340 461 421 488 Decet
436 462 508 488 enim
539 461 708 488 honestatem
737 464 811 487 tuam
835 461 908 488 hanc
931 462 1017 496 magis

232 507 331 534 habere
364 507 589 539 sollicitudinem,
612 512 642 534 ut
664 506 904 541 scrupulositatem
930 508 1017 539 tollat,

267 587 323 621 (M)
335 587 442 622 Vulgati
454 587 570 622 plurium
582 594 705 618 numero,
721 587 896 621 presbyteros,
909 590 936 614 et
952 593 1015 612 mox

231 630 248 648 ιι
264 621 346 648 latore
356 621 405 657 pro
419 622 522 648 lectore.
544 621 714 648 Probabilior
728 621 806 648 nobis
821 625 847 648 ct
860 621 1016 655 germanior

232 657 290 683 visa
309 656 436 683 est'mss.
451 657 576 683 codicum
595 656 684 682 lectio.

267 690 322 724 (15)
334 691 420 717 Vatic.
443 691 485 717 cui
503 694 579 716 vetus
594 690 676 717 editio
690 690 822 721 concinit,
838 694 866 716 ut
878 689 1016 723 scrupulo-

231 725 309 752 sitate
337 730 447 754 remota.
481 733 538 759 quw
558 725 637 759 digna
653 730 690 751 est
716 726 779 758 (leg.
797 725 869 759 sunt)
899 724 1017 750 Ecclesia

232 759 340 790 Christi,
355 765 378 786 et
400 760 509 793 populis,
528 760 572 794 qui
593 760 641 786 tibi
660 760 753 786 crediti
772 763 844 789 sunt,
873 760 1017 785 intumclttr

231 794 295 829 (leg.
313 795 456 829 intueatur)
485 799 532 821 aut
555 794 621 829 quid
644 795 742 822 simile.
762 793 936 821 Ambrosio".
953 801 1018 820 veto

1069 235 1118 262 tibi
1131 235 1228 262 crediti
1240 240 1305 262 sunt
1322 235 1389 269 (l5).
1404 234 1556 261 Palladium
1572 241 1635 261 vere
1657 232 1797 265 Galatam,
1814 233 1871 267 qui

1067 281 1205 314 quondam
1224 281 1304 307 nobis
1333 280 1434 307 charus
1450 279 1512 310 fuit,
1535 283 1562 307 et
1574 286 1647 306 nunc
1667 278 1871 306 misericordia

1069 325 1115 352 Dei
1138 325 1250 360 indiget,
1269 332 1345 358 cave,
1360 325 1425 359 quia
1444 324 1571 360 Origenis
1586 325 1710 352 heresim
1728 323 1871 358 praedicat

1068 375 1094 398 et
1107 371 1195 404 docet,
1213 379 1246 398 ne
1269 370 1339 397 forte
1352 371 1465 405 aliquos
1477 370 1510 398 de
1522 370 1621 405 populo
1638 370 1685 397 tibi
1704 369 1813 396 credito
1830 368 1869 394 ad

1069 416 1280 450 perversitatem
1293 415 1336 443 sui
1354 415 1467 444 inducat
1482 416 1596 443 erroris.
1613 415 1683 450 Opto
1700 418 1730 441 ut
1745 413 1869 441 valeatis

1071 461 1097 488 in
1109 461 1224 489 Domino
1237 461 1304 497 (16).

1070 587 1235 619 rectissime,
1252 587 1345 614 habere
1356 585 1561 614 sollicitudinem
1582 590 1606 612 et
1628 586 1867 619 scrupulositatem

1069 630 1127 654 quia
1142 622 1222 656 digna
1234 627 1272 648 est
1296 621 1415 648 Ecclesia
1430 620 1541 651 Christi,
1562 625 1585 646 et
1602 621 1715 654 populis.
1728 625 1785 647 etc.
1807 620 1866 647 Sed

1069 656 1097 682 in
1114 660 1189 682 tanta
1209 657 1405 691 exemplarium
1434 657 1565 682 varietate
1582 656 1744 689 impressam
1763 656 1864 682 lecti-3-

1070 698 1130 717 ncm
1147 690 1296 718 immutare
1309 698 1362 717 non
1378 690 1489 725 placuit.

1106 725 1161 759 (16)
1181 725 1378 752 Salutationem
1395 726 1465 751 hanc
1481 725 1603 759 plerique
1617 732 1681 751 mss.
1696 728 1781 757 atque
1794 724 1864 750 editi

1069 761 1233 787 vetustiores
1250 761 1312 787 libri
1324 768 1377 787 non
1394 760 1504 787 habent.
1520 760 1571 786 Alii
1587 760 1675 786 valeas
1692 759 1805 793 habent,
1813 767 1866 794 pro

1072 794 1190 821 valeatis.

491 974 549 1028 S.
594 973 962 1031 EPIPHANII
1012 973 1335 1031 EPISCOPI
1377 975 1593 1032 CYPRI

555 1096 846 1142 EPISTOLA
883 1098 958 1141 AD
984 1097 1031 1141 S.
1072 1098 1514 1146 HIERONYMUM.
1545 1139 1556 1147 .

234 1247 359 1281 Nuntiat,
377 1245 997 1291 Origo-uictarum"[aetianernfperaIbeopltili
1011 1248 1067 1291 (17')
1083 1249 1238 1291 damnatam
1252 1255 1500 1291 {atqueexemplar
1514 1255 1589 1290 epist.
1607 1258 1739 1291 synodica?
1753 1260 1788 1286 ad
1802 1269 1862 1288 eum

424 1281 540 1314 mittens,
557 1282 690 1312 hortatur,
705 1285 732 1306 ut
750 1288 815 1314 quos
829 1281 957 1308 atltersus
973 1281 1031 1309 eam
1045 1281 1164 1311 liceresim
1179 1281 1326 1320 scripsisset
1342 1281 1473 1320 libras,'iu
1489 1281 1579 1325 vulgus

231 1347 348 1375 Domino
361 1346 550 1382 amantissimo
565 1345 620 1382 lilio
637 1353 668 1382 _ac
683 1345 762 1382 [ratri
777 1345 943 1382 Hieronymo
960 1355 1019 1382 pre-
1035 1351 1057 1379 B
1072 1349 1178 1377 Amalec
1189 1353 1210 1379 ¹.

315 1383 435 1417 sbytero,
452 1380 622 1416 Epiphanius
636 1380 664 1406 in
683 1379 798 1406 Domino
809 1379 937 1408 salutem.

267 1437 349 1473 265
374 1447 384 1463 ‹
403 1436 548 1465 Generalis
567 1436 682 1471 epistola
707 1435 762 1471 (l8)
794 1444 854 1470 qua:
873 1436 906 1464 ad
927 1444 1023 1465 omnes

232 1484 387 1510 catholicos
404 1483 507 1517 scripta
524 1486 576 1513 est.
593 1481 626 1509 ad
644 1485 670 1508 te
688 1481 797 1515 proprie
821 1483 956 1516 pertinet,
976 1483 1023 1518 qui

233 1528 322 1555 zelum
338 1527 400 1554 lidci
417 1527 549 1554 adversus
565 1529 680 1552 cunctas
697 1525 814 1552 haereses
831 1525 948 1557 habens,
966 1526 1024 1553 Ori-

234 1573 312 1607 genis
330 1572 456 1606 proprie,
482 1575 510 1598 et
535 1570 697 1605 Apollinarii
719 1570 863 1605 discipulis
895 1571 1024 1598 adversa-

234 1616 273 1644 ris
291 1617 347 1651 (I9)
363 1625 370 1642 :
397 1623 511 1651 quorum
527 1619 675 1643 venenatas
690 1615 815 1648 radices,
835 1620 862 1643 et
884 1616 911 1643 in
938 1616 1023 1643 altum

234 1659 350 1688 deﬁxam
374 1659 539 1695 impietatem
555 1660 730 1694 omnipotens
752 1659 824 1687 Deus
842 1661 977 1695 protraxit
995 1661 1022 1687 in

237 1704 368 1736 medium,
388 1710 417 1732 ut
436 1706 464 1732 in
490 1705 656 1733 Alexandria
672 1705 796 1740 proditae,
814 1705 844 1733 in
871 1709 930 1733 toto
957 1706 1023 1733 orbe

231 1753 402 1777 arescercnt.
430 1750 505 1778 Scito
529 1751 620 1782 enim,
646 1750 685 1777 illi
714 1751 894 1784 charissime,
913 1751 1024 1778 Amalec

234 1801 322 1828 usque
339 1794 373 1821 ad
388 1794 500 1830 stirpem
518 1803 579 1823 esse
592 1795 721 1827 deletum,
734 1799 761 1823 et
775 1796 802 1822 in
818 1801 909 1823 monte
926 1796 1024 1830 Rupili-

234 1838 290 1865 dim
329 1844 451 1867 erectum
477 1844 607 1875 tropaeum
635 1841 735 1868 crucis.
761 1841 865 1867 Etenim
886 1842 1022 1875 quomodo

233 1884 368 1917 porrectis
385 1884 412 1910 in
430 1885 515 1911 altum
533 1885 618 1920 Moysi
630 1887 757 1913 manibus
769 1886 894 1914 vincebat
908 1887 989 1914 lsrael
1002 1888 1021 1919 ¹,

233 1928 274 1954 sic
295 1928 426 1956 Dominus
440 1929 604 1956 confortavit
631 1930 763 1957 famulum
789 1939 868 1958 suum
884 1931 1022 1967 Theophi-

235 1974 302 2004 lum.
330 1978 360 2000 ut
373 1982 454 2009 super
473 1975 558 2002 altare
577 1975 706 2002 Ecclesiae
724 1976 910 2004 Alexandrina:
926 1983 1022 2004 contra

232 2017 377 2053 Origenem
402 2020 530 2046 vexillum
558 2025 685 2056 poneret;
709 2025 736 2048 et
762 2022 920 2056 impleretur
940 2024 967 2050 in
987 2031 1021 2051 eo
1035 2011 1056 2040 θ

232 2064 307 2097 quod
323 2063 442 2091 dicitur:
464 2065 555 2092 Scribe
571 2067 673 2100 signum
694 2067 752 2098 hoc,
771 2068 832 2101 quia
851 2067 940 2094 delebo
960 2068 1021 2102 fun-

234 2108 306 2135 ditus
331 2108 457 2144 Origenis
484 2110 608 2139 haeresim
636 2120 650 2139 a
679 2113 747 2140 faeie
773 2117 852 2140 terra:
875 2122 936 2142 cum
959 2115 1019 2149 ipso

271 2197 280 2214 ³
300 2197 386 2225 Exod.
400 2206 465 2232 xvu,
484 2199 526 2226 lt.
565 2201 575 2215 ¹
595 2200 660 2226 ihid.
676 2201 719 2228 M.

270 2283 329 2323 (l_7)
349 2285 498 2323 Cl‘:__epist.
516 2286 660 2321 Theophili
688 2287 719 2313 ad
734 2287 921 2323 iEpiphanium
934 2308 940 2320 ,
964 2297 1025 2323 quae

234 2319 377 2356 estlintel'r
385 2319 610 2356 llieronymiana's
622 2323 718 2349 ordine
729 2319 772 2348 9οῖ

271 2354 338 2414 (18L
347 2354 495 2389 Theophili
508 2356 637 2390 synodica
650 2357 778 2390 cpistola,
793 2364 873 2390 quam
888 2356 1023 2393 Hierony-

275 2396 296 2414 ls
341 2390 414 2414 atine
443 2391 597 2414 Mnlicavil.
616 2399 665 2414 nos
691 2399 723 2414 ex
756 2391 940 2414 Amhrnsiann
970 2401 1020 2414 ms,

237 2396 296 2425 mus
319 2390 414 2425 Latine
443 2391 598 2425 explicavit,
616 2399 665 2418 nos
691 2399 723 2417 ex
755 2391 940 2419 Ambrosiano
969 2390 1022 2420 ius.

236 2424 432 2451 subiit-ctimns.

270 2456 326 2491 (l9)
347 2457 515 2486 Com-iunius
533 2459 676 2487 Mcdiolan.
692 2460 835 2495 discipulos
856 2461 1022 2495 adversaria,

1253 1352 1285 1380 Et
1308 1362 1341 1381 ne
1363 1355 1456 1382 videar
1470 1357 1564 1384 eadem
1586 1366 1683 1386 rursus
1702 1359 1813 1391 iterare.
1832 1365 1860 1389 et

1074 1396 1248 1429 prolixiorem
1277 1398 1427 1434 Epistulam
1448 1406 1555 1434 texere,
1579 1403 1638 1438 ipsa
1655 1404 1689 1430 ad
1715 1412 1765 1433 vos
1789 1407 1862 1434 scri-

1073 1445 1118 1475 pta
1134 1442 1190 1477 (20)
1207 1443 1304 1475 direxi,
1327 1451 1356 1472 ut
1374 1447 1445 1474 scire
1467 1449 1589 1482 possitis,
1614 1458 1676 1484 qua:
1695 1452 1774 1479 nobis
1792 1453 1856 1480 scri-

1074 1487 1159 1520 pserit
1172 1497 1179 1518 ;
1192 1493 1219 1515 et
1234 1496 1365 1523 quantum
1386 1492 1447 1519 boni
1462 1493 1564 1521 ultima:
1579 1497 1651 1522 aetati
1667 1505 1733 1524 mea:
1747 1505 1862 1526 conccsv

1074 1532 1140 1558 serit
1158 1532 1300 1566 Dominus,
1324 1541 1353 1562 ut
1374 1538 1446 1571 quod
1478 1546 1586 1574 semper
1612 1541 1777 1573 clamabam,
1793 1544 1860 1570 tanti

1074 1578 1211 1611 pontiﬁcis
1231 1581 1389 1609 testimonio
1407 1585 1577 1617 probaretur.
1599 1585 1659 1612 Jam
1679 1592 1771 1614 autem
1795 1593 1861 1623 puto

1073 1625 1100 1648 et
1116 1627 1142 1650 te
1159 1624 1261 1659 aliquid
1282 1627 1374 1660 operis
1389 1628 1520 1662 edidisse,
1535 1634 1562 1657 et
1574 1630 1650 1664 juxta
1670 1633 1789 1665 priorem
1805 1635 1861 1668 cpio

1074 1668 1172 1694 stolam
1196 1669 1263 1705 (2|),
1280 1679 1333 1705 qua
1352 1676 1378 1699 te
1404 1680 1487 1708 super
1509 1674 1561 1702 hac
1580 1683 1609 1702 re
1633 1675 1738 1703 fueram
1765 1677 1861 1704 cohor-

1075 1716 1158 1743 tatus,
1175 1714 1304 1742 climasse
1321 1716 1431 1749 librum,
1448 1726 1529 1753 quem
1548 1724 1601 1747 tua:
1622 1721 1720 1756 lingua:
1735 1721 1860 1749 homines

1075 1757 1180 1792 legant.
1196 1759 1284 1786 Audio
1305 1762 1377 1788 enim
1394 1767 1418 1789 et
1435 1764 1468 1790 ad
1489 1763 1662 1793 Occidentem
1679 1769 1859 1801 quorumdam

1074 1803 1214 1831 hominum
1237 1805 1377 1842 naufragia
1400 1810 1573 1843 pervenisse;
1595 1811 1642 1846 qui
1659 1819 1712 1838 non
1739 1814 1858 1840 contenti

1074 1849 1226 1881 perditione
1240 1859 1300 1884 sua,
1316 1853 1412 1879 volunt
1426 1854 1517 1888 plures
1537 1856 1633 1884 mortis
1654 1856 1754 1885 habere
1776 1859 1858 1892 parti-

1075 1891 1166 1926 cipcs;
1184 1895 1261 1928 quasi
1279 1896 1421 1923 multitudo
1438 1900 1607 1932 peccantium
1629 1902 1721 1929 scelus
1736 1891 1857 1935 minuat;

1074 1941 1100 1983 ct
1130 1945 1185 1964 non
1214 1942 1410 1970 numerositate
1436 1944 1590 1978 lignorum,
1622 1947 1710 1981 major
1729 1949 1858 1983 geheuna:

1074 1980 1183 2008 ﬂamma
1196 1989 1364 2012 succrescat.
1376 1986 1493 2016 Sauctos
1510 1989 1619 2021 fratres.
1636 1980 1681 2026 qui
1695 1980 1783 2019 tecum
1796 1998 1858 2020 sunt

1075 2026 1101 2052 in
1116 2029 1281 2055 rruonrasterio
1291 2029 1405 2057 Domino
1414 2033 1576 2067 servientes,
1589 2040 1616 2063 et
1630 2041 1718 2063 tecmn
1731 2041 1757 2063 et.
1771 2045 1818 2072 per
1833 2041 1858 2064 to

1074 2072 1223 2107 plurimum
1237 2075 1398 2105 salutamus.
1420 2087 1428 2104 ι

1075 2294 1101 2316 et
1114 2299 1177 2330 mox
1195 2295 1357 2330 onmipotens
1369 2299 1502 2330 protraxit
1516 2300 1542 2326 in
1555 2301 1680 2328 medium.

1110 2325 1167 2372 ςξιολ)
1188 2328 1274 2372 A‘nlca
1287 2325 1427 2372 eratsatis
1451 2325 1854 2372 obscurcfatque'ineleganter

1076 2360 1160 2405 ipsum
1173 2363 1207 2388 ad
1213 2367 1418 2405 _v.o.s__scriptam,
1437 2372 1465 2395 ut
1482 2360 1673 2404 aitlicyiisiolziiit

1075 2397 1146 2432 quod
1162 2405 1194 2423 ex
1213 2397 1405 2428 lllediolancnst
1418 2397 1604 2432 cmendauius.

1111 2431 1167 2466 (21)
1188 2432 1249 2460 llaec
1266 2435 1345 2463 hodie
1359 2437 1472 2471 cpistola
1492 2448 1547 2466 non
1562 2431 1686 2470 habetur.
