1929 3038
113 222 157 253 593

1678 208 1731 238 3'“

115 316 1722 351 “mw...

451 414 745 498 DUBIA
803 411 991 492 AUT
1035 408 1409 492 SPURIA.

334 632 448 677 ΤΟΥ
473 633 546 676 ΕΝ
571 628 754 675 ΑΓΙΟΙΣ
779 629 997 674 ΠΑἸῬΟΣ
1024 627 1188 674 ΗΜΩΝ
1214 624 1527 670 ΕΠΙΦΑΝΙΟΥ

737 720 925 748 ΕΠΙΣΚΟΠΟ
931 720 955 746 Υ
971 719 1120 747 ΚΥΠΡΟΥ

377 802 458 830 ΠΕΡΙ
474 802 543 829 ΤΩΝ
563 799 762 833 ΠΡΟΦΗΤΩΝ,
782 799 849 826 ΠΩΣ
871 797 1204 826 ΕΚΟΙΜΗΘΗΣΛΝοκΔΙ
1223 796 1294 825 ΠΟΥ
1314 796 1467 824 ΚΕῙΝΤΔΙ.

583 949 642 1004 S.
685 948 748 1003 P.
798 949 868 1003 N.
913 947 1278 1004 EPIPHANII

788 1055 943 1085 EPISCOPI
965 1056 1078 1089 CYPRI,

413 1138 466 1168 DE
487 1137 726 1175 PROPHETIS,
749 1136 974 1174 EORUMQUE
995 1137 1118 1168 OBITU
1138 1136 1188 1167 Λϐ
1210 1135 1453 1167 SEPULTURA.

736 1218 855 1251 Dionysio
873 1219 975 1245 Petavln
987 1220 1135 1250 interprete.

139 1329 166 1357 Ὁ
177 1330 250 1363 ,βίος
266 1329 320 1357 τοῦ
337 1329 441 1358 Νάθαν
456 1329 624 1364 προφήτου,
645 1328 695 1356 καὶ
710 1328 769 1356 ποῦ
784 1328 888 1357 κεῖται.

152 1387 191 1414 Δ¹.
210 1386 304 1413 Νάθαν
324 1387 338 1412 ὁ
355 1385 498 1422 προφήτης
520 1385 628 1420 ἐγένετο
649 1386 678 1412 ὲν
694 1385 810 1421 ἡμέραις
830 1385 913 1412 Δαϐὶδ

117 1432 151 1458 ἐκ
169 1431 256 1466 φυλῆς
280 1429 354 1458 Θώκ.
373 1428 457 1461 οὗτος
478 1429 508 1456 δὲ
526 1427 561 1465 ἦν
582 1430 614 1456 ὲκ
637 1429 741 1457 Γαϐὰθ·
760 1430 808 1457 καὶ
831 1430 913 1462 αὑτός

119 1479 193 1504 ἐστιν
205 1478 219 1504 ὁ
231 1476 340 1509 διδάξας
351 1477 396 1503 τὸν
411 1476 493 1503 Δαὸὶδ
506 1476 553 1503 τὸν
567 1475 649 1511 νόμον
667 1475 715 1503 τοῦ
730 1476 844 1512 Κυρίου.
858 1476 914 1504 Καὶ

119 1523 190 1557 ἔγνω
202 1522 308 1555 Νάθαν,
329 1523 371 1549 ὅτι
387 1522 401 1549 ὁ
419 1521 546 1557 βασιλεὺς
570 1521 653 1548 Δασὶδ
668 1522 698 1548 ὲν
713 1523 745 1558 τῇ
772 1522 915 1558 Βηρσασεὲ

119 1568 242 1605 παρέϐη,
260 1567 298 1603 (1)
313 1568 358 1594 τὸν
370 1567 519 1594 σπεύδοντα
533 1567 615 1594 αὑτὸν
630 1566 717 1594 ἐλθεῖν
729 1568 761 1594 ὲκ
773 1567 863 1595 Γαὸὰο
875 1567 915 1599 εις

124 1615 315 1652 Ἰερουσαλὴμ,
338 1615 385 1642 καὶ
407 1614 528 1642 κωλῦσαι
546 1614 594 1642 τὸν
606 1613 690 1641 Δαὸὶδ
711 1614 765 1641 ἀπὸ
778 1615 828 1650 τῆς
852 1614 915 1640 ἀνο-

122 1664 187 1698 μίας
207 1662 321 1697 ταύτης,
340 1661 476 1688 ἐκώλυσεν
494 1660 598 1696 (αὐτὸν)
614 1661 629 1687 ό
643 1659 754 1696 Βελίαρ,
778 1661 820 1687 ὅτι
844 1661 916 1688 κατὰ

119 1709 180 1735 ὁδὸν
188 1705 267 1744 εὗρεν
279 1707 375 1742 νεκρὸν
387 1706 513 1741 κείμενον
525 1705 639 1740 γυμνὸν,
654 1704 702 1732 καὶ
715 1705 859 1741 ἐπέμεινεν
869 1704 915 1732 τοῦ

122 1754 208 1789 θάψαι
221 1753 303 1781 αὐτὸν
318 1753 386 1785 ἐκεῖ,
402 1752 445 1779 ἴνα
461 1752 499 1788 μὴ
521 1751 575 1779 ἀπὸ
589 1751 644 1779 τῶν
661 1751 763 1787 θηρίων
777 1750 915 1787 ἀναλωθῇ.

121 1800 171 1826 καὶ
186 1801 221 1834 τῇ
239 1799 317 1825 νυκτὶ
330 1797 421 1833 ἐκείνῃ
441 1797 522 1832 ἔγνω,
541 1797 582 1824 ὅτι
601 1796 728 1832 ἐποίησεν
741 1797 756 1823 ὁ
772 1796 855 1823 Δαϐὶδ
868 1796 918 1832 τὴν

123 1844 273 1880 ἁμαρτίαν,
290 1844 336 1871 καὶ
349 1843 504 1879 ὑπέστρεψε
516 1842 624 1870 πενθῶν
640 1844 681 1874 εἰς
692 1842 795 1870 Γαῦάθ.
815 1843 870 1870 Καὶ
880 1842 919 1874 ὡς

122 1891 230 1917 ἀνεῖλεν
243 1890 325 1917 Δασιδ
342 1891 443 1926 Οὐρίαν
462 1891 507 1917 τὸν
523 1890 607 1925 ἄνδρα
635 1889 684 1925 τῆς
700 1889 849 1924 Βηρσαϐεὲ,
863 1889 919 1916 ἀπ-

123 1937 246 1963 έστειλεν
254 1937 268 1963 ὁ
279 1936 345 1968 Θεὺς
357 1937 403 1963 τὸν
414 1936 519 1968 Νάθαν,
534 1936 582 1963 καὶ
593 1934 690 1971 ἧλεγξε
702 1935 748 1961 τὸν
764 1934 845 1962 Δασὶδ
856 1934 920 1970 περὶ

122 1983 175 2018 τῆς
190 1983 328 2018 ἁμαρτιας
342 1982 437 2009 αὑτοῦ.
452 1983 508 2009 Καὶ
520 1981 642 2017 ἐφοϐήθη
655 1980 736 2008 Δαὸὶδ
745 1980 791 2007 τὸν
805 1981 918 2015 Κύριον,

124 2028 168 2055 ὅτι
180 2028 300 2063 ἠλέγχθη
317 2027 331 2054 ὃ
347 2027 484 2063 ἐποίησεν.
502 2028 558 2055 Καὶ
569 2027 639 2061 ἔγνω
649 2026 742 2060 Δαϐιδ,
754 2027 795 2053 ὅτι
805 2026 918 2061 Πνεῦμα

125 2073 195 2101 Θεσῧ
214 2073 291 2107 ἅγιον
312 2073 357 2099 ἐπὶ
370 2073 464 2101 Νάθαν
482 2073 528 2100 τὸν
546 2073 688 2108 προφήτην
702 2071 786 2105 ἐστὶν,
802 2072 850 2098 καὶ
867 2071 920 2097 ετι-

129 2128 217 2154 μησεν
229 2119 310 2145 αὑτὸν
323 2118 361 2150 ὡς
375 2119 447 2145 ἔσιον
461 2118 539 2146 Θεοῦ.
552 2118 607 2145 Καὶ
618 2118 698 2150 αὐτὸς
714 2117 784 2145 πάνυ
796 2117 920 2153 γηράσας

126 2165 260 2197 ἀπέθανε,
278 2165 325 2191 καὶ
339 2164 426 2200 ἐτάφη
439 2164 469 2191 ὲν
486 2162 588 2196 rasae,
602 2165 632 2190 ὲν
646 2165 680 2199 τῇ
697 2165 732 2199 γῇ
753 2162 848 2190 αὑτοῦ.

133 2222 167 2248 '0
178 2222 251 2254 ,βίος
274 2219 328 2248 τοῦ
349 2221 449 2255 ’Λκίου
466 2219 632 2254 προφήτου,
656 2220 705 2247 καὶ
733 2219 792 2247 ποῦ
816 2219 919 2246 κεῖται.

164 2277 203 2305 B‘.
227 2278 319 2313 ’Δχίας
337 2279 351 2304 ὁ
363 2277 525 2312 Σηλωνίτης.
543 2273 627 2308 Οὗτος
641 2275 675 2313 ἦν
700 2277 753 2304 ἀπὸ
776 2276 877 2312 Σηλὼμ
889 2277 922 2304 ὲκ

130 2325 221 2360 φυλῆς
247 2323 341 2356 Ἰούδα,
361 2324 427 2350 ὅπου
447 2321 481 2359 ἦν
495 2324 512 2359 ἡ
529 2323 616 2358 σκηνὴ
633 2324 682 2358 τῆς
696 2323 812 2350 κισωτοῦ
826 2323 857 2350 τὸ
871 2323 923 2350 πά-

129 2369 186 2401 λαι,
201 2370 234 2395 ἐκ
257 2368 361 2399 πόλεως
384 2367 526 2403 ’Δρμαθὲμ
544 2367 603 2394 Ὴλὶ
624 2367 671 2393 τοῦ
694 2367 798 2403 ἱερέως.
815 2365 923 2399 Οὗτοςὸ

131 2415 277 2450 προφήτης
289 2411 365 2440 εἶπεν
376 2414 440 2448 περὶ
451 2412 576 2447 Σολομὼν
585 2412 631 2439 τοῦ
641 2413 699 2439 υἱοῦ
713 2412 762 2440 τοῦ
774 2413 867 2445 Δασὶδ,
882 2414 923 2440 ὅτι

132 2458 318 2494 προσχρούσει
340 2458 379 2493 τῷ
392 2457 463 2493 Θεῷ.
489 2454 574 2489 Οὗτος
591 2458 689 2493 ἠλεγξε
712 2459 759 2485 καὶ
776 2459 822 2486 τὸν
840 2459 922 2495 Ἰερο-

131 2503 217 2539 6οὰμ,
226 2504 269 2530 ὅτι
283 2503 329 2529 εὰν
341 2503 497 2540 βασιλεύσῃ,
508 2503 576 2538 δόλῳ
587 2503 716 2537 πορεύσει
729 2504 799 2538 μετὰ
810 2504 923 2539 Κύριον·

132 2548 203 2576 εἶδεν
227 2548 282 2584 γὰρ
306 2549 448 2579 ὀπτασίαν.
466 2548 562 2583 ζεῦγος
586 2548 656 2583 βοῶν
679 2549 854 2576 καταπατοῦν
879 2551 925 2577 τὸν

131 2595 208 2626 λαὸν.
225 2595 273 2622 καὶ
286 2594 357 2621 κατὰ
370 2594 424 2621 τῶν
439 2595 534 2630 ἱερέων
554 2595 708 2630 ὲπιτρέχον.
724 2595 779 2623 Καὶ
793 2593 869 2623 εἶπεν
886 2596 925 2632 τῷ

133 2642 273 2678 Σολομὼν,
297 2642 338 2667 ὅτι
354 2642 482 2675 γυναῖκες
499 2640 580 2667 αὑτὸν
605 2641 782 2676 ὲκστήσουσιν
807 2642 860 2668 ἀπὸ
878 2641 925 2668 τοῦ

133 2688 250 2724 Κυρῑω.
268 2688 324 2713 Καὶ
337 2686 376 2721 τῷ
396 2686 536 2722 Ἱεροϐοὰμ
548 2684 633 2717 εἶπεν,
647 2687 687 2713 ὅτι
698 2687 748 2713 Διὰ
756 2687 811 2713 τῶν
825 2687 871 2713 δύο
880 2687 926 2714 δα-

137 2734 243 2768 μαλίων
267 2741 314 2760 σου
334 2732 531 2768 προσκρούσεις
550 2732 589 2767 τῷ
608 2732 712 2768 Κυρίῳ,
734 2733 782 2759 καὶ
804 2733 843 2765 εἰς
864 2733 925 2760 δου-

134 2779 210 2806 λείαν
226 2778 303 2805 ἔσται
319 2777 349 2803 τὸ
368 2777 446 2811 γένος
464 2785 521 2804 σου.
542 2777 687 2805 ’Δπέϐανεν
709 2777 737 2804 δὲ
758 2777 859 2813 Ἀχίας,
882 2778 928 2806 καὶ

136 2823 225 2858 nam
243 2821 376 2855 σύνεγγυς
387 2820 437 2855 τῆς
447 2821 526 2856 δρυὸς
544 2821 593 2855 τῆς
606 2820 689 2857 οὔσης
704 2821 811 2857 Σηλώμ.

174 2922 214 2956 (il
233 2920 264 2949 l7.
281 2920 344 2948 add.
362 2920 439 2948 ἀλλὰ.

242 2970 379 3000 Ρλτιιοι.
402 2969 459 2998 Gn.
484 2968 596 2999 XLIII.

924 1335 945 1361 Α

936 2002 956 2031 Β

939 2668 961 2697 C

1033 1326 1142 1355 Nalhan
1162 1324 1294 1361 propheta:
1310 1324 1375 1357 vita,
1393 1328 1417 1351 et
1434 1324 1579 1359 sepultum
1595 1325 1680 1354 latus.

999 1386 1019 1414 1.
1036 1384 1142 1412 Nathan
1158 1383 1287 1420 propheta
1305 1382 1415 1411 Davidis
1428 1382 1599 1418 temporibus
1610 1383 1727 1416 exstitit,
1738 1391 1754 1411 ο

965 1432 1037 1459 tribu
1053 1430 1139 1458 Thoc.
1154 1430 1236 1458 Ortus
1253 1435 1295 1458 est
1309 1437 1343 1457 ex
1358 1429 1459 1465 oppido
1475 1429 1597 1463 Gabath;
1616 1434 1698 1465 atque
1712 1430 1756 1457 hic

966 1477 1011 1505 ille
1039 1481 1092 1511 est,
1118 1477 1167 1511 qui
1194 1476 1324 1504 Davidem
1354 1476 1441 1512 legem
1466 1474 1574 1503 Domini
1601 1475 1757 1511 perdocuit.

966 1522 1052 1556 Quem
1061 1526 1089 1550 et
1103 1522 1132 1550 in
1142 1521 1278 1550 Bersabee
1288 1528 1418 1557 peccasse
1429 1521 1573 1557 cognovit;
1586 1521 1634 1550 sed
1646 1528 1709 1548 cum
1723 1521 1757 1549 ad

967 1569 1169 1604 prohibendum
1189 1568 1302 1596 Davidis
1315 1568 1448 1604 ﬂagitium
1463 1575 1479 1595 e
1502 1567 1607 1595 Gubath
1627 1567 1758 1596 Hierosov

967 1617 1040 1653 lyma
1066 1619 1244 1652 properaret,
1270 1615 1377 1644 obstitit
1401 1614 1495 1642 Belial.
1524 1614 1661 1642 Mortuum
1685 1615 1758 1644 enim

968 1663 1072 1690 nudum
1088 1662 1117 1690 in
1139 1662 1183 1690 via
1206 1661 1344 1697 iacentem
1368 1662 1479 1697 reperit.
1500 1662 1581 1697 cujus
1607 1662 1663 1690 illic
1683 1669 1760 1697 sepe-

969 1709 1051 1737 liendi
1063 1708 1152 1744 gratia
1168 1708 1307 1740 constitit,
1323 1715 1357 1735 ne
1368 1716 1383 1735 a
1400 1708 1466 1736 feris
1480 1708 1641 1736 lauiaretur.
1657 1708 1761 1736 Eadem

970 1761 1052 1789 porro
1066 1758 1147 1781 nocte
1160 1752 1268 1780 Nathan
1280 1753 1414 1790 comperit
1428 1753 1557 1781 Davidem
1573 1753 1678 1781 crimen
1694 1753 1761 1782 illud

969 1803 1155 1836 perpetrasse.
1184 1798 1227 1827 0b
1255 1799 1282 1827 id
1312 1807 1433 1827 mmrcns
1459 1798 1610 1827 Gabatham
1637 1799 1761 1827 revertit.

970 1843 1154 1879 Posteaquam
1188 1851 1252 1872 vero
1285 1842 1370 1871 David
1397 1844 1491 1871 Uriam
1516 1844 1652 1872 Bersabee
1671 1845 1762 1874 virum

971 1888 1121 1923 interfecit,
1137 1889 1241 1916 missus
1259 1897 1274 1916 a
1286 1888 1341 1916 Deo
1350 1888 1457 1916 Nathan
1471 1889 1508 1917 ob
1525 1890 1677 1919 admissum
1692 1889 1763 1920 faci-

970 1942 1023 1962 nus
1037 1934 1114 1961 illum
1133 1934 1284 1970 redarguit.
1297 1934 1375 1973 ATum
1397 1934 1484 1963 David
1505 1935 1580 1963 hunc
1601 1936 1630 1964 in
1650 1938 1763 1966 modqu

971 1980 1124 2015 castigatus
1155 1984 1183 2008 ct
1208 1981 1353 2008 convictus
1377 1979 1524 2009 Dominum
1547 1982 1654 2016 timuit;
1680 1983 1764 2012 intel-

971 2026 1092 2061 lexitque
1108 2025 1261 2053 Natliauem
1288 2026 1393 2061 Spiritu
1414 2034 1476 2054 esse
1496 2031 1593 2055 sancto
1608 2028 1763 2064 praeditum,

971 2076 1052 2107 atque
1065 2071 1154 2100 eidem
1175 2075 1323 2106 propterea
1342 2075 1475 2106 tanquam
1494 2071 1543 2100 Dei
1566 2077 1664 2101 sancto
1682 2082 1766 2102 veno-

971 2118 1106 2146 rationem
1126 2117 1260 2145 adhibuit.
1285 2116 1320 2144 At
1340 2117 1472 2153 propheta
1493 2121 1616 2146 extrema
1635 2119 1663 2147 in
1684 2127 1765 2149 sene-

971 2168 1046 2192 ctute
1062 2168 1198 2196 mortuus,
1213 2162 1345 2190 Gabatbm
1356 2162 1384 2190 in
1401 2164 1490 2199 patria
1507 2171 1557 2192 sua
1573 2165 1700 2201 sepultus
1711 2170 1763 2193 est.

1060 2217 1150 2247 Acilia:
1165 2217 1299 2253 propheta.-
1313 2217 1380 2252 νὶια,
1393 2223 1418 2245 et
1433 2219 1577 2254 sepultum
1592 2219 1675 2248 locus.

1008 2273 1042 2301 ll.
1060 2273 1161 2303 Acbias
1181 2273 1318 2303 Selonites
1335 2283 1350 2303 e
1374 2275 1464 2304 Selom
1479 2278 1614 2307 oriundus
1637 2279 1671 2307 de
1691 2279 1766 2308 tribu

973 2319 1056 2352 Juda,
1071 2320 1116 2348 ubi
1131 2320 1270 2355 quondam
1281 2328 1353 2349 arcte
1363 2322 1571 2351 tabernaculum
1586 2324 1688 2359 fuit,ex
1704 2325 1766 2354 Ari-

975 2365 1094 2393 mathem
1106 2365 1147 2392 Eli
1163 2366 1317 2394 sacerdotis
1332 2366 1442 2402 oppido.
1458 2367 1508 2395 llic
1523 2367 1697 2398 Salomonem
1710 2370 1765 2398 Da-

975 2412 1047 2440 vidis
1063 2413 1148 2441 lilium
1169 2412 1255 2441 Deum
1273 2414 1442 2442 oll‘eusurum
1459 2422 1520 2444 esse
1534 2417 1671 2452 praedixit.
1693 2418 1765 2452 Quin

976 2463 1003 2485 et
1021 2457 1167 2486 Jeroboam
1191 2467 1321 2495 arguens.
1345 2460 1510 2496 signiﬁcavit
1529 2470 1603 2498 eum,
1619 2469 1766 2502 postquam

976 2512 1062 2540 regno
1088 2505 1194 2540 potitus
1210 2509 1294 2540 esset,
1313 2506 1502 2535 fraudulenter
1517 2515 1579 2536 cum
1598 2509 1652 2539 Deo
1669 2513 1768 2542 ambu-

976 2551 1095 2578 laturum
1110 2559 1182 2579 esse.
1196 2551 1324 2580 Oblatum
1340 2553 1413 2581 enim
1430 2555 1469 2582 illi
1485 2563 1533 2591 per
1550 2555 1639 2585 visum
1657 2563 1699 2586 est
1717 2566 1769 2594 par

977 2595 1070 2628 boum,
1084 2597 1157 2631 quod
1178 2597 1313 2632 populum
1324 2598 1511 2633 proculcaret,
1525 2603 1554 2627 et
1568 2599 1596 2627 in
1611 2601 1768 2630 sacerdotes

978 2642 1104 2668 irrueret.
1122 2640 1194 2668 Idem
1212 2649 1322 2677 quoque
1342 2641 1483 2672 Salomoni
1500 2645 1636 2680 praedixit,
1659 2645 1716 2674 fore
1738 2651 1769 2675 ut

980 2686 1070 2722 ipsum
1081 2693 1095 2713 a
1109 2685 1225 2713 Domino
1237 2687 1367 2716 mulieres
1380 2689 1588 2724 abstraherent;
1603 2690 1768 2719 Jeroboamo

979 2739 1055 2765 vero,
1083 2731 1207 2766 Duobus.
1231 2733 1332 2769 inquit,
1349 2735 1444 2764 vitulis
1460 2736 1516 2764 tuis
1536 2736 1658 2765 olfendes
1675 2736 1768 2765 Domi-

980 2785 1057 2810 num,
1078 2785 1110 2805 ac
1123 2785 1210 2813 genus
1231 2782 1309 2807 tuum
1331 2780 1359 2808 in
1377 2782 1537 2810 servitutem
1555 2782 1675 2810 dabitur.
1693 2781 1766 2808 Mor-

980 2829 1044 2852 tuus
1063 2824 1172 2852 demum
1195 2824 1297 2854 Aehias
1316 2825 1351 2854 ad
1372 2835 1505 2862 quercum
1530 2828 1604 2856 illam
1626 2827 1766 2863 sepelitur.

979 2878 1039 2907 quae
1053 2871 1081 2898 in
1100 2870 1190 2898 Selom
1206 2871 1341 2907 hodieque
1359 2874 1538 2909 conspicitur.

1575 2969 1613 3000 13
