  <div class='ocr_page' id='page_1' title='image "/cluster/home/n/w/nwhite01/storage/ocr_20150623/43/njp.32101007506163/233.png"; bbox 0 0 1929 3038; ppageno 0'>
   <div class='ocr_carea' id='block_1_1' title="bbox 181 203 233 233">
    <p class='ocr_par' dir='ltr' id='par_1_1' title="bbox 181 203 233 233">
     <span class='ocr_line' id='line_1_1' title="bbox 181 203 233 233; baseline 0.038 -2"><span class='ocrx_word' id='word_1_1' title='bbox 181 203 233 233; x_wconf 78' lang='lat'><strong>399</strong></span> 
     </span>
    </p>
   </div>
   <div class='ocr_carea' id='block_1_2' title="bbox 240 263 918 300">
    <p class='ocr_par' dir='ltr' id='par_1_2' title="bbox 240 263 918 300">
     <span class='ocr_line' id='line_1_2' title="bbox 240 263 918 300; baseline 0.003 -9"><span class='ocrx_word' id='word_1_2' title='bbox 240 263 301 292; x_wconf 81' lang='lat' dir='ltr'><strong>Vita</strong></span> <span class='ocrx_word' id='word_1_3' title='bbox 321 263 445 292; x_wconf 73' lang='lat' dir='ltr'><strong>Jereuu‘a:</strong></span> <span class='ocrx_word' id='word_1_4' title='bbox 465 263 608 298; x_wconf 65' lang='lat' dir='ltr'><strong>propheta.</strong></span> <span class='ocrx_word' id='word_1_5' title='bbox 632 268 658 292; x_wconf 83' lang='lat' dir='ltr'><strong>et</strong></span> <span class='ocrx_word' id='word_1_6' title='bbox 673 264 814 300; x_wconf 83' lang='lat' dir='ltr'><strong>sepultura:</strong></span> <span class='ocrx_word' id='word_1_7' title='bbox 834 266 918 294; x_wconf 72' lang='lat' dir='ltr'><strong>locus.</strong></span> 
     </span>
    </p>
   </div>
   <div class='ocr_carea' id='block_1_3' title="bbox 216 331 969 367">
    <p class='ocr_par' dir='ltr' id='par_1_3' title="bbox 216 331 969 367">
     <span class='ocr_line' id='line_1_3' title="bbox 216 331 969 367; baseline 0.004 -9"><span class='ocrx_word' id='word_1_8' title='bbox 216 331 282 359; x_wconf 77' lang='lat' dir='ltr'>VIII.</span> <span class='ocrx_word' id='word_1_9' title='bbox 310 331 435 359; x_wconf 77' lang='lat' dir='ltr'><strong>Jcrcmia-</strong></span> <span class='ocrx_word' id='word_1_10' title='bbox 461 331 601 367; x_wconf 74' lang='lat' dir='ltr'><strong>propheta:</strong></span> <span class='ocrx_word' id='word_1_11' title='bbox 625 332 712 367; x_wconf 86' lang='lat' dir='ltr'><strong>patria</strong></span> <span class='ocrx_word' id='word_1_12' title='bbox 738 332 789 360; x_wconf 82' lang='lat' dir='ltr'><strong>fuit</strong></span> <span class='ocrx_word' id='word_1_13' title='bbox 809 333 969 361; x_wconf 79' lang='lat' dir='ltr'><strong>Anathoth:</strong></span> 
     </span>
    </p>
   </div>
   <div class='ocr_carea' id='block_1_4' title="bbox 178 376 969 416">
    <p class='ocr_par' dir='ltr' id='par_1_4' title="bbox 178 376 969 416">
     <span class='ocr_line' id='line_1_4' title="bbox 178 376 969 416; baseline 0.004 -11"><span class='ocrx_word' id='word_1_14' title='bbox 178 380 238 413; x_wconf 91' lang='lat' dir='ltr'><strong>ipse</strong></span> <span class='ocrx_word' id='word_1_15' title='bbox 250 382 342 405; x_wconf 88' lang='lat' dir='ltr'><strong>autem</strong></span> <span class='ocrx_word' id='word_1_16' title='bbox 354 376 478 412; x_wconf 85' lang='lat' dir='ltr'><strong>Taphnis</strong></span> <span class='ocrx_word' id='word_1_17' title='bbox 488 377 596 414; x_wconf 65' lang='lat' dir='ltr'><strong>Egypti</strong></span> <span class='ocrx_word' id='word_1_18' title='bbox 608 379 675 406; x_wconf 87' lang='lat' dir='ltr'><strong>urbe</strong></span> <span class='ocrx_word' id='word_1_19' title='bbox 690 386 705 405; x_wconf 82' lang='grc' dir='ltr'><strong>ιι</strong></span> <span class='ocrx_word' id='word_1_20' title='bbox 717 380 817 415; x_wconf 90' lang='lat' dir='ltr'><strong>populo</strong></span> <span class='ocrx_word' id='word_1_21' title='bbox 833 381 969 416; x_wconf 88' lang='lat' dir='ltr'><strong>lapidibus</strong></span> 
     </span>
    </p>
   </div>
   <div class='ocr_carea' id='block_1_5' title="bbox 177 423 969 460">
    <p class='ocr_par' dir='ltr' id='par_1_5' title="bbox 177 423 969 460">
     <span class='ocr_line' id='line_1_5' title="bbox 177 423 969 460; baseline 0.005 -10"><span class='ocrx_word' id='word_1_22' title='bbox 177 432 328 460; x_wconf 81' lang='lat' dir='ltr'><strong>oppressus</strong></span> <span class='ocrx_word' id='word_1_23' title='bbox 344 424 459 451; x_wconf 86' lang='lat' dir='ltr'><strong>interiit.</strong></span> <span class='ocrx_word' id='word_1_24' title='bbox 477 423 552 452; x_wconf 82' lang='lat' dir='ltr'><strong>Silus</strong></span> <span class='ocrx_word' id='word_1_25' title='bbox 564 431 605 452; x_wconf 88' lang='lat' dir='ltr'><strong>est</strong></span> <span class='ocrx_word' id='word_1_26' title='bbox 621 426 648 452; x_wconf 93' lang='lat' dir='ltr'><strong>in</strong></span> <span class='ocrx_word' id='word_1_27' title='bbox 665 433 698 453; x_wconf 89' lang='lat' dir='ltr'><strong>eo</strong></span> <span class='ocrx_word' id='word_1_28' title='bbox 716 426 787 459; x_wconf 84' lang='lat' dir='ltr'><strong>loco,</strong></span> <span class='ocrx_word' id='word_1_29' title='bbox 805 426 850 454; x_wconf 87' lang='lat' dir='ltr'><strong>ubi</strong></span> <span class='ocrx_word' id='word_1_30' title='bbox 864 427 969 455; x_wconf 86' lang='lat' dir='ltr'><strong>Pharao</strong></span> 
     </span>
    </p>
   </div>
   <div class='ocr_carea' id='block_1_6' title="bbox 177 469 971 509">
    <p class='ocr_par' dir='ltr' id='par_1_6' title="bbox 177 469 971 509">
     <span class='ocr_line' id='line_1_6' title="bbox 177 469 971 509; baseline 0.006 -13"><span class='ocrx_word' id='word_1_31' title='bbox 177 470 316 506; x_wconf 84' lang='lat' dir='ltr'><strong>quondam</strong></span> <span class='ocrx_word' id='word_1_32' title='bbox 332 469 501 497; x_wconf 81' lang='lat' dir='ltr'><strong>domicilium</strong></span> <span class='ocrx_word' id='word_1_33' title='bbox 519 471 629 504; x_wconf 88' lang='lat' dir='ltr'><strong>habuit;</strong></span> <span class='ocrx_word' id='word_1_34' title='bbox 650 479 714 499; x_wconf 85' lang='lat' dir='ltr'><strong>nam</strong></span> <span class='ocrx_word' id='word_1_35' title='bbox 734 472 855 509; x_wconf 66' lang='lat' dir='ltr'><strong>Egyptii</strong></span> <span class='ocrx_word' id='word_1_36' title='bbox 871 473 907 501; x_wconf 91' lang='lat' dir='ltr'><strong>ob</strong></span> <span class='ocrx_word' id='word_1_37' title='bbox 927 481 971 501; x_wconf 87' lang='lat' dir='ltr'><strong>ac-</strong></span> 
     </span>
    </p>
   </div>
   <div class='ocr_carea' id='block_1_7' title="bbox 176 516 969 552">
    <p class='ocr_par' dir='ltr' id='par_1_7' title="bbox 176 516 969 552">
     <span class='ocr_line' id='line_1_7' title="bbox 176 516 969 552; baseline 0.005 -9"><span class='ocrx_word' id='word_1_38' title='bbox 176 521 286 552; x_wconf 77' lang='lat' dir='ltr'><strong>ceptum</strong></span> <span class='ocrx_word' id='word_1_39' title='bbox 307 516 341 544; x_wconf 89' lang='lat' dir='ltr'><strong>ab</strong></span> <span class='ocrx_word' id='word_1_40' title='bbox 365 516 412 544; x_wconf 91' lang='lat' dir='ltr'><strong>illo</strong></span> <span class='ocrx_word' id='word_1_41' title='bbox 433 516 596 544; x_wconf 91' lang='lat' dir='ltr'><strong>beneﬁcium</strong></span> <span class='ocrx_word' id='word_1_42' title='bbox 624 526 763 546; x_wconf 84' lang='lat' dir='ltr'><strong>summum</strong></span> <span class='ocrx_word' id='word_1_43' title='bbox 786 520 811 547; x_wconf 91' lang='lat' dir='ltr'><strong>ei</strong></span> <span class='ocrx_word' id='word_1_44' title='bbox 837 520 969 547; x_wconf 91' lang='lat' dir='ltr'><strong>honorem</strong></span> 
     </span>
    </p>
   </div>
   <div class='ocr_carea' id='block_1_8' title="bbox 176 563 969 601">
    <p class='ocr_par' dir='ltr' id='par_1_8' title="bbox 176 563 969 601">
     <span class='ocr_line' id='line_1_8' title="bbox 176 563 969 601; baseline 0.008 -12"><span class='ocrx_word' id='word_1_45' title='bbox 176 564 345 590; x_wconf 81' lang='lat' dir='ltr'><strong>habuerunt.</strong></span> <span class='ocrx_word' id='word_1_46' title='bbox 361 563 430 590; x_wconf 86' lang='lat' dir='ltr'><strong>Cum</strong></span> <span class='ocrx_word' id='word_1_47' title='bbox 446 563 520 590; x_wconf 89' lang='lat' dir='ltr'><strong>enim</strong></span> <span class='ocrx_word' id='word_1_48' title='bbox 535 564 656 599; x_wconf 84' lang='lat' dir='ltr'><strong>aspides,</strong></span> <span class='ocrx_word' id='word_1_49' title='bbox 668 568 697 591; x_wconf 90' lang='lat' dir='ltr'><strong>et</strong></span> <span class='ocrx_word' id='word_1_50' title='bbox 711 565 847 600; x_wconf 74' lang='lat' dir='ltr'><strong>aquatiles</strong></span> <span class='ocrx_word' id='word_1_51' title='bbox 864 566 969 601; x_wconf 72' lang='lat' dir='ltr'><strong>bestize,</strong></span> 
     </span>
    </p>
   </div>
   <div class='ocr_carea' id='block_1_9' title="bbox 176 609 969 646">
    <p class='ocr_par' dir='ltr' id='par_1_9' title="bbox 176 609 969 646">
     <span class='ocr_line' id='line_1_9' title="bbox 176 609 969 646; baseline 0.006 -10"><span class='ocrx_word' id='word_1_52' title='bbox 176 617 246 645; x_wconf 86' lang='lat' dir='ltr'><strong>quas</strong></span> <span class='ocrx_word' id='word_1_53' title='bbox 272 609 394 645; x_wconf 63' lang='lat' dir='ltr'><strong>Egyptii</strong></span> <span class='ocrx_word' id='word_1_54' title='bbox 416 609 540 644; x_wconf 75' lang='lat' dir='ltr'><strong>nephoth,</strong></span> <span class='ocrx_word' id='word_1_55' title='bbox 567 609 655 637; x_wconf 65' lang='lat' dir='ltr'><strong>Graeci</strong></span> <span class='ocrx_word' id='word_1_56' title='bbox 680 611 835 640; x_wconf 86' lang='lat' dir='ltr'><strong>crocodilos</strong></span> <span class='ocrx_word' id='word_1_57' title='bbox 859 618 969 646; x_wconf 83' lang='lat' dir='ltr'><strong>vocant,</strong></span> 
     </span>
    </p>
   </div>
   <div class='ocr_carea' id='block_1_10' title="bbox 176 655 969 695">
    <p class='ocr_par' dir='ltr' id='par_1_10' title="bbox 176 655 969 695">
     <span class='ocr_line' id='line_1_10' title="bbox 176 655 969 695; baseline 0.003 -11"><span class='ocrx_word' id='word_1_58' title='bbox 176 657 290 684; x_wconf 86' lang='lat' dir='ltr'><strong>exitium</strong></span> <span class='ocrx_word' id='word_1_59' title='bbox 319 656 373 684; x_wconf 81' lang='lat' dir='ltr'><strong>illis</strong></span> <span class='ocrx_word' id='word_1_60' title='bbox 397 655 541 688; x_wconf 78' lang='lat' dir='ltr'><strong>inferrent,</strong></span> <span class='ocrx_word' id='word_1_61' title='bbox 568 660 666 684; x_wconf 88' lang='lat' dir='ltr'><strong>orante</strong></span> <span class='ocrx_word' id='word_1_62' title='bbox 688 656 806 685; x_wconf 80' lang='lat' dir='ltr'><strong>Jcremia</strong></span> <span class='ocrx_word' id='word_1_63' title='bbox 826 659 969 695; x_wconf 85' lang='lat' dir='ltr'><strong>propheta,</strong></span> 
     </span>
    </p>
   </div>
   <div class='ocr_carea' id='block_1_11' title="bbox 177 701 969 740">
    <p class='ocr_par' dir='ltr' id='par_1_11' title="bbox 177 701 969 740">
     <span class='ocr_line' id='line_1_11' title="bbox 177 701 969 740; baseline 0.004 -11"><span class='ocrx_word' id='word_1_64' title='bbox 177 706 234 729; x_wconf 87' lang='lat' dir='ltr'><strong>tam</strong></span> <span class='ocrx_word' id='word_1_65' title='bbox 257 702 384 737; x_wconf 85' lang='lat' dir='ltr'><strong>aspidum</strong></span> <span class='ocrx_word' id='word_1_66' title='bbox 409 703 436 728; x_wconf 90' lang='lat' dir='ltr'><strong>in</strong></span> <span class='ocrx_word' id='word_1_67' title='bbox 462 706 535 729; x_wconf 87' lang='lat' dir='ltr'><strong>terra</strong></span> <span class='ocrx_word' id='word_1_68' title='bbox 560 701 637 730; x_wconf 83' lang='lat' dir='ltr'><strong>furor</strong></span> <span class='ocrx_word' id='word_1_69' title='bbox 663 707 690 730; x_wconf 86' lang='lat' dir='ltr'><strong>et</strong></span> <span class='ocrx_word' id='word_1_70' title='bbox 711 703 813 738; x_wconf 80' lang='lat' dir='ltr'><strong>rabies,</strong></span> <span class='ocrx_word' id='word_1_71' title='bbox 838 713 921 740; x_wconf 89' lang='lat' dir='ltr'><strong>quam</strong></span> <span class='ocrx_word' id='word_1_72' title='bbox 942 706 969 732; x_wconf 94' lang='lat' dir='ltr'><strong>in</strong></span> 
     </span>
    </p>
   </div>
   <div class='ocr_carea' id='block_1_12' title="bbox 177 749 969 785">
    <p class='ocr_par' dir='ltr' id='par_1_12' title="bbox 177 749 969 785">
     <span class='ocr_line' id='line_1_12' title="bbox 177 749 969 785; baseline 0.001 -8"><span class='ocrx_word' id='word_1_73' title='bbox 177 749 260 777; x_wconf 81' lang='lat' dir='ltr'><strong>ﬁuvio</strong></span> <span class='ocrx_word' id='word_1_74' title='bbox 275 749 428 777; x_wconf 89' lang='lat' dir='ltr'><strong>belluarum</strong></span> <span class='ocrx_word' id='word_1_75' title='bbox 444 749 550 777; x_wconf 72' lang='lat' dir='ltr'><strong>insidiae</strong></span> <span class='ocrx_word' id='word_1_76' title='bbox 566 757 732 785; x_wconf 69' lang='lat' dir='ltr'><strong>compressa,-</strong></span> <span class='ocrx_word' id='word_1_77' title='bbox 747 755 823 778; x_wconf 88' lang='lat' dir='ltr'><strong>sunt.</strong></span> <span class='ocrx_word' id='word_1_78' title='bbox 840 750 917 779; x_wconf 87' lang='lat' dir='ltr'><strong>Unde</strong></span> <span class='ocrx_word' id='word_1_79' title='bbox 936 752 969 779; x_wconf 90' lang='lat' dir='ltr'><strong>ad</strong></span> 
     </span>
    </p>
   </div>
   <div class='ocr_carea' id='block_1_13' title="bbox 177 796 969 832">
    <p class='ocr_par' dir='ltr' id='par_1_13' title="bbox 177 796 969 832">
     <span class='ocr_line' id='line_1_13' title="bbox 177 796 969 832; baseline 0.003 -8"><span class='ocrx_word' id='word_1_80' title='bbox 177 797 332 832; x_wconf 84' lang='lat' dir='ltr'><strong>hocusque</strong></span> <span class='ocrx_word' id='word_1_81' title='bbox 357 800 465 832; x_wconf 89' lang='lat' dir='ltr'><strong>tempus</strong></span> <span class='ocrx_word' id='word_1_82' title='bbox 489 796 592 829; x_wconf 85' lang='lat' dir='ltr'><strong>ﬁdeles,</strong></span> <span class='ocrx_word' id='word_1_83' title='bbox 619 797 666 832; x_wconf 91' lang='lat' dir='ltr'><strong>qui</strong></span> <span class='ocrx_word' id='word_1_84' title='bbox 683 797 740 825; x_wconf 90' lang='lat' dir='ltr'><strong>illic</strong></span> <span class='ocrx_word' id='word_1_85' title='bbox 773 802 849 830; x_wconf 85' lang='lat' dir='ltr'><strong>sunt,</strong></span> <span class='ocrx_word' id='word_1_86' title='bbox 873 806 969 826; x_wconf 83' lang='lat' dir='ltr'><strong>omnes</strong></span> 
     </span>
    </p>
   </div>
   <div class='ocr_carea' id='block_1_14' title="bbox 176 842 970 880">
    <p class='ocr_par' dir='ltr' id='par_1_14' title="bbox 176 842 970 880">
     <span class='ocr_line' id='line_1_14' title="bbox 176 842 970 880; baseline 0.001 -10"><span class='ocrx_word' id='word_1_87' title='bbox 176 851 257 871; x_wconf 87' lang='lat' dir='ltr'><strong>orare</strong></span> <span class='ocrx_word' id='word_1_88' title='bbox 275 843 303 870; x_wconf 89' lang='lat' dir='ltr'><strong>in</strong></span> <span class='ocrx_word' id='word_1_89' title='bbox 323 843 420 870; x_wconf 88' lang='lat' dir='ltr'><strong>eodem</strong></span> <span class='ocrx_word' id='word_1_90' title='bbox 445 842 492 869; x_wconf 92' lang='lat' dir='ltr'><strong>illo</strong></span> <span class='ocrx_word' id='word_1_91' title='bbox 517 843 578 870; x_wconf 90' lang='lat' dir='ltr'><strong>loco</strong></span> <span class='ocrx_word' id='word_1_92' title='bbox 601 843 704 878; x_wconf 87' lang='lat' dir='ltr'><strong>solent;</strong></span> <span class='ocrx_word' id='word_1_93' title='bbox 725 851 890 880; x_wconf 88' lang='lat' dir='ltr'><strong>sumptoque</strong></span> <span class='ocrx_word' id='word_1_94' title='bbox 910 845 970 880; x_wconf 88' lang='lat' dir='ltr'><strong>pul-</strong></span> 
     </span>
    </p>
   </div>
   <div class='ocr_carea' id='block_1_15' title="bbox 173 888 970 923">
    <p class='ocr_par' dir='ltr' id='par_1_15' title="bbox 173 888 970 923">
     <span class='ocr_line' id='line_1_15' title="bbox 173 888 970 923; baseline 0.004 -8"><span class='ocrx_word' id='word_1_95' title='bbox 173 896 242 916; x_wconf 78' lang='lat' dir='ltr'><strong>vere</strong></span> <span class='ocrx_word' id='word_1_96' title='bbox 267 888 407 916; x_wconf 84' lang='lat' dir='ltr'><strong>morsibus</strong></span> <span class='ocrx_word' id='word_1_97' title='bbox 431 888 556 923; x_wconf 88' lang='lat' dir='ltr'><strong>aspidum</strong></span> <span class='ocrx_word' id='word_1_98' title='bbox 575 889 730 923; x_wconf 87' lang='lat' dir='ltr'><strong>medentur,</strong></span> <span class='ocrx_word' id='word_1_99' title='bbox 758 897 790 918; x_wconf 88' lang='lat' dir='ltr'><strong>ac</strong></span> <span class='ocrx_word' id='word_1_100' title='bbox 813 891 970 918; x_wconf 86' lang='lat' dir='ltr'><strong>crocodilos</strong></span> 
     </span>
    </p>
   </div>
   <div class='ocr_carea' id='block_1_16' title="bbox 176 933 1007 980">
    <p class='ocr_par' dir='ltr' id='par_1_16' title="bbox 176 933 1007 980">
     <span class='ocr_line' id='line_1_16' title="bbox 176 933 1007 980; baseline 0.002 -19"><span class='ocrx_word' id='word_1_101' title='bbox 176 934 284 970; x_wconf 69' lang='lat' dir='ltr'><strong>fugant.</strong></span> <span class='ocrx_word' id='word_1_102' title='bbox 305 933 379 980; x_wconf 82' lang='lat' dir='ltr'><strong>Idem</strong></span> <span class='ocrx_word' id='word_1_103' title='bbox 397 941 462 962; x_wconf 70' lang='lat' dir='ltr'><strong>vero</strong></span> <span class='ocrx_word' id='word_1_104' title='bbox 477 934 610 969; x_wconf 83' lang='lat' dir='ltr'><strong>propheta</strong></span> <span class='ocrx_word' id='word_1_105' title='bbox 627 934 817 962; x_wconf 83' lang='lat' dir='ltr'><strong>sacerdotibus</strong></span> <span class='ocrx_word' id='word_1_106' title='bbox 832 935 968 972; x_wconf 68' lang='lat' dir='ltr'><strong>Egyptiis</strong></span> <span class='ocrx_word' id='word_1_107' title='bbox 982 953 1007 980; x_wconf 63' lang='grc' dir='ltr'>Β</span> 
     </span>
    </p>
   </div>
   <div class='ocr_carea' id='block_1_17' title="bbox 177 979 970 1015">
    <p class='ocr_par' dir='ltr' id='par_1_17' title="bbox 177 979 970 1015">
     <span class='ocr_line' id='line_1_17' title="bbox 177 979 970 1015; baseline 0.004 -8"><span class='ocrx_word' id='word_1_108' title='bbox 177 980 287 1015; x_wconf 73' lang='lat' dir='ltr'><strong>signum</strong></span> <span class='ocrx_word' id='word_1_109' title='bbox 303 979 389 1012; x_wconf 84' lang='lat' dir='ltr'><strong>dedit,</strong></span> <span class='ocrx_word' id='word_1_110' title='bbox 405 987 438 1007; x_wconf 88' lang='lat' dir='ltr'><strong>ac</strong></span> <span class='ocrx_word' id='word_1_111' title='bbox 458 980 642 1012; x_wconf 85' lang='lat' dir='ltr'><strong>denuntiavit,</strong></span> <span class='ocrx_word' id='word_1_112' title='bbox 666 980 758 1008; x_wconf 85' lang='lat' dir='ltr'><strong>omnia</strong></span> <span class='ocrx_word' id='word_1_113' title='bbox 781 981 890 1009; x_wconf 88' lang='lat' dir='ltr'><strong>illorum</strong></span> <span class='ocrx_word' id='word_1_114' title='bbox 908 990 970 1010; x_wconf 89' lang='lat' dir='ltr'><strong>esse</strong></span> 
     </span>
    </p>
   </div>
   <div class='ocr_carea' id='block_1_18' title="bbox 175 1026 970 1062">
    <p class='ocr_par' dir='ltr' id='par_1_18' title="bbox 175 1026 970 1062">
     <span class='ocr_line' id='line_1_18' title="bbox 175 1026 970 1062; baseline 0.001 -8"><span class='ocrx_word' id='word_1_115' title='bbox 175 1026 325 1062; x_wconf 85' lang='lat' dir='ltr'><strong>quatienda</strong></span> <span class='ocrx_word' id='word_1_116' title='bbox 343 1026 504 1058; x_wconf 82' lang='lat' dir='ltr'><strong>simulacra,</strong></span> <span class='ocrx_word' id='word_1_117' title='bbox 524 1030 551 1053; x_wconf 93' lang='lat' dir='ltr'><strong>ct</strong></span> <span class='ocrx_word' id='word_1_118' title='bbox 566 1034 628 1062; x_wconf 66' lang='lat' dir='ltr'><strong>quae</strong></span> <span class='ocrx_word' id='word_1_119' title='bbox 642 1033 724 1054; x_wconf 87' lang='lat' dir='ltr'><strong>manu</strong></span> <span class='ocrx_word' id='word_1_120' title='bbox 738 1027 878 1055; x_wconf 88' lang='lat' dir='ltr'><strong>elaborata</strong></span> <span class='ocrx_word' id='word_1_121' title='bbox 891 1032 970 1055; x_wconf 87' lang='lat' dir='ltr'><strong>erant</strong></span> 
     </span>
    </p>
   </div>
   <div class='ocr_carea' id='block_1_19' title="bbox 176 1073 970 1109">
    <p class='ocr_par' dir='ltr' id='par_1_19' title="bbox 176 1073 970 1109">
     <span class='ocr_line' id='line_1_19' title="bbox 176 1073 970 1109; baseline 0.001 -8"><span class='ocrx_word' id='word_1_122' title='bbox 176 1073 257 1108; x_wconf 75' lang='lat' dir='ltr'><strong>signa</strong></span> <span class='ocrx_word' id='word_1_123' title='bbox 271 1073 388 1105; x_wconf 88' lang='lat' dir='ltr'><strong>ruitura,</strong></span> <span class='ocrx_word' id='word_1_124' title='bbox 409 1079 472 1100; x_wconf 91' lang='lat' dir='ltr'><strong>eum</strong></span> <span class='ocrx_word' id='word_1_125' title='bbox 492 1074 570 1108; x_wconf 75' lang='lat' dir='ltr'><strong>virgo</strong></span> <span class='ocrx_word' id='word_1_126' title='bbox 585 1081 720 1109; x_wconf 85' lang='lat' dir='ltr'><strong>puerpera</strong></span> <span class='ocrx_word' id='word_1_127' title='bbox 737 1073 830 1102; x_wconf 81' lang='lat' dir='ltr'><strong>divino</strong></span> <span class='ocrx_word' id='word_1_128' title='bbox 847 1081 910 1101; x_wconf 91' lang='lat' dir='ltr'><strong>cum</strong></span> <span class='ocrx_word' id='word_1_129' title='bbox 928 1074 970 1102; x_wconf 92' lang='lat' dir='ltr'><strong>in-</strong></span> 
     </span>
    </p>
   </div>
   <div class='ocr_carea' id='block_1_20' title="bbox 175 1117 972 1155">
    <p class='ocr_par' dir='ltr' id='par_1_20' title="bbox 175 1117 972 1155">
     <span class='ocr_line' id='line_1_20' title="bbox 175 1117 972 1155; baseline 0 -9"><span class='ocrx_word' id='word_1_130' title='bbox 175 1118 252 1147; x_wconf 75' lang='lat' dir='ltr'><strong>fante</strong></span> <span class='ocrx_word' id='word_1_131' title='bbox 265 1118 361 1155; x_wconf 88' lang='lat' dir='ltr'><strong>pedem</strong></span> <span class='ocrx_word' id='word_1_132' title='bbox 378 1118 406 1145; x_wconf 93' lang='lat' dir='ltr'><strong>in</strong></span> <span class='ocrx_word' id='word_1_133' title='bbox 425 1117 572 1154; x_wconf 66' lang='lat' dir='ltr'><strong>Egyptum</strong></span> <span class='ocrx_word' id='word_1_134' title='bbox 598 1120 746 1153; x_wconf 88' lang='lat' dir='ltr'><strong>posuisset.</strong></span> <span class='ocrx_word' id='word_1_135' title='bbox 768 1118 823 1146; x_wconf 84' lang='lat' dir='ltr'><strong>Nec</strong></span> <span class='ocrx_word' id='word_1_136' title='bbox 836 1127 906 1146; x_wconf 88' lang='lat' dir='ltr'><strong>vana</strong></span> <span class='ocrx_word' id='word_1_137' title='bbox 920 1119 972 1147; x_wconf 86' lang='lat' dir='ltr'><strong>l&#39;uit</strong></span> 
     </span>
    </p>
   </div>
   <div class='ocr_carea' id='block_1_21' title="bbox 175 1163 971 1201">
    <p class='ocr_par' dir='ltr' id='par_1_21' title="bbox 175 1163 971 1201">
     <span class='ocr_line' id='line_1_21' title="bbox 175 1163 971 1201; baseline 0 -8"><span class='ocrx_word' id='word_1_138' title='bbox 175 1164 329 1201; x_wconf 69' lang='lat' dir='ltr'><strong>praedictio.</strong></span> <span class='ocrx_word' id='word_1_139' title='bbox 353 1163 406 1200; x_wconf 87' lang='lat' dir='ltr'><strong>(0b</strong></span> <span class='ocrx_word' id='word_1_140' title='bbox 438 1163 464 1191; x_wconf 90' lang='lat' dir='ltr'><strong>id</strong></span> <span class='ocrx_word' id='word_1_141' title='bbox 490 1171 653 1200; x_wconf 82' lang='lat' dir='ltr'><strong>puerperam</strong></span> <span class='ocrx_word' id='word_1_142' title='bbox 678 1164 811 1200; x_wconf 78' lang='lat' dir='ltr'><strong>virginem</strong></span> <span class='ocrx_word' id='word_1_143' title='bbox 834 1165 971 1200; x_wconf 89' lang='lat' dir='ltr'><strong>hodieque</strong></span> 
     </span>
    </p>
   </div>
   <div class='ocr_carea' id='block_1_22' title="bbox 177 1209 969 1246">
    <p class='ocr_par' dir='ltr' id='par_1_22' title="bbox 177 1209 969 1246">
     <span class='ocr_line' id='line_1_22' title="bbox 177 1209 969 1246; baseline 0.001 -7"><span class='ocrx_word' id='word_1_144' title='bbox 177 1215 361 1245; x_wconf 84' lang='lat' dir='ltr'><strong>venerantur;</strong></span> <span class='ocrx_word' id='word_1_145' title='bbox 376 1214 403 1238; x_wconf 87' lang='lat' dir='ltr'><strong>et</strong></span> <span class='ocrx_word' id='word_1_146' title='bbox 419 1209 551 1238; x_wconf 82' lang='lat' dir='ltr'><strong>infantem</strong></span> <span class='ocrx_word' id='word_1_147' title='bbox 569 1210 596 1237; x_wconf 92' lang='lat' dir='ltr'><strong>in</strong></span> <span class='ocrx_word' id='word_1_148' title='bbox 614 1211 730 1246; x_wconf 71' lang='lat' dir='ltr'><strong>praesepi</strong></span> <span class='ocrx_word' id='word_1_149' title='bbox 748 1210 886 1246; x_wconf 86' lang='lat' dir='ltr'><strong>jacentem</strong></span> <span class='ocrx_word' id='word_1_150' title='bbox 901 1211 969 1240; x_wconf 85' lang='lat' dir='ltr'><strong>ado-</strong></span> 
     </span>
    </p>
   </div>
   <div class='ocr_carea' id='block_1_23' title="bbox 176 1256 969 1294">
    <p class='ocr_par' dir='ltr' id='par_1_23' title="bbox 176 1256 969 1294">
     <span class='ocr_line' id='line_1_23' title="bbox 176 1256 969 1294; baseline -0.001 -9"><span class='ocrx_word' id='word_1_151' title='bbox 176 1261 249 1285; x_wconf 82' lang='lat' dir='ltr'><strong>rant.</strong></span> <span class='ocrx_word' id='word_1_152' title='bbox 266 1257 353 1292; x_wconf 83' lang='lat' dir='ltr'><strong>Cujus</strong></span> <span class='ocrx_word' id='word_1_153' title='bbox 373 1257 413 1285; x_wconf 91' lang='lat' dir='ltr'><strong>rci</strong></span> <span class='ocrx_word' id='word_1_154' title='bbox 428 1264 540 1284; x_wconf 83' lang='lat' dir='ltr'><strong>causam</strong></span> <span class='ocrx_word' id='word_1_155' title='bbox 559 1257 714 1285; x_wconf 83' lang='lat' dir='ltr'><strong>sciscitanti</strong></span> <span class='ocrx_word' id='word_1_156' title='bbox 739 1256 888 1285; x_wconf 71' lang='lat' dir='ltr'><strong>Ptolemaeo</strong></span> <span class='ocrx_word' id='word_1_157' title='bbox 901 1257 969 1294; x_wconf 75' lang='lat' dir='ltr'><strong>regi,</strong></span> 
     </span>
    </p>
   </div>
   <div class='ocr_carea' id='block_1_24' title="bbox 177 1302 970 1340">
    <p class='ocr_par' dir='ltr' id='par_1_24' title="bbox 177 1302 970 1340">
     <span class='ocr_line' id='line_1_24' title="bbox 177 1302 970 1340; baseline -0.001 -9"><span class='ocrx_word' id='word_1_158' title='bbox 177 1304 382 1340; x_wconf 78' lang='lat' dir='ltr'><strong>responderunt</strong></span> <span class='ocrx_word' id='word_1_159' title='bbox 398 1313 405 1331; x_wconf 86' lang='lat'>:</span> <span class='ocrx_word' id='word_1_160' title='bbox 422 1302 581 1339; x_wconf 76' lang='lat' dir='ltr'><strong>Mysterium</strong></span> <span class='ocrx_word' id='word_1_161' title='bbox 599 1302 666 1329; x_wconf 93' lang='lat' dir='ltr'><strong>illud</strong></span> <span class='ocrx_word' id='word_1_162' title='bbox 684 1306 738 1333; x_wconf 85' lang='lat' dir='ltr'><strong>est,</strong></span> <span class='ocrx_word' id='word_1_163' title='bbox 755 1302 828 1337; x_wconf 90' lang='lat' dir='ltr'><strong>quod</strong></span> <span class='ocrx_word' id='word_1_164' title='bbox 843 1310 858 1330; x_wconf 91' lang='lat' dir='ltr'><strong>a</strong></span> <span class='ocrx_word' id='word_1_165' title='bbox 881 1302 970 1338; x_wconf 85' lang='lat' dir='ltr'><strong>majo-</strong></span> 
     </span>
    </p>
   </div>
   <div class='ocr_carea' id='block_1_25' title="bbox 176 1348 971 1385">
    <p class='ocr_par' dir='ltr' id='par_1_25' title="bbox 176 1348 971 1385">
     <span class='ocr_line' id='line_1_25' title="bbox 176 1348 971 1385; baseline 0 -8"><span class='ocrx_word' id='word_1_166' title='bbox 176 1350 256 1377; x_wconf 85' lang='lat' dir='ltr'><strong>ribus</strong></span> <span class='ocrx_word' id='word_1_167' title='bbox 277 1349 446 1385; x_wconf 87' lang='lat' dir='ltr'><strong>accepimus,</strong></span> <span class='ocrx_word' id='word_1_168' title='bbox 465 1348 595 1385; x_wconf 89' lang='lat' dir='ltr'><strong>quodque</strong></span> <span class='ocrx_word' id='word_1_169' title='bbox 612 1356 627 1375; x_wconf 89' lang='lat' dir='ltr'><strong>a</strong></span> <span class='ocrx_word' id='word_1_170' title='bbox 654 1352 752 1376; x_wconf 86' lang='lat' dir='ltr'><strong>sancto</strong></span> <span class='ocrx_word' id='word_1_171' title='bbox 774 1349 906 1385; x_wconf 86' lang='lat' dir='ltr'><strong>propheta</strong></span> <span class='ocrx_word' id='word_1_172' title='bbox 928 1353 971 1377; x_wconf 76' lang='lat' dir='ltr'><strong>est</strong></span> 
     </span>
    </p>
   </div>
   <div class='ocr_carea' id='block_1_26' title="bbox 176 1394 971 1431">
    <p class='ocr_par' dir='ltr' id='par_1_26' title="bbox 176 1394 971 1431">
     <span class='ocr_line' id='line_1_26' title="bbox 176 1394 971 1431; baseline 0 -8"><span class='ocrx_word' id='word_1_173' title='bbox 176 1395 232 1423; x_wconf 82' lang='lat' dir='ltr'><strong>illis</strong></span> <span class='ocrx_word' id='word_1_174' title='bbox 249 1394 364 1428; x_wconf 90' lang='lat' dir='ltr'><strong>editum,</strong></span> <span class='ocrx_word' id='word_1_175' title='bbox 384 1395 465 1430; x_wconf 53' lang='lat' dir='ltr'><strong>cujts</strong></span> <span class='ocrx_word' id='word_1_176' title='bbox 488 1402 540 1422; x_wconf 93' lang='lat' dir='ltr'><strong>nos</strong></span> <span class='ocrx_word' id='word_1_177' title='bbox 559 1395 751 1429; x_wconf 67' lang='lat' dir='ltr'><strong>praastolamur</strong></span> <span class='ocrx_word' id='word_1_178' title='bbox 770 1394 899 1431; x_wconf 79' lang='lat' dir='ltr'><strong>exitum.)</strong></span> <span class='ocrx_word' id='word_1_179' title='bbox 920 1394 971 1423; x_wconf 75' lang='lat' dir='ltr'><strong>llic</strong></span> 
     </span>
    </p>
   </div>
   <div class='ocr_carea' id='block_1_27' title="bbox 176 1441 969 1476">
    <p class='ocr_par' dir='ltr' id='par_1_27' title="bbox 176 1441 969 1476">
     <span class='ocr_line' id='line_1_27' title="bbox 176 1441 969 1476; baseline -0.003 -6"><span class='ocrx_word' id='word_1_180' title='bbox 176 1442 223 1470; x_wconf 84' lang='lat' dir='ltr'><strong>ille</strong></span> <span class='ocrx_word' id='word_1_181' title='bbox 245 1445 378 1476; x_wconf 73' lang='lat' dir='ltr'><strong>prmterea</strong></span> <span class='ocrx_word' id='word_1_182' title='bbox 405 1445 467 1469; x_wconf 85' lang='lat' dir='ltr'><strong>ante</strong></span> <span class='ocrx_word' id='word_1_183' title='bbox 491 1441 630 1468; x_wconf 75' lang='lat' dir='ltr'><strong>exeidium</strong></span> <span class='ocrx_word' id='word_1_184' title='bbox 655 1441 747 1475; x_wconf 81' lang='lat' dir='ltr'><strong>templi</strong></span> <span class='ocrx_word' id='word_1_185' title='bbox 775 1441 842 1476; x_wconf 81' lang='lat' dir='ltr'><strong>legis</strong></span> <span class='ocrx_word' id='word_1_186' title='bbox 866 1448 969 1475; x_wconf 87' lang='lat' dir='ltr'><strong>arcam,</strong></span> 
     </span>
    </p>
   </div>
   <div class='ocr_carea' id='block_1_28' title="bbox 177 1486 970 1523">
    <p class='ocr_par' dir='ltr' id='par_1_28' title="bbox 177 1486 970 1523">
     <span class='ocr_line' id='line_1_28' title="bbox 177 1486 970 1523; baseline 0 -9"><span class='ocrx_word' id='word_1_187' title='bbox 177 1495 293 1523; x_wconf 69' lang='lat' dir='ltr'><strong>quaeque</strong></span> <span class='ocrx_word' id='word_1_188' title='bbox 304 1487 330 1514; x_wconf 94' lang='lat' dir='ltr'><strong>in</strong></span> <span class='ocrx_word' id='word_1_189' title='bbox 340 1494 372 1514; x_wconf 85' lang='lat' dir='ltr'><strong>ea</strong></span> <span class='ocrx_word' id='word_1_190' title='bbox 385 1486 608 1518; x_wconf 81' lang='lat' dir='ltr'><strong>continebantur,</strong></span> <span class='ocrx_word' id='word_1_191' title='bbox 620 1486 728 1520; x_wconf 86' lang='lat' dir='ltr'><strong>eripuit,</strong></span> <span class='ocrx_word' id='word_1_192' title='bbox 739 1490 821 1522; x_wconf 88' lang='lat' dir='ltr'><strong>atque</strong></span> <span class='ocrx_word' id='word_1_193' title='bbox 833 1486 860 1514; x_wconf 93' lang='lat' dir='ltr'><strong>in</strong></span> <span class='ocrx_word' id='word_1_194' title='bbox 873 1495 970 1515; x_wconf 79' lang='lat' dir='ltr'><strong>saxum</strong></span> 
     </span>
    </p>
   </div>
   <div class='ocr_carea' id='block_1_29' title="bbox 177 1531 971 1568">
    <p class='ocr_par' dir='ltr' id='par_1_29' title="bbox 177 1531 971 1568">
     <span class='ocr_line' id='line_1_29' title="bbox 177 1531 971 1568; baseline 0 -7"><span class='ocrx_word' id='word_1_195' title='bbox 177 1534 307 1568; x_wconf 81' lang='lat' dir='ltr'><strong>absorpta</strong></span> <span class='ocrx_word' id='word_1_196' title='bbox 331 1532 464 1560; x_wconf 82' lang='lat' dir='ltr'><strong>condidit.</strong></span> <span class='ocrx_word' id='word_1_197' title='bbox 487 1531 558 1558; x_wconf 86' lang='lat' dir='ltr'><strong>Tum</strong></span> <span class='ocrx_word' id='word_1_198' title='bbox 581 1533 735 1560; x_wconf 81' lang='lat' dir='ltr'><strong>astantibus</strong></span> <span class='ocrx_word' id='word_1_199' title='bbox 763 1533 854 1567; x_wconf 87' lang='lat' dir='ltr'><strong>populi</strong></span> <span class='ocrx_word' id='word_1_200' title='bbox 879 1541 971 1561; x_wconf 86' lang='lat' dir='ltr'><strong>sacer-</strong></span> 
     </span>
    </p>
   </div>
   <div class='ocr_carea' id='block_1_30' title="bbox 177 1576 970 1606">
    <p class='ocr_par' dir='ltr' id='par_1_30' title="bbox 177 1576 970 1606">
     <span class='ocr_line' id='line_1_30' title="bbox 177 1576 970 1606; baseline 0 0"><span class='ocrx_word' id='word_1_201' title='bbox 177 1576 290 1606; x_wconf 84' lang='lat' dir='ltr'><strong>dotibus</strong></span> <span class='ocrx_word' id='word_1_202' title='bbox 313 1585 345 1605; x_wconf 86' lang='lat' dir='ltr'><strong>ac</strong></span> <span class='ocrx_word' id='word_1_203' title='bbox 367 1577 524 1605; x_wconf 87' lang='lat' dir='ltr'><strong>senioribus</strong></span> <span class='ocrx_word' id='word_1_204' title='bbox 546 1577 634 1605; x_wconf 88' lang='lat' dir='ltr'><strong>dixit:</strong></span> <span class='ocrx_word' id='word_1_205' title='bbox 658 1577 788 1605; x_wconf 79' lang='lat' dir='ltr'><strong>Dominus</strong></span> <span class='ocrx_word' id='word_1_206' title='bbox 811 1587 824 1605; x_wconf 87' lang='lat' dir='ltr'><strong>e</strong></span> <span class='ocrx_word' id='word_1_207' title='bbox 847 1578 915 1606; x_wconf 87' lang='lat' dir='ltr'><strong>Sina</strong></span> <span class='ocrx_word' id='word_1_208' title='bbox 942 1580 970 1606; x_wconf 81' lang='lat' dir='ltr'><strong>in</strong></span> 
     </span>
    </p>
   </div>
   <div class='ocr_carea' id='block_1_31' title="bbox 831 203 1183 236">
    <p class='ocr_par' dir='ltr' id='par_1_31' title="bbox 831 203 1183 236">
     <span class='ocr_line' id='line_1_31' title="bbox 831 203 1183 236; baseline 0.014 -5"><span class='ocrx_word' id='word_1_209' title='bbox 831 204 874 233; x_wconf 72' lang='lat' dir='ltr'><strong>DE</strong></span> <span class='ocrx_word' id='word_1_210' title='bbox 881 203 934 232; x_wconf 82' lang='lat' dir='ltr'><strong>BIA</strong></span> <span class='ocrx_word' id='word_1_211' title='bbox 955 204 1024 233; x_wconf 84' lang='lat' dir='ltr'><strong>AUT</strong></span> <span class='ocrx_word' id='word_1_212' title='bbox 1046 206 1169 236; x_wconf 70' lang='lat' dir='ltr'><strong>SPL&#39;IHA</strong></span> <span class='ocrx_word' id='word_1_213' title='bbox 1177 229 1183 236; x_wconf 91' lang='lat'><strong>.</strong></span> 
     </span>
    </p>
   </div>
   <div class='ocr_carea' id='block_1_32' title="bbox 1727 210 1822 240">
    <p class='ocr_par' dir='ltr' id='par_1_32' title="bbox 1727 210 1822 240">
     <span class='ocr_line' id='line_1_32' title="bbox 1727 210 1822 240; baseline 0 0"><span class='ocrx_word' id='word_1_214' title='bbox 1727 219 1730 222; x_wconf 86' lang='lat'>&#39;</span> <span class='ocrx_word' id='word_1_215' title='bbox 1768 210 1822 240; x_wconf 67' lang='lat'><strong>‘09</strong></span> 
     </span>
    </p>
   </div>
   <div class='ocr_carea' id='block_1_33' title="bbox 986 267 1823 305">
    <p class='ocr_par' dir='ltr' id='par_1_33' title="bbox 986 267 1823 305">
     <span class='ocr_line' id='line_1_33' title="bbox 986 267 1823 305; baseline 0.001 -9"><span class='ocrx_word' id='word_1_216' title='bbox 986 269 1007 296; x_wconf 89' lang='grc' dir='ltr'><strong>Δ</strong></span> <span class='ocrx_word' id='word_1_217' title='bbox 1030 267 1056 293; x_wconf 91' lang='lat'><em>&#39;0</em></span> <span class='ocrx_word' id='word_1_218' title='bbox 1067 268 1139 302; x_wconf 81' lang='grc' dir='ltr'>,ϐίος</span> <span class='ocrx_word' id='word_1_219' title='bbox 1159 268 1213 297; x_wconf 85' lang='grc' dir='ltr'><strong>τοῦ</strong></span> <span class='ocrx_word' id='word_1_220' title='bbox 1229 268 1365 305; x_wconf 83' lang='grc' dir='ltr'>Ἰερεμίου</span> <span class='ocrx_word' id='word_1_221' title='bbox 1381 267 1548 304; x_wconf 67' lang='grc' dir='ltr'>προφήτου,</span> <span class='ocrx_word' id='word_1_222' title='bbox 1567 268 1616 296; x_wconf 73' lang='grc' dir='ltr'><strong>καὶ</strong></span> <span class='ocrx_word' id='word_1_223' title='bbox 1637 267 1697 296; x_wconf 77' lang='grc' dir='ltr'><strong><em>ποῦ</em></strong></span> <span class='ocrx_word' id='word_1_224' title='bbox 1715 269 1823 297; x_wconf 70' lang='grc' dir='ltr'>κεῖται.</span> 
     </span>
    </p>
   </div>
   <div class='ocr_carea' id='block_1_34' title="bbox 1061 335 1823 373">
    <p class='ocr_par' dir='ltr' id='par_1_34' title="bbox 1061 335 1823 373">
     <span class='ocr_line' id='line_1_34' title="bbox 1061 335 1823 373; baseline 0.003 -11"><span class='ocrx_word' id='word_1_225' title='bbox 1061 337 1102 363; x_wconf 76' lang='lat' dir='ltr'><strong>ll&#39;.</strong></span> <span class='ocrx_word' id='word_1_226' title='bbox 1125 337 1259 372; x_wconf 78' lang='grc' dir='ltr'><strong>Ἱερεμίας</strong></span> <span class='ocrx_word' id='word_1_227' title='bbox 1277 338 1291 364; x_wconf 80' lang='grc' dir='ltr'><strong><em>ὁ</em></strong></span> <span class='ocrx_word' id='word_1_228' title='bbox 1308 337 1453 373; x_wconf 76' lang='grc' dir='ltr'><strong>προφήτης</strong></span> <span class='ocrx_word' id='word_1_229' title='bbox 1466 335 1499 373; x_wconf 83' lang='grc' dir='ltr'>ἦν</span> <span class='ocrx_word' id='word_1_230' title='bbox 1517 337 1547 370; x_wconf 77' lang='grc' dir='ltr'><strong>ἐξ</strong></span> <span class='ocrx_word' id='word_1_231' title='bbox 1567 337 1705 364; x_wconf 76' lang='grc' dir='ltr'>’Δναθώθ-</span> <span class='ocrx_word' id='word_1_232' title='bbox 1728 337 1777 364; x_wconf 79' lang='grc' dir='ltr'>καὶ</span> <span class='ocrx_word' id='word_1_233' title='bbox 1794 339 1823 364; x_wconf 83' lang='grc' dir='ltr'>ὲν</span> 
     </span>
    </p>
   </div>
   <div class='ocr_carea' id='block_1_35' title="bbox 1026 383 1823 419">
    <p class='ocr_par' dir='ltr' id='par_1_35' title="bbox 1026 383 1823 419">
     <span class='ocr_line' id='line_1_35' title="bbox 1026 383 1823 419; baseline 0.001 -10"><span class='ocrx_word' id='word_1_234' title='bbox 1026 383 1148 418; x_wconf 80' lang='grc' dir='ltr'>Τάφναις</span> <span class='ocrx_word' id='word_1_235' title='bbox 1170 384 1226 419; x_wconf 81' lang='lat'><strong>(‘23)</strong></span> <span class='ocrx_word' id='word_1_236' title='bbox 1244 383 1384 418; x_wconf 77' lang='grc' dir='ltr'><strong>Αἰγύπτου</strong></span> <span class='ocrx_word' id='word_1_237' title='bbox 1408 383 1591 419; x_wconf 80' lang='grc' dir='ltr'>λιθοϐοληθεὶς</span> <span class='ocrx_word' id='word_1_238' title='bbox 1611 383 1664 410; x_wconf 80' lang='grc' dir='ltr'>ὑπὸ</span> <span class='ocrx_word' id='word_1_239' title='bbox 1687 383 1733 410; x_wconf 83' lang='grc' dir='ltr'><strong>τοῦ</strong></span> <span class='ocrx_word' id='word_1_240' title='bbox 1754 383 1823 410; x_wconf 80' lang='grc' dir='ltr'>λοι-οὖ</span> 
     </span>
    </p>
   </div>
   <div class='ocr_carea' id='block_1_36' title="bbox 1027 427 1823 465">
    <p class='ocr_par' dir='ltr' id='par_1_36' title="bbox 1027 427 1823 465">
     <span class='ocr_line' id='line_1_36' title="bbox 1027 427 1823 465; baseline 0.001 -11"><span class='ocrx_word' id='word_1_241' title='bbox 1027 427 1213 464; x_wconf 73' lang='grc' dir='ltr'>ἐτελεύτησεν.</span> <span class='ocrx_word' id='word_1_242' title='bbox 1245 429 1343 455; x_wconf 85' lang='grc' dir='ltr'>Κεῖται</span> <span class='ocrx_word' id='word_1_243' title='bbox 1360 429 1388 456; x_wconf 84' lang='grc' dir='ltr'>δὲ</span> <span class='ocrx_word' id='word_1_244' title='bbox 1409 430 1438 455; x_wconf 76' lang='grc' dir='ltr'>ἐν</span> <span class='ocrx_word' id='word_1_245' title='bbox 1457 429 1532 465; x_wconf 78' lang='grc' dir='ltr'>τόπῳ</span> <span class='ocrx_word' id='word_1_246' title='bbox 1549 430 1599 464; x_wconf 89' lang='grc' dir='ltr'><strong>τῆς</strong></span> <span class='ocrx_word' id='word_1_247' title='bbox 1617 429 1751 465; x_wconf 77' lang='grc' dir='ltr'>οἰκήσεως</span> <span class='ocrx_word' id='word_1_248' title='bbox 1769 430 1823 455; x_wconf 79' lang='grc' dir='ltr'><strong>Φα-</strong></span> 
     </span>
    </p>
   </div>
   <div class='ocr_carea' id='block_1_37' title="bbox 1026 474 1824 512">
    <p class='ocr_par' dir='ltr' id='par_1_37' title="bbox 1026 474 1824 512">
     <span class='ocr_line' id='line_1_37' title="bbox 1026 474 1824 512; baseline 0.003 -11"><span class='ocrx_word' id='word_1_249' title='bbox 1026 474 1098 509; x_wconf 84' lang='grc' dir='ltr'>ραὼ,</span> <span class='ocrx_word' id='word_1_250' title='bbox 1127 475 1168 502; x_wconf 77' lang='grc' dir='ltr'>ὅτι</span> <span class='ocrx_word' id='word_1_251' title='bbox 1187 475 1212 501; x_wconf 90' lang='grc' dir='ltr'><strong>οί</strong></span> <span class='ocrx_word' id='word_1_252' title='bbox 1239 475 1383 509; x_wconf 78' lang='grc' dir='ltr'>Αἰγύπτιοι</span> <span class='ocrx_word' id='word_1_253' title='bbox 1409 475 1537 509; x_wconf 71' lang='grc' dir='ltr'>ἐδόξασαν</span> <span class='ocrx_word' id='word_1_254' title='bbox 1571 475 1651 503; x_wconf 78' lang='grc' dir='ltr'>αὑτὸν</span> <span class='ocrx_word' id='word_1_255' title='bbox 1675 476 1824 512; x_wconf 82' lang='grc' dir='ltr'>εὐεργετη-</span> 
     </span>
    </p>
   </div>
   <div class='ocr_carea' id='block_1_38' title="bbox 1026 520 1823 558">
    <p class='ocr_par' dir='ltr' id='par_1_38' title="bbox 1026 520 1823 558">
     <span class='ocr_line' id='line_1_38' title="bbox 1026 520 1823 558; baseline 0.003 -12"><span class='ocrx_word' id='word_1_256' title='bbox 1026 520 1117 552; x_wconf 80' lang='grc' dir='ltr'><strong>θέντες</strong></span> <span class='ocrx_word' id='word_1_257' title='bbox 1147 521 1193 548; x_wconf 85' lang='grc' dir='ltr'>ὑπ“</span> <span class='ocrx_word' id='word_1_258' title='bbox 1219 521 1301 548; x_wconf 76' lang='grc' dir='ltr'>αὑτοῦ</span> <span class='ocrx_word' id='word_1_259' title='bbox 1319 521 1387 557; x_wconf 68' lang='grc' dir='ltr'>(ἳῖί).</span> <span class='ocrx_word' id='word_1_260' title='bbox 1424 521 1550 553; x_wconf 85' lang='grc' dir='ltr'>’Δσπίδες</span> <span class='ocrx_word' id='word_1_261' title='bbox 1571 521 1646 558; x_wconf 81' lang='grc' dir='ltr'>γὰρ,</span> <span class='ocrx_word' id='word_1_262' title='bbox 1689 522 1737 548; x_wconf 79' lang='grc' dir='ltr'>καὶ</span> <span class='ocrx_word' id='word_1_263' title='bbox 1767 522 1823 548; x_wconf 77' lang='grc' dir='ltr'>τῶν</span> 
     </span>
    </p>
   </div>
   <div class='ocr_carea' id='block_1_39' title="bbox 1024 565 1821 602">
    <p class='ocr_par' dir='ltr' id='par_1_39' title="bbox 1024 565 1821 602">
     <span class='ocr_line' id='line_1_39' title="bbox 1024 565 1821 602; baseline 0.004 -10"><span class='ocrx_word' id='word_1_264' title='bbox 1024 565 1129 593; x_wconf 68' lang='grc' dir='ltr'>ὑδάτων</span> <span class='ocrx_word' id='word_1_265' title='bbox 1145 566 1238 602; x_wconf 81' lang='grc' dir='ltr'>θῆρες,</span> <span class='ocrx_word' id='word_1_266' title='bbox 1267 567 1315 599; x_wconf 77' lang='grc' dir='ltr'><strong>οὒς</strong></span> <span class='ocrx_word' id='word_1_267' title='bbox 1341 566 1470 594; x_wconf 85' lang='grc' dir='ltr'>καλοῦσιν</span> <span class='ocrx_word' id='word_1_268' title='bbox 1494 568 1519 594; x_wconf 77' lang='grc' dir='ltr'>οἱ</span> <span class='ocrx_word' id='word_1_269' title='bbox 1539 567 1685 601; x_wconf 73' lang='grc' dir='ltr'>Αἰγύπτιοι</span> <span class='ocrx_word' id='word_1_270' title='bbox 1708 569 1821 602; x_wconf 50' lang='lat' dir='ltr'><strong>resedit].</strong></span> 
     </span>
    </p>
   </div>
   <div class='ocr_carea' id='block_1_40' title="bbox 1026 610 1824 649">
    <p class='ocr_par' dir='ltr' id='par_1_40' title="bbox 1026 610 1824 649">
     <span class='ocr_line' id='line_1_40' title="bbox 1026 610 1824 649; baseline 0.001 -10"><span class='ocrx_word' id='word_1_271' title='bbox 1026 612 1156 648; x_wconf 85' lang='grc' dir='ltr'>’Έλληνες</span> <span class='ocrx_word' id='word_1_272' title='bbox 1178 614 1240 644; x_wconf 84' lang='grc' dir='ltr'>τοὺς</span> <span class='ocrx_word' id='word_1_273' title='bbox 1259 613 1458 649; x_wconf 78' lang='grc' dir='ltr'><strong>κροκοδείλους,</strong></span> <span class='ocrx_word' id='word_1_274' title='bbox 1477 610 1548 649; x_wconf 74' lang='grc' dir='ltr'>ἦσαν</span> <span class='ocrx_word' id='word_1_275' title='bbox 1561 613 1660 646; x_wconf 74' lang='grc' dir='ltr'>αὐτοὺς</span> <span class='ocrx_word' id='word_1_276' title='bbox 1674 613 1824 641; x_wconf 83' lang='grc' dir='ltr'>θανατοῦν-</span> 
     </span>
    </p>
   </div>
   <div class='ocr_carea' id='block_1_41' title="bbox 1024 657 1823 695">
    <p class='ocr_par' dir='ltr' id='par_1_41' title="bbox 1024 657 1823 695">
     <span class='ocr_line' id='line_1_41' title="bbox 1024 657 1823 695; baseline 0.003 -11"><span class='ocrx_word' id='word_1_277' title='bbox 1024 666 1084 690; x_wconf 86' lang='grc' dir='ltr'>τες,</span> <span class='ocrx_word' id='word_1_278' title='bbox 1110 658 1157 684; x_wconf 82' lang='grc' dir='ltr'><strong>καὶ</strong></span> <span class='ocrx_word' id='word_1_279' title='bbox 1181 657 1333 694; x_wconf 79' lang='grc' dir='ltr'><strong>εὐξαμένου</strong></span> <span class='ocrx_word' id='word_1_280' title='bbox 1362 658 1410 685; x_wconf 84' lang='grc' dir='ltr'><strong>τοῦ</strong></span> <span class='ocrx_word' id='word_1_281' title='bbox 1433 659 1574 694; x_wconf 82' lang='grc' dir='ltr'>προφήτου</span> <span class='ocrx_word' id='word_1_282' title='bbox 1593 660 1724 695; x_wconf 87' lang='grc' dir='ltr'>Ἰερεμίου</span> <span class='ocrx_word' id='word_1_283' title='bbox 1752 660 1823 686; x_wconf 72' lang='grc' dir='ltr'><strong>ἐκω-</strong></span> 
     </span>
    </p>
   </div>
   <div class='ocr_carea' id='block_1_42' title="bbox 1024 704 1822 741">
    <p class='ocr_par' dir='ltr' id='par_1_42' title="bbox 1024 704 1822 741">
     <span class='ocr_line' id='line_1_42' title="bbox 1024 704 1822 741; baseline 0.001 -10"><span class='ocrx_word' id='word_1_284' title='bbox 1024 704 1093 739; x_wconf 85' lang='grc' dir='ltr'><strong>λύθη</strong></span> <span class='ocrx_word' id='word_1_285' title='bbox 1109 705 1141 731; x_wconf 81' lang='grc' dir='ltr'>έχ</span> <span class='ocrx_word' id='word_1_286' title='bbox 1154 705 1203 740; x_wconf 87' lang='grc' dir='ltr'><strong>τῆς</strong></span> <span class='ocrx_word' id='word_1_287' title='bbox 1220 707 1272 741; x_wconf 84' lang='grc' dir='ltr'>γῆς</span> <span class='ocrx_word' id='word_1_288' title='bbox 1288 705 1397 741; x_wconf 77' lang='grc' dir='ltr'><strong>ἐκείνης</strong></span> <span class='ocrx_word' id='word_1_289' title='bbox 1415 706 1429 732; x_wconf 85' lang='grc' dir='ltr'>ὁ</span> <span class='ocrx_word' id='word_1_290' title='bbox 1449 705 1534 741; x_wconf 68' lang='grc' dir='ltr'>θυμὸς</span> <span class='ocrx_word' id='word_1_291' title='bbox 1544 705 1599 732; x_wconf 84' lang='grc' dir='ltr'>τῶν</span> <span class='ocrx_word' id='word_1_292' title='bbox 1615 706 1735 732; x_wconf 81' lang='grc' dir='ltr'>ἀσπίδων</span> <span class='ocrx_word' id='word_1_293' title='bbox 1752 705 1822 740; x_wconf 70' lang='grc'>(25),</span> 
     </span>
    </p>
   </div>
   <div class='ocr_carea' id='block_1_43' title="bbox 1024 750 1822 787">
    <p class='ocr_par' dir='ltr' id='par_1_43' title="bbox 1024 750 1822 787">
     <span class='ocr_line' id='line_1_43' title="bbox 1024 750 1822 787; baseline 0.001 -10"><span class='ocrx_word' id='word_1_294' title='bbox 1024 751 1071 777; x_wconf 73' lang='grc' dir='ltr'>καὶ</span> <span class='ocrx_word' id='word_1_295' title='bbox 1091 751 1123 777; x_wconf 85' lang='grc' dir='ltr'><strong>ὲκ</strong></span> <span class='ocrx_word' id='word_1_296' title='bbox 1142 750 1190 778; x_wconf 82' lang='grc' dir='ltr'><strong>τοῦ</strong></span> <span class='ocrx_word' id='word_1_297' title='bbox 1210 750 1334 786; x_wconf 77' lang='grc' dir='ltr'><strong>ποταμοῦ</strong></span> <span class='ocrx_word' id='word_1_298' title='bbox 1369 750 1500 784; x_wconf 82' lang='grc' dir='ltr'>ὡσαύτως</span> <span class='ocrx_word' id='word_1_299' title='bbox 1523 751 1555 778; x_wconf 79' lang='grc' dir='ltr'>τὸ</span> <span class='ocrx_word' id='word_1_300' title='bbox 1577 750 1683 787; x_wconf 83' lang='grc' dir='ltr'>ένεδρον</span> <span class='ocrx_word' id='word_1_301' title='bbox 1701 751 1757 778; x_wconf 82' lang='grc' dir='ltr'>τῶν</span> <span class='ocrx_word' id='word_1_302' title='bbox 1773 751 1822 787; x_wconf 81' lang='grc' dir='ltr'>θη-</span> 
     </span>
    </p>
   </div>
   <div class='ocr_carea' id='block_1_44' title="bbox 1025 794 1822 832">
    <p class='ocr_par' dir='ltr' id='par_1_44' title="bbox 1025 794 1822 832">
     <span class='ocr_line' id='line_1_44' title="bbox 1025 794 1822 832; baseline 0.003 -11"><span class='ocrx_word' id='word_1_303' title='bbox 1025 795 1090 830; x_wconf 86' lang='grc' dir='ltr'>ρίων</span> <span class='ocrx_word' id='word_1_304' title='bbox 1101 794 1167 831; x_wconf 71' lang='lat'><strong>(26).</strong></span> <span class='ocrx_word' id='word_1_305' title='bbox 1184 795 1240 822; x_wconf 70' lang='grc' dir='ltr'><strong>Καὶ</strong></span> <span class='ocrx_word' id='word_1_306' title='bbox 1250 795 1308 822; x_wconf 83' lang='grc' dir='ltr'>ὅσοι</span> <span class='ocrx_word' id='word_1_307' title='bbox 1323 795 1393 822; x_wconf 71' lang='grc' dir='ltr'>είσὶν</span> <span class='ocrx_word' id='word_1_308' title='bbox 1409 796 1510 828; x_wconf 75' lang='grc' dir='ltr'>πιστοὶ,</span> <span class='ocrx_word' id='word_1_309' title='bbox 1523 795 1576 828; x_wconf 71' lang='grc' dir='ltr'>ἕως</span> <span class='ocrx_word' id='word_1_310' title='bbox 1593 797 1713 832; x_wconf 80' lang='grc' dir='ltr'><strong>σήμερον</strong></span> <span class='ocrx_word' id='word_1_311' title='bbox 1725 795 1822 832; x_wconf 73' lang='grc' dir='ltr'>εὔχον-</span> 
     </span>
    </p>
   </div>
   <div class='ocr_carea' id='block_1_45' title="bbox 1023 840 1823 878">
    <p class='ocr_par' dir='ltr' id='par_1_45' title="bbox 1023 840 1823 878">
     <span class='ocr_line' id='line_1_45' title="bbox 1023 840 1823 878; baseline 0.003 -11"><span class='ocrx_word' id='word_1_312' title='bbox 1023 849 1068 867; x_wconf 90' lang='grc' dir='ltr'><strong>ται</strong></span> <span class='ocrx_word' id='word_1_313' title='bbox 1085 841 1115 868; x_wconf 81' lang='grc' dir='ltr'>ὲν</span> <span class='ocrx_word' id='word_1_314' title='bbox 1138 840 1177 877; x_wconf 82' lang='grc' dir='ltr'>τῷ</span> <span class='ocrx_word' id='word_1_315' title='bbox 1194 841 1269 876; x_wconf 85' lang='grc' dir='ltr'><strong>τόπῳ</strong></span> <span class='ocrx_word' id='word_1_316' title='bbox 1286 841 1394 877; x_wconf 79' lang='grc' dir='ltr'>ἐκείνῳ,</span> <span class='ocrx_word' id='word_1_317' title='bbox 1419 842 1467 869; x_wconf 82' lang='grc' dir='ltr'>καὶ</span> <span class='ocrx_word' id='word_1_318' title='bbox 1489 841 1674 877; x_wconf 81' lang='grc' dir='ltr'>λαμϐάνοντες</span> <span class='ocrx_word' id='word_1_319' title='bbox 1693 842 1741 869; x_wconf 83' lang='grc' dir='ltr'><strong>τοῦ</strong></span> <span class='ocrx_word' id='word_1_320' title='bbox 1758 842 1823 878; x_wconf 73' lang='grc' dir='ltr'>χοὸς</span> 
     </span>
    </p>
   </div>
   <div class='ocr_carea' id='block_1_46' title="bbox 1023 886 1823 924">
    <p class='ocr_par' dir='ltr' id='par_1_46' title="bbox 1023 886 1823 924">
     <span class='ocr_line' id='line_1_46' title="bbox 1023 886 1823 924; baseline 0.003 -11"><span class='ocrx_word' id='word_1_321' title='bbox 1023 886 1115 922; x_wconf 83' lang='grc' dir='ltr'><strong>δῆγμα</strong></span> <span class='ocrx_word' id='word_1_322' title='bbox 1128 887 1257 915; x_wconf 71' lang='grc' dir='ltr'>,ἀσπίδων</span> <span class='ocrx_word' id='word_1_323' title='bbox 1281 887 1491 924; x_wconf 79' lang='grc' dir='ltr'>θεραπεύουσιν,</span> <span class='ocrx_word' id='word_1_324' title='bbox 1519 888 1566 915; x_wconf 76' lang='grc' dir='ltr'><strong>καὶ</strong></span> <span class='ocrx_word' id='word_1_325' title='bbox 1588 888 1661 916; x_wconf 80' lang='grc' dir='ltr'>αὐτὰ</span> <span class='ocrx_word' id='word_1_326' title='bbox 1683 888 1719 915; x_wconf 83' lang='grc' dir='ltr'>τὰ</span> <span class='ocrx_word' id='word_1_327' title='bbox 1737 888 1823 924; x_wconf 78' lang='grc' dir='ltr'>θηρία</span> 
     </span>
    </p>
   </div>
   <div class='ocr_carea' id='block_1_47' title="bbox 1024 930 1823 970">
    <p class='ocr_par' dir='ltr' id='par_1_47' title="bbox 1024 930 1823 970">
     <span class='ocr_line' id='line_1_47' title="bbox 1024 930 1823 970; baseline 0.005 -12"><span class='ocrx_word' id='word_1_328' title='bbox 1024 931 1233 966; x_wconf 81' lang='grc' dir='ltr'>φυγαδεύουσιν.</span> <span class='ocrx_word' id='word_1_329' title='bbox 1252 930 1336 965; x_wconf 76' lang='grc' dir='ltr'>Οὗτος</span> <span class='ocrx_word' id='word_1_330' title='bbox 1350 933 1364 959; x_wconf 84' lang='grc' dir='ltr'>ὁ</span> <span class='ocrx_word' id='word_1_331' title='bbox 1377 934 1520 969; x_wconf 80' lang='grc' dir='ltr'>προφήτης</span> <span class='ocrx_word' id='word_1_332' title='bbox 1538 935 1650 970; x_wconf 85' lang='grc' dir='ltr'>σημεῖον</span> <span class='ocrx_word' id='word_1_333' title='bbox 1665 934 1751 961; x_wconf 80' lang='grc' dir='ltr'>ἔδωκε</span> <span class='ocrx_word' id='word_1_334' title='bbox 1765 936 1823 966; x_wconf 73' lang='grc' dir='ltr'>τοῖς</span> 
     </span>
    </p>
   </div>
   <div class='ocr_carea' id='block_1_48' title="bbox 1021 978 1822 1017">
    <p class='ocr_par' dir='ltr' id='par_1_48' title="bbox 1021 978 1822 1017">
     <span class='ocr_line' id='line_1_48' title="bbox 1021 978 1822 1017; baseline 0.004 -13"><span class='ocrx_word' id='word_1_335' title='bbox 1021 978 1160 1013; x_wconf 77' lang='grc' dir='ltr'>Αἰγύπτου</span> <span class='ocrx_word' id='word_1_336' title='bbox 1176 979 1305 1014; x_wconf 71' lang='grc' dir='ltr'>ἱερεῦσιν,</span> <span class='ocrx_word' id='word_1_337' title='bbox 1323 979 1412 1014; x_wconf 85' lang='grc' dir='ltr'>λέγων</span> <span class='ocrx_word' id='word_1_338' title='bbox 1423 1000 1431 1013; x_wconf 87' lang='grc'><strong>,</strong></span> <span class='ocrx_word' id='word_1_339' title='bbox 1448 979 1490 1007; x_wconf 80' lang='grc' dir='ltr'>ὅτι</span> <span class='ocrx_word' id='word_1_340' title='bbox 1511 980 1551 1007; x_wconf 81' lang='grc' dir='ltr'>δεῖ</span> <span class='ocrx_word' id='word_1_341' title='bbox 1567 980 1708 1017; x_wconf 81' lang='grc' dir='ltr'>σεισθῆναι</span> <span class='ocrx_word' id='word_1_342' title='bbox 1727 981 1822 1008; x_wconf 79' lang='grc' dir='ltr'>πάντα</span> 
     </span>
    </p>
   </div>
   <div class='ocr_carea' id='block_1_49' title="bbox 1020 1024 1822 1063">
    <p class='ocr_par' dir='ltr' id='par_1_49' title="bbox 1020 1024 1822 1063">
     <span class='ocr_line' id='line_1_49' title="bbox 1020 1024 1822 1063; baseline 0.004 -12"><span class='ocrx_word' id='word_1_343' title='bbox 1020 1024 1056 1052; x_wconf 83' lang='grc' dir='ltr'>τὰ</span> <span class='ocrx_word' id='word_1_344' title='bbox 1081 1024 1178 1052; x_wconf 85' lang='grc' dir='ltr'>εῐδωλα</span> <span class='ocrx_word' id='word_1_345' title='bbox 1206 1025 1316 1057; x_wconf 77' lang='grc' dir='ltr'>αὐτῶν,</span> <span class='ocrx_word' id='word_1_346' title='bbox 1347 1026 1393 1052; x_wconf 77' lang='grc' dir='ltr'>καὶ</span> <span class='ocrx_word' id='word_1_347' title='bbox 1413 1028 1564 1062; x_wconf 83' lang='grc' dir='ltr'>συμπεσεῖν</span> <span class='ocrx_word' id='word_1_348' title='bbox 1589 1026 1624 1053; x_wconf 84' lang='grc' dir='ltr'>τὰ</span> <span class='ocrx_word' id='word_1_349' title='bbox 1640 1027 1822 1063; x_wconf 77' lang='grc' dir='ltr'>χειροποίητα</span> 
     </span>
    </p>
   </div>
   <div class='ocr_carea' id='block_1_50' title="bbox 1022 1070 1822 1108">
    <p class='ocr_par' dir='ltr' id='par_1_50' title="bbox 1022 1070 1822 1108">
     <span class='ocr_line' id='line_1_50' title="bbox 1022 1070 1822 1108; baseline 0.004 -11"><span class='ocrx_word' id='word_1_350' title='bbox 1022 1070 1122 1103; x_wconf 83' lang='grc' dir='ltr'>πάντα,</span> <span class='ocrx_word' id='word_1_351' title='bbox 1137 1071 1201 1098; x_wconf 81' lang='grc' dir='ltr'>ὅταν</span> <span class='ocrx_word' id='word_1_352' title='bbox 1224 1071 1306 1108; x_wconf 77' lang='grc' dir='ltr'>ἐπιϐῇ</span> <span class='ocrx_word' id='word_1_353' title='bbox 1329 1072 1359 1098; x_wconf 81' lang='grc' dir='ltr'>ὲν</span> <span class='ocrx_word' id='word_1_354' title='bbox 1373 1071 1505 1108; x_wconf 77' lang='grc' dir='ltr'>Αἰγύπτῳ</span> <span class='ocrx_word' id='word_1_355' title='bbox 1521 1072 1655 1108; x_wconf 82' lang='grc' dir='ltr'>παρθένος</span> <span class='ocrx_word' id='word_1_356' title='bbox 1668 1072 1822 1108; x_wconf 80' lang='grc' dir='ltr'>λοχιύουσα</span> 
     </span>
    </p>
   </div>
   <div class='ocr_carea' id='block_1_51' title="bbox 1023 1115 1823 1155">
    <p class='ocr_par' dir='ltr' id='par_1_51' title="bbox 1023 1115 1823 1155">
     <span class='ocr_line' id='line_1_51' title="bbox 1023 1115 1823 1155; baseline 0.004 -12"><span class='ocrx_word' id='word_1_357' title='bbox 1023 1117 1071 1144; x_wconf 79' lang='grc' dir='ltr'><strong>σὺν</strong></span> <span class='ocrx_word' id='word_1_358' title='bbox 1097 1116 1192 1153; x_wconf 77' lang='grc' dir='ltr'>βρέφει</span> <span class='ocrx_word' id='word_1_359' title='bbox 1217 1117 1332 1145; x_wconf 86' lang='grc' dir='ltr'>θεοειδεί</span> <span class='ocrx_word' id='word_1_360' title='bbox 1348 1118 1414 1154; x_wconf 72' lang='lat'><strong>(27).</strong></span> <span class='ocrx_word' id='word_1_361' title='bbox 1434 1119 1488 1145; x_wconf 76' lang='grc' dir='ltr'>Καὶ</span> <span class='ocrx_word' id='word_1_362' title='bbox 1506 1118 1615 1153; x_wconf 74' lang='grc' dir='ltr'>ἐγένετο</span> <span class='ocrx_word' id='word_1_363' title='bbox 1633 1119 1735 1151; x_wconf 83' lang='grc' dir='ltr'>αὐτοῖς.</span> <span class='ocrx_word' id='word_1_364' title='bbox 1763 1115 1823 1155; x_wconf 72' lang='grc' dir='ltr'><strong>[Διὸ</strong></span> 
     </span>
    </p>
   </div>
   <div class='ocr_carea' id='block_1_52' title="bbox 1021 1163 1821 1201">
    <p class='ocr_par' dir='ltr' id='par_1_52' title="bbox 1021 1163 1821 1201">
     <span class='ocr_line' id='line_1_52' title="bbox 1021 1163 1821 1201; baseline 0.004 -12"><span class='ocrx_word' id='word_1_365' title='bbox 1021 1163 1124 1190; x_wconf 62' lang='lat' dir='ltr'><strong>natva</strong></span> <span class='ocrx_word' id='word_1_366' title='bbox 1137 1163 1238 1199; x_wconf 79' lang='grc' dir='ltr'>τιμῶσι</span> <span class='ocrx_word' id='word_1_367' title='bbox 1254 1164 1389 1199; x_wconf 83' lang='grc' dir='ltr'>παρθένον</span> <span class='ocrx_word' id='word_1_368' title='bbox 1400 1164 1505 1200; x_wconf 84' lang='grc' dir='ltr'>λοχοῦν,</span> <span class='ocrx_word' id='word_1_369' title='bbox 1518 1166 1566 1192; x_wconf 80' lang='grc' dir='ltr'><strong>καὶ</strong></span> <span class='ocrx_word' id='word_1_370' title='bbox 1579 1165 1679 1201; x_wconf 77' lang='grc' dir='ltr'>βρέφος</span> <span class='ocrx_word' id='word_1_371' title='bbox 1689 1167 1718 1191; x_wconf 87' lang='grc' dir='ltr'><strong>ὲν</strong></span> <span class='ocrx_word' id='word_1_372' title='bbox 1730 1165 1821 1201; x_wconf 81' lang='grc' dir='ltr'>φάτνῃ</span> 
     </span>
    </p>
   </div>
   <div class='ocr_carea' id='block_1_53' title="bbox 1020 1209 1823 1247">
    <p class='ocr_par' dir='ltr' id='par_1_53' title="bbox 1020 1209 1823 1247">
     <span class='ocr_line' id='line_1_53' title="bbox 1020 1209 1823 1247; baseline 0.002 -11"><span class='ocrx_word' id='word_1_373' title='bbox 1020 1209 1141 1241; x_wconf 74' lang='grc' dir='ltr'>τιθέντες</span> <span class='ocrx_word' id='word_1_374' title='bbox 1167 1210 1369 1246; x_wconf 74' lang='grc' dir='ltr'>προσκυνοῦσι·</span> <span class='ocrx_word' id='word_1_375' title='bbox 1399 1211 1448 1238; x_wconf 80' lang='grc' dir='ltr'><strong>καὶ</strong></span> <span class='ocrx_word' id='word_1_376' title='bbox 1467 1211 1628 1247; x_wconf 72' lang='grc' dir='ltr'>Πτολεμαίῳ</span> <span class='ocrx_word' id='word_1_377' title='bbox 1649 1211 1688 1246; x_wconf 86' lang='grc' dir='ltr'>τῷ</span> <span class='ocrx_word' id='word_1_378' title='bbox 1713 1211 1823 1246; x_wconf 75' lang='grc' dir='ltr'>βασιλεῖ</span> 
     </span>
    </p>
   </div>
   <div class='ocr_carea' id='block_1_54' title="bbox 1021 1255 1821 1293">
    <p class='ocr_par' dir='ltr' id='par_1_54' title="bbox 1021 1255 1821 1293">
     <span class='ocr_line' id='line_1_54' title="bbox 1021 1255 1821 1293; baseline 0.003 -11"><span class='ocrx_word' id='word_1_379' title='bbox 1021 1255 1218 1291; x_wconf 83' lang='grc' dir='ltr'>πυνθανομένῳ</span> <span class='ocrx_word' id='word_1_380' title='bbox 1227 1257 1277 1291; x_wconf 84' lang='grc' dir='ltr'>τὴν</span> <span class='ocrx_word' id='word_1_381' title='bbox 1289 1257 1381 1284; x_wconf 79' lang='grc' dir='ltr'>αἰτίαν</span> <span class='ocrx_word' id='word_1_382' title='bbox 1395 1257 1500 1292; x_wconf 71' lang='grc' dir='ltr'>ἔλεγον,</span> <span class='ocrx_word' id='word_1_383' title='bbox 1513 1257 1555 1284; x_wconf 82' lang='grc' dir='ltr'>ὃτι</span> <span class='ocrx_word' id='word_1_384' title='bbox 1571 1257 1821 1293; x_wconf 79' lang='grc' dir='ltr'>Πατροπαράδστον</span> 
     </span>
    </p>
   </div>
   <div class='ocr_carea' id='block_1_55' title="bbox 1021 1302 1821 1340">
    <p class='ocr_par' dir='ltr' id='par_1_55' title="bbox 1021 1302 1821 1340">
     <span class='ocr_line' id='line_1_55' title="bbox 1021 1302 1821 1340; baseline 0.004 -12"><span class='ocrx_word' id='word_1_385' title='bbox 1021 1302 1087 1338; x_wconf 81' lang='grc' dir='ltr'>ἡμῖν</span> <span class='ocrx_word' id='word_1_386' title='bbox 1108 1303 1166 1329; x_wconf 74' lang='grc' dir='ltr'>ἐστι</span> <span class='ocrx_word' id='word_1_387' title='bbox 1194 1304 1343 1339; x_wconf 84' lang='grc' dir='ltr'>μυστήριον</span> <span class='ocrx_word' id='word_1_388' title='bbox 1363 1303 1416 1330; x_wconf 75' lang='grc' dir='ltr'>ὑπὸ</span> <span class='ocrx_word' id='word_1_389' title='bbox 1439 1303 1513 1331; x_wconf 83' lang='grc' dir='ltr'>ὁσίου</span> <span class='ocrx_word' id='word_1_390' title='bbox 1533 1304 1581 1331; x_wconf 82' lang='grc' dir='ltr'><strong>τοῦ</strong></span> <span class='ocrx_word' id='word_1_391' title='bbox 1600 1305 1738 1340; x_wconf 75' lang='grc' dir='ltr'>προφήτου</span> <span class='ocrx_word' id='word_1_392' title='bbox 1763 1305 1821 1337; x_wconf 78' lang='grc' dir='ltr'>τοῖς</span> 
     </span>
    </p>
   </div>
   <div class='ocr_carea' id='block_1_56' title="bbox 1021 1347 1819 1385">
    <p class='ocr_par' dir='ltr' id='par_1_56' title="bbox 1021 1347 1819 1385">
     <span class='ocr_line' id='line_1_56' title="bbox 1021 1347 1819 1385; baseline 0.004 -12"><span class='ocrx_word' id='word_1_393' title='bbox 1021 1347 1157 1383; x_wconf 85' lang='grc' dir='ltr'>πατράσιν</span> <span class='ocrx_word' id='word_1_394' title='bbox 1173 1347 1251 1383; x_wconf 83' lang='grc' dir='ltr'>ἡμῶν</span> <span class='ocrx_word' id='word_1_395' title='bbox 1263 1348 1426 1384; x_wconf 72' lang='grc' dir='ltr'>παραδοθὲν,</span> <span class='ocrx_word' id='word_1_396' title='bbox 1437 1349 1486 1375; x_wconf 75' lang='grc' dir='ltr'>καὶ</span> <span class='ocrx_word' id='word_1_397' title='bbox 1499 1349 1665 1384; x_wconf 78' lang='grc' dir='ltr'>έκδεχόμεθα</span> <span class='ocrx_word' id='word_1_398' title='bbox 1681 1349 1712 1376; x_wconf 81' lang='grc' dir='ltr'>τὸ</span> <span class='ocrx_word' id='word_1_399' title='bbox 1726 1349 1819 1385; x_wconf 79' lang='grc' dir='ltr'>πέρας</span> 
     </span>
    </p>
   </div>
   <div class='ocr_carea' id='block_1_57' title="bbox 1020 1392 1819 1431">
    <p class='ocr_par' dir='ltr' id='par_1_57' title="bbox 1020 1392 1819 1431">
     <span class='ocr_line' id='line_1_57' title="bbox 1020 1392 1819 1431; baseline 0.001 -11"><span class='ocrx_word' id='word_1_400' title='bbox 1020 1393 1068 1420; x_wconf 86' lang='grc' dir='ltr'><strong>τοῦ</strong></span> <span class='ocrx_word' id='word_1_401' title='bbox 1080 1393 1230 1430; x_wconf 85' lang='grc' dir='ltr'>μυστηρίου</span> <span class='ocrx_word' id='word_1_402' title='bbox 1241 1393 1342 1431; x_wconf 71' lang='grc' dir='ltr'>ἡμῶν.]</span> <span class='ocrx_word' id='word_1_403' title='bbox 1354 1392 1459 1427; x_wconf 68' lang='grc' dir='ltr'>Οὗτοςό</span> <span class='ocrx_word' id='word_1_404' title='bbox 1470 1395 1613 1431; x_wconf 77' lang='grc' dir='ltr'>προφήτης</span> <span class='ocrx_word' id='word_1_405' title='bbox 1623 1395 1677 1431; x_wconf 83' lang='grc' dir='ltr'><strong>πρὸ</strong></span> <span class='ocrx_word' id='word_1_406' title='bbox 1688 1395 1739 1430; x_wconf 87' lang='grc' dir='ltr'><strong>τῆς</strong></span> <span class='ocrx_word' id='word_1_407' title='bbox 1751 1395 1819 1422; x_wconf 81' lang='grc' dir='ltr'><strong>ἁλώ-</strong></span> 
     </span>
    </p>
   </div>
   <div class='ocr_carea' id='block_1_58' title="bbox 1022 1439 1820 1477">
    <p class='ocr_par' dir='ltr' id='par_1_58' title="bbox 1022 1439 1820 1477">
     <span class='ocr_line' id='line_1_58' title="bbox 1022 1439 1820 1477; baseline 0.003 -11"><span class='ocrx_word' id='word_1_408' title='bbox 1022 1447 1091 1471; x_wconf 80' lang='grc' dir='ltr'>σεως</span> <span class='ocrx_word' id='word_1_409' title='bbox 1107 1439 1154 1466; x_wconf 86' lang='grc' dir='ltr'><strong>τοῦ</strong></span> <span class='ocrx_word' id='word_1_410' title='bbox 1172 1439 1236 1466; x_wconf 89' lang='grc' dir='ltr'>ναοῦ</span> <span class='ocrx_word' id='word_1_411' title='bbox 1251 1439 1376 1476; x_wconf 76' lang='grc' dir='ltr'>ἥρπασεν</span> <span class='ocrx_word' id='word_1_412' title='bbox 1393 1440 1442 1476; x_wconf 84' lang='grc' dir='ltr'>τὴν</span> <span class='ocrx_word' id='word_1_413' title='bbox 1457 1441 1575 1468; x_wconf 78' lang='grc' dir='ltr'>κιϐωτὸν</span> <span class='ocrx_word' id='word_1_414' title='bbox 1592 1440 1639 1467; x_wconf 85' lang='grc' dir='ltr'><strong>τοῦ</strong></span> <span class='ocrx_word' id='word_1_415' title='bbox 1657 1441 1753 1477; x_wconf 83' lang='grc' dir='ltr'>νόμου,</span> <span class='ocrx_word' id='word_1_416' title='bbox 1772 1441 1820 1468; x_wconf 78' lang='grc' dir='ltr'><strong>καὶ</strong></span> 
     </span>
    </p>
   </div>
   <div class='ocr_carea' id='block_1_59' title="bbox 1021 1486 1821 1523">
    <p class='ocr_par' dir='ltr' id='par_1_59' title="bbox 1021 1486 1821 1523">
     <span class='ocr_line' id='line_1_59' title="bbox 1021 1486 1821 1523; baseline 0.003 -11"><span class='ocrx_word' id='word_1_417' title='bbox 1021 1486 1056 1513; x_wconf 70' lang='grc' dir='ltr'>τὰ</span> <span class='ocrx_word' id='word_1_418' title='bbox 1077 1486 1107 1512; x_wconf 84' lang='grc' dir='ltr'>ὲν</span> <span class='ocrx_word' id='word_1_419' title='bbox 1123 1486 1191 1522; x_wconf 83' lang='grc' dir='ltr'>αὐτῇ</span> <span class='ocrx_word' id='word_1_420' title='bbox 1215 1486 1316 1518; x_wconf 85' lang='grc' dir='ltr'>πάντα,</span> <span class='ocrx_word' id='word_1_421' title='bbox 1336 1486 1384 1513; x_wconf 76' lang='grc' dir='ltr'><strong>καὶ</strong></span> <span class='ocrx_word' id='word_1_422' title='bbox 1402 1487 1531 1523; x_wconf 78' lang='grc' dir='ltr'>ἐποίησεν</span> <span class='ocrx_word' id='word_1_423' title='bbox 1548 1487 1618 1514; x_wconf 67' lang='grc' dir='ltr'>αὐτὰ</span> <span class='ocrx_word' id='word_1_424' title='bbox 1629 1488 1821 1523; x_wconf 80' lang='grc' dir='ltr'>καταποθῆναι</span> 
     </span>
    </p>
   </div>
   <div class='ocr_carea' id='block_1_60' title="bbox 1022 1528 1820 1567">
    <p class='ocr_par' dir='ltr' id='par_1_60' title="bbox 1022 1528 1820 1567">
     <span class='ocr_line' id='line_1_60' title="bbox 1022 1528 1820 1567; baseline 0.004 -10"><span class='ocrx_word' id='word_1_425' title='bbox 1022 1531 1051 1558; x_wconf 84' lang='grc' dir='ltr'>ὲν</span> <span class='ocrx_word' id='word_1_426' title='bbox 1067 1531 1163 1567; x_wconf 82' lang='grc' dir='ltr'>πέτρᾳ,</span> <span class='ocrx_word' id='word_1_427' title='bbox 1185 1531 1232 1558; x_wconf 82' lang='grc' dir='ltr'><strong>καί</strong></span> <span class='ocrx_word' id='word_1_428' title='bbox 1251 1528 1328 1558; x_wconf 80' lang='grc' dir='ltr'>εἶπεν</span> <span class='ocrx_word' id='word_1_429' title='bbox 1341 1533 1398 1563; x_wconf 80' lang='grc' dir='ltr'>τοῖς</span> <span class='ocrx_word' id='word_1_430' title='bbox 1420 1532 1521 1567; x_wconf 79' lang='grc' dir='ltr'>ἱερεῦσι</span> <span class='ocrx_word' id='word_1_431' title='bbox 1536 1532 1583 1558; x_wconf 85' lang='grc' dir='ltr'><strong>τοῦ</strong></span> <span class='ocrx_word' id='word_1_432' title='bbox 1605 1532 1670 1559; x_wconf 88' lang='grc' dir='ltr'>λαοῦ</span> <span class='ocrx_word' id='word_1_433' title='bbox 1688 1533 1735 1560; x_wconf 81' lang='grc' dir='ltr'><strong>καὶ</strong></span> <span class='ocrx_word' id='word_1_434' title='bbox 1762 1535 1820 1565; x_wconf 80' lang='grc' dir='ltr'>τοῖς</span> 
     </span>
    </p>
   </div>
   <div class='ocr_carea' id='block_1_61' title="bbox 1022 1576 1821 1613">
    <p class='ocr_par' dir='ltr' id='par_1_61' title="bbox 1022 1576 1821 1613">
     <span class='ocr_line' id='line_1_61' title="bbox 1022 1576 1821 1613; baseline 0.005 -10"><span class='ocrx_word' id='word_1_435' title='bbox 1022 1576 1219 1612; x_wconf 85' lang='grc' dir='ltr'>πρεσϐυτέροις</span> <span class='ocrx_word' id='word_1_436' title='bbox 1250 1577 1424 1613; x_wconf 85' lang='grc' dir='ltr'>παρεστῶσιν</span> <span class='ocrx_word' id='word_1_437' title='bbox 1439 1586 1445 1593; x_wconf 91' lang='grc'>·</span> <span class='ocrx_word' id='word_1_438' title='bbox 1480 1578 1685 1612; x_wconf 74' lang='grc' dir='ltr'>Ἄπεδήμησεν</span> <span class='ocrx_word' id='word_1_439' title='bbox 1709 1580 1821 1613; x_wconf 81' lang='grc' dir='ltr'>Κύριος</span> 
     </span>
    </p>
   </div>
   <div class='ocr_carea' id='block_1_62' title="bbox 178 1622 970 1657">
    <p class='ocr_par' dir='ltr' id='par_1_62' title="bbox 178 1622 967 1657">
     <span class='ocr_line' id='line_1_62' title="bbox 178 1622 967 1657; baseline 0.003 -7"><span class='ocrx_word' id='word_1_440' title='bbox 178 1623 273 1650; x_wconf 67' lang='lat' dir='ltr'><strong>calum</strong></span> <span class='ocrx_word' id='word_1_441' title='bbox 289 1624 366 1655; x_wconf 82' lang='lat' dir='ltr'><strong>abiit,</strong></span> <span class='ocrx_word' id='word_1_442' title='bbox 383 1622 493 1657; x_wconf 78' lang='lat' dir='ltr'><strong>indeque</strong></span> <span class='ocrx_word' id='word_1_443' title='bbox 517 1630 575 1649; x_wconf 85' lang='lat' dir='ltr'><strong>cum</strong></span> <span class='ocrx_word' id='word_1_444' title='bbox 595 1629 688 1650; x_wconf 75' lang='lat' dir='ltr'><strong>sancta</strong></span> <span class='ocrx_word' id='word_1_445' title='bbox 704 1624 799 1651; x_wconf 81' lang='lat' dir='ltr'><strong>virtute</strong></span> <span class='ocrx_word' id='word_1_446' title='bbox 815 1630 967 1653; x_wconf 79' lang='lat' dir='ltr'><strong>revertetur.</strong></span> 
     </span>
    </p>
   </div>
   <div class='ocr_carea' id='block_1_63' title="bbox 1025 1622 1821 1657">
    <p class='ocr_par' dir='ltr' id='par_1_63' title="bbox 1025 1622 1821 1657">
     <span class='ocr_line' id='line_1_63' title="bbox 1025 1622 1821 1657; baseline 0.001 -7"><span class='ocrx_word' id='word_1_447' title='bbox 1025 1623 1054 1650; x_wconf 73' lang='grc' dir='ltr'><strong>ἐκ</strong></span> <span class='ocrx_word' id='word_1_448' title='bbox 1067 1623 1140 1650; x_wconf 86' lang='grc' dir='ltr'><strong>Σινὰ</strong></span> <span class='ocrx_word' id='word_1_449' title='bbox 1158 1624 1202 1656; x_wconf 85' lang='grc' dir='ltr'><strong>είς</strong></span> <span class='ocrx_word' id='word_1_450' title='bbox 1218 1622 1289 1656; x_wconf 72' lang='grc' dir='ltr'>τοὺς</span> <span class='ocrx_word' id='word_1_451' title='bbox 1305 1623 1464 1657; x_wconf 77' lang='grc' dir='ltr'>οὐρανοὺς.</span> <span class='ocrx_word' id='word_1_452' title='bbox 1487 1623 1538 1650; x_wconf 73' lang='grc' dir='ltr'><strong>καὶ</strong></span> <span class='ocrx_word' id='word_1_453' title='bbox 1552 1623 1646 1650; x_wconf 74' lang='grc' dir='ltr'>πάλιν</span> <span class='ocrx_word' id='word_1_454' title='bbox 1660 1624 1821 1651; x_wconf 72' lang='grc' dir='ltr'>ἐλεύσεται</span> 
     </span>
    </p>
   </div>
   <div class='ocr_carea' id='block_1_64' title="bbox 177 1668 970 1703">
    <p class='ocr_par' dir='ltr' id='par_1_64' title="bbox 177 1668 970 1703">
     <span class='ocr_line' id='line_1_64' title="bbox 177 1668 970 1703; baseline 0.003 -8"><span class='ocrx_word' id='word_1_455' title='bbox 177 1669 263 1703; x_wconf 80' lang='lat' dir='ltr'><strong>Atque</strong></span> <span class='ocrx_word' id='word_1_456' title='bbox 280 1668 328 1695; x_wconf 80' lang='lat' dir='ltr'><strong>hoc</strong></span> <span class='ocrx_word' id='word_1_457' title='bbox 340 1668 445 1703; x_wconf 71' lang='lat' dir='ltr'><strong>signum</strong></span> <span class='ocrx_word' id='word_1_458' title='bbox 459 1668 620 1695; x_wconf 77' lang='lat' dir='ltr'><strong>advenientis</strong></span> <span class='ocrx_word' id='word_1_459' title='bbox 641 1669 714 1697; x_wconf 78' lang='lat' dir='ltr'><strong>illius</strong></span> <span class='ocrx_word' id='word_1_460' title='bbox 736 1670 797 1700; x_wconf 78' lang='lat' dir='ltr'><strong>erit.</strong></span> <span class='ocrx_word' id='word_1_461' title='bbox 818 1678 877 1697; x_wconf 76' lang='lat' dir='ltr'><strong>cunt</strong></span> <span class='ocrx_word' id='word_1_462' title='bbox 899 1670 970 1698; x_wconf 75' lang='lat' dir='ltr'><strong>vide-</strong></span> 
     </span>
    </p>
   </div>
   <div class='ocr_carea' id='block_1_65' title="bbox 178 1713 971 1751">
    <p class='ocr_par' dir='ltr' id='par_1_65' title="bbox 178 1713 971 1751">
     <span class='ocr_line' id='line_1_65' title="bbox 178 1713 971 1751; baseline 0.005 -11"><span class='ocrx_word' id='word_1_463' title='bbox 178 1713 240 1740; x_wconf 78' lang='lat' dir='ltr'><strong>licet</strong></span> <span class='ocrx_word' id='word_1_464' title='bbox 257 1713 359 1748; x_wconf 79' lang='lat' dir='ltr'><strong>tignum</strong></span> <span class='ocrx_word' id='word_1_465' title='bbox 379 1718 467 1748; x_wconf 77' lang='lat' dir='ltr'><strong>gentes</strong></span> <span class='ocrx_word' id='word_1_466' title='bbox 484 1721 572 1741; x_wconf 73' lang='lat' dir='ltr'><strong>omnes</strong></span> <span class='ocrx_word' id='word_1_467' title='bbox 589 1714 751 1742; x_wconf 81' lang='lat' dir='ltr'><strong>adorabunt.</strong></span> <span class='ocrx_word' id='word_1_468' title='bbox 776 1715 879 1743; x_wconf 86' lang='lat' dir='ltr'><strong>Dehinc</strong></span> <span class='ocrx_word' id='word_1_469' title='bbox 895 1717 971 1751; x_wconf 81' lang='lat' dir='ltr'><strong>adje-</strong></span> 
     </span>
    </p>
   </div>
   <div class='ocr_carea' id='block_1_66' title="bbox 178 1760 970 1796">
    <p class='ocr_par' dir='ltr' id='par_1_66' title="bbox 178 1760 970 1796">
     <span class='ocr_line' id='line_1_66' title="bbox 178 1760 970 1796; baseline 0.004 -9"><span class='ocrx_word' id='word_1_470' title='bbox 178 1761 238 1788; x_wconf 84' lang='lat' dir='ltr'><strong>cit:</strong></span> <span class='ocrx_word' id='word_1_471' title='bbox 270 1761 368 1787; x_wconf 80' lang='lat' dir='ltr'><strong>Arcam</strong></span> <span class='ocrx_word' id='word_1_472' title='bbox 392 1760 471 1787; x_wconf 77' lang='lat' dir='ltr'><strong>istam</strong></span> <span class='ocrx_word' id='word_1_473' title='bbox 494 1760 679 1792; x_wconf 77' lang='lat' dir='ltr'><strong>sacerdotum,</strong></span> <span class='ocrx_word' id='word_1_474' title='bbox 710 1767 756 1788; x_wconf 84' lang='lat' dir='ltr'><strong>aut</strong></span> <span class='ocrx_word' id='word_1_475' title='bbox 783 1762 970 1796; x_wconf 75' lang='lat' dir='ltr'><strong>prophetarum</strong></span> 
     </span>
    </p>
   </div>
   <div class='ocr_carea' id='block_1_67' title="bbox 178 1807 970 1843">
    <p class='ocr_par' dir='ltr' id='par_1_67' title="bbox 178 1807 970 1843">
     <span class='ocr_line' id='line_1_67' title="bbox 178 1807 970 1843; baseline 0.001 -8"><span class='ocrx_word' id='word_1_476' title='bbox 178 1815 253 1835; x_wconf 72' lang='lat' dir='ltr'><strong>nemo</strong></span> <span class='ocrx_word' id='word_1_477' title='bbox 269 1807 407 1839; x_wconf 74' lang='lat' dir='ltr'><strong>reserabit,</strong></span> <span class='ocrx_word' id='word_1_478' title='bbox 422 1811 518 1842; x_wconf 76' lang='lat' dir='ltr'><strong>prwter</strong></span> <span class='ocrx_word' id='word_1_479' title='bbox 527 1807 637 1834; x_wconf 75' lang='lat' dir='ltr'><strong>electum</strong></span> <span class='ocrx_word' id='word_1_480' title='bbox 656 1807 704 1835; x_wconf 86' lang='lat' dir='ltr'><strong>Dei</strong></span> <span class='ocrx_word' id='word_1_481' title='bbox 721 1807 828 1843; x_wconf 76' lang='lat' dir='ltr'><strong>Moysen</strong></span> <span class='ocrx_word' id='word_1_482' title='bbox 838 1817 848 1840; x_wconf 87' lang='lat'><strong><em>;</em></strong></span> <span class='ocrx_word' id='word_1_483' title='bbox 864 1808 970 1836; x_wconf 69' lang='lat' dir='ltr'><strong>tabulae</strong></span> 
     </span>
    </p>
   </div>
   <div class='ocr_carea' id='block_1_68' title="bbox 177 1853 971 1889">
    <p class='ocr_par' dir='ltr' id='par_1_68' title="bbox 177 1853 971 1889">
     <span class='ocr_line' id='line_1_68' title="bbox 177 1853 971 1889; baseline 0.003 -9"><span class='ocrx_word' id='word_1_484' title='bbox 177 1862 248 1885; x_wconf 71' lang='lat' dir='ltr'><strong>vero,</strong></span> <span class='ocrx_word' id='word_1_485' title='bbox 262 1862 321 1889; x_wconf 74' lang='lat' dir='ltr'><strong>qua:</strong></span> <span class='ocrx_word' id='word_1_486' title='bbox 335 1853 362 1881; x_wconf 76' lang='lat' dir='ltr'><strong>in</strong></span> <span class='ocrx_word' id='word_1_487' title='bbox 375 1853 425 1880; x_wconf 74' lang='lat' dir='ltr'><strong>illa</strong></span> <span class='ocrx_word' id='word_1_488' title='bbox 442 1858 514 1887; x_wconf 72' lang='lat' dir='ltr'><strong>sunt,</strong></span> <span class='ocrx_word' id='word_1_489' title='bbox 528 1862 597 1881; x_wconf 75' lang='lat' dir='ltr'><strong>unus</strong></span> <span class='ocrx_word' id='word_1_490' title='bbox 611 1854 703 1881; x_wconf 79' lang='lat' dir='ltr'><strong>Aaron</strong></span> <span class='ocrx_word' id='word_1_491' title='bbox 723 1854 862 1888; x_wconf 70' lang='lat' dir='ltr'><strong>eapandet.</strong></span> <span class='ocrx_word' id='word_1_492' title='bbox 877 1855 909 1882; x_wconf 82' lang='lat' dir='ltr'><strong>In</strong></span> <span class='ocrx_word' id='word_1_493' title='bbox 929 1863 971 1882; x_wconf 82' lang='lat' dir='ltr'><strong>re-</strong></span> 
     </span>
    </p>
   </div>
   <div class='ocr_carea' id='block_1_69' title="bbox 178 1901 971 1936">
    <p class='ocr_par' dir='ltr' id='par_1_69' title="bbox 178 1901 971 1936">
     <span class='ocr_line' id='line_1_69' title="bbox 178 1901 971 1936; baseline 0 -8"><span class='ocrx_word' id='word_1_494' title='bbox 178 1902 341 1928; x_wconf 75' lang='lat' dir='ltr'><strong>surrectione</strong></span> <span class='ocrx_word' id='word_1_495' title='bbox 354 1908 433 1935; x_wconf 88' lang='lat' dir='ltr'><strong>porro</strong></span> <span class='ocrx_word' id='word_1_496' title='bbox 461 1901 548 1935; x_wconf 82' lang='lat' dir='ltr'><strong>prima</strong></span> <span class='ocrx_word' id='word_1_497' title='bbox 564 1901 681 1927; x_wconf 84' lang='lat' dir='ltr'><strong>omnium</strong></span> <span class='ocrx_word' id='word_1_498' title='bbox 705 1906 827 1936; x_wconf 69' lang='lat' dir='ltr'><strong>exsurget</strong></span> <span class='ocrx_word' id='word_1_499' title='bbox 850 1910 926 1933; x_wconf 85' lang='lat' dir='ltr'><strong>arca,</strong></span> <span class='ocrx_word' id='word_1_500' title='bbox 945 1906 971 1929; x_wconf 78' lang='lat' dir='ltr'><strong>et</strong></span> 
     </span>
    </p>
   </div>
   <div class='ocr_carea' id='block_1_70' title="bbox 177 1947 971 1982">
    <p class='ocr_par' dir='ltr' id='par_1_70' title="bbox 177 1947 971 1982">
     <span class='ocr_line' id='line_1_70' title="bbox 177 1947 971 1982; baseline 0 -8"><span class='ocrx_word' id='word_1_501' title='bbox 177 1955 210 1974; x_wconf 68' lang='lat' dir='ltr'><strong>ex</strong></span> <span class='ocrx_word' id='word_1_502' title='bbox 221 1947 269 1974; x_wconf 81' lang='lat' dir='ltr'><strong>illo</strong></span> <span class='ocrx_word' id='word_1_503' title='bbox 282 1954 348 1974; x_wconf 65' lang='lat' dir='ltr'><strong>saxo</strong></span> <span class='ocrx_word' id='word_1_504' title='bbox 362 1951 529 1982; x_wconf 73' lang='lat' dir='ltr'><strong>prorumpet;</strong></span> <span class='ocrx_word' id='word_1_505' title='bbox 546 1951 624 1982; x_wconf 85' lang='lat' dir='ltr'><strong>atque</strong></span> <span class='ocrx_word' id='word_1_506' title='bbox 637 1947 664 1974; x_wconf 85' lang='lat' dir='ltr'><strong>in</strong></span> <span class='ocrx_word' id='word_1_507' title='bbox 679 1953 767 1974; x_wconf 83' lang='lat' dir='ltr'><strong>monte</strong></span> <span class='ocrx_word' id='word_1_508' title='bbox 783 1947 849 1975; x_wconf 88' lang='lat' dir='ltr'><strong>Sina</strong></span> <span class='ocrx_word' id='word_1_509' title='bbox 860 1947 971 1974; x_wconf 81' lang='lat' dir='ltr'><strong>colloca-</strong></span> 
     </span>
    </p>
   </div>
   <div class='ocr_carea' id='block_1_71' title="bbox 179 1993 971 2029">
    <p class='ocr_par' dir='ltr' id='par_1_71' title="bbox 179 1993 971 2029">
     <span class='ocr_line' id='line_1_71' title="bbox 179 1993 971 2029; baseline 0.001 -9"><span class='ocrx_word' id='word_1_510' title='bbox 179 1995 261 2021; x_wconf 82' lang='lat' dir='ltr'><strong>bitur.</strong></span> <span class='ocrx_word' id='word_1_511' title='bbox 278 1993 344 2020; x_wconf 83' lang='lat' dir='ltr'><strong>Tum</strong></span> <span class='ocrx_word' id='word_1_512' title='bbox 368 1993 404 2020; x_wconf 83' lang='lat' dir='ltr'><strong>ad</strong></span> <span class='ocrx_word' id='word_1_513' title='bbox 421 2001 479 2020; x_wconf 74' lang='lat' dir='ltr'><strong>eam</strong></span> <span class='ocrx_word' id='word_1_514' title='bbox 501 1995 587 2020; x_wconf 80' lang='lat' dir='ltr'><strong>sancti</strong></span> <span class='ocrx_word' id='word_1_515' title='bbox 612 2002 701 2021; x_wconf 69' lang='lat' dir='ltr'><strong>attines</strong></span> <span class='ocrx_word' id='word_1_516' title='bbox 721 1994 863 2027; x_wconf 75' lang='lat' dir='ltr'><strong>conﬂuant,</strong></span> <span class='ocrx_word' id='word_1_517' title='bbox 885 1993 971 2029; x_wconf 81' lang='lat' dir='ltr'><strong>ibique</strong></span> 
     </span>
    </p>
   </div>
   <div class='ocr_carea' id='block_1_72' title="bbox 178 2041 972 2076">
    <p class='ocr_par' dir='ltr' id='par_1_72' title="bbox 178 2041 972 2076">
     <span class='ocr_line' id='line_1_72' title="bbox 178 2041 972 2076; baseline -0.001 -8"><span class='ocrx_word' id='word_1_518' title='bbox 178 2041 320 2068; x_wconf 77' lang='lat' dir='ltr'><strong>Dominum</strong></span> <span class='ocrx_word' id='word_1_519' title='bbox 331 2045 524 2076; x_wconf 67' lang='lat' dir='ltr'><strong>exspectantes,</strong></span> <span class='ocrx_word' id='word_1_520' title='bbox 537 2042 648 2073; x_wconf 75' lang='lat' dir='ltr'><strong>hostem,</strong></span> <span class='ocrx_word' id='word_1_521' title='bbox 664 2042 708 2074; x_wconf 86' lang='lat' dir='ltr'><strong>qui</strong></span> <span class='ocrx_word' id='word_1_522' title='bbox 726 2041 775 2068; x_wconf 76' lang='lat' dir='ltr'><strong>sibi</strong></span> <span class='ocrx_word' id='word_1_523' title='bbox 793 2049 879 2068; x_wconf 82' lang='lat' dir='ltr'><strong>necem</strong></span> <span class='ocrx_word' id='word_1_524' title='bbox 895 2041 972 2068; x_wconf 85' lang='lat' dir='ltr'><strong>moli-</strong></span> 
     </span>
    </p>
   </div>
   <div class='ocr_carea' id='block_1_73' title="bbox 179 2085 971 2122">
    <p class='ocr_par' dir='ltr' id='par_1_73' title="bbox 179 2085 971 2122">
     <span class='ocr_line' id='line_1_73' title="bbox 179 2085 971 2122; baseline -0.001 -8"><span class='ocrx_word' id='word_1_525' title='bbox 179 2093 234 2119; x_wconf 79' lang='lat' dir='ltr'><strong>tur,</strong></span> <span class='ocrx_word' id='word_1_526' title='bbox 252 2087 387 2122; x_wconf 70' lang='lat' dir='ltr'><strong>effugient.</strong></span> <span class='ocrx_word' id='word_1_527' title='bbox 404 2085 455 2114; x_wconf 81' lang='lat' dir='ltr'><strong>His</strong></span> <span class='ocrx_word' id='word_1_528' title='bbox 470 2086 551 2114; x_wconf 89' lang='lat' dir='ltr'><strong>dictis</strong></span> <span class='ocrx_word' id='word_1_529' title='bbox 570 2086 655 2121; x_wconf 76' lang='lat' dir='ltr'><strong>digito</strong></span> <span class='ocrx_word' id='word_1_530' title='bbox 670 2094 720 2113; x_wconf 90' lang='lat' dir='ltr'><strong>suo</strong></span> <span class='ocrx_word' id='word_1_531' title='bbox 737 2086 782 2113; x_wconf 88' lang='lat' dir='ltr'><strong>Dci</strong></span> <span class='ocrx_word' id='word_1_532' title='bbox 803 2094 902 2113; x_wconf 83' lang='lat' dir='ltr'><strong>nomen</strong></span> <span class='ocrx_word' id='word_1_533' title='bbox 920 2087 971 2113; x_wconf 91' lang='lat' dir='ltr'><strong>im-</strong></span> 
     </span>
    </p>
   </div>
   <div class='ocr_carea' id='block_1_74' title="bbox 179 2132 971 2168">
    <p class='ocr_par' dir='ltr' id='par_1_74' title="bbox 179 2132 971 2168">
     <span class='ocr_line' id='line_1_74' title="bbox 179 2132 971 2168; baseline 0.003 -8"><span class='ocrx_word' id='word_1_534' title='bbox 179 2134 301 2168; x_wconf 88' lang='lat' dir='ltr'><strong>primens</strong></span> <span class='ocrx_word' id='word_1_535' title='bbox 319 2133 434 2168; x_wconf 81' lang='lat' dir='ltr'><strong>lapidem</strong></span> <span class='ocrx_word' id='word_1_536' title='bbox 451 2132 588 2168; x_wconf 77' lang='lat' dir='ltr'><strong>obsignat,</strong></span> <span class='ocrx_word' id='word_1_537' title='bbox 603 2140 690 2168; x_wconf 82' lang='lat' dir='ltr'><strong>caque</strong></span> <span class='ocrx_word' id='word_1_538' title='bbox 705 2133 790 2168; x_wconf 77' lang='lat' dir='ltr'><strong>ﬁgura</strong></span> <span class='ocrx_word' id='word_1_539' title='bbox 811 2133 923 2168; x_wconf 87' lang='lat' dir='ltr'><strong>perinde</strong></span> <span class='ocrx_word' id='word_1_540' title='bbox 939 2141 971 2162; x_wconf 93' lang='lat' dir='ltr'><strong>ac</strong></span> 
     </span>
    </p>
   </div>
   <div class='ocr_carea' id='block_1_75' title="bbox 180 2179 969 2208">
    <p class='ocr_par' dir='ltr' id='par_1_75' title="bbox 180 2179 969 2208">
     <span class='ocr_line' id='line_1_75' title="bbox 180 2179 969 2208; baseline 0 -2"><span class='ocrx_word' id='word_1_541' title='bbox 180 2180 203 2206; x_wconf 81' lang='lat' dir='ltr'><strong>si</strong></span> <span class='ocrx_word' id='word_1_542' title='bbox 219 2179 315 2206; x_wconf 69' lang='lat' dir='ltr'><strong>caelata</strong></span> <span class='ocrx_word' id='word_1_543' title='bbox 334 2179 407 2206; x_wconf 83' lang='lat' dir='ltr'><strong>ferro</strong></span> <span class='ocrx_word' id='word_1_544' title='bbox 422 2183 495 2206; x_wconf 75' lang='lat' dir='ltr'><strong>esset</strong></span> <span class='ocrx_word' id='word_1_545' title='bbox 511 2179 630 2206; x_wconf 61' lang='lat' dir='ltr'><strong>immisit.</strong></span> <span class='ocrx_word' id='word_1_546' title='bbox 646 2179 683 2206; x_wconf 87' lang='lat' dir='ltr'><strong>Ac</strong></span> <span class='ocrx_word' id='word_1_547' title='bbox 697 2183 754 2205; x_wconf 87' lang='lat' dir='ltr'><strong>tum</strong></span> <span class='ocrx_word' id='word_1_548' title='bbox 770 2180 858 2207; x_wconf 83' lang='lat' dir='ltr'><strong>nubes</strong></span> <span class='ocrx_word' id='word_1_549' title='bbox 874 2188 969 2208; x_wconf 84' lang='lat' dir='ltr'><strong>saxum</strong></span> 
     </span>
    </p>
   </div>
   <div class='ocr_carea' id='block_1_76' title="bbox 180 2224 969 2260">
    <p class='ocr_par' dir='ltr' id='par_1_76' title="bbox 180 2224 969 2260">
     <span class='ocr_line' id='line_1_76' title="bbox 180 2224 969 2260; baseline 0 -8"><span class='ocrx_word' id='word_1_550' title='bbox 180 2225 249 2252; x_wconf 91' lang='lat' dir='ltr'><strong>illud</strong></span> <span class='ocrx_word' id='word_1_551' title='bbox 277 2224 402 2252; x_wconf 88' lang='lat' dir='ltr'><strong>obduxit.</strong></span> <span class='ocrx_word' id='word_1_552' title='bbox 426 2224 520 2259; x_wconf 87' lang='lat' dir='ltr'><strong>Neque</strong></span> <span class='ocrx_word' id='word_1_553' title='bbox 541 2224 686 2260; x_wconf 85' lang='lat' dir='ltr'><strong>quisquam</strong></span> <span class='ocrx_word' id='word_1_554' title='bbox 710 2230 757 2251; x_wconf 84' lang='lat' dir='ltr'><strong>aut</strong></span> <span class='ocrx_word' id='word_1_555' title='bbox 783 2224 858 2251; x_wconf 91' lang='lat' dir='ltr'><strong>illum</strong></span> <span class='ocrx_word' id='word_1_556' title='bbox 879 2225 969 2252; x_wconf 89' lang='lat' dir='ltr'><strong>locum</strong></span> 
     </span>
    </p>
   </div>
   <div class='ocr_carea' id='block_1_77' title="bbox 179 2269 969 2306">
    <p class='ocr_par' dir='ltr' id='par_1_77' title="bbox 179 2269 969 2306">
     <span class='ocr_line' id='line_1_77' title="bbox 179 2269 969 2306; baseline 0 -8"><span class='ocrx_word' id='word_1_557' title='bbox 179 2270 266 2302; x_wconf 80' lang='lat' dir='ltr'><strong>novit,</strong></span> <span class='ocrx_word' id='word_1_558' title='bbox 282 2274 328 2298; x_wconf 90' lang='lat' dir='ltr'><strong>aut</strong></span> <span class='ocrx_word' id='word_1_559' title='bbox 351 2270 384 2298; x_wconf 89' lang='lat' dir='ltr'><strong>ad</strong></span> <span class='ocrx_word' id='word_1_560' title='bbox 405 2270 479 2297; x_wconf 85' lang='lat' dir='ltr'><strong>hanc</strong></span> <span class='ocrx_word' id='word_1_561' title='bbox 501 2270 571 2297; x_wconf 89' lang='lat' dir='ltr'><strong>diem</strong></span> <span class='ocrx_word' id='word_1_562' title='bbox 598 2270 686 2305; x_wconf 76' lang='lat' dir='ltr'><strong>legere</strong></span> <span class='ocrx_word' id='word_1_563' title='bbox 703 2269 801 2305; x_wconf 89' lang='lat' dir='ltr'><strong>potuit,</strong></span> <span class='ocrx_word' id='word_1_564' title='bbox 829 2278 917 2306; x_wconf 86' lang='lat' dir='ltr'><strong>neque</strong></span> <span class='ocrx_word' id='word_1_565' title='bbox 936 2271 969 2298; x_wconf 86' lang='lat' dir='ltr'><strong>ad</strong></span> 
     </span>
    </p>
   </div>
   <div class='ocr_carea' id='block_1_78' title="bbox 179 2316 968 2352">
    <p class='ocr_par' dir='ltr' id='par_1_78' title="bbox 179 2316 968 2352">
     <span class='ocr_line' id='line_1_78' title="bbox 179 2316 968 2352; baseline 0.001 -9"><span class='ocrx_word' id='word_1_566' title='bbox 179 2317 272 2344; x_wconf 78' lang='lat' dir='ltr'><strong>mundi</strong></span> <span class='ocrx_word' id='word_1_567' title='bbox 289 2317 369 2344; x_wconf 85' lang='lat' dir='ltr'><strong>ﬁnem</strong></span> <span class='ocrx_word' id='word_1_568' title='bbox 387 2324 507 2352; x_wconf 84' lang='lat' dir='ltr'><strong>unquam</strong></span> <span class='ocrx_word' id='word_1_569' title='bbox 521 2316 630 2352; x_wconf 86' lang='lat' dir='ltr'><strong>poterit.</strong></span> <span class='ocrx_word' id='word_1_570' title='bbox 644 2316 691 2343; x_wconf 88' lang='lat' dir='ltr'><strong>Est</strong></span> <span class='ocrx_word' id='word_1_571' title='bbox 705 2317 769 2344; x_wconf 88' lang='lat' dir='ltr'><strong>illud</strong></span> <span class='ocrx_word' id='word_1_572' title='bbox 785 2324 881 2344; x_wconf 83' lang='lat' dir='ltr'><strong>saxum</strong></span> <span class='ocrx_word' id='word_1_573' title='bbox 895 2317 922 2344; x_wconf 92' lang='lat' dir='ltr'><strong>in</strong></span> <span class='ocrx_word' id='word_1_574' title='bbox 937 2325 968 2344; x_wconf 77' lang='lat' dir='ltr'><strong>ca</strong></span> 
     </span>
    </p>
   </div>
   <div class='ocr_carea' id='block_1_79' title="bbox 179 2362 972 2397">
    <p class='ocr_par' dir='ltr' id='par_1_79' title="bbox 179 2362 972 2397">
     <span class='ocr_line' id='line_1_79' title="bbox 179 2362 972 2397; baseline 0 -7"><span class='ocrx_word' id='word_1_575' title='bbox 179 2363 328 2391; x_wconf 87' lang='lat' dir='ltr'><strong>solitudine</strong></span> <span class='ocrx_word' id='word_1_576' title='bbox 350 2363 432 2391; x_wconf 91' lang='lat' dir='ltr'><strong>silum</strong></span> <span class='ocrx_word' id='word_1_577' title='bbox 458 2363 504 2390; x_wconf 92' lang='lat' dir='ltr'><strong>ubi</strong></span> <span class='ocrx_word' id='word_1_578' title='bbox 532 2370 595 2390; x_wconf 90' lang='lat' dir='ltr'><strong>arca</strong></span> <span class='ocrx_word' id='word_1_579' title='bbox 619 2362 736 2397; x_wconf 92' lang='lat' dir='ltr'><strong>primum</strong></span> <span class='ocrx_word' id='word_1_580' title='bbox 759 2363 874 2394; x_wconf 81' lang='lat' dir='ltr'><strong>exstitit,</strong></span> <span class='ocrx_word' id='word_1_581' title='bbox 899 2363 972 2390; x_wconf 86' lang='lat' dir='ltr'><strong>inter</strong></span> 
     </span>
    </p>
   </div>
   <div class='ocr_carea' id='block_1_80' title="bbox 179 2408 969 2444">
    <p class='ocr_par' dir='ltr' id='par_1_80' title="bbox 179 2408 969 2444">
     <span class='ocr_line' id='line_1_80' title="bbox 179 2408 969 2444; baseline 0 -8"><span class='ocrx_word' id='word_1_582' title='bbox 179 2409 242 2437; x_wconf 77' lang='lat' dir='ltr'><strong>illos</strong></span> <span class='ocrx_word' id='word_1_583' title='bbox 259 2414 378 2441; x_wconf 85' lang='lat' dir='ltr'><strong>montes,</strong></span> <span class='ocrx_word' id='word_1_584' title='bbox 399 2409 425 2436; x_wconf 94' lang='lat' dir='ltr'><strong>in</strong></span> <span class='ocrx_word' id='word_1_585' title='bbox 451 2409 551 2444; x_wconf 87' lang='lat' dir='ltr'><strong>quibus</strong></span> <span class='ocrx_word' id='word_1_586' title='bbox 567 2408 669 2441; x_wconf 81' lang='lat' dir='ltr'><strong>Aaron,</strong></span> <span class='ocrx_word' id='word_1_587' title='bbox 689 2415 721 2434; x_wconf 89' lang='lat' dir='ltr'><strong>ac</strong></span> <span class='ocrx_word' id='word_1_588' title='bbox 745 2408 852 2444; x_wconf 80' lang='lat' dir='ltr'><strong>Moyses</strong></span> <span class='ocrx_word' id='word_1_589' title='bbox 865 2409 969 2444; x_wconf 84' lang='lat' dir='ltr'><strong>jaceut.</strong></span> 
     </span>
    </p>
   </div>
   <div class='ocr_carea' id='block_1_81' title="bbox 179 2455 969 2491">
    <p class='ocr_par' dir='ltr' id='par_1_81' title="bbox 179 2455 969 2491">
     <span class='ocr_line' id='line_1_81' title="bbox 179 2455 969 2491; baseline 0 -8"><span class='ocrx_word' id='word_1_590' title='bbox 179 2455 267 2483; x_wconf 80' lang='lat' dir='ltr'><strong>Noctu</strong></span> <span class='ocrx_word' id='word_1_591' title='bbox 286 2463 350 2484; x_wconf 86' lang='lat' dir='ltr'><strong>vero</strong></span> <span class='ocrx_word' id='word_1_592' title='bbox 368 2456 455 2483; x_wconf 87' lang='lat' dir='ltr'><strong>nubes</strong></span> <span class='ocrx_word' id='word_1_593' title='bbox 477 2456 536 2482; x_wconf 87' lang='lat' dir='ltr'><strong>loco</strong></span> <span class='ocrx_word' id='word_1_594' title='bbox 560 2455 597 2482; x_wconf 89' lang='lat' dir='ltr'><strong>illi</strong></span> <span class='ocrx_word' id='word_1_595' title='bbox 622 2456 710 2483; x_wconf 80' lang='lat' dir='ltr'><strong>instar</strong></span> <span class='ocrx_word' id='word_1_596' title='bbox 726 2456 797 2491; x_wconf 76' lang='lat' dir='ltr'><strong>ignis</strong></span> <span class='ocrx_word' id='word_1_597' title='bbox 819 2455 969 2489; x_wconf 88' lang='lat' dir='ltr'><strong>incumbit;</strong></span> 
     </span>
    </p>
   </div>
   <div class='ocr_carea' id='block_1_82' title="bbox 180 2501 970 2538">
    <p class='ocr_par' dir='ltr' id='par_1_82' title="bbox 180 2501 970 2538">
     <span class='ocr_line' id='line_1_82' title="bbox 180 2501 970 2538; baseline 0.003 -9"><span class='ocrx_word' id='word_1_598' title='bbox 180 2502 214 2529; x_wconf 81' lang='lat' dir='ltr'><strong>ad</strong></span> <span class='ocrx_word' id='word_1_599' title='bbox 236 2509 332 2529; x_wconf 87' lang='lat' dir='ltr'><strong>eorum</strong></span> <span class='ocrx_word' id='word_1_600' title='bbox 355 2501 575 2532; x_wconf 85' lang='lat' dir='ltr'><strong>similitudinem.</strong></span> <span class='ocrx_word' id='word_1_601' title='bbox 597 2509 658 2536; x_wconf 77' lang='lat' dir='ltr'><strong>qua:</strong></span> <span class='ocrx_word' id='word_1_602' title='bbox 679 2502 779 2537; x_wconf 83' lang='lat' dir='ltr'><strong>priscis</strong></span> <span class='ocrx_word' id='word_1_603' title='bbox 801 2503 970 2538; x_wconf 77' lang='lat' dir='ltr'><strong>temporibus</strong></span> 
     </span>
    </p>
   </div>
   <div class='ocr_carea' id='block_1_83' title="bbox 179 2547 969 2582">
    <p class='ocr_par' dir='ltr' id='par_1_83' title="bbox 179 2547 969 2582">
     <span class='ocr_line' id='line_1_83' title="bbox 179 2547 969 2582; baseline 0.003 -8"><span class='ocrx_word' id='word_1_604' title='bbox 179 2547 350 2578; x_wconf 85' lang='lat' dir='ltr'><strong>acciderunt,</strong></span> <span class='ocrx_word' id='word_1_605' title='bbox 371 2550 400 2574; x_wconf 88' lang='lat' dir='ltr'><strong>ut</strong></span> <span class='ocrx_word' id='word_1_606' title='bbox 416 2547 481 2574; x_wconf 89' lang='lat' dir='ltr'><strong>illud</strong></span> <span class='ocrx_word' id='word_1_607' title='bbox 499 2547 682 2582; x_wconf 81' lang='lat' dir='ltr'><strong>signiﬁcetur,</strong></span> <span class='ocrx_word' id='word_1_608' title='bbox 703 2547 749 2576; x_wconf 80' lang='lat' dir='ltr'><strong>Dei</strong></span> <span class='ocrx_word' id='word_1_609' title='bbox 769 2548 883 2581; x_wconf 63' lang='lat' dir='ltr'><strong>gloriam</strong></span> <span class='ocrx_word' id='word_1_610' title='bbox 898 2557 969 2576; x_wconf 83' lang='lat' dir='ltr'><strong>nuu-</strong></span> 
     </span>
    </p>
   </div>
   <div class='ocr_carea' id='block_1_84' title="bbox 179 2593 632 2628">
    <p class='ocr_par' dir='ltr' id='par_1_84' title="bbox 179 2593 632 2628">
     <span class='ocr_line' id='line_1_84' title="bbox 179 2593 632 2628; baseline 0.002 -9"><span class='ocrx_word' id='word_1_611' title='bbox 179 2601 261 2628; x_wconf 84' lang='lat' dir='ltr'><strong>quam</strong></span> <span class='ocrx_word' id='word_1_612' title='bbox 275 2600 290 2619; x_wconf 85' lang='lat' dir='ltr'><strong>a</strong></span> <span class='ocrx_word' id='word_1_613' title='bbox 306 2593 363 2627; x_wconf 76' lang='lat' dir='ltr'><strong>lege</strong></span> <span class='ocrx_word' id='word_1_614' title='bbox 382 2600 432 2619; x_wconf 86' lang='lat' dir='ltr'><strong>sua</strong></span> <span class='ocrx_word' id='word_1_615' title='bbox 449 2599 632 2620; x_wconf 80' lang='lat' dir='ltr'><strong>recessuram.</strong></span> 
     </span>
    </p>
   </div>
   <div class='ocr_carea' id='block_1_85' title="bbox 216 2735 467 2770">
    <p class='ocr_par' dir='ltr' id='par_1_85' title="bbox 216 2735 467 2770">
     <span class='ocr_line' id='line_1_85' title="bbox 216 2735 467 2770; baseline -0.004 -8"><span class='ocrx_word' id='word_1_616' title='bbox 216 2735 273 2770; x_wconf 72' lang='lat'><strong>(‘25)</strong></span> <span class='ocrx_word' id='word_1_617' title='bbox 292 2735 346 2769; x_wconf 82' lang='grc' dir='ltr'><strong>Γρ.</strong></span> <span class='ocrx_word' id='word_1_618' title='bbox 358 2737 467 2770; x_wconf 66' lang='grc' dir='ltr'>ταφαῖς.</span> 
     </span>
    </p>
   </div>
   <div class='ocr_carea' id='block_1_86' title="bbox 216 2769 492 2805">
    <p class='ocr_par' dir='ltr' id='par_1_86' title="bbox 216 2769 492 2805">
     <span class='ocr_line' id='line_1_86' title="bbox 216 2769 492 2805; baseline -0.004 -8"><span class='ocrx_word' id='word_1_619' title='bbox 216 2769 273 2805; x_wconf 64' lang='grc' dir='ltr'><strong>(Ἡ)</strong></span> <span class='ocrx_word' id='word_1_620' title='bbox 287 2773 340 2805; x_wconf 69' lang='lat' dir='ltr'><strong>Pp.</strong></span> <span class='ocrx_word' id='word_1_621' title='bbox 355 2769 387 2797; x_wconf 79' lang='grc' dir='ltr'>δι’</span> <span class='ocrx_word' id='word_1_622' title='bbox 403 2769 492 2797; x_wconf 70' lang='grc' dir='ltr'>αὑτὸν.</span> 
     </span>
    </p>
   </div>
   <div class='ocr_carea' id='block_1_87' title="bbox 216 2805 721 2840">
    <p class='ocr_par' dir='ltr' id='par_1_87' title="bbox 216 2805 721 2840">
     <span class='ocr_line' id='line_1_87' title="bbox 216 2805 721 2840; baseline 0.002 -10"><span class='ocrx_word' id='word_1_623' title='bbox 216 2806 272 2840; x_wconf 74' lang='grc'><strong>(25)</strong></span> <span class='ocrx_word' id='word_1_624' title='bbox 288 2808 339 2840; x_wconf 88' lang='grc' dir='ltr'><strong>Γρ.</strong></span> <span class='ocrx_word' id='word_1_625' title='bbox 356 2814 404 2832; x_wconf 80' lang='grc' dir='ltr'><strong>του</strong></span> <span class='ocrx_word' id='word_1_626' title='bbox 422 2807 516 2840; x_wconf 83' lang='grc' dir='ltr'>γένους</span> <span class='ocrx_word' id='word_1_627' title='bbox 528 2805 582 2832; x_wconf 80' lang='grc' dir='ltr'><strong>τῶν</strong></span> <span class='ocrx_word' id='word_1_628' title='bbox 594 2805 721 2832; x_wconf 77' lang='grc' dir='ltr'>ἀσπίδων.</span> 
     </span>
    </p>
   </div>
   <div class='ocr_carea' id='block_1_88' title="bbox 217 2841 497 2876">
    <p class='ocr_par' dir='ltr' id='par_1_88' title="bbox 217 2841 497 2876">
     <span class='ocr_line' id='line_1_88' title="bbox 217 2841 497 2876; baseline 0 -8"><span class='ocrx_word' id='word_1_629' title='bbox 217 2842 273 2872; x_wconf 70' lang='lat'><strong>(26)</strong></span> <span class='ocrx_word' id='word_1_630' title='bbox 288 2843 340 2875; x_wconf 84' lang='lat' dir='ltr'><strong>l‘p.</strong></span> <span class='ocrx_word' id='word_1_631' title='bbox 358 2841 391 2868; x_wconf 87' lang='grc' dir='ltr'>τὰ</span> <span class='ocrx_word' id='word_1_632' title='bbox 405 2841 497 2876; x_wconf 82' lang='grc' dir='ltr'>θηρία.</span> 
     </span>
    </p>
   </div>
   <div class='ocr_carea' id='block_1_89' title="bbox 217 2875 594 2912">
    <p class='ocr_par' dir='ltr' id='par_1_89' title="bbox 217 2875 594 2912">
     <span class='ocr_line' id='line_1_89' title="bbox 217 2875 594 2912; baseline 0 -10"><span class='ocrx_word' id='word_1_633' title='bbox 217 2878 273 2911; x_wconf 70' lang='lat' dir='ltr'><strong>(i7)</strong></span> <span class='ocrx_word' id='word_1_634' title='bbox 289 2878 340 2911; x_wconf 83' lang='grc' dir='ltr'><strong>Γρ.</strong></span> <span class='ocrx_word' id='word_1_635' title='bbox 358 2875 456 2912; x_wconf 71' lang='grc' dir='ltr'>βρέφος</span> <span class='ocrx_word' id='word_1_636' title='bbox 470 2875 594 2912; x_wconf 78' lang='grc' dir='ltr'>θεοειδές.</span> 
     </span>
    </p>
   </div>
   <div class='ocr_carea' id='block_1_90' title="bbox 218 2908 972 2947">
    <p class='ocr_par' dir='ltr' id='par_1_90' title="bbox 218 2908 972 2947">
     <span class='ocr_line' id='line_1_90' title="bbox 218 2908 972 2947; baseline -0.005 -8"><span class='ocrx_word' id='word_1_637' title='bbox 218 2908 273 2946; x_wconf 71' lang='lat'><strong>(‘28)</strong></span> <span class='ocrx_word' id='word_1_638' title='bbox 287 2908 431 2947; x_wconf 51' lang='lat' dir='ltr'><strong>Aungth</strong></span> <span class='ocrx_word' id='word_1_639' title='bbox 440 2911 474 2938; x_wconf 80' lang='grc' dir='ltr'>δὲ</span> <span class='ocrx_word' id='word_1_640' title='bbox 487 2910 616 2947; x_wconf 20' lang='grc' dir='ltr'><strong>κιόωτὸγν</strong></span> <span class='ocrx_word' id='word_1_641' title='bbox 625 2911 738 2947; x_wconf 49' lang='lat' dir='ltr'><strong>suum?</strong></span> <span class='ocrx_word' id='word_1_642' title='bbox 753 2908 852 2947; x_wconf 62' lang='grc' dir='ltr'>οὐδεὶς</span> <span class='ocrx_word' id='word_1_643' title='bbox 866 2909 972 2947; x_wconf 46' lang='lat' dir='ltr'><strong>agati—</strong></span> 
     </span>
    </p>
   </div>
   <div class='ocr_carea' id='block_1_91' title="bbox 187 2944 972 2983">
    <p class='ocr_par' dir='ltr' id='par_1_91' title="bbox 187 2944 972 2983">
     <span class='ocr_line' id='line_1_91' title="bbox 187 2944 972 2983; baseline -0.001 -10"><span class='ocrx_word' id='word_1_644' title='bbox 187 2944 239 2980; x_wconf 64' lang='grc' dir='ltr'>λεὶ,</span> <span class='ocrx_word' id='word_1_645' title='bbox 250 2944 276 2974; x_wconf 70' lang='lat' dir='ltr'><strong>et</strong></span> <span class='ocrx_word' id='word_1_646' title='bbox 288 2944 468 2983; x_wconf 63' lang='grc' dir='ltr'>μῖίἋαρὼιν,</span> <span class='ocrx_word' id='word_1_647' title='bbox 483 2947 530 2974; x_wconf 78' lang='grc' dir='ltr'>καί</span> <span class='ocrx_word' id='word_1_648' title='bbox 544 2946 596 2981; x_wconf 83' lang='grc' dir='ltr'>τὰς</span> <span class='ocrx_word' id='word_1_649' title='bbox 607 2946 641 2973; x_wconf 78' lang='grc' dir='ltr'><strong>ὲν</strong></span> <span class='ocrx_word' id='word_1_650' title='bbox 653 2945 730 2980; x_wconf 72' lang='grc' dir='ltr'>αὐτῇ</span> <span class='ocrx_word' id='word_1_651' title='bbox 742 2944 860 2979; x_wconf 75' lang='grc' dir='ltr'><strong>πλάκας</strong></span> <span class='ocrx_word' id='word_1_652' title='bbox 872 2944 972 2977; x_wconf 73' lang='grc' dir='ltr'>οὐδεὶς</span> 
     </span>
    </p>
   </div>
   <div class='ocr_carea' id='block_1_92' title="bbox 1021 1667 1821 1703">
    <p class='ocr_par' dir='ltr' id='par_1_92' title="bbox 1021 1667 1821 1703">
     <span class='ocr_line' id='line_1_92' title="bbox 1021 1667 1821 1703; baseline 0.001 -9"><span class='ocrx_word' id='word_1_653' title='bbox 1021 1667 1056 1694; x_wconf 79' lang='grc' dir='ltr'><strong>ἐν</strong></span> <span class='ocrx_word' id='word_1_654' title='bbox 1070 1667 1194 1702; x_wconf 72' lang='grc' dir='ltr'>δυνάμει</span> <span class='ocrx_word' id='word_1_655' title='bbox 1211 1668 1291 1703; x_wconf 79' lang='grc' dir='ltr'><strong>ἁγίᾳ.</strong></span> <span class='ocrx_word' id='word_1_656' title='bbox 1323 1667 1379 1695; x_wconf 77' lang='grc' dir='ltr'><strong>Καὶ</strong></span> <span class='ocrx_word' id='word_1_657' title='bbox 1403 1668 1491 1695; x_wconf 84' lang='grc' dir='ltr'>τοῦτο</span> <span class='ocrx_word' id='word_1_658' title='bbox 1504 1668 1632 1703; x_wconf 81' lang='grc' dir='ltr'>σημεῖον</span> <span class='ocrx_word' id='word_1_659' title='bbox 1653 1669 1738 1696; x_wconf 81' lang='grc' dir='ltr'>ἔσται</span> <span class='ocrx_word' id='word_1_660' title='bbox 1764 1669 1821 1702; x_wconf 84' lang='grc' dir='ltr'>τῆς</span> 
     </span>
    </p>
   </div>
   <div class='ocr_carea' id='block_1_93' title="bbox 1021 1712 1820 1748">
    <p class='ocr_par' dir='ltr' id='par_1_93' title="bbox 1021 1712 1820 1748">
     <span class='ocr_line' id='line_1_93' title="bbox 1021 1712 1820 1748; baseline 0.003 -8"><span class='ocrx_word' id='word_1_661' title='bbox 1021 1712 1115 1741; x_wconf 84' lang='grc' dir='ltr'>αὐτοῦ</span> <span class='ocrx_word' id='word_1_662' title='bbox 1139 1713 1324 1748; x_wconf 75' lang='grc' dir='ltr'>παρουσίας,</span> <span class='ocrx_word' id='word_1_663' title='bbox 1352 1713 1402 1740; x_wconf 80' lang='grc' dir='ltr'>ὅτε</span> <span class='ocrx_word' id='word_1_664' title='bbox 1428 1713 1524 1746; x_wconf 80' lang='grc' dir='ltr'><em>ξύλον</em></span> <span class='ocrx_word' id='word_1_665' title='bbox 1554 1714 1653 1741; x_wconf 76' lang='grc' dir='ltr'>,πάντα</span> <span class='ocrx_word' id='word_1_666' title='bbox 1685 1715 1722 1742; x_wconf 85' lang='grc' dir='ltr'>τὰ</span> <span class='ocrx_word' id='word_1_667' title='bbox 1745 1715 1820 1748; x_wconf 74' lang='grc' dir='ltr'>ἔθνη</span> 
     </span>
    </p>
   </div>
   <div class='ocr_carea' id='block_1_94' title="bbox 1022 1757 1821 1795">
    <p class='ocr_par' dir='ltr' id='par_1_94' title="bbox 1022 1757 1821 1795">
     <span class='ocr_line' id='line_1_94' title="bbox 1022 1757 1821 1795; baseline 0.003 -9"><span class='ocrx_word' id='word_1_668' title='bbox 1022 1758 1304 1795; x_wconf 75' lang='grc' dir='ltr'>προσκυνήσουσιν.</span> <span class='ocrx_word' id='word_1_669' title='bbox 1327 1757 1411 1787; x_wconf 77' lang='grc' dir='ltr'>Εἶπεν</span> <span class='ocrx_word' id='word_1_670' title='bbox 1426 1759 1454 1786; x_wconf 87' lang='grc' dir='ltr'>δὲ</span> <span class='ocrx_word' id='word_1_671' title='bbox 1469 1760 1572 1792; x_wconf 84' lang='grc' dir='ltr'>αὐτοῖς,</span> <span class='ocrx_word' id='word_1_672' title='bbox 1588 1761 1628 1787; x_wconf 85' lang='grc' dir='ltr'>ὅτι</span> <span class='ocrx_word' id='word_1_673' title='bbox 1657 1760 1717 1794; x_wconf 78' lang='grc' dir='ltr'><strong>Τὴν</strong></span> <span class='ocrx_word' id='word_1_674' title='bbox 1734 1762 1821 1788; x_wconf 78' lang='grc' dir='ltr'>κιϐω-</span> 
     </span>
    </p>
   </div>
   <div class='ocr_carea' id='block_1_95' title="bbox 1021 1804 1821 1840">
    <p class='ocr_par' dir='ltr' id='par_1_95' title="bbox 1021 1804 1821 1840">
     <span class='ocr_line' id='line_1_95' title="bbox 1021 1804 1821 1840; baseline 0.003 -10"><span class='ocrx_word' id='word_1_675' title='bbox 1021 1805 1076 1830; x_wconf 75' lang='grc' dir='ltr'><strong>τὸν</strong></span> <span class='ocrx_word' id='word_1_676' title='bbox 1089 1805 1202 1838; x_wconf 79' lang='grc' dir='ltr'>ταύτην</span> <span class='ocrx_word' id='word_1_677' title='bbox 1226 1804 1327 1838; x_wconf 77' lang='grc' dir='ltr'>οὐδεὶς</span> <span class='ocrx_word' id='word_1_678' title='bbox 1343 1805 1509 1837; x_wconf 78' lang='grc' dir='ltr'>ἁναπτύξει</span> <span class='ocrx_word' id='word_1_679' title='bbox 1525 1805 1570 1832; x_wconf 80' lang='grc' dir='ltr'>ἐτι</span> <span class='ocrx_word' id='word_1_680' title='bbox 1594 1806 1697 1840; x_wconf 70' lang='grc' dir='ltr'>ἱερέων</span> <span class='ocrx_word' id='word_1_681' title='bbox 1712 1806 1732 1840; x_wconf 81' lang='grc' dir='ltr'><em>ἢ</em></span> <span class='ocrx_word' id='word_1_682' title='bbox 1747 1814 1821 1840; x_wconf 79' lang='grc' dir='ltr'>προ-</span> 
     </span>
    </p>
   </div>
   <div class='ocr_carea' id='block_1_96' title="bbox 1021 1850 1819 1887">
    <p class='ocr_par' dir='ltr' id='par_1_96' title="bbox 1021 1850 1819 1887">
     <span class='ocr_line' id='line_1_96' title="bbox 1021 1850 1819 1887; baseline 0.001 -10"><span class='ocrx_word' id='word_1_683' title='bbox 1021 1850 1134 1886; x_wconf 72' lang='grc' dir='ltr'>φητῶν,</span> <span class='ocrx_word' id='word_1_684' title='bbox 1146 1852 1172 1877; x_wconf 84' lang='lat' dir='ltr'><strong>sl</strong></span> <span class='ocrx_word' id='word_1_685' title='bbox 1187 1850 1230 1885; x_wconf 84' lang='grc' dir='ltr'><strong>μὴ</strong></span> <span class='ocrx_word' id='word_1_686' title='bbox 1248 1850 1361 1885; x_wconf 80' lang='grc' dir='ltr'>Μωσῆς</span> <span class='ocrx_word' id='word_1_687' title='bbox 1378 1851 1434 1887; x_wconf 74' lang='grc'><strong>(28)</strong></span> <span class='ocrx_word' id='word_1_688' title='bbox 1449 1853 1466 1878; x_wconf 83' lang='grc' dir='ltr'><strong><em>ό</em></strong></span> <span class='ocrx_word' id='word_1_689' title='bbox 1483 1851 1628 1885; x_wconf 78' lang='grc' dir='ltr'><strong>ἐκλεκτὸς</strong></span> <span class='ocrx_word' id='word_1_690' title='bbox 1651 1852 1705 1879; x_wconf 84' lang='grc' dir='ltr'><strong>τοῦ</strong></span> <span class='ocrx_word' id='word_1_691' title='bbox 1724 1852 1800 1879; x_wconf 82' lang='grc' dir='ltr'>Θεοῦ</span> <span class='ocrx_word' id='word_1_692' title='bbox 1811 1860 1819 1868; x_wconf 74' lang='grc' dir='ltr'><strong>ο</strong></span> 
     </span>
    </p>
   </div>
   <div class='ocr_carea' id='block_1_97' title="bbox 1021 1896 1819 1932">
    <p class='ocr_par' dir='ltr' id='par_1_97' title="bbox 1021 1896 1819 1932">
     <span class='ocr_line' id='line_1_97' title="bbox 1021 1896 1819 1932; baseline 0.003 -9"><span class='ocrx_word' id='word_1_693' title='bbox 1021 1896 1073 1930; x_wconf 82' lang='grc' dir='ltr'>τὰς</span> <span class='ocrx_word' id='word_1_694' title='bbox 1100 1896 1135 1923; x_wconf 85' lang='grc' dir='ltr'><strong>ὲν</strong></span> <span class='ocrx_word' id='word_1_695' title='bbox 1153 1896 1232 1931; x_wconf 75' lang='grc' dir='ltr'>αὐτῇ</span> <span class='ocrx_word' id='word_1_696' title='bbox 1252 1896 1371 1930; x_wconf 74' lang='grc' dir='ltr'><em>πλάκας</em></span> <span class='ocrx_word' id='word_1_697' title='bbox 1393 1897 1495 1931; x_wconf 73' lang='grc' dir='ltr'>οὐδεὶς</span> <span class='ocrx_word' id='word_1_698' title='bbox 1521 1897 1713 1931; x_wconf 72' lang='grc' dir='ltr'>ἀναπλώσει,</span> <span class='ocrx_word' id='word_1_699' title='bbox 1733 1899 1760 1925; x_wconf 82' lang='grc' dir='ltr'>εὶ</span> <span class='ocrx_word' id='word_1_700' title='bbox 1774 1898 1819 1932; x_wconf 78' lang='grc' dir='ltr'><strong>μὴ</strong></span> 
     </span>
    </p>
   </div>
   <div class='ocr_carea' id='block_1_98' title="bbox 1029 1942 1821 1978">
    <p class='ocr_par' dir='ltr' id='par_1_98' title="bbox 1029 1942 1821 1978">
     <span class='ocr_line' id='line_1_98' title="bbox 1029 1942 1821 1978; baseline 0.001 -8"><span class='ocrx_word' id='word_1_701' title='bbox 1029 1942 1150 1977; x_wconf 85' lang='grc' dir='ltr'><strong>Ἀαρών.</strong></span> <span class='ocrx_word' id='word_1_702' title='bbox 1166 1943 1222 1970; x_wconf 78' lang='grc' dir='ltr'><strong>Καὶ</strong></span> <span class='ocrx_word' id='word_1_703' title='bbox 1233 1943 1268 1970; x_wconf 83' lang='grc' dir='ltr'>ἐν</span> <span class='ocrx_word' id='word_1_704' title='bbox 1280 1943 1447 1971; x_wconf 85' lang='grc' dir='ltr'>ἀναστάσει</span> <span class='ocrx_word' id='word_1_705' title='bbox 1458 1943 1576 1978; x_wconf 79' lang='grc' dir='ltr'>πρῶτον</span> <span class='ocrx_word' id='word_1_706' title='bbox 1587 1945 1607 1978; x_wconf 78' lang='grc' dir='ltr'><em>ὴ</em></span> <span class='ocrx_word' id='word_1_707' title='bbox 1618 1944 1741 1978; x_wconf 82' lang='grc' dir='ltr'>κιϐωτὸς</span> <span class='ocrx_word' id='word_1_708' title='bbox 1750 1944 1821 1971; x_wconf 77' lang='lat' dir='ltr'><strong>dru-</strong></span> 
     </span>
    </p>
   </div>
   <div class='ocr_carea' id='block_1_99' title="bbox 1022 1988 1819 2023">
    <p class='ocr_par' dir='ltr' id='par_1_99' title="bbox 1022 1988 1819 2023">
     <span class='ocr_line' id='line_1_99' title="bbox 1022 1988 1819 2023; baseline 0.003 -8"><span class='ocrx_word' id='word_1_709' title='bbox 1022 1988 1178 2023; x_wconf 81' lang='grc' dir='ltr'>στήσεται,</span> <span class='ocrx_word' id='word_1_710' title='bbox 1193 1988 1242 2015; x_wconf 75' lang='grc' dir='ltr'><strong>καὶ</strong></span> <span class='ocrx_word' id='word_1_711' title='bbox 1256 1989 1447 2021; x_wconf 66' lang='grc' dir='ltr'>ἐξελεύσεται</span> <span class='ocrx_word' id='word_1_712' title='bbox 1457 1990 1492 2016; x_wconf 79' lang='grc' dir='ltr'><strong>ἐκ</strong></span> <span class='ocrx_word' id='word_1_713' title='bbox 1510 1989 1565 2023; x_wconf 83' lang='grc' dir='ltr'>τῆς</span> <span class='ocrx_word' id='word_1_714' title='bbox 1580 1990 1700 2023; x_wconf 79' lang='grc' dir='ltr'>πέτρας,</span> <span class='ocrx_word' id='word_1_715' title='bbox 1709 1990 1760 2017; x_wconf 77' lang='grc' dir='ltr'><strong>καὶ</strong></span> <span class='ocrx_word' id='word_1_716' title='bbox 1771 1999 1819 2017; x_wconf 81' lang='grc' dir='ltr'>τε·</span> 
     </span>
    </p>
   </div>
   <div class='ocr_carea' id='block_1_100' title="bbox 1023 2034 1820 2072">
    <p class='ocr_par' dir='ltr' id='par_1_100' title="bbox 1023 2034 1820 2072">
     <span class='ocr_line' id='line_1_100' title="bbox 1023 2034 1820 2072; baseline 0.003 -10"><span class='ocrx_word' id='word_1_717' title='bbox 1023 2034 1147 2067; x_wconf 78' lang='grc' dir='ltr'>θήσεται</span> <span class='ocrx_word' id='word_1_718' title='bbox 1163 2034 1198 2061; x_wconf 76' lang='grc' dir='ltr'>ἐν</span> <span class='ocrx_word' id='word_1_719' title='bbox 1207 2034 1248 2067; x_wconf 86' lang='grc' dir='ltr'>τῷ</span> <span class='ocrx_word' id='word_1_720' title='bbox 1259 2034 1318 2070; x_wconf 79' lang='grc' dir='ltr'>ὄρει</span> <span class='ocrx_word' id='word_1_721' title='bbox 1327 2035 1410 2066; x_wconf 78' lang='grc' dir='ltr'>Σινᾶ,</span> <span class='ocrx_word' id='word_1_722' title='bbox 1419 2035 1469 2062; x_wconf 77' lang='grc' dir='ltr'><strong>καὶ</strong></span> <span class='ocrx_word' id='word_1_723' title='bbox 1483 2036 1595 2068; x_wconf 81' lang='grc' dir='ltr'>πάντες</span> <span class='ocrx_word' id='word_1_724' title='bbox 1611 2037 1638 2063; x_wconf 85' lang='grc' dir='ltr'>οι</span> <span class='ocrx_word' id='word_1_725' title='bbox 1655 2036 1733 2072; x_wconf 76' lang='grc' dir='ltr'>ἅγιοι</span> <span class='ocrx_word' id='word_1_726' title='bbox 1743 2037 1820 2072; x_wconf 66' lang='grc' dir='ltr'>ερὲς</span> 
     </span>
    </p>
   </div>
   <div class='ocr_carea' id='block_1_101' title="bbox 1022 2080 1818 2117">
    <p class='ocr_par' dir='ltr' id='par_1_101' title="bbox 1022 2080 1818 2117">
     <span class='ocr_line' id='line_1_101' title="bbox 1022 2080 1818 2117; baseline 0.004 -10"><span class='ocrx_word' id='word_1_727' title='bbox 1022 2080 1119 2114; x_wconf 75' lang='grc' dir='ltr'>αὐτὴν</span> <span class='ocrx_word' id='word_1_728' title='bbox 1136 2080 1384 2115; x_wconf 74' lang='grc' dir='ltr'>συναχθήσονται</span> <span class='ocrx_word' id='word_1_729' title='bbox 1403 2081 1468 2108; x_wconf 81' lang='grc' dir='ltr'><strong>ἐκεῖ</strong></span> <span class='ocrx_word' id='word_1_730' title='bbox 1480 2081 1671 2117; x_wconf 77' lang='grc' dir='ltr'>ἐκδεχόμενοι</span> <span class='ocrx_word' id='word_1_731' title='bbox 1692 2082 1747 2110; x_wconf 80' lang='grc' dir='ltr'><strong>τὸν</strong></span> <span class='ocrx_word' id='word_1_732' title='bbox 1761 2083 1818 2110; x_wconf 79' lang='grc' dir='ltr'><strong>Κύ-</strong></span> 
     </span>
    </p>
   </div>
   <div class='ocr_carea' id='block_1_102' title="bbox 1019 2126 1819 2163">
    <p class='ocr_par' dir='ltr' id='par_1_102' title="bbox 1019 2126 1819 2163">
     <span class='ocr_line' id='line_1_102' title="bbox 1019 2126 1819 2163; baseline 0.005 -11"><span class='ocrx_word' id='word_1_733' title='bbox 1019 2135 1097 2161; x_wconf 86' lang='grc' dir='ltr'>ριον,</span> <span class='ocrx_word' id='word_1_734' title='bbox 1107 2126 1155 2153; x_wconf 77' lang='grc' dir='ltr'>καί</span> <span class='ocrx_word' id='word_1_735' title='bbox 1165 2126 1218 2154; x_wconf 83' lang='grc' dir='ltr'><strong>τὸν</strong></span> <span class='ocrx_word' id='word_1_736' title='bbox 1226 2127 1335 2161; x_wconf 79' lang='grc' dir='ltr'><strong>ἐχθρὸν</strong></span> <span class='ocrx_word' id='word_1_737' title='bbox 1346 2129 1509 2163; x_wconf 75' lang='grc' dir='ltr'>φεύγοντες</span> <span class='ocrx_word' id='word_1_738' title='bbox 1520 2128 1641 2156; x_wconf 73' lang='grc' dir='ltr'><strong>ἀνελεῖν</strong></span> <span class='ocrx_word' id='word_1_739' title='bbox 1651 2129 1764 2162; x_wconf 82' lang='grc' dir='ltr'>αὐτοὺς</span> <span class='ocrx_word' id='word_1_740' title='bbox 1774 2129 1819 2156; x_wconf 75' lang='grc' dir='ltr'><strong>θὲ-</strong></span> 
     </span>
    </p>
   </div>
   <div class='ocr_carea' id='block_1_103' title="bbox 1021 2172 1819 2211">
    <p class='ocr_par' dir='ltr' id='par_1_103' title="bbox 1021 2172 1819 2211">
     <span class='ocr_line' id='line_1_103' title="bbox 1021 2172 1819 2211; baseline 0.005 -12"><span class='ocrx_word' id='word_1_741' title='bbox 1021 2174 1126 2200; x_wconf 76' lang='grc' dir='ltr'>λοντα.</span> <span class='ocrx_word' id='word_1_742' title='bbox 1146 2172 1199 2200; x_wconf 72' lang='grc' dir='ltr'>Καὶ</span> <span class='ocrx_word' id='word_1_743' title='bbox 1208 2174 1357 2209; x_wconf 80' lang='grc' dir='ltr'>ὲσφράγισε</span> <span class='ocrx_word' id='word_1_744' title='bbox 1374 2175 1424 2210; x_wconf 80' lang='grc' dir='ltr'>τὴν</span> <span class='ocrx_word' id='word_1_745' title='bbox 1435 2174 1538 2210; x_wconf 87' lang='grc' dir='ltr'>πέτραν</span> <span class='ocrx_word' id='word_1_746' title='bbox 1554 2175 1582 2201; x_wconf 79' lang='grc' dir='ltr'>ὲν</span> <span class='ocrx_word' id='word_1_747' title='bbox 1597 2174 1636 2210; x_wconf 84' lang='grc' dir='ltr'>τῷ</span> <span class='ocrx_word' id='word_1_748' title='bbox 1649 2174 1774 2211; x_wconf 82' lang='grc' dir='ltr'><strong>δακτύλῳ</strong></span> <span class='ocrx_word' id='word_1_749' title='bbox 1787 2176 1819 2203; x_wconf 69' lang='grc' dir='ltr'>τὸ</span> 
     </span>
    </p>
   </div>
   <div class='ocr_carea' id='block_1_104' title="bbox 1022 2218 1815 2258">
    <p class='ocr_par' dir='ltr' id='par_1_104' title="bbox 1022 2218 1815 2258">
     <span class='ocr_line' id='line_1_104' title="bbox 1022 2218 1815 2258; baseline 0.006 -14"><span class='ocrx_word' id='word_1_750' title='bbox 1022 2218 1108 2254; x_wconf 78' lang='grc' dir='ltr'>δνομα</span> <span class='ocrx_word' id='word_1_751' title='bbox 1119 2219 1233 2255; x_wconf 83' lang='grc' dir='ltr'>Κυρίου,</span> <span class='ocrx_word' id='word_1_752' title='bbox 1245 2220 1291 2247; x_wconf 74' lang='grc' dir='ltr'>καὶ</span> <span class='ocrx_word' id='word_1_753' title='bbox 1299 2221 1412 2255; x_wconf 86' lang='grc' dir='ltr'>γέγονεν</span> <span class='ocrx_word' id='word_1_754' title='bbox 1420 2220 1528 2253; x_wconf 85' lang='grc' dir='ltr'>ὁτύπος</span> <span class='ocrx_word' id='word_1_755' title='bbox 1539 2221 1577 2253; x_wconf 84' lang='grc' dir='ltr'>ὡς</span> <span class='ocrx_word' id='word_1_756' title='bbox 1589 2221 1679 2257; x_wconf 82' lang='grc' dir='ltr'>γλυφὴ</span> <span class='ocrx_word' id='word_1_757' title='bbox 1693 2222 1815 2258; x_wconf 82' lang='grc' dir='ltr'>σιδήρου.</span> 
     </span>
    </p>
   </div>
   <div class='ocr_carea' id='block_1_105' title="bbox 1023 2266 1821 2303">
    <p class='ocr_par' dir='ltr' id='par_1_105' title="bbox 1023 2266 1821 2303">
     <span class='ocr_line' id='line_1_105' title="bbox 1023 2266 1821 2303; baseline 0.005 -11"><span class='ocrx_word' id='word_1_758' title='bbox 1023 2266 1071 2293; x_wconf 79' lang='grc' dir='ltr'>καὶ</span> <span class='ocrx_word' id='word_1_759' title='bbox 1097 2266 1196 2302; x_wconf 83' lang='grc' dir='ltr'>νεφέλη</span> <span class='ocrx_word' id='word_1_760' title='bbox 1215 2267 1352 2294; x_wconf 79' lang='grc' dir='ltr'>ὲσκέπασε</span> <span class='ocrx_word' id='word_1_761' title='bbox 1375 2267 1425 2302; x_wconf 84' lang='grc' dir='ltr'>τὴν</span> <span class='ocrx_word' id='word_1_762' title='bbox 1445 2267 1564 2303; x_wconf 83' lang='grc' dir='ltr'>πέτραν,</span> <span class='ocrx_word' id='word_1_763' title='bbox 1587 2268 1635 2294; x_wconf 69' lang='grc' dir='ltr'>καὶ</span> <span class='ocrx_word' id='word_1_764' title='bbox 1657 2268 1745 2301; x_wconf 79' lang='grc' dir='ltr'>οὐδεὶς</span> <span class='ocrx_word' id='word_1_765' title='bbox 1764 2271 1821 2296; x_wconf 74' lang='grc' dir='ltr'>νοεῖ</span> 
     </span>
    </p>
   </div>
   <div class='ocr_carea' id='block_1_106' title="bbox 1024 2312 1820 2350">
    <p class='ocr_par' dir='ltr' id='par_1_106' title="bbox 1024 2312 1820 2350">
     <span class='ocr_line' id='line_1_106' title="bbox 1024 2312 1820 2350; baseline 0.004 -11"><span class='ocrx_word' id='word_1_766' title='bbox 1024 2312 1070 2339; x_wconf 77' lang='grc' dir='ltr'><strong>τὸν</strong></span> <span class='ocrx_word' id='word_1_767' title='bbox 1086 2312 1167 2339; x_wconf 88' lang='grc' dir='ltr'>τόπον</span> <span class='ocrx_word' id='word_1_768' title='bbox 1177 2314 1290 2346; x_wconf 81' lang='grc' dir='ltr'>ἐκεῖνον,</span> <span class='ocrx_word' id='word_1_769' title='bbox 1302 2313 1311 2350; x_wconf 91' lang='grc'><strong>[</strong></span> <span class='ocrx_word' id='word_1_770' title='bbox 1322 2313 1377 2349; x_wconf 73' lang='grc'><strong>(29)</strong></span> <span class='ocrx_word' id='word_1_771' title='bbox 1388 2313 1445 2340; x_wconf 83' lang='grc' dir='ltr'>ἀλλ’</span> <span class='ocrx_word' id='word_1_772' title='bbox 1457 2313 1518 2340; x_wconf 79' lang='grc' dir='ltr'>οὔτε</span> <span class='ocrx_word' id='word_1_773' title='bbox 1530 2314 1683 2349; x_wconf 85' lang='grc' dir='ltr'>ἀναγνῶναι</span> <span class='ocrx_word' id='word_1_774' title='bbox 1693 2315 1724 2341; x_wconf 74' lang='grc' dir='ltr'>τὸ</span> <span class='ocrx_word' id='word_1_775' title='bbox 1733 2315 1820 2350; x_wconf 70' lang='grc' dir='ltr'>ονομα</span> 
     </span>
    </p>
   </div>
   <div class='ocr_carea' id='block_1_107' title="bbox 1024 2359 1820 2396">
    <p class='ocr_par' dir='ltr' id='par_1_107' title="bbox 1024 2359 1820 2396">
     <span class='ocr_line' id='line_1_107' title="bbox 1024 2359 1820 2396; baseline 0.004 -11"><span class='ocrx_word' id='word_1_776' title='bbox 1024 2359 1077 2391; x_wconf 72' lang='grc' dir='ltr'>ἕως</span> <span class='ocrx_word' id='word_1_777' title='bbox 1092 2360 1143 2394; x_wconf 79' lang='grc' dir='ltr'><strong>τῆς</strong></span> <span class='ocrx_word' id='word_1_778' title='bbox 1165 2359 1272 2395; x_wconf 83' lang='grc' dir='ltr'>ἡμέρας</span> <span class='ocrx_word' id='word_1_779' title='bbox 1288 2360 1389 2395; x_wconf 82' lang='grc' dir='ltr'>ταύτης</span> <span class='ocrx_word' id='word_1_780' title='bbox 1399 2379 1406 2392; x_wconf 85' lang='grc'><strong>,</strong></span> <span class='ocrx_word' id='word_1_781' title='bbox 1430 2360 1494 2396; x_wconf 80' lang='grc' dir='ltr'><strong>καὶ]</strong></span> <span class='ocrx_word' id='word_1_782' title='bbox 1522 2361 1574 2390; x_wconf 78' lang='grc' dir='ltr'><strong>ἕως</strong></span> <span class='ocrx_word' id='word_1_783' title='bbox 1587 2360 1638 2396; x_wconf 77' lang='grc' dir='ltr'><strong>τῆς</strong></span> <span class='ocrx_word' id='word_1_784' title='bbox 1664 2361 1820 2393; x_wconf 75' lang='grc' dir='ltr'>συντελείας</span> 
     </span>
    </p>
   </div>
   <div class='ocr_carea' id='block_1_108' title="bbox 1024 2405 1819 2443">
    <p class='ocr_par' dir='ltr' id='par_1_108' title="bbox 1024 2405 1819 2443">
     <span class='ocr_line' id='line_1_108' title="bbox 1024 2405 1819 2443; baseline 0.003 -12"><span class='ocrx_word' id='word_1_785' title='bbox 1024 2405 1071 2432; x_wconf 88' lang='grc' dir='ltr'><strong>τοῦ</strong></span> <span class='ocrx_word' id='word_1_786' title='bbox 1088 2406 1184 2438; x_wconf 81' lang='grc' dir='ltr'>αἰῶνος</span> <span class='ocrx_word' id='word_1_787' title='bbox 1201 2406 1307 2433; x_wconf 76' lang='grc' dir='ltr'>τούτου.</span> <span class='ocrx_word' id='word_1_788' title='bbox 1324 2406 1378 2433; x_wconf 80' lang='grc' dir='ltr'><strong>Καὶ</strong></span> <span class='ocrx_word' id='word_1_789' title='bbox 1392 2406 1466 2433; x_wconf 77' lang='grc' dir='ltr'>ἔστιν</span> <span class='ocrx_word' id='word_1_790' title='bbox 1480 2407 1496 2442; x_wconf 80' lang='grc' dir='ltr'><strong>ἡ</strong></span> <span class='ocrx_word' id='word_1_791' title='bbox 1513 2407 1601 2443; x_wconf 82' lang='grc' dir='ltr'>πέτρα</span> <span class='ocrx_word' id='word_1_792' title='bbox 1622 2408 1650 2434; x_wconf 81' lang='grc' dir='ltr'>ὲν</span> <span class='ocrx_word' id='word_1_793' title='bbox 1664 2409 1697 2442; x_wconf 83' lang='grc' dir='ltr'>τῇ</span> <span class='ocrx_word' id='word_1_794' title='bbox 1711 2408 1819 2443; x_wconf 77' lang='grc' dir='ltr'>ἐρήμῳ,</span> 
     </span>
    </p>
   </div>
   <div class='ocr_carea' id='block_1_109' title="bbox 1024 2449 1817 2487">
    <p class='ocr_par' dir='ltr' id='par_1_109' title="bbox 1024 2449 1817 2487">
     <span class='ocr_line' id='line_1_109' title="bbox 1024 2449 1817 2487; baseline 0.003 -11"><span class='ocrx_word' id='word_1_795' title='bbox 1024 2451 1116 2485; x_wconf 84' lang='grc' dir='ltr'>δπουή</span> <span class='ocrx_word' id='word_1_796' title='bbox 1128 2449 1243 2482; x_wconf 83' lang='grc' dir='ltr'>κιϐωτὸς</span> <span class='ocrx_word' id='word_1_797' title='bbox 1255 2451 1362 2486; x_wconf 82' lang='grc' dir='ltr'>πρῶτον</span> <span class='ocrx_word' id='word_1_798' title='bbox 1373 2450 1479 2485; x_wconf 85' lang='grc' dir='ltr'>γέγονε,</span> <span class='ocrx_word' id='word_1_799' title='bbox 1489 2451 1590 2486; x_wconf 77' lang='grc' dir='ltr'>μεταξὺ</span> <span class='ocrx_word' id='word_1_800' title='bbox 1602 2451 1655 2477; x_wconf 83' lang='grc' dir='ltr'><strong>τῶν</strong></span> <span class='ocrx_word' id='word_1_801' title='bbox 1665 2451 1713 2478; x_wconf 84' lang='grc' dir='ltr'><strong>δύο</strong></span> <span class='ocrx_word' id='word_1_802' title='bbox 1721 2451 1817 2487; x_wconf 81' lang='grc' dir='ltr'>ὀρέων,</span> 
     </span>
    </p>
   </div>
   <div class='ocr_carea' id='block_1_110' title="bbox 1025 2494 1818 2532">
    <p class='ocr_par' dir='ltr' id='par_1_110' title="bbox 1025 2494 1818 2532">
     <span class='ocr_line' id='line_1_110' title="bbox 1025 2494 1818 2532; baseline 0.001 -9"><span class='ocrx_word' id='word_1_803' title='bbox 1025 2497 1054 2523; x_wconf 83' lang='grc' dir='ltr'><strong>έν</strong></span> <span class='ocrx_word' id='word_1_804' title='bbox 1066 2494 1107 2528; x_wconf 74' lang='grc' dir='ltr'><strong>οἷς</strong></span> <span class='ocrx_word' id='word_1_805' title='bbox 1119 2498 1222 2524; x_wconf 87' lang='grc' dir='ltr'>κεῖνται</span> <span class='ocrx_word' id='word_1_806' title='bbox 1236 2496 1338 2532; x_wconf 84' lang='grc' dir='ltr'>Μωσῆς</span> <span class='ocrx_word' id='word_1_807' title='bbox 1352 2498 1400 2524; x_wconf 82' lang='grc' dir='ltr'><strong>καὶ</strong></span> <span class='ocrx_word' id='word_1_808' title='bbox 1421 2497 1535 2530; x_wconf 83' lang='grc' dir='ltr'>Ἀαρών.</span> <span class='ocrx_word' id='word_1_809' title='bbox 1571 2498 1615 2524; x_wconf 84' lang='grc' dir='ltr'>Ἐν</span> <span class='ocrx_word' id='word_1_810' title='bbox 1628 2497 1656 2525; x_wconf 73' lang='grc' dir='ltr'>δὲ</span> <span class='ocrx_word' id='word_1_811' title='bbox 1668 2498 1730 2530; x_wconf 87' lang='grc' dir='ltr'>ταῖς</span> <span class='ocrx_word' id='word_1_812' title='bbox 1744 2498 1818 2531; x_wconf 79' lang='grc' dir='ltr'>νυξὶν</span> 
     </span>
    </p>
   </div>
   <div class='ocr_carea' id='block_1_111' title="bbox 1025 2541 1819 2579">
    <p class='ocr_par' dir='ltr' id='par_1_111' title="bbox 1025 2541 1819 2579">
     <span class='ocr_line' id='line_1_111' title="bbox 1025 2541 1819 2579; baseline 0.003 -11"><span class='ocrx_word' id='word_1_813' title='bbox 1025 2542 1122 2577; x_wconf 80' lang='grc' dir='ltr'>νεφέλη</span> <span class='ocrx_word' id='word_1_814' title='bbox 1136 2542 1174 2573; x_wconf 83' lang='grc' dir='ltr'>ὡς</span> <span class='ocrx_word' id='word_1_815' title='bbox 1192 2541 1249 2577; x_wconf 84' lang='grc' dir='ltr'><strong>πῦρ</strong></span> <span class='ocrx_word' id='word_1_816' title='bbox 1263 2542 1369 2576; x_wconf 88' lang='grc' dir='ltr'>γίνεται</span> <span class='ocrx_word' id='word_1_817' title='bbox 1390 2542 1419 2569; x_wconf 79' lang='grc' dir='ltr'>ὲν</span> <span class='ocrx_word' id='word_1_818' title='bbox 1433 2542 1472 2578; x_wconf 82' lang='grc' dir='ltr'><strong>τῷ</strong></span> <span class='ocrx_word' id='word_1_819' title='bbox 1483 2542 1558 2578; x_wconf 84' lang='grc' dir='ltr'>τόπῳ</span> <span class='ocrx_word' id='word_1_820' title='bbox 1574 2543 1673 2579; x_wconf 72' lang='grc' dir='ltr'>ἐκείνῳ</span> <span class='ocrx_word' id='word_1_821' title='bbox 1689 2543 1762 2570; x_wconf 81' lang='grc' dir='ltr'>κατὰ</span> <span class='ocrx_word' id='word_1_822' title='bbox 1773 2544 1819 2570; x_wconf 68' lang='grc' dir='ltr'>τῦν</span> 
     </span>
    </p>
   </div>
   <div class='ocr_carea' id='block_1_112' title="bbox 987 2302 1009 2329">
    <p class='ocr_par' dir='ltr' id='par_1_112' title="bbox 987 2302 1009 2329">
     <span class='ocr_line' id='line_1_112' title="bbox 987 2302 1009 2329; baseline 0 0"><span class='ocrx_word' id='word_1_823' title='bbox 987 2302 1009 2329; x_wconf 91' lang='lat' dir='ltr'><strong>D</strong></span> 
     </span>
    </p>
   </div>
   <div class='ocr_carea' id='block_1_113' title="bbox 1025 2586 1817 2625">
    <p class='ocr_par' dir='ltr' id='par_1_113' title="bbox 1025 2586 1817 2625">
     <span class='ocr_line' id='line_1_113' title="bbox 1025 2586 1817 2625; baseline 0.004 -12"><span class='ocrx_word' id='word_1_824' title='bbox 1025 2587 1108 2614; x_wconf 88' lang='grc' dir='ltr'>τύπον</span> <span class='ocrx_word' id='word_1_825' title='bbox 1128 2586 1181 2614; x_wconf 83' lang='grc' dir='ltr'><strong>τῶν</strong></span> <span class='ocrx_word' id='word_1_826' title='bbox 1193 2587 1327 2624; x_wconf 70' lang='grc' dir='ltr'>ᾀρχαίων,</span> <span class='ocrx_word' id='word_1_827' title='bbox 1347 2588 1388 2615; x_wconf 77' lang='grc' dir='ltr'>ὅτι</span> <span class='ocrx_word' id='word_1_828' title='bbox 1403 2588 1434 2615; x_wconf 86' lang='grc' dir='ltr'><strong>οὐ</strong></span> <span class='ocrx_word' id='word_1_829' title='bbox 1455 2588 1492 2625; x_wconf 88' lang='grc' dir='ltr'><strong>μὴ</strong></span> <span class='ocrx_word' id='word_1_830' title='bbox 1506 2589 1642 2616; x_wconf 86' lang='grc' dir='ltr'>παύσεται</span> <span class='ocrx_word' id='word_1_831' title='bbox 1658 2590 1674 2625; x_wconf 79' lang='grc' dir='ltr'>ἡ</span> <span class='ocrx_word' id='word_1_832' title='bbox 1694 2589 1758 2622; x_wconf 81' lang='grc' dir='ltr'>δόξα</span> <span class='ocrx_word' id='word_1_833' title='bbox 1772 2590 1817 2617; x_wconf 77' lang='grc' dir='ltr'><strong>τοῦ</strong></span> 
     </span>
    </p>
   </div>
   <div class='ocr_carea' id='block_1_114' title="bbox 1025 2632 1476 2670">
    <p class='ocr_par' dir='ltr' id='par_1_114' title="bbox 1025 2632 1476 2670">
     <span class='ocr_line' id='line_1_114' title="bbox 1025 2632 1476 2670; baseline 0.004 -11"><span class='ocrx_word' id='word_1_834' title='bbox 1025 2632 1092 2660; x_wconf 67' lang='grc' dir='ltr'>θεοῦ</span> <span class='ocrx_word' id='word_1_835' title='bbox 1109 2634 1141 2660; x_wconf 84' lang='grc' dir='ltr'><strong>ἐκ</strong></span> <span class='ocrx_word' id='word_1_836' title='bbox 1154 2633 1201 2660; x_wconf 79' lang='grc' dir='ltr'><strong>τοῦ</strong></span> <span class='ocrx_word' id='word_1_837' title='bbox 1213 2633 1297 2669; x_wconf 86' lang='grc' dir='ltr'>νόμου</span> <span class='ocrx_word' id='word_1_838' title='bbox 1312 2633 1395 2661; x_wconf 81' lang='grc' dir='ltr'>αὑτοῦ</span> <span class='ocrx_word' id='word_1_839' title='bbox 1409 2634 1476 2670; x_wconf 75' lang='grc'><strong>(50).</strong></span> 
     </span>
    </p>
   </div>
   <div class='ocr_carea' id='block_1_115' title="bbox 1024 2730 1820 2790">
    <p class='ocr_par' dir='ltr' id='par_1_115' title="bbox 1024 2730 1820 2790">
     <span class='ocr_line' id='line_1_115' title="bbox 1024 2730 1820 2790; baseline 0 -32"><span class='ocrx_word' id='word_1_840' title='bbox 1024 2730 1214 2790; x_wconf 50' lang='grc' dir='ltr'><strong>ἐξῗετῗὲνὲσει</strong></span> <span class='ocrx_word' id='word_1_841' title='bbox 1231 2730 1333 2764; x_wconf 79' lang='grc' dir='ltr'>ἱερέων</span> <span class='ocrx_word' id='word_1_842' title='bbox 1355 2731 1373 2765; x_wconf 76' lang='grc' dir='ltr'><strong>ἦ</strong></span> <span class='ocrx_word' id='word_1_843' title='bbox 1402 2732 1582 2766; x_wconf 70' lang='grc' dir='ltr'>προφητῶν,</span> <span class='ocrx_word' id='word_1_844' title='bbox 1609 2734 1635 2760; x_wconf 85' lang='grc' dir='ltr'>ει</span> <span class='ocrx_word' id='word_1_845' title='bbox 1657 2732 1700 2768; x_wconf 79' lang='grc' dir='ltr'>μὴ</span> <span class='ocrx_word' id='word_1_846' title='bbox 1752 2733 1820 2762; x_wconf 60' lang='lat'><strong>5]....</strong></span> 
     </span>
    </p>
   </div>
   <div class='ocr_carea' id='block_1_116' title="bbox 1059 2772 1563 2836">
    <p class='ocr_par' dir='ltr' id='par_1_116' title="bbox 1059 2772 1563 2836">
     <span class='ocr_line' id='line_1_116' title="bbox 1059 2772 1563 2836; baseline 0.006 -10"><span class='ocrx_word' id='word_1_847' title='bbox 1059 2772 1253 2836; x_wconf 48' lang='lat' dir='ltr'><strong>’(jcﬁilflifberant</strong></span> <span class='ocrx_word' id='word_1_848' title='bbox 1271 2801 1327 2828; x_wconf 76' lang='lat' dir='ltr'><strong>lucc</strong></span> <span class='ocrx_word' id='word_1_849' title='bbox 1345 2802 1379 2828; x_wconf 90' lang='lat' dir='ltr'><strong>ab</strong></span> <span class='ocrx_word' id='word_1_850' title='bbox 1393 2807 1563 2836; x_wconf 66' lang='lat' dir='ltr'><strong>augustauo.</strong></span> 
     </span>
    </p>
   </div>
   <div class='ocr_carea' id='block_1_117' title="bbox 1060 2834 1818 2874">
    <p class='ocr_par' dir='ltr' id='par_1_117' title="bbox 1060 2834 1818 2874">
     <span class='ocr_line' id='line_1_117' title="bbox 1060 2834 1818 2874; baseline 0.005 -12"><span class='ocrx_word' id='word_1_851' title='bbox 1060 2834 1120 2874; x_wconf 73' lang='lat'><strong>(50)_</strong></span> <span class='ocrx_word' id='word_1_852' title='bbox 1133 2836 1248 2874; x_wconf 71' lang='lat' dir='ltr'><strong>August.</strong></span> <span class='ocrx_word' id='word_1_853' title='bbox 1265 2836 1339 2874; x_wconf 57' lang='lat' dir='ltr'><strong>addit</strong></span> <span class='ocrx_word' id='word_1_854' title='bbox 1355 2846 1361 2864; x_wconf 92' lang='lat'>:</span> <span class='ocrx_word' id='word_1_855' title='bbox 1381 2834 1580 2874; x_wconf 55' lang='grc' dir='ltr'>καῖἕδωκενο</span> <span class='ocrx_word' id='word_1_856' title='bbox 1592 2837 1714 2874; x_wconf 23' lang='grc' dir='ltr'>Θεδςντῷ</span> <span class='ocrx_word' id='word_1_857' title='bbox 1737 2839 1818 2874; x_wconf 79' lang='grc' dir='ltr'>Ἰερε-</span> 
     </span>
    </p>
   </div>
   <div class='ocr_carea' id='block_1_118' title="bbox 1026 2870 1870 2911">
    <p class='ocr_par' dir='ltr' id='par_1_118' title="bbox 1026 2870 1870 2911">
     <span class='ocr_line' id='line_1_118' title="bbox 1026 2870 1870 2911; baseline 0.007 -15"><span class='ocrx_word' id='word_1_858' title='bbox 1026 2870 1076 2911; x_wconf 73' lang='grc' dir='ltr'>μίᾳ</span> <span class='ocrx_word' id='word_1_859' title='bbox 1091 2870 1179 2911; x_wconf 81' lang='grc' dir='ltr'>χάριν,</span> <span class='ocrx_word' id='word_1_860' title='bbox 1196 2870 1239 2898; x_wconf 84' lang='grc' dir='ltr'>ἴνα</span> <span class='ocrx_word' id='word_1_861' title='bbox 1249 2871 1280 2897; x_wconf 80' lang='grc' dir='ltr'>τὸ</span> <span class='ocrx_word' id='word_1_862' title='bbox 1294 2871 1367 2911; x_wconf 73' lang='grc' dir='ltr'>ἕλεος</span> <span class='ocrx_word' id='word_1_863' title='bbox 1374 2872 1438 2911; x_wconf 55' lang='grc' dir='ltr'>πρῦ-</span> <span class='ocrx_word' id='word_1_864' title='bbox 1445 2873 1594 2911; x_wconf 76' lang='grc' dir='ltr'>μυστηρίου</span> <span class='ocrx_word' id='word_1_865' title='bbox 1606 2873 1688 2906; x_wconf 76' lang='grc' dir='ltr'>αὐτὸς</span> <span class='ocrx_word' id='word_1_866' title='bbox 1699 2870 1818 2911; x_wconf 66' lang='grc' dir='ltr'>ποιήσῃ.</span> <span class='ocrx_word' id='word_1_867' title='bbox 1867 2883 1870 2885; x_wconf 85' lang='grc'><strong>·</strong></span> 
     </span>
    </p>
   </div>
   <div class='ocr_carea' id='block_1_119' title="bbox 1024 2906 1523 2941">
    <p class='ocr_par' dir='ltr' id='par_1_119' title="bbox 1024 2906 1523 2941">
     <span class='ocr_line' id='line_1_119' title="bbox 1024 2906 1523 2941; baseline 0.008 -10"><span class='ocrx_word' id='word_1_868' title='bbox 1024 2906 1091 2932; x_wconf 80' lang='grc' dir='ltr'>ὅπου</span> <span class='ocrx_word' id='word_1_869' title='bbox 1105 2906 1217 2941; x_wconf 84' lang='grc' dir='ltr'>γένηται</span> <span class='ocrx_word' id='word_1_870' title='bbox 1231 2906 1359 2938; x_wconf 72' lang='grc' dir='ltr'>κοινωνὸς</span> <span class='ocrx_word' id='word_1_871' title='bbox 1373 2907 1523 2939; x_wconf 87' lang='grc' dir='ltr'>Μωῡσέως.</span> 
     </span>
    </p>
   </div>
  </div>
