1929 3038
110 158 158 187 ιρι

643 157 742 185 LIBER
764 157 807 185 DE
828 156 917 185 VITIS
938 156 1206 186 PROI’IIE’I‘ARUM.

1686 151 1737 180 402

118 214 149 241 '0
158 213 231 247 ,βίος
247 213 301 240 τοῦ
321 212 461 246 Ἰεζῖςκιὴλ
481 211 635 247 προφήτου
658 212 705 239 καὶ
722 211 780 239 ποῦ
800 211 901 238 κεῖται.

967 211 1022 238 Vita
1037 211 1181 239 Ezechielis
1195 208 1336 244 prapltettt',
1350 211 1374 235 et
1387 215 1436 242 quo
1449 209 1476 235 in
1492 208 1547 236 loca
1563 207 1678 242 sepultus
1693 209 1739 235 tit.

141 259 181 286 9'.
195 258 323 294 Ἰεζεκιὴλ
333 259 347 285 ό
355 258 498 294 προφήτης
507 257 563 289 υίὸς
570 257 669 293 Βουζῆ.
679 254 764 289 Οὗτος
772 255 805 292 ἦν
811 258 843 284 ὲκ
849 257 902 292 γῆς

111 303 225 339 Σαρηρὰ
241 304 273 329 ὲκ
289 303 343 329 τῶν
357 302 424 329 υἱῶν
439 302 494 328 τῶν
514 301 674 338 ἀρχιερέων,
697 302 813 337 Λευῖτης
824 311 831 317 ·
849 303 902 329 ἀπ-

111 350 191 375 έθανε
203 349 230 374 δὲ
242 350 271 374 ὲν
285 350 317 383 τῇ
330 349 363 383 γῇ
378 347 430 374 τῶν
441 348 578 374 Χαλδαίων
587 348 632 373 ἐπὶ
643 348 691 382 τῆς
703 347 901 382 αἰχμαλωσίας,

111 394 198 420 πολλὰ
216 394 408 429 προφητεύσας
431 394 494 428 περὶ
510 395 558 428 τῆς
580 393 746 428 ἐπιστροφῆς
763 393 809 420 τοῦ
824 393 902 425 λαοῦ,

112 442 158 467 καὶ
176 441 241 476 περὶ
256 440 307 475 τῆς
318 440 445 466 ἐπανόδου
458 439 512 465 τῶν
524 439 589 465 υἱῶν
600 439 718 474 Ἰσραὴλ,
735 440 781 465 καὶ
792 439 842 474 τῆς
855 438 902 466 τοῦ

112 485 216 521 Κυρίου
231 485 391 520 παρουσίας.
417 483 572 510 Ἀπέκτεινε
590 484 617 509 δὲ
634 484 714 509 αὑτὸν
726 485 739 509 ὁ
754 482 903 518 ἡγούμενος

110 531 160 558 τοῦ
172 530 237 557 λαοῦ
252 532 281 557 ὲν
298 532 330 565 τῇ
348 530 478 565 παροικίᾳ
492 529 574 555 αὑτοῦ
589 530 617 554 ὲν
632 529 778 559 ιῐαῦυλῶνι,
794 528 903 563 ἐλεγχό-

114 584 194 611 μενος
205 576 250 602 ὐπ⁸
265 575 346 601 αὑτοῦ
362 575 407 600 ἐπὶ
423 574 539 600 εἰδώλων
553 574 716 608 σεϐάσμασι.
731 574 786 599 Καὶ
800 572 904 607 ἔθαψαν

112 622 194 649 αὑτὸν
211 623 240 648 ἐν
256 621 293 656 τῷ
311 620 388 656 ἀγρῷ
401 621 507 655 ἈῙαοῦρ,
526 621 554 646 ὲν
572 619 610 654 τῷ
622 620 700 654 τάφῳ
714 619 775 654 Σὴμ
788 619 904 654 καὶἈρ-

112 668 202 702 φαξὰδ
213 667 338 702 πατέρων
347 666 471 701 ’Λΰραάμ
479 675 485 681 -
498 666 545 692 καὶ
556 666 628 691 ἔστιν
639 667 651 691 ὸ
663 666 747 699 τάφος
758 665 810 696 ἕως
820 664 905 700 σήμε-

114 721 161 746 ρον
178 712 311 747 σπήλαιον
325 711 445 737 διπλοῦν.
463 712 517 737 Καὶ
532 711 585 745 γὰρ
605 711 730 745 Ἀὸρσιὰμ
745 711 774 736 ὲν
792 708 905 745 Χεὸρὼν

114 757 182 790 πρὸς
196 757 246 791 τὴν
256 757 401 791 ὁμοιότητα
417 755 498 782 αὑτοῦ
512 756 638 789 ἐποίησεν
650 755 694 781 τὸν
708 755 791 788 τάφον
799 754 906 789 Σάρρας

114 802 163 836 τῆς
176 802 305 836 γυναικὸς
318 802 410 828 αὑτοῦ,
427 800 542 827 Διπλοῠν
559 801 586 827 δὲ
602 801 721 834 λέγεται,
736 801 776 826 ὅτι
793 800 906 835 ὀρυκτὰν

116 850 185 880 ἐστι,
199 848 246 874 καὶ
262 847 420 882 ἀπόκρυφον
433 847 462 878 ἐξ
479 846 617 876 ἐπιπέδου,
629 846 675 872 καὶ
692 845 816 880 ὑπερῷον
832 845 906 871 ἐστιν

993 258 1038 285 IX.
1054 257 1180 285 Ezechiel
1201 255 1331 292 propinata
1355 254 1425 282 illius
1441 253 1505 281 Buzi
1529 262 1561 281 ex
1579 261 1645 289 agro
1660 252 1740 281 Sarc-

956 310 1023 331 rano
1044 301 1181 338 pontiﬁcia
1200 301 1285 336 stirpe
1308 298 1451 331 oriundus,
1467 305 1500 325 ac
1513 298 1585 326 tribu
1608 298 1739 330 Levitica,

956 348 983 375 in
1001 347 1127 375 Chaldzea
1146 345 1311 381 captivitatis
1333 349 1453 379 tempore
1469 347 1592 371 mortuus
1610 348 1662 375 est.
1678 352 1741 371 cum

957 393 1041 421 multa
1061 393 1095 421 de
1117 392 1296 420 conversione
1319 389 1422 426 populi,
1447 388 1535 424 deque
1556 387 1741 416 lsraelitarunl

957 438 1057 471 reditu,
1085 445 1117 465 ac
1146 436 1253 464 Domini
1281 435 1399 463 adventu
1421 434 1600 470 praedixisset.
1629 433 1745 461 Occisus

956 489 999 511 est
1022 483 1159 520 Babylone
1186 491 1201 510 a
1228 482 1298 510 duce
1321 482 1425 518 populi,
1447 480 1475 509 in
1491 488 1524 508 ea
1549 480 1676 513 statione,
1699 480 1744 507 cui

958 533 1074 565 praeerat
1090 538 1097 556 :
1121 536 1184 557 cum
1201 529 1290 564 ipsum
1311 527 1444 564 propheta
1462 526 1496 554 de
1516 526 1650 554 idolorum
1666 525 1744 553 cultu

957 577 1142 612 redargueret.
1160 575 1288 611 Sepultus
1300 574 1397 601 deinde
1410 573 1438 600 in
1455 580 1521 608 agro
1535 571 1623 604 Maur,
1640 572 1668 599 in
1686 578 1747 599 mo-

959 626 1087 649 numento
1110 621 1172 649 Sem
1191 625 1219 649 et
1240 618 1385 655 Arphaxad
1411 619 1545 654 majorum
1572 617 1745 645 Abraltami:

958 673 984 695 et
1012 667 1146 703 hodieque
1166 667 1324 702 sepulcrum
1340 665 1415 693 istud
1431 664 1530 692 visitur
1546 663 1677 698 spelunca
1693 663 1746 690 du-

961 713 1035 749 plici.
1048 713 1115 740 Nam
1131 712 1303 740 Abrahamus
1319 711 1352 739 ad
1369 710 1430 746 ejus
1450 710 1657 738 similitudinem
1672 708 1747 736 Sane

959 758 1086 794 conjugis
1105 758 1260 793 sepulcrum
1272 756 1415 784 Chebrone
1427 754 1591 782 construxit.
1605 752 1668 781 ldeo
1682 760 1747 780 vero

959 805 1057 840 duplex
1074 804 1234 839 appellatur,
1254 802 1327 838 quod
1351 805 1510 829 excavatum
1532 800 1585 832 sit,
1607 803 1690 834 atque
1712 806 1745 826 ex

960 849 1072 885 planitie
1089 848 1279 880 reconditum;
1298 851 1354 873 tum
1376 846 1444 873 cella
1461 850 1528 873 esta
1545 848 1619 872 terra
1637 844 1664 870 in
1679 850 1747 870 saxo

115 893 162 919 ἐπὶ
185 894 237 928 γῆς
257 894 285 919 ὲν
302 893 390 928 πέτρᾳ
407 892 591 928 κρεμάμενον.
616 889 699 922 Οὗτος
711 889 757 917 οὖν
771 891 785 916 ὁ
802 889 906 925 προφήη

967 902 1103 930 suspensa.
1117 894 1252 922 Caeterum
1278 892 1350 920 idem
1369 892 1414 919 ille
1436 890 1568 926 propheta
1590 888 1691 925 populo
1710 888 1747 915 si-

115 946 165 973 της
185 939 269 973 τέρας
289 938 372 965 ἔδωκε
395 939 434 973 τῷ
451 938 517 972 λαῷ,
541 938 611 964 ὥστε
631 937 774 972 προσέχειν
799 936 838 971 τῷ
858 943 907 962 πο-

116 984 197 1019 ταμῷ
217 984 321 1019 Χοϐὰρ,
337 985 377 1010 ὅτι
391 985 453 1011 ὅταν
466 983 578 1019 ἐκλείπῃ
595 983 624 1008 τὸ
642 982 713 1016 ὕδωρ
728 981 820 1012 αὑτοῦ,
833 979 909 1007 ἐλπί-

118 1030 176 1060 ζειν
194 1029 225 1055 τὸ
239 1029 374 1063 δρέπανον
386 1029 435 1063 τῆς
449 1028 615 1063 ἐρημώσεως
630 1028 668 1058 εἰς
681 1026 766 1061 πέρας
779 1026 828 1060 τῆς
842 1025 908 1060 γῆς’

118 1076 165 1101 καὶ
178 1076 242 1101 ὅταν
258 1075 439 1109 ⁴ιιτλημμυρίσιιχ
452 1074 533 1100 αὑτοῦ
548 1074 578 1099 τὸ
596 1073 678 1107 ὕδωρ,
694 1072 743 1107 τὴν
761 1073 800 1102 είς
814 1071 911 1106 Ἰερου-

119 1120 210 1155 σαλὴμ
225 1120 354 1146 ἐπάνοδον
368 1119 457 1146 αὐτῶν
475 1118 611 1153 σημαίνῃ·
626 1118 639 1143 ὃ
655 1118 701 1143 καὶ
715 1117 836 1151 γέγονεν.
855 1115 911 1142 Καὶ

119 1168 159 1196 ei;
176 1167 228 1200 γῆν
250 1166 304 1191 τῶν
322 1165 425 1200 Συρίων
445 1166 532 1191 κεῖται
549 1165 562 1189 ὁ
578 1165 659 1194 ὅσιος,
676 1162 722 1188 καὶ
740 1160 911 1197 πολλοὶπρὸς

118 1213 164 1238 τὸν
183 1212 268 1245 τάφον
288 1211 369 1238 αὑτοῦ
385 1210 608 1245 συνεστρέφοντο,
628 1210 673 1234 ἐπὶ
698 1207 850 1243 προσευχὴν
865 1206 912 1233 καὶ

121 1258 237 1284 ἱκεσίαν.
266 1256 320 1282 Καί
338 1265 402 1282 ποτε
417 1256 535 1291 πλήθους
548 1254 602 1281 τῶν
622 1254 757 1280 Ἰουδαίων
771 1252 912 1279 συνελθόν-

120 1313 164 1335 τος
180 1304 239 1329 ἐκεῖ
254 1303 300 1329 ἐπὶ
315 1303 364 1337 τὴν
382 1303 491 1337 μνήμην
507 1300 599 1331 αὑτοῦ,
614 1300 730 1330 δεδιότες
744 1300 767 1324 οἱ
786 1298 913 1324 Χαλδαῖοι

122 1350 160 1384 μὴ
176 1349 324 1384 ἀντάρωσι,
347 1348 458 1383 ἔμελλον
481 1347 606 1373 ἐπελθεῖν
622 1346 711 1372 αὐτῶν
731 1345 777 1371 καὶ
793 1345 913 1379 ἀναιρεῖν

120 1394 229 1426 αὐτούς.
246 1394 390 1428 Ἐποίησεν
401 1393 429 1418 δὲ
442 1393 455 1418 ὁ
465 1392 608 1426 προφήτης
621 1390 777 1425 στῆναιβί)
796 1389 826 1415 τὺ
841 1388 914 1424 ὕδωρ

121 1440 169 1466 τοῦ
190 1439 325 1473 ποταμοῦ,
346 1439 389 1465 ἵνα
410 1437 565 1471 ἐκφύγωσιν
579 1437 603 1461 οἱ
624 1436 676 1461 υἱοὶ
697 1434 815 1469 Ἰσραὴλ,
830 1433 870 1465 είς
884 1432 915 1459 τὸ

122 1486 208 1520 πέραν
229 1484 377 1518 γινόμενοι.
401 1483 434 1508 Οἱ
460 1482 488 1507 δὲ
509 1481 693 1516 τολμήσαντες
718 1479 762 1505 τὸν
778 1478 841 1505 λαὸν
856 1479 915 1504 ἐπι-

122 1531 226 1563 ῖιὼξαι,
239 1530 327 1556 ὀπίσω
342 1528 431 1555 αὐτῶν
446 1526 707 1560 κατεποντίσθησαν.
726 1522 810 1556 Οὗτος
822 1524 837 1551 ὁ
849 1532 916 1560 προ-

123 1576 212 1610 φήτης
226 1574 269 1601 διὰ
285 1574 440 1610 προσευχῆς
460 1572 620 1607 αὐτομάτως
635 1572 725 1602 αὐτοῖς
739 1569 837 1605 δαψιλῆ
849 1577 914 1605 τρο-

123 1621 176 1656 φὴν
195 1620 294 1655 ἰχθύων
317 1619 479 1655 παρέσχετο,
497 1619 537 1644 ὅτι
561 1617 632 1652 λιμῴ
652 1616 845 1651 διεφθείροντο,
865 1614 914 1641 καὶ

124 1668 157 1693 ὲκ
171 1666 218 1692 τοῦ
235 1665 354 1701 πλήθους
373 1665 427 1691 τῶν
450 1663 548 1698 ἰχθύων
574 1663 767 1698 διετράφησαν,
788 1661 835 1687 καὶ
852 1659 917 1686 πολ-

124 1713 179 1744 λοῖς
212 1711 384 1738 ἐκλείπουσιν
419 1710 491 1745 ζωὴν
523 1709 609 1735 ἐλθεῖν
643 1710 675 1734 ὲκ
701 1707 768 1733 Θεοῦ
797 1706 918 1742 παρεκά-

124 1758 213 1784 λεσεν.
228 1754 313 1788 Οὗτος
329 1757 344 1782 ὁ
358 1756 510 1791 προφήτης,
525 1754 712 1788 ἀπολλυμένου
725 1753 771 1779 τοῦ
786 1751 852 1778 λαοῦ
865 1751 918 1778 ὑπὸ

126 1805 180 1830 τῶν
198 1803 313 1838 ἐχθρῶν,
336 1802 456 1838 προέστη
474 1801 533 1835 (52)
559 1801 615 1831 τοῖς
634 1799 797 1834 ἡγουμένοις
817 1797 917 1828 αὐτῶν,

127 1852 174 1877 καὶ
195 1849 401 1885 Μρηνὸχλησεν
419 1848 518 1879 αὐτοὺς
531 1847 574 1873 διὰ
588 1846 736 1881 τερατίων·
765 1845 813 1871 καὶ
836 1843 920 1879 φοϐη-

129 1898 220 1927 θέντες
236 1895 390 1922 ἐπαύσαντο
411 1895 436 1921 οἱ
456 1894 590 1929 πολέμιοι.
623 1893 690 1919 Τότε
705 1891 796 1925 ἔλεγεν
811 1890 850 1926 τῷ
863 1889 920 1925 λαῷ

129 1945 143 1969 ὁ
157 1942 298 1976 Ίεζεκιὴλ,
309 1942 351 1967 ὅτι
366 1939 643 1974 Διαπεφιωπήκιιμεν,
655 1937 789 1964 ἀπώλετο
803 1937 822 1970 ἠ
833 1935 921 1968 ἐλπὶς

130 1988 233 2022 ἡμῶν·
249 1987 296 2013 καὶ
314 1987 342 2012 ὲν
362 1986 458 2021 τέρασι
477 1985 531 2011 τῶν
550 1984 649 2010 ὀστέων
663 1983 716 2009 τῶν
731 1981 834 2017 νεκρῶν
845 1980 919 2007 ἐπει-

132 2042 176 2059 σεν
192 2033 301 2062 αὐτοὺς,
316 2032 358 2058 ὅτι
373 2032 446 2058 ἔστιν
461 2030 538 2062 ἐλπὶς
560 2029 598 2065 τῷ
611 2028 728 2064 Ἰσραὴλ,
749 2029 795 2054 καὶ
808 2024 859 2065 ὧδε
874 2026 922 2053 καὶ

132 2078 160 2104 ἐν
172 2077 211 2111 τῷ
222 2077 345 2111 μέλλοντι
356 2076 443 2102 αἰῶνι.
472 2073 556 2106 Οὗτος
570 2076 628 2101 ἐκεῖ
641 2074 678 2101 ὣν
692 2076 720 2100 ὲν
734 2075 767 2109 τῇ
780 2072 858 2109 χώρᾳ
868 2072 922 2099 τῶν

132 2122 284 2154 Χαλδαίων,
301 2122 472 2157 ἡρμήνευσεν
491 2120 529 2155 τῷ
546 2120 603 2155 λαῷ
620 2119 708 2146 πάντα
725 2118 759 2145 τὰ
774 2119 803 2144 ὲν
823 2118 923 2152 Ἰερου-

134 2169 226 2202 σαλὴμ
241 2168 288 2193 καὶ
308 2169 336 2193 ὲν
352 2167 388 2201 τῷ
404 2167 459 2201 ναῷ
476 2167 616 2201 γινόμενα.
631 2162 715 2196 Οὗτος
732 2164 757 2199 [ὁ
769 2161 922 2199 προφήτης]

133 2214 247 2250 ἡρπάγη
260 2214 292 2239 ἐκ
304 2214 354 2248 τῆς
369 2212 459 2247 χώρας
474 2212 526 2239 τῶν
542 2211 693 2242 Χαλδαίων,
708 2211 754 2237 καὶ
772 2208 871 2245 ἠνέχθη
883 2209 924 2240 είς

139 2258 333 2294 Ἰερουσαλὴμ,
359 2259 398 2288 είς
418 2257 527 2291 ἔλεγχον
550 2257 603 2283 τῶν
627 2256 758 2282 ἀπίστων.
792 2251 875 2286 Οὗτος
897 2253 923 2290 [ὁ

141 2302 284 2338 Ὶεζεκιὴλ]
301 2300 355 2328 εἶδε
367 2302 438 2329 κατὰ
457 2302 502 2328 τὸν
521 2301 620 2336 Μωσῆν
631 2302 676 2328 τὸν
694 2301 774 2327 τόπον
792 2299 840 2327 τοῦ
859 2299 924 2327 ναοῦ

135 2349 251 2384 Κυρίου,
268 2348 298 2374 τὸ
317 2348 405 2382 τεῖχός
420 2356 450 2373 τε
467 2347 565 2379 πλατὺ,
582 2346 672 2376 καθὼς
688 2344 764 2372 εἶπεν
777 2346 825 2372 καὶ
838 2346 852 2372 ὁ
874 2346 925 2372 Δα-

135 2394 206 2428 νιὴλ,
220 2395 260 2420 ὅτι
278 2394 464 2427 κτισθήσεται.
477 2390 558 2423 Οὗτος
571 2394 598 2418 ὲν
610 2391 748 2418 Βαϐυλῶνι
760 2391 866 2426 ἔκρινεν
876 2390 926 2426 τὴν

137 2438 225 2473 φυλὴν
245 2437 298 2464 Δὰν
314 2438 361 2463 καὶ
382 2437 445 2468 Γὰδ,
464 2438 505 2463 ὅτι
525 2437 638 2471 ἠσέϐουν
657 2436 724 2470 πρὸς
748 2436 793 2462 τὸν
813 2435 925 2471 Κύριον,

136 2482 281 2513 διώκοντες
289 2483 351 2513 τοὺς
362 2482 407 2508 τὸν
415 2482 496 2516 νόμον
511 2481 695 2515 φυλάσσοντας
703 2480 768 2513 (55),
779 2480 826 2506 καὶ
834 2479 927 2514 ἐποίη-

139 2536 184 2554 σεν
197 2528 290 2558 αὐτοῖς
314 2527 397 2562 τέρας
419 2527 499 2561 μέγα,
521 2527 562 2552 ὅτι
585 2527 609 2552 οἱ
632 2527 708 2559 ὄφεις
732 2526 875 2560 ἀνήλισκον
893 2525 927 2553 τὰ

140 2574 227 2608 βρέφη
239 2572 341 2604 αὐτῶν,
354 2573 401 2599 καὶ
417 2572 504 2598 πάντα
520 2572 552 2598 τὰ
565 2572 650 2606 κτήνη
662 2571 760 2597 αὐτῶν.
779 2571 928 2607 Προέλεγεν

139 2621 177 2653 δὲ,
195 2622 235 2648 ὅτι
257 2621 290 2647 δι’
308 2620 405 2652 αὐτοὺς
428 2620 477 2646 οὐκ
492 2619 650 2654 ἐπιστρέψει
669 2620 683 2644 ὁ
697 2618 759 2650 λαὸς
773 2620 812 2649 εἰς
828 2619 928 2654 Ἰερου-

142 2666 252 2702 σαλὴμ,
274 2665 332 2692 ἀλλ’
357 2666 385 2692 ὲν
423 2665 514 2700 Μηδίᾳ
541 2664 646 2691 ἔσονται
661 2684 667 2696 ,
693 2664 745 2695 ἕως
776 2663 929 2696 συντελείας

141 2711 246 2747 πλάνης
266 2710 366 2737 αὐτῶν.
397 2710 441 2742 Ἐξ
463 2710 552 2738 αὐτῶν
576 2709 631 2745 γὰρ
657 2707 691 2745 ἦν
717 2710 763 2737 καὶ
788 2711 803 2736 ὁ
827 2709 930 2737 ἀνελὼν

180 2766 188 2781 ³
207 2765 306 2792 Ezcclt.
320 2773 424 2796 xxxvii,
438 2765 480 2792 Η.

178 2811 234 2845 (51)
250 2811 277 2838 In
295 2812 362 2845 Aug.
383 2811 460 2845 longe
476 2810 554 2837 aliter
568 2822 573 2837 ;
592 2811 644 2837 Καὶ
658 2811 710 2845 γὰρ
725 2811 782 2837 ἐκεῖ
790 2811 931 2839 κατέκειτο

144 2846 250 2880 δῦσιος,
267 2846 315 2872 καὶ
329 2846 419 2871 πολλοὶ
434 2846 500 2880 πρὸς
518 2846 597 2871 αὑτὸν
614 2847 785 2880 συνήρχοντο.
799 2846 870 2873 ὥστε
884 2855 931 2880 φο-

144 2879 249 2909 6εῑσθαι
264 2881 327 2913 τοὺς
338 2879 494 2917 Χαλδαίους.
509 2880 545 2915 μὴ
558 2879 718 2915 ἁντάρωσιν.
731 2882 775 2907 Διὸ
791 2890 836 2909 και
848 2879 930 2915 ἐπῆλ-

960 948 1042 977 gnum
1054 940 1156 972 edidit;
1170 944 1197 967 et
1207 938 1359 966 Cbobarem
1373 936 1485 964 ﬂuvium
1497 934 1746 969 observarejussit.

960 986 1028 1014 Cum
1042 987 1114 1013 enim
1134 985 1157 1013 is
1171 984 1326 1015 defecisset.
1349 986 1407 1010 tum
1430 981 1596 1021 sperandum
1626 979 1693 1011 fore,
1709 978 1749 1005 liti

960 1031 1138 1061 desolationis
1165 1030 1220 1058 falx
1246 1030 1280 1057 ad
1306 1033 1428 1057 extrema
1456 1033 1537 1056 terrae
1564 1026 1747 1061 pervaderet:

961 1086 1077 1113 eumque
1099 1078 1172 1105 illius
1197 1076 1363 1104 exundasset
1385 1083 1466 1111 aqua,
1488 1075 1606 1103 reditum
1625 1074 1748 1109 ipsorum

961 1125 994 1152 ad
1011 1124 1262 1159 Hierosolymorum
1277 1122 1372 1149 urbem
1385 1129 1417 1150 eo
1429 1121 1508 1157 signo
1522 1119 1657 1155 portendi.
1671 1118 1749 1152 Quod

962 1170 1010 1202 ita,
1025 1173 1055 1197 ut
1076 1169 1249 1205 praedixerat,
1262 1167 1362 1195 evenit.
1381 1166 1457 1194 Jacet
1476 1170 1566 1193 autem
1580 1166 1622 1193 vir
1638 1167 1750 1192 sanctus

963 1216 991 1243 in
1018 1217 1150 1252 Syrorum
1169 1215 1291 1250 regione.
1316 1222 1348 1241 ac
1366 1213 1444 1241 multi
1462 1213 1522 1247 ejus
1536 1212 1569 1239 ad
1594 1211 1750 1246 sepulcrum
1793 1219 1795 1221 ’

963 1262 1097 1291 orationis
1122 1269 1205 1289 causa
1229 1261 1367 1289 confluere
1394 1261 1528 1288 solebant.
1551 1259 1675 1293 Cumque
1700 1256 1752 1285 fre-

963 1317 1051 1345 quens
1069 1307 1222 1336 Iudaeorum
1249 1307 1306 1334 illie
1331 1306 1365 1334 ad
1387 1306 1474 1342 ipsius
1498 1303 1658 1332 memoriam
1686 1310 1753 1330 con-

964 1363 1062 1384 cursus
1080 1357 1153 1383 esset
1177 1352 1325 1389 aliquando
1343 1352 1430 1380 tactus
1442 1371 1449 1383 ,
1467 1350 1546 1378 veriti
1575 1347 1694 1377 Clialdmi
1720 1355 1754 1375 ne

964 1404 1060 1429 contra
1083 1408 1113 1428 se
1137 1402 1347 1435 consurgerent,
1366 1396 1573 1433 impressionem
1597 1395 1624 1422 in
1646 1401 1694 1422 eos
1712 1392 1751 1420 fu-

965 1454 1043 1478 cere.
1064 1450 1146 1481 atque
1171 1445 1324 1473 interficere
1348 1443 1532 1471 decreverant.
1554 1441 1589 1467 At
1614 1439 1751 1475 prophetae

966 1490 1096 1519 hem-licio
1110 1490 1231 1517 fluminis
1247 1496 1317 1523 aqua
1334 1487 1467 1515 constitit.
1489 1489 1519 1512 ut
1538 1483 1670 1511 Israelita;
1683 1483 1752 1510 ulte-

966 1537 1066 1564 riorem
1084 1536 1111 1563 in
1129 1536 1216 1571 ripam
1246 1534 1465 1561 transmittentes
1480 1531 1634 1559 evaderent.
1651 1529 1689 1556 Ex
1705 1529 1755 1556 lio-

968 1582 1056 1610 stibus
1081 1581 1128 1616 qui
1156 1580 1304 1615 fugientem
1323 1577 1452 1614 populum
1466 1576 1525 1604 ausi
1537 1579 1601 1604 sunt
1617 1575 1755 1610 persequi,

967 1635 1038 1664 pone
1053 1627 1142 1663 ipsum
1157 1625 1275 1654 demersi
1289 1628 1364 1653 sunt.
1379 1623 1419 1651 Ad
1434 1624 1490 1651 haec
1510 1621 1642 1658 propheta
1660 1624 1757 1656 sponte

968 1674 1103 1710 susceptis
1118 1672 1245 1708 precibus
1260 1670 1426 1699 uberrimam
1443 1669 1559 1704 piscium
1571 1668 1675 1704 copiam
1690 1674 1757 1702 sup-

968 1720 1093 1757 peditans
1110 1718 1181 1746 fame
1196 1718 1253 1753 jam
1270 1715 1410 1745 confectos
1422 1715 1506 1749 aluit;
1521 1722 1553 1742 ac
1567 1713 1758 1742 deficientibus

969 1765 1106 1801 plerisque
1125 1771 1139 1791 a
1157 1762 1212 1791 Deo
1237 1763 1319 1790 vitam
1338 1760 1504 1796 impetravit.
1527 1760 1611 1792 Idem,
1628 1766 1690 1786 cum
1711 1766 1759 1792 po-

969 1810 1049 1844 pulus
1071 1808 1106 1836 ab
1127 1808 1252 1835 hostibus
1273 1806 1475 1841 opprimeretur
1489 1824 1497 1836 ,
1520 1804 1617 1831 borum
1643 1802 1759 1830 ducibus

970 1855 1101 1886 occurrit,
1115 1861 1147 1881 ac
1166 1852 1301 1888 prodigiis
1324 1850 1537 1887 perterrefactos
1564 1849 1697 1877 desistere
1718 1856 1760 1875 cu-

969 1901 1035 1936 egit.
1052 1900 1104 1927 l‘er
1124 1898 1191 1926 illud
1216 1902 1325 1933 tempus
1342 1896 1467 1924 Ezechiel
1479 1896 1517 1922 ita
1535 1895 1664 1931 populum
1689 1894 1759 1921 allo-

970 1952 1051 1975 cutus
1069 1949 1111 1974 est
1128 1954 1134 1973 :
1151 1944 1353 1979 Desperacimm
1363 1951 1372 1976 ;
1391 1942 1469 1977 periit
1492 1948 1550 1976 spes
1566 1945 1658 1968 nostra
1675 1941 1694 1967 '.
1711 1940 1760 1967 At-

971 1999 1024 2027 que
1038 1999 1071 2019 ex
1090 1994 1259 2018 mortuorum
1273 1989 1378 2017 ossium
1397 1986 1521 2023 prodigio
1535 1986 1672 2022 persuasit
1685 1986 1739 2013 illis
1751 2005 1760 2017 .

972 2037 1064 2066 israeli
1080 2044 1141 2065 cum
1156 2036 1211 2069 hic,
1226 2041 1282 2063 tum
1304 2035 1331 2062 in
1347 2034 1439 2061 futura
1455 2034 1510 2060 vita
1527 2040 1603 2068 spem
1621 2039 1681 2060 esse
1695 2038 1761 2067 pro-

972 2082 1097 2117 positam.
1114 2080 1166 2114 Qui
1187 2087 1248 2107 cum
1275 2079 1302 2106 in
1320 2077 1448 2106 Chaldaea
1467 2076 1524 2104 illic
1549 2080 1634 2107 esset,
1660 2074 1762 2102 nihilo-

973 2127 1065 2154 minus
1081 2133 1142 2161 quae
1155 2123 1352 2160 Hierosolymis
1372 2123 1401 2151 in
1417 2122 1519 2158 templo
1548 2121 1648 2149 flebant
1669 2121 1761 2148 omnia

974 2171 1074 2206 populo
1089 2171 1240 2198 nuntiabat.
1258 2169 1390 2196 Praeterea
1406 2175 1439 2195 ex
1454 2167 1549 2194 eadem
1569 2165 1763 2193 Chaldaeorum

940 2231 961 2257 ο
976 2216 1085 2250 regione
1100 2218 1204 2250 raptus,
1222 2218 1248 2241 et
1269 2212 1457 2248 Hierosolyma
1475 2214 1678 2246 transportatus
1700 2213 1760 2236 est.

976 2261 1009 2288 ad
1031 2260 1233 2289 convincendos
1254 2259 1420 2287 incredulos.
1436 2257 1488 2286 Sed
1502 2261 1529 2285 et
1543 2256 1676 2284 Dominici
1692 2260 1760 2283 tem-

976 2308 1012 2343 pli
1031 2307 1133 2339 locum.
1161 2305 1272 2341 perinde
1292 2312 1325 2332 ac
1346 2304 1468 2339 Moyses,
1494 2308 1522 2331 et
1546 2303 1630 2330 latum
1655 2308 1766 2329 murum

976 2352 1092 2387 aspexit,
1108 2358 1168 2386 qua:
1182 2350 1276 2377 Daniel
1292 2348 1453 2377 aediﬁcanda
1469 2348 1604 2383 praedixit.
1622 2347 1766 2375 Postremo

978 2398 1048 2425 idem
1076 2397 1213 2432 Babylone
1239 2396 1410 2427 Daniticam,
1440 2393 1648 2429 Gaditicamque
1674 2393 1764 2420 tribus

977 2443 1128 2475 damnavit,
1145 2442 1217 2477 quod
1232 2441 1259 2468 in
1277 2440 1421 2468 Dominum
1438 2440 1529 2468 scelus
1545 2440 1765 2472 committerent;

977 2488 1041 2515 dum
1054 2494 1112 2519 eos,
1126 2487 1171 2521 qui
1189 2486 1239 2521 legi
1261 2485 1415 2516 crederent.
1432 2485 1569 2512 hostiliter
1584 2484 1748 2519 i‘nsequeren
1758 2498 1766 2505 -

978 2537 1041 2566 tar;
1056 2537 1084 2561 et
1099 2532 1239 2559 borrendo
1254 2531 1315 2558 illos
1332 2530 1457 2566 prodigio
1472 2531 1589 2566 perculit
1604 2538 1612 2558 :
1627 2537 1690 2557 nam
1706 2537 1766 2557 ser-

979 2582 1075 2613 pentes
1092 2584 1186 2604 eorum
1203 2576 1322 2604 infantes
1340 2583 1373 2603 ac
1388 2576 1512 2611 jumenta
1535 2575 1629 2603 omnia
1653 2575 1767 2603 devora-

980 2624 1055 2651 bant.
1082 2622 1188 2657 Adjecit
1223 2625 1364 2656 praeterea.
1392 2626 1504 2656 propter
1532 2622 1607 2657 ipsos
1635 2621 1766 2657 populum

980 2669 1166 2704 Hierosolyma
1183 2675 1357 2695 reversurum
1380 2675 1434 2695 non
1458 2675 1531 2699 esse.
1558 2667 1604 2695 sed
1630 2668 1656 2694 in
1678 2667 1765 2694 Media

982 2721 1154 2746 mansurum,
1169 2713 1256 2741 donec
1272 2721 1367 2741 eorum
1381 2714 1469 2741 errori
1486 2713 1548 2741 linis
1563 2717 1636 2741 esset
1650 2713 1763 2746 imposi-

982 2812 1025 2837 θεν
1037 2811 1127 2841 αὐτοῖς
1142 2811 1180 2841 εἰς
1195 2809 1342 2845 ἀναίρεσιν,
1359 2810 1405 2835 καὶ
1420 2809 1530 2844 ἐποίησε
1550 2807 1654 2842 στῆναι,
1666 2809 1718 2832 etc.

1017 2847 1072 2878 (32)
1088 2845 1117 2871 F.
1134 2845 1256 2879 παρέστη
1277 2846 1317 2871 vel
1330 2845 1477 2878 προσέστη.

1017 2876 1072 2915 (55)
1088 2882 1139 2915 Γιν.
1158 2876 1219 2912 τοὺς
1231 2876 1269 2911 εἷς
1286 2880 1329 2907 τὸν
1343 2876 1423 2913 νόμον
1438 2876 1622 2906 πιστεύοντας.
