1929 3038
64 130 122 157 609

614 131 712 159 LIBER
734 132 777 160 DE
796 132 887 161 γιτιδ
907 134 1180 165 PHOPHETARUM.

1654 139 1705 168 ιω

64 186 185 221 ἀιτῶμαι
203 184 250 212 τὸν
260 185 423 222 ὀνειδισμὸν,
437 187 477 214 ὅτι
493 186 662 223 ἐψευσάμην,
675 188 864 224 προφητεύσας

919 199 960 219 tne
976 195 1003 219 et
1024 192 1199 227 ignominiam
1224 192 1385 228 deponam:
1408 193 1479 228 quod
1503 202 1552 230 ego
1575 194 1706 223 adversus

65 231 144 258 κατὰ
158 231 263 258 an/sui.
279 232 333 258 Καὶ
352 233 517 268 κατοικήσας
532 233 561 259 ὲν
576 235 610 269 γῇ
624 234 708 269 Σαὰρ,
734 235 793 261 ἐκεῖ
812 235 866 262 ἀπ-

65 276 181 309 ἐσιανεν,“
197 277 244 303 καὶ
260 277 347 313 ἐτάφη
364 279 392 304 ἐν
406 278 445 314 τῷ
460 279 584 314 σπηλαίῳ
592 279 638 305 τοῦ
658 280 789 312 Κενεζέου
805 289 866 315 κρι-

64 322 127 348 τοῦ.
145 322 356 358 Προεφήτευσεν
379 323 417 354 δὲ,
443 324 483 350 ὅτι
498 324 562 351 ὅταν
585 325 695 351 εῐσωσιν
716 326 745 352 ὲν
769 326 866 361 Ἰερου-

65 366 164 402 σαλὴμ
181 367 245 403 ἔθνη
259 368 353 402 πολλὰ,
371 369 423 396 ὑπὸ
433 369 549 398 δυτικῶν
566 370 619 402 ἕως
637 371 752 406 ἐδάφους
769 372 866 406 ἀφανι-

66 413 203 448 σθήσεται
218 414 286 450 (ιδ).

93 514 123 540 ’0
135 514 208 548 βίος
221 514 273 541 τοῦ
287 514 391 549 Ναοὺμ
406 514 576 549 προφήτου,
589 515 637 542 καὶ
652 516 712 543 ποῦ
732 516 836 543 κεῖται.

102 571 155 597 ΙΖ¹.
173 571 272 606 Nae-‘49.
285 572 299 597 ὁ
316 571 470 607 προφήτης.
487 571 542 606 (44)
559 567 644 603 Οὗτος
657 569 691 607 ἦν
706 572 759 598 ἀπὸ
777 572 865 598 Ἐλκε-

65 615 110 642 cal.
124 616 181 651 (45)
200 616 288 651 πέραν
306 615 353 642 τοῦ
378 616 511 651 Ἰορδάνου
527 617 567 647 εἰς
586 616 718 652 Βηγασὰρ
733 618 766 643 ἐκ
780 617 866 652 φυλῆς

65 660 193 697 Συμεών.
216 657 300 693 Οὗτος
319 662 388 697 μετὰ
412 662 458 688 τὸν
484 661 575 688 Ίωνᾶν
591 662 675 698 τέρας
701 662 800 689 ἔδωκεν
817 663 864 689 ἐπὶ

65 707 174 739 Νινευῒ,
192 707 234 734 ὃτι
248 707 301 733 ὑπὸ
317 707 421 734 ὑδάτων
440 707 564 741 γλυκέων
576 707 623 734 καὶ
638 708 723 743 πυρὸς
738 708 860 741 ἐπιγείου

65 753 213 782 ἀπολεῖται
224 761 230 767 ·
249 752 263 779 ὃ
276 752 323 779 καὶ
337 753 458 787 γέγονεν.
483 752 514 778 'H
531 753 584 788 γὰρ
601 753 765 788 περιέχουσα
777 753 862 790 αὐτὴν

66 798 151 834 λίμνη
169 798 338 825 κατέκλυσεν
353 798 437 834 αὐτὴν
454 799 483 824 ἐν
499 798 614 833 σεισμῷ,
636 798 682 825 καὶ
696 798 751 834 πῦρ
768 800 800 825 ἐκ
814 800 864 834 τῆς

66 844 176 879 ἐρήμου
197 844 310 870 ἐπελθὸν
327 844 416 870 πάντα
436 843 591 880 ὑψηλότερα
606 844 693 878 αὐτῆς
712 844 863 883 τῖε-λέπρησεν

67 890 141 926 μέρη
155 890 225 925 (46).
246 889 395 917 Ἀπέθανεν
405 889 433 915 δὲ
444 890 540 926 Ναοῦμ
552 890 581 916 ὲν
592 890 701 925 εἰρήνῃ,
715 890 761 917 καὶ
775 890 862 926 ἐτάφη

67 937 97 962 ὲν
113 936 148 971 τῇ
161 937 197 971 γῇ
210 935 293 962 αὑτοῦ
312 935 455 972 Βηγαϐάρ.

71 991 105 1018 ’0
113 992 187 1025 ,βίος
197 992 251 1018 τοῦ
268 992 433 1027 ’Λεϐακοὺμ
446 992 612 1027 προφήτου,
628 992 677 1019 καὶ
688 993 748 1019 ποῦ
758 993 861 1020 κεῖται.

101 1050 157 1076 "1'.
179 1048 338 1084 ’Δεϐακοὺμ
357 1050 372 1076 ὀ
395 1049 547 1085 προφήτης.
565 1048 650 1081 Οὗτος
674 1047 707 1085 ἦν
726 1050 756 1082 ἐξ
778 1049 863 1085 ἀγροῦ

67 1094 213 1130 Βηθζοχὴρ
228 1095 283 1130 (47)
309 1096 342 1122 ἐκ
360 1095 448 1130 φυλῆς
465 1094 589 1130 Συμεών.
618 1093 702 1127 Οὗτος
723 1093 792 1122 εἶδεν
811 1095 865 1131 πρὸ

69 1139 118 1173 τῆς
133 1139 326 1174 αἰχμαλωσίας
338 1140 402 1175 1:591
414 1140 464 1175 τῆς
476 1139 603 1172 ἁλώσεως
618 1140 806 1176 Ἰερουσαλὴμ,
818 1141 864 1167 καὶ

67 1185 203 1221 ἐπένθησε
219 1185 322 1221 σφόδρα
338 1186 384 1213 ὲπὶ
401 1187 435 1222 τῇ
452 1186 528 1213 πόλει
555 1187 602 1213 καὶ
617 1186 656 1222 τῷ
674 1186 740 1222 λαῷ.
753 1188 807 1213 Καὶ
820 1187 864 1213 ὅτε

68 1230 134 1266 ἦλθε
153 1231 390 1268 Ναϐουχοδονόσορ
410 1233 451 1264 είς
469 1232 648 1268 Ἰερουσαλὴμ
666 1232 714 1259 τοῦ
729 1233 865 1269 πορθῆσαι

67 1277 165 1312 αὐτὴν,
179 1274 257 1308 οὗτος
279 1276 381 1311 ἔφυγεν
402 1278 442 1309 εἰς
467 1277 657 1313 Ὀστρακίνην,
680 1278 727 1305 καὶ
749 1275 783 1313 ἦν
806 1279 866 1304 ἐκεῖ

67 1323 202 1359 πάροικος
225 1323 266 1354 είς
288 1323 341 1358 γῆν
374 1322 498 1358 Ἰσμαήλ.
530 1323 573 1353 Ὠς
590 1323 618 1349 δὲ
641 1322 814 1358 ὑπέστρεψαν
840 1322 865 1349 οι

68 1368 200 1395 Χαλδαῖοι
218 1367 274 1394 ἀπὺ
298 1369 349 1404 τῆς
374 1367 551 1403 Ἰερουσαλὴμ
568 1368 609 1399 είς
625 1367 674 1403 τὴν
688 1369 740 1403 γῆν
763 1367 863 1400 αὐτῶν,

68 1414 179 1449 λάφυρα
193 1413 280 1449 αὐτὴν
291 1414 467 1449 ποιήσαντες,
479 1413 526 1439 καὶ
535 1414 559 1440 οι
575 1413 735 1440 κατάλοιποι
751 1414 775 1439 οἱ
790 1413 866 1445 ὄντες

68 1461 98 1486 ὲν
117 1459 296 1495 Ἰερουσαλὴμ
327 1459 482 1494 κατέδησαν
508 1459 549 1490 εἰς
575 1459 722 1493 Αἴγυπτον,
742 1458 823 1490 αὐτὸς
836 1458 865 1485 δὲ

68 1489 184 1541 ἀνῆλθεν
208 1506 249 1536 εις
267 1489 322 1540 ’τὴν
343 1505 397 1539 γῆν
418 1489 520 1536 αὑτοῦ,
539 1489 596 1531 fatal
615 1489 782 1539 ὲλειτοῦργει
805 1489 863 1536 τοῖς
885 1489 887 1491 Ι

68 1553 209 1589 θερισταῖς
225 1552 273 1579 τοῦ
290 1552 376 1588 ἀγροῦ
399 1552 497 1578 ἑαυτοῦ
511 1551 653 1587 (ἔσπειρεν
667 1552 721 1586 γὰρ
735 1551 859 1587 κριθὰς),
875 1545 895 1573 ο

68 1599 117 1628 καὶ
127 1599 236 1634 ἥψησεν
251 1599 345 1630 αὐτοῖς
361 1598 507 1634 ἐδέσματα.
524 1598 581 1625 Καὶ
596 1598 783 1633 προεφήτευσε
805 1598 863 1629 τοῖς

70 1645 158 1676 ἰδίοις,
172 1643 258 1671 εἰπών
268 1653 275 1660 ·
294 1653 303 1669 ι
317 1644 473 1679 Πορεύομαι
489 1644 545 1678 ἐγὼ
562 1645 602 1676 εἰς
615 1644 668 1678 γῆν
685 1643 803 1679 μακρὰν,
817 1643 864 1670 καὶ

68 1689 175 1724 ταχέως
185 1688 411 1724 ἑπανελεύσομαι.
430 1688 493 1714 Ἐὰν
505 1688 533 1714 δὲ
550 1687 683 1723 βραδύνω,
694 1687 863 1721 ἀπενέγκατε

69 1736 169 1770 φαγεῖν
182 1736 238 1767 τοῖς
250 1734 397 1769 θερισταῖς.
419 1744 428 1760 ι
446 1734 501 1760 Καὶ
512 1734 658 1768 γενόμενος
671 1734 700 1759 ὲν
713 1732 863 1764 Βαϐυλῶνι,

69 1782 117 1808 καὶ
135 1781 197 1812 δοὺς
213 1781 244 1807 τὸ
264 1780 374 1815 ἄριστον
393 1780 432 1815 τῷ
454 1779 553 1815 Δανιὴλ
576 1780 616 1810 είς
636 1778 682 1805 τὸν
695 1778 797 1805 λάκκον
810 1777 865 1804 τῶν

68 1829 196 1861 λεόντων,
212 1827 384 1863 ὑποστρέψας
398 1826 519 1862 παρέστη
535 1826 591 1857 τοῖς
608 1825 744 1860 θερισταῖς
761 1823 865 1850 ἐσθίου-

71 1883 126 1907 σιν,
142 1874 191 1901 καὶ
211 1873 299 1900 οὐδενὶ
326 1871 402 1899 εἷπεν
424 1872 455 1898 τὸ
482 1871 636 1906 γενόμενον.
659 1870 778 1905 Συνῆκεν
806 1869 835 1895 δὲ
851 1870 866 1895 ὁ

70 1919 226 1955 προφήτης,
239 1918 280 1944 ὅτι
293 1918 386 1953 τάχιον
397 1917 454 1952 (48)
465 1916 622 1952 ἐπιστρέψει
632 1915 718 1947 ὸλαὺς
731 1917 763 1941 ὲκ
778 1914 866 1941 Βαϐυ-

70 1965 157 1996 λῶνος
177 1965 217 1995 εις
238 1963 426 1998 Ἰερουσαλήμ.
452 1962 573 1989 Ἔδωκεν
598 1962 627 1988 δὲ
648 1961 731 1997 τέρας
755 1962 811 1992 τοῖς
837 1961 866 1986 ὲν

77 2009 205 2045 Ἰουδαία,
224 2009 265 2035 ὅτι
279 2009 389 2043 ῠψονται
401 2009 430 2034 ὲν
451 2008 490 2043 τῷ
503 2008 559 2041 ναῷ
580 2007 638 2042 φῶς
660 2008 731 2043 μέγα
753 2007 867 2041 διαλάμ-

71 2057 137 2092 ψαν,
153 2056 202 2082 καὶ
223 2054 310 2086 οὕτως
335 2054 437 2081 εἴσουσι
454 2054 503 2089 τὴν
527 2054 606 2086 δόξαν
630 2053 679 2080 τοῦ
706 2053 782 2080 Θεοῦ.
811 2053 866 2080 Καὶ¹

72 2101 139 2135 περὶ
167 2101 216 2135 τῆς
233 2099 389 2131 συντελείας
416 2099 464 2126 τοῦ
491 2098 556 2126 ναοῦ
579 2100 731 2135 προεῖπεν,
757 2099 797 2125 ὃτι
814 2098 867 2125 ὑπὸ

72 2147 168 2178 levem;
196 2145 305 2173 δυτικοῦ
331 2146 475 2180 γενήσεται
502 2146 519 2180 ή
546 2145 679 2180 πόρθησις
710 2145 757 2172 τοῦ
801 2145 866 2172 ναοῦ

78 2192 269 2229 Ἰερουσαλήμ.
286 2191 353 2218 Τότε
377 2192 408 2218 τὸ
425 2191 544 2226 ἆπλωμα
568 2191 616 2218 τοῦ
638 2191 734 2227 δαδεὶρ
759 2192 799 2223 είς
819 2191 866 2218 δύο

75 2237 146 2273 μέρη
161 2237 322 2272 ῥαγήσεται,
333 2236 380 2263 καὶ
391 2235 526 2271 ἑπίκρανα
542 2236 596 2262 τῶν
610 2236 656 2262 δύο
667 2236 771 2262 στύλων
787 2237 866 2270 ἀφαι-

75 2282 248 2318 ρεθήσονται,
266 2282 313 2308 καὶ
326 2281 413 2313 οὐδεὶς
432 2280 575 2315 γνώσεται,
593 2280 645 2308 ποῦ
663 2281 779 2309 ἔσονται.
794 2281 869 2308 Αὺτὰ

73 2328 102 2354 δὲ
116 2329 146 2354 ὲν
162 2329 195 2362 τῇ
207 2327 303 2362 ἐρήμῳ
324 2326 556 2361 ἀπενεχθήσονται
572 2327 625 2353 ὑπὸ
653 2327 787 2361 ἀγγέλων,
802 2327 868 2353 ὃπου

74 2373 190 2409 ιναγχος
205 2373 296 2408 ἐπάγη
310 2375 326 2408 ἡ
340 2373 426 2409 σκηνὴ
440 2373 487 2400 τοῦ
502 2373 664 2408 μαρτυρίου,
675 2374 723 2399 καὶ
738 2374 767 2400 ὲν
777 2373 870 2405 αὐτοῖς

74 2418 264 2454 γνωσθήσεται
283 2419 329 2445 ἐπὶ
349 2418 420 2445 τέλει
441 2418 554 2455 Κύριος,
572 2419 613 2445 ὅτι
639 2419 789 2453 φωτίσουσι
804 2420 869 2450 τοὺς

75 2464 258 2499 διωκομένους
277 2464 330 2491 ὑπὸ
355 2463 401 2491 τοῦ
423 2464 510 2498 ὄφιος,
534 2464 628 2500 ὥσπερ
645 2465 674 2498 ἐξ
698 2465 802 2501 ἀρχῆς,
821 2466 869 2492 καλ¹

75 2509 204 2537 διασώσει
220 2510 318 2541 αὐτοὺς
329 2509 428 2546 Κύριος
443 2511 475 2537 ὲκ
491 2512 571 2542 σκιᾶς
588 2510 715 2544 θανάτου,
727 2511 774 2538 καὶ
793 2511 870 2539 ἔσον-

76 2564 121 2583 ται
145 2556 176 2582 ὲν
203 2557 289 2591 σκηνῇ
312 2556 388 2591 ἁγίᾳ.
416 2552 501 2588 Οὗτος
528 2557 542 2583 ὁ
570 2557 713 2592 προφήτης
736 2557 801 2592 περὶ
820 2557 871 2592 τῆς

77 2601 211 2633 ἐλεύσεως
229 2601 277 2628 τοῦ
295 2601 397 2637 Κυρίου
415 2602 500 2629 πολλὰ
524 2603 729 2637 προεφήτευσεν
740 2611 747 2618 ⁸
766 2603 820 2639 πρὸ
840 2603 869 2629 δὲ

77 2648 124 2675 δύο
148 2648 218 2675 ἑτῶν
240 2648 290 2683 τῆς
303 2648 472 2683 ἐπιστροφῆς
492 2648 539 2674 τοῦ
554 2647 618 2674 λαοῦ
636 2648 687 2684 τῆς
709 2648 764 2675 ἀπὸ
780 2649 870 2676 Βαϐυ-

114 2725 258 2762 (45)7Ang.
282 2726 326 2762 ὅτε
351 2726 429 2762 ἴδωσιν
453 2726 525 2753 λίθον
555 2726 656 2761 βοῶντα
696 2726 809 2762 οἰχερῶς
836 2727 868 2760 (Ῑ.

79 2761 217 2796 οἰκτρῶς),
234 2761 337 2795 ἐγγίζει
349 2761 379 2787 τὸ
393 2761 478 2792 τέλος·
506 2762 550 2788 ὅτε
569 2762 597 2789 δὲ
619 2762 710 2790 ἴδωσιν
732 2761 818 2790 πξὶντα
836 2762 869 2790 τὰ

80 2796 156 2830 ἔθνη.
170 2797 231 2822 τότε
244 2797 260 2831 ή
276 2796 353 2828 πόλις
369 2796 587 2831 ἐδαφισοήσεται.

116 2831 172 2867 (Η)
194 2832 262 2867 Aug.
278 2831 336 2862 υἱὸς
359 2831 525 2859 Ἑλκεσαίου.

919 236 1053 265 Ninivitas
1088 238 1241 266 vaticinans
1269 238 1403 265 mentitus
1429 238 1537 267 fuerim.
1564 239 1656 274 Itaque
1676 241 1707 267 in

918 290 984 315 agro
1003 282 1083 315 Saar,
1103 282 1151 309 ubi
1173 282 1342 309 domicilium
1357 282 1486 316 elegerat,
1512 287 1635 310 mortuus
1651 289 1705 315 est,

916 331 942 354 ct
958 327 985 354 in
1003 335 1086 362 specu
1106 327 1228 355 Cenezaai
1252 327 1354 362 judicis
1380 328 1513 362 sepultus.
1537 327 1592 354 lluc
1615 333 1705 355 autem

918 373 1049 407 propheta
1070 373 1121 401 iste
1142 373 1278 408 praedixit,
1301 376 1359 399 tnin
1376 380 1439 400 cum
1457 378 1551 407 gentes
1573 373 1707 407 plurimas

917 416 1113 453 Hierosolymis
1140 418 1364 453 conspexissent.
1386 417 1420 445 ab
1443 418 1566 445 occiduis
1590 418 1708 445 nationi-

915 463 967 490 bus
980 463 1103 491 funditus
1118 464 1213 491 urbem
1230 471 1290 491 esse
1302 464 1458 491 delendam.

993 518 1099 545 Nullum
1114 519 1244 554 prop/tene
1258 519 1320 550 vita.
1340 524 1364 546 et
1381 520 1521 554 sepultura:
1535 520 1618 547 locus.

951 574 1033 603 XVII.
1054 575 1192 604 Oriundus
1213 576 1257 604 bic
1280 576 1370 604 Elcesi
1394 582 1470 604 trans
1485 576 1631 604 Jordauem
1645 585 1707 603 vcr-

914 630 962 650 sus
985 621 1119 657 Bcgabar,
1144 630 1177 650 ex
1200 623 1272 650 tribu
1290 623 1439 656 Simeonis,
1454 624 1569 650 alterum
1586 627 1646 658 post
1659 622 1708 650 Jo-

914 675 977 694 nam
1002 668 1036 695 de
1056 666 1155 696 Ninive
1176 673 1333 704 portentum
1351 669 1448 701 edixit,
1474 669 1545 703 fore,
1575 674 1603 696 ut
1627 670 1707 703 aquis

914 714 1040 741 dulcibus
1076 719 1157 749 atque
1193 718 1355 749 erumpente
1396 714 1431 741 ab
1464 714 1548 741 humo
1580 714 1707 741 incendio

915 759 1128 794 periret:quod
1153 759 1191 786 ita
1217 759 1345 794 contigit.
1372 758 1440 786 Nam
1470 760 1546 786 lacus
1573 759 1628 792 illc,
1657 760 1705 793 qui

912 805 1048 832 ambiebat
1063 805 1172 837 urbem,
1189 807 1334 840 repentino
1359 809 1439 833 terrm
1457 810 1533 832 motu
1558 805 1634 831 illam
1658 806 1708 832 ob-

915 851 988 877 ruit:
1004 855 1060 878 tum
1078 851 1149 886 ignis
1172 859 1187 879 e
1209 852 1357 880 solitudine
1376 860 1559 887 prorumpens
1576 852 1707 879 ediliores

916 896 992 923 urbis
1019 900 1110 931 partes
1138 897 1270 924 incendit.
1295 896 1437 924 Postremo
1457 897 1563 923 Nahum
1585 897 1613 924 in
1633 903 1701 932 pace

916 946 1040 970 mortuus
1051 943 1078 970 in
1095 943 1180 977 patria
1196 951 1245 970 sua
1259 943 1398 976 Begabare
1417 943 1542 977 sepultus
1553 946 1606 970 est.

985 997 1093 1025 Abacuc
1123 998 1255 1032 propheta
1271 999 1335 1031 vita,
1352 1002 1376 1025 et
1391 999 1536 1032 sepultum
1551 998 1634 1025 locus.

950 1054 1043 1081 X\lll.
1063 1054 1173 1082 Abacuc
1200 1054 1331 1089 propheta
1363 1062 1396 1081 ex
1434 1061 1500 1088 agro
1529 1052 1697 1080 Bcthsoclicr

915 1100 989 1127 tribu
1013 1099 1151 1127 Simeonis
1172 1100 1306 1135 originem
1326 1099 1405 1127 duxit
1421 1107 1428 1126 :
1442 1099 1489 1131 qui
1506 1103 1569 1126 ante
1590 1098 1706 1134 Babylo-

916 1146 1006 1172 nicam
1022 1146 1211 1181 migrationem
1228 1145 1478 1181 Hierosolymorum
1490 1144 1625 1172 excidium
1644 1152 1710 1179 pro-

915 1192 1045 1226 spiciens,
1072 1191 1247 1219 vehementer
1270 1191 1364 1219 urbem
1407 1198 1440 1218 ac
1466 1191 1599 1226 populum
1627 1190 1705 1217 luxit.

915 1236 983 1263 Cum
1000 1241 1089 1263 autem
1105 1235 1361 1263 Nabuchodonosor
1385 1235 1601 1271 Hierosolymam
1617 1235 1709 1262 venis-

916 1286 967 1313 set,
984 1285 1013 1308 ut
1028 1289 1087 1309 eam
1110 1284 1254 1314 everteret,
1270 1281 1297 1307 in
1312 1280 1485 1308 Ostracinem
1500 1280 1642 1315 profugit:
1660 1280 1707 1306 ubi

917 1327 943 1353 in
961 1327 1160 1354 lsmaelitarum
1175 1327 1287 1361 regione
1302 1326 1494 1361 peregrinatus
1507 1330 1559 1353 est.
1573 1325 1708 1353 Chaldaeis

916 1380 980 1399 vero
993 1375 1053 1407 post
1065 1376 1144 1407 capta
1163 1379 1195 1399 ac
1212 1372 1318 1407 direpta
1336 1371 1525 1407 Hierosolyma
1547 1371 1574 1398 in
1591 1371 1707 1406 patriam

916 1417 1045 1449 reversis,
1076 1425 1138 1444 cum
1167 1416 1196 1448 ii,
1224 1417 1269 1451 qni
1294 1417 1321 1443 in
1345 1416 1411 1444 urbe
1437 1416 1542 1443 residui
1570 1420 1660 1448 erant,
1678 1416 1706 1442 in

915 1461 1063 1498 Egyptum
1086 1461 1230 1497 fugissent,
1249 1461 1359 1488 Abacuc
1385 1461 1412 1487 in
1429 1461 1544 1496 patriam
1563 1468 1708 1495 regressus

916 1512 958 1535 est
974 1517 980 1535 :
999 1507 1044 1534 ubi
1059 1510 1086 1534 et
1103 1507 1160 1542 agri
1178 1507 1220 1534 sui
1240 1507 1411 1534 messoribus
1439 1506 1513 1541 (nam
1526 1506 1528 1509 ’
1540 1506 1579 1532 ibi
1606 1505 1707 1533 hordea

913 1553 1030 1587 several)
1056 1552 1212 1580 necessaria
1241 1552 1417 1584 ministravit,
1444 1559 1476 1578 ac
1497 1551 1600 1578 cibaria
1621 1551 1705 1579 coxit.

913 1598 982 1625 Tum
1006 1598 1166 1626 domesticis
1180 1598 1217 1625 ita
1243 1598 1409 1626 vaticinatus
1435 1601 1477 1625 est
1495 1606 1501 1624 :
1518 1606 1527 1622 ι
1548 1596 1633 1628 Vallo,
1666 1596 1708 1623 iu-

913 1644 983 1679 quit,
1007 1643 1035 1670 in
1056 1643 1232 1678 longinquam
1256 1643 1396 1679 regionem
1411 1663 1418 1675 ,
1435 1642 1507 1669 unde
1524 1641 1651 1669 celeriter
1666 1649 1709 1669 re-

914 1694 1016 1717 vertar.
1034 1689 1226 1717 Verumtamen
1241 1689 1263 1717 si
1279 1696 1384 1716 moram
1410 1689 1467 1715 illic
1488 1688 1591 1720 fecero,
1611 1695 1660 1716 vos
1675 1687 1709 1715 ad

915 1743 1052 1764 messores
1063 1735 1166 1762 cibaria
1184 1739 1298 1770 portate.
1315 1744 1324 1761 ι
1339 1734 1495 1762 Secundum
1518 1734 1575 1762 haec
1594 1734 1709 1769 Babylo-

917 1789 980 1809 nem
1011 1782 1175 1812 translatns,
1204 1789 1267 1808 cum
1297 1780 1402 1808 Danieli
1430 1780 1458 1807 in
1486 1780 1595 1807 leonum
1624 1787 1708 1807 cavea

915 1827 1060 1863 prandium
1081 1826 1247 1859 obtulisset,
1264 1826 1402 1861 extemplo
1431 1833 1571 1857 reversus,
1596 1832 1709 1852 vescen—

916 1873 990 1899 tibus
1023 1873 1192 1900 messoribus
1220 1871 1361 1903 interfuit,
1385 1878 1473 1905 neque
1487 1871 1614 1905 cuiquam
1633 1871 1707 1905 quod

916 1917 1053 1945 acciderat
1067 1917 1240 1953 significavit.
1253 1917 1392 1944 Cancrum
1406 1916 1472 1943 illud
1489 1916 1558 1943 idem
1574 1916 1707 1951 propheta

916 1963 1064 1998 cognovit:
1081 1963 1156 1990 brevi
1177 1962 1308 1998 populum
1333 1970 1349 1989 e
1370 1961 1521 1997 Babylonia
1541 1962 1567 1988 in
1583 1960 1706 1988 Iudaeam

917 2009 1081 2036 rediturum.
1101 2008 1173 2041 Quin
1194 2013 1221 2036 et
1241 2008 1312 2043 signi
1336 2008 1396 2035 loco
1412 2011 1569 2042 portentum
1591 2007 1634 2040 iis,
1656 2007 1705 2042 qui

916 2054 1036 2083 Iudaeam
1055 2054 1223 2088 incolebant,
1242 2054 1415 2081 denuntiavit
1433 2063 1439 2080 :
1458 2053 1566 2080 visuros
1584 2052 1645 2080 illos
1658 2053 1707 2080 ali-

918 2100 1027 2136 quando
1044 2100 1131 2128 lucem
1144 2101 1294 2135 ingentem,
1306 2107 1366 2134 qua:
1379 2099 1406 2126 in
1421 2098 1522 2134 templo
1536 2099 1701 2128 colluceret.

919 2151 1002 2181 atque
1020 2146 1072 2172 hoc
1083 2149 1164 2180 pacto
1175 2144 1222 2172 Dei
1238 2144 1352 2180 gloriam
1367 2148 1565 2179 conspectnros
1579 2150 1651 2170 esse.
1667 2143 1707 2169 Ad

921 2191 977 2218 haec
1004 2190 1037 2217 de
1064 2189 1156 2224 templi
1188 2189 1262 2217 exitu
1293 2196 1326 2215 ac
1354 2189 1407 2216 fine
1440 2187 1606 2215 vaticinatus
1642 2191 1707 2220 est;

920 2244 1018 2272 nempe
1044 2236 1078 2263 ab
1103 2235 1267 2263 occidentali
1296 2235 1396 2271 populo
1429 2234 1708 2270 llierosolymitanum

923 2283 1052 2318 templum
1066 2282 1187 2310 excisum
1204 2281 1246 2308 iri.
1267 2280 1355 2312 Tunc,
1373 2281 1472 2315 inquit.
1485 2280 1624 2308 interioris
1635 2279 1709 2314 adyti

919 2329 1009 2356 velum
1030 2328 1100 2356 duas
1112 2329 1139 2355 in
1154 2332 1245 2363 partes
1260 2326 1413 2358 scindetur,
1431 2332 1458 2353 et
1474 2326 1554 2353 ambo
1572 2325 1710 2352 columna-

916 2382 978 2402 rum
994 2374 1118 2409 capitella
1135 2373 1312 2400 detrahentur
1325 2393 1333 2406 ,
1358 2380 1407 2400 nec
1424 2373 1468 2399 ubi
1489 2372 1544 2399 sint
1564 2371 1710 2406 quisquam

920 2425 1078 2455 cognoscet.
1098 2419 1136 2446 Ea
1149 2427 1215 2446 vero
1229 2427 1278 2454 per
1291 2419 1404 2454 angelos
1419 2418 1560 2446 desertum
1580 2417 1606 2444 in
1621 2417 1710 2444 locum

922 2465 1163 2500 deportabuntur,
1181 2466 1226 2493 ubi
1250 2465 1457 2493 tabernaculum
1483 2463 1634 2491 testimonii
1657 2470 1710 2490 non

921 2511 961 2538 ita
985 2511 1090 2546 pridem
1114 2515 1290 2538 exstructum
1316 2516 1367 2538 cst.
1390 2513 1479 2545 Atque
1501 2510 1527 2536 in
1550 2509 1645 2537 iisdem
1664 2516 1714 2544 po-

922 2561 1025 2584 stremo
1044 2562 1227 2592 cognoscelur
1247 2557 1390 2588 Dominus.
1410 2556 1630 2592 quandoquidem
1652 2563 1711 2587 eos,

922 2611 992 2638 quos
1015 2611 1128 2638 serpens
1152 2603 1323 2638 insequetur,
1350 2612 1403 2631 non
1430 2610 1510 2631 secus
1538 2608 1619 2637 atque.
1643 2602 1710 2628 olim

923 2649 1137 2680 collustrabunt,
1163 2653 1192 2676 et
1215 2656 1263 2677 eos
1291 2649 1368 2685 ipsos
1395 2649 1530 2677 Dominus
1555 2656 1588 2675 cx
1617 2646 1711 2674 umbra

959 2728 1015 2761 (45)
1036 2728 1088 2760 Γρ.
1105 2727 1160 2752 ἀπὸ
1177 2726 1286 2754 Ἰεσϐεί.

957 2763 1012 2792 (16)
1032 2763 1082 2793 Ιῖρ.
1100 2761 1264 2797 ῥ’,ιῃλὸτερον
1278 2766 1304 2789 el.
1318 2761 1410 2797 μέρος.

956 2797 1012 2829 ςρἷ
1034 2798 1083 2828 Γιι.
1103 2796 1240 2832 Ιδιδζεχάρ.

956 2833 984 2867 (vi
998 2835 1013 2865 -)
1034 2833 1083 2865 Γρ-
1100 2831 1189 2864 τύχα-ι,
