1929 3038
193 142 238 171 m
821 132 924 161 DUBIA
941 132 978 161 Al

1033 129 1169 162 SPURIA.

1768 132 1824 160 4‘28

188 197 229 222 ὅτι
242 193 277 221 τά
295 192 363 220 ὁστᾶ
381 190 436 218 τῶν
460 188 555 226 ἰερέων
569 187 642 225 (cod.
658 186 738 224 -ρῶν)
751 187 799 216 τοῦ
818 188 892 215 Βάαλ
908 187 980 221 (cod.
995 188 1018 217 A
1033 188 1246 225 συκοφαντηθεὶς
1269 188 1321 216 ὑπὸ
1339 187 1393 216 τῶν
1416 187 1549 224 αἱρέσεων
1573 187 1750 223 κατηγορήθη
1775 187 1825 214 ἐπὶ

189 239 254 271 ea)
268 236 436 265 κατακαύσει
452 236 499 262 ἐπὶ
517 234 564 261 τοῦ
588 233 792 270 θυσιαστηρίου,
815 233 880 260 ἔνθα
900 233 981 269 Ἰεροο

189 285 261 320 ϐοὰμ
276 283 353 310 ἔθυεν
368 278 408 311 τῷ
421 280 505 310 Βάαλ,
526 281 581 307 Καὶ
596 279 814 316 προφητεύοντος
835 278 918 306 αὑτοῦ
936 278 980 311 ἐξ·

188 331 290 358 ἐτεινεν
303 331 316 356 6
329 327 455 364 βασιλεὺς
468 327 517 362 τὴν
534 327 614 362 χεῖρα
629 324 712 352 αὐτοῦ
731 324 871 352 συλλαϐεῖν
885 325 978 357 αὐτὸν,

188 377 236 403 καὶ
254 373 390 410 ἐξηράνθη
403 373 420 409 ἡ
438 373 499 408 χεὶρ
513 372 560 398 τοῦ
575 365 707 406 βασιλέως
721 371 888 406 παραυτίκα.

223 421 262 448 Θ’.
277 421 329 448 Καὶ
344 419 419 448 ἄλλοι
443 419 471 445 δὲ
493 417 633 454 προφῆται
659 417 783 451 ἐγένοντο
799 416 927 453 κρυπτοὶ,
941 412 978 443 ὧν

187 467 221 494 τὰ
237 466 357 501 ὀνόματα
373 465 536 500 ἐκφέρονται
558 465 587 492 ἐν
606 465 665 495 ταῖς
679 463 865 497 γενεαλογίαις
877 462 978 496 αὐτῶν,

188 514 234 540 ἐπὶ
259 513 358 548 βίϐλων
382 511 523 546 ὀνομάτων
546 510 655 546 Ἰσραήλ
666 519 672 525 ·
690 509 842 545 ἐγράφοντο
857 509 910 545 γὰρ
925 509 979 535 πᾶν

187 559 267 594 γένος
291 558 399 594 Ἰσραὴλ
422 558 469 584 καὶ
490 556 525 583 τὰ
546 556 667 592 ὀνόματα
689 555 745 582 τῶν
768 554 916 591 προφητῶν
932 554 980 581 καὶ

187 604 269 631 ὁσίων
283 603 398 639 ἀνδρῶν,
413 603 460 630 καὶ
472 604 486 629 6
498 603 611 633 θάνατος
623 600 713 628 αὐτῶν
727 600 774 627 καὶ
787 599 821 626 τὰ
837 599 980 635 ἀξιώματα

188 649 288 680 αὐτῶν,
304 649 351 675 καὶ
364 647 427 674 πότε
437 647 609 683 ἀπέθνησκον
619 654 626 662 '
640 646 688 673 καὶ
702 643 735 681 ῆν
749 646 789 676 εἰς
806 645 978 681 μνημόσυνον

187 694 241 721 τῶν
265 694 360 729 ἰερέων
383 693 429 720 καὶ
451 692 581 728 βασιλέων
609 691 658 718 καὶ
685 690 834 728 προφητῶν
855 691 903 718 καὶ
923 689 978 717 τῶν

188 740 359 776 μεγιστάνων
373 739 420 766 καί¹
433 739 515 766 ὁσίων
530 737 645 773 ἀνδρῶν.

222 787 250 814 I’.
266 787 357 822 Σίμων
367 787 381 813 ὁ
396 785 451 818 υἰὸς
466 785 512 812 τοῦ
529 785 644 817 Κλωπᾶ,
655 784 670 810 6
683 783 793 818 ἀνεψιὸς
803 782 850 810 τοῦ
863 782 977 816 Κυρίου,

1033 235 1157 262 ’Λττικοϋ
1172 234 1318 262 ὑπατικοῦ.
1339 235 1394 262 Καὶ
1410 235 1456 262 ἐπὶ
1476 234 1576 266 πολλὰς
1595 233 1702 270 ἡμέρας
1718 234 1819 265 αἰκιζό-

1033 289 1111 316 μενος
1122 281 1323 317 ἐμαρτύρησεν,
1333 281 1370 312 ὡς
1382 281 1488 312 πάντας
1498 280 1708 316 ὑπερθαυμάσαι
1719 280 1768 306 καὶ
1778 279 1825 307 τὸν

1032 327 1173 359 ὑπατικὸν,
1189 327 1247 360 πῶς
1268 330 1307 363 ρκ’
1322 327 1390 354 ἐτῶν
1404 327 1546 362 τυγχάνων
1567 325 1697 361 ὑπέμεινε
1713 325 1764 357 τὰς
1782 326 1824 352 αἰ-

1033 373 1108 405 κίας·
1128 374 1175 400 καὶ
1190 374 1332 400 ἐκέλευσεν
1345 373 1426 400 αὑτὸν
1442 372 1642 408 σταυρωθῆναι.

1067 420 1123 446 Καὶ
1136 419 1221 446 ταῦτα
1246 419 1296 455 μὲν
1319 419 1398 454 μέχρι
1413 419 1526 446 τούτων.
1540 417 1696 454 Παρακαλῶ
1716 417 1746 444 δέ
1760 418 1824 449 τοὺς

1031 466 1243 502 ἐντυγχάνοντας
1262 465 1330 501 τῷδε
1350 464 1389 501 τῷ
1403 465 1541 501 πονήματι
1551 464 1635 500 ἡγουν
1644 463 1683 499 τῷ
1693 464 1824 500 ἱστορικῷ

1031 513 1190 548 διηγήματι,
1204 512 1287 548 εὐχὰς
1303 512 1369 547 ἡμῖν
1382 511 1534 539 ἀντιδοῦναι
1545 511 1591 538 τοῦ
1605 511 1705 538 κόπου·
1720 510 1826 546 νομίζω

1032 556 1087 592 γὰρ
1101 557 1131 583 οὐ
1145 557 1247 592 μικράν
1261 556 1404 591 τυγχάνειν
1411 557 1461 591 τὴν
1475 557 1507 583 ὲκ
1522 555 1625 583 τούτων
1635 555 1780 590 ὠφέλειαν,
1793 555 1825 582 τδ

1035 602 1072 638 μὴ
1085 602 1192 635 ἀγνοεῖν
1209 601 1260 636 τὴν
1277 601 1332 628 τῶν
1349 602 1436 636 ἁγίων
1456 601 1558 628 τούτων
1575 601 1714 628 πολιτείαν
1732 609 1763 627 τε
1776 601 1826 628 καὶ

1030 647 1180 680 τελείωσιν,
1190 647 1231 674 ὄντι
1245 647 1340 683 μνήμη
1351 647 1456 674 δικαίου
1467 647 1525 683 μετ’
1536 647 1691 682 ἐγκωμίων,
1701 647 1749 674 καὶ
1756 647 1825 674 διότι

1032 693 1049 728 ὴ
1067 691 1134 728 πρὸς
1147 692 1210 724 τοὺς
1226 691 1344 726 ἀγαθοὺς
1360 692 1415 719 τῶν
1429 691 1581 727 ὁμοδούλων
1599 691 1666 728 τιμὴ
1686 690 1825 725 ἀπόδειξιν

1031 738 1088 773 ἔχει
1101 738 1151 773 τῆς
1170 737 1238 773 πρὸς
1252 737 1298 764 τὸν
1313 737 1402 765 κοινὸν
1415 737 1548 773 δεσπότην
1564 737 1681 770 εὐνοίας.

188 869 1810 901 ﬁ

560 968 902 1052 SANCTI
956 966 1453 1046 EPIPHANII

798 1115 1184 1182 HOMILIIE.

188 1345 264 1374 Beati
292 1343 432 1378 Epipltanii
452 1343 567 1378 episcopi
580 1341 661 1377 Cypri
684 1349 710 1368 tn
727 1341 769 1368 die
785 1341 852 1373 {esto
869 1339 979 1366 Palma-

516 1386 576 1404 rum
591 1377 660 1413 (Gl).

444 1432 573 1464 Benedic,
594 1432 719 1459 Domine.

223 1481 317 1510 Gaude
341 1480 509 1516 plurimum,
538 1478 592 1505 ﬁlia
608 1477 685 1510 Sion,
712 1477 819 1510 laetare,
839 1476 936 1512 gaude,
953 1480 980 1504 et

186 1529 306 1560 exsulta,
325 1527 455 1555 universa
479 1525 526 1552 Dei
545 1524 679 1553 Ecclesia.
698 1524 768 1552 Ecce
783 1525 855 1551 enim
879 1525 979 1551 iterum

188 1573 296 1601 accedit
311 1571 345 1599 ad
368 1576 394 1599 te
415 1571 488 1603 Rex;
512 1577 576 1598 ecce
591 1577 710 1604 sponsus
734 1572 798 1596 tuus
816 1568 891 1604 pullo
906 1568 980 1595 velut

188 1620 292 1647 throno
317 1617 442 1646 insidens
464 1616 548 1644 venit.
577 1615 761 1643 Procedamus
784 1615 824 1642 illi
849 1614 957 1642 obviam
971 1634 979 1646 ,

189 1665 362 1698 festinemus,
387 1669 417 1690 ut
438 1663 499 1698 ejus
525 1662 667 1690 videamus
678 1662 815 1698 gloriam;
836 1661 980 1696 ingressus

189 1711 263 1744 illius
288 1711 420 1738 honorem
443 1709 571 1736 alacriter
596 1715 831 1743 praeoccupemus.
857 1706 978 1742 [lterum

189 1755 291 1783 mundo
304 1755 379 1783 salus
394 1763 400 1781 :
419 1755 518 1782 iterum
537 1753 608 1782 Deus
629 1753 663 1781 ad
678 1760 787 1781 crucem
804 1752 908 1789 venil.]
924 1753 979 1780 lte—

188 1810 248 1830 rum
271 1809 320 1830 rex
341 1801 419 1835 Sion,
440 1801 611 1836 exspectatio
630 1801 752 1836 gentium
773 1800 800 1827 in
823 1799 890 1827 Sion
914 1806 978 1834 pro-

187 1847 320 1883 greditur,
344 1848 443 1874 iterum
462 1847 566 1874 mundo
589 1847 706 1874 salutem
731 1846 856 1882 largitur,
879 1846 977 1872 iterum

188 1895 235 1921 lux
251 1894 382 1926 mittitur,
400 1893 500 1921 iterum
513 1900 592 1920 error
614 1892 770 1927 expellitur,
786 1893 886 1920 iterum
902 1891 979 1918 ﬂoret

190 1941 300 1972 veritas,
324 1940 423 1968 iterum
439 1939 563 1967 Ecclesia
580 1939 656 1966 ducit
671 1939 783 1970 choros,
808 1938 906 1965 iterum
926 1937 979 1973 Sy-

184 1993 292 2022 nagoga
308 1986 447 2017 viduatur,
466 1985 563 2012 iterum
582 1984 722 2012 daemones
737 1984 841 2020 pudore
859 1983 978 2010 adiciun-

187 2036 243 2063 tur,
260 2031 359 2059 iterum
378 2031 494 2059 solvitur
507 2029 673 2061 maledictio,
688 2030 787 2057 iterum
801 2028 977 2056 confundun-

188 2082 233 2104 tur
247 2076 344 2104 Jutlzci.
363 2077 462 2104 iterum
482 2076 567 2102 draco
588 2076 750 2107 coruteritur,
771 2075 868 2102 iterum
884 2078 978 2109 gentes

185 2123 386 2155 exhilarantur,
416 2123 515 2149 iterum
543 2126 657 2149 ornatur
682 2121 760 2148 Sion.
786 2120 914 2148 Christus
950 2121 977 2148 in

187 2169 262 2204 pullo
282 2174 411 2203 tanquam
435 2168 462 2194 in
489 2167 588 2194 throno
606 2167 705 2194 sedens
725 2166 868 2201 procedit:
887 2167 978 2194 exsul—

189 2219 253 2248 tate,
272 2215 335 2242 cceli
350 2223 358 2247 ;
374 2214 491 2250 hymnos
506 2213 600 2245 dicite,
616 2213 720 2248 angeli;
740 2212 878 2244 laetemini,
899 2220 979 2240 mon-

188 2266 229 2289 tes
241 2269 248 2294 ;
262 2261 379 2292 exsilitc,
390 2259 491 2292 colles;
504 2258 636 2294 plaudite,
650 2258 777 2291 ﬂumina;
789 2259 835 2293 qui
851 2258 979 2286 habitatis

188 2305 266 2338 Sion,
278 2304 370 2332 ducite
382 2304 509 2335 choreas;
525 2303 662 2334 Ecclesiae,
672 2302 796 2337 gaudete;
811 2301 978 2334 sacerdotes,

187 2351 305 2387 hymnos
316 2350 412 2383 dicite;
424 2350 572 2385 prephetm,
587 2348 731 2384 praevenite
742 2357 750 2381 ;
760 2348 898 2383 discipuli,
911 2356 981 2383 prae-

187 2397 294 2430 dicate;
309 2397 382 2425 exite
396 2395 626 2430 obviam,populi;
638 2395 805 2428 concurrite,
815 2403 911 2430 senes;
923 2404 981 2423 ma-

188 2448 253 2476 tres,
265 2443 380 2470 choreas
392 2442 483 2477 agite:
504 2441 647 2474 lactentes,
669 2441 768 2475 canite;
782 2441 905 2477 juvenes.
923 2443 980 2470 cla-

188 2493 270 2521 mate;
281 2487 493 2523 congregamini,
509 2490 610 2521 gentes.
626 2485 721 2514 Omnis
734 2495 870 2521 creatura,
884 2493 980 2517 natura

187 2534 287 2564 omnis.
296 2533 385 2560 omnis
392 2532 470 2565 ordo,
478 2532 567 2560 onmis
573 2532 695 2567 spiritus,
703 2533 792 2561 omnis
801 2538 882 2567 terra,
892 2535 981 2563 omnis

187 2578 316 2613 dignitas,
333 2577 423 2604 omnis
437 2581 514 2608 a’tas,
536 2577 626 2604 omnis
643 2577 728 2609 natio,
749 2585 830 2606 omne
850 2587 979 2614 regnum,

1407 1283 1448 1309 A’.

1034 1339 1090 1366 Τοῦ
1099 1326 1138 1368 ἐν
1146 1339 1242 1376 ἁγίοις
1252 1339 1366 1373 Πατρός
1376 1337 1462 1376 ἡμῶν
1473 1337 1646 1376 Ἑαιφονίου
1655 1338 1825 1368 ἐπισκόπου

1259 1376 1381 1409 Κύπρου
1387 1373 1441 1407 ἐἰς
1455 1373 1492 1401 τὰ
1507 1374 1592 1401 Buta.

1295 1431 1393 1467 Κύριε,
1416 1431 1573 1466 ιὺλόγησον.
1614 1407 1626 1423 .

1065 1479 1151 1514 Χαῖρε
1165 1478 1278 1514 σφόδρα,
1290 1477 1409 1513 θύγατερ
1424 1477 1504 1511 Σιὼν,
1522 1477 1624 1513 τέρπου
1643 1477 1690 1503 καὶ
1707 1477 1823 1512 ἀγάλλου

1032 1524 1091 1561 [καὶ
1102 1523 1272 1560 εὐφραίνου],
1293 1524 1368 1550 πᾶσα
1387 1525 1404 1559 ἡ
1433 1523 1580 1558 Ἐκκλησία
1601 1523 1648 1550 τοῦ
1661 1523 1728 1551 Θεοῦ
1743 1532 1750 1538 ·
1769 1524 1824 1551 ἰδοὺ

1030 1570 1084 1606 γὰρ
1101 1569 1182 1597 πάλιν
1198 1570 1212 1596 6
1236 1569 1366 1601 Βασιλεὺς
1385 1570 1453 1606 πρὸς
1466 1570 1496 1596 σὲ
1515 1570 1706 1606 παραγίνεται.
1724 1570 1790 1597 Ἰδοὺ
1807 1570 1823 1596 6

1032 1616 1077 1648 σος
1093 1616 1208 1652 νυμφίος
1235 1616 1282 1642 ἐπὶ
1306 1614 1396 1642 πώλου
1413 1615 1461 1652 [ὡς
1485 1616 1532 1642 ἐπὶ
1545 1615 1653 1652 θρόνου]
1671 1616 1824 1652 καθήμενος

1030 1664 1152 1699 ἔρχεται.
1176 1661 1344 1697 Ἐξέλθωμεν
1361 1662 1401 1694 εἰς
1415 1661 1568 1697 ἀπάντησιν
1585 1662 1677 1694 αὑτοῦ,
1697 1663 1824 1689 σπεύσω-

1033 1717 1083 1744 μεν
1099 1707 1202 1734 ἰδέσθαι
1213 1706 1262 1742 τὴν
1272 1705 1350 1738 δόξαν
1366 1705 1460 1739 αὑτοῦ,
1485 1707 1689 1742 προφθάσωμεν
1703 1707 1823 1743 φαιδρῶς

1031 1755 1072 1786 εἰς
1084 1753 1166 1789 τιμὴν
1181 1752 1232 1788 τῆς
1250 1752 1353 1779 εἰσόδου
1371 1752 1464 1779 αὑτοῦ.
1481 1752 1577 1788 [Πάλιν
1592 1752 1632 1788 τῷ
1652 1753 1747 1797 κόσμιξ
1769 1762 1822 1780 σω-

1029 1799 1122 1835 τηρία,
1148 1798 1229 1826 πάλιν
1251 1798 1266 1824 6
1281 1798 1348 1829 Θεὸς
1367 1798 1413 1824 ἐπὶ
1427 1798 1543 1833 σταυρὸν
1561 1797 1695 1834 ἔρχεται.]
1713 1798 1797 1824 Πάλιν
1809 1798 1823 1825 6

1032 1843 1159 1880 βασιλεὺς
1170 1842 1250 1876 Σιὼν,
1267 1842 1321 1869 τῶν
1335 1842 1421 1870 ἐθνῶν
1435 1843 1451 1878 ή
1468 1843 1616 1879 προσδοκία
1632 1844 1676 1870 ἐπὶ
1691 1843 1741 1879 τὴν
1755 1844 1822 1870 Σιὼν

1031 1891 1151 1926 ἔρχεται,
1170 1890 1252 1917 πάλιν
1263 1889 1302 1925 τῷ
1312 1889 1407 1926 κόσμῳ
1418 1890 1555 1926 σωτηρίαν
1572 1891 1724 1927 χαρίζεται,
1743 1892 1824 1919 πάλιν

1030 1938 1061 1965 τὸ
1073 1937 1130 1973 φῶς
1159 1937 1312 1972 ἐφίσταται,
1330 1937 1411 1965 πάλιν
1426 1939 1443 1974 ἡ
1464 1938 1552 1974 πλάνη
1570 1939 1719 1972 πέπαυται,
1743 1939 1823 1967 πάλιν

1030 1985 1107 2012 ἀνθεῖ
1120 1985 1137 2020 ἡ
1150 1984 1273 2020 ἀλήθεια,
1299 1984 1410 2020 πάλινή
1434 1985 1581 2021 Ἐκκλησία
1600 1985 1719 2021 χορεύει,
1744 1986 1824 2013 πάλιν

1029 2031 1046 2066 ἡ
1070 2030 1220 2066 Συναγωγὴ
1243 2030 1366 2066 χηρεύει,
1382 2029 1464 2057 πάλιν
1491 2030 1663 2066 αἰσχύνονται
1687 2031 1822 2066 δαίμονες,

1029 2077 1109 2103 πάλιν
1128 2077 1234 2113 κατάρα
1258 2075 1362 2109 λύεται,
1386 2076 1467 2103 πάλιν
1493 2076 1612 2112 Ἑϐραῖοι
1632 2077 1822 2113 ταράττονται,

1029 2122 1111 2149 πάλιν
1123 2123 1138 2148 ὁ
1156 2123 1264 2158 δράκων
1285 2122 1467 2158 συντρίϐεται,
1483 2122 1563 2150 πάλιν
1580 2122 1613 2149 τὰ
1630 2122 1694 2158 ἔθνη
1711 2123 1823 2159 εὐφραίο

1029 2176 1131 2199 νονται,
1144 2168 1224 2195 πάλιν
1241 2168 1310 2195 Σιὼν
1330 2168 1540 2201 καλλωπίζεται.
1566 2169 1683 2204 Χριστὸς
1702 2170 1749 2196 ἐπὶ
1767 2169 1824 2196 πὼ-

1030 2215 1076 2241 λου
1090 2215 1127 2247 ὡς
1141 2216 1188 2242 ἐπὶ
1209 2215 1304 2251 θρόνου
1331 2215 1485 2252 καθήμενος
1505 2215 1615 2252 ἔρχεται
1629 2225 1636 2232 ·
1655 2217 1679 2243 οἱ
1700 2216 1821 2252 οὐρανοὶ,

1030 2261 1189 2295 ἀγάλλεσθε·
1204 2262 1324 2296 ἄγγελοι,
1339 2263 1488 2298 ὑμνήσατε⁸
1503 2263 1537 2289 τὰ
1553 2263 1614 2299 ὅρη,
1627 2263 1822 2299 εὐφραίνεσθε⁸

1030 2309 1054 2334 οἰ
1076 2308 1173 2342 βουνοὶ,
1200 2309 1381 2344 σκιρτήσατε”
1402 2309 1531 2344 ποταμοὶ,
1550 2310 1721 2346 κροτήσατε·
1746 2311 1770 2336 οξ
1795 2311 1823 2336 ὲν

1031 2353 1110 2386 Σιὼν,
1135 2354 1301 2390 χορεύσατε·
1330 2356 1358 2382 αἰ
1379 2355 1553 2390 Ἐκκλησίαι,
1576 2356 1702 2391 χαίρετε’
1730 2357 1822 2392 ἰερείς,

1031 2398 1186 2434 ὑμνήσατε·
1201 2399 1350 2434 προφῆται,
1375 2399 1551 2436 προερθάσατε
1563 2409 1570 2415 ·
1590 2400 1720 2436 μαθηταὶ,
1737 2401 1823 2437 κηρύ-

1032 2444 1110 2476 ξατε·
1127 2443 1197 2477 λαοὶ,
1212 2445 1385 2480 ἀπαντήσατε
1399 2455 1405 2460 ·
1422 2445 1583 2482 πρεσϐῦται,
1598 2446 1782 2482 συνδράμετε·
1796 2448 1822 2474 αἰ

1033 2491 1161 2525 μητέρες,
1170 2491 1328 2527 χορεύσατε·
1340 2494 1364 2518 οἱ
1376 2492 1549 2528 Θηλάζοντες,
1559 2493 1643 2529 ᾷσατε
1654 2501 1662 2509 ·
1674 2495 1822 2524 νεανίσκοι.

1033 2535 1163 2571 βοήσατε·
1190 2537 1223 2564 τὰ
1242 2536 1317 2573 ἔθνη,
1339 2538 1500 2574 συνάχθητε.
1522 2540 1601 2565 Πᾶσα
1625 2539 1724 2573 κτίσις,
1751 2541 1822 2566 πᾶσα

1033 2580 1124 2615 φύσις,
1141 2582 1216 2608 πᾶσα
1239 2583 1325 2615 τάξις,
1351 2584 1426 2610 πᾶσα
1455 2585 1534 2620 πνοὴ,
1556 2585 1630 2611 πᾶσα
1646 2585 1663 2620 ἡ
1677 2585 1725 2620 γῆ,
1750 2586 1822 2612 πᾶσα

189 2623 253 2658 ltegi
266 2630 358 2657 regum
374 2623 457 2658 regali
477 2623 552 2650 cultu
576 2623 682 2650 obviam
705 2631 813 2657 eamus,
834 2624 978 2652 Dominum

1033 2627 1104 2660 ἀξία,
1121 2629 1196 2655 πᾶσα
1214 2629 1317 2664 ἡλικία,
1339 2631 1414 2657 πᾶσα
1438 2630 1578 2666 ἐθναρχία,
1598 2632 1673 2658 πᾶσα
1690 2631 1822 2667 βασιλεία,

188 2670 375 2702 dominorum,
411 2669 449 2695 uti
478 2669 620 2696 Dominum
647 2677 696 2704 par
721 2675 781 2703 est,
809 2671 974 2704 adoremus,

189 2716 244 2742 Deo
255 2715 368 2743 deorum
383 2715 514 2744 divinitus
525 2723 667 2749 canamus,
680 2724 783 2752 sponso
796 2717 977 2752 incorruptio~

189 2761 241 2795 nis,
257 2762 352 2797 quales
369 2763 492 2790 divinum
509 2762 605 2791 dcccnl.
619 2771 763 2798 sponsum,
778 2763 878 2793 choros
894 2764 978 2792 duca-

223 2839 280 2875 (61)
297 2840 446 2876 lnterprclc
462 2840 491 2868 D.
509 2843 626 2870 (Ionsalo
642 2842 751 2869 Poncio.

1031 2673 1178 2708 βασιλικῶς
1203 2675 1240 2710 τῷ
1255 2675 1366 2702 Βασιλεῖ
1388 2676 1444 2703 τῶν
1458 2677 1591 2712 βασιλέων
1612 2676 1822 2713 ἀπαντὴσωμεν,
1870 2674 1877 2679 ’

1029 2721 1196 2753 δεσποτικῶς
1210 2721 1250 2757 τῷ
1269 2723 1392 2758 Δεσπότῃ
1411 2723 1464 2750 τῶν
1478 2723 1616 2750 δεσποτῶν
1632 2724 1825 2758 προσκυνήσω-

1031 2774 1089 2799 μεν¹
1114 2765 1153 2800 τῷ
1179 2766 1238 2801 Θεῷ
1258 2767 1312 2794 τῶν
1333 2767 1401 2795 θεῶν
1430 2767 1527 2800 θεῖκῶς
1545 2767 1759 2804 ἀναμέλψωμεν,
1786 2769 1820 2804 τῷ
