1929 3038
207 117 255 146 451

855 119 900 148 DU
906 120 960 146 BIA
979 120 1049 158 A‘UT
1066 121 1200 149 SPURIA.

1789 129 1842 156 4'52

209 175 351 209 mundum,
374 177 421 204 sed
445 177 532 212 ipsum
554 180 654 203 servat.
671 177 700 203 ln
721 185 774 212 qua
788 177 914 206 Christus
934 186 997 206 vera

1054 181 1151 216 κρῖνον,
1176 180 1244 207 ἀλλὰ
1272 180 1358 213 σῶζον
1384 182 1429 208 τὸν
1445 182 1558 218 κόσμον.
1580 180 1653 221 Ἐνῇ
1668 185 1797 220 Χριστὸς,
1810 188 1843 212 τῦ

206 223 278 250 viola
295 223 485 258 a-grotantium
504 223 615 250 morbos
633 230 752 257 sanans;
774 224 800 251 in
814 231 867 258 qua
880 229 907 252 et
920 225 998 252 vinea

207 269 266 303 ipse
277 272 330 301 est,
342 269 436 296 dicens
451 277 457 295 :
471 268 528 303 Ego
543 276 602 294 sum
615 269 675 295 vitis
689 277 749 296 vera
762 272 787 301 ';
805 270 831 296 in
843 278 897 304 qua
910 275 938 297 et
949 271 1000 297 oli-

206 319 309 346 velum,
326 314 372 349 qui
388 314 456 341 adeo
474 319 616 349 sperantes
636 314 663 341 in
686 322 715 342 se
736 322 784 350 per
797 323 875 342 suam
891 316 1000 344 miseri-

206 359 327 387 cordiam
353 363 444 386 servat
469 359 638 393 incolumes;
666 360 692 386 in
719 368 772 395 qua
800 361 901 389 radicis
924 361 1001 390 Jesse

207 406 337 440 antiquus
352 409 414 432 ante
429 406 529 432 saecula
543 413 637 433 ramus
653 406 722 433 citra
740 407 844 433 cultum
859 411 886 434 et
903 407 1000 435 fossio-

207 459 268 478 nem
287 451 399 477 humani
421 451 534 478 seminis
556 451 738 486 germinavit;
756 452 783 478 in
799 460 851 487 qua
871 453 1000 487 perennis

186 519 189 522 .
207 497 287 529 fons;
305 497 332 523 in
345 504 398 531 qua
414 504 468 524 non
482 496 557 524 ﬂuvii
580 497 703 533 Physon,
726 497 833 531 Gehon,
859 499 960 534 Tigris
975 503 1002 527 et

208 542 360 577 Euphrates
378 543 567 578 reperiuntur,
580 551 676 570 verum
701 543 853 577 Matthaaus,
871 544 979 572 Marcus
992 565 999 579 ,

207 584 296 616 Luc'as
321 593 349 616 et
369 587 503 622 Joannes,
535 590 580 624 qui
612 589 714 618 Christi
739 589 868 618 Ecclesia:
887 591 1002 626 irrigant

208 632 342 660 hortum:
363 633 408 660 ubi
436 633 564 668 frequens
592 634 674 662 hodie
697 642 729 662 ex
757 635 832 662 omni
856 635 1001 670 iuventute

208 686 371 711 concursus,
387 683 517 714 tanquam
533 680 603 707 oliva
620 680 746 715 fecunda,
766 681 852 709 olivas
867 686 1000 715 tenentes,

208 724 317 753 Christo
349 726 518 754 misericordi
544 733 576 753 ac
602 726 757 754 miseralori
791 727 1000 762 supplicamus,

209 771 322 806 plantati
345 770 373 798 in
397 771 480 799 domo
508 771 625 803 Dominl,
656 773 685 800 in
710 773 787 801 atriis
809 773 896 809 ipsius
917 782 1002 802 verno

208 822 330 852 tempore
343 817 557 852 eiiiorescentes,
574 819 673 847 festum
687 819 814 848 ducimus
827 821 910 854 diem,
926 821 1000 856 lega-

209 863 260 890 lem
277 863 394 890 hicmem
416 863 561 891 abeuntem
578 869 735 893 cernentes.

244 909 355 937 Festum
373 918 432 945 age,
453 910 554 938 Christi
573 911 705 945 Ecclesia,
719 919 773 939 non
791 911 817 939 in
833 912 928 947 ﬁgura,
944 920 1000 940 non

205 955 282 989 juxta
309 956 433 990 corporis
461 964 572 984 sensum
607 958 723 985 choreas
746 958 851 985 ducens
875 968 882 986 :
905 966 1000 986 verum

207 1001 306 1036 spiritu
317 1005 344 1028 et
358 1006 449 1030 mente
464 1001 548 1030 festos
562 1003 670 1031 celebra
689 1004 760 1036 dies,
775 1004 911 1031 idolorum
927 1004 1001 1039 aspi-

207 1047 282 1075 ciens
299 1047 484 1080 eversionem,
497 1049 676 1076 ecclesiarum
690 1057 754 1077 vero
771 1050 937 1078 erectionem
950 1050 1000 1077 ha-

207 1092 285 1120 bens.
303 1092 388 1119 Sacra
412 1093 485 1120 cnim
510 1098 536 1120 et
554 1102 652 1130 magna
670 1101 738 1122 voce
762 1095 811 1122 tibi
837 1103 898 1121 eum
916 1094 1001 1121 Paulo

207 1138 306 1166 edico:
326 1137 420 1165 Vetera
451 1140 634 1172 transierunt,
655 1148 712 1166 ecce
735 1141 807 1174 facta
828 1145 888 1166 sunt
913 1142 1003 1167 omnia

206 1192 274 1211 nova
286 1186 296 1200 '
311 1193 317 1211 :
332 1185 386 1211 imo
410 1193 473 1212 vero
492 1189 518 1213 et
537 1186 718 1213 admirabilia.
741 1185 869 1218 Proinde,
889 1187 1003 1219 gaudete

209 1231 236 1257 in
258 1230 383 1263 Domino,
400 1231 502 1259 Christi
529 1240 604 1266 grex,
627 1232 759 1268 gaudete;
784 1232 881 1267 gaude,
901 1232 1002 1260 Christi

208 1276 345 1308 Ecclesia,
374 1277 464 1305 laetare
488 1283 515 1305 et
541 1279 657 1309 exsulta,
677 1278 729 1305 ﬁlia
759 1279 813 1305 Dei.
844 1279 901 1306 Tua
930 1279 1003 1306 enim

208 1323 299 1350 omnis
315 1324 411 1358 gloria,
426 1328 555 1358 tanquam
567 1323 628 1350 ﬁliae
639 1324 710 1358 regis
725 1323 839 1357 Christi,
854 1325 928 1352 intus
946 1332 1002 1359 per-

209 1368 272 1395 inde
288 1375 320 1395 ac
336 1368 419 1399 foris;
443 1375 504 1402 qua:
519 1375 572 1394 non
586 1367 642 1402 jam
658 1367 776 1402 amplius
802 1367 894 1397 vidua,
909 1375 1002 1394 verum

208 1415 256 1443 Dei
271 1422 372 1450 sponsa
404 1413 572 1442 el‘ﬂorescis:
588 1421 642 1441 non
661 1414 779 1448 amplius
797 1421 810 1440 a
824 1413 944 1441 sinistris
957 1413 1003 1442 Dei

207 1465 320 1497 propter
353 1461 487 1487 idolorum
513 1460 638 1491 cultum,
663 1460 711 1488 sed
732 1467 748 1487 a
780 1459 883 1488 dextris
909 1465 1003 1487 astans

209 1506 405 1542 splendideque
419 1508 527 1536 ornata,
541 1508 653 1539 propter
665 1503 712 1532 Dei
725 1504 907 1540 cognitionem
923 1514 929 1531 :
942 1512 1003 1540 quae

209 1559 263 1578 non
286 1558 316 1578 es
339 1550 457 1585 amplius
477 1550 570 1578 servili
591 1550 723 1586 sanguine
747 1550 929 1582 fermentata,
955 1551 1003 1578 sed

208 1595 302 1623 divino
317 1595 445 1630 insignita
457 1603 531 1630 :qlue
544 1603 596 1622 non
609 1595 728 1630 amplius
739 1593 861 1627 Obelem,
879 1596 926 1623 sed
939 1595 1003 1622 Em-

208 1641 362 1668 manuclcnt
376 1641 462 1671 colis:
485 1649 537 1668 non
554 1641 609 1676 jam
639 1641 785 1674 Troadem,
803 1649 898 1669 verum
915 1641 1004 1669 Trini-

210 1691 292 1714 tatem
310 1688 470 1719 veneraris;
487 1695 547 1723 qua:
565 1695 619 1714 non
636 1687 778 1715 Platonem
800 1687 929 1722 amplius,
953 1687 1001 1715 sed

209 1733 293 1760 Deum
313 1737 438 1760 nostrum
463 1734 678 1768 omnipotentem
694 1733 798 1760 honore
814 1735 1002 1769 prosequeris;

211 1786 266 1805 non
281 1778 339 1813 jam
360 1778 504 1806 Herculem
523 1779 657 1806 malorum
672 1779 859 1814 depulsorem,
874 1779 921 1806 sed
939 1787 1004 1807 con-

209 1823 355 1851 solatorem
380 1823 511 1858 Spiritum
537 1831 569 1851 ac
589 1831 682 1851 rerum
717 1824 839 1851 omnium
860 1823 998 1859 opiﬁcem.

208 1870 268 1897 Non
284 1871 357 1897 coles
373 1870 492 1904 amplius
509 1870 686 1897 Aristotelem
704 1869 841 1897 subtiliter
865 1869 1005 1905 disputan-

210 1920 276 1946 lem.
298 1915 345 1942 sed
359 1915 455 1947 Deum,
479 1915 524 1949 qui
546 1915 573 1941 in
590 1914 657 1943 ﬁnes
673 1915 838 1942 saeculorum
853 1918 879 1942 te
899 1914 1003 1942 salvam

209 1969 269 1989 eSSe
284 1961 377 1988 voluit:
399 1960 504 1988 Cecidit
521 1960 674 1993 Saturnus,
699 1960 763 1995 quia
787 1960 948 1986 incarnatus
962 1963 1004 1986 est

210 2007 281 2034 Deus
302 2005 423 2034 Verbum
438 2014 445 2032 :
460 2013 514 2032 non
537 2010 630 2032 tamen
647 2013 680 2032 ex
702 2005 752 2032 viri
777 2004 928 2036 consortio,
955 2003 1002 2032 sed

209 2053 328 2079 humano
346 2051 427 2079 simul
440 2051 569 2079 ctdivino
581 2050 662 2078 modo
675 2058 706 2078 ex
724 2050 807 2076 Maria
822 2050 1000 2084 conspicuus.

208 2097 304 2126 Videte
319 2098 370 2125 diei
387 2099 521 2133 gratiam;
545 2097 635 2124 videte
658 2096 719 2124 l‘esti
737 2096 791 2123 diei
816 2096 1000 2131 splendorem.

209 2142 403 2176 Quamobrem,
428 2141 516 2177 gaude
533 2148 564 2168 ac
585 2142 685 2172 laetare,
705 2140 759 2167 ﬁlia
777 2140 854 2172 Sion,
878 2140 965 2174 gaude
975 2144 1002 2167 et

208 2189 325 2220 exsulta,
347 2188 474 2215 universa
500 2187 620 2214 Ecclesia
653 2186 699 2214 Dei
721 2194 729 2212 :
748 2186 814 2213 Leva
837 2187 865 2213 in
888 2187 1002 2213 circuitu

209 2235 298 2262 oculos
319 2239 394 2266 tuos,
417 2237 442 2259 et
457 2232 513 2259 vide
529 2232 539 2247 ³
557 2236 737 2267 congregatos
760 2231 841 2259 modo
859 2236 931 2263 tuos,
955 2233 1002 2267 qui

209 2279 346 2314 quondam
361 2278 482 2312 gentium
498 2277 544 2304 ﬁlii
557 2277 675 2311 dispersi
687 2280 776 2303 erant.
793 2275 862 2303 Vide
873 2276 934 2303 festi
947 2277 1001 2304 diei

209 2324 404 2356 celebritatem,
423 2323 485 2351 vide
505 2323 597 2358 populi
618 2326 780 2350 concentum
791 2342 798 2353 ,
815 2322 876 2349 ride
893 2330 1000 2350 onmem

209 2370 328 2404 linguam
351 2368 380 2396 in
403 2375 485 2396 unam
511 2367 673 2395 sententiam
698 2365 849 2399 cedentem,
879 2366 941 2394 vide
967 2374 999 2395 os

208 2423 289 2444 omne
305 2420 436 2451 tanquam
459 2421 544 2442 unum
561 2421 604 2444 os.
623 2412 684 2440 vide
698 2416 792 2448 gentes
809 2413 884 2448 prius
901 2412 997 2442 elleras

246 2494 346 2521 1ιῐοιιη.
367 2501 411 2525 xv,
431 2494 453 2519 Ι.
505 2493 514 2507 ¹
528 2491 548 2518 ll
564 2491 627 2518 Cor.
643 2499 669 2523 v,
687 2492 728 2518 l7.
770 2493 780 2508 ³
795 2493 847 2520 lsa.
865 2500 909 2527 ιχ,
925 2494 950 2521 4.

208 2576 262 2602 vim
279 2572 388 2606 assequi
403 2579 456 2608 non
475 2571 562 2608 possit
583 2570 679 2608 Latina
703 2573 806 2608 versio.
819 2572 890 2600 Sunt
903 2574 995 2608 itaque

211 2610 247 2638 ibi
259 2609 288 2635 τὸ
304 2607 406 2644 κρίνον,
417 2607 518 2644 lilium;
530 2607 561 2644 το
570 2606 606 2642 μὴ
618 2607 707 2644 κρῖνον
718 2627 725 2639 ,
735 2615 785 2644 non
795 2607 918 2644 judicans
928 2617 935 2640 ,'
946 2606 995 2640 ίον,

208 2645 278 2672 viola
290 2649 316 2671 et
325 2642 473 2673 'venenum;
487 2642 595 2674 ἐλαιῶν,
611 2642 750 2675 olivetum;
764 2642 857 2674 ἐλεῶν,
869 2644 913 2674 qui
925 2645 998 2671 mise-

211 2685 292 2707 ratur.
319 2678 395 2705 Licet
410 2681 499 2704 autem
520 2677 717 2713 paronomasia;
740 2685 806 2705 usus
828 2679 998 2713 frequentior

209 2716 246 2743 sit
263 2715 290 2742 in
307 2712 476 2749 argumentis
491 2715 517 2739 et
535 2712 649 2749 leribus,
668 2712 853 2749 etubrevibus,
864 2712 956 2748 qualia
970 2714 999 2741 in

184 2771 190 2781 ,
208 2747 459 2786 epigrammatibus,
469 2748 578 2786 satyris,
586 2747 738 2786 comoediis,
747 2747 1000 2786 epistolistractan-

209 2783 267 2818 tur:
291 2789 382 2813 tamen
406 2783 599 2811 eneomiastica
618 2783 719 2819 (qualis
742 2787 784 2809 est
803 2783 859 2810 inec
876 2785 998 2819 homilia)

210 2817 264 2850 non
279 2820 390 2850 omnino
405 2819 466 2846 illas
485 2817 626 2854 respuunt.
638 2817 676 2844 'ln
691 2818 889 2853 Chrysostomo
901 2824 928 2846 et
944 2817 998 2846 Na;-

1051 225 1089 252 ῐον
1098 225 1127 252 τὸ
1141 225 1225 258 ὅντως
1241 226 1355 262 ίώμενον
1370 228 1404 255 τὰ
1416 228 1489 264 πάθη
1501 228 1554 256 τῶν
1568 229 1732 260 νοσούντων·
1745 232 1776 258 ὲν
1829 235 1843 260 ὁ

1049 270 1190 305 ἀμπελὼν,
1206 271 1221 297 ὁ
1242 271 1328 306 λέγων
1341 281 1347 288 ι
1372 272 1445 308 Ἐγώ
1468 275 1527 309 εἰμι
1552 275 1572 308 ’ἡ
1585 276 1720 310 ἄμπελος
1736 278 1758 311 ἠ
1768 278 1843 310 ἀλη-

1050 314 1117 349 θινή
1130 323 1136 330 ·
1156 315 1185 342 ἐν
1201 313 1217 353 ᾖ
1231 317 1244 343 ό
1256 316 1364 350 ὲλαιὼν,
1379 319 1394 344 ὁ
1408 318 1492 351 ὅντως
1499 319 1581 347 ἐλεῶν
1596 322 1660 353 τοὺς
1680 321 1842 354 ἐλπίζοντας

1049 361 1093 387 ἐπ’
1107 361 1188 389 αὐτόν
1201 372 1208 378 ·
1226 363 1255 389 ὲν
1305 365 1319 390 ὁ
1331 364 1380 399 τῆς
1395 364 1474 400 ῥίζης
1496 366 1595 394 Ἰεσσαὶ
1612 367 1762 404 ὲόλάστησε
1775 369 1842 396 κλά-

1049 407 1094 440 δος
1111 409 1126 435 ὁ
1140 409 1314 444 προαιώνιος,
1342 411 1527 447 ἁγεωργήτως
1552 414 1598 440 καὶ
1614 415 1774 449 ἀνορύκτως
1792 415 1843 450 τῆς

1050 452 1224 489 ἀνθρωπίνης
1254 456 1374 490 σπορᾶς’
1390 456 1419 482 ὲν
1464 458 1480 492 ἡ
1498 458 1572 494 πηγὴ
1590 459 1605 494 ἡ
1628 459 1741 492 ἀένναος
1753 469 1760 474 -
1782 461 1811 486 ἐν

1049 497 1080 523 οὺ
1091 497 1195 530 Φυσὼν,
1209 498 1291 531 Γεὼν,
1307 500 1413 536 Τίγρις,
1436 501 1590 537 Εὐφράτης,
1608 503 1675 530 ἀλλὰ
1690 505 1842 538 Ματθαῖος,

1051 543 1174 579 Μάρκος,
1190 545 1307 577 Λουκᾶς,
1324 547 1370 573 καὶ
1390 547 1525 584 Ἰωάννης,
1541 550 1566 576 οί
1584 549 1631 577 τοῦ
1653 550 1774 586 Χριστοῦ
1792 552 1843 586 τῆς

1057 586 1221 622 Ἐκκλησίας
1256 590 1413 623 ποτίζοντες
1441 593 1615 628 παράδεισον.
1646 595 1731 623 Ἔνθα
1767 597 1844 624 πᾶσα

1051 633 1171 668 σήμερον
1186 633 1304 667 νεολαία,
1332 635 1370 667 ὡς
1391 636 1469 663 ἐλαία
1494 638 1670 674 κατάκαρπος
1683 639 1734 671 τὰς
1750 640 1843 672 ἐλαίας

1051 677 1220 713 κατέχοντες,
1240 680 1285 706 τὸν
1302 681 1435 717 ἐλεήμονα
1452 683 1583 719 αἰτοῦμεν
1606 685 1739 721 Χριστόνι
1758 695 1845 722 πεφυ-

1050 725 1175 760 τευμέναι
1187 726 1215 752 ὲν
1232 726 1299 762 οἴκῳ
1318 728 1433 764 Κυρίου,
1446 730 1476 755 ἐν
1485 730 1545 762 ταῖς
1561 730 1656 763 αὐλαῖς
1669 731 1752 758 αὑτοῦ
1767 733 1843 768 ἐαρι-

1050 770 1103 803 νῶς
1120 771 1304 806 ὲξανθοῦντες,
1328 774 1494 810 ἑορτάζομεν
1520 776 1626 812 ἑορτὴν,
1648 777 1694 804 τὸν
1721 778 1845 814 χειμῶνα

1050 816 1096 844 τὺν
1123 818 1234 853 νομικὸν
1248 819 1304 854 (70)
1318 820 1535 856 ὑποχωρήσαντα
1560 822 1714 857 βλέποντες.

1092 893 1231 930 Ἐόρταζε,
1243 895 1362 931 Χριστοῦ
1382 896 1540 933 Ἐκκλησία,
1554 899 1584 926 οὺ
1600 901 1734 934 τυπικῶς,
1747 902 1778 928 οὐ
1793 910 1846 929 σω-

1052 941 1184 976 ματικῶς,
1200 942 1268 969 ἀλλὰ
1291 944 1485 979 πνευματικῶς
1505 946 1697 983 ἐγχορεύουσα.
1714 948 1845 985 Ἑόρταζε

1052 987 1158 1022 ἑορτὰς,
1168 987 1216 1023 τὴν
1233 988 1287 1015 τῶν
1306 989 1423 1017 εἰδώλων
1440 991 1615 1019 κατάπτωσιν
1631 993 1779 1028 βλέπουσα,
1798 996 1845 1022 καὶ

1051 1030 1105 1057 τῶν
1121 1031 1274 1067 ἐκκλησιῶν
1285 1034 1335 1069 τὴν
1344 1034 1491 1062 ἀνάστασιν
1505 1035 1613 1071 ἔχουσα.
1621 1037 1695 1065 Μετὰ
1703 1039 1758 1075 γὰρ
1773 1040 1846 1067 Παύ-

1052 1075 1097 1103 λου
1107 1077 1167 1112 -βοῶ
1179 1087 1219 1105 σοι
1230 1079 1277 1115 τῆς
1294 1080 1369 1116 ἱερᾶς
1381 1081 1428 1107 καὶ¹
1437 1082 1557 1118 μεγάλης
1565 1083 1657 1119 φωνῆς
1665 1093 1672 1100 ⁸
1687 1086 1724 1112 Τὰ
1735 1085 1845 1121 ἀρχαῖα

1053 1131 1112 1159 :mp
1117 1123 1287 1158 imor-1602')
1297 1126 1399 1162 γέγονε
1405 1127 1440 1155 τὰ
1449 1128 1546 1156 πάντα
1555 1130 1652 1157 καινά·
1660 1131 1728 1158 ἀλλὰ
1736 1133 1791 1167 μὴν
1798 1134 1846 1160 καὶ

1053 1171 1202 1206 παράδοξα.
1221 1172 1267 1199 Διὸ
1292 1173 1402 1210 χαίρετε
1418 1176 1446 1202 ὲν
1468 1176 1572 1212 Κυρίῳ,
1588 1177 1705 1212 Χριστοῦ
1726 1179 1845 1213 νεολαία,

1053 1217 1179 1253 χαίρετε·
1207 1218 1312 1254 χαίροις
1338 1219 1458 1255 Χριστοῦ
1493 1221 1650 1258 Ἐκκλησία,
1676 1224 1780 1260 τέρπου
1800 1226 1847 1252 καὶ

1053 1263 1210 1299 εὐφραίνου,
1226 1264 1346 1301 θύγατερ
1371 1265 1449 1293 Θεοῦ.
1465 1266 1516 1293 Σοῦ
1530 1267 1584 1303 γὰρ
1600 1269 1674 1295 πᾶσα
1688 1271 1705 1305 ἠ
1721 1270 1795 1303 δόξα,
1808 1271 1848 1303 ὡς

1054 1309 1188 1345 θυγατρὸς
1206 1311 1253 1337 τοῦ
1270 1312 1404 1347 βασιλέως
1417 1314 1537 1349 Χριστοῦ
1552 1314 1653 1342 ἔσωθεν
1667 1315 1735 1351 ὁμοῦ
1753 1325 1783 1343 τε
1799 1318 1848 1344 καὶ

1055 1352 1162 1385 ἔξωθεν·
1177 1355 1268 1381 οὐκέτι
1283 1356 1443 1393 χήρανδρος,
1457 1358 1525 1386 ἀλλὰ
1540 1359 1667 1395 θέανδρος
1679 1360 1845 1394 ὲξανθοῦσα·

1054 1400 1145 1426 οὐκέτι
1174 1400 1203 1434 ἐξ
1230 1401 1378 1438 εὐωνύμων
1396 1403 1463 1431 Θεοῦ
1479 1404 1522 1432 διὰ
1545 1406 1595 1441 τὴν
1612 1406 1847 1443 είδωλολατρείαν,

1054 1445 1112 1473 ἀλλ’
1131 1447 1163 1474 ἐκ
1183 1447 1278 1481 δεξιῶν
1295 1450 1497 1487 παρισταμένη,
1523 1451 1570 1479 καὶ
1595 1454 1790 1490 κεκοσμημένη
1803 1455 1848 1482 διὰ

1054 1493 1103 1529 τὴν
1131 1493 1311 1528 θεογνωσίαν·
1329 1497 1421 1523 οὐκέτι
1442 1497 1537 1533 αἵματι
1555 1498 1670 1535 δουλικῷ
1683 1501 1846 1536 φυρωμένη.

1016 1525 1037 1554 c
1054 1525 1122 1566 ἀλλὰ
1149 1525 1245 1576 αἵματι
1282 1541 1365 1578 οεῖκῷ
1406 1525 1628 1581 σφραγιζομένη·

1060 1585 1141 1621 Ὠὁὴλ
1161 1585 1227 1620 (7i).
1254 1587 1322 1614 ἀλλὰ
1337 1588 1383 1615 τὸν
1408 1589 1584 1626 Ἐμμανουήλ
1609 1592 1740 1619 σέϐουσα·
1754 1593 1848 1621 οὐκέτι

1054 1631 1103 1666 τὴν
1122 1631 1249 1667 Τρωάδα,
1268 1633 1336 1661 ἀλλὰ
1362 1634 1410 1670 τὴν
1435 1636 1539 1671 Τριάδα
1561 1637 1730 1671 δοξάζουσαδ
1753 1640 1847 1667 οὐκέτι

1053 1676 1161 1712 τιμῶσα
1176 1678 1221 1704 τὸν
1243 1679 1387 1713 Πλάτωνα,
1410 1681 1477 1708 ἀλλὰ
1493 1683 1539 1710 τὸν
1556 1685 1764 1721 παντοκράτορα
1781 1686 1847 1712 Θεὸν

1054 1725 1149 1760 ἡμῶν
1170 1725 1261 1753 οὐκέτι
1293 1727 1413 1764 Ἠρακλῆ
1439 1728 1486 1756 τὸν
1510 1729 1682 1762 ἀλεξίκακον,
1703 1732 1774 1759 ἀλλὰ
1802 1732 1848 1759 τὸν

1054 1771 1234 1807 Παράκλητον
1261 1772 1309 1800 καὶ
1331 1774 1440 1801 πάντων
1468 1776 1591 1811 ποιητήν.
1608 1776 1706 1804 Οὐκέτι
1730 1786 1849 1813 προσκυ-

1054 1819 1110 1850 νεῖς
1130 1818 1319 1855 Ἀριστοτέλην
1334 1820 1493 1855 σοφίσαντα,
1505 1822 1573 1849 ἀλλὰ
1592 1822 1659 1850 Θεὸν
1672 1823 1718 1851 τδν
1732 1825 1772 1855 εἰς
1782 1824 1847 1860 τέλη

1054 1863 1108 1891 τῶν
1122 1864 1228 1892 αἰώνων
1244 1874 1273 1892 σε
1291 1866 1426 1894 σώσαντα.
1451 1867 1584 1895 Πέπτωκε
1608 1870 1724 1906 Κρόνος,
1741 1871 1783 1898 ὅτι
1803 1880 1849 1898 σε·

1055 1909 1194 1945 σάρκωται
1218 1911 1285 1944 Θεὸς
1311 1911 1412 1947 Λόγος·
1431 1914 1461 1940 οὺ
1479 1914 1532 1949 μὴν
1549 1914 1645 1950 ἀνδρὸς
1669 1917 1701 1942 ὲκ
1719 1916 1847 1950 παθεὶας,

1053 1955 1121 1982 ἀλλὰ
1135 1955 1300 1992 θεανδρικῶς
1315 1958 1346 1984 ἐκ
1363 1958 1471 1994 Μαρίας
1495 1960 1648 1994 ἐπιφανείς.
1680 1962 1779 1997 Ὁρᾶτε
1798 1963 1848 1998 τῆς

1053 2001 1160 2035 ἡμέρας
1186 2001 1235 2037 τὴν
1259 2002 1339 2038 χάριν
1353 2012 1359 2018 ·
1380 2005 1461 2039 ὁρᾶτε
1475 2005 1524 2040 τῆς
1548 2006 1644 2041 ἑορτῆς
1657 2006 1706 2041 τὴν
1723 2007 1849 2043 λαμπρό-

1053 2055 1132 2081 τητα.
1148 2048 1251 2084 Χαίρου
1265 2049 1354 2077 τοίνυν
1378 2051 1425 2077 καὶ
1449 2052 1607 2087 εὐφραίνου,
1625 2051 1744 2088 θύγατερ
1765 2053 1846 2086 Σιὼν,

1053 2093 1156 2129 τέρπου
1178 2095 1225 2121 καὶ
1242 2095 1371 2130 ἀγάλλου,
1388 2097 1462 2123 πᾶσα
1488 2098 1504 2132 ὴ
1528 2098 1676 2134 Ἐκκλησία
1689 2098 1736 2125 τοῦ
1761 2099 1845 2126 Θεοῦ-

1056 2140 1147 2174 Ἀρον
1157 2141 1260 2174 κύκλῳ
1285 2142 1355 2176 τοὺς
1374 2143 1547 2178 ὀφθαλμούς
1573 2152 1641 2176 σου,
1657 2146 1706 2172 καὶ
1721 2145 1768 2172 Ζδε
1782 2155 1847 2173 συν-

1018 2203 1040 2230 D
1054 2187 1163 2222 ηγμένα
1185 2188 1219 2215 τά
1244 2197 1308 2215 ποτε
1327 2189 1558 2225 διεσκορπισμένα
1584 2191 1638 2217 τῶν
1654 2191 1739 2218 ἐθνῶν
1763 2192 1849 2219 τέχνα

1056 2241 1113 2259 σου.
1129 2232 1180 2259 Ἴδε
1195 2233 1244 2268 τῆς
1257 2233 1354 2269 ἑορτῆς
1364 2234 1413 2269 τὴν
1430 2235 1584 2269 εὐφημίαν·
1600 2236 1639 2262 ἴδε
1652 2235 1699 2262 τοῦ
1714 2235 1781 2263 λαοῦ
1799 2237 1849 2273 τὴν

1056 2278 1229 2312 συμφωνίαν,
1257 2277 1294 2305 ἴδε
1310 2280 1400 2306 πᾶσαν
1414 2279 1539 2314 γλῶσσαν
1556 2281 1595 2312 είς
1615 2281 1678 2316 μίαν
1701 2280 1793 2313 δόξαν,
1810 2282 1848 2308 ῑόε

1054 2323 1127 2350 ἅπαν
1144 2325 1230 2360 στόμα
1248 2325 1285 2357 ὼς
1295 2325 1325 2352 ἓν
1341 2326 1439 2361 στόμα,
1455 2325 1492 2352 ῐδε
1507 2326 1541 2353 τὰ
1556 2326 1619 2362 πρὶν
1632 2326 1749 2362 θήρεθνα
1766 2328 1795 2354 ὲν
1807 2329 1849 2355 σοὶ

1053 2371 1222 2406 τυγχάνοντα
1239 2371 1375 2407 πρόϐατα,
1398 2371 1436 2398 ἴδε
1452 2372 1537 2399 ἐθνῶν
1552 2372 1736 2409 ἑορταζόντων
1747 2374 1848 2409 ἐπαρή-

1055 2423 1155 2450 μισμα,
1181 2416 1335 2450 ὰγγελικῶν
1360 2417 1513 2453 ἀσωμάτων
1536 2419 1657 2454 ὑπάρχον
1672 2418 1704 2445 τὺ
1721 2419 1847 2455 μίμημα.

1051 2574 1183 2602 zianzeno
1207 2582 1240 2602 ex
1262 2575 1365 2603 Graecis
1390 2582 1445 2602 non
1468 2583 1532 2603 raro
1553 2576 1742 2603 inveniuntur.
1773 2574 1848 2603 Inter

1051 2615 1159 2646 nostros
1176 2611 1332 2643 Ambrosio,
1346 2610 1477 2645 Gregorio
1492 2611 1598 2646 Magno,
1612 2617 1639 2639 et
1652 2611 1776 2638 omnium
1789 2619 1848 2639 ma-

1051 2645 1123 2672 xime
1136 2645 1275 2674 Bernardo
1290 2646 1439 2674 familiares
1454 2651 1530 2674 sunt.

1088 2679 1143 2717 ('10)
1162 2681 1224 2717 rex
1233 2681 1363 2717 χειμῶνα
1379 2680 1434 2717 τρίν
1448 2680 1653 2717 νομικόν.γὸἱο
1670 2685 1773 2708 vocant
1789 2682 1847 2709 Au-

1054 2716 1194 2751 gustinus,
1211 2715 1386 2749 Ambrosius,
1403 2715 1522 2752 Cyrillus
1536 2721 1563 2745 et
1576 2716 1622 2743 alii
1639 2720 1748 2750 tempus
1762 2724 1848 2752 syna-

1054 2759 1130 2787 εοεαε
1145 2755 1208 2778 ante
1219 2752 1319 2780 Christi
1336 2752 1496 2783 adventum.
1510 2756 1538 2780 et
1551 2752 1637 2787 legem
1651 2752 1757 2787 gratiae.

1089 2787 1145 2823 (Ἠ)
1155 2796 1200 2822 γρ.
1214 2787 1259 2815 τὸν
1273 2788 1346 2824 Ὀήλ.
1359 2787 1423 2816 For.
1440 2788 1505 2823 Βήλ.
