  <div class='ocr_page' id='page_1' title='image "/cluster/home/n/w/nwhite01/storage/ocr_20150623/43/njp.32101007506163/250.png"; bbox 0 0 1929 3038; ppageno 0'>
   <div class='ocr_carea' id='block_1_1' title="bbox 45 157 104 186">
    <p class='ocr_par' dir='ltr' id='par_1_1' title="bbox 45 157 104 186">
     <span class='ocr_line' id='line_1_1' title="bbox 45 157 104 186; baseline 0.034 -2"><span class='ocrx_word' id='word_1_1' title='bbox 45 157 104 186; x_wconf 76' lang='grc'><strong>655</strong></span> 
     </span>
    </p>
   </div>
   <div class='ocr_carea' id='block_1_2' title="bbox 569 159 1149 193">
    <p class='ocr_par' dir='ltr' id='par_1_2' title="bbox 569 159 1149 193">
     <span class='ocr_line' id='line_1_2' title="bbox 569 159 1149 193; baseline 0.009 -6"><span class='ocrx_word' id='word_1_2' title='bbox 569 159 712 189; x_wconf 75' lang='grc' dir='ltr'><strong>ΙΙΟΜΙΗΑ</strong></span> <span class='ocrx_word' id='word_1_3' title='bbox 728 161 794 191; x_wconf 79' lang='lat' dir='ltr'><strong>LIN</strong></span> <span class='ocrx_word' id='word_1_4' title='bbox 813 163 924 193; x_wconf 83' lang='lat' dir='ltr'><strong>FESTO</strong></span> <span class='ocrx_word' id='word_1_5' title='bbox 943 164 1149 193; x_wconf 79' lang='lat' dir='ltr'><strong>PALMARUM.</strong></span> 
     </span>
    </p>
   </div>
   <div class='ocr_carea' id='block_1_3' title="bbox 1639 167 1692 195">
    <p class='ocr_par' dir='ltr' id='par_1_3' title="bbox 1639 167 1692 195">
     <span class='ocr_line' id='line_1_3' title="bbox 1639 167 1692 195; baseline 0 -1"><span class='ocrx_word' id='word_1_6' title='bbox 1639 167 1692 195; x_wconf 69' lang='grc'><strong>454</strong></span> 
     </span>
    </p>
   </div>
   <div class='ocr_carea' id='block_1_4' title="bbox 46 212 844 258">
    <p class='ocr_par' dir='ltr' id='par_1_4' title="bbox 46 212 844 253">
     <span class='ocr_line' id='line_1_4' title="bbox 46 212 844 253; baseline 0.01 -14"><span class='ocrx_word' id='word_1_7' title='bbox 46 212 87 239; x_wconf 78' lang='grc' dir='ltr'>[δε</span> <span class='ocrx_word' id='word_1_8' title='bbox 107 214 282 250; x_wconf 79' lang='grc' dir='ltr'>συμφωνίαν,</span> <span class='ocrx_word' id='word_1_9' title='bbox 302 215 456 251; x_wconf 80' lang='grc' dir='ltr'><strong>ἀσωμάτων</strong></span> <span class='ocrx_word' id='word_1_10' title='bbox 475 218 666 253; x_wconf 81' lang='grc' dir='ltr'>χοροστασίαν,</span> <span class='ocrx_word' id='word_1_11' title='bbox 683 219 722 246; x_wconf 84' lang='grc' dir='ltr'><strong>ῐδε</strong></span> <span class='ocrx_word' id='word_1_12' title='bbox 740 220 844 252; x_wconf 80' lang='grc' dir='ltr'><strong>στάσεις</strong></span> 
     </span>
    </p>
   </div>
   <div class='ocr_carea' id='block_1_5' title="bbox 905 212 1690 258">
    <p class='ocr_par' dir='ltr' id='par_1_5' title="bbox 905 221 1690 258">
     <span class='ocr_line' id='line_1_5' title="bbox 905 221 1690 258; baseline 0.001 -9"><span class='ocrx_word' id='word_1_13' title='bbox 905 229 975 249; x_wconf 90' lang='lat' dir='ltr'><strong>nunc</strong></span> <span class='ocrx_word' id='word_1_14' title='bbox 998 225 1045 249; x_wconf 89' lang='lat' dir='ltr'><strong>tuo</strong></span> <span class='ocrx_word' id='word_1_15' title='bbox 1061 221 1144 249; x_wconf 88' lang='lat' dir='ltr'><strong>ductu</strong></span> <span class='ocrx_word' id='word_1_16' title='bbox 1163 228 1227 249; x_wconf 83' lang='lat' dir='ltr'><strong>oves</strong></span> <span class='ocrx_word' id='word_1_17' title='bbox 1251 221 1326 255; x_wconf 86' lang='lat' dir='ltr'><strong>ﬁeri;</strong></span> <span class='ocrx_word' id='word_1_18' title='bbox 1344 221 1404 250; x_wconf 84' lang='lat' dir='ltr'><strong>vide</strong></span> <span class='ocrx_word' id='word_1_19' title='bbox 1423 222 1542 258; x_wconf 82' lang='lat' dir='ltr'><strong>gentium</strong></span> <span class='ocrx_word' id='word_1_20' title='bbox 1558 222 1628 251; x_wconf 88' lang='lat' dir='ltr'><strong>diem</strong></span> <span class='ocrx_word' id='word_1_21' title='bbox 1650 222 1690 251; x_wconf 82' lang='lat' dir='ltr'><strong>fe-</strong></span> 
     </span>
    </p>
   </div>
   <div class='ocr_carea' id='block_1_6' title="bbox 45 259 846 300">
    <p class='ocr_par' dir='ltr' id='par_1_6' title="bbox 45 259 846 300">
     <span class='ocr_line' id='line_1_6' title="bbox 45 259 846 300; baseline 0.01 -15"><span class='ocrx_word' id='word_1_22' title='bbox 45 259 85 291; x_wconf 83' lang='grc' dir='ltr'>ὡς</span> <span class='ocrx_word' id='word_1_23' title='bbox 110 259 239 294; x_wconf 83' lang='grc' dir='ltr'>ἀγγέλων</span> <span class='ocrx_word' id='word_1_24' title='bbox 256 260 357 293; x_wconf 82' lang='grc' dir='ltr'>τάξεις.</span> <span class='ocrx_word' id='word_1_25' title='bbox 378 262 450 298; x_wconf 86' lang='grc' dir='ltr'>Ὀρῶ</span> <span class='ocrx_word' id='word_1_26' title='bbox 464 264 527 296; x_wconf 83' lang='grc' dir='ltr'>τοὺς</span> <span class='ocrx_word' id='word_1_27' title='bbox 551 264 653 299; x_wconf 78' lang='grc' dir='ltr'><strong>ὕμνους</strong></span> <span class='ocrx_word' id='word_1_28' title='bbox 669 264 706 297; x_wconf 85' lang='grc' dir='ltr'><strong>ὡς</strong></span> <span class='ocrx_word' id='word_1_29' title='bbox 722 265 846 300; x_wconf 80' lang='grc' dir='ltr'>ἀγγέλων</span> 
     </span>
    </p>
   </div>
   <div class='ocr_carea' id='block_1_7' title="bbox 46 305 842 347">
    <p class='ocr_par' dir='ltr' id='par_1_7' title="bbox 46 305 842 347">
     <span class='ocr_line' id='line_1_7' title="bbox 46 305 842 347; baseline 0.011 -17"><span class='ocrx_word' id='word_1_30' title='bbox 46 305 164 339; x_wconf 76' lang='grc' dir='ltr'>ῦμνους,</span> <span class='ocrx_word' id='word_1_31' title='bbox 192 306 248 341; x_wconf 86' lang='grc' dir='ltr'>ὁρῶ</span> <span class='ocrx_word' id='word_1_32' title='bbox 276 307 340 339; x_wconf 83' lang='grc' dir='ltr'>τοὺς</span> <span class='ocrx_word' id='word_1_33' title='bbox 373 309 471 340; x_wconf 84' lang='grc' dir='ltr'>παῖδας</span> <span class='ocrx_word' id='word_1_34' title='bbox 500 309 538 341; x_wconf 88' lang='grc' dir='ltr'>ὡς</span> <span class='ocrx_word' id='word_1_35' title='bbox 570 309 717 345; x_wconf 85' lang='grc' dir='ltr'>νεοφύτους</span> <span class='ocrx_word' id='word_1_36' title='bbox 749 311 842 347; x_wconf 76' lang='grc' dir='ltr'>ἄρνας,</span> 
     </span>
    </p>
   </div>
   <div class='ocr_carea' id='block_1_8' title="bbox 50 350 846 391">
    <p class='ocr_par' dir='ltr' id='par_1_8' title="bbox 50 350 846 391">
     <span class='ocr_line' id='line_1_8' title="bbox 50 350 846 391; baseline 0.009 -15"><span class='ocrx_word' id='word_1_37' title='bbox 50 350 238 378; x_wconf 73' lang='grc' dir='ltr'>Ὠσαννὰέν</span> <span class='ocrx_word' id='word_1_38' title='bbox 252 352 316 385; x_wconf 81' lang='grc' dir='ltr'>τοῖς</span> <span class='ocrx_word' id='word_1_39' title='bbox 334 353 486 387; x_wconf 72' lang='grc' dir='ltr'>ὑψίστοις,</span> <span class='ocrx_word' id='word_1_40' title='bbox 508 355 712 390; x_wconf 72' lang='grc' dir='ltr'><strong>εὐλογημένος</strong></span> <span class='ocrx_word' id='word_1_41' title='bbox 729 357 746 383; x_wconf 87' lang='grc' dir='ltr'><em>ὁ</em></span> <span class='ocrx_word' id='word_1_42' title='bbox 762 356 846 391; x_wconf 84' lang='grc' dir='ltr'>ἐρχό-</span> 
     </span>
    </p>
   </div>
   <div class='ocr_carea' id='block_1_9' title="bbox 45 396 846 436">
    <p class='ocr_par' dir='ltr' id='par_1_9' title="bbox 45 396 846 436">
     <span class='ocr_line' id='line_1_9' title="bbox 45 396 846 436; baseline 0.007 -13"><span class='ocrx_word' id='word_1_43' title='bbox 45 405 152 431; x_wconf 79' lang='grc' dir='ltr'>μενος,</span> <span class='ocrx_word' id='word_1_44' title='bbox 174 397 288 433; x_wconf 79' lang='grc' dir='ltr'>Χριστῷ</span> <span class='ocrx_word' id='word_1_45' title='bbox 316 398 454 432; x_wconf 86' lang='grc' dir='ltr'>λέγοντας,</span> <span class='ocrx_word' id='word_1_46' title='bbox 473 399 533 434; x_wconf 83' lang='grc' dir='ltr'>μεθ’</span> <span class='ocrx_word' id='word_1_47' title='bbox 547 396 585 427; x_wconf 85' lang='grc' dir='ltr'>ὧν</span> <span class='ocrx_word' id='word_1_48' title='bbox 605 401 762 436; x_wconf 78' lang='grc' dir='ltr'>κρατήσασα</span> <span class='ocrx_word' id='word_1_49' title='bbox 774 402 846 436; x_wconf 83' lang='grc' dir='ltr'>μέγα</span> 
     </span>
    </p>
   </div>
   <div class='ocr_carea' id='block_1_10' title="bbox 46 443 845 484">
    <p class='ocr_par' dir='ltr' id='par_1_10' title="bbox 46 443 845 484">
     <span class='ocr_line' id='line_1_10' title="bbox 46 443 845 484; baseline 0.009 -16"><span class='ocrx_word' id='word_1_50' title='bbox 46 444 79 478; x_wconf 74' lang='grc' dir='ltr'>τῇ</span> <span class='ocrx_word' id='word_1_51' title='bbox 107 443 183 479; x_wconf 78' lang='grc' dir='ltr'>χειρὶ</span> <span class='ocrx_word' id='word_1_52' title='bbox 208 443 304 479; x_wconf 82' lang='grc' dir='ltr'><strong>βόησον</strong></span> <span class='ocrx_word' id='word_1_53' title='bbox 330 445 445 480; x_wconf 83' lang='grc' dir='ltr'><strong>λαμπρᾷ</strong></span> <span class='ocrx_word' id='word_1_54' title='bbox 472 446 520 472; x_wconf 77' lang='grc' dir='ltr'><strong>καὶ</strong></span> <span class='ocrx_word' id='word_1_55' title='bbox 548 446 683 482; x_wconf 84' lang='grc' dir='ltr'>λεοντιαίᾳ</span> <span class='ocrx_word' id='word_1_56' title='bbox 710 448 743 483; x_wconf 83' lang='grc' dir='ltr'>τῇ</span> <span class='ocrx_word' id='word_1_57' title='bbox 757 449 845 484; x_wconf 82' lang='grc' dir='ltr'>φωνῇ,</span> 
     </span>
    </p>
   </div>
   <div class='ocr_carea' id='block_1_11' title="bbox 47 489 846 527">
    <p class='ocr_par' dir='ltr' id='par_1_11' title="bbox 47 489 846 527">
     <span class='ocr_line' id='line_1_11' title="bbox 47 489 846 527; baseline 0.008 -12"><span class='ocrx_word' id='word_1_58' title='bbox 47 489 182 526; x_wconf 61' lang='grc' dir='ltr'>ἑξεόρτιᾶ</span> <span class='ocrx_word' id='word_1_59' title='bbox 208 498 238 516; x_wconf 85' lang='grc' dir='ltr'><strong>τε</strong></span> <span class='ocrx_word' id='word_1_60' title='bbox 251 490 319 526; x_wconf 78' lang='grc' dir='ltr'>ὁμοῦ</span> <span class='ocrx_word' id='word_1_61' title='bbox 334 492 383 518; x_wconf 74' lang='grc' dir='ltr'><strong>καὶ</strong></span> <span class='ocrx_word' id='word_1_62' title='bbox 394 491 591 527; x_wconf 79' lang='grc' dir='ltr'>εὐχαριστήρια</span> <span class='ocrx_word' id='word_1_63' title='bbox 607 492 724 527; x_wconf 83' lang='grc' dir='ltr'><strong>λέγουσα</strong></span> <span class='ocrx_word' id='word_1_64' title='bbox 740 502 747 510; x_wconf 88' lang='grc'>·</span> <span class='ocrx_word' id='word_1_65' title='bbox 771 493 846 521; x_wconf 85' lang='grc' dir='ltr'><strong>Ἰδοὺ</strong></span> 
     </span>
    </p>
   </div>
   <div class='ocr_carea' id='block_1_12' title="bbox 46 535 845 574">
    <p class='ocr_par' dir='ltr' id='par_1_12' title="bbox 46 535 845 574">
     <span class='ocr_line' id='line_1_12' title="bbox 46 535 845 574; baseline 0.005 -13"><span class='ocrx_word' id='word_1_66' title='bbox 46 535 107 569; x_wconf 80' lang='grc' dir='ltr'>ἐγὼ</span> <span class='ocrx_word' id='word_1_67' title='bbox 132 535 230 563; x_wconf 79' lang='grc' dir='ltr'>καὶτὰ</span> <span class='ocrx_word' id='word_1_68' title='bbox 246 536 360 568; x_wconf 79' lang='grc' dir='ltr'>παιδία,</span> <span class='ocrx_word' id='word_1_69' title='bbox 378 537 397 564; x_wconf 82' lang='grc' dir='ltr'><em>ἆ</em></span> <span class='ocrx_word' id='word_1_70' title='bbox 412 545 464 572; x_wconf 83' lang='grc' dir='ltr'><strong>μοι</strong></span> <span class='ocrx_word' id='word_1_71' title='bbox 474 537 587 564; x_wconf 75' lang='grc' dir='ltr'>ἔδωκεν</span> <span class='ocrx_word' id='word_1_72' title='bbox 599 539 616 564; x_wconf 79' lang='grc' dir='ltr'><strong>ό</strong></span> <span class='ocrx_word' id='word_1_73' title='bbox 631 537 714 571; x_wconf 83' lang='grc' dir='ltr'><strong>Θεὸς,</strong></span> <span class='ocrx_word' id='word_1_74' title='bbox 729 539 761 574; x_wconf 85' lang='grc' dir='ltr'><strong>τῇ</strong></span> <span class='ocrx_word' id='word_1_75' title='bbox 780 547 845 565; x_wconf 84' lang='grc' dir='ltr'>ποτε</span> 
     </span>
    </p>
   </div>
   <div class='ocr_carea' id='block_1_13' title="bbox 46 581 844 618">
    <p class='ocr_par' dir='ltr' id='par_1_13' title="bbox 46 581 844 618">
     <span class='ocr_line' id='line_1_13' title="bbox 46 581 844 618; baseline 0.004 -11"><span class='ocrx_word' id='word_1_76' title='bbox 46 581 159 616; x_wconf 69' lang='grc' dir='ltr'>ἀτέχνῳ</span> <span class='ocrx_word' id='word_1_77' title='bbox 171 581 220 608; x_wconf 74' lang='grc' dir='ltr'><strong>καὶ</strong></span> <span class='ocrx_word' id='word_1_78' title='bbox 235 581 369 617; x_wconf 79' lang='grc' dir='ltr'><strong>ἀγνώστῳ</strong></span> <span class='ocrx_word' id='word_1_79' title='bbox 387 582 482 618; x_wconf 83' lang='grc' dir='ltr'><strong>στείρᾳ</strong></span> <span class='ocrx_word' id='word_1_80' title='bbox 494 589 501 597; x_wconf 92' lang='grc'><strong>·</strong></span> <span class='ocrx_word' id='word_1_81' title='bbox 523 582 705 618; x_wconf 84' lang='grc' dir='ltr'><strong>εὐλογημένος</strong></span> <span class='ocrx_word' id='word_1_82' title='bbox 721 585 735 610; x_wconf 98' lang='lat'><strong>6</strong></span> <span class='ocrx_word' id='word_1_83' title='bbox 749 583 844 618; x_wconf 85' lang='grc' dir='ltr'>ἐλθὼν,</span> 
     </span>
    </p>
   </div>
   <div class='ocr_carea' id='block_1_14' title="bbox 46 627 846 664">
    <p class='ocr_par' dir='ltr' id='par_1_14' title="bbox 46 627 846 664">
     <span class='ocr_line' id='line_1_14' title="bbox 46 627 846 664; baseline 0.004 -11"><span class='ocrx_word' id='word_1_84' title='bbox 46 627 118 653; x_wconf 78' lang='grc' dir='ltr'><strong>ἀλλὰ</strong></span> <span class='ocrx_word' id='word_1_85' title='bbox 135 627 191 663; x_wconf 81' lang='grc' dir='ltr'>μὴν</span> <span class='ocrx_word' id='word_1_86' title='bbox 202 628 349 663; x_wconf 72' lang='grc' dir='ltr'><strong>ἐρχόμενος</strong></span> <span class='ocrx_word' id='word_1_87' title='bbox 362 628 390 654; x_wconf 86' lang='grc' dir='ltr'>ὲν</span> <span class='ocrx_word' id='word_1_88' title='bbox 407 628 518 664; x_wconf 81' lang='grc' dir='ltr'>ὀνόματι</span> <span class='ocrx_word' id='word_1_89' title='bbox 536 629 638 664; x_wconf 79' lang='grc' dir='ltr'><strong>Κυρίου</strong></span> <span class='ocrx_word' id='word_1_90' title='bbox 655 629 721 661; x_wconf 81' lang='grc' dir='ltr'>Θεὸς</span> <span class='ocrx_word' id='word_1_91' title='bbox 744 629 846 664; x_wconf 85' lang='grc' dir='ltr'>Κύριος</span> 
     </span>
    </p>
   </div>
   <div class='ocr_carea' id='block_1_15' title="bbox 47 674 845 712">
    <p class='ocr_par' dir='ltr' id='par_1_15' title="bbox 47 674 845 712">
     <span class='ocr_line' id='line_1_15' title="bbox 47 674 845 712; baseline 0.003 -12"><span class='ocrx_word' id='word_1_92' title='bbox 47 674 95 701; x_wconf 79' lang='grc' dir='ltr'><strong>καὶ</strong></span> <span class='ocrx_word' id='word_1_93' title='bbox 109 674 248 708; x_wconf 80' lang='grc' dir='ltr'>ἐπέφανεν</span> <span class='ocrx_word' id='word_1_94' title='bbox 273 675 350 710; x_wconf 78' lang='grc' dir='ltr'>ἡμῖν.</span> <span class='ocrx_word' id='word_1_95' title='bbox 372 675 401 702; x_wconf 93' lang='lat' dir='ltr'><strong>&#39;O</strong></span> <span class='ocrx_word' id='word_1_96' title='bbox 425 676 582 711; x_wconf 83' lang='grc' dir='ltr'>ἐρχόμενος,</span> <span class='ocrx_word' id='word_1_97' title='bbox 608 677 622 702; x_wconf 98' lang='lat'><strong>6</strong></span> <span class='ocrx_word' id='word_1_98' title='bbox 653 676 778 712; x_wconf 80' lang='grc' dir='ltr'>μηδαμοῦ</span> <span class='ocrx_word' id='word_1_99' title='bbox 790 685 845 711; x_wconf 89' lang='grc' dir='ltr'>χω-</span> 
     </span>
    </p>
   </div>
   <div class='ocr_carea' id='block_1_16' title="bbox 47 720 845 757">
    <p class='ocr_par' dir='ltr' id='par_1_16' title="bbox 47 720 845 757">
     <span class='ocr_line' id='line_1_16' title="bbox 47 720 845 757; baseline 0.003 -11"><span class='ocrx_word' id='word_1_100' title='bbox 47 720 184 755; x_wconf 85' lang='grc' dir='ltr'>ρούμενος</span> <span class='ocrx_word' id='word_1_101' title='bbox 193 728 200 735; x_wconf 84' lang='lat'>&#39;</span> <span class='ocrx_word' id='word_1_102' title='bbox 212 721 369 756; x_wconf 88' lang='grc' dir='ltr'>ἐρχόμενος,</span> <span class='ocrx_word' id='word_1_103' title='bbox 385 722 400 748; x_wconf 91' lang='lat'><strong>6</strong></span> <span class='ocrx_word' id='word_1_104' title='bbox 411 721 536 757; x_wconf 82' lang='grc' dir='ltr'>μηδαμοῦ</span> <span class='ocrx_word' id='word_1_105' title='bbox 549 721 735 757; x_wconf 83' lang='grc' dir='ltr'>κρατούμενος</span> <span class='ocrx_word' id='word_1_106' title='bbox 746 729 753 735; x_wconf 89' lang='grc'><strong>·</strong></span> <span class='ocrx_word' id='word_1_107' title='bbox 768 721 845 748; x_wconf 85' lang='grc' dir='ltr'>εὐλο-</span> 
     </span>
    </p>
   </div>
   <div class='ocr_carea' id='block_1_17' title="bbox 46 766 846 804">
    <p class='ocr_par' dir='ltr' id='par_1_17' title="bbox 46 766 846 804">
     <span class='ocr_line' id='line_1_17' title="bbox 46 766 846 804; baseline 0.001 -11"><span class='ocrx_word' id='word_1_108' title='bbox 46 766 169 801; x_wconf 83' lang='grc' dir='ltr'>γημένος</span> <span class='ocrx_word' id='word_1_109' title='bbox 178 767 194 793; x_wconf 88' lang='lat'><strong>6</strong></span> <span class='ocrx_word' id='word_1_110' title='bbox 203 767 361 802; x_wconf 79' lang='grc' dir='ltr'>ἐρχόμενος,</span> <span class='ocrx_word' id='word_1_111' title='bbox 378 768 426 794; x_wconf 72' lang='grc' dir='ltr'><strong>καὶ</strong></span> <span class='ocrx_word' id='word_1_112' title='bbox 439 767 493 794; x_wconf 84' lang='grc' dir='ltr'><strong>τῶν</strong></span> <span class='ocrx_word' id='word_1_113' title='bbox 508 768 630 803; x_wconf 77' lang='grc' dir='ltr'>οὐρανῶν</span> <span class='ocrx_word' id='word_1_114' title='bbox 647 769 684 804; x_wconf 80' lang='grc' dir='ltr'>μὴ</span> <span class='ocrx_word' id='word_1_115' title='bbox 692 767 846 803; x_wconf 82' lang='grc' dir='ltr'>χωριζόμε-</span> 
     </span>
    </p>
   </div>
   <div class='ocr_carea' id='block_1_18' title="bbox 45 812 848 850">
    <p class='ocr_par' dir='ltr' id='par_1_18' title="bbox 45 812 848 850">
     <span class='ocr_line' id='line_1_18' title="bbox 45 812 848 850; baseline 0.004 -12"><span class='ocrx_word' id='word_1_116' title='bbox 45 821 90 844; x_wconf 82' lang='grc' dir='ltr'><strong>νος</strong></span> <span class='ocrx_word' id='word_1_117' title='bbox 103 821 111 829; x_wconf 80' lang='grc' dir='ltr'><strong><em>ο</em></strong></span> <span class='ocrx_word' id='word_1_118' title='bbox 130 812 316 848; x_wconf 79' lang='grc' dir='ltr'>εὐλογημένος</span> <span class='ocrx_word' id='word_1_119' title='bbox 329 814 521 850; x_wconf 81' lang='grc' dir='ltr'>αὑτοπρεπῶς,</span> <span class='ocrx_word' id='word_1_120' title='bbox 539 814 587 841; x_wconf 78' lang='grc' dir='ltr'><strong>καὶ</strong></span> <span class='ocrx_word' id='word_1_121' title='bbox 604 814 686 842; x_wconf 81' lang='grc' dir='ltr'>πάλιν</span> <span class='ocrx_word' id='word_1_122' title='bbox 699 815 848 850; x_wconf 80' lang='grc' dir='ltr'>ἐρχόμενος</span> 
     </span>
    </p>
   </div>
   <div class='ocr_carea' id='block_1_19' title="bbox 46 858 847 895">
    <p class='ocr_par' dir='ltr' id='par_1_19' title="bbox 46 858 847 895">
     <span class='ocr_line' id='line_1_19' title="bbox 46 858 847 895; baseline 0.004 -11"><span class='ocrx_word' id='word_1_123' title='bbox 46 858 210 894; x_wconf 81' lang='grc' dir='ltr'>θεοπρεπῶς</span> <span class='ocrx_word' id='word_1_124' title='bbox 219 867 226 874; x_wconf 83' lang='grc'><strong>”</strong></span> <span class='ocrx_word' id='word_1_125' title='bbox 236 859 417 894; x_wconf 82' lang='grc' dir='ltr'>εὐλογημένος</span> <span class='ocrx_word' id='word_1_126' title='bbox 428 861 442 886; x_wconf 83' lang='grc' dir='ltr'><strong>ό</strong></span> <span class='ocrx_word' id='word_1_127' title='bbox 453 859 496 886; x_wconf 78' lang='grc' dir='ltr'><strong>ἐπ’</strong></span> <span class='ocrx_word' id='word_1_128' title='bbox 507 860 556 895; x_wconf 78' lang='grc' dir='ltr'>ἐμὲ</span> <span class='ocrx_word' id='word_1_129' title='bbox 564 860 611 887; x_wconf 80' lang='grc' dir='ltr'><strong>ἐπὶ</strong></span> <span class='ocrx_word' id='word_1_130' title='bbox 619 859 710 887; x_wconf 88' lang='grc' dir='ltr'>πώλου</span> <span class='ocrx_word' id='word_1_131' title='bbox 724 860 847 892; x_wconf 85' lang='grc' dir='ltr'>τυπικῶς</span> 
     </span>
    </p>
   </div>
   <div class='ocr_carea' id='block_1_20' title="bbox 901 266 1690 301">
    <p class='ocr_par' dir='ltr' id='par_1_20' title="bbox 901 266 1690 301">
     <span class='ocr_line' id='line_1_20' title="bbox 901 266 1690 301; baseline 0.001 -7"><span class='ocrx_word' id='word_1_132' title='bbox 901 271 972 294; x_wconf 87' lang='lat' dir='ltr'><strong>stum</strong></span> <span class='ocrx_word' id='word_1_133' title='bbox 995 266 1191 294; x_wconf 77' lang='lat' dir='ltr'><strong>celebrantium</strong></span> <span class='ocrx_word' id='word_1_134' title='bbox 1212 266 1367 301; x_wconf 89' lang='lat' dir='ltr'><strong>strepitum,</strong></span> <span class='ocrx_word' id='word_1_135' title='bbox 1385 267 1567 301; x_wconf 82' lang='lat' dir='ltr'><strong>angelicorum</strong></span> <span class='ocrx_word' id='word_1_136' title='bbox 1585 268 1690 296; x_wconf 85' lang='lat' dir='ltr'><strong>scilicet</strong></span> 
     </span>
    </p>
   </div>
   <div class='ocr_carea' id='block_1_21' title="bbox 900 311 1688 348">
    <p class='ocr_par' dir='ltr' id='par_1_21' title="bbox 900 311 1688 348">
     <span class='ocr_line' id='line_1_21' title="bbox 900 311 1688 348; baseline 0.004 -10"><span class='ocrx_word' id='word_1_137' title='bbox 900 312 1047 347; x_wconf 78' lang='lat' dir='ltr'><strong>spirituum</strong></span> <span class='ocrx_word' id='word_1_138' title='bbox 1061 312 1200 344; x_wconf 70' lang='lat' dir='ltr'><strong>amntium,</strong></span> <span class='ocrx_word' id='word_1_139' title='bbox 1215 312 1276 339; x_wconf 84' lang='lat' dir='ltr'><strong>vide</strong></span> <span class='ocrx_word' id='word_1_140' title='bbox 1287 311 1477 346; x_wconf 80' lang='lat' dir='ltr'><strong>symphoniam</strong></span> <span class='ocrx_word' id='word_1_141' title='bbox 1488 315 1514 339; x_wconf 87' lang='lat' dir='ltr'><strong>et</strong></span> <span class='ocrx_word' id='word_1_142' title='bbox 1525 313 1688 348; x_wconf 77' lang='lat' dir='ltr'><strong>Spiritalium</strong></span> 
     </span>
    </p>
   </div>
   <div class='ocr_carea' id='block_1_22' title="bbox 901 356 1690 391">
    <p class='ocr_par' dir='ltr' id='par_1_22' title="bbox 901 356 1690 391">
     <span class='ocr_line' id='line_1_22' title="bbox 901 356 1690 391; baseline 0.001 -8"><span class='ocrx_word' id='word_1_143' title='bbox 901 357 1054 384; x_wconf 89' lang='lat' dir='ltr'><strong>animorum</strong></span> <span class='ocrx_word' id='word_1_144' title='bbox 1079 356 1239 391; x_wconf 86' lang='lat' dir='ltr'><strong>tripudium,</strong></span> <span class='ocrx_word' id='word_1_145' title='bbox 1258 357 1319 384; x_wconf 84' lang='lat' dir='ltr'><strong>vide</strong></span> <span class='ocrx_word' id='word_1_146' title='bbox 1334 356 1468 384; x_wconf 79' lang='lat' dir='ltr'><strong>stationes</strong></span> <span class='ocrx_word' id='word_1_147' title='bbox 1486 357 1563 391; x_wconf 88' lang='lat' dir='ltr'><strong>quasi</strong></span> <span class='ocrx_word' id='word_1_148' title='bbox 1579 357 1690 384; x_wconf 90' lang='lat' dir='ltr'><strong>ordines</strong></span> 
     </span>
    </p>
   </div>
   <div class='ocr_carea' id='block_1_23' title="bbox 900 402 1690 438">
    <p class='ocr_par' dir='ltr' id='par_1_23' title="bbox 900 402 1690 438">
     <span class='ocr_line' id='line_1_23' title="bbox 900 402 1690 438; baseline -0.003 -8"><span class='ocrx_word' id='word_1_149' title='bbox 900 403 1048 438; x_wconf 80' lang='lat' dir='ltr'><strong>angelicos.</strong></span> <span class='ocrx_word' id='word_1_150' title='bbox 1065 402 1204 430; x_wconf 67' lang='lat' dir='ltr'><strong>Prmconia</strong></span> <span class='ocrx_word' id='word_1_151' title='bbox 1224 403 1303 430; x_wconf 88' lang='lat' dir='ltr'><strong>video</strong></span> <span class='ocrx_word' id='word_1_152' title='bbox 1327 403 1410 430; x_wconf 87' lang='lat' dir='ltr'><strong>veluti</strong></span> <span class='ocrx_word' id='word_1_153' title='bbox 1433 402 1591 438; x_wconf 81' lang='lat' dir='ltr'><strong>angelorum</strong></span> <span class='ocrx_word' id='word_1_154' title='bbox 1611 403 1690 438; x_wconf 84' lang='lat' dir='ltr'><strong>hym-</strong></span> 
     </span>
    </p>
   </div>
   <div class='ocr_carea' id='block_1_24' title="bbox 900 448 1691 484">
    <p class='ocr_par' dir='ltr' id='par_1_24' title="bbox 900 448 1691 484">
     <span class='ocr_line' id='line_1_24' title="bbox 900 448 1691 484; baseline -0.001 -8"><span class='ocrx_word' id='word_1_155' title='bbox 900 457 962 481; x_wconf 86' lang='lat' dir='ltr'><strong>nos,</strong></span> <span class='ocrx_word' id='word_1_156' title='bbox 979 457 1078 484; x_wconf 89' lang='lat' dir='ltr'><strong>pueros</strong></span> <span class='ocrx_word' id='word_1_157' title='bbox 1096 457 1178 477; x_wconf 85' lang='lat' dir='ltr'><strong>cerno</strong></span> <span class='ocrx_word' id='word_1_158' title='bbox 1193 449 1270 484; x_wconf 79' lang='lat' dir='ltr'><strong>agnis</strong></span> <span class='ocrx_word' id='word_1_159' title='bbox 1291 457 1387 476; x_wconf 83' lang='lat' dir='ltr'><strong>recens</strong></span> <span class='ocrx_word' id='word_1_160' title='bbox 1406 448 1488 477; x_wconf 82' lang='lat' dir='ltr'><strong>editis</strong></span> <span class='ocrx_word' id='word_1_161' title='bbox 1511 448 1625 479; x_wconf 86' lang='lat' dir='ltr'><strong>similes.</strong></span> <span class='ocrx_word' id='word_1_162' title='bbox 1648 448 1691 475; x_wconf 59' lang='lat' dir='ltr'><strong>div</strong></span> 
     </span>
    </p>
   </div>
   <div class='ocr_carea' id='block_1_25' title="bbox 899 494 1692 529">
    <p class='ocr_par' dir='ltr' id='par_1_25' title="bbox 899 494 1692 529">
     <span class='ocr_line' id='line_1_25' title="bbox 899 494 1692 529; baseline -0.001 -7"><span class='ocrx_word' id='word_1_163' title='bbox 899 499 992 522; x_wconf 86' lang='lat' dir='ltr'><strong>centes</strong></span> <span class='ocrx_word' id='word_1_164' title='bbox 1007 504 1014 522; x_wconf 90' lang='lat'><strong>:</strong></span> <span class='ocrx_word' id='word_1_165' title='bbox 1035 494 1164 522; x_wconf 83' lang='lat' dir='ltr'><strong>[Iosanna</strong></span> <span class='ocrx_word' id='word_1_166' title='bbox 1179 496 1207 522; x_wconf 87' lang='lat' dir='ltr'><strong>in</strong></span> <span class='ocrx_word' id='word_1_167' title='bbox 1224 495 1350 528; x_wconf 74' lang='lat' dir='ltr'><strong>excelsis,</strong></span> <span class='ocrx_word' id='word_1_168' title='bbox 1374 494 1523 521; x_wconf 76' lang='lat' dir='ltr'><strong>benedictus</strong></span> <span class='ocrx_word' id='word_1_169' title='bbox 1538 494 1582 529; x_wconf 90' lang='lat' dir='ltr'><strong>qui</strong></span> <span class='ocrx_word' id='word_1_170' title='bbox 1600 494 1670 521; x_wconf 79' lang='lat' dir='ltr'><strong>venis</strong></span> <span class='ocrx_word' id='word_1_171' title='bbox 1680 501 1692 521; x_wconf 66' lang='grc' dir='ltr'><em>ς</em></span> 
     </span>
    </p>
   </div>
   <div class='ocr_carea' id='block_1_26' title="bbox 900 539 1693 576">
    <p class='ocr_par' dir='ltr' id='par_1_26' title="bbox 900 539 1693 576">
     <span class='ocr_line' id='line_1_26' title="bbox 900 539 1693 576; baseline 0 -9"><span class='ocrx_word' id='word_1_172' title='bbox 900 547 963 567; x_wconf 91' lang='lat' dir='ltr'><strong>cum</strong></span> <span class='ocrx_word' id='word_1_173' title='bbox 976 540 1076 575; x_wconf 90' lang='lat' dir='ltr'><strong>quibus</strong></span> <span class='ocrx_word' id='word_1_174' title='bbox 1094 541 1197 576; x_wconf 89' lang='lat' dir='ltr'><strong>pariter</strong></span> <span class='ocrx_word' id='word_1_175' title='bbox 1213 540 1345 576; x_wconf 85' lang='lat' dir='ltr'><strong>plaudens</strong></span> <span class='ocrx_word' id='word_1_176' title='bbox 1361 540 1499 572; x_wconf 83' lang='lat' dir='ltr'><strong>alacriter,</strong></span> <span class='ocrx_word' id='word_1_177' title='bbox 1511 540 1586 567; x_wconf 83' lang='lat' dir='ltr'><strong>clara</strong></span> <span class='ocrx_word' id='word_1_178' title='bbox 1596 543 1623 568; x_wconf 85' lang='lat' dir='ltr'><strong>et</strong></span> <span class='ocrx_word' id='word_1_179' title='bbox 1635 539 1693 567; x_wconf 30' lang='lat' dir='ltr'><strong>[eos</strong></span> 
     </span>
    </p>
   </div>
   <div class='ocr_carea' id='block_1_27' title="bbox 899 585 1693 620">
    <p class='ocr_par' dir='ltr' id='par_1_27' title="bbox 899 585 1693 620">
     <span class='ocr_line' id='line_1_27' title="bbox 899 585 1693 620; baseline -0.003 -6"><span class='ocrx_word' id='word_1_180' title='bbox 899 586 962 614; x_wconf 85' lang='lat' dir='ltr'><strong>uina</strong></span> <span class='ocrx_word' id='word_1_181' title='bbox 978 594 1044 614; x_wconf 88' lang='lat' dir='ltr'><strong>voce</strong></span> <span class='ocrx_word' id='word_1_182' title='bbox 1058 588 1198 620; x_wconf 75' lang='lat' dir='ltr'><strong>exclama,</strong></span> <span class='ocrx_word' id='word_1_183' title='bbox 1223 586 1379 615; x_wconf 78' lang='lat' dir='ltr'><strong>festivitatis</strong></span> <span class='ocrx_word' id='word_1_184' title='bbox 1403 586 1535 614; x_wconf 81' lang='lat' dir='ltr'><strong>solemnia</strong></span> <span class='ocrx_word' id='word_1_185' title='bbox 1561 585 1643 613; x_wconf 87' lang='lat' dir='ltr'><strong>simul</strong></span> <span class='ocrx_word' id='word_1_186' title='bbox 1665 588 1693 613; x_wconf 79' lang='lat' dir='ltr'><strong>et</strong></span> 
     </span>
    </p>
   </div>
   <div class='ocr_carea' id='block_1_28' title="bbox 899 631 1691 667">
    <p class='ocr_par' dir='ltr' id='par_1_28' title="bbox 899 631 1691 667">
     <span class='ocr_line' id='line_1_28' title="bbox 899 631 1691 667; baseline -0.001 -8"><span class='ocrx_word' id='word_1_187' title='bbox 899 637 1003 667; x_wconf 86' lang='lat' dir='ltr'><strong>gratam</strong></span> <span class='ocrx_word' id='word_1_188' title='bbox 1021 632 1215 660; x_wconf 81' lang='lat' dir='ltr'><strong>beneﬁciorum</strong></span> <span class='ocrx_word' id='word_1_189' title='bbox 1238 633 1398 660; x_wconf 82' lang='lat' dir='ltr'><strong>memoriam</strong></span> <span class='ocrx_word' id='word_1_190' title='bbox 1413 632 1535 660; x_wconf 85' lang='lat' dir='ltr'><strong>referens</strong></span> <span class='ocrx_word' id='word_1_191' title='bbox 1548 641 1555 659; x_wconf 88' lang='lat'><strong>:</strong></span> <span class='ocrx_word' id='word_1_192' title='bbox 1570 631 1636 658; x_wconf 81' lang='lat' dir='ltr'><strong>Ecce</strong></span> <span class='ocrx_word' id='word_1_193' title='bbox 1645 639 1691 666; x_wconf 87' lang='lat' dir='ltr'><strong>ego</strong></span> 
     </span>
    </p>
   </div>
   <div class='ocr_carea' id='block_1_29' title="bbox 899 676 1691 713">
    <p class='ocr_par' dir='ltr' id='par_1_29' title="bbox 899 676 1691 713">
     <span class='ocr_line' id='line_1_29' title="bbox 899 676 1691 713; baseline 0 -9"><span class='ocrx_word' id='word_1_194' title='bbox 899 683 922 704; x_wconf 90' lang='lat' dir='ltr'><strong>et</strong></span> <span class='ocrx_word' id='word_1_195' title='bbox 940 677 1025 710; x_wconf 82' lang='lat' dir='ltr'><strong>liberi,</strong></span> <span class='ocrx_word' id='word_1_196' title='bbox 1038 685 1101 713; x_wconf 82' lang='lat' dir='ltr'><strong>quos</strong></span> <span class='ocrx_word' id='word_1_197' title='bbox 1116 677 1180 704; x_wconf 83' lang='lat' dir='ltr'><strong>mihi</strong></span> <span class='ocrx_word' id='word_1_198' title='bbox 1198 677 1267 704; x_wconf 84' lang='lat' dir='ltr'><strong>Deus</strong></span> <span class='ocrx_word' id='word_1_199' title='bbox 1282 677 1353 704; x_wconf 83' lang='lat' dir='ltr'><strong>dedit</strong></span> <span class='ocrx_word' id='word_1_200' title='bbox 1367 678 1387 712; x_wconf 86' lang='lat'><strong>&#39;,</strong></span> <span class='ocrx_word' id='word_1_201' title='bbox 1403 685 1463 713; x_wconf 60' lang='lat' dir='ltr'><strong>quae</strong></span> <span class='ocrx_word' id='word_1_202' title='bbox 1474 677 1539 704; x_wconf 91' lang='lat' dir='ltr'><strong>olim</strong></span> <span class='ocrx_word' id='word_1_203' title='bbox 1554 677 1614 704; x_wconf 88' lang='lat' dir='ltr'><strong>sine</strong></span> <span class='ocrx_word' id='word_1_204' title='bbox 1629 676 1691 704; x_wconf 89' lang='lat' dir='ltr'><strong>ﬁliis</strong></span> 
     </span>
    </p>
   </div>
   <div class='ocr_carea' id='block_1_30' title="bbox 899 723 1692 758">
    <p class='ocr_par' dir='ltr' id='par_1_30' title="bbox 899 723 1692 758">
     <span class='ocr_line' id='line_1_30' title="bbox 899 723 1692 758; baseline -0.003 -8"><span class='ocrx_word' id='word_1_205' title='bbox 899 726 926 751; x_wconf 89' lang='lat' dir='ltr'><strong>et</strong></span> <span class='ocrx_word' id='word_1_206' title='bbox 943 723 1044 750; x_wconf 87' lang='lat' dir='ltr'><strong>sterilis</strong></span> <span class='ocrx_word' id='word_1_207' title='bbox 1061 723 1174 751; x_wconf 80' lang='lat' dir='ltr'><strong>fueram.</strong></span> <span class='ocrx_word' id='word_1_208' title='bbox 1194 723 1356 750; x_wconf 84' lang='lat' dir='ltr'><strong>Benedictus</strong></span> <span class='ocrx_word' id='word_1_209' title='bbox 1377 724 1424 758; x_wconf 89' lang='lat' dir='ltr'><strong>qui</strong></span> <span class='ocrx_word' id='word_1_210' title='bbox 1438 724 1528 755; x_wconf 88' lang='lat' dir='ltr'><strong>venit,</strong></span> <span class='ocrx_word' id='word_1_211' title='bbox 1546 726 1692 750; x_wconf 81' lang='lat' dir='ltr'><strong>verumta—</strong></span> 
     </span>
    </p>
   </div>
   <div class='ocr_carea' id='block_1_31' title="bbox 899 768 1691 803">
    <p class='ocr_par' dir='ltr' id='par_1_31' title="bbox 899 768 1691 803">
     <span class='ocr_line' id='line_1_31' title="bbox 899 768 1691 803; baseline -0.001 -8"><span class='ocrx_word' id='word_1_212' title='bbox 899 776 961 796; x_wconf 88' lang='lat' dir='ltr'><strong>men</strong></span> <span class='ocrx_word' id='word_1_213' title='bbox 974 769 1002 797; x_wconf 91' lang='lat' dir='ltr'><strong>in</strong></span> <span class='ocrx_word' id='word_1_214' title='bbox 1020 769 1129 797; x_wconf 91' lang='lat' dir='ltr'><strong>nomine</strong></span> <span class='ocrx_word' id='word_1_215' title='bbox 1144 768 1263 801; x_wconf 90' lang='lat' dir='ltr'><strong>Domini,</strong></span> <span class='ocrx_word' id='word_1_216' title='bbox 1280 768 1352 796; x_wconf 90' lang='lat' dir='ltr'><strong>Deus</strong></span> <span class='ocrx_word' id='word_1_217' title='bbox 1368 768 1509 801; x_wconf 86' lang='lat' dir='ltr'><strong>Dominus,</strong></span> <span class='ocrx_word' id='word_1_218' title='bbox 1524 773 1550 796; x_wconf 85' lang='lat' dir='ltr'><strong>et</strong></span> <span class='ocrx_word' id='word_1_219' title='bbox 1564 768 1691 803; x_wconf 76' lang='lat' dir='ltr'><strong>apparuit</strong></span> 
     </span>
    </p>
   </div>
   <div class='ocr_carea' id='block_1_32' title="bbox 899 813 1691 850">
    <p class='ocr_par' dir='ltr' id='par_1_32' title="bbox 899 813 1691 850">
     <span class='ocr_line' id='line_1_32' title="bbox 899 813 1691 850; baseline -0.003 -8"><span class='ocrx_word' id='word_1_220' title='bbox 899 814 989 842; x_wconf 86' lang='lat' dir='ltr'><strong>nobis.</strong></span> <span class='ocrx_word' id='word_1_221' title='bbox 1008 814 1061 848; x_wconf 85' lang='lat' dir='ltr'><strong>Qui</strong></span> <span class='ocrx_word' id='word_1_222' title='bbox 1080 816 1168 848; x_wconf 86' lang='lat' dir='ltr'><strong>venit,</strong></span> <span class='ocrx_word' id='word_1_223' title='bbox 1191 816 1292 850; x_wconf 87' lang='lat' dir='ltr'><strong>quique</strong></span> <span class='ocrx_word' id='word_1_224' title='bbox 1316 815 1392 842; x_wconf 91' lang='lat' dir='ltr'><strong>nullo</strong></span> <span class='ocrx_word' id='word_1_225' title='bbox 1417 815 1524 849; x_wconf 85' lang='lat' dir='ltr'><strong>capitur</strong></span> <span class='ocrx_word' id='word_1_226' title='bbox 1548 813 1691 849; x_wconf 86' lang='lat' dir='ltr'><strong>loco:qui</strong></span> 
     </span>
    </p>
   </div>
   <div class='ocr_carea' id='block_1_33' title="bbox 899 860 1691 896">
    <p class='ocr_par' dir='ltr' id='par_1_33' title="bbox 899 860 1691 896">
     <span class='ocr_line' id='line_1_33' title="bbox 899 860 1691 896; baseline 0 -9"><span class='ocrx_word' id='word_1_227' title='bbox 899 860 987 893; x_wconf 85' lang='lat' dir='ltr'><strong>venit,</strong></span> <span class='ocrx_word' id='word_1_228' title='bbox 1005 864 1032 888; x_wconf 84' lang='lat' dir='ltr'><strong>et</strong></span> <span class='ocrx_word' id='word_1_229' title='bbox 1050 868 1184 896; x_wconf 90' lang='lat' dir='ltr'><strong>nusquam</strong></span> <span class='ocrx_word' id='word_1_230' title='bbox 1208 860 1506 888; x_wconf 87' lang='lat' dir='ltr'><strong>tenetur:bcncdictus</strong></span> <span class='ocrx_word' id='word_1_231' title='bbox 1533 861 1580 896; x_wconf 94' lang='lat' dir='ltr'><strong>qui</strong></span> <span class='ocrx_word' id='word_1_232' title='bbox 1605 860 1691 893; x_wconf 84' lang='lat' dir='ltr'><strong>venit,</strong></span> 
     </span>
    </p>
   </div>
   <div class='ocr_carea' id='block_1_34' title="bbox 46 904 844 942">
    <p class='ocr_par' dir='ltr' id='par_1_34' title="bbox 46 904 844 941">
     <span class='ocr_line' id='line_1_34' title="bbox 46 904 844 941; baseline 0.001 -10"><span class='ocrx_word' id='word_1_233' title='bbox 46 905 273 941; x_wconf 71' lang='grc' dir='ltr'>παραγενόμενος</span> <span class='ocrx_word' id='word_1_234' title='bbox 283 904 321 937; x_wconf 86' lang='grc' dir='ltr'><strong>ὡς</strong></span> <span class='ocrx_word' id='word_1_235' title='bbox 328 905 375 932; x_wconf 77' lang='grc' dir='ltr'>ἐπὶ</span> <span class='ocrx_word' id='word_1_236' title='bbox 389 904 480 932; x_wconf 83' lang='grc' dir='ltr'>πώλου</span> <span class='ocrx_word' id='word_1_237' title='bbox 494 905 666 941; x_wconf 79' lang='grc' dir='ltr'>χερουϐικοῦ.</span> <span class='ocrx_word' id='word_1_238' title='bbox 679 905 712 932; x_wconf 87' lang='grc' dir='ltr'><strong>Τί</strong></span> <span class='ocrx_word' id='word_1_239' title='bbox 727 906 782 941; x_wconf 88' lang='grc' dir='ltr'><strong>γάρ</strong></span> <span class='ocrx_word' id='word_1_240' title='bbox 794 914 844 940; x_wconf 88' lang='grc' dir='ltr'>φη-</span> 
     </span>
    </p>
   </div>
   <div class='ocr_carea' id='block_1_35' title="bbox 905 904 1692 942">
    <p class='ocr_par' dir='ltr' id='par_1_35' title="bbox 905 906 1692 942">
     <span class='ocr_line' id='line_1_35' title="bbox 905 906 1692 942; baseline 0.005 -10"><span class='ocrx_word' id='word_1_241' title='bbox 905 913 949 933; x_wconf 85' lang='lat' dir='ltr'><strong>nec</strong></span> <span class='ocrx_word' id='word_1_242' title='bbox 960 906 1059 934; x_wconf 70' lang='lat' dir='ltr'><strong>acaalis</strong></span> <span class='ocrx_word' id='word_1_243' title='bbox 1072 914 1133 934; x_wconf 85' lang='lat' dir='ltr'><strong>sese</strong></span> <span class='ocrx_word' id='word_1_244' title='bbox 1146 906 1292 940; x_wconf 84' lang='lat' dir='ltr'><strong>subducit;</strong></span> <span class='ocrx_word' id='word_1_245' title='bbox 1305 906 1465 934; x_wconf 87' lang='lat' dir='ltr'><strong>benedictus</strong></span> <span class='ocrx_word' id='word_1_246' title='bbox 1477 907 1588 942; x_wconf 89' lang='lat' dir='ltr'><strong>proprio</strong></span> <span class='ocrx_word' id='word_1_247' title='bbox 1602 907 1692 941; x_wconf 81' lang='lat' dir='ltr'><strong>splen-</strong></span> 
     </span>
    </p>
   </div>
   <div class='ocr_carea' id='block_1_36' title="bbox 46 951 811 988">
    <p class='ocr_par' dir='ltr' id='par_1_36' title="bbox 46 951 811 988">
     <span class='ocr_line' id='line_1_36' title="bbox 46 951 811 988; baseline 0.001 -11"><span class='ocrx_word' id='word_1_248' title='bbox 46 959 88 978; x_wconf 87' lang='grc' dir='ltr'><strong>σιν</strong></span> <span class='ocrx_word' id='word_1_249' title='bbox 102 952 119 977; x_wconf 88' lang='lat'><strong>6</strong></span> <span class='ocrx_word' id='word_1_250' title='bbox 134 951 281 987; x_wconf 79' lang='grc' dir='ltr'>ίεροκῆρυε</span> <span class='ocrx_word' id='word_1_251' title='bbox 293 952 489 988; x_wconf 84' lang='grc' dir='ltr'>εὐαγγελιστὴς</span> <span class='ocrx_word' id='word_1_252' title='bbox 502 952 552 988; x_wconf 82' lang='grc' dir='ltr'>τῆς</span> <span class='ocrx_word' id='word_1_253' title='bbox 560 952 667 988; x_wconf 83' lang='grc' dir='ltr'>ἑορτῆς,</span> <span class='ocrx_word' id='word_1_254' title='bbox 681 952 811 979; x_wconf 78' lang='grc' dir='ltr'>ἄκουσον·</span> 
     </span>
    </p>
   </div>
   <div class='ocr_carea' id='block_1_37' title="bbox 902 951 1692 988">
    <p class='ocr_par' dir='ltr' id='par_1_37' title="bbox 902 951 1692 988">
     <span class='ocr_line' id='line_1_37' title="bbox 902 951 1692 988; baseline 0 -9"><span class='ocrx_word' id='word_1_255' title='bbox 902 952 968 980; x_wconf 88' lang='lat' dir='ltr'><strong>dore</strong></span> <span class='ocrx_word' id='word_1_256' title='bbox 981 956 1008 980; x_wconf 92' lang='lat' dir='ltr'><strong>et</strong></span> <span class='ocrx_word' id='word_1_257' title='bbox 1022 953 1108 988; x_wconf 83' lang='lat' dir='ltr'><strong>gratia</strong></span> <span class='ocrx_word' id='word_1_258' title='bbox 1118 972 1125 985; x_wconf 93' lang='lat'><strong>,</strong></span> <span class='ocrx_word' id='word_1_259' title='bbox 1141 956 1169 980; x_wconf 93' lang='lat' dir='ltr'><strong>et</strong></span> <span class='ocrx_word' id='word_1_260' title='bbox 1183 960 1282 980; x_wconf 90' lang='lat' dir='ltr'><strong>rursus</strong></span> <span class='ocrx_word' id='word_1_261' title='bbox 1304 952 1417 980; x_wconf 88' lang='lat' dir='ltr'><strong>veniens</strong></span> <span class='ocrx_word' id='word_1_262' title='bbox 1437 951 1530 979; x_wconf 87' lang='lat' dir='ltr'><strong>divina</strong></span> <span class='ocrx_word' id='word_1_263' title='bbox 1548 951 1692 986; x_wconf 73' lang='lat' dir='ltr'><strong>majestate</strong></span> 
     </span>
    </p>
   </div>
   <div class='ocr_carea' id='block_1_38' title="bbox 45 997 1692 1036">
    <p class='ocr_par' dir='ltr' id='par_1_38' title="bbox 45 997 1692 1036">
     <span class='ocr_line' id='line_1_38' title="bbox 45 997 1692 1036; baseline -0.001 -10"><span class='ocrx_word' id='word_1_264' title='bbox 45 1003 130 1034; x_wconf 85' lang='lat' dir='ltr'><strong>atque</strong></span> <span class='ocrx_word' id='word_1_265' title='bbox 145 999 260 1032; x_wconf 87' lang='lat' dir='ltr'><strong>decore;</strong></span> <span class='ocrx_word' id='word_1_266' title='bbox 278 999 437 1028; x_wconf 84' lang='lat' dir='ltr'><strong>benedictus</strong></span> <span class='ocrx_word' id='word_1_267' title='bbox 457 1000 503 1035; x_wconf 92' lang='lat' dir='ltr'><strong>qui</strong></span> <span class='ocrx_word' id='word_1_268' title='bbox 523 1000 611 1036; x_wconf 84' lang='lat' dir='ltr'><strong>typice</strong></span> <span class='ocrx_word' id='word_1_269' title='bbox 626 999 749 1027; x_wconf 89' lang='lat' dir='ltr'><strong>insidens</strong></span> <span class='ocrx_word' id='word_1_270' title='bbox 766 999 840 1034; x_wconf 90' lang='lat' dir='ltr'><strong>pullo</strong></span> <span class='ocrx_word' id='word_1_271' title='bbox 860 999 894 1026; x_wconf 87' lang='lat' dir='ltr'><strong>ad</strong></span> <span class='ocrx_word' id='word_1_272' title='bbox 915 1007 958 1027; x_wconf 90' lang='lat' dir='ltr'><strong>me</strong></span> <span class='ocrx_word' id='word_1_273' title='bbox 978 1000 1062 1032; x_wconf 84' lang='lat' dir='ltr'><strong>venit,</strong></span> <span class='ocrx_word' id='word_1_274' title='bbox 1096 1004 1226 1035; x_wconf 83' lang='lat' dir='ltr'><strong>tanquam</strong></span> <span class='ocrx_word' id='word_1_275' title='bbox 1254 999 1329 1035; x_wconf 91' lang='lat' dir='ltr'><strong>pullo</strong></span> <span class='ocrx_word' id='word_1_276' title='bbox 1354 999 1546 1027; x_wconf 89' lang='lat' dir='ltr'><strong>cherubinico.</strong></span> <span class='ocrx_word' id='word_1_277' title='bbox 1574 997 1692 1025; x_wconf 80' lang='lat' dir='ltr'><strong>Attende</strong></span> 
     </span>
    </p>
   </div>
   <div class='ocr_carea' id='block_1_39' title="bbox 45 1046 1122 1083">
    <p class='ocr_par' dir='ltr' id='par_1_39' title="bbox 45 1046 1122 1083">
     <span class='ocr_line' id='line_1_39' title="bbox 45 1046 1122 1083; baseline 0.003 -10"><span class='ocrx_word' id='word_1_278' title='bbox 45 1046 120 1073; x_wconf 80' lang='lat' dir='ltr'><strong>enim</strong></span> <span class='ocrx_word' id='word_1_279' title='bbox 143 1046 211 1081; x_wconf 91' lang='lat' dir='ltr'><strong>quid</strong></span> <span class='ocrx_word' id='word_1_280' title='bbox 229 1047 303 1074; x_wconf 85' lang='lat' dir='ltr'><strong>dicat</strong></span> <span class='ocrx_word' id='word_1_281' title='bbox 325 1051 520 1076; x_wconf 82' lang='lat' dir='ltr'><strong>sacrosanctus</strong></span> <span class='ocrx_word' id='word_1_282' title='bbox 543 1054 632 1083; x_wconf 81' lang='lat' dir='ltr'><strong>praeco</strong></span> <span class='ocrx_word' id='word_1_283' title='bbox 647 1047 829 1075; x_wconf 86' lang='lat' dir='ltr'><strong>solemnitatis</strong></span> <span class='ocrx_word' id='word_1_284' title='bbox 843 1047 926 1083; x_wconf 87' lang='lat' dir='ltr'><strong>hujus</strong></span> <span class='ocrx_word' id='word_1_285' title='bbox 945 1048 1122 1082; x_wconf 84' lang='lat' dir='ltr'><strong>evangelista:</strong></span> 
     </span>
    </p>
   </div>
   <div class='ocr_carea' id='block_1_40' title="bbox 87 1092 844 1130">
    <p class='ocr_par' dir='ltr' id='par_1_40' title="bbox 87 1092 844 1130">
     <span class='ocr_line' id='line_1_40' title="bbox 87 1092 844 1130; baseline 0 -10"><span class='ocrx_word' id='word_1_286' title='bbox 87 1092 228 1128; x_wconf 80' lang='grc' dir='ltr'>Ἐγένετο</span> <span class='ocrx_word' id='word_1_287' title='bbox 250 1092 300 1120; x_wconf 83' lang='grc' dir='ltr'>ὅτε</span> <span class='ocrx_word' id='word_1_288' title='bbox 322 1092 440 1129; x_wconf 76' lang='grc' dir='ltr'>ἤγγιζεν</span> <span class='ocrx_word' id='word_1_289' title='bbox 463 1095 480 1121; x_wconf 87' lang='grc' dir='ltr'><strong>ό</strong></span> <span class='ocrx_word' id='word_1_290' title='bbox 505 1095 613 1129; x_wconf 83' lang='grc' dir='ltr'>Κύριος</span> <span class='ocrx_word' id='word_1_291' title='bbox 626 1096 669 1128; x_wconf 83' lang='grc' dir='ltr'>εις</span> <span class='ocrx_word' id='word_1_292' title='bbox 687 1094 844 1130; x_wconf 76' lang='grc' dir='ltr'><strong>Βηθφαγὴ,</strong></span> 
     </span>
    </p>
   </div>
   <div class='ocr_carea' id='block_1_41' title="bbox 46 1139 847 1175">
    <p class='ocr_par' dir='ltr' id='par_1_41' title="bbox 46 1139 847 1175">
     <span class='ocr_line' id='line_1_41' title="bbox 46 1139 847 1175; baseline 0.002 -10"><span class='ocrx_word' id='word_1_293' title='bbox 46 1139 96 1166; x_wconf 66' lang='grc' dir='ltr'><strong>καὶ</strong></span> <span class='ocrx_word' id='word_1_294' title='bbox 125 1139 172 1172; x_wconf 80' lang='grc' dir='ltr'><strong>εις</strong></span> <span class='ocrx_word' id='word_1_295' title='bbox 184 1139 348 1174; x_wconf 81' lang='grc' dir='ltr'>Βηθανιαν,</span> <span class='ocrx_word' id='word_1_296' title='bbox 362 1139 439 1174; x_wconf 79' lang='grc' dir='ltr'>πρὸς</span> <span class='ocrx_word' id='word_1_297' title='bbox 456 1139 489 1167; x_wconf 83' lang='grc' dir='ltr'>τὸ</span> <span class='ocrx_word' id='word_1_298' title='bbox 507 1140 575 1174; x_wconf 81' lang='grc' dir='ltr'>ὄρος</span> <span class='ocrx_word' id='word_1_299' title='bbox 603 1141 636 1167; x_wconf 79' lang='grc' dir='ltr'>τὸ</span> <span class='ocrx_word' id='word_1_300' title='bbox 657 1141 847 1175; x_wconf 82' lang='grc' dir='ltr'>καλούμενον</span> 
     </span>
    </p>
   </div>
   <div class='ocr_carea' id='block_1_42' title="bbox 53 1183 846 1221">
    <p class='ocr_par' dir='ltr' id='par_1_42' title="bbox 53 1183 846 1221">
     <span class='ocr_line' id='line_1_42' title="bbox 53 1183 846 1221; baseline 0.003 -10"><span class='ocrx_word' id='word_1_301' title='bbox 53 1183 192 1219; x_wconf 58' lang='grc' dir='ltr'>Ἐλαιῶν,</span> <span class='ocrx_word' id='word_1_302' title='bbox 211 1184 370 1212; x_wconf 74' lang='grc' dir='ltr'>ἀπέστειλε</span> <span class='ocrx_word' id='word_1_303' title='bbox 393 1185 448 1213; x_wconf 81' lang='grc' dir='ltr'><strong>δύο</strong></span> <span class='ocrx_word' id='word_1_304' title='bbox 466 1186 500 1213; x_wconf 82' lang='grc' dir='ltr'><em>ἐκ</em></span> <span class='ocrx_word' id='word_1_305' title='bbox 516 1185 576 1213; x_wconf 81' lang='grc' dir='ltr'><strong>τῶν</strong></span> <span class='ocrx_word' id='word_1_306' title='bbox 591 1186 731 1221; x_wconf 82' lang='grc' dir='ltr'>μαθητῶν</span> <span class='ocrx_word' id='word_1_307' title='bbox 742 1186 846 1219; x_wconf 83' lang='grc' dir='ltr'>αὑτοῦ,</span> 
     </span>
    </p>
   </div>
   <div class='ocr_carea' id='block_1_43' title="bbox 46 1230 849 1266">
    <p class='ocr_par' dir='ltr' id='par_1_43' title="bbox 46 1230 849 1266">
     <span class='ocr_line' id='line_1_43' title="bbox 46 1230 849 1266; baseline 0.002 -10"><span class='ocrx_word' id='word_1_308' title='bbox 46 1230 168 1266; x_wconf 72' lang='grc' dir='ltr'>λέγων·</span> <span class='ocrx_word' id='word_1_309' title='bbox 199 1230 335 1265; x_wconf 75' lang='grc' dir='ltr'>Ὑπάγετε</span> <span class='ocrx_word' id='word_1_310' title='bbox 360 1231 404 1264; x_wconf 81' lang='grc' dir='ltr'>εις</span> <span class='ocrx_word' id='word_1_311' title='bbox 419 1231 477 1266; x_wconf 79' lang='grc' dir='ltr'>τὴν</span> <span class='ocrx_word' id='word_1_312' title='bbox 489 1231 632 1259; x_wconf 71' lang='grc' dir='ltr'>ἀπέναντι</span> <span class='ocrx_word' id='word_1_313' title='bbox 655 1231 774 1266; x_wconf 84' lang='grc' dir='ltr'>κώμην,</span> <span class='ocrx_word' id='word_1_314' title='bbox 799 1231 849 1258; x_wconf 78' lang='grc' dir='ltr'><strong>καὶ</strong></span> 
     </span>
    </p>
   </div>
   <div class='ocr_carea' id='block_1_44' title="bbox 48 1273 851 1312">
    <p class='ocr_par' dir='ltr' id='par_1_44' title="bbox 48 1273 851 1312">
     <span class='ocr_line' id='line_1_44' title="bbox 48 1273 851 1312; baseline 0.002 -10"><span class='ocrx_word' id='word_1_315' title='bbox 48 1275 82 1302; x_wconf 81' lang='grc' dir='ltr'><strong>ἐν</strong></span> <span class='ocrx_word' id='word_1_316' title='bbox 99 1275 142 1308; x_wconf 81' lang='grc' dir='ltr'>τῷ</span> <span class='ocrx_word' id='word_1_317' title='bbox 154 1275 304 1303; x_wconf 75' lang='grc' dir='ltr'>εἰσελθεῖν</span> <span class='ocrx_word' id='word_1_318' title='bbox 327 1276 407 1311; x_wconf 84' lang='grc' dir='ltr'>ὑμᾶς</span> <span class='ocrx_word' id='word_1_319' title='bbox 425 1273 571 1312; x_wconf 81' lang='grc' dir='ltr'>εὗρήσετε</span> <span class='ocrx_word' id='word_1_320' title='bbox 587 1277 660 1304; x_wconf 85' lang='grc' dir='ltr'>ὄνον</span> <span class='ocrx_word' id='word_1_321' title='bbox 680 1277 729 1304; x_wconf 77' lang='grc' dir='ltr'><strong>καὶ</strong></span> <span class='ocrx_word' id='word_1_322' title='bbox 747 1277 851 1304; x_wconf 76' lang='grc' dir='ltr'>πῶλον</span> 
     </span>
    </p>
   </div>
   <div class='ocr_carea' id='block_1_45' title="bbox 49 1321 850 1357">
    <p class='ocr_par' dir='ltr' id='par_1_45' title="bbox 49 1321 850 1357">
     <span class='ocr_line' id='line_1_45' title="bbox 49 1321 850 1357; baseline 0.001 -9"><span class='ocrx_word' id='word_1_323' title='bbox 49 1321 217 1356; x_wconf 78' lang='grc' dir='ltr'>δεδεμένην</span> <span class='ocrx_word' id='word_1_324' title='bbox 227 1329 234 1337; x_wconf 75' lang='grc'><strong><em>³</em></strong></span> <span class='ocrx_word' id='word_1_325' title='bbox 253 1322 406 1355; x_wconf 75' lang='grc' dir='ltr'>λύσαντες</span> <span class='ocrx_word' id='word_1_326' title='bbox 422 1322 547 1357; x_wconf 79' lang='grc' dir='ltr'>ἀγάγετέ</span> <span class='ocrx_word' id='word_1_327' title='bbox 557 1331 617 1357; x_wconf 86' lang='grc' dir='ltr'>μοι.</span> <span class='ocrx_word' id='word_1_328' title='bbox 636 1323 689 1350; x_wconf 78' lang='grc' dir='ltr'><strong>Καὶ</strong></span> <span class='ocrx_word' id='word_1_329' title='bbox 700 1323 850 1356; x_wconf 76' lang='grc' dir='ltr'>ἐποίησαν</span> 
     </span>
    </p>
   </div>
   <div class='ocr_carea' id='block_1_46' title="bbox 48 1367 849 1402">
    <p class='ocr_par' dir='ltr' id='par_1_46' title="bbox 48 1367 849 1402">
     <span class='ocr_line' id='line_1_46' title="bbox 48 1367 849 1402; baseline 0.001 -8"><span class='ocrx_word' id='word_1_330' title='bbox 48 1369 74 1394; x_wconf 75' lang='grc' dir='ltr'><strong>οἱ</strong></span> <span class='ocrx_word' id='word_1_331' title='bbox 91 1367 226 1402; x_wconf 79' lang='grc' dir='ltr'>μαθηται</span> <span class='ocrx_word' id='word_1_332' title='bbox 245 1367 343 1401; x_wconf 82' lang='grc' dir='ltr'>καθὼς</span> <span class='ocrx_word' id='word_1_333' title='bbox 368 1368 538 1395; x_wconf 75' lang='grc' dir='ltr'>ἐνετείλατο</span> <span class='ocrx_word' id='word_1_334' title='bbox 554 1368 656 1402; x_wconf 83' lang='grc' dir='ltr'>αὐτοῖς</span> <span class='ocrx_word' id='word_1_335' title='bbox 678 1370 695 1395; x_wconf 78' lang='grc' dir='ltr'><em>ὀ</em></span> <span class='ocrx_word' id='word_1_336' title='bbox 715 1368 849 1402; x_wconf 76' lang='grc' dir='ltr'>’1ησοῦς”</span> 
     </span>
    </p>
   </div>
   <div class='ocr_carea' id='block_1_47' title="bbox 50 1413 848 1449">
    <p class='ocr_par' dir='ltr' id='par_1_47' title="bbox 50 1413 848 1449">
     <span class='ocr_line' id='line_1_47' title="bbox 50 1413 848 1449; baseline 0.003 -10"><span class='ocrx_word' id='word_1_337' title='bbox 50 1413 100 1440; x_wconf 70' lang='grc' dir='ltr'><strong>καὶ</strong></span> <span class='ocrx_word' id='word_1_338' title='bbox 115 1413 320 1448; x_wconf 80' lang='grc' dir='ltr'>ὑπέστρωσαν</span> <span class='ocrx_word' id='word_1_339' title='bbox 334 1414 371 1441; x_wconf 86' lang='grc' dir='ltr'>τὰ</span> <span class='ocrx_word' id='word_1_340' title='bbox 382 1414 481 1448; x_wconf 60' lang='lat' dir='ltr'><strong>[ﬁdem</strong></span> <span class='ocrx_word' id='word_1_341' title='bbox 494 1414 593 1441; x_wconf 83' lang='grc' dir='ltr'>αὐτῶν</span> <span class='ocrx_word' id='word_1_342' title='bbox 603 1415 652 1442; x_wconf 81' lang='grc' dir='ltr'><strong>ἐπὶ</strong></span> <span class='ocrx_word' id='word_1_343' title='bbox 665 1414 722 1449; x_wconf 82' lang='grc' dir='ltr'>τὴν</span> <span class='ocrx_word' id='word_1_344' title='bbox 734 1414 848 1447; x_wconf 77' lang='grc' dir='ltr'>πῶλον,</span> 
     </span>
    </p>
   </div>
   <div class='ocr_carea' id='block_1_48' title="bbox 50 1459 850 1496">
    <p class='ocr_par' dir='ltr' id='par_1_48' title="bbox 50 1459 850 1496">
     <span class='ocr_line' id='line_1_48' title="bbox 50 1459 850 1496; baseline 0.001 -10"><span class='ocrx_word' id='word_1_345' title='bbox 50 1459 100 1486; x_wconf 71' lang='grc' dir='ltr'><strong>καὶ</strong></span> <span class='ocrx_word' id='word_1_346' title='bbox 114 1459 259 1487; x_wconf 79' lang='grc' dir='ltr'>ἐκάθισεν</span> <span class='ocrx_word' id='word_1_347' title='bbox 281 1461 297 1487; x_wconf 86' lang='grc' dir='ltr'><em>ὀ</em></span> <span class='ocrx_word' id='word_1_348' title='bbox 319 1460 449 1495; x_wconf 86' lang='grc' dir='ltr'>Ἰησοῦς.</span> <span class='ocrx_word' id='word_1_349' title='bbox 479 1462 535 1488; x_wconf 81' lang='grc' dir='ltr'><strong>Καὶ</strong></span> <span class='ocrx_word' id='word_1_350' title='bbox 552 1461 661 1495; x_wconf 79' lang='grc' dir='ltr'>ἐγένετο</span> <span class='ocrx_word' id='word_1_351' title='bbox 681 1461 718 1492; x_wconf 87' lang='grc' dir='ltr'>ὡς</span> <span class='ocrx_word' id='word_1_352' title='bbox 736 1461 850 1496; x_wconf 80' lang='grc' dir='ltr'>ἤγγισεν</span> 
     </span>
    </p>
   </div>
   <div class='ocr_carea' id='block_1_49' title="bbox 51 1503 846 1541">
    <p class='ocr_par' dir='ltr' id='par_1_49' title="bbox 51 1503 846 1541">
     <span class='ocr_line' id='line_1_49' title="bbox 51 1503 846 1541; baseline 0.003 -12"><span class='ocrx_word' id='word_1_353' title='bbox 51 1505 91 1535; x_wconf 74' lang='grc' dir='ltr'><strong>εἰς</strong></span> <span class='ocrx_word' id='word_1_354' title='bbox 108 1504 161 1540; x_wconf 82' lang='grc' dir='ltr'><strong>τὴν</strong></span> <span class='ocrx_word' id='word_1_355' title='bbox 176 1504 328 1531; x_wconf 75' lang='grc' dir='ltr'>κατάϐασιν</span> <span class='ocrx_word' id='word_1_356' title='bbox 347 1504 393 1531; x_wconf 83' lang='grc' dir='ltr'>τοῦ</span> <span class='ocrx_word' id='word_1_357' title='bbox 409 1505 500 1540; x_wconf 79' lang='grc' dir='ltr'>ὅρους,</span> <span class='ocrx_word' id='word_1_358' title='bbox 518 1506 532 1531; x_wconf 90' lang='lat'><strong>6</strong></span> <span class='ocrx_word' id='word_1_359' title='bbox 548 1505 626 1541; x_wconf 82' lang='grc' dir='ltr'>ὄχλος</span> <span class='ocrx_word' id='word_1_360' title='bbox 640 1503 725 1532; x_wconf 82' lang='grc' dir='ltr'>ἐλθὼν</span> <span class='ocrx_word' id='word_1_361' title='bbox 741 1506 781 1537; x_wconf 84' lang='grc' dir='ltr'><strong>εἰς</strong></span> <span class='ocrx_word' id='word_1_362' title='bbox 797 1504 846 1540; x_wconf 84' lang='grc' dir='ltr'>τὴν</span> 
     </span>
    </p>
   </div>
   <div class='ocr_carea' id='block_1_50' title="bbox 51 1549 848 1586">
    <p class='ocr_par' dir='ltr' id='par_1_50' title="bbox 51 1549 848 1586">
     <span class='ocr_line' id='line_1_50' title="bbox 51 1549 848 1586; baseline 0 -10"><span class='ocrx_word' id='word_1_363' title='bbox 51 1549 150 1585; x_wconf 74' lang='grc' dir='ltr'>ἑορτὴν</span> <span class='ocrx_word' id='word_1_364' title='bbox 166 1550 262 1577; x_wconf 73' lang='grc' dir='ltr'>ἔλαϐον</span> <span class='ocrx_word' id='word_1_365' title='bbox 276 1550 340 1585; x_wconf 72' lang='grc' dir='ltr'>βαΐα</span> <span class='ocrx_word' id='word_1_366' title='bbox 364 1550 419 1578; x_wconf 85' lang='grc' dir='ltr'><strong>τῶν</strong></span> <span class='ocrx_word' id='word_1_367' title='bbox 444 1551 583 1586; x_wconf 86' lang='grc' dir='ltr'>φοινίκων,</span> <span class='ocrx_word' id='word_1_368' title='bbox 614 1551 662 1578; x_wconf 73' lang='grc' dir='ltr'><strong>καὶ</strong></span> <span class='ocrx_word' id='word_1_369' title='bbox 680 1550 791 1586; x_wconf 78' lang='grc' dir='ltr'>ἐξῆλθον</span> <span class='ocrx_word' id='word_1_370' title='bbox 808 1551 848 1582; x_wconf 80' lang='grc' dir='ltr'><strong>εἰς</strong></span> 
     </span>
    </p>
   </div>
   <div class='ocr_carea' id='block_1_51' title="bbox 947 1092 1692 1129">
    <p class='ocr_par' dir='ltr' id='par_1_51' title="bbox 947 1092 1692 1129">
     <span class='ocr_line' id='line_1_51' title="bbox 947 1092 1692 1129; baseline -0.001 -9"><span class='ocrx_word' id='word_1_371' title='bbox 947 1093 1061 1121; x_wconf 80' lang='lat' dir='ltr'><strong>Factum</strong></span> <span class='ocrx_word' id='word_1_372' title='bbox 1093 1099 1131 1121; x_wconf 81' lang='lat' dir='ltr'><strong>est</strong></span> <span class='ocrx_word' id='word_1_373' title='bbox 1162 1102 1222 1121; x_wconf 83' lang='lat' dir='ltr'><strong>cum</strong></span> <span class='ocrx_word' id='word_1_374' title='bbox 1251 1093 1471 1129; x_wconf 80' lang='lat' dir='ltr'><strong>appropinquaret</strong></span> <span class='ocrx_word' id='word_1_375' title='bbox 1502 1092 1628 1120; x_wconf 79' lang='lat' dir='ltr'><strong>Dominus</strong></span> <span class='ocrx_word' id='word_1_376' title='bbox 1656 1092 1692 1119; x_wconf 73' lang='lat' dir='ltr'><strong>ad</strong></span> 
     </span>
    </p>
   </div>
   <div class='ocr_carea' id='block_1_52' title="bbox 898 1139 1691 1175">
    <p class='ocr_par' dir='ltr' id='par_1_52' title="bbox 898 1139 1691 1175">
     <span class='ocr_line' id='line_1_52' title="bbox 898 1139 1691 1175; baseline -0.004 -8"><span class='ocrx_word' id='word_1_377' title='bbox 898 1140 1055 1175; x_wconf 73' lang='lat' dir='ltr'><strong>Betltplzagc,</strong></span> <span class='ocrx_word' id='word_1_378' title='bbox 1085 1144 1109 1167; x_wconf 90' lang='lat' dir='ltr'><strong>et</strong></span> <span class='ocrx_word' id='word_1_379' title='bbox 1139 1139 1313 1172; x_wconf 79' lang='lat' dir='ltr'><strong>Bethaniam,</strong></span> <span class='ocrx_word' id='word_1_380' title='bbox 1334 1139 1368 1166; x_wconf 84' lang='lat' dir='ltr'><strong>ad</strong></span> <span class='ocrx_word' id='word_1_381' title='bbox 1398 1143 1532 1171; x_wconf 80' lang='lat' dir='ltr'><strong>montem,</strong></span> <span class='ocrx_word' id='word_1_382' title='bbox 1552 1139 1597 1173; x_wconf 76' lang='lat' dir='ltr'><strong>qui</strong></span> <span class='ocrx_word' id='word_1_383' title='bbox 1613 1146 1691 1165; x_wconf 77' lang='lat' dir='ltr'><strong>vaca-</strong></span> 
     </span>
    </p>
   </div>
   <div class='ocr_carea' id='block_1_53' title="bbox 899 1183 1691 1219">
    <p class='ocr_par' dir='ltr' id='par_1_53' title="bbox 899 1183 1691 1219">
     <span class='ocr_line' id='line_1_53' title="bbox 899 1183 1691 1219; baseline -0.001 -7"><span class='ocrx_word' id='word_1_384' title='bbox 899 1190 943 1212; x_wconf 82' lang='lat' dir='ltr'><strong>Iur</strong></span> <span class='ocrx_word' id='word_1_385' title='bbox 964 1185 1077 1218; x_wconf 84' lang='lat' dir='ltr'><strong>Oliveti,</strong></span> <span class='ocrx_word' id='word_1_386' title='bbox 1105 1186 1176 1212; x_wconf 81' lang='lat' dir='ltr'><strong>misit</strong></span> <span class='ocrx_word' id='word_1_387' title='bbox 1206 1185 1272 1212; x_wconf 81' lang='lat' dir='ltr'><strong>duas</strong></span> <span class='ocrx_word' id='word_1_388' title='bbox 1306 1184 1448 1219; x_wconf 76' lang='lat' dir='ltr'><strong>discipulos</strong></span> <span class='ocrx_word' id='word_1_389' title='bbox 1474 1193 1556 1217; x_wconf 83' lang='lat' dir='ltr'><strong>suos,</strong></span> <span class='ocrx_word' id='word_1_390' title='bbox 1587 1183 1691 1211; x_wconf 84' lang='lat' dir='ltr'><strong>dicens:</strong></span> 
     </span>
    </p>
   </div>
   <div class='ocr_carea' id='block_1_54' title="bbox 905 1231 1693 1268">
    <p class='ocr_par' dir='ltr' id='par_1_54' title="bbox 905 1231 1693 1268">
     <span class='ocr_line' id='line_1_54' title="bbox 905 1231 1693 1268; baseline 0 -10"><span class='ocrx_word' id='word_1_391' title='bbox 905 1232 943 1259; x_wconf 84' lang='lat' dir='ltr'><strong>Ite</strong></span> <span class='ocrx_word' id='word_1_392' title='bbox 967 1232 993 1259; x_wconf 87' lang='lat' dir='ltr'><strong>iu</strong></span> <span class='ocrx_word' id='word_1_393' title='bbox 1011 1232 1160 1266; x_wconf 79' lang='lat' dir='ltr'><strong>castellum,</strong></span> <span class='ocrx_word' id='word_1_394' title='bbox 1177 1232 1246 1268; x_wconf 88' lang='lat' dir='ltr'><strong>quod</strong></span> <span class='ocrx_word' id='word_1_395' title='bbox 1263 1237 1356 1260; x_wconf 83' lang='lat' dir='ltr'><strong>contra</strong></span> <span class='ocrx_word' id='word_1_396' title='bbox 1371 1240 1416 1259; x_wconf 77' lang='lat' dir='ltr'><strong>vos</strong></span> <span class='ocrx_word' id='word_1_397' title='bbox 1439 1236 1489 1265; x_wconf 84' lang='lat' dir='ltr'><strong>est,</strong></span> <span class='ocrx_word' id='word_1_398' title='bbox 1516 1232 1543 1259; x_wconf 88' lang='lat' dir='ltr'><strong>in</strong></span> <span class='ocrx_word' id='word_1_399' title='bbox 1558 1231 1627 1266; x_wconf 86' lang='lat' dir='ltr'><strong>quod</strong></span> <span class='ocrx_word' id='word_1_400' title='bbox 1651 1232 1693 1258; x_wconf 88' lang='lat' dir='ltr'><strong>in-</strong></span> 
     </span>
    </p>
   </div>
   <div class='ocr_carea' id='block_1_55' title="bbox 903 1277 1693 1312">
    <p class='ocr_par' dir='ltr' id='par_1_55' title="bbox 903 1277 1693 1312">
     <span class='ocr_line' id='line_1_55' title="bbox 903 1277 1693 1312; baseline -0.003 -8"><span class='ocrx_word' id='word_1_401' title='bbox 903 1281 1032 1304; x_wconf 76' lang='lat' dir='ltr'><strong>troeuntes</strong></span> <span class='ocrx_word' id='word_1_402' title='bbox 1045 1277 1180 1304; x_wconf 76' lang='lat' dir='ltr'><strong>invenietis</strong></span> <span class='ocrx_word' id='word_1_403' title='bbox 1193 1278 1296 1304; x_wconf 84' lang='lat' dir='ltr'><strong>asinam</strong></span> <span class='ocrx_word' id='word_1_404' title='bbox 1309 1282 1335 1305; x_wconf 84' lang='lat' dir='ltr'><strong>et</strong></span> <span class='ocrx_word' id='word_1_405' title='bbox 1343 1277 1445 1312; x_wconf 83' lang='lat' dir='ltr'><strong>pullum</strong></span> <span class='ocrx_word' id='word_1_406' title='bbox 1459 1277 1611 1312; x_wconf 82' lang='lat' dir='ltr'><strong>alligatum,</strong></span> <span class='ocrx_word' id='word_1_407' title='bbox 1628 1284 1693 1311; x_wconf 80' lang='lat' dir='ltr'><strong>quos</strong></span> 
     </span>
    </p>
   </div>
   <div class='ocr_carea' id='block_1_56' title="bbox 900 1322 1731 1357">
    <p class='ocr_par' dir='ltr' id='par_1_56' title="bbox 900 1322 1731 1357">
     <span class='ocr_line' id='line_1_56' title="bbox 900 1322 1731 1357; baseline -0.005 -5"><span class='ocrx_word' id='word_1_408' title='bbox 900 1325 1070 1352; x_wconf 81' lang='lat' dir='ltr'><strong>dissolventes</strong></span> <span class='ocrx_word' id='word_1_409' title='bbox 1093 1325 1128 1351; x_wconf 88' lang='lat' dir='ltr'><strong>ad</strong></span> <span class='ocrx_word' id='word_1_410' title='bbox 1148 1332 1189 1352; x_wconf 86' lang='lat' dir='ltr'><strong>me</strong></span> <span class='ocrx_word' id='word_1_411' title='bbox 1210 1323 1344 1351; x_wconf 81' lang='lat' dir='ltr'><strong>adducite.</strong></span> <span class='ocrx_word' id='word_1_412' title='bbox 1369 1323 1401 1349; x_wconf 75' lang='lat' dir='ltr'><strong>Et</strong></span> <span class='ocrx_word' id='word_1_413' title='bbox 1419 1323 1536 1357; x_wconf 75' lang='lat' dir='ltr'><strong>fecerunt</strong></span> <span class='ocrx_word' id='word_1_414' title='bbox 1555 1322 1693 1356; x_wconf 80' lang='lat' dir='ltr'><strong>discipuli,</strong></span> <span class='ocrx_word' id='word_1_415' title='bbox 1725 1351 1731 1355; x_wconf 92' lang='lat'><em>_</em></span> 
     </span>
    </p>
   </div>
   <div class='ocr_carea' id='block_1_57' title="bbox 900 1368 1695 1404">
    <p class='ocr_par' dir='ltr' id='par_1_57' title="bbox 900 1368 1695 1404">
     <span class='ocr_line' id='line_1_57' title="bbox 900 1368 1695 1404; baseline -0.005 -7"><span class='ocrx_word' id='word_1_416' title='bbox 900 1371 968 1397; x_wconf 74' lang='lat' dir='ltr'><strong>sicut</strong></span> <span class='ocrx_word' id='word_1_417' title='bbox 985 1368 1062 1397; x_wconf 75' lang='lat' dir='ltr'><strong>Jesus</strong></span> <span class='ocrx_word' id='word_1_418' title='bbox 1083 1375 1239 1404; x_wconf 75' lang='lat' dir='ltr'><strong>prteceperat</strong></span> <span class='ocrx_word' id='word_1_419' title='bbox 1250 1369 1286 1396; x_wconf 84' lang='lat' dir='ltr'><strong>eis</strong></span> <span class='ocrx_word' id='word_1_420' title='bbox 1301 1378 1309 1396; x_wconf 88' lang='grc'><em>;</em></span> <span class='ocrx_word' id='word_1_421' title='bbox 1323 1373 1347 1396; x_wconf 83' lang='lat' dir='ltr'><strong>et</strong></span> <span class='ocrx_word' id='word_1_422' title='bbox 1371 1371 1520 1395; x_wconf 78' lang='lat' dir='ltr'><strong>straverunt</strong></span> <span class='ocrx_word' id='word_1_423' title='bbox 1540 1368 1695 1394; x_wconf 79' lang='lat' dir='ltr'><strong>vestimenta</strong></span> 
     </span>
    </p>
   </div>
   <div class='ocr_carea' id='block_1_58' title="bbox 902 1413 1694 1450">
    <p class='ocr_par' dir='ltr' id='par_1_58' title="bbox 902 1413 1694 1450">
     <span class='ocr_line' id='line_1_58' title="bbox 902 1413 1694 1450; baseline -0.003 -8"><span class='ocrx_word' id='word_1_424' title='bbox 902 1425 950 1443; x_wconf 82' lang='lat' dir='ltr'><strong>sua</strong></span> <span class='ocrx_word' id='word_1_425' title='bbox 966 1424 1043 1450; x_wconf 83' lang='lat' dir='ltr'><strong>super</strong></span> <span class='ocrx_word' id='word_1_426' title='bbox 1055 1416 1175 1450; x_wconf 85' lang='lat' dir='ltr'><strong>pullum;</strong></span> <span class='ocrx_word' id='word_1_427' title='bbox 1190 1421 1214 1442; x_wconf 87' lang='lat' dir='ltr'><strong>et</strong></span> <span class='ocrx_word' id='word_1_428' title='bbox 1226 1415 1304 1442; x_wconf 75' lang='lat' dir='ltr'><strong>Iesus</strong></span> <span class='ocrx_word' id='word_1_429' title='bbox 1320 1414 1414 1442; x_wconf 76' lang='lat' dir='ltr'><strong>insedit</strong></span> <span class='ocrx_word' id='word_1_430' title='bbox 1425 1415 1446 1441; x_wconf 82' lang='grc'><strong>³.</strong></span> <span class='ocrx_word' id='word_1_431' title='bbox 1458 1413 1578 1449; x_wconf 77' lang='lat' dir='ltr'><strong>Contigit</strong></span> <span class='ocrx_word' id='word_1_432' title='bbox 1590 1416 1694 1445; x_wconf 88' lang='lat' dir='ltr'><strong>autem,</strong></span> 
     </span>
    </p>
   </div>
   <div class='ocr_carea' id='block_1_59' title="bbox 904 1459 1695 1496">
    <p class='ocr_par' dir='ltr' id='par_1_59' title="bbox 904 1459 1695 1496">
     <span class='ocr_line' id='line_1_59' title="bbox 904 1459 1695 1496; baseline -0.004 -8"><span class='ocrx_word' id='word_1_433' title='bbox 904 1466 933 1488; x_wconf 91' lang='lat' dir='ltr'><strong>ut</strong></span> <span class='ocrx_word' id='word_1_434' title='bbox 941 1461 987 1488; x_wconf 90' lang='lat' dir='ltr'><strong>ubi</strong></span> <span class='ocrx_word' id='word_1_435' title='bbox 1001 1461 1035 1488; x_wconf 83' lang='lat' dir='ltr'><strong>ad</strong></span> <span class='ocrx_word' id='word_1_436' title='bbox 1045 1461 1126 1488; x_wconf 86' lang='lat' dir='ltr'><strong>imam</strong></span> <span class='ocrx_word' id='word_1_437' title='bbox 1139 1464 1244 1496; x_wconf 84' lang='lat' dir='ltr'><strong>partem</strong></span> <span class='ocrx_word' id='word_1_438' title='bbox 1257 1461 1359 1488; x_wconf 90' lang='lat' dir='ltr'><strong>montis</strong></span> <span class='ocrx_word' id='word_1_439' title='bbox 1368 1460 1522 1492; x_wconf 86' lang='lat' dir='ltr'><strong>accederet,</strong></span> <span class='ocrx_word' id='word_1_440' title='bbox 1534 1459 1624 1492; x_wconf 88' lang='lat' dir='ltr'><strong>turba,</strong></span> <span class='ocrx_word' id='word_1_441' title='bbox 1634 1466 1695 1493; x_wconf 77' lang='lat' dir='ltr'><strong>qua:</strong></span> 
     </span>
    </p>
   </div>
   <div class='ocr_carea' id='block_1_60' title="bbox 901 1504 1694 1541">
    <p class='ocr_par' dir='ltr' id='par_1_60' title="bbox 901 1504 1694 1541">
     <span class='ocr_line' id='line_1_60' title="bbox 901 1504 1694 1541; baseline -0.005 -6"><span class='ocrx_word' id='word_1_442' title='bbox 901 1508 1028 1536; x_wconf 78' lang='lat' dir='ltr'><strong>veniebat</strong></span> <span class='ocrx_word' id='word_1_443' title='bbox 1047 1507 1082 1534; x_wconf 85' lang='lat' dir='ltr'><strong>ad</strong></span> <span class='ocrx_word' id='word_1_444' title='bbox 1109 1506 1208 1535; x_wconf 71' lang='lat' dir='ltr'><strong>festum</strong></span> <span class='ocrx_word' id='word_1_445' title='bbox 1231 1507 1321 1539; x_wconf 87' lang='lat' dir='ltr'><strong>diem,</strong></span> <span class='ocrx_word' id='word_1_446' title='bbox 1355 1506 1494 1541; x_wconf 87' lang='lat' dir='ltr'><strong>acciperet</strong></span> <span class='ocrx_word' id='word_1_447' title='bbox 1517 1512 1611 1533; x_wconf 85' lang='lat' dir='ltr'><strong>ramos</strong></span> <span class='ocrx_word' id='word_1_448' title='bbox 1636 1504 1694 1540; x_wconf 88' lang='lat' dir='ltr'><strong>pal-</strong></span> 
     </span>
    </p>
   </div>
   <div class='ocr_carea' id='block_1_61' title="bbox 903 1549 1694 1586">
    <p class='ocr_par' dir='ltr' id='par_1_61' title="bbox 903 1549 1694 1586">
     <span class='ocr_line' id='line_1_61' title="bbox 903 1549 1694 1586; baseline -0.008 -5"><span class='ocrx_word' id='word_1_449' title='bbox 903 1560 1022 1586; x_wconf 86' lang='lat' dir='ltr'><strong>marum,</strong></span> <span class='ocrx_word' id='word_1_450' title='bbox 1047 1556 1075 1581; x_wconf 90' lang='lat' dir='ltr'><strong>et</strong></span> <span class='ocrx_word' id='word_1_451' title='bbox 1102 1552 1190 1579; x_wconf 78' lang='lat' dir='ltr'><strong>exiret</strong></span> <span class='ocrx_word' id='word_1_452' title='bbox 1206 1552 1314 1579; x_wconf 88' lang='lat' dir='ltr'><strong>obviam</strong></span> <span class='ocrx_word' id='word_1_453' title='bbox 1336 1550 1412 1584; x_wconf 84' lang='lat' dir='ltr'><strong>Jcsu,</strong></span> <span class='ocrx_word' id='word_1_454' title='bbox 1438 1554 1465 1578; x_wconf 87' lang='lat' dir='ltr'><strong>et</strong></span> <span class='ocrx_word' id='word_1_455' title='bbox 1484 1550 1530 1585; x_wconf 89' lang='lat' dir='ltr'><strong>qui</strong></span> <span class='ocrx_word' id='word_1_456' title='bbox 1550 1549 1694 1584; x_wconf 65' lang='lat' dir='ltr'><strong>praeibam,</strong></span> 
     </span>
    </p>
   </div>
   <div class='ocr_carea' id='block_1_62' title="bbox 51 1589 844 1634">
    <p class='ocr_par' dir='ltr' id='par_1_62' title="bbox 51 1595 844 1633">
     <span class='ocr_line' id='line_1_62' title="bbox 51 1595 844 1633; baseline 0.001 -12"><span class='ocrx_word' id='word_1_457' title='bbox 51 1596 208 1631; x_wconf 81' lang='grc' dir='ltr'>ἀπάντησιν</span> <span class='ocrx_word' id='word_1_458' title='bbox 219 1595 266 1622; x_wconf 76' lang='grc' dir='ltr'>τοῦ</span> <span class='ocrx_word' id='word_1_459' title='bbox 282 1596 379 1631; x_wconf 83' lang='grc' dir='ltr'>Ἰησοῦ.</span> <span class='ocrx_word' id='word_1_460' title='bbox 394 1596 449 1623; x_wconf 76' lang='grc' dir='ltr'><strong>Καὶ</strong></span> <span class='ocrx_word' id='word_1_461' title='bbox 462 1598 486 1624; x_wconf 80' lang='grc' dir='ltr'>οἱ</span> <span class='ocrx_word' id='word_1_462' title='bbox 498 1596 676 1633; x_wconf 81' lang='grc' dir='ltr'>προάγοντες.</span> <span class='ocrx_word' id='word_1_463' title='bbox 688 1596 735 1622; x_wconf 71' lang='grc' dir='ltr'>καὶ</span> <span class='ocrx_word' id='word_1_464' title='bbox 748 1597 772 1622; x_wconf 77' lang='grc' dir='ltr'>οἱ</span> <span class='ocrx_word' id='word_1_465' title='bbox 784 1596 844 1623; x_wconf 81' lang='grc' dir='ltr'>ἀκο-</span> 
     </span>
    </p>
   </div>
   <div class='ocr_carea' id='block_1_63' title="bbox 905 1589 1694 1634">
    <p class='ocr_par' dir='ltr' id='par_1_63' title="bbox 905 1595 1694 1634">
     <span class='ocr_line' id='line_1_63' title="bbox 905 1595 1694 1634; baseline -0.005 -8"><span class='ocrx_word' id='word_1_466' title='bbox 905 1603 927 1626; x_wconf 79' lang='lat' dir='ltr'><strong>et</strong></span> <span class='ocrx_word' id='word_1_467' title='bbox 939 1599 986 1634; x_wconf 90' lang='lat' dir='ltr'><strong>qui</strong></span> <span class='ocrx_word' id='word_1_468' title='bbox 1011 1598 1205 1633; x_wconf 86' lang='lat' dir='ltr'><strong>sequebantur,</strong></span> <span class='ocrx_word' id='word_1_469' title='bbox 1227 1597 1393 1624; x_wconf 87' lang='lat' dir='ltr'><strong>clamarent:</strong></span> <span class='ocrx_word' id='word_1_470' title='bbox 1413 1596 1545 1624; x_wconf 81' lang='lat' dir='ltr'><strong>llosanna</strong></span> <span class='ocrx_word' id='word_1_471' title='bbox 1561 1595 1618 1630; x_wconf 85' lang='lat' dir='ltr'><strong>ﬁlio</strong></span> <span class='ocrx_word' id='word_1_472' title='bbox 1640 1595 1694 1622; x_wconf 86' lang='lat' dir='ltr'><strong>Du-</strong></span> 
     </span>
    </p>
   </div>
   <div class='ocr_carea' id='block_1_64' title="bbox 50 1641 852 1677">
    <p class='ocr_par' dir='ltr' id='par_1_64' title="bbox 50 1641 852 1677">
     <span class='ocr_line' id='line_1_64' title="bbox 50 1641 852 1677; baseline 0.002 -10"><span class='ocrx_word' id='word_1_473' title='bbox 50 1641 212 1673; x_wconf 75' lang='grc' dir='ltr'>λουϐοὖντες</span> <span class='ocrx_word' id='word_1_474' title='bbox 229 1641 359 1677; x_wconf 71' lang='grc' dir='ltr'><strong>ἔκραζον⁹</strong></span> <span class='ocrx_word' id='word_1_475' title='bbox 373 1642 504 1670; x_wconf 75' lang='grc' dir='ltr'>Ὡσαννὰ</span> <span class='ocrx_word' id='word_1_476' title='bbox 520 1642 560 1676; x_wconf 85' lang='grc' dir='ltr'>τῷ</span> <span class='ocrx_word' id='word_1_477' title='bbox 577 1642 631 1676; x_wconf 77' lang='grc' dir='ltr'><strong>υἱῷ</strong></span> <span class='ocrx_word' id='word_1_478' title='bbox 645 1642 744 1674; x_wconf 74' lang='grc' dir='ltr'><strong>Δαὸὶὸ,</strong></span> <span class='ocrx_word' id='word_1_479' title='bbox 765 1643 852 1669; x_wconf 81' lang='grc' dir='ltr'><strong>εὐλο-</strong></span> 
     </span>
    </p>
   </div>
   <div class='ocr_carea' id='block_1_65' title="bbox 50 1687 851 1723">
    <p class='ocr_par' dir='ltr' id='par_1_65' title="bbox 50 1687 851 1723">
     <span class='ocr_line' id='line_1_65' title="bbox 50 1687 851 1723; baseline 0 -9"><span class='ocrx_word' id='word_1_480' title='bbox 50 1687 185 1722; x_wconf 76' lang='grc' dir='ltr'>γημένος</span> <span class='ocrx_word' id='word_1_481' title='bbox 206 1688 223 1714; x_wconf 84' lang='grc' dir='ltr'><strong>ό</strong></span> <span class='ocrx_word' id='word_1_482' title='bbox 244 1688 408 1723; x_wconf 80' lang='grc' dir='ltr'>ἐρχόμενος</span> <span class='ocrx_word' id='word_1_483' title='bbox 428 1689 463 1716; x_wconf 81' lang='grc' dir='ltr'>ὲν</span> <span class='ocrx_word' id='word_1_484' title='bbox 487 1689 609 1723; x_wconf 76' lang='grc' dir='ltr'>ὀνόματι</span> <span class='ocrx_word' id='word_1_485' title='bbox 626 1688 747 1723; x_wconf 84' lang='grc' dir='ltr'>Κυρίου.</span> <span class='ocrx_word' id='word_1_486' title='bbox 776 1688 851 1723; x_wconf 68' lang='grc' dir='ltr'>Αὕτη</span> 
     </span>
    </p>
   </div>
   <div class='ocr_carea' id='block_1_66' title="bbox 50 1733 852 1770">
    <p class='ocr_par' dir='ltr' id='par_1_66' title="bbox 50 1733 852 1770">
     <span class='ocr_line' id='line_1_66' title="bbox 50 1733 852 1770; baseline -0.001 -10"><span class='ocrx_word' id='word_1_487' title='bbox 50 1734 102 1768; x_wconf 74' lang='grc' dir='ltr'>τῆς</span> <span class='ocrx_word' id='word_1_488' title='bbox 114 1733 258 1770; x_wconf 80' lang='grc' dir='ltr'>παρούσης</span> <span class='ocrx_word' id='word_1_489' title='bbox 281 1735 378 1770; x_wconf 80' lang='grc' dir='ltr'>ἑορτῆς</span> <span class='ocrx_word' id='word_1_490' title='bbox 403 1735 420 1770; x_wconf 89' lang='grc' dir='ltr'>ἠ</span> <span class='ocrx_word' id='word_1_491' title='bbox 441 1735 594 1770; x_wconf 80' lang='grc' dir='ltr'>Δεσποτιχὴ</span> <span class='ocrx_word' id='word_1_492' title='bbox 611 1734 764 1770; x_wconf 83' lang='grc' dir='ltr'>παρουσία·</span> <span class='ocrx_word' id='word_1_493' title='bbox 783 1733 852 1769; x_wconf 77' lang='grc' dir='ltr'>αὕτη</span> 
     </span>
    </p>
   </div>
   <div class='ocr_carea' id='block_1_67' title="bbox 52 1779 853 1816">
    <p class='ocr_par' dir='ltr' id='par_1_67' title="bbox 52 1779 853 1816">
     <span class='ocr_line' id='line_1_67' title="bbox 52 1779 853 1816; baseline -0.002 -9"><span class='ocrx_word' id='word_1_494' title='bbox 52 1781 100 1807; x_wconf 79' lang='grc' dir='ltr'>τοῦ</span> <span class='ocrx_word' id='word_1_495' title='bbox 121 1780 261 1812; x_wconf 72' lang='grc' dir='ltr'>Βασιλέως</span> <span class='ocrx_word' id='word_1_496' title='bbox 282 1780 336 1807; x_wconf 86' lang='grc' dir='ltr'><strong>τῶν</strong></span> <span class='ocrx_word' id='word_1_497' title='bbox 361 1780 558 1816; x_wconf 81' lang='grc' dir='ltr'>βασιλευόντων</span> <span class='ocrx_word' id='word_1_498' title='bbox 576 1781 592 1816; x_wconf 86' lang='grc' dir='ltr'><strong>ή</strong></span> <span class='ocrx_word' id='word_1_499' title='bbox 619 1779 648 1806; x_wconf 81' lang='grc' dir='ltr'>ὲν</span> <span class='ocrx_word' id='word_1_500' title='bbox 670 1779 739 1806; x_wconf 88' lang='grc' dir='ltr'>Σιὼν</span> <span class='ocrx_word' id='word_1_501' title='bbox 768 1779 853 1806; x_wconf 80' lang='grc' dir='ltr'>πάλαι</span> 
     </span>
    </p>
   </div>
   <div class='ocr_carea' id='block_1_68' title="bbox 53 1825 853 1862">
    <p class='ocr_par' dir='ltr' id='par_1_68' title="bbox 53 1825 853 1862">
     <span class='ocr_line' id='line_1_68' title="bbox 53 1825 853 1862; baseline -0.001 -10"><span class='ocrx_word' id='word_1_502' title='bbox 53 1827 102 1852; x_wconf 67' lang='grc' dir='ltr'><strong>καὶ.</strong></span> <span class='ocrx_word' id='word_1_503' title='bbox 127 1826 176 1852; x_wconf 82' lang='grc' dir='ltr'>νῦν</span> <span class='ocrx_word' id='word_1_504' title='bbox 199 1825 348 1862; x_wconf 84' lang='grc' dir='ltr'>ἐπιδημία·</span> <span class='ocrx_word' id='word_1_505' title='bbox 379 1826 449 1862; x_wconf 79' lang='grc' dir='ltr'>αὕτη</span> <span class='ocrx_word' id='word_1_506' title='bbox 466 1825 518 1861; x_wconf 83' lang='grc' dir='ltr'>τῆς</span> <span class='ocrx_word' id='word_1_507' title='bbox 543 1825 685 1861; x_wconf 81' lang='grc' dir='ltr'>παρούσης</span> <span class='ocrx_word' id='word_1_508' title='bbox 705 1825 814 1861; x_wconf 84' lang='grc' dir='ltr'>ἡμέρας</span> <span class='ocrx_word' id='word_1_509' title='bbox 837 1825 853 1860; x_wconf 86' lang='grc' dir='ltr'>ἡ</span> 
     </span>
    </p>
   </div>
   <div class='ocr_carea' id='block_1_69' title="bbox 53 1870 854 1908">
    <p class='ocr_par' dir='ltr' id='par_1_69' title="bbox 53 1870 854 1908">
     <span class='ocr_line' id='line_1_69' title="bbox 53 1870 854 1908; baseline -0.001 -11"><span class='ocrx_word' id='word_1_510' title='bbox 53 1872 172 1908; x_wconf 72' lang='grc' dir='ltr'>λαμπρὰ</span> <span class='ocrx_word' id='word_1_511' title='bbox 185 1872 233 1899; x_wconf 67' lang='grc' dir='ltr'>καὶ</span> <span class='ocrx_word' id='word_1_512' title='bbox 247 1872 387 1907; x_wconf 79' lang='grc' dir='ltr'>πάνδημος</span> <span class='ocrx_word' id='word_1_513' title='bbox 396 1872 443 1899; x_wconf 79' lang='grc' dir='ltr'>τοῦ</span> <span class='ocrx_word' id='word_1_514' title='bbox 455 1871 568 1908; x_wconf 86' lang='grc' dir='ltr'>ποιητοῦ</span> <span class='ocrx_word' id='word_1_515' title='bbox 576 1871 632 1898; x_wconf 81' lang='grc' dir='ltr'><strong>τῶν</strong></span> <span class='ocrx_word' id='word_1_516' title='bbox 644 1871 770 1898; x_wconf 81' lang='grc' dir='ltr'>ἁπάντων</span> <span class='ocrx_word' id='word_1_517' title='bbox 780 1870 854 1897; x_wconf 75' lang='grc' dir='ltr'>ἐλευ-</span> 
     </span>
    </p>
   </div>
   <div class='ocr_carea' id='block_1_70' title="bbox 54 1916 855 1953">
    <p class='ocr_par' dir='ltr' id='par_1_70' title="bbox 54 1916 855 1953">
     <span class='ocr_line' id='line_1_70' title="bbox 54 1916 855 1953; baseline -0.001 -9"><span class='ocrx_word' id='word_1_518' title='bbox 54 1927 109 1950; x_wconf 64' lang='grc' dir='ltr'>σες.</span> <span class='ocrx_word' id='word_1_519' title='bbox 126 1918 173 1944; x_wconf 78' lang='grc' dir='ltr'><strong>Διὸ</strong></span> <span class='ocrx_word' id='word_1_520' title='bbox 187 1917 245 1950; x_wconf 81' lang='grc' dir='ltr'>νῦν,</span> <span class='ocrx_word' id='word_1_521' title='bbox 259 1918 380 1953; x_wconf 78' lang='grc' dir='ltr'>ἀδελφοὶ,</span> <span class='ocrx_word' id='word_1_522' title='bbox 395 1919 410 1944; x_wconf 89' lang='grc' dir='ltr'><strong>ό</strong></span> <span class='ocrx_word' id='word_1_523' title='bbox 428 1917 506 1953; x_wconf 77' lang='grc' dir='ltr'>όχλος</span> <span class='ocrx_word' id='word_1_524' title='bbox 517 1917 602 1944; x_wconf 87' lang='grc' dir='ltr'>ἐλθὼν</span> <span class='ocrx_word' id='word_1_525' title='bbox 623 1917 664 1949; x_wconf 79' lang='grc' dir='ltr'><strong>είς</strong></span> <span class='ocrx_word' id='word_1_526' title='bbox 684 1916 732 1952; x_wconf 84' lang='grc' dir='ltr'>τὴν</span> <span class='ocrx_word' id='word_1_527' title='bbox 744 1916 855 1952; x_wconf 78' lang='grc' dir='ltr'>ἑορτὴν,</span> 
     </span>
    </p>
   </div>
   <div class='ocr_carea' id='block_1_71' title="bbox 53 1962 854 1999">
    <p class='ocr_par' dir='ltr' id='par_1_71' title="bbox 53 1962 854 1999">
     <span class='ocr_line' id='line_1_71' title="bbox 53 1962 854 1999; baseline -0.002 -9"><span class='ocrx_word' id='word_1_528' title='bbox 53 1964 213 1999; x_wconf 78' lang='grc' dir='ltr'>ἐξέλθωμεν</span> <span class='ocrx_word' id='word_1_529' title='bbox 230 1965 270 1996; x_wconf 79' lang='grc' dir='ltr'><strong>είς</strong></span> <span class='ocrx_word' id='word_1_530' title='bbox 286 1964 439 1999; x_wconf 83' lang='grc' dir='ltr'>ἀπάντησιν</span> <span class='ocrx_word' id='word_1_531' title='bbox 460 1963 554 1995; x_wconf 85' lang='grc' dir='ltr'>αὐτοῦ,</span> <span class='ocrx_word' id='word_1_532' title='bbox 564 1963 577 1990; x_wconf 82' lang='lat'><strong>6</strong></span> <span class='ocrx_word' id='word_1_533' title='bbox 592 1972 622 1989; x_wconf 84' lang='grc' dir='ltr'><strong>τε</strong></span> <span class='ocrx_word' id='word_1_534' title='bbox 635 1962 733 1999; x_wconf 80' lang='grc' dir='ltr'>ὀρατὺς</span> <span class='ocrx_word' id='word_1_535' title='bbox 750 1962 854 1998; x_wconf 80' lang='grc' dir='ltr'>κόσμος</span> 
     </span>
    </p>
   </div>
   <div class='ocr_carea' id='block_1_72' title="bbox 54 2008 854 2046">
    <p class='ocr_par' dir='ltr' id='par_1_72' title="bbox 54 2008 854 2046">
     <span class='ocr_line' id='line_1_72' title="bbox 54 2008 854 2046; baseline -0.004 -10"><span class='ocrx_word' id='word_1_536' title='bbox 54 2011 102 2036; x_wconf 71' lang='grc' dir='ltr'><strong>καὶ</strong></span> <span class='ocrx_word' id='word_1_537' title='bbox 113 2010 128 2036; x_wconf 93' lang='lat'><strong>6</strong></span> <span class='ocrx_word' id='word_1_538' title='bbox 139 2010 267 2046; x_wconf 75' lang='grc' dir='ltr'>ἀόρατος,</span> <span class='ocrx_word' id='word_1_539' title='bbox 275 2010 322 2036; x_wconf 78' lang='grc' dir='ltr'><strong>καὶ</strong></span> <span class='ocrx_word' id='word_1_540' title='bbox 333 2011 356 2036; x_wconf 91' lang='grc' dir='ltr'>οἱ</span> <span class='ocrx_word' id='word_1_541' title='bbox 368 2008 597 2045; x_wconf 77' lang='grc' dir='ltr'>προάγοντες(72)</span> <span class='ocrx_word' id='word_1_542' title='bbox 606 2008 695 2044; x_wconf 87' lang='grc' dir='ltr'>χρόνῳ</span> <span class='ocrx_word' id='word_1_543' title='bbox 705 2008 854 2044; x_wconf 81' lang='grc' dir='ltr'>προφῆται,</span> 
     </span>
    </p>
   </div>
   <div class='ocr_carea' id='block_1_73' title="bbox 56 2052 856 2089">
    <p class='ocr_par' dir='ltr' id='par_1_73' title="bbox 56 2052 856 2089">
     <span class='ocr_line' id='line_1_73' title="bbox 56 2052 856 2089; baseline -0.004 -7"><span class='ocrx_word' id='word_1_544' title='bbox 56 2056 104 2082; x_wconf 61' lang='grc' dir='ltr'><strong>καὶ</strong></span> <span class='ocrx_word' id='word_1_545' title='bbox 129 2055 297 2088; x_wconf 77' lang='grc' dir='ltr'>διδάσκαλοι,</span> <span class='ocrx_word' id='word_1_546' title='bbox 323 2055 371 2082; x_wconf 81' lang='grc' dir='ltr'><strong>καὶ</strong></span> <span class='ocrx_word' id='word_1_547' title='bbox 392 2055 417 2082; x_wconf 77' lang='grc' dir='ltr'>οἱ</span> <span class='ocrx_word' id='word_1_548' title='bbox 438 2054 649 2086; x_wconf 80' lang='grc' dir='ltr'>ἀκολουθοῦντες</span> <span class='ocrx_word' id='word_1_549' title='bbox 672 2053 712 2089; x_wconf 82' lang='grc' dir='ltr'>τῷ</span> <span class='ocrx_word' id='word_1_550' title='bbox 723 2052 816 2088; x_wconf 81' lang='grc' dir='ltr'>πώλῳ,</span> <span class='ocrx_word' id='word_1_551' title='bbox 831 2053 856 2079; x_wconf 84' lang='grc' dir='ltr'>οι</span> 
     </span>
    </p>
   </div>
   <div class='ocr_carea' id='block_1_74' title="bbox 55 2099 857 2138">
    <p class='ocr_par' dir='ltr' id='par_1_74' title="bbox 55 2099 857 2138">
     <span class='ocr_line' id='line_1_74' title="bbox 55 2099 857 2138; baseline -0.002 -10"><span class='ocrx_word' id='word_1_552' title='bbox 55 2102 118 2138; x_wconf 81' lang='grc' dir='ltr'><strong>Θεῷ</strong></span> <span class='ocrx_word' id='word_1_553' title='bbox 132 2103 226 2129; x_wconf 80' lang='grc' dir='ltr'>πίστει</span> <span class='ocrx_word' id='word_1_554' title='bbox 245 2100 465 2137; x_wconf 84' lang='grc' dir='ltr'>συμφωνοῦντες.</span> <span class='ocrx_word' id='word_1_555' title='bbox 485 2101 611 2137; x_wconf 80' lang='grc' dir='ltr'>Σήμερον</span> <span class='ocrx_word' id='word_1_556' title='bbox 627 2100 661 2127; x_wconf 82' lang='grc' dir='ltr'><strong>τὰ</strong></span> <span class='ocrx_word' id='word_1_557' title='bbox 677 2099 791 2135; x_wconf 77' lang='grc' dir='ltr'>οὐράνια</span> <span class='ocrx_word' id='word_1_558' title='bbox 808 2099 857 2126; x_wconf 74' lang='grc' dir='ltr'>σὺν</span> 
     </span>
    </p>
   </div>
   <div class='ocr_carea' id='block_1_75' title="bbox 55 2145 856 2183">
    <p class='ocr_par' dir='ltr' id='par_1_75' title="bbox 55 2145 856 2183">
     <span class='ocr_line' id='line_1_75' title="bbox 55 2145 856 2183; baseline -0.002 -9"><span class='ocrx_word' id='word_1_559' title='bbox 55 2149 115 2180; x_wconf 76' lang='grc' dir='ltr'>τοῖς</span> <span class='ocrx_word' id='word_1_560' title='bbox 132 2147 267 2182; x_wconf 74' lang='grc' dir='ltr'>ἐπιγείοις</span> <span class='ocrx_word' id='word_1_561' title='bbox 279 2147 346 2183; x_wconf 83' lang='grc' dir='ltr'>όμοῦ</span> <span class='ocrx_word' id='word_1_562' title='bbox 363 2156 393 2174; x_wconf 88' lang='grc' dir='ltr'><strong>τε</strong></span> <span class='ocrx_word' id='word_1_563' title='bbox 416 2147 462 2174; x_wconf 74' lang='grc' dir='ltr'><strong>καὶ</strong></span> <span class='ocrx_word' id='word_1_564' title='bbox 481 2146 670 2183; x_wconf 76' lang='grc' dir='ltr'>καταχθονίοις</span> <span class='ocrx_word' id='word_1_565' title='bbox 684 2145 837 2182; x_wconf 81' lang='grc' dir='ltr'>ἀνυμνείτω</span> <span class='ocrx_word' id='word_1_566' title='bbox 848 2154 856 2161; x_wconf 75' lang='grc'><strong><em>⁸</em></strong></span> 
     </span>
    </p>
   </div>
   <div class='ocr_carea' id='block_1_76' title="bbox 56 2190 856 2228">
    <p class='ocr_par' dir='ltr' id='par_1_76' title="bbox 56 2190 856 2228">
     <span class='ocr_line' id='line_1_76' title="bbox 56 2190 856 2228; baseline -0.001 -10"><span class='ocrx_word' id='word_1_567' title='bbox 56 2195 113 2220; x_wconf 71' lang='grc' dir='ltr'><strong>πᾶν</strong></span> <span class='ocrx_word' id='word_1_568' title='bbox 131 2193 220 2228; x_wconf 79' lang='grc' dir='ltr'>στόμα</span> <span class='ocrx_word' id='word_1_569' title='bbox 233 2193 280 2220; x_wconf 76' lang='grc' dir='ltr'><strong>καὶ</strong></span> <span class='ocrx_word' id='word_1_570' title='bbox 297 2192 405 2228; x_wconf 81' lang='grc' dir='ltr'>πνεῦμα</span> <span class='ocrx_word' id='word_1_571' title='bbox 418 2192 486 2228; x_wconf 77' lang='grc' dir='ltr'>πρὸς</span> <span class='ocrx_word' id='word_1_572' title='bbox 503 2190 577 2219; x_wconf 76' lang='grc' dir='ltr'>αἶνον</span> <span class='ocrx_word' id='word_1_573' title='bbox 591 2191 658 2218; x_wconf 83' lang='grc' dir='ltr'>Θεοῦ</span> <span class='ocrx_word' id='word_1_574' title='bbox 672 2191 856 2226; x_wconf 82' lang='grc' dir='ltr'>ἀνοιγόμενον.</span> 
     </span>
    </p>
   </div>
   <div class='ocr_carea' id='block_1_77' title="bbox 56 2237 857 2276">
    <p class='ocr_par' dir='ltr' id='par_1_77' title="bbox 56 2237 857 2276">
     <span class='ocr_line' id='line_1_77' title="bbox 56 2237 857 2276; baseline -0.004 -10"><span class='ocrx_word' id='word_1_575' title='bbox 56 2240 100 2267; x_wconf 68' lang='grc' dir='ltr'><strong>Τὰ</strong></span> <span class='ocrx_word' id='word_1_576' title='bbox 121 2248 152 2275; x_wconf 91' lang='grc' dir='ltr'><strong>χε</strong></span> <span class='ocrx_word' id='word_1_577' title='bbox 156 2238 268 2276; x_wconf 82' lang='grc' dir='ltr'>ρουὸὶμ,</span> <span class='ocrx_word' id='word_1_578' title='bbox 283 2239 331 2275; x_wconf 86' lang='grc' dir='ltr'><strong>βοή</strong></span> <span class='ocrx_word' id='word_1_579' title='bbox 336 2247 412 2271; x_wconf 86' lang='grc' dir='ltr'>σατε,</span> <span class='ocrx_word' id='word_1_580' title='bbox 422 2239 528 2273; x_wconf 80' lang='grc' dir='ltr'>Ἄγιος,</span> <span class='ocrx_word' id='word_1_581' title='bbox 538 2238 633 2273; x_wconf 84' lang='grc' dir='ltr'>ἅγιος,</span> <span class='ocrx_word' id='word_1_582' title='bbox 645 2238 728 2272; x_wconf 83' lang='grc' dir='ltr'>ἅγιος</span> <span class='ocrx_word' id='word_1_583' title='bbox 738 2237 857 2271; x_wconf 84' lang='grc' dir='ltr'>Κύριος,</span> 
     </span>
    </p>
   </div>
   <div class='ocr_carea' id='block_1_78' title="bbox 57 2281 858 2319">
    <p class='ocr_par' dir='ltr' id='par_1_78' title="bbox 57 2281 858 2319">
     <span class='ocr_line' id='line_1_78' title="bbox 57 2281 858 2319; baseline -0.002 -8"><span class='ocrx_word' id='word_1_584' title='bbox 57 2287 73 2311; x_wconf 75' lang='grc' dir='ltr'><strong>ό</strong></span> <span class='ocrx_word' id='word_1_585' title='bbox 89 2283 257 2319; x_wconf 77' lang='grc' dir='ltr'>τρισάγιος,</span> <span class='ocrx_word' id='word_1_586' title='bbox 270 2283 405 2310; x_wconf 76' lang='grc' dir='ltr'><strong>σαόαώθ·</strong></span> <span class='ocrx_word' id='word_1_587' title='bbox 416 2283 536 2318; x_wconf 73' lang='grc' dir='ltr'>πλήρης</span> <span class='ocrx_word' id='word_1_588' title='bbox 549 2285 565 2310; x_wconf 87' lang='grc' dir='ltr'><em>ὁ</em></span> <span class='ocrx_word' id='word_1_589' title='bbox 579 2283 708 2317; x_wconf 74' lang='grc' dir='ltr'>οἰιρανὸς</span> <span class='ocrx_word' id='word_1_590' title='bbox 718 2281 767 2310; x_wconf 76' lang='grc' dir='ltr'><strong>καὶ</strong></span> <span class='ocrx_word' id='word_1_591' title='bbox 783 2282 802 2316; x_wconf 78' lang='grc' dir='ltr'><strong>ἠ</strong></span> <span class='ocrx_word' id='word_1_592' title='bbox 820 2281 858 2316; x_wconf 80' lang='grc' dir='ltr'>γῆ</span> 
     </span>
    </p>
   </div>
   <div class='ocr_carea' id='block_1_79' title="bbox 56 2328 860 2365">
    <p class='ocr_par' dir='ltr' id='par_1_79' title="bbox 56 2328 860 2365">
     <span class='ocr_line' id='line_1_79' title="bbox 56 2328 860 2365; baseline -0.004 -8"><span class='ocrx_word' id='word_1_593' title='bbox 56 2329 116 2363; x_wconf 82' lang='grc' dir='ltr'>τῆς</span> <span class='ocrx_word' id='word_1_594' title='bbox 128 2329 221 2363; x_wconf 76' lang='grc' dir='ltr'>δόξης</span> <span class='ocrx_word' id='word_1_595' title='bbox 229 2329 334 2356; x_wconf 83' lang='grc' dir='ltr'>αὐτοῦ·</span> <span class='ocrx_word' id='word_1_596' title='bbox 343 2330 474 2365; x_wconf 73' lang='grc' dir='ltr'>σεραφὶμ,</span> <span class='ocrx_word' id='word_1_597' title='bbox 487 2329 636 2365; x_wconf 82' lang='grc' dir='ltr'>ὑμνήσατε·</span> <span class='ocrx_word' id='word_1_598' title='bbox 649 2328 799 2364; x_wconf 83' lang='grc' dir='ltr'>προφῆται,</span> <span class='ocrx_word' id='word_1_599' title='bbox 810 2335 860 2362; x_wconf 83' lang='grc' dir='ltr'><strong>κη-</strong></span> 
     </span>
    </p>
   </div>
   <div class='ocr_carea' id='block_1_80' title="bbox 60 2372 860 2411">
    <p class='ocr_par' dir='ltr' id='par_1_80' title="bbox 60 2372 860 2411">
     <span class='ocr_line' id='line_1_80' title="bbox 60 2372 860 2411; baseline -0.004 -9"><span class='ocrx_word' id='word_1_600' title='bbox 60 2376 173 2411; x_wconf 59' lang='lat' dir='ltr'><strong>paean.</strong></span> <span class='ocrx_word' id='word_1_601' title='bbox 204 2376 261 2402; x_wconf 78' lang='grc' dir='ltr'><strong>Καὶ</strong></span> <span class='ocrx_word' id='word_1_602' title='bbox 284 2376 299 2402; x_wconf 88' lang='lat'><strong>6</strong></span> <span class='ocrx_word' id='word_1_603' title='bbox 323 2375 373 2411; x_wconf 80' lang='grc' dir='ltr'>μὲν</span> <span class='ocrx_word' id='word_1_604' title='bbox 395 2375 513 2410; x_wconf 84' lang='grc' dir='ltr'>λεγέτω·</span> <span class='ocrx_word' id='word_1_605' title='bbox 539 2374 816 2409; x_wconf 76' lang='grc' dir='ltr'>Εὐφραινέσθωσαν</span> <span class='ocrx_word' id='word_1_606' title='bbox 831 2372 860 2400; x_wconf 77' lang='grc' dir='ltr'>οἱ</span> 
     </span>
    </p>
   </div>
   <div class='ocr_carea' id='block_1_81' title="bbox 58 2420 858 2456">
    <p class='ocr_par' dir='ltr' id='par_1_81' title="bbox 58 2420 858 2456">
     <span class='ocr_line' id='line_1_81' title="bbox 58 2420 858 2456; baseline 0 -8"><span class='ocrx_word' id='word_1_607' title='bbox 58 2421 197 2456; x_wconf 67' lang='grc' dir='ltr'>οἰιρανοι.</span> <span class='ocrx_word' id='word_1_608' title='bbox 206 2421 256 2448; x_wconf 79' lang='grc' dir='ltr'><strong>καὶ</strong></span> <span class='ocrx_word' id='word_1_609' title='bbox 265 2421 459 2456; x_wconf 76' lang='grc' dir='ltr'>ἀγαλλιάσθω</span> <span class='ocrx_word' id='word_1_610' title='bbox 467 2422 486 2456; x_wconf 74' lang='grc' dir='ltr'>ἡ</span> <span class='ocrx_word' id='word_1_611' title='bbox 497 2420 535 2456; x_wconf 79' lang='grc' dir='ltr'>γῆ</span> <span class='ocrx_word' id='word_1_612' title='bbox 544 2429 550 2437; x_wconf 91' lang='grc'><strong>·</strong></span> <span class='ocrx_word' id='word_1_613' title='bbox 562 2422 576 2448; x_wconf 89' lang='lat'><strong>6</strong></span> <span class='ocrx_word' id='word_1_614' title='bbox 588 2421 625 2453; x_wconf 85' lang='grc' dir='ltr'>δὲ,</span> <span class='ocrx_word' id='word_1_615' title='bbox 635 2421 723 2455; x_wconf 72' lang='lat' dir='ltr'><strong>Xal&#39;pe</strong></span> <span class='ocrx_word' id='word_1_616' title='bbox 731 2421 858 2456; x_wconf 75' lang='grc' dir='ltr'>σφόδρα,</span> 
     </span>
    </p>
   </div>
   <div class='ocr_carea' id='block_1_82' title="bbox 58 2465 860 2501">
    <p class='ocr_par' dir='ltr' id='par_1_82' title="bbox 58 2465 860 2501">
     <span class='ocr_line' id='line_1_82' title="bbox 58 2465 860 2501; baseline 0 -9"><span class='ocrx_word' id='word_1_617' title='bbox 58 2467 191 2501; x_wconf 74' lang='grc' dir='ltr'>θύγατερ</span> <span class='ocrx_word' id='word_1_618' title='bbox 203 2465 291 2498; x_wconf 87' lang='grc' dir='ltr'>Σιὼν,</span> <span class='ocrx_word' id='word_1_619' title='bbox 304 2465 441 2499; x_wconf 79' lang='grc' dir='ltr'>κήρυττε,</span> <span class='ocrx_word' id='word_1_620' title='bbox 451 2466 579 2501; x_wconf 79' lang='grc' dir='ltr'>θύγατερ</span> <span class='ocrx_word' id='word_1_621' title='bbox 586 2465 797 2500; x_wconf 77' lang='grc' dir='ltr'>Ἰερουσαλήμ·</span> <span class='ocrx_word' id='word_1_622' title='bbox 813 2465 860 2493; x_wconf 83' lang='grc' dir='ltr'>καὶ</span> 
     </span>
    </p>
   </div>
   <div class='ocr_carea' id='block_1_83' title="bbox 57 2511 862 2547">
    <p class='ocr_par' dir='ltr' id='par_1_83' title="bbox 57 2511 862 2547">
     <span class='ocr_line' id='line_1_83' title="bbox 57 2511 862 2547; baseline 0.001 -9"><span class='ocrx_word' id='word_1_623' title='bbox 57 2512 142 2544; x_wconf 75' lang='grc' dir='ltr'>ἄλλος</span> <span class='ocrx_word' id='word_1_624' title='bbox 160 2511 202 2546; x_wconf 84' lang='grc' dir='ltr'><strong>τῷ</strong></span> <span class='ocrx_word' id='word_1_625' title='bbox 229 2511 334 2546; x_wconf 87' lang='grc' dir='ltr'>βασιλεί</span> <span class='ocrx_word' id='word_1_626' title='bbox 354 2511 464 2547; x_wconf 79' lang='grc' dir='ltr'>Χριστῷ</span> <span class='ocrx_word' id='word_1_627' title='bbox 485 2511 616 2544; x_wconf 72' lang='grc' dir='ltr'>ἀτενίζων</span> <span class='ocrx_word' id='word_1_628' title='bbox 641 2511 746 2546; x_wconf 80' lang='grc' dir='ltr'>βοάτω’</span> <span class='ocrx_word' id='word_1_629' title='bbox 768 2511 826 2538; x_wconf 79' lang='grc' dir='ltr'>Ἴδε</span> <span class='ocrx_word' id='word_1_630' title='bbox 845 2513 862 2539; x_wconf 83' lang='grc' dir='ltr'><em>ὁ</em></span> 
     </span>
    </p>
   </div>
   <div class='ocr_carea' id='block_1_84' title="bbox 64 2556 861 2593">
    <p class='ocr_par' dir='ltr' id='par_1_84' title="bbox 64 2556 861 2593">
     <span class='ocr_line' id='line_1_84' title="bbox 64 2556 861 2593; baseline 0.004 -11"><span class='ocrx_word' id='word_1_631' title='bbox 64 2557 176 2593; x_wconf 58' lang='lat' dir='ltr'><strong>murac</strong></span> <span class='ocrx_word' id='word_1_632' title='bbox 184 2557 238 2584; x_wconf 87' lang='grc' dir='ltr'><strong>τοῦ</strong></span> <span class='ocrx_word' id='word_1_633' title='bbox 247 2557 321 2584; x_wconf 84' lang='grc' dir='ltr'>Θεοῦ</span> <span class='ocrx_word' id='word_1_634' title='bbox 333 2558 349 2585; x_wconf 85' lang='grc' dir='ltr'><strong>ό</strong></span> <span class='ocrx_word' id='word_1_635' title='bbox 356 2557 448 2592; x_wconf 79' lang='grc' dir='ltr'>αἶρων</span> <span class='ocrx_word' id='word_1_636' title='bbox 453 2557 512 2592; x_wconf 81' lang='grc' dir='ltr'>τὴν</span> <span class='ocrx_word' id='word_1_637' title='bbox 519 2557 666 2592; x_wconf 80' lang='grc' dir='ltr'>ἁμαρτίαν</span> <span class='ocrx_word' id='word_1_638' title='bbox 672 2556 861 2591; x_wconf 82' lang='grc' dir='ltr'>τοῦκόσμου·</span> 
     </span>
    </p>
   </div>
   <div class='ocr_carea' id='block_1_85' title="bbox 59 2600 863 2640">
    <p class='ocr_par' dir='ltr' id='par_1_85' title="bbox 59 2600 863 2640">
     <span class='ocr_line' id='line_1_85' title="bbox 59 2600 863 2640; baseline -0.001 -9"><span class='ocrx_word' id='word_1_639' title='bbox 59 2605 110 2631; x_wconf 76' lang='grc' dir='ltr'><strong>καὶ</strong></span> <span class='ocrx_word' id='word_1_640' title='bbox 127 2603 221 2639; x_wconf 74' lang='grc' dir='ltr'>ἔτερος</span> <span class='ocrx_word' id='word_1_641' title='bbox 233 2603 298 2638; x_wconf 77' lang='grc' dir='ltr'>περὶ</span> <span class='ocrx_word' id='word_1_642' title='bbox 314 2603 396 2630; x_wconf 80' lang='grc' dir='ltr'>αὑτοῦ</span> <span class='ocrx_word' id='word_1_643' title='bbox 407 2603 455 2630; x_wconf 85' lang='grc' dir='ltr'>τοῦ</span> <span class='ocrx_word' id='word_1_644' title='bbox 467 2603 570 2640; x_wconf 85' lang='grc' dir='ltr'>Κυρίου</span> <span class='ocrx_word' id='word_1_645' title='bbox 586 2603 750 2640; x_wconf 80' lang='grc' dir='ltr'>κηρυξάτω·</span> <span class='ocrx_word' id='word_1_646' title='bbox 767 2600 863 2636; x_wconf 72' lang='grc' dir='ltr'>οὗτος</span> 
     </span>
    </p>
   </div>
   <div class='ocr_carea' id='block_1_86' title="bbox 60 2649 863 2686">
    <p class='ocr_par' dir='ltr' id='par_1_86' title="bbox 60 2649 863 2686">
     <span class='ocr_line' id='line_1_86' title="bbox 60 2649 863 2686; baseline -0.001 -8"><span class='ocrx_word' id='word_1_647' title='bbox 60 2652 77 2678; x_wconf 87' lang='grc' dir='ltr'><em>ὁ</em></span> <span class='ocrx_word' id='word_1_648' title='bbox 97 2649 175 2684; x_wconf 85' lang='grc' dir='ltr'>Θεὸς</span> <span class='ocrx_word' id='word_1_649' title='bbox 186 2649 272 2685; x_wconf 72' lang='grc' dir='ltr'>ἡμῶν</span> <span class='ocrx_word' id='word_1_650' title='bbox 282 2657 290 2666; x_wconf 66' lang='grc' dir='ltr'><strong>ν</strong></span> <span class='ocrx_word' id='word_1_651' title='bbox 308 2650 344 2677; x_wconf 85' lang='grc' dir='ltr'><strong>οὐ</strong></span> <span class='ocrx_word' id='word_1_652' title='bbox 365 2649 581 2686; x_wconf 77' lang='grc' dir='ltr'>λογισθήσεται</span> <span class='ocrx_word' id='word_1_653' title='bbox 604 2649 705 2684; x_wconf 75' lang='grc' dir='ltr'>ἕτερος</span> <span class='ocrx_word' id='word_1_654' title='bbox 720 2649 795 2684; x_wconf 78' lang='grc' dir='ltr'>πρὸς</span> <span class='ocrx_word' id='word_1_655' title='bbox 810 2649 863 2677; x_wconf 84' lang='grc' dir='ltr'><strong>αὐ-</strong></span> 
     </span>
    </p>
   </div>
   <div class='ocr_carea' id='block_1_87' title="bbox 121 2739 644 2777">
    <p class='ocr_par' dir='ltr' id='par_1_87' title="bbox 121 2739 644 2777">
     <span class='ocr_line' id='line_1_87' title="bbox 121 2739 644 2777; baseline 0.008 -11"><span class='ocrx_word' id='word_1_656' title='bbox 121 2739 273 2777; x_wconf 73' lang='lat' dir='ltr'><strong>‘_lsa._v_nr,</strong></span> <span class='ocrx_word' id='word_1_657' title='bbox 288 2740 332 2777; x_wconf 75' lang='grc'><strong>18.</strong></span> <span class='ocrx_word' id='word_1_658' title='bbox 371 2741 380 2756; x_wconf 94' lang='grc'><strong>¹</strong></span> <span class='ocrx_word' id='word_1_659' title='bbox 395 2741 479 2771; x_wconf 82' lang='lat' dir='ltr'><strong>Marc.</strong></span> <span class='ocrx_word' id='word_1_660' title='bbox 496 2749 536 2770; x_wconf 82' lang='lat' dir='ltr'><strong>xl.</strong></span> <span class='ocrx_word' id='word_1_661' title='bbox 551 2743 562 2769; x_wconf 84' lang='lat' dir='ltr'><strong>l</strong></span> <span class='ocrx_word' id='word_1_662' title='bbox 583 2750 644 2777; x_wconf 85' lang='lat' dir='ltr'><strong>sqq.</strong></span> 
     </span>
    </p>
   </div>
   <div class='ocr_carea' id='block_1_88' title="bbox 65 2774 714 2812">
    <p class='ocr_par' dir='ltr' id='par_1_88' title="bbox 65 2774 714 2812">
     <span class='ocr_line' id='line_1_88' title="bbox 65 2774 714 2812; baseline 0.002 -8"><span class='ocrx_word' id='word_1_663' title='bbox 65 2774 151 2808; x_wconf 71' lang='lat'><strong>1,36.</strong></span> <span class='ocrx_word' id='word_1_664' title='bbox 202 2775 331 2803; x_wconf 79' lang='lat' dir='ltr'><strong>&#39;Barucli</strong></span> <span class='ocrx_word' id='word_1_665' title='bbox 348 2784 389 2809; x_wconf 91' lang='grc' dir='ltr'>ιιι,</span> <span class='ocrx_word' id='word_1_666' title='bbox 405 2777 449 2806; x_wconf 83' lang='grc'>56,</span> <span class='ocrx_word' id='word_1_667' title='bbox 488 2779 498 2794; x_wconf 85' lang='grc'><strong>⁹</strong></span> <span class='ocrx_word' id='word_1_668' title='bbox 518 2774 655 2812; x_wconf 52' lang='grc' dir='ltr'>Ζοειιίνι,</span> <span class='ocrx_word' id='word_1_669' title='bbox 674 2777 714 2805; x_wconf 70' lang='grc'><strong>12.</strong></span> 
     </span>
    </p>
   </div>
   <div class='ocr_carea' id='block_1_89' title="bbox 103 2865 414 2904">
    <p class='ocr_par' dir='ltr' id='par_1_89' title="bbox 103 2865 414 2904">
     <span class='ocr_line' id='line_1_89' title="bbox 103 2865 414 2904; baseline 0.006 -12"><span class='ocrx_word' id='word_1_670' title='bbox 103 2865 166 2902; x_wconf 74' lang='grc'><strong>(72)</strong></span> <span class='ocrx_word' id='word_1_671' title='bbox 181 2875 226 2901; x_wconf 82' lang='grc' dir='ltr'>γρ.</span> <span class='ocrx_word' id='word_1_672' title='bbox 244 2866 414 2904; x_wconf 77' lang='grc' dir='ltr'>παράγοντες</span> 
     </span>
    </p>
   </div>
   <div class='ocr_carea' id='block_1_90' title="bbox 684 2741 1301 2776">
    <p class='ocr_par' dir='ltr' id='par_1_90' title="bbox 684 2741 1301 2776">
     <span class='ocr_line' id='line_1_90' title="bbox 684 2741 1301 2776; baseline 0 -7"><span class='ocrx_word' id='word_1_673' title='bbox 684 2742 694 2757; x_wconf 84' lang='grc'>³</span> <span class='ocrx_word' id='word_1_674' title='bbox 707 2741 771 2770; x_wconf 87' lang='lat' dir='ltr'><strong>ibid.</strong></span> <span class='ocrx_word' id='word_1_675' title='bbox 789 2741 832 2770; x_wconf 80' lang='grc'><strong>10.</strong></span> <span class='ocrx_word' id='word_1_676' title='bbox 870 2741 941 2770; x_wconf 63' lang='lat' dir='ltr'><strong>‘lsa.</strong></span> <span class='ocrx_word' id='word_1_677' title='bbox 960 2743 1035 2776; x_wconf 78' lang='lat' dir='ltr'><strong>w,5.</strong></span> <span class='ocrx_word' id='word_1_678' title='bbox 1073 2741 1166 2770; x_wconf 75' lang='lat' dir='ltr'><strong>&#39;Psal.</strong></span> <span class='ocrx_word' id='word_1_679' title='bbox 1183 2748 1243 2775; x_wconf 81' lang='lat' dir='ltr'><strong>xcv,</strong></span> <span class='ocrx_word' id='word_1_680' title='bbox 1262 2742 1301 2769; x_wconf 83' lang='lat' dir='ltr'><strong>tl.</strong></span> 
     </span>
    </p>
   </div>
   <div class='ocr_carea' id='block_1_91' title="bbox 903 1640 1697 1679">
    <p class='ocr_par' dir='ltr' id='par_1_91' title="bbox 903 1640 1697 1679">
     <span class='ocr_line' id='line_1_91' title="bbox 903 1640 1697 1679; baseline -0.004 -8"><span class='ocrx_word' id='word_1_681' title='bbox 903 1644 956 1677; x_wconf 75' lang='lat' dir='ltr'><strong>vid,</strong></span> <span class='ocrx_word' id='word_1_682' title='bbox 976 1643 1124 1671; x_wconf 78' lang='lat' dir='ltr'><strong>benedictus</strong></span> <span class='ocrx_word' id='word_1_683' title='bbox 1151 1643 1196 1679; x_wconf 83' lang='lat' dir='ltr'><strong>qui</strong></span> <span class='ocrx_word' id='word_1_684' title='bbox 1217 1643 1283 1669; x_wconf 87' lang='lat' dir='ltr'><strong>venit</strong></span> <span class='ocrx_word' id='word_1_685' title='bbox 1310 1643 1337 1669; x_wconf 85' lang='lat' dir='ltr'><strong>in</strong></span> <span class='ocrx_word' id='word_1_686' title='bbox 1355 1642 1459 1669; x_wconf 84' lang='lat' dir='ltr'><strong>nomine</strong></span> <span class='ocrx_word' id='word_1_687' title='bbox 1484 1641 1591 1670; x_wconf 90' lang='lat' dir='ltr'><strong>Domini</strong></span> <span class='ocrx_word' id='word_1_688' title='bbox 1604 1641 1624 1668; x_wconf 84' lang='grc'><strong>³.</strong></span> <span class='ocrx_word' id='word_1_689' title='bbox 1647 1640 1697 1668; x_wconf 84' lang='lat' dir='ltr'><strong>llic</strong></span> 
     </span>
    </p>
   </div>
   <div class='ocr_carea' id='block_1_92' title="bbox 903 1687 1695 1724">
    <p class='ocr_par' dir='ltr' id='par_1_92' title="bbox 903 1687 1695 1724">
     <span class='ocr_line' id='line_1_92' title="bbox 903 1687 1695 1724; baseline -0.004 -7"><span class='ocrx_word' id='word_1_690' title='bbox 903 1693 946 1717; x_wconf 87' lang='lat' dir='ltr'><strong>est</strong></span> <span class='ocrx_word' id='word_1_691' title='bbox 977 1689 1118 1724; x_wconf 68' lang='lat' dir='ltr'><strong>praesentis</strong></span> <span class='ocrx_word' id='word_1_692' title='bbox 1149 1687 1318 1716; x_wconf 86' lang='lat' dir='ltr'><strong>celebritatis</strong></span> <span class='ocrx_word' id='word_1_693' title='bbox 1341 1687 1501 1715; x_wconf 87' lang='lat' dir='ltr'><strong>Dominicus</strong></span> <span class='ocrx_word' id='word_1_694' title='bbox 1532 1687 1695 1714; x_wconf 84' lang='lat' dir='ltr'><strong>adventus:</strong></span> 
     </span>
    </p>
   </div>
   <div class='ocr_carea' id='block_1_93' title="bbox 903 1733 1696 1771">
    <p class='ocr_par' dir='ltr' id='par_1_93' title="bbox 903 1733 1696 1771">
     <span class='ocr_line' id='line_1_93' title="bbox 903 1733 1696 1771; baseline -0.005 -8"><span class='ocrx_word' id='word_1_695' title='bbox 903 1736 962 1763; x_wconf 70' lang='lat' dir='ltr'><strong>haec</strong></span> <span class='ocrx_word' id='word_1_696' title='bbox 973 1735 1054 1771; x_wconf 75' lang='lat' dir='ltr'><strong>Regis</strong></span> <span class='ocrx_word' id='word_1_697' title='bbox 1066 1742 1159 1771; x_wconf 78' lang='lat' dir='ltr'><strong>regum</strong></span> <span class='ocrx_word' id='word_1_698' title='bbox 1175 1734 1209 1762; x_wconf 85' lang='lat' dir='ltr'><strong>ad</strong></span> <span class='ocrx_word' id='word_1_699' title='bbox 1224 1734 1334 1761; x_wconf 88' lang='lat' dir='ltr'><strong>Sionem</strong></span> <span class='ocrx_word' id='word_1_700' title='bbox 1351 1733 1427 1766; x_wconf 90' lang='lat' dir='ltr'><strong>olim,</strong></span> <span class='ocrx_word' id='word_1_701' title='bbox 1449 1737 1476 1761; x_wconf 92' lang='lat' dir='ltr'><strong>et</strong></span> <span class='ocrx_word' id='word_1_702' title='bbox 1492 1740 1565 1760; x_wconf 92' lang='lat' dir='ltr'><strong>nune</strong></span> <span class='ocrx_word' id='word_1_703' title='bbox 1576 1739 1696 1768; x_wconf 74' lang='lat' dir='ltr'><strong>quoque,</strong></span> 
     </span>
    </p>
   </div>
   <div class='ocr_carea' id='block_1_94' title="bbox 905 1778 1697 1818">
    <p class='ocr_par' dir='ltr' id='par_1_94' title="bbox 905 1778 1697 1818">
     <span class='ocr_line' id='line_1_94' title="bbox 905 1778 1697 1818; baseline -0.006 -8"><span class='ocrx_word' id='word_1_704' title='bbox 905 1782 1039 1818; x_wconf 84' lang='lat' dir='ltr'><strong>proiectio</strong></span> <span class='ocrx_word' id='word_1_705' title='bbox 1055 1791 1061 1809; x_wconf 90' lang='lat'>:</span> <span class='ocrx_word' id='word_1_706' title='bbox 1080 1782 1138 1809; x_wconf 77' lang='lat' dir='ltr'><strong>hzec</strong></span> <span class='ocrx_word' id='word_1_707' title='bbox 1153 1785 1195 1808; x_wconf 88' lang='lat' dir='ltr'><strong>est</strong></span> <span class='ocrx_word' id='word_1_708' title='bbox 1212 1780 1356 1816; x_wconf 64' lang='lat' dir='ltr'><strong>praesentis</strong></span> <span class='ocrx_word' id='word_1_709' title='bbox 1372 1779 1426 1807; x_wconf 86' lang='lat' dir='ltr'><strong>diei</strong></span> <span class='ocrx_word' id='word_1_710' title='bbox 1442 1778 1587 1814; x_wconf 86' lang='lat' dir='ltr'><strong>splendida</strong></span> <span class='ocrx_word' id='word_1_711' title='bbox 1606 1782 1634 1806; x_wconf 90' lang='lat' dir='ltr'><strong>et</strong></span> <span class='ocrx_word' id='word_1_712' title='bbox 1648 1785 1697 1813; x_wconf 88' lang='lat' dir='ltr'><strong>po-</strong></span> 
     </span>
    </p>
   </div>
   <div class='ocr_carea' id='block_1_95' title="bbox 905 1824 1696 1864">
    <p class='ocr_par' dir='ltr' id='par_1_95' title="bbox 905 1824 1696 1864">
     <span class='ocr_line' id='line_1_95' title="bbox 905 1824 1696 1864; baseline -0.005 -9"><span class='ocrx_word' id='word_1_713' title='bbox 905 1828 1009 1864; x_wconf 84' lang='lat' dir='ltr'><strong>pularis</strong></span> <span class='ocrx_word' id='word_1_714' title='bbox 1034 1828 1158 1855; x_wconf 91' lang='lat' dir='ltr'><strong>omnium</strong></span> <span class='ocrx_word' id='word_1_715' title='bbox 1180 1826 1332 1854; x_wconf 87' lang='lat' dir='ltr'><strong>conditoris</strong></span> <span class='ocrx_word' id='word_1_716' title='bbox 1356 1825 1488 1853; x_wconf 84' lang='lat' dir='ltr'><strong>accessio.</strong></span> <span class='ocrx_word' id='word_1_717' title='bbox 1513 1824 1696 1860; x_wconf 83' lang='lat' dir='ltr'><strong>Quapropter,</strong></span> 
     </span>
    </p>
   </div>
   <div class='ocr_carea' id='block_1_96' title="bbox 906 1870 1699 1902">
    <p class='ocr_par' dir='ltr' id='par_1_96' title="bbox 906 1870 1699 1902">
     <span class='ocr_line' id='line_1_96' title="bbox 906 1870 1699 1902; baseline -0.005 -1"><span class='ocrx_word' id='word_1_718' title='bbox 906 1882 968 1901; x_wconf 90' lang='lat' dir='ltr'><strong>cum</strong></span> <span class='ocrx_word' id='word_1_719' title='bbox 995 1873 1075 1900; x_wconf 83' lang='lat' dir='ltr'><strong>turba</strong></span> <span class='ocrx_word' id='word_1_720' title='bbox 1091 1880 1165 1900; x_wconf 90' lang='lat' dir='ltr'><strong>nunc</strong></span> <span class='ocrx_word' id='word_1_721' title='bbox 1191 1872 1225 1899; x_wconf 88' lang='lat' dir='ltr'><strong>ad</strong></span> <span class='ocrx_word' id='word_1_722' title='bbox 1241 1871 1341 1900; x_wconf 80' lang='lat' dir='ltr'><strong>festum</strong></span> <span class='ocrx_word' id='word_1_723' title='bbox 1369 1871 1441 1899; x_wconf 90' lang='lat' dir='ltr'><strong>diem</strong></span> <span class='ocrx_word' id='word_1_724' title='bbox 1457 1870 1627 1902; x_wconf 87' lang='lat' dir='ltr'><strong>convenerit,</strong></span> <span class='ocrx_word' id='word_1_725' title='bbox 1648 1878 1699 1897; x_wconf 79' lang='lat' dir='ltr'><strong>ex-</strong></span> 
     </span>
    </p>
   </div>
   <div class='ocr_carea' id='block_1_97' title="bbox 907 1916 1700 1952">
    <p class='ocr_par' dir='ltr' id='par_1_97' title="bbox 907 1916 1700 1952">
     <span class='ocr_line' id='line_1_97' title="bbox 907 1916 1700 1952; baseline -0.005 -5"><span class='ocrx_word' id='word_1_726' title='bbox 907 1927 1021 1952; x_wconf 80' lang='lat' dir='ltr'><strong>eamus,</strong></span> <span class='ocrx_word' id='word_1_727' title='bbox 1038 1927 1055 1947; x_wconf 95' lang='lat' dir='ltr'><strong>o</strong></span> <span class='ocrx_word' id='word_1_728' title='bbox 1072 1918 1218 1952; x_wconf 59' lang='lat' dir='ltr'><strong>fratres,fei</strong></span> <span class='ocrx_word' id='word_1_729' title='bbox 1237 1918 1357 1951; x_wconf 90' lang='lat' dir='ltr'><strong>obviam,</strong></span> <span class='ocrx_word' id='word_1_730' title='bbox 1373 1917 1529 1945; x_wconf 91' lang='lat' dir='ltr'><strong>etmundus</strong></span> <span class='ocrx_word' id='word_1_731' title='bbox 1545 1916 1663 1944; x_wconf 88' lang='lat' dir='ltr'><strong>visibilis</strong></span> <span class='ocrx_word' id='word_1_732' title='bbox 1672 1919 1700 1943; x_wconf 86' lang='lat' dir='ltr'><strong>et</strong></span> 
     </span>
    </p>
   </div>
   <div class='ocr_carea' id='block_1_98' title="bbox 907 1959 1700 2000">
    <p class='ocr_par' dir='ltr' id='par_1_98' title="bbox 907 1959 1700 2000">
     <span class='ocr_line' id='line_1_98' title="bbox 907 1959 1700 2000; baseline -0.008 -6"><span class='ocrx_word' id='word_1_733' title='bbox 907 1966 1062 1998; x_wconf 86' lang='lat' dir='ltr'><strong>invisibilis,</strong></span> <span class='ocrx_word' id='word_1_734' title='bbox 1081 1970 1108 1993; x_wconf 86' lang='lat' dir='ltr'><strong>et</strong></span> <span class='ocrx_word' id='word_1_735' title='bbox 1121 1959 1307 2000; x_wconf 61' lang='lat' dir='ltr'><strong>qui&#39;tcmpore</strong></span> <span class='ocrx_word' id='word_1_736' title='bbox 1327 1963 1485 1999; x_wconf 63' lang='lat' dir='ltr'><strong>praecedunt</strong></span> <span class='ocrx_word' id='word_1_737' title='bbox 1507 1963 1648 1998; x_wconf 66' lang='lat' dir='ltr'><strong>prophetae.</strong></span> <span class='ocrx_word' id='word_1_738' title='bbox 1667 1969 1700 1988; x_wconf 89' lang='lat' dir='ltr'><strong>ac</strong></span> 
     </span>
    </p>
   </div>
   <div class='ocr_carea' id='block_1_99' title="bbox 907 2007 1700 2047">
    <p class='ocr_par' dir='ltr' id='par_1_99' title="bbox 907 2007 1700 2047">
     <span class='ocr_line' id='line_1_99' title="bbox 907 2007 1700 2047; baseline -0.006 -7"><span class='ocrx_word' id='word_1_739' title='bbox 907 2011 1046 2047; x_wconf 87' lang='lat' dir='ltr'><strong>discipuli,</strong></span> <span class='ocrx_word' id='word_1_740' title='bbox 1064 2015 1091 2039; x_wconf 88' lang='lat' dir='ltr'><strong>et</strong></span> <span class='ocrx_word' id='word_1_741' title='bbox 1114 2010 1161 2045; x_wconf 89' lang='lat' dir='ltr'><strong>qui</strong></span> <span class='ocrx_word' id='word_1_742' title='bbox 1182 2011 1287 2045; x_wconf 90' lang='lat' dir='ltr'><strong>pullum</strong></span> <span class='ocrx_word' id='word_1_743' title='bbox 1309 2013 1474 2045; x_wconf 88' lang='lat' dir='ltr'><strong>sequuntur,</strong></span> <span class='ocrx_word' id='word_1_744' title='bbox 1489 2009 1536 2044; x_wconf 90' lang='lat' dir='ltr'><strong>qui</strong></span> <span class='ocrx_word' id='word_1_745' title='bbox 1554 2016 1618 2036; x_wconf 89' lang='lat' dir='ltr'><strong>cum</strong></span> <span class='ocrx_word' id='word_1_746' title='bbox 1643 2007 1700 2035; x_wconf 87' lang='lat' dir='ltr'><strong>Deo</strong></span> 
     </span>
    </p>
   </div>
   <div class='ocr_carea' id='block_1_100' title="bbox 909 2053 1699 2085">
    <p class='ocr_par' dir='ltr' id='par_1_100' title="bbox 909 2053 1699 2085">
     <span class='ocr_line' id='line_1_100' title="bbox 909 2053 1699 2085; baseline -0.006 -1"><span class='ocrx_word' id='word_1_747' title='bbox 909 2057 960 2085; x_wconf 87' lang='lat' dir='ltr'><strong>ﬁde</strong></span> <span class='ocrx_word' id='word_1_748' title='bbox 982 2056 1161 2084; x_wconf 85' lang='lat' dir='ltr'><strong>concordant.</strong></span> <span class='ocrx_word' id='word_1_749' title='bbox 1179 2055 1266 2084; x_wconf 84' lang='lat' dir='ltr'><strong>Hodie</strong></span> <span class='ocrx_word' id='word_1_750' title='bbox 1288 2056 1412 2084; x_wconf 67' lang='lat' dir='ltr'><strong>cmlestia</strong></span> <span class='ocrx_word' id='word_1_751' title='bbox 1432 2061 1496 2082; x_wconf 90' lang='lat' dir='ltr'><strong>cum</strong></span> <span class='ocrx_word' id='word_1_752' title='bbox 1510 2053 1639 2085; x_wconf 87' lang='lat' dir='ltr'><strong>terrenis,</strong></span> <span class='ocrx_word' id='word_1_753' title='bbox 1657 2057 1699 2080; x_wconf 78' lang='lat' dir='ltr'><strong>at~</strong></span> 
     </span>
    </p>
   </div>
   <div class='ocr_carea' id='block_1_101' title="bbox 908 2099 1699 2138">
    <p class='ocr_par' dir='ltr' id='par_1_101' title="bbox 908 2099 1699 2138">
     <span class='ocr_line' id='line_1_101' title="bbox 908 2099 1699 2138; baseline -0.008 -7"><span class='ocrx_word' id='word_1_754' title='bbox 908 2111 961 2138; x_wconf 90' lang='lat' dir='ltr'><strong>que</strong></span> <span class='ocrx_word' id='word_1_755' title='bbox 990 2103 1036 2136; x_wconf 90' lang='lat' dir='ltr'><strong>iis,</strong></span> <span class='ocrx_word' id='word_1_756' title='bbox 1058 2102 1104 2138; x_wconf 92' lang='lat' dir='ltr'><strong>qui</strong></span> <span class='ocrx_word' id='word_1_757' title='bbox 1132 2102 1185 2130; x_wconf 85' lang='lat' dir='ltr'><strong>sub</strong></span> <span class='ocrx_word' id='word_1_758' title='bbox 1204 2106 1278 2129; x_wconf 87' lang='lat' dir='ltr'><strong>terra</strong></span> <span class='ocrx_word' id='word_1_759' title='bbox 1295 2105 1372 2135; x_wconf 88' lang='lat' dir='ltr'><strong>sunt,</strong></span> <span class='ocrx_word' id='word_1_760' title='bbox 1395 2100 1511 2137; x_wconf 88' lang='lat' dir='ltr'><strong>hymnos</strong></span> <span class='ocrx_word' id='word_1_761' title='bbox 1534 2099 1699 2132; x_wconf 82' lang='lat' dir='ltr'><strong>concinam;</strong></span> 
     </span>
    </p>
   </div>
   <div class='ocr_carea' id='block_1_102' title="bbox 909 2143 1758 2182">
    <p class='ocr_par' dir='ltr' id='par_1_102' title="bbox 909 2143 1758 2182">
     <span class='ocr_line' id='line_1_102' title="bbox 909 2143 1758 2182; baseline -0.008 -6"><span class='ocrx_word' id='word_1_762' title='bbox 909 2156 990 2176; x_wconf 89' lang='lat' dir='ltr'><strong>omne</strong></span> <span class='ocrx_word' id='word_1_763' title='bbox 1007 2155 1049 2181; x_wconf 86' lang='lat' dir='ltr'><strong>os,</strong></span> <span class='ocrx_word' id='word_1_764' title='bbox 1062 2147 1208 2182; x_wconf 88' lang='lat' dir='ltr'><strong>omnisque</strong></span> <span class='ocrx_word' id='word_1_765' title='bbox 1222 2147 1337 2182; x_wconf 89' lang='lat' dir='ltr'><strong>spiritus</strong></span> <span class='ocrx_word' id='word_1_766' title='bbox 1350 2146 1384 2174; x_wconf 90' lang='lat' dir='ltr'><strong>ad</strong></span> <span class='ocrx_word' id='word_1_767' title='bbox 1404 2145 1512 2173; x_wconf 88' lang='lat' dir='ltr'><strong>laudem</strong></span> <span class='ocrx_word' id='word_1_768' title='bbox 1529 2144 1575 2171; x_wconf 88' lang='lat' dir='ltr'><strong>Dei</strong></span> <span class='ocrx_word' id='word_1_769' title='bbox 1593 2143 1701 2178; x_wconf 86' lang='lat' dir='ltr'><strong>aperia—</strong></span> <span class='ocrx_word' id='word_1_770' title='bbox 1753 2157 1758 2162; x_wconf 87' lang='lat'><strong><em>-</em></strong></span> 
     </span>
    </p>
   </div>
   <div class='ocr_carea' id='block_1_103' title="bbox 909 2192 1701 2226">
    <p class='ocr_par' dir='ltr' id='par_1_103' title="bbox 909 2192 1701 2226">
     <span class='ocr_line' id='line_1_103' title="bbox 909 2192 1701 2226; baseline -0.005 -5"><span class='ocrx_word' id='word_1_771' title='bbox 909 2197 964 2221; x_wconf 89' lang='lat' dir='ltr'><strong>tur.</strong></span> <span class='ocrx_word' id='word_1_772' title='bbox 979 2194 1138 2226; x_wconf 87' lang='lat' dir='ltr'><strong>Cherubim,</strong></span> <span class='ocrx_word' id='word_1_773' title='bbox 1163 2194 1279 2221; x_wconf 86' lang='lat' dir='ltr'><strong>clamate</strong></span> <span class='ocrx_word' id='word_1_774' title='bbox 1295 2202 1303 2221; x_wconf 83' lang='lat'><strong>:</strong></span> <span class='ocrx_word' id='word_1_775' title='bbox 1318 2192 1443 2224; x_wconf 81' lang='lat' dir='ltr'><strong>Sanetus,</strong></span> <span class='ocrx_word' id='word_1_776' title='bbox 1458 2195 1576 2222; x_wconf 84' lang='lat' dir='ltr'><strong>sanctus,</strong></span> <span class='ocrx_word' id='word_1_777' title='bbox 1593 2193 1701 2217; x_wconf 75' lang='lat' dir='ltr'><strong>sanctus</strong></span> 
     </span>
    </p>
   </div>
   <div class='ocr_carea' id='block_1_104' title="bbox 911 2234 1701 2272">
    <p class='ocr_par' dir='ltr' id='par_1_104' title="bbox 911 2234 1701 2272">
     <span class='ocr_line' id='line_1_104' title="bbox 911 2234 1701 2272; baseline -0.006 -6"><span class='ocrx_word' id='word_1_778' title='bbox 911 2240 1051 2272; x_wconf 82' lang='lat' dir='ltr'><strong>Dominus,</strong></span> <span class='ocrx_word' id='word_1_779' title='bbox 1070 2244 1109 2267; x_wconf 79' lang='lat' dir='ltr'><strong>ter</strong></span> <span class='ocrx_word' id='word_1_780' title='bbox 1120 2245 1239 2271; x_wconf 81' lang='lat' dir='ltr'><strong>sanctus,</strong></span> <span class='ocrx_word' id='word_1_781' title='bbox 1252 2239 1434 2270; x_wconf 72' lang='lat' dir='ltr'><strong>exercituum;</strong></span> <span class='ocrx_word' id='word_1_782' title='bbox 1448 2235 1518 2271; x_wconf 76' lang='lat' dir='ltr'><strong>pleni</strong></span> <span class='ocrx_word' id='word_1_783' title='bbox 1533 2239 1593 2262; x_wconf 87' lang='lat' dir='ltr'><strong>sunt</strong></span> <span class='ocrx_word' id='word_1_784' title='bbox 1604 2234 1662 2262; x_wconf 74' lang='lat' dir='ltr'><strong>cwli</strong></span> <span class='ocrx_word' id='word_1_785' title='bbox 1674 2234 1701 2261; x_wconf 74' lang='grc' dir='ltr'><strong>ἐι</strong></span> 
     </span>
    </p>
   </div>
   <div class='ocr_carea' id='block_1_105' title="bbox 913 2281 1703 2321">
    <p class='ocr_par' dir='ltr' id='par_1_105' title="bbox 913 2281 1703 2321">
     <span class='ocr_line' id='line_1_105' title="bbox 913 2281 1703 2321; baseline -0.006 -9"><span class='ocrx_word' id='word_1_786' title='bbox 913 2290 984 2313; x_wconf 81' lang='lat' dir='ltr'><strong>terra</strong></span> <span class='ocrx_word' id='word_1_787' title='bbox 997 2285 1084 2321; x_wconf 86' lang='lat' dir='ltr'><strong>gloria</strong></span> <span class='ocrx_word' id='word_1_788' title='bbox 1094 2285 1151 2320; x_wconf 87' lang='lat' dir='ltr'><strong>ejus</strong></span> <span class='ocrx_word' id='word_1_789' title='bbox 1163 2285 1190 2319; x_wconf 67' lang='grc' dir='ltr'>ις</span> <span class='ocrx_word' id='word_1_790' title='bbox 1205 2284 1355 2320; x_wconf 86' lang='lat' dir='ltr'><strong>seraphim,</strong></span> <span class='ocrx_word' id='word_1_791' title='bbox 1376 2283 1493 2320; x_wconf 87' lang='lat' dir='ltr'><strong>hymnos</strong></span> <span class='ocrx_word' id='word_1_792' title='bbox 1513 2281 1620 2314; x_wconf 80' lang='lat' dir='ltr'><strong>canite;</strong></span> <span class='ocrx_word' id='word_1_793' title='bbox 1638 2287 1703 2315; x_wconf 89' lang='lat' dir='ltr'><strong>pro-</strong></span> 
     </span>
    </p>
   </div>
   <div class='ocr_carea' id='block_1_106' title="bbox 912 2326 1702 2367">
    <p class='ocr_par' dir='ltr' id='par_1_106' title="bbox 912 2326 1702 2367">
     <span class='ocr_line' id='line_1_106' title="bbox 912 2326 1702 2367; baseline -0.008 -9"><span class='ocrx_word' id='word_1_794' title='bbox 912 2332 1010 2367; x_wconf 85' lang='lat' dir='ltr'><strong>phetae,</strong></span> <span class='ocrx_word' id='word_1_795' title='bbox 1026 2331 1190 2366; x_wconf 77' lang='lat' dir='ltr'><strong>praedicate;</strong></span> <span class='ocrx_word' id='word_1_796' title='bbox 1204 2334 1231 2358; x_wconf 89' lang='lat' dir='ltr'><strong>et</strong></span> <span class='ocrx_word' id='word_1_797' title='bbox 1244 2331 1316 2358; x_wconf 88' lang='lat' dir='ltr'><strong>alius</strong></span> <span class='ocrx_word' id='word_1_798' title='bbox 1331 2330 1404 2358; x_wconf 85' lang='lat' dir='ltr'><strong>dicat</strong></span> <span class='ocrx_word' id='word_1_799' title='bbox 1422 2338 1428 2356; x_wconf 89' lang='lat'>:</span> <span class='ocrx_word' id='word_1_800' title='bbox 1448 2328 1583 2356; x_wconf 72' lang='lat' dir='ltr'><strong>Lwteutur</strong></span> <span class='ocrx_word' id='word_1_801' title='bbox 1596 2326 1664 2357; x_wconf 79' lang='lat' dir='ltr'><strong>cwli.</strong></span> <span class='ocrx_word' id='word_1_802' title='bbox 1678 2330 1702 2353; x_wconf 82' lang='lat' dir='ltr'><strong>et</strong></span> 
     </span>
    </p>
   </div>
   <div class='ocr_carea' id='block_1_107' title="bbox 911 2370 1702 2410">
    <p class='ocr_par' dir='ltr' id='par_1_107' title="bbox 911 2370 1702 2410">
     <span class='ocr_line' id='line_1_107' title="bbox 911 2370 1702 2410; baseline -0.006 -7"><span class='ocrx_word' id='word_1_803' title='bbox 911 2376 1023 2404; x_wconf 67' lang='lat' dir='ltr'><strong>exsultet</strong></span> <span class='ocrx_word' id='word_1_804' title='bbox 1055 2376 1162 2410; x_wconf 81' lang='lat' dir='ltr'><strong>terru&#39;;</strong></span> <span class='ocrx_word' id='word_1_805' title='bbox 1199 2375 1270 2403; x_wconf 84' lang='lat' dir='ltr'><strong>alius</strong></span> <span class='ocrx_word' id='word_1_806' title='bbox 1301 2374 1422 2403; x_wconf 84' lang='lat' dir='ltr'><strong>:Gaude</strong></span> <span class='ocrx_word' id='word_1_807' title='bbox 1446 2373 1610 2409; x_wconf 83' lang='lat' dir='ltr'><strong>plurimum,</strong></span> <span class='ocrx_word' id='word_1_808' title='bbox 1644 2370 1702 2406; x_wconf 77' lang='lat' dir='ltr'><strong>ﬁlia</strong></span> 
     </span>
    </p>
   </div>
   <div class='ocr_carea' id='block_1_108' title="bbox 912 2416 1704 2454">
    <p class='ocr_par' dir='ltr' id='par_1_108' title="bbox 912 2416 1704 2454">
     <span class='ocr_line' id='line_1_108' title="bbox 912 2416 1704 2454; baseline -0.004 -8"><span class='ocrx_word' id='word_1_809' title='bbox 912 2419 1016 2453; x_wconf 67' lang='lat' dir='ltr'><strong>Sion“;</strong></span> <span class='ocrx_word' id='word_1_810' title='bbox 1031 2419 1163 2453; x_wconf 73' lang='lat' dir='ltr'><strong>exclama,</strong></span> <span class='ocrx_word' id='word_1_811' title='bbox 1182 2419 1242 2454; x_wconf 82' lang='lat' dir='ltr'><strong>filia</strong></span> <span class='ocrx_word' id='word_1_812' title='bbox 1258 2419 1445 2451; x_wconf 73' lang='lat' dir='ltr'><strong>Hierusalem;</strong></span> <span class='ocrx_word' id='word_1_813' title='bbox 1468 2417 1539 2446; x_wconf 85' lang='lat' dir='ltr'><strong>alius</strong></span> <span class='ocrx_word' id='word_1_814' title='bbox 1560 2420 1651 2444; x_wconf 85' lang='lat' dir='ltr'><strong>autem</strong></span> <span class='ocrx_word' id='word_1_815' title='bbox 1675 2416 1704 2443; x_wconf 89' lang='lat' dir='ltr'><strong>in</strong></span> 
     </span>
    </p>
   </div>
   <div class='ocr_carea' id='block_1_109' title="bbox 911 2462 1702 2500">
    <p class='ocr_par' dir='ltr' id='par_1_109' title="bbox 911 2462 1702 2500">
     <span class='ocr_line' id='line_1_109' title="bbox 911 2462 1702 2500; baseline -0.004 -8"><span class='ocrx_word' id='word_1_816' title='bbox 911 2473 1001 2500; x_wconf 82' lang='lat' dir='ltr'><strong>regem</strong></span> <span class='ocrx_word' id='word_1_817' title='bbox 1019 2466 1158 2493; x_wconf 78' lang='lat' dir='ltr'><strong>Christum</strong></span> <span class='ocrx_word' id='word_1_818' title='bbox 1176 2466 1285 2494; x_wconf 88' lang='lat' dir='ltr'><strong>intuens</strong></span> <span class='ocrx_word' id='word_1_819' title='bbox 1302 2467 1402 2493; x_wconf 86' lang='lat' dir='ltr'><strong>clamet</strong></span> <span class='ocrx_word' id='word_1_820' title='bbox 1418 2475 1424 2493; x_wconf 78' lang='grc' dir='ltr'><strong>ι</strong></span> <span class='ocrx_word' id='word_1_821' title='bbox 1440 2464 1507 2492; x_wconf 78' lang='lat' dir='ltr'><strong>Ecce</strong></span> <span class='ocrx_word' id='word_1_822' title='bbox 1524 2464 1613 2499; x_wconf 80' lang='lat' dir='ltr'><strong>Agnus</strong></span> <span class='ocrx_word' id='word_1_823' title='bbox 1641 2462 1702 2494; x_wconf 87' lang='lat' dir='ltr'><strong>Dei,</strong></span> 
     </span>
    </p>
   </div>
   <div class='ocr_carea' id='block_1_110' title="bbox 912 2509 1704 2547">
    <p class='ocr_par' dir='ltr' id='par_1_110' title="bbox 912 2509 1704 2547">
     <span class='ocr_line' id='line_1_110' title="bbox 912 2509 1704 2547; baseline -0.005 -8"><span class='ocrx_word' id='word_1_824' title='bbox 912 2513 957 2547; x_wconf 85' lang='lat' dir='ltr'><strong>qui</strong></span> <span class='ocrx_word' id='word_1_825' title='bbox 971 2512 1041 2539; x_wconf 84' lang='lat' dir='ltr'><strong>tollit</strong></span> <span class='ocrx_word' id='word_1_826' title='bbox 1053 2517 1162 2546; x_wconf 78' lang='lat' dir='ltr'><strong>peccata</strong></span> <span class='ocrx_word' id='word_1_827' title='bbox 1176 2512 1307 2547; x_wconf 83' lang='lat' dir='ltr'><strong>mundi&quot;;</strong></span> <span class='ocrx_word' id='word_1_828' title='bbox 1325 2516 1352 2540; x_wconf 89' lang='lat' dir='ltr'><strong>et</strong></span> <span class='ocrx_word' id='word_1_829' title='bbox 1369 2513 1437 2540; x_wconf 89' lang='lat' dir='ltr'><strong>alter</strong></span> <span class='ocrx_word' id='word_1_830' title='bbox 1456 2512 1491 2539; x_wconf 87' lang='lat' dir='ltr'><strong>de</strong></span> <span class='ocrx_word' id='word_1_831' title='bbox 1507 2512 1567 2546; x_wconf 85' lang='lat' dir='ltr'><strong>ipso</strong></span> <span class='ocrx_word' id='word_1_832' title='bbox 1588 2509 1704 2537; x_wconf 90' lang='lat' dir='ltr'><strong>Domino</strong></span> 
     </span>
    </p>
   </div>
   <div class='ocr_carea' id='block_1_111' title="bbox 913 2555 1705 2593">
    <p class='ocr_par' dir='ltr' id='par_1_111' title="bbox 913 2555 1705 2593">
     <span class='ocr_line' id='line_1_111' title="bbox 913 2555 1705 2593; baseline -0.005 -8"><span class='ocrx_word' id='word_1_833' title='bbox 913 2558 1041 2593; x_wconf 69' lang='lat' dir='ltr'><strong>praedicet</strong></span> <span class='ocrx_word' id='word_1_834' title='bbox 1054 2568 1060 2585; x_wconf 92' lang='lat'><strong>:</strong></span> <span class='ocrx_word' id='word_1_835' title='bbox 1074 2557 1126 2584; x_wconf 82' lang='lat' dir='ltr'><strong>Hic</strong></span> <span class='ocrx_word' id='word_1_836' title='bbox 1143 2562 1182 2585; x_wconf 84' lang='lat' dir='ltr'><strong>est</strong></span> <span class='ocrx_word' id='word_1_837' title='bbox 1200 2557 1271 2584; x_wconf 83' lang='lat' dir='ltr'><strong>Deus</strong></span> <span class='ocrx_word' id='word_1_838' title='bbox 1294 2562 1393 2591; x_wconf 81' lang='lat' dir='ltr'><strong>noster,</strong></span> <span class='ocrx_word' id='word_1_839' title='bbox 1417 2563 1440 2585; x_wconf 90' lang='lat' dir='ltr'><strong>et</strong></span> <span class='ocrx_word' id='word_1_840' title='bbox 1461 2564 1511 2584; x_wconf 87' lang='lat' dir='ltr'><strong>nan</strong></span> <span class='ocrx_word' id='word_1_841' title='bbox 1528 2555 1705 2584; x_wconf 78' lang='lat' dir='ltr'><strong>wstimubitur</strong></span> 
     </span>
    </p>
   </div>
   <div class='ocr_carea' id='block_1_112' title="bbox 913 2600 1704 2636">
    <p class='ocr_par' dir='ltr' id='par_1_112' title="bbox 913 2600 1704 2636">
     <span class='ocr_line' id='line_1_112' title="bbox 913 2600 1704 2636; baseline -0.005 -7"><span class='ocrx_word' id='word_1_842' title='bbox 913 2603 984 2630; x_wconf 83' lang='lat' dir='ltr'><strong>alius</strong></span> <span class='ocrx_word' id='word_1_843' title='bbox 1009 2602 1042 2629; x_wconf 80' lang='lat' dir='ltr'><strong>ad</strong></span> <span class='ocrx_word' id='word_1_844' title='bbox 1068 2603 1165 2636; x_wconf 60' lang='lat' dir='ltr'><strong>eum“;</strong></span> <span class='ocrx_word' id='word_1_845' title='bbox 1191 2602 1255 2630; x_wconf 89' lang='lat' dir='ltr'><strong>item</strong></span> <span class='ocrx_word' id='word_1_846' title='bbox 1281 2603 1372 2630; x_wconf 85' lang='lat' dir='ltr'><strong>alius:</strong></span> <span class='ocrx_word' id='word_1_847' title='bbox 1390 2605 1457 2630; x_wconf 86' lang='lat' dir='ltr'><strong>Ecce</strong></span> <span class='ocrx_word' id='word_1_848' title='bbox 1481 2604 1558 2629; x_wconf 80' lang='lat' dir='ltr'><strong>homo</strong></span> <span class='ocrx_word' id='word_1_849' title='bbox 1580 2600 1704 2628; x_wconf 77' lang='lat' dir='ltr'><strong>simulet</strong></span> 
     </span>
    </p>
   </div>
   <div class='ocr_carea' id='block_1_113' title="bbox 916 2645 1702 2683">
    <p class='ocr_par' dir='ltr' id='par_1_113' title="bbox 916 2645 1702 2683">
     <span class='ocr_line' id='line_1_113' title="bbox 916 2645 1702 2683; baseline -0.003 -7"><span class='ocrx_word' id='word_1_850' title='bbox 916 2649 984 2677; x_wconf 86' lang='lat' dir='ltr'><strong>Deus</strong></span> <span class='ocrx_word' id='word_1_851' title='bbox 997 2657 1006 2676; x_wconf 88' lang='lat'><strong><em>:</em></strong></span> <span class='ocrx_word' id='word_1_852' title='bbox 1019 2649 1114 2677; x_wconf 83' lang='lat' dir='ltr'><strong>Oriens</strong></span> <span class='ocrx_word' id='word_1_853' title='bbox 1125 2657 1218 2677; x_wconf 84' lang='lat' dir='ltr'><strong>nomen</strong></span> <span class='ocrx_word' id='word_1_854' title='bbox 1234 2653 1272 2676; x_wconf 81' lang='lat' dir='ltr'><strong>est</strong></span> <span class='ocrx_word' id='word_1_855' title='bbox 1285 2649 1309 2677; x_wconf 84' lang='lat' dir='ltr'><strong>ei</strong></span> <span class='ocrx_word' id='word_1_856' title='bbox 1320 2650 1330 2665; x_wconf 80' lang='lat'><strong><em>°</em></strong></span> <span class='ocrx_word' id='word_1_857' title='bbox 1343 2658 1349 2681; x_wconf 88' lang='lat'><strong>;</strong></span> <span class='ocrx_word' id='word_1_858' title='bbox 1366 2653 1393 2677; x_wconf 91' lang='lat' dir='ltr'><strong>ct</strong></span> <span class='ocrx_word' id='word_1_859' title='bbox 1407 2648 1491 2676; x_wconf 86' lang='lat' dir='ltr'><strong>David</strong></span> <span class='ocrx_word' id='word_1_860' title='bbox 1506 2648 1657 2683; x_wconf 86' lang='lat' dir='ltr'><strong>respiciens</strong></span> <span class='ocrx_word' id='word_1_861' title='bbox 1672 2645 1702 2674; x_wconf 88' lang='lat' dir='ltr'><strong>ad</strong></span> 
     </span>
    </p>
   </div>
   <div class='ocr_carea' id='block_1_114' title="bbox 1352 2737 1692 2773">
    <p class='ocr_par' dir='ltr' id='par_1_114' title="bbox 1352 2737 1692 2773">
     <span class='ocr_line' id='line_1_114' title="bbox 1352 2737 1692 2773; baseline -0.015 -5"><span class='ocrx_word' id='word_1_862' title='bbox 1352 2739 1424 2768; x_wconf 71' lang='lat' dir='ltr'><strong>&#39;lsa.</strong></span> <span class='ocrx_word' id='word_1_863' title='bbox 1445 2747 1494 2773; x_wconf 75' lang='lat' dir='ltr'><strong>xu,</strong></span> <span class='ocrx_word' id='word_1_864' title='bbox 1513 2740 1539 2767; x_wconf 89' lang='grc'><strong>6.</strong></span> <span class='ocrx_word' id='word_1_865' title='bbox 1591 2737 1692 2765; x_wconf 70' lang='lat' dir='ltr'><strong>“’Josn.</strong></span> 
     </span>
    </p>
   </div>
  </div>
