1929 3038
88 115 142 145 457

618 117 761 146 HOMILIA
779 118 799 146 Ι.
811 117 844 146 ΙΝ
865 117 978 146 FESTO
997 117 1202 146 PALMARUM.

1682 119 1736 146 ‘59

89 173 187 208 δκεενς
209 173 282 210 ἣτις
300 175 458 212 ὲξήγειρεν;
478 175 520 208 τις
538 177 648 212 ὲσόφισε
663 177 736 213 (75);
754 178 797 210 τίς
816 176 891 212 ἐξαίσ

947 178 1031 207 dicis?
1059 179 1125 214 quid
1147 185 1246 206 censes
1268 177 1303 205 de
1327 177 1428 213 hymno
1451 176 1635 206 lactentium?
1660 178 1735 213 quis,

89 229 161 257 φνης
192 221 380 257 ἀπειρολόγοις
408 222 508 250 δέδωκε
534 222 622 258 λόγον,
641 224 666 250 ει
687 224 725 260 μὴ
742 223 858 260 Χριστὸς
876 225 890 251 ὁ

90 266 256 301 προσιώνιος
278 267 380 302 Δόγος;
409 267 467 294 Νὗν
488 268 512 295 οἱ
528 269 594 301 νέοι,
610 269 704 302 παῖδες
718 269 786 305 ὁμοῦ
799 278 829 296 τε
844 270 891 297 καὶ

90 313 179 349 νήπια
194 313 267 349 χειρὶ
292 314 341 350 μιᾷ
363 312 448 349 μαζὸν
467 314 627 350 κατέχοντα,
644 315 692 342 καὶ
714 317 789 352 φωνῇ
805 315 890 351 ὕμνον

92 359 241 392 ἁγγελικὺν
253 359 446 395 άναμέλποντα
455 368 462 375 ·
479 362 552 397 χειρὶ
568 362 617 397 μιᾷ
631 361 716 396 μαζὸν
729 361 889 397 κατέχοντα.

91 405 139 433 καὶ
147 405 218 442 ἄλλῃ
226 406 414 443 χειρὶΧρισ-τῷ
421 407 485 444 βαΐα
495 407 651 435 ὲπισείοντα
658 416 665 422 ·
674 409 691 443 ἡ
702 407 889 443 ἁπειρολόγος,

91 450 220 485 θεολότος
244 452 416 488 γεγενημένη
440 452 538 487 φύσις·
563 452 645 484 εὐθὺς
660 453 706 479 τὸν
722 453 891 489 προφητικὸν

91 497 173 531 λόγον
178 497 239 534 Θεῷ
246 497 300 525 τῶν
310 498 464 534 ἀσωμάτων
477 498 561 534 ὕμνον
572 498 610 531 ὼς
619 499 695 534 δῶρα
706 499 890 535 προσάγοντα,

91 542 161 578 ὁμοῦ
174 552 205 570 τε
222 544 269 570 καὶ
284 544 432 580 κράζοντα,
461 545 595 572 Ὡσαννὰ
613 545 648 572 ἐν
663 546 724 578 τοῖς
737 546 890 580 ὑψίστοις,

89 590 298 625 ὠλοπημένος
323 592 340 618 ὁ
362 591 526 626 ἐρχόμενος
557 591 592 618 ἐν
621 592 742 628 ὀνόματι
769 591 891 626 Κυρίου,

91 635 168 669 Θεὸς
184 636 304 670 Κύριος,
322 636 371 663 καὶ
386 635 538 672 ἐπέφανεν
550 637 634 672 ἡμῖν.

91 679 232 713 ferentes,
265 681 347 708 simul
369 685 451 717 atque
474 681 657 711 vociferantes
688 690 696 709 :

90 729 164 757 Deus
184 727 326 762 Dominus,
341 733 366 756 et
382 729 474 756 illuxit
491 730 578 758 nobis.

126 775 203 810 Πρδς
223 774 242 801 ἃ
259 774 316 808 ἐγὼ
326 775 510 812 περιχάριστα
521 776 590 812 ὁμοῦ
598 785 627 803 τε
640 778 687 804 καὶ
695 778 821 814 ἐφεόρτια
828 779 891 806 άντ-

93 818 230 854 επερωτῶ
247 819 312 851 τοὺς
329 820 419 855 ἱεροὺς
438 820 551 853 τούτους
564 822 662 854 παῖδας
685 822 840 859 θαρσήσας·
857 824 890 850 Ti

943 233 1046 261 quasso,
1073 225 1160 252 lucem
1184 224 1228 252 his
1253 223 1387 259 praetulit?
1405 224 1468 259 quis
1485 232 1534 252 eos
1556 224 1661 257 docuit,
1688 227 1736 252 aut

943 272 1095 300 excitavit?
1117 271 1179 307 quis
1204 270 1325 298 erudiit?
1359 271 1422 305 quis
1448 274 1562 305 repente
1588 269 1734 298 verborum

945 318 1048 354 ignaris
1068 318 1145 345 verbi
1171 325 1251 345 usum
1271 316 1419 348 concessit,
1446 315 1500 343 nisi
1517 316 1645 344 Christus
1672 320 1736 343 ante

946 365 1047 392 saecula
1079 363 1221 392 Verbum?
1244 362 1324 390 Nunc
1337 364 1466 396 juvenes,
1483 362 1559 397 pueri
1584 362 1686 396 pariter
1708 366 1737 389 et

945 410 1076 443 infantes,
1091 418 1147 438 una
1163 418 1247 438 manu
1265 417 1413 437 mammam
1432 408 1605 444 prehendunt
1625 412 1653 435 et
1669 416 1738 436 voce

945 454 1076 490 hymnum
1099 458 1204 482 canunt
1221 454 1397 490 angelicum,
1423 457 1452 481 et
1472 453 1557 481 altera
1573 457 1636 480 ante
1658 452 1738 480 Chri-

944 504 1016 527 stum
1042 500 1195 536 palmarum
1214 508 1308 528 ramos
1332 500 1451 527 vibrant.
1480 499 1621 527 Orationis
1643 499 1738 534 ignara

944 550 1041 573 natura
1068 551 1180 581 repente
1205 545 1240 574 de
1267 545 1323 574 Deo
1342 547 1425 574 verba
1455 546 1546 573 facere
1565 545 1673 579 didicit,
1696 553 1740 573 re-

946 593 1026 626 pente
1041 591 1194 618 orationem
1208 590 1395 627 propheticum
1411 591 1639 625 incorporeorum
1655 590 1738 625 spiri-

945 642 1023 664 tuum
1045 637 1100 664 Deo
1114 636 1245 672 hymnum
1262 642 1392 672 tanquam
1414 644 1529 664 munera
1544 636 1682 672 quaedam,
1697 635 1738 663 of-

729 682 859 710 Iloranua
885 683 912 710 in
937 683 1058 716 excelsis,
1090 682 1239 710 benedictus
1265 682 1310 718 qui
1344 683 1412 709 venit
1432 683 1458 709 in
1483 683 1587 710 nomine
1621 679 1739 710 Domini.

981 774 1022 802 Ad
1042 781 1112 809 quas
1124 781 1174 810 ego
1190 781 1272 802 voces
1287 773 1411 801 vicissim
1430 777 1458 800 ut
1472 773 1542 808 grati
1559 773 1644 800 animi
1658 779 1685 802 et
1694 778 1746 802 cei

945 820 1081 848 lebritatis
1096 819 1216 847 otiicium
1234 819 1345 854 aliquod
1362 819 1529 854 persolvant,
1544 826 1638 847 sacros
1656 819 1741 848 hosce

90 865 172 902 φατὲ,
184 862 207 892 ὦ
219 865 313 898 παῖδες
320 866 398 899 Θεοῦ,
411 867 506 899 παῖδες
514 868 717 905 άνυμνήτορες;
731 869 816 897 Πόθεν
828 870 892 906 ὑμῖν

947 874 1047 904 pueros
1073 866 1204 894 audacter
1226 866 1367 901 interrogo
1386 875 1393 894 :
1410 865 1483 898 Quid
1513 865 1618 899 dicitis,
1646 873 1664 893 ο
1690 865 1738 894 Dei

90 911 106 936 ὸ
121 910 269 946 ἰσόρροπος
284 908 371 943 οὗτος,
387 911 433 938 τὸν
447 912 607 948 χερουῦικὸν
626 913 710 949 ὕμνον
721 914 892 949 ἁνακράζον-

91 965 158 989 sec;
186 955 250 988 Πῶς
266 956 295 983 δὲ
312 956 360 984 ἐπὶ
376 957 467 985 πώλου
479 958 598 994 Χριστὸν
618 959 736 996 ὁρῶντες
749 960 892 996 ἀνθρωπο-

91 1003 210 1039 πρεπῶς
220 1011 226 1018 ·
250 1003 383 1032 Ὡσαννὰ
396 1004 432 1031 ἐν
442 1005 505 1038 τοῖς
517 1006 670 1040 ὑψίστοις,
686 1007 765 1043 βοᾶτε
781 1007 894 1045 θεοπρε-

91 1049 167 1083 quin;
183 1049 248 1082 Ναὶ,
263 1051 329 1085 φασὶ
342 1050 411 1087 πρὸς
428 1052 502 1087 ἡμᾶς
515 1053 539 1078 0i
555 1052 715 1089 θεορήτορες
730 1053 834 1085 παῖδες,
847 1054 895 1081 καὶ

90 1097 139 1124 ἐπὶ
167 1096 260 1124 πώλου
283 1097 416 1133 αἰσθητοῦ
437 1099 556 1134 Χριστὸς
576 1100 732 1134 καθέζεται,
752 1100 822 1127 ἀλλὰ
846 1100 894 1127 τοῦ

92 1144 197 1172 κόλπου
211 1143 259 1171 τοῦ
282 1143 417 1179 πατρικοῦ
444 1145 563 1181 οὐδαμοῦ
585 1146 750 1182 χωρίζεται·
777 1147 824 1174 καὶ
849 1148 896 1174 ἐπὶ

93 1189 186 1216 πώλου
204 1189 268 1216 ὄνου
284 1189 441 1221 καθέζεται,
461 1190 530 1217 ἀλλὰ
551 1190 599 1217 τοῦ
621 1190 716 1226 θρόνου
736 1191 782 1217 τοῦ
799 1199 896 1226 χερον-

92 1235 173 1262 6ικοῦ
197 1235 248 1262 οὐκ
262 1235 494 1271 ἀπολιμπάνεται.
525 1236 595 1263 Ἀλλ’
610 1237 692 1269 αὐτὸς
705 1237 720 1263 ὁ
733 1237 808 1264 κάτω
827 1237 896 1272 μετὰ

93 1281 198 1317 σαρκὸς
224 1280 330 1317 βροτοῖς
354 1282 520 1315 ἀνελλιπῶς,
548 1282 632 1314 αὐτὸς
657 1282 745 1314 οὕτως
769 1283 817 1309 καὶ
839 1283 896 1310 ἅνω

95 1328 166 1364 μετὰ
188 1328 297 1364 Πατρὸς
320 1328 387 1361 Θεὸς
405 1329 534 1365 ἀψευδὴς,
556 1329 603 1356 καὶ
622 1329 759 1365 ἀληθινὸς,
782 1329 862 1360 αὐτὸς
882 1330 897 1356 ό

93 1374 314 1410 παντοκράτωρ,
333 1375 380 1401 καὶ
401 1375 618 1411 κοσμοκράτωρ,
643 1376 692 1402 καὶ
710 1376 895 1411 ὲονοκράτωρ.

93 1420 140 1447 καὶ
157 1420 263 1456 ἀληθὴς
281 1420 357 1453 Θεὸς,
382 1422 427 1448 καὶ
443 1421 570 1456 χορηγὸς,
598 1421 645 1448 καὶ
668 1422 831 1458 φυτουργὸς,
849 1421 897 1447 καὶ

92 1465 201 1502 ὸδηγδς,
217 1466 264 1492 καὶ
281 1467 378 1502 Σωτὴρ
395 1467 515 1494 πάντων.
538 1466 624 1499 Αὐτὸς
640 1467 680 1499 εἰς
695 1467 745 1503 τὴν
756 1467 832 1494 κάτω
850 1467 898 1493 Ίε-

94 1511 240 1548 ρουσαλὴμ
251 1512 414 1547 εἰσέρχεται,
424 1513 471 1540 καὶ
481 1512 531 1547 τῆς
539 1512 595 1540 ἄνω
605 1513 636 1539 οὺ
644 1512 791 1549 χωρίζεται
801 1521 807 1528 ·
820 1509 897 1544 οὗτος

946 913 1034 950 pueri,
1052 913 1130 948 pueri
1146 912 1264 948 hymnos
1281 911 1481 940 concinentes?
1500 911 1642 940 Undenam
1659 913 1741 940 vobis

945 968 995 996 par
1012 959 1086 987 istud
1112 957 1231 985 studium
1249 962 1332 992 atque
1355 957 1525 990 institutum,
1544 957 1609 985 dum
1628 962 1738 986 sancto-

945 1014 1006 1034 rum
1027 1004 1169 1033 cherubim
1185 1004 1318 1040 hymnum
1343 1004 1427 1031 claris
1450 1004 1483 1032 ad
1504 1004 1605 1032 cmlum
1624 1005 1740 1032 vocibus

945 1051 1067 1081 ell'ertis?
1085 1051 1118 1078 Et
1129 1051 1269 1086 quotnodo
1284 1050 1425 1078 Christum
1440 1051 1562 1077 humano
1573 1057 1650 1078 ntere
1664 1051 1739 1086 pttllo

946 1099 1111 1126 insidentem
1124 1105 1186 1125 cum
1204 1096 1332 1129 videatis,
1345 1096 1473 1124 laudibus
1487 1103 1562 1128 eum,
1578 1103 1639 1131 qua:
1654 1095 1739 1124 Deum

945 1144 1054 1174 decent,
1069 1143 1191 1176 ornatis,
1208 1141 1286 1174 dum,
1303 1139 1431 1168 "osanna
1443 1141 1469 1167 in
1484 1140 1605 1172 excelsis,
1627 1141 1740 1168 concla-

947 1187 1046 1215 matis?
1068 1187 1151 1219 Sane,
1178 1187 1256 1213 aiunt
1284 1186 1364 1214 nobis
1387 1190 1512 1214 oratores
1532 1186 1618 1214 divini
1643 1188 1733 1222 pueri,

946 1233 1030 1261 etiarn
1056 1233 1185 1260 Christus
1209 1232 1310 1260 insidet
1326 1231 1436 1267 quidem
1460 1231 1536 1266 pullo
1552 1231 1670 1266 visibili;
1695 1240 1739 1260 ve-

947 1283 1102 1306 rumtamen
1135 1286 1149 1305 a
1173 1279 1235 1306 sinu
1261 1282 1377 1313 paterno
1401 1285 1541 1313 nunquam
1574 1282 1736 1313 separatur;

947 1324 1018 1352 asini
1029 1325 1106 1359 pullo
1115 1325 1233 1355 vehitur,
1246 1328 1273 1351 et
1288 1332 1303 1350 a
1314 1327 1474 1350 sanctorum
1485 1323 1629 1351 cherubim
1640 1323 1740 1351 throno

947 1371 1061 1398 minime
1076 1371 1172 1404 abest;
1193 1377 1287 1398 verum
1305 1371 1376 1398 sicut
1393 1371 1451 1405 ip~e
1467 1370 1540 1397 infra
1557 1371 1649 1398 carnis
1664 1371 1741 1398 invo-

948 1417 1024 1444 luero
1042 1422 1069 1444 et
1086 1416 1178 1443 habitu
1202 1416 1360 1443 mortalium
1388 1418 1529 1444 consortio
1542 1417 1654 1445 assidue
1671 1425 1739 1452 pra:-

947 1470 1012 1490 sens
1036 1467 1094 1490 est:
1124 1463 1164 1490 sic
1186 1467 1214 1489 et
1239 1462 1310 1497 apud
1341 1470 1459 1498 superos
1489 1471 1543 1490 una
1569 1471 1633 1491 cum
1658 1463 1740 1490 Patre

947 1507 1030 1540 Deus,
1047 1507 1095 1542 qui
1109 1507 1219 1534 mentiri
1236 1515 1290 1534 non
1304 1511 1404 1542 potest,
1421 1513 1447 1536 et
1464 1515 1546 1536 verax
1560 1509 1649 1541 adest,
1667 1508 1740 1536 ident

93 1558 108 1584 ὁ
118 1557 236 1593 ποιητὴς
249 1557 303 1584 τῶν
314 1557 420 1586 αἰώνων
432 1558 480 1586 καὶ
490 1557 521 1592 ἐξ
533 1557 649 1591 αἰώνων,
662 1558 709 1584 καὶ
722 1559 763 1590 εἰς
777 1559 876 1590 αιῶνας
885 1566 892 1573 ·

947 1553 1134 1588 omnipotens,
1153 1561 1185 1580 ac
1201 1553 1296 1580 tnundi
1317 1553 1485 1587 moderator,
1504 1558 1532 1582 ct
1557 1555 1678 1590 gentium
1701 1562 1742 1582 re-

93 1603 177 1636 αὑτός
187 1604 262 1631 ἐστιν
273 1604 287 1631 ὁ
296 1604 414 1639 τανύσας
425 1605 472 1632 τὸν
481 1604 595 1640 οὐρανὸν
606 1605 685 1640 μόνος
692 1613 698 1619 ·
711 1601 787 1636 οὗτός
799 1605 871 1631 ἐστιν
881 1605 896 1631 ὁ

94 1648 258 1684 περιπατῶν
269 1649 316 1676 ἐπὶ
331 1649 470 1685 θαλάσσης
480 1650 518 1681 ὡς
528 1650 577 1676 ἐπὶ
595 1649 728 1684 ἐδάφους·
743 1646 820 1682 οὗτος
837 1650 896 1685 ὁμι-

93 1694 147 1730 χλῃ
162 1695 212 1730 τὴν
229 1694 368 1723 θάλασσαν
388 1696 603 1732 ἐσπαργάνωσεν
614 1705 621 1711 ·
645 1693 722 1728 οὗτος
734 1696 769 1723 τὰ
785 1695 896 1732 δθεεῑορα

94 1742 153 1772 τοῖς
171 1739 328 1776 ἀνθρώποις
341 1741 520 1777 ’περιέθηκεν⁵
539 1739 616 1773 οὗτος
628 1742 708 1778 ὅρους
721 1742 782 1774 ταῖς
794 1741 895 1769 θαλάσ-

96 1795 160 1818 σαις
172 1786 301 1822 ἐμέρισεν
314 1796 320 1802 ·
335 1784 413 1819 οὗτος
423 1787 553 1819 άπλώσας
566 1789 648 1822 γαῖαν
660 1788 704 1814 ἐπ’
716 1788 806 1815 οὐδενὶ
817 1788 895 1822 ὲκρέ-

99 1839 187 1866 μασεν
197 1838 204 1845 ⁸
222 1828 301 1863 οὗτος
320 1832 461 1868 στοιχείων
482 1832 531 1865 τὰς
548 1833 661 1869 κράσεις
677 1834 823 1868 πανσόφως
835 1833 896 1860 ὲκέ-

97 1884 199 1912 ρασεν·
230 1874 307 1909 οὗτος
324 1877 359 1904 τὰ
373 1877 460 1914 κάλλη
480 1878 534 1905 τῶν
557 1879 651 1914 φυτῶν
671 1879 907 1915 κατεκόσμησεν,

96 1920 176 1956 οὗτος
190 1923 306 1958 οὐρανὸν
320 1924 358 1956 ὡς
371 1923 477 1958 ἱμάτιον
489 1924 638 1958 ἐξέτεινεν·
660 1922 737 1957 οὗτος
748 1925 828 1952 αὑτὸν
841 1934 897 1960 φω-

97 1969 197 2006 στῆρσι
222 1969 360 2006 λαμπροῖς
389 1970 590 2006 κατεκόσμησε.
625 1971 727 1998 Τοῦτον
754 1971 896 2006 φρίττουσι

98 2015 244 2052 χερουόηι..
258 2017 305 2043 καὶ
318 2015 448 2052 τρέμουσι
462 2017 594 2052 σεραφὶμ,
606 2017 702 2044 τοῦτον
717 2018 798 2052 ὑμνεῖ
809 2017 895 2052 ἥλιος,

96 2062 193 2088 τοῦτον
216 2061 352 2096 δοξολογεῖ
376 2062 486 2098 σελήνη,
507 2062 603 2089 τοῦτον
619 2061 724 2090 αἱνοῦσι
745 2063 781 2090 τὰ
797 2063 895 2099 ἄστρα,

96 2107 186 2143 τούτῳ
199 2107 371 2135 δουλεύουσιν
382 2110 410 2135 αι
425 2108 523 2144 πηγαὶ,
534 2108 630 2136 τοῦτον
641 2109 800 2145 φρίττουσιν
812 2108 897 2147 ἄϐυσ-

99 2161 152 2187 σοι,
162 2152 259 2180 τοῦτον
268 2154 402 2181 δεδοίκασι
412 2155 554 2191 τάρταροι,
560 2155 649 2191 τούτῳ
657 2155 765 2183 ὑπείκει
773 2155 808 2182 τὰ
814 2155 896 2192 κήτη,

97 2199 194 2227 τοῦτον
202 2200 334 2236 τρέμουσι
343 2200 499 2237 δράκοντες,
506 2201 594 2237 τούτῳ
604 2200 775 2228 δουλεύουσιν
786 2201 895 2238 ὄμϐροι,

97 2246 197 2274 τοῦτον
211 2246 388 2274 εὐλαϐοῦνται
407 2247 551 2283 πνεύματα
562 2255 569 2262 ·
595 2244 672 2280 οὖτος
689 2247 825 2282 ὑπέστησε
844 2248 896 2282 φύ-

99 2300 168 2325 σεις,
181 2288 259 2325 οὗτος
271 2293 424 2330 κατέστησε
434 2293 547 2327 κτίσεις,
560 2290 637 2326 οὗτος
651 2293 782 2327 κατέταξε
793 2293 894 2328 τάξεις,

97 2335 178 2370 οὗτος
204 2338 219 2364 ὸ
234 2339 290 2366 τῶν
313 2339 368 2366 ἄνω
392 2340 437 2366 καὶ
462 2339 517 2367 τῶν
547 2340 622 2367 κάτω
645 2340 762 2367 κτίσεων
781 2341 896 2376 ποιητὴς

98 2383 167 2416 Θεὸς
177 2383 282 2420 Κύριος
295 2385 374 2420 ἡμῶν
384 2393 390 2400 ·
417 2385 464 2412 καλ⁴
479 2385 554 2421 αὐτῷ
569 2386 586 2421 ή
602 2385 665 2419 δόξα
682 2385 731 2412 καὶ
751 2386 782 2413 τὸ
796 2386 896 2422 κράτος

98 2429 141 2462 εἰς
152 2431 218 2462 τοὺς
229 2430 333 2463 αἰῶνας
344 2431 399 2458 τῶν
412 2431 528 2459 αἰώνων.
552 2432 649 2468 Ἀμήν.

99 2478 215 2507 ordines
244 2478 393 2514 disposuit,
417 2479 463 2507 hic
494 2487 655 2516 superarum
684 2484 711 2508 et
739 2479 890 2508 inferarum
908 2486 1099 2512 creaturarum
1119 2482 1233 2512 effector
1249 2482 1322 2512 Deus
1333 2482 1477 2512 .Dominus
1494 2487 1589 2512 noster

947 1603 1019 1632 ctor,
1037 1602 1064 1626 et
1078 1607 1160 1626 verus
1176 1598 1258 1630 Deus.
1277 1602 1305 1626 et
1318 1599 1493 1635 coryphmus,
1511 1605 1538 1628 et
1549 1604 1638 1634 sator,
1652 1604 1679 1628 et
1695 1601 1742 1628 iti-

947 1644 1022 1672 neris
1037 1643 1103 1676 dux,
1118 1648 1144 1672 et
1165 1649 1327 1672 cunctorum
1352 1644 1487 1673 Salvator.
1503 1645 1563 1682 Ipse
1576 1645 1738 1674 inferiorem

948 1689 1165 1724 Hierosolymam
1187 1690 1351 1726 ingreditur,
1370 1698 1421 1718 nec
1443 1698 1458 1718 a
1475 1692 1612 1726 superiori
1625 1699 1740 1728 separa-

948 1741 1008 1769 tur;
1024 1737 1082 1772 ipse
1096 1737 1260 1764 steculorum
1275 1740 1381 1768 auctor,
1398 1741 1425 1764 et
1441 1744 1457 1763 a
1471 1738 1584 1769 saeculo,
1601 1741 1628 1765 et
1646 1738 1673 1764 itt
1690 1746 1739 1766 sae-

947 1784 1028 1815 cula;
1050 1783 1073 1810 is
1097 1787 1149 1815 est,
1178 1783 1225 1818 qui
1253 1783 1329 1811 solus
1353 1783 1452 1810 coelum
1475 1784 1612 1817 extendit;
1637 1784 1681 1811 hic
1698 1789 1742 1813 est

947 1830 994 1866 qui
1012 1829 1172 1857 obambulat
1186 1837 1270 1864 super
1286 1836 1372 1860 mare,
1391 1832 1522 1864 tanquam
1544 1829 1572 1857 in
1593 1830 1645 1857 soli
1666 1832 1742 1866 pavi-

948 1880 1042 1903 mento
1054 1885 1062 1909 -,
1074 1875 1117 1902 hic
1131 1875 1230 1902 nebula
1242 1874 1460 1908 mareinvolvit;
1473 1875 1518 1902 hic
1532 1879 1610 1910 septa
1625 1875 1742 1904 homini-

948 1922 1000 1948 bus
1017 1920 1256 1955 circumscripsit;
1274 1921 1318 1947 hic
1333 1920 1403 1946 mari
1417 1921 1551 1948 terminos
1568 1920 1680 1954 divisit;
1697 1922 1744 1949 hic

947 1971 1049 1994 terram
1065 1974 1127 1993 cutn
1144 1966 1320 2001 explicasset,
1338 1965 1412 1992 nulla
1429 1973 1459 1993 re
1473 1965 1580 1993 fulcivit
1591 1975 1601 2000 ;
1614 1966 1659 1994 hic
1682 1963 1739 1995 clie-

949 2018 1104 2041 mcntorum
1117 2013 1262 2041 mistioncs
1278 2013 1484 2048 sapientissime
1501 2015 1681 2049 temperavit;
1695 2015 1741 2042 hic

951 2061 1107 2095 plantarum
1141 2059 1246 2088 formas
1275 2059 1437 2093 exornavit;
1467 2060 1511 2087 hic
1544 2060 1644 2088 caelum
1661 2062 1741 2096 quasi

948 2107 1142 2135 vestimentum
1156 2107 1296 2139 extendit;
1314 2107 1358 2134 hic
1382 2107 1472 2141 ipsum
1493 2107 1577 2134 claris
1606 2107 1743 2135 condeco-

948 2153 1019 2180 ravit
1034 2152 1196 2180 luminibus.
1224 2151 1303 2180 Hunc
1324 2153 1438 2181 horrent
1458 2153 1612 2186 cherubim,
1639 2157 1666 2181 et
1687 2158 1741 2181 tre-

949 2203 1028 2227 munt
1045 2199 1196 2234 seraphim,
1217 2199 1292 2227 httnc
1308 2200 1431 2228 celebrat
1446 2200 1499 2232 sol,
1515 2200 1588 2228 hunc
1603 2199 1669 2227 luna
1680 2200 1740 2236 glo-

948 2246 1022 2273 riose
1033 2245 1176 2282 praedicat,
1191 2245 1267 2274 hunc
1283 2246 1398 2274 laudant
1418 2247 1519 2279 sidera,
1537 2246 1601 2273 huic
1616 2245 1742 2273 serviunt

948 2293 1050 2329 fontes,
1066 2294 1140 2322 hunc
1156 2293 1254 2322 timent
1268 2294 1372 2330 abyssi,
1391 2295 1465 2323 hunc
1481 2298 1611 2323 verentur
1625 2298 1739 2326 tartara.

948 2339 1013 2367 huic
1041 2340 1144 2368 cedunt
1167 2344 1239 2373 cete,
1264 2340 1339 2368 httnc
1355 2341 1490 2369 dracones
1517 2345 1651 2375 tremunt,
1676 2340 1741 2368 huic

948 2387 1050 2416 imbres
1064 2387 1241 2422 ministrant,
1254 2388 1327 2416 hunc
1345 2388 1417 2416 venti
1437 2389 1601 2422 observant;
1617 2388 1663 2416 hic
1675 2395 1742 2417 con-

949 2434 1039 2462 stituit
1058 2441 1151 2462 rerum
1165 2439 1292 2468 naturas,
1310 2435 1357 2464 hic
1380 2435 1504 2464 condidit
1525 2438 1679 2468 creaturas,
1696 2434 1742 2462 hic

1622 2491 1631 2511 ς
1662 2484 1745 2516 atque
1766 2489 1772 2507 I

98 2526 153 2561 ipsi
182 2526 272 2562 gloria
300 2529 328 2554 et
358 2525 504 2561 imperium
532 2526 561 2554 in
591 2526 692 2554 szccula
717 2527 896 2557 saeculorum.
918 2528 1015 2557 Amen.

132 2649 192 2687 (τε)
209 2648 256 2685 m
273 2647 403 2685 emas.
