1929 3038
69 130 119 158 ιιι

594 129 737 160 ηοιιιιιΑ
753 132 785 161 ll.
795 131 829 159 IN
851 131 1010 160 SABBATO
1029 130 1160 160 MAGNO.

1655 137 1711 166 M2

68 190 119 226 τῆς
135 188 306 225 οἰκονομίας,
324 188 444 225 σήμερον
460 188 495 215 τὰ
513 189 564 225 τῆς
588 189 731 222 ἐξουσίας·
750 189 814 225 χθὲς
829 189 863 216 τὰ

917 187 980 216 Heri
1004 195 1066 224 quae
1091 189 1172 215 erant
1196 187 1446 216 administrationis
1471 190 1601 226 propria,
1627 193 1708 222 hodie

68 235 119 270 τῆς
135 234 291 266 ἀσθενείας,
314 235 434 270 σήμερον
454 234 489 261 τὰ
502 235 555 269 τῆς
567 234 727 267 αὐθεντίαςο
742 234 806 270 χθὲς
829 234 866 262 τὰ

67 281 119 316 τῆς
132 279 344 316 ἀνθρωπότητος
358 300 365 313 ,
389 280 511 316 σήμερον
537 280 571 307 τὰ
596 281 646 316 τῆς
672 280 799 316 θεότητος
822 281 866 307 ἐν·

69 327 219 354 δείκνυται.
245 326 318 358 Χθές
337 327 513 363 ἐρῤαπίςετο,
532 327 652 362 σήμερον
676 328 710 362 τῇ
736 327 863 362 ἀστραπῇ

68 371 120 406 τῆς
134 371 263 407 θεότητος
278 371 310 397 τὸ
329 371 377 397 τοῦ
391 370 454 406 ᾅδου
474 371 584 407 ῥαπίζει
604 372 762 407 οἰκητήριον
773 380 780 387 ·
800 371 865 407 χθὲς

69 417 221 452 ἐδεσμεῖτο,
241 417 361 454 σήμερον
373 417 482 449 ἀλύτοις
496 418 605 453 δεσμοῖς
625 419 790 453 καταδεσμεῖ
803 418 859 455 (80)

69 463 115 488 τὸν
138 462 284 498 τύραννον-
316 463 380 498 χθὲς
413 462 606 495 κατεδικάζετο
619 483 625 494 .
659 464 781 499 σήμερον
807 465 864 496 τοῖς

70 507 231 539 καταδίκαις
244 507 400 544 ἐλευθερίαν
413 508 554 544 χαρίζεται
565 517 572 524 ·
590 508 654 543 χθὲς
669 508 803 545 ὑπουργοὶ
816 509 864 536 τοῦ

71 553 192 580 Πιλάτου
215 552 291 589 αὐτῷ
314 553 470 588 ἐνέπαιζον,
497 555 617 590 σήμερον
632 556 657 582 oi
679 556 799 592 πυλωροὶ
815 556 863 583 τόῦ

71 600 136 635 ᾇδου
149 600 251 632 ἰδόντες
266 600 360 632 αὑτὸν,
377 599 503 636 ἐφριξαν.
521 601 602 627 Ἀλλὰ
611 601 667 637 γὰρ
683 602 800 630 ἄκουσον
816 603 863 629 τοῦ

71 645 192 681 Χριστοῦ
208 645 312 677 πάθους
324 645 370 673 τὸν
394 646 473 680 λόγον
498 646 633 682 ἀνώτερον
645 656 651 663 ·
665 648 793 681 ἄκουσον,
817 649 864 676 καὶ

71 692 195 728 ὕμνησον
205 699 213 708 ·
223 693 350 726 ἄκουσον,
360 693 407 719 καὶ
417 692 529 726 δόξασον
538 701 546 709 ·
557 693 735 728 ἄκουσον,καὶ
745 694 864 731 κήρυξον

70 739 139 765 θεοῦ
165 739 273 774 μεγάλα
295 738 451 774 θαυμάσια·
477 740 536 772 πῶς
562 741 576 767 ὸ
600 740 679 776 νόμος
707 741 863 777 ὑποχωρεῖ·

71 783 133 816 πῶς
146 784 164 819 ἡ
185 784 267 819 χάρις
290 783 419 810 ἐπανθεῖ·
438 784 498 816 πῶς
510 785 535 810 οἱ
559 784 638 811 τύποι
659 785 862 821 παρέρχονται·

72 828 132 860 πῶς
146 828 176 854 αἱ
188 827 263 855 σκιαὶ
277 828 462 855 διαὸαίνουσιν
475 837 483 845 ·
499 828 558 860 πῶς
574 829 589 855 6
613 827 689 864 ἥλιος
705 828 754 864 τὴν
772 829 864 855 οἰκου-

73 874 160 909 μένην
174 874 295 910 πληροῖο
309 874 368 906 πῶς
386 875 404 909 ή
427 874 533 901 Παλαιὰ
550 861 755 901 πεπαλαίωταί·
774 874 862 910 πῶςή
881 861 902 888 Β

71 919 162 955 Καινὴ
180 918 351 954 βεὸαιοῦται·
369 919 428 951 πῶς
451 919 486 946 τὰ
509 919 610 954 ἀρχαῖα
633 919 793 954 παρῆλθεν,
817 920 865 946 καὶ

71 964 132 996 πῶς
148 964 184 991 τὰ
196 965 246 991 νέα
270 964 418 1000 ἐπήνθησε.
434 964 488 991 Δύο
504 965 564 991 λαοὶ
588 965 616 991 ἐν
632 964 701 991 Σιὼν
726 964 797 991 κατὰ
816 964 864 990 τοῦ

70 1009 193 1044 Χριστοῦ
216 1009 323 1041 πάθους
337 1009 445 1045 ’καιρὸν
472 1010 678 1045 παρα-γεγόνασι
691 1018 697 1024 ·
717 1010 731 1036 ὁ
752 1009 783 1042 ἐξ
797 1009 864 1036 Ἰου-

69 1055 154 1082 δαίων
168 1055 247 1090 ὁμοῦ,
266 1055 314 1082 καὶ
327 1056 342 1082 6
360 1055 390 1089 ἐξ
404 1054 507 1082 ἐθνῶν·
531 1055 578 1082 δύο
593 1055 725 1090 βασιλεῖς,
748 1056 865 1088 Πιλᾶτος

71 1099 119 1126 καὶ
135 1099 262 1136 Ἡρώδης
273 1108 280 1115 ·
297 1099 343 1127 δύο
364 1100 513 1135 ἀρχιερεῖς,
532 1101 631 1132 ’Ἅννας
651 1101 698 1127 καὶ
715 1101 843 1136 Καϊάφας
856 1109 863 1117 ·

71 1144 116 1171 ενα
128 1143 164 1172 τὰ
179 1144 228 1171 δύο
244 1144 314 1181 ὁμοῦ
328 1145 420 1181 πάσχα
439 1146 583 1180 γένωνται,
600 1147 631 1173 τὸ
647 1147 695 1182 μὲν
710 1147 865 1174 καταπαυό-

72 1198 165 1225 μενον,
177 1191 208 1217 τὸ
226 1191 256 1218 δὲ
272 1191 320 1217 τοῦ
335 1191 455 1227 Χριστοῦ
478 1193 676 1228 ἐναρχόμενον’
702 1192 750 1219 δύο
771 1192 863 1220 θυσίαι

71 1237 133 1263 κατ’
153 1236 240 1272 αὐτὴν
262 1237 310 1272 τὴν
337 1238 456 1273 ἑσπέραν
480 1238 671 1265 ἐπετελοῦντοο
696 1239 792 1275 ἐπειδὴ
816 1239 864 1265 καὶ

71 1282 217 1318 σωτηρίαι,
237 1282 346 1314 ζώντων
363 1283 434 1317 λέγω
455 1284 503 1310 καὶ
527 1284 650 1320 νεκρῶν¹
670 1284 864 1320 ἐπραγματεύ-

70 1335 142 1354 aveo.
165 1328 222 1354 Kal.
242 1329 257 1354 6
271 1329 321 1363 μὲν
342 1329 468 1362 Ἰουδαῖος
488 1329 597 1366 ἐδέσμει
621 1329 693 1357 θύων
718 1330 804 1365 ὰμνδν
816 1330 864 1357 ἐπὶ

72 1373 180 1408 σφαγὴν
195 1373 263 1410 (81)⁹
276 1375 290 1401 6
301 1375 329 1401 δὲ
340 1375 370 1407 ἐξ
389 1375 474 1402 ἐθνῶν
489 1376 556 1402 Θεὸν
566 1377 595 1402 ἐν
613 1376 706 1411 σαρκί.
718 1377 774 1403 Καὶ
785 1377 799 1402 6
814 1377 863 1411 μὲν

70 1419 102 1454 τῇ
122 1419 189 1454 σκιᾷ
202 1420 341 1454 ὴτένιζεν·
356 1421 372 1449 6
394 1421 423 1448 δὲ
447 1421 488 1456 τῷ
512 1422 580 1457 ἡλίῳ
598 1421 658 1457 ΘΞῴ
683 1422 862 1457 προσέτρεχε.

71 1464 127 1490 Καὶ
145 1465 170 1491 οἱ
197 1465 247 1500 μὲν
267 1466 400 1500 δήσαντες
414 1466 533 1501 Χριστὸν
557 1467 769 1502 ἀπεπέμποντο,
793 1468 818 1494 οἰ
835 1468 864 1494 δὲ

71 1511 100 1543 ἐξ
114 1511 200 1539 ἐθνῶν
218 1512 368 1548 προθύμως
382 1513 463 1540 αὐτὸν
480 1513 606 1548 ἐδέχοντο
620 1513 688 1548 (82).
704 1514 759 1542 Καὶ
774 1515 799 1540 οι
815 1513 863 1549 μὲν

71 1559 245 1595 κτηνωυτον,
257 1560 283 1586 οἱ
295 1559 323 1587 δέ
338 1560 477 1596 θεόσωμον
490 1560 587 1587 θυσίαν
599 1560 778 1596 προσέφερον.
792 1560 862 1588 Ἀλλ’

70 1605 95 1631 oi
122 1605 174 1641 μὲν
197 1606 318 1633 Ἰουδαῖοι
347 1607 397 1642 τὴν
428 1606 458 1639 ἐξ
484 1606 623 1641 Αἰγύπτου
648 1607 772 1634 διάϐασιν
798 1607 864 1643 (85)

71 1650 259 1686 ἐμνημόνευον
272 1671 280 1684 ,
297 1652 321 1678 ot
346 1652 374 1679 δὲ
396 1652 427 1684 ἐξ
449 1651 536 1679 ἐθνῶν
558 1651 608 1687 τὴν
633 1653 665 1679 ἐκ
686 1652 737 1688 τῆς
759 1652 866 1688 πλάνης

71 1696 208 1732 λύτρωσιν
227 1697 473 1733 προεκηρύττοντο.

107 1783 164 1811 Καὶ
178 1783 266 1811 ταῦτα
279 1784 349 1818 ποῦς
374 1786 404 1813 ἐν
427 1785 498 1814 Σιὼν
514 1788 547 1823 τῇ
569 1787 646 1814 πόλει
659 1787 708 1814 τοῦ
727 1788 863 1820 Βασιλέως

72 1830 119 1856 τοῦ
137 1829 258 1865 μεγάλου
268 1839 275 1846 ·
297 1831 327 1857 ἐν
342 1829 359 1868 ᾖ
378 1833 527 1868 εἰργάσατο
543 1833 665 1869 σωτηρία
682 1834 712 1860 ἐν
725 1833 800 1869 μέσῳ
815 1835 866 1870 τῆς

73 1875 136 1910 γῆς,
153 1876 183 1901 ἐν
201 1876 277 1911 μέσῳ
292 1875 340 1903 δύο
349 1877 426 1908 ζώων
441 1878 575 1912 γνωσθεὶς
591 1878 695 1913 Ἰησοῦς
707 1879 721 1905 6
732 1879 861 1910 θεόπαις·

73 1921 102 1947 ἐν
123 1920 200 1956 μέσῳ
211 1921 319 1956 Πατρὸς
334 1921 383 1948 καὶ
397 1923 556 1958 Πνεύματος
571 1923 627 1950 τῶν
638 1923 685 1950 δύο
700 1922 789 1956 ζώων,
806 1924 863 1959 ζωὴ

74 1966 105 1990 ἐκ
117 1964 191 2000 ζωῆς
205 1964 272 2000 (84),
285 1966 363 2001 φησὶ,
377 1965 450 1998 ζωὸς
459 1967 671 2003 γνωριζόμενος,
681 1967 729 1994 καὶ
743 1969 772 1995 ὲν
787 1968 863 2004 μέσῳ

71 2010 196 2044 ἀγγέλων
213 2011 260 2038 καὶ
280 2011 433 2047 ἀνθρώπων
459 2014 492 2048 τῇ
510 2013 599 2049 φάτνῃ
619 2014 796 2049 τικτόμενος·
815 2015 863 2042 καὶ

72 2057 100 2083 ἐν
116 2056 194 2092 μέσῳ
204 2056 251 2084 δύο
262 2057 335 2084 λαῶν
356 2058 428 2090 λίθος
443 2059 641 2094 ἀκρογωνιαῖπ
660 2060 800 2095 κείμενος·
815 2061 864 2087 καὶ

71 2104 100 2128 ἐν
117 2103 194 2138 μέσῳ
209 2103 291 2139 νόμου
317 2105 365 2131 καὶ
385 2105 533 2140 προφητῶν
554 2106 622 2141 ὁμοῦ
643 2107 860 2142 κηρυττόμενος·

71 2148 117 2174 καὶ
132 2149 162 2174 ἐν
179 2149 256 2184 μέσῳ
271 2149 376 2185 Μωῡσῆ
391 2150 438 2176 καὶ
456 2150 535 2178 Ἠλία
556 2151 602 2177 ἐπὶ
618 2152 664 2179 τοῦ
684 2152 764 2188 ὅρους
778 2154 862 2180 ὀπτα-

915 239 977 267 quae
993 232 1136 267 potentiae;
1157 232 1218 260 heri
1235 241 1297 268 qum
1318 233 1529 268 imbecillitatis,
1551 236 1631 265 hodie
1646 246 1710 273 qua:

915 275 1131 309 dominationis;
1153 275 1211 303 heri
1238 284 1321 312 opera
1337 277 1463 305 humanm
1488 285 1602 314 natura,
1627 282 1709 311 hodie

915 320 1070 348 divinitatis
1092 321 1287 349 ostenduntur.
1309 321 1373 349 Heri
1392 323 1478 358 alapis
1492 327 1707 362 percutiebatur,

916 367 997 395 hodie
1008 368 1114 403 fulgore
1124 368 1277 396 divinitatis
1287 368 1386 396 inferni
1399 370 1517 404 percutit
1528 372 1706 402 domicilium.

915 413 980 441 Heri
996 413 1143 449 ligabatur,
1162 413 1243 441 hodie
1260 414 1453 443 insolubilibus
1468 416 1585 445 vinculis
1597 419 1710 455 colligat

915 463 1074 495 tyrannum.
1086 459 1150 488 Heri
1163 460 1409 492 condemnabatur.
1423 461 1505 489 hodie
1520 463 1724 492 condemnatis'

915 505 1069 533 libertatem
1083 506 1206 541 largitur.
1224 505 1286 533 lleri
1304 507 1424 534 ministri
1438 507 1518 535 Pilati
1535 509 1573 536 illi
1592 510 1709 538 insnlta»

915 551 992 584 bant,
1010 552 1092 579 hodie
1108 552 1242 586 janitores
1256 551 1357 579 inferni
1375 560 1407 580 eo
1426 554 1488 581 viso
1508 555 1622 584 horrore
1642 564 1708 591 per-

915 599 986 626 culsi
1004 603 1079 626 sunt.
1095 598 1196 626 Verum
1210 598 1352 626 enimvero
1369 600 1432 626 audi
1448 600 1551 628 Christi
1569 602 1708 636 passionis

914 645 1049 673 rationem
1066 645 1259 672 sublimiorem
1279 653 1286 672 :
1304 645 1380 676 audi.
1398 651 1427 672 et
1438 645 1571 681 decanta;
1587 647 1662 680 audi,
1681 651 1709 675 et

915 691 1041 724 celebra;
1065 690 1141 722 audi.
1165 694 1193 717 et
1218 690 1336 725 pradica
1355 690 1402 718 Dei
1427 699 1525 727 magna
1551 693 1687 720 mirabilia
1702 701 1711 719 :

914 735 1054 769 quomodo
1073 735 1116 763 lex
1139 735 1230 762 locum
1254 735 1342 769 cedit;
1367 737 1507 771 quomodo
1530 739 1617 773 gratia
1635 739 1712 766 emo-

914 780 1015 813 rescit;
1031 781 1170 815 quomodo
1184 780 1277 816 figurae
1296 786 1480 816 praetereunt;
1499 784 1637 818 quomodo
1649 792 1711 811 um-

916 825 971 852 bra:
981 829 1141 859 transerunt;
1165 827 1304 861 quomodo
1324 828 1365 854 sol
1387 828 1479 856 orbem
1501 833 1636 856 terrarum
1659 830 1710 857 im-

917 870 986 904 plet;
1013 871 1152 905 quomodo
1180 870 1265 899 Vetus
1288 871 1498 900 Testamentum
1529 875 1710 909 antiquatur;

915 917 1053 950 quomodo
1068 916 1174 943 Novum
1189 917 1349 950 stabilitur;
1368 918 1505 952 quomodo
1519 924 1610 946 vetera
1619 924 1710 948 trans.

915 962 1015 994 ierunt,
1037 966 1064 990 et
1081 963 1223 997 quomodo
1246 970 1315 990 neva
1335 963 1524 991 ethorncrunt.
1543 965 1601 992 Duo
1617 967 1711 1001 populi

914 1011 1037 1042 tempore
1049 1008 1152 1035 Christi
1169 1009 1308 1043 passionis
1327 1009 1355 1036 in
1383 1009 1449 1037 Sion
1460 1010 1598 1038 aﬂuerunt
1614 1021 1621 1038 :
1637 1012 1710 1039 alius

914 1061 947 1080 ex
972 1053 1075 1081 Iudaeis
1100 1055 1194 1088 simul,
1217 1056 1288 1083 alius
1315 1063 1349 1083 ex
1372 1056 1517 1091 gentibus;
1541 1057 1596 1084 duo
1619 1065 1709 1093 reges.

915 1099 1022 1127 Pilatus
1044 1105 1072 1127 et
1102 1100 1240 1134 llerodes;
1269 1102 1324 1129 duo
1352 1102 1492 1137 principes
1520 1103 1709 1136 sacerdotum,

913 1145 1008 1172 Annas
1023 1149 1051 1172 et
1072 1144 1202 1180 Caiphas,
1219 1150 1248 1172 ut
1269 1145 1324 1172 duo
1344 1145 1426 1173 simul
1450 1146 1580 1180 paschata
1597 1146 1710 1179 ﬁerent;

914 1190 981 1218 illud
1002 1190 1111 1225 quidem
1127 1198 1253 1224 cessans,
1276 1195 1304 1218 at
1324 1191 1427 1219 Christi
1452 1192 1560 1219 initium
1577 1199 1709 1226 sumens;

914 1237 976 1264 dua
991 1237 1109 1265 victima
1131 1238 1226 1265 eodem
1253 1245 1366 1273 vespere
1391 1238 1614 1273 perﬁciebantur,
1638 1246 1710 1274 quo-

914 1283 988 1310 niam
1005 1288 1032 1310 et
1049 1283 1150 1318 duplex
1166 1284 1253 1315 salus,
1270 1285 1392 1310 rivorum
1410 1284 1522 1318 inquam
1545 1288 1573 1311 et
1588 1288 1710 1312 mortuo-

915 1337 987 1360 rum.
1009 1329 1218 1356 conﬁciebatur.
1236 1329 1276 1355 Ac
1303 1330 1420 1364 populus
1439 1330 1548 1364 quidem
1575 1329 1710 1357 .ludaicus

914 1375 1060 1410 colligabat
1081 1382 1182 1410 agnum
1209 1375 1370 1402 sacriﬁcans
1396 1375 1430 1402 ad
1457 1375 1568 1406 rardem.
1593 1376 1710 1411 populus

914 1427 980 1447 vero
999 1427 1031 1447 ex
1046 1420 1176 1454 gentibus
1200 1419 1284 1447 Deum
1311 1420 1339 1447 in
1356 1427 1450 1448 carne.
1468 1420 1515 1448 llic
1528 1422 1653 1448 umbram
1670 1421 1710 1449 in-

915 1467 1052 1498 tuebatur,
1063 1466 1108 1493 hic
1123 1466 1156 1493 ad
1175 1466 1260 1493 solem
1279 1465 1364 1493 Deum
1381 1467 1556 1494 occurrebat.
1579 1467 1618 1494 Illi
1630 1467 1710 1495 Chri-

915 1515 988 1539 stum
1002 1512 1164 1543 vincientes,
1189 1511 1258 1539 alter
1283 1512 1362 1539 alteri
1389 1512 1633 1540 transmittebant:
1661 1513 1708 1541 isti

915 1563 981 1584 Vero
1000 1565 1033 1584 ex
1046 1557 1173 1592 gentibus
1187 1557 1315 1585 alacriter
1330 1565 1392 1585 cum
1407 1558 1604 1593 suscipiebant.
1618 1558 1658 1585 Illi
1675 1567 1709 1586 cx

916 1603 1068 1639 pecudibus
1080 1607 1237 1635 mactatam,
1252 1603 1278 1630 hi
1291 1611 1357 1631 vero
1368 1604 1454 1631 divini
1465 1605 1573 1640 corpori
1591 1605 1708 1632 hostiam

915 1649 1076 1677 oll‘erebant.
1092 1648 1179 1677 Judaei
1196 1650 1286 1678 exitus
1301 1657 1333 1677 ex
1353 1650 1472 1686 AEgypto
1489 1651 1649 1678 memoriam
1665 1659 1708 1679 re-

915 1696 1055 1728 colebant,
1075 1695 1103 1722 hi
1114 1696 1160 1731 qui
1174 1704 1205 1723 ex
1221 1695 1348 1732 gentibus
1362 1696 1552 1724 liberationem
1568 1705 1601 1725 ex
1613 1705 1709 1725 errore

916 1742 1113 1777 praedicabant.

950 1788 984 1815 Et
1001 1789 1059 1816 haec
1075 1788 1145 1815 ubi?
1171 1788 1198 1814 In
1225 1787 1292 1815 Sion
1311 1787 1421 1815 civitate
1437 1788 1521 1824 Regis
1547 1790 1654 1824 magni,
1679 1789 1707 1817 in

915 1843 968 1871 qua
986 1839 1116 1870 operatus
1132 1838 1174 1862 est
1189 1835 1307 1862 salutem
1323 1835 1352 1862 in
1363 1835 1454 1862 medio
1468 1839 1558 1862 terrae.
1577 1835 1604 1862 In
1618 1835 1711 1863 medio

914 1881 1031 1909 duorum
1046 1881 1170 1908 vivorum
1183 1881 1311 1916 cognitus
1326 1880 1408 1908 Jesus
1423 1880 1471 1908 Dei
1486 1881 1591 1914 Filius;
1610 1881 1638 1908 in
1654 1889 1710 1909 mc-

914 1927 963 1954 dio
982 1927 1073 1954 Patris
1099 1930 1127 1954 ct
1151 1926 1272 1961 Spiritus
1293 1927 1394 1960 sancti,
1420 1926 1538 1954 duorum
1555 1927 1679 1954 vivorum
1699 1937 1706 1955 :

913 1973 981 2003 vita,
1005 1971 1104 2007 inquit,
1122 1979 1156 1998 ex
1176 1972 1243 2003 vita,
1261 1972 1340 1999 vivus
1365 1972 1487 2006 agnitus,
1512 1977 1538 2000 et
1564 1972 1591 1999 in
1617 1973 1710 2000 medio

914 2018 1074 2053 angelorum
1087 2022 1114 2045 et
1129 2018 1270 2045 hominum
1285 2019 1311 2045 in
1325 2018 1438 2053 praesepi
1455 2018 1481 2045 in
1493 2019 1582 2046 lucem
1597 2019 1706 2051 editus;

913 2067 940 2090 et
953 2063 980 2090 in
1002 2062 1092 2090 medio
1107 2062 1225 2090 duorum
1245 2063 1409 2097 populorum
1424 2062 1493 2098 lapis
1506 2063 1646 2098 angularis
1662 2071 1709 2098 ρο-

913 2108 1005 2140 situs;
1029 2107 1100 2134 etin
1121 2108 1211 2134 medio
1234 2108 1311 2142 legis.
1333 2108 1435 2143 pariter
1459 2115 1491 2135 ac
1512 2109 1705 2143 prophetarum

913 2154 1107 2189 praedicatione
1136 2154 1310 2187 celebratus;
1341 2159 1369 2181 et
1392 2155 1418 2181 in
1440 2154 1532 2182 medio
1556 2154 1656 2190 Moysis
1679 2159 1707 2182 et

70 2193 201 2229 νόμνος·
219 2195 267 2221 καὶ
290 2196 320 2222 ἐν
347 2196 422 2231 μέσῳ
445 2196 500 2223 τῶν
525 2197 573 2224 δύο
597 2197 704 2233 λῃστῶν
729 2198 795 2230 Θεὸς
821 2199 862 2235 τῷ

915 2200 978 2227 Elia:
994 2201 1020 2226 in
1040 2204 1134 2227 monte
1148 2205 1368 2235 eonspectus;et
1383 2201 1409 2227 in
1427 2201 1517 2228 medio
1534 2201 1650 2228 duorum
1665 2202 1706 2228 Ia-

71 2238 228 2274 εὐγνώμονι
240 2240 326 2275 λῃστῇ
353 2241 562 2277 γνωριζόμενος·
594 2243 641 2270 καὶ
664 2243 693 2270 ἐν
718 2244 793 2280 μέσῳ
813 2245 863 2280 τῆς

71 2283 213 2319 παρούσης
232 2284 305 2320 ζωῆς
320 2286 367 2313 καὶ
390 2286 440 2321 τῆς
464 2287 615 2322 μελλούσης
634 2288 730 2323 κριτὴς
754 2288 863 2321 αἰώνιος

72 2329 272 2365 καθεζόμενος·
297 2333 344 2358 καὶ
372 2333 402 2359 ἐν
425 2332 501 2368 μέσῳ
531 2335 651 2369 σήμερον
677 2334 787 2366 ζώντων
816 2336 864 2362 καὶ

70 2376 177 2412 νεκρῶν
203 2377 295 2412 διττὴν
328 2378 400 2414 ζωὴν
433 2379 480 2405 καὶ
508 2379 645 2414 σωτηρίαν
668 2381 861 2416 ποιησάμενος.

71 2422 170 2457 Διττὴν
189 2423 271 2449 πάλιν
286 2423 357 2458 λέγω
369 2424 455 2460 ζωὴν,
475 2425 567 2460 διττὴν
583 2425 709 2461 γέννησιν
728 2427 796 2462 ὁμοῦ
816 2427 863 2454 καὶ

71 2467 263 2503 ἀναγέννησιν,
278 2469 325 2495 καὶ
338 2469 454 2496 ἄκουσον
469 2470 525 2505 (85)
542 2470 661 2505 Χριστοῦ
676 2471 765 2498 διττοῦ
780 2472 862 2499 τόκου

72 2513 107 2540 τὰ
127 2513 295 2549 πράγματα,
316 2515 364 2541 καὶ
382 2515 475 2550 κράτει
502 2516 540 2542 τὰ
568 2515 706 2551 θαύματα.
731 2517 863 2553 Ἀγγελος

74 2559 123 2594 μὲν
139 2561 173 2594 τῇ
188 2560 283 2596 Μαρίᾳ
299 2562 436 2598 μητρικὴν
444 2562 492 2589 τοῦ
508 2563 627 2598 Χριστοῦ
642 2563 766 2600 γέννησιν
780 2566 863 2601 εὐηγ-

74 2605 200 2638 γελίσατο
210 2614 216 2620 ·
239 2606 356 2640 ἄγγελος
371 2607 400 2633 δὲ
417 2608 451 2643 τῇ
467 2607 562 2643 Μαρία
580 2609 613 2644 τῇ
629 2609 796 2646 Μαγδαληνῇ
812 2611 862 2646 τὴν

73 2651 106 2677 ἐκ
127 2651 175 2678 τοῦ
198 2652 285 2687 τάφου
311 2653 427 2689 φρικτὴν
454 2654 632 2689 ἀναγέννησιν
656 2655 861 2691 εὐηγγελίσατο.

73 2696 160 2724 Νυκτὶ
174 2698 291 2734 Χριστὸς
304 2700 333 2725 ἐν
349 2699 473 2735 Βηθλεέμ
487 2701 613 2735 γεννᾶται
623 2709 630 2716 ⁸
645 2701 723 2728 νυκτὶ
738 2702 818 2730 πάλιν
832 2704 862 2730 ἐν

107 2776 165 2809 (80)
179 2784 225 2810 γρ.
243 2775 392 2812 διαδεσμετ.

119 2813 164 2843 81)
179 2820 226 2845 ῃ).
242 2812 271 2838 ἐν
284 2813 386 2846 σφαγῇ.

106 2812 163 2881 id!)
184 2855 228 2881 π).
248 2846 386 2881 ὑπεδέχονῖ

118 2848 163 2882 6:)
184 2855 228 2885 π).
248 2846 418 2883 ὑπεδέχοντο.

915 2251 1025 2273 tronum
1043 2245 1114 2273 Dens
1130 2246 1216 2280 probo
1230 2246 1330 2274 latroni
1352 2248 1490 2282 cognitus,
1506 2247 1659 2282 sedensque
1678 2248 1708 2275 in

914 2292 1004 2319 medio
1012 2292 1156 2326 praesentis
1167 2292 1227 2319 vita:
1235 2296 1262 2320 et
1271 2291 1461 2327 futuraijudcx
1470 2298 1604 2327 aeternus;
1624 2298 1709 2328 atque

914 2338 941 2365 in
965 2337 1054 2364 medio
1072 2337 1196 2364 vivorum
1220 2341 1247 2365 et
1269 2343 1450 2371 mortuorum,
1469 2339 1605 2374 duplicem
1625 2340 1705 2367 hodie

914 2383 997 2410 vitam
1025 2386 1052 2409 et
1067 2383 1183 2410 salutem
1203 2382 1329 2417 perfecit.
1350 2382 1492 2418 Duplicem
1516 2392 1627 2412 rursum
1642 2385 1704 2412 dico

913 2427 1008 2462 vitam,
1023 2428 1162 2464 duplicem
1180 2429 1397 2464 generationem,
1413 2430 1550 2466 simulque
1566 2439 1705 2467 regenera—

914 2475 1025 2502 tionem.
1044 2474 1079 2501 Et
1098 2475 1162 2503 audi
1179 2475 1282 2504 Christi
1299 2476 1419 2511 duplicis
1438 2477 1590 2505 nativitatis
1607 2485 1704 2513 opera,

913 2525 940 2548 ct
955 2521 1055 2556 plande
1066 2522 1102 2548 ob
1118 2521 1261 2549 miracula.
1278 2523 1398 2558 Angelus
1415 2523 1524 2558 quidem
1541 2524 1633 2552 Mariae
1647 2532 1705 2552 ma-

914 2569 1019 2594 ternam
1047 2566 1152 2594 Christi
1174 2567 1381 2602 generationem
1408 2562 1560 2602 nuntiavit;
1588 2569 1703 2605 angelus

913 2619 979 2639 vero
994 2611 1086 2639 Maria:
1100 2612 1265 2646 Magdalena:
1277 2620 1309 2640 ex
1325 2613 1453 2648 sepulcro
1468 2615 1706 2650 regenerationem

914 2658 1098 2685 annuntiavit.
1115 2657 1203 2686 Noctu
1212 2659 1339 2687 Christus
1349 2661 1376 2687 in
1393 2659 1551 2688 Bethlchem
1567 2661 1704 2691 nascitur.

913 2709 995 2732 noctu
1009 2712 1119 2732 rursum
1135 2705 1162 2732 in
1177 2705 1244 2733 Sion
1258 2707 1422 2734 renascitur.
1437 2706 1549 2736 Fascias
1560 2708 1634 2735 circa
1651 2713 1698 2734 na-

947 2782 1003 2823 (ξξξξ
1022 2790 1067 2817 τρ-
1087 2783 1136 2823 τῆς
1149 2782 1308 2823 raedam:-

948 2817 1004 2851 (81)
1024 2826 1068 2852 π).
1085 2817 1139 2844 τῶν
1150 2818 1182 2844 ἐκ
1196 2818 1268 2853 ζωῆς
1280 2819 1359 2852 φύσει
1372 2819 1457 2852 ζώων.

949 2853 1004 2888 (85)
1023 2861 1067 2887 γρ.
1083 2853 1163 2881 ἄκουε
1177 2854 1266 2889 ῥητῶς
1278 2854 1329 2881 διτ.
