1929 3038
220 129 271 158 μδ

876 126 984 154 unum
1002 126 1074 154 AUT
1091 122 1227 156 Spuma;

1806 131 1865 160 ιιι

219 191 356 222 tlvitatem
379 190 508 226 suscipit.
531 190 626 219 fasciis
640 195 668 219 et
691 190 737 219 hic
759 189 920 219 involvitur.
942 188 1008 225 Myr-

1067 190 1100 224 τῇ
1116 187 1186 216 Σιὼν
1206 187 1399 222 άναγεννᾶται.
1427 187 1576 224 Σπάργανα
1599 196 1640 222 εις
1654 188 1704 225 τὴν
1728 191 1866 228 γέννησιν
1898 208 1901 210 -

219 236 297 262 rham
314 239 396 263 natus
414 236 536 272 accepit;
557 236 697 272 myrrham
709 240 737 264 et
752 236 779 264 in
796 235 893 264 funere
908 235 1012 263 aloem-

219 290 273 317 que
301 283 411 318 recipit.
439 282 498 310 Illic
524 282 625 318 Ioseph
651 290 704 310 nec
727 282 842 310 maritus
860 282 1013 317 appellatur

219 328 336 356 maritus
351 328 453 359 Maria,
479 335 511 355 ac
528 328 573 356 hic
591 328 692 364 Ioseph
713 337 746 356 ex
765 328 932 356 Arimathaza
950 329 1012 356 vitae

219 377 320 401 nostra:
344 377 504 409 parentatur
527 373 652 401 efficitur.
683 373 713 401 In
739 373 897 402 Bethlehem
923 377 951 401 et
982 373 1011 400 in

162 415 164 417 ’
219 418 335 453 pnesepi
355 419 507 454 generatio,
523 426 618 446 verum
639 423 667 446 et
683 419 709 446 in
732 420 859 455 sepulcro
879 424 1012 454 tanquam

210 464 247 490 -in
267 464 383 499 praesepi
405 464 494 493 locus.
522 463 606 491 Primi
631 469 758 500 pastores
776 465 878 493 Christi
900 465 1011 492 nuntia-

219 509 286 536 bant
306 510 526 545 generationem;
546 510 594 538 sed
608 515 635 538 et
651 511 732 547 primi
746 512 869 539 omnium
886 515 1011 546 pastores

218 553 321 582 Christi
341 555 470 590 discipuli
491 556 728 584 annuntiaverunt
742 555 847 584 Christi
861 564 877 584 a
894 556 1012 584 mortuis

217 600 463 636 regenerationem.
481 600 539 629 Illic
549 601 617 634 Ave,
633 603 747 637 angelus
760 602 794 629 ad
810 601 949 638 Virginem
966 609 1011 630 ex-

217 645 358 679 clamavit,
380 650 410 674 et
433 646 490 679 hic,
520 647 616 682 Avete,
638 648 731 684 magni
759 648 869 676 consilii
896 647 1010 683 angelus

217 689 346 719 Christus
377 692 448 728 apud
467 693 596 722 mulieres
611 695 765 730 usurpavit.
779 695 809 722 In
826 695 914 730 prima
929 701 1011 730 gene-

217 736 325 765 ratione
346 737 475 766 Christus
494 744 557 776 post
579 740 762 776 quadraginta
786 739 848 769 dies
868 740 1010 775 ingressus

217 786 261 809 est
282 783 311 811 in
332 787 490 813 terrestrem
517 785 748 822 Hierosolymam,
774 786 801 813 in
819 786 962 821 templum,
982 788 1011 812 et

217 828 327 862 obtulit,
342 833 372 857 ut
384 831 596 866 primogenitus,
611 840 659 866 par
673 835 813 859 turturum
829 831 900 865 Deo;
914 838 1008 858 verum

216 878 244 901 et
264 875 292 903 in
312 878 516 905 resurrectione
537 885 553 905 a
575 879 691 907 mortuis
708 877 836 906 Christus
856 882 918 913 post
937 884 1008 913 qua-

216 919 345 956 draginta
360 922 420 952 dies
433 923 558 952 ascendit
571 924 598 952 in
615 931 762 960 supernam
778 924 1007 960 Hierosolymam.

216 973 232 992 ο
247 974 302 1001 qua
317 975 371 995 non
395 974 454 996 erat
470 974 631 1005 separatus,
652 975 680 998 et
701 971 728 998 in
744 978 807 998 vere
827 969 927 1001 Sancta
949 977 1009 996 san‘

215 1017 334 1046 ciorum,
352 1021 382 1043 ut
395 1015 597 1051 primogenitus
614 1017 791 1051 incorruptus
806 1024 822 1044 a
837 1016 964 1047 mortuis,
981 1021 1009 1043 et

216 1058 317 1086 obtulit
339 1059 396 1088 Deo
422 1065 450 1089 et
475 1061 549 1090 Patri
573 1066 703 1098 tanquam
728 1063 797 1090 duas
818 1062 1008 1089 immaculatas

216 1108 354 1137 turtures,
375 1106 495 1134 animam
518 1111 546 1134 et
569 1114 680 1135 carnem
704 1111 852 1135 nostram:
875 1114 956 1142 quem
981 1110 1009 1134 et

216 1152 352 1186 suscepit,
371 1153 453 1181 veluti
472 1153 582 1181 Simeon
604 1154 728 1190 quidam,
744 1154 882 1189 Antiquos
901 1154 1007 1180 dierum

215 1196 290 1226 Deus
304 1203 331 1226 et
343 1198 435 1232 Pater,
454 1203 585 1236 tauquam
598 1201 625 1228 in
643 1201 735 1233 ulnas,
748 1201 775 1228 in
792 1201 918 1236 proprios
931 1200 1008 1228 sinus

216 1244 276 1272 sine
290 1245 344 1272 ulla
356 1245 625 1281 circumscriptione.
639 1246 668 1273 Si
681 1254 746 1274 vero
759 1246 815 1274 haec
826 1250 856 1273 ut
871 1246 1006 1279 fabulosa,

215 1294 243 1316 et
259 1298 313 1318 non
331 1290 448 1318 fideliter
471 1291 561 1324 audis,
584 1295 717 1320 accusant
739 1295 766 1318 te
793 1298 847 1318 non
873 1291 1008 1319 dissoluta

215 1333 305 1368 sigilla
337 1335 555 1369 regenerationis
587 1335 721 1362 Dominici
745 1335 846 1363 Christi
876 1336 1006 1371 sepulcri.

216 1380 455 1413 Quemadmodum
481 1382 554 1409 enim
583 1382 738 1418 obsignatis
766 1383 800 1410 ab
826 1383 884 1416 ipsa
909 1387 1007 1410 natura

216 1426 311 1455 inditis
338 1427 568 1463 patefaeicnlibus
592 1433 700 1456 uterum
724 1429 853 1456 claustris
878 1429 1007 1464 virginea:

215 1479 331 1506 naturae,
348 1474 478 1502 Christus
494 1482 528 1501 ex
543 1473 657 1509 Virgine
672 1479 753 1502 natus
772 1479 832 1502 est:
852 1474 893 1501 sic
905 1474 1007 1502 Christi

215 1520 399 1554 regeneratio,
415 1528 479 1547 cum
492 1527 546 1547 non
562 1524 656 1547 essent
666 1524 761 1556 aperta
774 1521 891 1556 sepulcri
905 1520 1007 1556 sigilla,
1023 1533 1044 1562 ο

216 1564 289 1592 facta
305 1569 358 1593 est.
377 1565 436 1598 Qua
452 1570 543 1594 autem
562 1567 669 1594 ratione
691 1570 718 1594 et
732 1574 787 1602 quo
803 1571 936 1603 tempore,
952 1571 980 1595 et
994 1574 1009 1594 a

216 1610 319 1645 quibus
340 1611 366 1638 in
384 1612 511 1646 sepulcro
531 1611 661 1641 Christus
679 1613 735 1640 vita
759 1613 899 1647 conditur,
916 1621 1010 1642 sacras

216 1656 336 1688 Litteras
352 1657 507 1686 audiamus.

260 1788 377 1825 Vespere,
401 1790 501 1825 inquit,
517 1790 600 1827 facta,
617 1791 685 1819 venit
705 1791 782 1819 Immo
802 1792 884 1825 dives,
904 1793 1013 1820 nomine

217 1835 323 1871 IIoseph.
343 1835 394 1863 llic
414 1841 520 1872 sumpta
540 1837 656 1865 audacia
675 1839 807 1874 ingressus
823 1840 911 1866 estad
934 1838 1011 1866 Pila-

219 1887 284 1915 tum,
298 1887 324 1909 el
336 1883 411 1918 petiit
424 1883 456 1912 ab
472 1891 501 1910 eo
513 1892 606 1918 corpus
616 1883 682 1911 Iesu
692 1885 710 1912 '.
731 1885 873 1920 Ingressus
887 1885 1010 1914 mortalis

218 1928 252 1959 ad
271 1928 425 1961 mortalem,
442 1933 539 1964 petens
556 1934 586 1957 ut
601 1930 719 1964 accipiat
734 1929 837 1964 Deum;
855 1930 939 1958 Deum
958 1931 1011 1959 im-

218 1973 362 2000 mortalem
387 1974 490 2009 poscit;
513 1974 600 2001 lutum
625 1983 640 2001 a
661 1975 722 2003 luto.
742 1976 868 2011 accipere
891 1977 1025 2012 plastem,

218 2019 340 2046 cumium
350 2027 360 2051 ,-
376 2018 468 2048 fenum
488 2027 504 2047 a
524 2019 585 2047 feno
603 2020 724 2055 recipere
741 2021 882 2048 caelestem
895 2022 1006 2058 ignem;

218 2068 294 2103 gutta
318 2064 424 2092 misella
450 2072 465 2091 a
493 2069 570 2100 gutta
595 2066 699 2093 misella
727 2065 829 2100 accipit
859 2067 999 2102 abyssum.

219 2110 286 2144 Quis
301 2111 387 2138 vidit?
408 2111 471 2146 quis
493 2119 611 2146 unquam
627 2111 709 2139 fando
728 2112 842 2144 audivit,
868 2116 898 2139 Iit
922 2112 1003 2140 homo

220 2157 323 2184 homini
339 2157 471 2185 factorem
486 2157 626 2185 hominum
641 2158 805 2193 largiretur?
824 2158 938 2194 Iniquus
952 2160 979 2186 iu
990 2174 1007 2187 ,-

1063 234 1257 270 καταδέχεται·
1271 234 1418 270 σπάργανα
1429 234 1478 262 καὶ
1493 235 1610 276 ὲνταιῖθα
1621 236 1862 267 κατατυλίττεται.

1062 281 1190 316 Σμύρναν
1204 280 1345 315 γεννηθεὶς
1360 280 1485 313 ἐδέξατο·
1499 281 1622 317 σμύρναν
1635 282 1683 309 καὶ
1698 284 1728 310 ὲν
1738 285 1773 319 τῇ
1786 286 1862 320 ταφῇ

1062 326 1110 352 καὶ
1127 325 1208 361 ἀλοὴν
1225 325 1415 361 καταδέχεται.
1433 325 1506 352 Ὲκεί
1527 325 1626 361 Ἰωσὴφ
1639 326 1772 364 ἄνανδρος
1787 328 1863 362 ἀνὴρ

1062 371 1113 408 τῆς
1133 371 1244 407 Μαρίας
1259 371 1498 407 προσηγόρευται’
1519 372 1578 399 ἀλλ’
1598 370 1651 401 ὧδε
1674 373 1775 409 Ἰωσὴφ
1792 375 1808 402 ὁ
1831 375 1862 408 ἐξ

1070 417 1252 453 Ἁριμαθαίας
1267 417 1401 453 κηδευτὴς
1408 417 1459 452 τῆς
1469 417 1543 453 ζωῆς
1557 418 1636 454 ἡμῶν
1651 419 1859 447 ἀναδείκνυται.

1068 464 1113 491 Ἐν
1123 463 1247 499 Βηθλεὲμ
1261 463 1308 490 καὶ
1320 464 1349 490 ὲν
1363 463 1452 500 φάτνῃ
1468 463 1482 490 ὁ
1497 463 1579 496 τόπος
1586 464 1656 499 (85')
1665 472 1672 479 ·
1687 464 1758 492 ἀλλὰ
1767 465 1818 492 καὶ
1831 466 1862 493 ὲν

1061 510 1101 545 τῷ
1111 510 1189 545 τάφῳ
1202 509 1240 541 ὡς
1257 509 1304 536 ἐπὶ
1314 508 1419 545 φάτνης
1426 509 1440 535 ὁ
1456 509 1547 541 τόπος.
1557 510 1664 546 Πρῶτοι
1676 510 1787 538 πάντων
1797 520 1860 539 ms.

1063 554 1145 591 μένες
1171 554 1221 589 τὴν
1241 553 1363 589 Χριστοῦ
1385 553 1594 590 εὐηγγελίζοντο
1622 554 1766 591 γέννησιν·
1789 555 1862 583 ma

1061 601 1110 627 καὶ
1124 599 1230 636 πρῶτοι
1249 599 1359 627 πάντων
1376 599 1508 633 ποιμένες
1525 599 1645 635 Χριστοῦ
1668 601 1790 637 μαθηταὶ
1811 602 1861 628 εὖ-

1060 646 1265 682 ηγγελίσθησαν
1273 645 1321 673 τοῦ
1336 644 1455 680 Χριστοῦ
1476 644 1525 680 τὴν
1546 645 1579 672 ἐκ
1596 645 1701 681 νεκρῶν
1721 647 1861 682 ἀναγγὲν-

1060 701 1149 728 νησιν.
1168 692 1252 725 Ἐκεῖ,
1269 692 1365 728 Χαῖρε,
1381 692 1395 718 ὁ
1417 690 1533 725 ἄγγελος
1547 692 1580 727 τῇ
1595 691 1727 728 Παρθένῳ
1737 693 1840 728 ἐϐόησε
1850 701 1859 708 “

1060 740 1108 766 καὶ
1120 737 1248 770 ἐνταῦθα,
1262 737 1391 773 Χαίρετε,
1414 737 1428 764 ὁ
1438 736 1487 772 τῆς
1501 736 1622 772 μεγάλης
1631 736 1730 773 βουλῆς
1738 737 1860 773 ἄγγελος

1060 784 1177 819 Χριστὸς
1191 783 1251 814 ταῖς
1278 782 1386 817 γυναιξὶ
1412 781 1608 818 ἀνακέκραξεν.
1633 782 1678 810 Ἐν
1700 785 1734 819 τῇ
1758 783 1862 821 πρώτη

1060 830 1187 866 γεννήσει
1203 828 1321 864 Χριστὸς
1349 828 1420 864 μετὰ
1440 828 1644 863 τεσσαράκοντα
1668 829 1776 864 ἡμέρας
1800 831 1860 856 εἰσ-

1060 878 1141 913 ἦλθεν
1154 877 1194 908 είς
1222 876 1271 912 τὴν
1297 875 1421 910 ἐπίγειον
1441 875 1637 912 Ἰερουσαλὴμ,
1660 875 1700 908 εἰς
1717 875 1764 903 τὸν
1781 875 1858 909 ναὸν,

1060 923 1108 951 καὶ
1134 921 1312 957 προσήγαγεν
1337 920 1376 952 ὡς
1399 919 1574 955 πρωτότοκος
1590 919 1687 954 ζεῦγος
1716 920 1861 956 τρυγόνων

1059 967 1134 1003 Θεῷο
1147 966 1215 994 ἀλλὰ
1233 966 1280 993 καὶ
1300 966 1328 992 ὲν
1343 966 1378 1000 τῇ
1397 966 1430 992 ὲκ
1444 964 1549 1000 νεκρῶν
1568 964 1715 992 ἀναστάσει
1738 965 1860 1001 Χριστὸς

1061 1013 1132 1050 μετὰ
1150 1012 1356 1048 τεσσαράκοντα
1387 1011 1496 1047 ἡμέρας
1521 1010 1637 1046 ἀνῆλθεν
1663 1012 1704 1043 είς
1725 1011 1776 1046 τὴν
1801 1012 1861 1039 ἄνω

1065 1058 1255 1097 Ἰερουσαλὴμ,
1266 1058 1329 1085 ὅθεν
1342 1057 1394 1084 οὐκ
1412 1056 1569 1092 ἐχωρίζετο,
1592 1055 1640 1082 καὶ
1656 1056 1697 1088 εις
1715 1055 1752 1083 τὰ
1771 1056 1860 1088 ὅντως

1061 1106 1145 1140 Ἀγια
1155 1104 1210 1131 τῶν
1219 1103 1305 1138 ἁγίων
1316 1102 1354 1134 ὡς
1365 1101 1536 1138 πρωτότοκος
1546 1100 1683 1136 ἄφθαρτος
1694 1102 1727 1129 ὲκ
1739 1101 1858 1137 νεκρῶν,

1060 1153 1107 1179 καὶ
1123 1151 1284 1187 προσήγαγε
1298 1149 1338 1185 τῷ
1352 1148 1412 1185 Θεῷ
1433 1148 1480 1175 καὶ
1497 1147 1585 1183 Πατρὶ
1603 1147 1641 1179 ὠς
1657 1147 1704 1174 δύο
1722 1146 1860 1183 ἀμώμους

1059 1197 1204 1233 τρυγόνας,
1224 1196 1273 1231 τὴν
1286 1194 1375 1231 ψυχὴν
1392 1194 1440 1223 καὶ
1456 1194 1505 1229 τὴν
1527 1194 1617 1229 σάρκα
1631 1193 1680 1229 τὴν
1697 1193 1857 1230 ἡμετέραν·

1058 1243 1088 1270 ὃν
1109 1243 1156 1270 καὶ
1176 1241 1335 1274 ὑπεδέξατο,
1350 1239 1515 1275 ὠς-Συμεών
1537 1248 1592 1271 τις.
1617 1240 1631 1266 ὸ
1657 1238 1778 1271 Παλαιὸς
1801 1240 1857 1267 τῶν

1059 1289 1171 1326 ἡμερῶν
1187 1288 1254 1320 Θεὸς
1270 1288 1318 1315 καὶ
1340 1286 1454 1322 Πατὴρ,
1472 1286 1510 1317 ὡς
1533 1286 1562 1312 ἐν
1576 1285 1712 1320 ἀγκάλαις
1732 1286 1763 1312 ὲν
1781 1285 1860 1317 ἰδίοις

1059 1335 1170 1366 κόλποις
1185 1333 1413 1370 ἁπεριγράπτως.
1441 1331 1505 1358 Ἐὰν
1520 1331 1548 1358 δὲ
1565 1331 1687 1366 μυθικῶς
1705 1331 1797 1358 ταῦτα
1808 1332 1859 1358 καὶ

1059 1382 1089 1408 οὐ
1103 1381 1207 1413 πιστῶς
1221 1380 1330 1415 ἀκούῃς,
1355 1377 1539 1414 κατηγοροῦσί
1553 1386 1600 1405 σου
1614 1379 1641 1404 αἱ
1655 1377 1748 1405 ἄλυτοι
1765 1386 1855 1413 σφρα-

1059 1428 1132 1463 735;,—
1158 1426 1205 1456 τοῦ
1232 1424 1397 1452 Δεσποτικοῦ
1419 1425 1468 1459 τῆς
1499 1424 1705 1459 ἀναγεννήσεως
1734 1423 1858 1459 Χριστοῦ

1061 1472 1213 1508 μνήματος.
1230 1471 1335 1506 Ὥσπερ
1351 1470 1405 1506 γὰρ
1427 1469 1654 1505 ἐσφραγισμένων
1675 1469 1729 1496 τῶν
1747 1477 1856 1504 πανεμ-

1061 1517 1153 1553 φύτων
1174 1516 1382 1553 μητρανοίκτων
1393 1515 1526 1551 κλείθρων
1546 1517 1595 1551 τῆς
1613 1515 1785 1551 παρθενικῆς
1803 1515 1856 1550 φύ-

1061 1572 1131 1595 σεως
1149 1563 1266 1599 Χριστὸς
1287 1562 1320 1588 ἐκ
1343 1561 1483 1597 Παρθένου
1500 1561 1678 1596 γεγέννηται·
1699 1560 1788 1592 οὕτως
1803 1560 1858 1587 ἀδι-

1059 1609 1191 1638 ανοίκτων
1203 1609 1288 1635 ὄντων
1306 1607 1361 1634 τῶν
1379 1606 1426 1633 τοῦ
1439 1607 1526 1641 τάφου
1538 1606 1694 1643 σφραγίδων
1705 1606 1722 1641 ἡ
1735 1606 1857 1639 Χριστοῦ

1059 1656 1239 1690 ἀναγέννησις
1256 1654 1426 1690 πέπρακται.
1446 1653 1509 1685 Πῶς
1527 1653 1555 1679 δὲ
1572 1653 1601 1679 ὲν
1618 1652 1696 1688 τάφῳ
1714 1652 1762 1679 καὶ
1780 1652 1859 1684 πότε,

1059 1702 1107 1729 καὶ
1118 1702 1170 1729 ἐπὸ
1185 1701 1267 1728 τίνων
1278 1699 1396 1736 Χριστὸς
1407 1700 1423 1735 ἡ
1437 1699 1494 1735 ζωὴ
1509 1698 1695 1731 κατατίθεται,
1708 1698 1763 1727 τῶν
1775 1698 1861 1734 ἱερῶν

1058 1748 1157 1783 λογίων
1172 1747 1346 1782 ἀκούσωμεν.

1101 1795 1203 1828 Ὀψίας
1233 1792 1417 1828 γενομένης,
1450 1792 1552 1827 φησιν,
1580 1789 1674 1826 ἦλθεν
1700 1791 1858 1825 ἄνθρωπος

1059 1839 1209 1872 πλούσιος
1229 1838 1362 1875 τοῦνοέια
1387 1835 1504 1870 Ἰωσήφ·
1519 1835 1610 1869 οὗτος
1624 1836 1779 1871 τολμήσας
1795 1837 1858 1864 εἰσ-

1059 1886 1155 1920 ῆλθεν
1172 1884 1247 1919 πρὸς
1262 1883 1405 1916 Πιλᾶτον,
1423 1883 1472 1909 καὶ
1485 1882 1621 1917 ᾐτήσατο
1634 1883 1705 1917 παρ’
1716 1882 1813 1910 αὐτοῦ
1823 1882 1856 1908 τὸ

1060 1931 1146 1966 σῶμα
1170 1931 1225 1958 τοῦ
1253 1929 1362 1964 Ἰησοῦ.
1386 1929 1518 1965 Εἰσῆλθεν
1540 1928 1634 1964 βροτὸς
1654 1928 1722 1964 πρὸς
1748 1928 1856 1964 βροτὸν,

1061 1976 1222 2012 αἰτούμενος
1244 1975 1338 2003 λαϐεῖν
1357 1974 1404 2001 τὸν
1421 1974 1500 2002 Θεόν·
1517 1973 1564 2000 τὸν
1585 1974 1652 2000 Θεὸν
1673 1973 1728 2000 τῶν
1752 1973 1856 2009 βροτῶν

1061 2022 1188 2049 αἰτεῖται·
1207 2021 1292 2057 πηλὸς
1306 2020 1375 2056 πρὸς
1392 2019 1480 2055 πηλοῦ
1493 2019 1553 2056 (86)
1566 2019 1660 2046 λαϐεῖν
1677 2018 1724 2045 τὸν
1745 2018 1856 2045 πάντων

1064 2067 1259 2103 πλαστουργόν·
1275 2068 1290 2094 ὁ
1309 2067 1406 2103 χόρτος
1428 2067 1503 2102 παρὰ
1521 2067 1620 2105 χόρτου
1639 2065 1808 2101 κομίσασθαι
1825 2066 1856 2092 τὸ

1060 2114 1187 2150 οὐράνιον
1202 2113 1267 2150 πῦρ·
1284 2115 1300 2149 ἡ
1319 2113 1427 2148 σταγὼν
1446 2114 1463 2149 ἡ
1483 2113 1580 2149 οἰκτρὰ
1594 2112 1652 2148 (87)
1667 2111 1745 2148 παρὰ
1759 2112 1857 2146 σταγό-

1061 2168 1106 2191 νος
1128 2160 1241 2196 οἰκτρᾶς
1268 2159 1402 2194 λαμϐάνει
1426 2159 1476 2195 τὴν
1503 2157 1632 2186 ἄϐυσσον.
1658 2158 1707 2190 Τίς
1733 2158 1788 2190 ῐδε;
1814 2158 1856 2189 τίς

218 2211 335 2238 quorum
351 2211 382 2230 ac
398 2204 466 2239 legis
481 2204 613 2231 amussim
628 2203 731 2232 donare
752 2205 906 2239 pollicetur.
921 2205 1007 2233 Judex

1064 2206 1162 2242 ἧκουσε
1180 2206 1311 2240 minore;
1331 2206 1492 2242 ΙἌνθρωπος
1512 2205 1649 2241 ἀνθρώπῳ
1671 2205 1716 2232 τὸν
1739 2204 1860 2240 ποιητὴν.

218 2250 321 2280 nullius
340 2249 447 2285 iudicii,
472 2253 602 2285 tauquam
616 2249 720 2284 judicio
741 2251 912 2284 damnatum,
932 2251 1007 2286 judio

217 2303 278 2326 cem
294 2296 419 2332 judicum
437 2296 623 2332 sepeliendum
644 2297 787 2332 permittit.

259 2431 379 2465 Vespere,
400 2431 501 2466 inquit,
519 2430 602 2466 facto,
624 2431 694 2458 venit
710 2430 787 2458 Immo
808 2430 889 2463 dines,
905 2432 1010 2460 nomine

217 2478 326 2512 Joseph.
349 2477 418 2505 Vere
435 2477 522 2509 dives,
545 2477 681 2512 siquidem
705 2485 812 2504 omnem
830 2479 1008 2514 compositam

217 2524 327 2552 homini
348 2523 517 2558 lrypostasim
544 2522 647 2550 retulit.
673 2522 745 2550 Sane
768 2522 856 2556 dives,
880 2525 1009 2558 quoniam

218 2569 355 2604 duplicem
383 2567 566 2596 substantiam
593 2567 696 2596 Christi
729 2575 743 2595 a
777 2567 865 2596 Pilato
892 2571 1009 2605 accepit.

217 2614 365 2642 Enimvero
380 2614 465 2647 dives,
482 2613 612 2649 quoniam
626 2613 699 2642 haud
718 2615 881 2642 mstimatam
901 2623 1010 2651 marga-

219 2662 302 2691 ritam
319 2660 419 2696 dignus
432 2660 542 2690 habitus
553 2665 596 2690 est
609 2665 639 2689 ut
652 2661 766 2690 referret
778 2671 785 2689 :
802 2669 897 2690 revera
909 2662 1003 2698 dives;

254 2720 263 2737 ³
276 2719 360 2748 Marc.
376 2727 421 2752 xv,
436 2719 471 2747 ﬂ
487 2727 548 2755 sqq.

265 2777 320 2808 85')
331 2777 468 2811 lutcrpres
482 2777 545 2811 legit
558 2778 646 2807 τόκης.
664 2776 740 2805 Eun.

266 2814 310 2856 ἕρ)
330 2822 374 2848 γρ.
390 2814 435 2839 τὸν
449 2812 543 2856 πηλόν.

253 2849 310 2886 (87)
326 2856 370 2884 γρ.
390 2849 483 2884 μικρά.

1060 2253 1117 2283 τῶν
1132 2252 1286 2288 ἀνθρώπων
1307 2252 1462 2288 χαρίζεται·
1484 2252 1585 2288 ἄνομος
1605 2252 1658 2278 τῶν
1680 2251 1791 2287 ἀνόμων
1810 2251 1861 2278 τὸν

1062 2299 1125 2335 ὅρον
1137 2299 1184 2326 καὶ
1193 2298 1241 2325 τοῦ
1255 2299 1337 2334 νόμου
1350 2298 1407 2333 (88)
1423 2299 1595 2334 ὑπισχνεῖται
1610 2296 1781 2333 χαρίζεσθαι·
1799 2305 1857 2333 ἰρι⁴

1060 2346 1111 2382 τὴς
1124 2346 1236 2381 ἄκριτος
1250 2345 1288 2377 ὡς
1308 2344 1472 2381 κατάκριτον
1494 2345 1539 2372 τὸν
1557 2345 1654 2381 κριτὴν
1675 2344 1729 2371 τῶν
1754 2344 1859 2380 κριτῶν.

1061 2391 1102 2424 είς
1116 2391 1205 2427 ταφὴν
1219 2390 1343 2426 ἀφίησιν.

1106 2436 1209 2470 Ὀψίας
1233 2435 1412 2471 γενομένης,
1443 2436 1543 2472 φησὶν,
1577 2433 1671 2471 ἦλθεν
1700 2435 1855 2469 ἅνθρωπος

1064 2483 1214 2515 πλούσιος
1223 2483 1356 2518 τοῦνομα
1370 2482 1487 2517 Ἰωσήφ.
1498 2483 1603 2514 Ὄντως
1616 2481 1754 2513 πλούσιος,
1766 2481 1856 2507 πᾶσαν

1063 2527 1113 2563 τὴν
1130 2527 1256 2555 σύνθετον
1269 2528 1316 2554 τοῦ
1331 2528 1436 2565 Κυρίου
1449 2528 1505 2563 (89)
1530 2527 1679 2554 ὑπόστασιν
1700 2526 1855 2562 κομισάμε-

1064 2581 1118 2604 νος·
1141 2573 1251 2609 ἀληθῶς
1274 2573 1412 2606 πλούσιος,
1438 2574 1479 2600 ὅτι
1506 2573 1555 2608 τὴν
1579 2573 1669 2609 διττὴν
1693 2572 1789 2599 οὐσίαν
1810 2571 1856 2599 τοῦ

1063 2620 1183 2656 Χριστοῦ
1200 2620 1277 2656 παρὰ
1291 2620 1409 2647 Πιλάτου
1428 2619 1518 2647 ἔλα6ε’
1537 2621 1585 2647 καὶ
1597 2620 1652 2655 γὰρ
1669 2619 1857 2652 πλούσιος,δτι

1064 2666 1109 2692 τὸν
1117 2666 1249 2702 ἀτίμητον
1260 2666 1436 2702 μαργαρίτην
1447 2665 1552 2702 ἠξιώθη
1563 2665 1740 2702 κομίσασθαι.
1755 2665 1859 2698 Ὄντως

1101 2778 1155 2814 (.88)
1172 2787 1217 2813 τρ.
1234 2778 1281 2814 καὶ.
1293 2777 1338 2804 τὸν
1353 2777 1445 2814 νόμον.

1101 2812 1156 2850 (89)
1235 2813 1282 2840 τοῦ
1297 2812 1433 2850 Σωτῆρος,
1475 2826 1479 2831 ›
