1929 3038
188 158 241 186 M7

829 157 933 185 ΒΗΜΛ
953 158 1023 203 All-'1'
1043 158 1177 186 SPURIA.

1775 164 1838 190 με

192 219 321 249 tanquam
346 212 481 250 nospitem
503 215 531 242 in
553 214 673 250 hospitio
695 214 754 242 sine
773 214 854 242 domo
873 223 973 251 propri:

1036 216 1082 243 τὸν
1096 216 1133 248 ὼς
1151 214 1225 247 ξένον
1241 217 1287 243 ἐπὶ
1298 216 1376 252 ξένης
1392 217 1493 250 ἄοικον,
1508 217 1556 246 ἐπὶ
1569 218 1673 254 φάτνης
1685 201 1832 254 τεχθέντα.

190 260 217 287 iu
237 260 353 295 praesepi
369 259 545 286 collocatum.
563 259 600 286 Da
621 260 690 286 mihi
707 260 779 287 hune
796 261 982 295 peregrinum,

187 305 235 340 qui
256 313 290 332 ex
308 305 404 332 eodem
421 306 549 340 prmsepi,
570 309 598 332 ut
612 306 785 341 peregrinus,
807 311 917 342 propter
933 306 983 334 lle-

187 351 282 378 rodem
304 350 374 385 fugae
396 358 426 378 se
446 350 530 378 dedit.
551 350 588 377 Da
612 352 679 378 mihi
702 352 774 378 hunc
796 352 981 387 peregrinum,

187 398 234 432 qui
253 397 288 423 ab
311 396 380 431 ipsis
396 396 572 424 incunabulis
591 397 617 424 in
636 397 754 433 Egypto
775 398 894 433 hospitio
915 406 982 426 usus

186 446 239 475 est,
260 449 314 468 non
336 442 482 469 habentem
499 442 649 475 civitatem,
673 451 727 470 non
746 444 845 475 vicum,
863 451 919 471 non
937 444 983 471 do-

187 494 274 518 mum,
295 494 349 513 non
376 487 559 519 mansionem,
588 495 643 514 non
662 492 829 522 cognatum;
847 489 873 515 in
891 493 982 516 extra-

189 539 239 559 nea
273 539 338 559 vero
367 533 479 567 regione
505 536 548 560 est
572 533 617 559 hic
640 534 814 568 peregrinus.
839 533 876 561 Da
902 535 980 567 mihi,

187 584 204 604 ο
221 585 333 612 praeses,
360 578 433 605 hunc
459 578 487 605 in
515 578 589 613 ligno
614 579 729 611 nudum,
758 584 787 606 ut
812 580 980 615 cooperiam.

187 624 234 657 qui
249 631 316 651 mea:
329 627 433 651 natura:
445 627 588 659 cooperuit
598 625 761 652 nuditatem.
776 625 813 652 Da
829 626 894 652 mihi
909 626 981 653 bunc

188 674 325 697 mortuum
348 670 425 705 juxta
446 674 473 698 et
497 669 593 701 Deum,
618 675 649 698 ut
669 679 730 698 eum
756 676 911 707 conlegam,
933 672 979 707 qui

188 723 262 743 meas
284 716 446 751 iniquitates
470 717 602 744 contexit.
624 717 660 743 Da
678 717 755 749 mihi,
781 725 797 744 ο
813 725 925 753 prmses,
950 722 980 745 ut

187 761 316 796 sepeliain
337 766 486 794 mortuum,
508 762 554 797 qui
579 762 606 789 in
631 761 751 790 Jordane
776 771 866 790 meum
882 771 980 798 pecca-

188 814 245 834 tum
267 808 402 842 sepelivit.
424 807 478 835 Pro
495 812 604 836 mortuo
628 809 755 840 obsecro,
770 809 816 844 qui
835 809 870 836 ab
886 809 978 836 omni-

186 853 238 881 bus
260 853 360 888 injuria
378 853 503 886 aﬂ‘ectus,
522 855 567 889 qui
587 855 622 881 ab
639 856 730 882 amico
748 853 921 887 venditus,'a
933 855 976 883 di-

1036 262 1086 294 Δός
1101 271 1147 298 μοι
1161 262 1255 288 τοῦτον
1271 262 1317 290 τὸν
1333 263 1417 295 ξένον,
1441 263 1487 290 τὸν
1511 263 1540 296 ἐξ
1555 264 1640 298 αὐτῆς
1656 265 1706 300 τῆς
1723 266 1833 302 φάτνης

1034 307 1072 338 ὡς
1094 307 1170 340 ξένον
1191 308 1221 340 ἐξ
1238 308 1360 344 Ἦρὼδου
1383 309 1513 343 φυγόντα.
1534 310 1583 342 Δός
1600 319 1644 346 μοι
1663 311 1760 339 τοῦτον
1782 313 1832 341 τὸν

1034 351 1118 384 ξένον,
1141 352 1187 379 τὸν
1211 353 1240 386 ὲξ
1264 353 1355 380 αὐτῶν
1378 353 1434 380 τῶν
1461 355 1627 390 σπαργάνων
1648 357 1677 383 ὲν
1694 357 1832 392 Αἰγύπτῳ

1034 397 1193 431 ξενωθέντα,
1207 399 1237 425 οὐ
1252 399 1330 425 πόλιν
1341 399 1447 434 ἔχοντα,
1461 400 1492 426 οὐ
1507 400 1614 436 κώμην,
1631 401 1680 428 οὐκ
1695 399 1782 435 οἶκον,
1796 403 1830 429 οὔ

1034 445 1128 479 μονὴν,
1144 445 1175 471 οὐ
1192 445 1319 481 συγγενῆ·
1342 447 1385 472 ἐπ’
1405 446 1560 482 ἀλλοδαπῆς
1574 447 1602 473 δὲ
1616 447 1709 483 χώρας
1724 449 1832 484 τυγχά-

1031 496 1071 514 νει
1081 484 1158 520 circa;
1172 489 1186 514 6
1202 487 1277 521 ξένος
1288 489 1355 524 (99).
1368 490 1417 522 Δός
1432 500 1487 526 μοι,
1503 488 1525 518 ὦ
1539 491 1662 526 ἡγεμὼν,
1673 493 1768 520 τοῦτον
1781 494 1830 522 τὸν

1031 532 1077 558 ἐπὶ
1093 531 1172 565 ξύλου
1191 535 1304 570 γυμνόν
1333 536 1464 563 σκεπάσω
1486 536 1532 563 τὸν
1558 537 1607 572 τῆς
1628 537 1697 573 ἐμῆς
1718 539 1830 572 φύσεως

1031 577 1208 605 σκεπάσαντα
1228 579 1378 614 γύμνωσιν.
1405 580 1455 612 Δός
1480 589 1525 615 μοι
1545 581 1639 608 τοῦτον
1659 582 1705 609 τὸν
1727 584 1830 619 νεκρὸν

1030 623 1098 658 ὁμοῦ
1113 624 1160 650 καὶ
1171 624 1249 651 Θεόν·
1264 626 1395 652 σκεπάσω
1406 626 1451 652 τὸν
1464 627 1512 659 τὰς
1526 627 1596 663 ἐμὰς
1609 629 1725 664 ἀνομίας
1742 630 1829 657 καλύ-

1029 667 1127 703 ψαντα.
1147 669 1198 701 Δός
1215 679 1271 705 μοι,
1290 667 1312 697 ὦ
1329 671 1451 706 ἡγεμὼν,
1470 673 1577 708 νεκρὸν,
1596 673 1641 700 τὺν
1659 675 1705 700 ἐπὶ
1724 675 1828 711 Ἰορδά-

1029 723 1075 740 νου
1096 714 1146 751 τὴν
1167 715 1238 751 ἐμὴν
1262 716 1402 751 ἁμαρτίαν
1423 716 1587 752 ἐνοάψαντα.
1618 719 1703 755 Ὑπὲρ
1725 721 1827 756 νεκροῦ

1029 760 1182 795 παρακαλῶ
1198 761 1250 787 ὑπὸ
1268 762 1377 788 πάντων
1394 762 1580 798 ἀδικηθέντος,
1598 764 1649 790 ὑπὸ
1663 764 1829 801 φίλουπρα-

1029 804 1129 838 θέντος,
1144 806 1197 832 ὑπὸ
1211 806 1335 842 μαθητοῦ
1349 808 1538 843 προδοθέντος,
1554 809 1607 835 ὑπὸ
1624 809 1748 845 ἀδελφῶν
1762 811 1828 838 διω-

1027 851 1148 886 χθέντος,
1167 853 1215 879 καὶ
1233 853 1286 880 ὑπὸ
1299 853 1393 880 δούλου
1405 854 1443 890 (l)
1462 854 1650 889 ραπισθέντος.
1673 856 1761 891 ’Υπὲρ
1782 866 1828 884 νε-

186 900 292 935 scipulo
308 900 443 935 proditus,
462 908 477 928 a
500 900 633 928 fratribus
647 900 830 929 insectatione
851 905 973 933 vexatus,

1029 897 1097 934 κροῦ
1118 898 1274 934 πρεσϐεύω,
1297 898 1344 925 τοῦ
1361 899 1413 925 ὑπὸ
1425 899 1481 927 τῶν
1497 900 1542 926 ὑπ’
1556 901 1638 928 αὐτοῦ
1655 903 1686 928 ἐκ
1701 902 1827 936 δουλείας

185 954 200 972 a
217 954 297 974 servo
312 947 398 981 alapis
416 954 564 982 percussus
587 951 645 981 est;
663 955 712 982 pro
730 951 839 975 mortuo
854 955 912 979 oro,
929 948 975 982 qui

184 997 227 1020 est
237 992 271 1019 ab
288 992 321 1019 iis
338 992 548 1024 condemnatus.
563 994 609 1028 qui
626 998 691 1021 sunt
706 993 740 1020 ab
751 1001 783 1021 eo
799 1001 831 1021 ex
845 994 977 1022 servitute

185 1037 292 1064 liberati
305 1047 312 1071 ;
326 1038 372 1072 qui
388 1042 431 1065 est
447 1039 481 1066 ab
507 1039 553 1071 iis,
572 1047 642 1074 quos
664 1040 722 1074 ipse
747 1040 866 1073 sanavit,
881 1040 976 1066 vulne-

184 1088 280 1112 ratus:
300 1084 347 1119 qui
363 1088 406 1112 est
431 1092 444 1111 a
463 1085 608 1120 discipulis
624 1085 763 1118 desertus,
781 1086 894 1121 ipsaque
916 1093 976 1112 ma-

184 1133 226 1157 tre
241 1130 382 1165 privatus;
401 1139 450 1166 pro
471 1136 592 1164 mortuo,
613 1139 630 1158 ο
645 1139 757 1167 prmses,
776 1132 913 1167 supplico,
929 1132 976 1166 qui

183 1180 224 1204 est
243 1177 277 1210 tiu
305 1177 378 1212 ligno
401 1186 565 1213 suspensus,
584 1178 667 1206 domo
691 1186 799 1206 carens.
816 1178 875 1205 Non
902 1178 976 1206 enim

183 1222 261 1249 adest
280 1223 355 1254 huic,
373 1231 426 1251 non
449 1227 527 1258 pater
550 1224 578 1250 in
594 1227 678 1255 terra,
700 1231 754 1251 non
779 1223 895 1254 amicus,
921 1230 975 1250 non

183 1268 403 1304 discipulus,non
414 1270 533 1304 cognati,
541 1277 595 1297 non
605 1270 729 1304 vespillo;
739 1277 832 1296 verum
840 1269 897 1303 ipse
905 1276 976 1296 unus

183 1314 257 1341 unici
276 1314 323 1342 Dei
339 1315 507 1350 unigenitns,
521 1315 548 1342 in
566 1315 668 1342 mundo
683 1314 764 1345 Deus,
784 1318 811 1341 et
824 1322 877 1341 non
893 1314 972 1341 alius.

218 1360 280 1387 lla:c
296 1359 396 1396 Joseph
414 1361 448 1388 ad
463 1361 582 1388 Pilatum
603 1369 664 1388 cum
677 1366 748 1388 esset
764 1361 881 1393 locutus,
893 1361 975 1396 jussit

183 1405 288 1434 Pilatus
306 1410 336 1434 ut
349 1407 462 1434 daretur
484 1407 536 1442 ipsi
553 1407 758 1434 sanctissimum
781 1414 882 1441 corpus
895 1407 971 1435 Jcsu.

183 1452 214 1479 Et
225 1460 288 1479 eum
304 1452 425 1480 venisset
443 1454 469 1480 in
487 1453 576 1480 locum
590 1452 732 1487 Golgotba,
748 1452 874 1488 deposuit
887 1452 971 1480 Deum

182 1499 209 1527 in
235 1507 320 1527 carne
345 1507 378 1526 ex
400 1499 484 1533 ligno,
509 1502 535 1524 et
552 1498 628 1532 ponit
646 1498 674 1524 in
701 1501 802 1525 terram
819 1506 826 1524 :
843 1497 928 1526 Deum
945 1498 973 1525 in

180 1552 265 1571 carne
293 1545 408 1576 nudum,
437 1547 464 1570 et
492 1543 630 1570 hominem
658 1551 712 1570 non
746 1543 916 1578 simplicem;
944 1549 971 1572 et

181 1589 315 1623 aspicitur
326 1589 432 1623 positus
445 1588 527 1620 infra,
542 1588 587 1623 qui
599 1596 695 1616 omnes
708 1589 791 1615 traxit
806 1589 839 1615 ad
854 1596 969 1623 supera;

183 1638 210 1661 et
230 1634 371 1669 paululum
387 1638 462 1662 caret
479 1635 551 1661 vitali
571 1642 647 1665 aura,
663 1635 784 1662 omnium
800 1634 855 1661 vita
871 1639 897 1662 et
916 1635 973 1670 spi-

183 1679 275 1707 ritus:
291 1683 319 1706 et
344 1679 477 1714 aspicitur
491 1680 552 1707 visu
571 1680 694 1712 orbatus,
711 1680 758 1715 qui
780 1680 884 1707 creavit
900 1681 972 1707 mul-

181 1724 217 1752 tis
231 1725 319 1751 oculis
342 1725 471 1759 praedita;
490 1729 517 1753 et
536 1725 609 1760 jacet
633 1725 759 1760 supinus,
784 1726 906 1752 omnium
929 1733 972 1752 re-

179 1771 333 1805 surrectio;
361 1775 388 1799 et
412 1772 544 1799 emoritur
566 1779 650 1799 carne
671 1771 753 1804 Deus,
781 1771 827 1808 qui
848 1775 971 1798 mortuos

179 1815 314 1849 suscitat;
338 1820 366 1843 et
394 1815 457 1843 silet
478 1816 619 1852 paulisper
641 1815 716 1844 verbi
737 1815 784 1843 Dei
804 1816 925 1850 tonitru;
944 1821 972 1844 ct

181 1861 286 1889 tollitur
300 1861 438 1894 matribus,
454 1862 500 1897 qui
516 1865 617 1889 terram
633 1861 755 1889 continet
770 1870 872 1897 pugno.
890 1861 972 1891 Num-

178 1914 242 1934 nam
263 1907 358 1942 igitur,
383 1915 525 1939 numnam,
540 1915 556 1934 ο
577 1906 689 1942 Joscph,
721 1907 768 1942 qui
793 1908 922 1942 petieras,
945 1912 971 1935 et

180 1953 324 1988 accepisti,
350 1953 406 1981 scis
421 1961 501 1988 quem
524 1953 683 1987 acet-peris?
698 1961 827 1980 numnam
847 1953 880 1980 ad
905 1961 971 1980 cru-

178 2006 237 2028 cem
254 1999 397 2032 accedens,
411 2003 437 2026 et
451 1999 592 2034 deponens
606 1998 699 2026 Iesum
718 1999 794 2027 scisti
811 2007 891 2034 queui
905 2006 971 2034 por-

178 2043 268 2071 tares?
285 2043 314 2070 Si
336 2051 398 2071 vere
426 2044 482 2071 scis
504 2052 584 2078 queui
617 2048 705 2076 lenes,
733 2051 806 2071 nunc
831 2043 920 2071 factus
941 2052 970 2071 es

177 2090 265 2118 dives.
283 2089 426 2123 Quomodo
450 2097 513 2117 vero
532 2090 641 2117 tandem
667 2090 752 2117 divini
769 2090 894 2125 corporis
919 2090 971 2117 hoc

178 2137 297 2166 maxime
313 2135 483 2164 tremendum
497 2135 561 2163 Jesu
577 2136 685 2171 peragis
700 2135 804 2163 funus?
824 2135 971 2164 Laudabilc

178 2185 253 2209 tuum
276 2182 414 2216 studium;
432 2182 479 2210 sed
495 2181 690 2209 laudabiliores
706 2181 790 2208 animi
808 2182 846 2208 tui
867 2190 968 2209 mores.

1028 943 1267 980 ἐλευθερωθέντων
1284 945 1508 981 κατακριθέντος,
1531 945 1580 973 τοῦ
1598 947 1645 974 ὑπ’
1660 947 1746 974 αὐτοϋ
1764 948 1827 981 ὄξος

1028 989 1213 1022 ποτισθέντος,
1229 990 1275 1017 τοῦ
1294 990 1346 1017 ὑπὸ
1360 991 1415 1017 τῶν
1433 991 1564 1018 ίαθέντων
1575 993 1628 1019 ὑπ’·
1638 992 1722 1019 αὑτοῦ
1737 1002 1825 1029 τραυ-

1029 1036 1219 1072 ματισθέντος,
1239 1036 1286 1063 τοῦ
1308 1036 1361 1063 ὑπὸ
1375 1036 1428 1063 τῶν
1443 1037 1572 1073 μαθητῶν
1584 1038 1825 1074 καταλειφθέντος,

1027 1082 1075 1109 καὶ
1091 1082 1177 1118 αὐτῆς
1198 1083 1248 1118 τῆς
1272 1083 1375 1118 μητρὸς
1395 1083 1641 1119 ἀποστερηθέντος.
1670 1084 1758 1120 ’Υπὲρ
1782 1094 1828 1112 νε-

1027 1128 1105 1164 κροῦ,
1123 1125 1146 1155 ὦ
1162 1128 1286 1164 ἡγεμὼν,
1309 1128 1436 1162 δυσωπῶ,
1459 1129 1507 1155 τοῦ
1527 1129 1574 1156 ἐπὶ
1588 1129 1666 1163 ξύλου
1681 1131 1826 1166 κρεμαμέ-

1026 1183 1072 1201 νου
1084 1174 1187 1201 ἀοίκου.
1202 1174 1239 1200 Οὐ
1250 1173 1303 1210 γὰρ
1316 1174 1432 1209 πάρεστι
1445 1174 1533 1209 τούτῳ
1546 1175 1576 1201 οὐ
1591 1175 1683 1211 πατὴρ
1698 1176 1746 1202 ἐπὶ
1756 1177 1822 1210 γῆς,

1026 1219 1056 1246 οὐ
1077 1221 1165 1255 φίλος,
1185 1220 1216 1246 οὐ
1238 1219 1373 1255 μαθητὴς,
1400 1220 1430 1246 οὐ
1452 1221 1597 1256 συγγενὴς,
1618 1218 1667 1248 οὐκ
1693 1223 1825 1256 ἐνταφια-

1027 1267 1092 1302 στής
1105 1273 1111 1280 '
1127 1265 1186 1292 ἀλλ’
1200 1265 1282 1297 αὐτὸς
1296 1265 1377 1301 μόνος
1395 1266 1443 1292 τοῦ
1462 1266 1543 1301 μόνου
1560 1267 1717 1302 μονογενὴς,
1733 1268 1762 1294 ὲν
1777 1268 1823 1294 16’-

1027 1320 1089 1348 σμῳ
1102 1311 1180 1343 Θεὸς,
1193 1311 1241 1338 καὶ
1257 1311 1336 1343 ἄλλος
1350 1311 1448 1343 οὐδείς.

1061 1357 1169 1385 Τούτων
1187 1357 1273 1389 οὕτως
1292 1357 1344 1384 ὑπὸ
1365 1356 1463 1392 Ἰωσὴφ
1479 1357 1548 1392 πρὸς
1568 1357 1684 1384 Πιλᾶτον
1706 1358 1821 1394 εἰρημέ-

1026 1412 1090 1436 νων,
1105 1403 1248 1430 ὲκέλευσεν
1266 1403 1280 1429 6
1296 1402 1413 1434 Πιλᾶτος
1429 1403 1539 1438 δοθῆναι
1556 1403 1630 1439 αὐτῷ
1643 1404 1674 1430 τὸ
1687 1405 1824 1438 πανάγιον

1027 1449 1106 1484 σῶμα
1119 1448 1166 1475 τοῦ
1185 1449 1283 1484 Ἰησοῦ.
1299 1449 1354 1474 Καὶ
1369 1447 1454 1475 ἐλθὼν
1470 1449 1516 1474 ἐπὶ
1530 1448 1575 1474 τὸν
1589 1448 1609 1474 Γ
1610 1449 1710 1482 ολγοθά
1723 1450 1819 1482 τόπον,

1024 1494 1133 1522 καθεῖλε
1145 1494 1212 1521 Θεὸν
1225 1495 1254 1520 ὲν
1272 1494 1354 1530 σαρκὶ
1366 1493 1420 1520 ἀπὸ
1435 1493 1481 1520 τοῦ
1497 1493 1587 1527 ξύλου,
1597 1494 1644 1520 καὶ
1655 1493 1822 1529 τίθησινὲπὶ⁵

1024 1540 1085 1575 γῆν-
1097 1540 1163 1567 Θεὸν
1171 1540 1200 1566 ὲν
1208 1539 1290 1575 σαρκὶ
1301 1539 1403 1575 γυμνὸν
1411 1539 1462 1575 (2),
1475 1540 1521 1566 καὶ
1534 1539 1677 1575 ἄνθρωπον
1690 1540 1720 1566 οὐ
1731 1539 1820 1575 ψιλόν.

1026 1586 1080 1613 Καὶ
1091 1587 1186 1622 ὁρᾶται
1199 1586 1324 1621 κείμενος
1335 1586 1419 1617 κάτω,
1428 1586 1442 1612 6
1453 1585 1556 1617 πάντας
1567 1585 1682 1618 ἑλκύσας
1693 1586 1760 1613 ἀνω”
1775 1587 1822 1614 και

1024 1632 1129 1666 γίνεται
1139 1631 1207 1667 πρὸς
1221 1631 1308 1666 βραχὺ
1321 1631 1433 1664 ἀπνους,
1449 1631 1464 1666 ἡ
1479 1630 1589 1658 πάντων
1605 1631 1661 1666 ζωὴ
1680 1632 1728 1657 καὶ
1739 1633 1819 1668 matr

1025 1678 1071 1705 Mai.
1091 1679 1187 1714 ὁρᾶται
1205 1677 1358 1712 ἀόμματος,
1374 1678 1388 1704 6
1402 1677 1499 1709 κτίσας
1514 1678 1548 1703 τὰ
1566 1677 1758 1713 πολυόμματα·
1772 1679 1820 1706 καὶ

1024 1725 1111 1750 κεῖται
1134 1723 1240 1756 ὕπτιος,
1262 1724 1281 1759 ἡ
1304 1724 1412 1750 πάντων
1428 1724 1584 1755 ἀνάστασις·
1610 1725 1656 1751 καὶ
1676 1725 1819 1760 νεκροῦται

1024 1770 1105 1807 σαρκὶ
1129 1769 1205 1801 Θεὸς,
1221 1770 1235 1796 ὁ
1255 1769 1318 1801 τοὺς
1338 1770 1452 1805 νεκροὺς
1477 1770 1605 1797 ἀνιστῶν-
1633 1770 1680 1797 καὶ
1705 1771 1768 1806 σιγᾷ
1780 1772 1819 1805 (5)

1023 1815 1090 1850 πρὸς
1108 1814 1196 1850 βραχὺ
1220 1815 1236 1850 ἡ
1259 1814 1305 1842 τοῦ
1322 1815 1390 1841 Θεοῦ
1410 1815 1490 1850 λόγου
1513 1815 1621 1852 βροντή·
1646 1816 1695 1842 καῖ
1712 1816 1819 1852 αἴρεται

1022 1860 1176 1896 παλάμαις,
1188 1861 1202 1886 6
1216 1860 1264 1896 τὴν
1278 1861 1330 1896 γῆν
1347 1860 1470 1895 κατέχων
1481 1860 1573 1896 δρακί.
1587 1859 1659 1896 Ἆρα
1672 1861 1739 1896 γὰρ,
1752 1860 1817 1897 ἆρα,

1021 1902 1044 1932 ὧ
1057 1905 1167 1940 Ἰωσὴφ,
1182 1906 1297 1940 αἰτήσας
1315 1905 1363 1931 καὶ
1376 1904 1477 1938 λαῦὼν,
1493 1903 1567 1937 οἶδας
1581 1906 1610 1932 δν
1622 1905 1752 1941 εῖληφας;
1764 1904 1818 1942 ἄρα

1022 1950 1179 1986 προσελθὼν
1195 1950 1234 1985 τῷ
1252 1951 1372 1986 σταυρῷ,
1398 1950 1521 1978 καθελὼν
1538 1951 1654 1987 Ἰησοῦν.
1670 1950 1745 1984 οἶδας
1756 1952 1816 1979 τίνα

1022 1996 1191 2029 ἐϐάστασας
1209 1997 1239 2023 El
1260 1997 1344 2028 ὅντως
1365 1995 1438 2028 οἶδας
1457 1997 1487 2024 ὃν
1501 1999 1620 2033 κρατεῖς,
1639 1997 1687 2024 νῦν
1701 1998 1818 2032 γέγονας

1022 2041 1158 2073 πλούσιος.
1177 2042 1239 2074 Πῶς
1255 2042 1283 2068 δὲ
1299 2042 1352 2078 ἄρα
1369 2043 1416 2069 καὶ
1433 2043 1481 2078 τὴν
1499 2043 1635 2079 θεόσωμον
1652 2043 1754 2079 ταύτην
1772 2044 1818 2070 καὶ

1022 2087 1244 2123 φρικωδεστάτην
1263 2089 1352 2123 Ἰησοῦ
1369 2089 1504 2121 ἐπιτελεῖς
1517 2089 1627 2125 κηδείαν
1637 2090 1817 2125 ;.Ἐπαινετὸς

1023 2142 1069 2161 σου
1090 2136 1104 2161 6
1128 2134 1219 2166 πόθος·
1243 2135 1529 2171 ἁλλ’ὲπαινετώτερος
1553 2136 1566 2162 6
1581 2136 1633 2171 τῆς
1655 2136 1745 2172 ψυχῆς
1770 2145 1816 2163 σου

1021 2180 1132 2216 τρόπος.
1145 2178 1218 2216 Ἃρα
1234 2182 1299 2217 γὰρ,
1317 2179 1372 2217 ἆρα
1388 2182 1418 2207 οὺ
1439 2183 1569 2218 φρίττεις,
1585 2182 1614 2209 ὃν
1631 2183 1664 2210 τὰ
1678 2182 1816 2218 χερουίηιε

177 2229 218 2255 An
235 2229 319 2261 enim,
339 2237 429 2256 annon
458 2229 565 2260 horres,
590 2237 670 2263 quem
686 2229 828 2256 cherubim
845 2231 967 2262 horrent,

1025 2227 1190 2261 φρίττουσιν,
1203 2227 1249 2253 ἐπὶ
1262 2227 1362 2263 χειρῶν
1375 2227 1516 2263 βαστάζων
1529 2236 1535 2260 ;
1547 2228 1563 2263 ἢ
1578 2229 1647 2264 ποίῳ
1659 2228 1735 2263 φόεῖῳ
1749 2229 1817 2255 πάνυ

177 2275 205 2302 in
223 2275 350 2303 manibus
373 2275 503 2311 gestans?
519 2279 565 2302 aut
579 2283 646 2303 sane
659 2280 763 2310 quanto
785 2283 847 2302 eum
870 2275 966 2303 timore

177 2320 276 2348 divina:
293 2321 366 2349 illius
393 2321 486 2349 carnis
501 2321 625 2349 denudas
646 2321 779 2348 linteum?
801 2320 887 2354 Quam
904 2329 967 2348 vero

179 2367 307 2403 religiose
322 2368 431 2395 oculum
449 2367 635 2403 deprimebas!
652 2366 747 2394 Nonne
770 2368 880 2394 intuens
902 2367 967 2394 hor-

176 2421 233 2445 res,
252 2421 313 2440 cum
333 2417 459 2440 naturam
477 2413 568 2440 carnis
586 2412 643 2444 Dei,
659 2413 704 2447 qui
722 2415 764 2439 est
787 2420 869 2447 supra
886 2417 967 2439 natu-

178 2465 250 2490 ram,
277 2457 400 2492 detegis?
425 2458 465 2483 An
493 2458 578 2487 enim,
601 2457 646 2484 dic
671 2456 748 2488 mihi,
772 2455 905 2492 oJoseph,
932 2464 966 2484 an

175 2504 209 2532 ad
236 2504 370 2532 orientem
404 2511 500 2530 versus
527 2502 628 2537 sepelis
653 2506 814 2536 mortuum,
851 2503 966 2532 orientis

174 2550 329 2578 orientem?
350 2548 420 2575 Num
446 2556 510 2576 vero
532 2553 559 2576 et
583 2548 638 2576 tuis
665 2549 776 2584 digitis,
805 2553 835 2577 ut
858 2554 966 2578 mortuo

174 2595 312 2628 convenit,
333 2594 396 2622 Jesu
415 2595 521 2622 claudis
540 2595 646 2628 oculos,
662 2596 708 2631 qui
730 2596 904 2624 immaculato
923 2597 965 2624 di-

173 2642 231 2677 gito
244 2641 309 2668 caeci
324 2641 431 2676 aperuit
450 2641 580 2668 oculum?
604 2650 668 2669 num
684 2650 747 2671 vero
765 2647 792 2671 et
814 2651 845 2671 os
859 2644 883 2671 ei
900 2651 966 2670 con-

174 2686 275 2719 cludis,
293 2686 340 2721 qui
360 2690 436 2714 muto
450 2695 481 2714 os
501 2686 624 2722 aperuit?
648 2696 711 2716 num
738 2697 802 2717 vero
822 2693 848 2716 et
868 2697 965 2716 manus

176 2731 300 2759 ubvolvis
316 2731 387 2767 ejus,
403 2732 449 2767 qui
465 2732 588 2761 extendit
610 2733 746 2762 arefactas
766 2734 884 2763 manus?
899 2743 964 2763 num

210 2797 267 2838 (99)
283 2807 328 2833 γρ,
347 2797 441 2838 χώρας
453 2799 506 2838 σὺν.
520 2801 552 2835 τῇ
569 2801 653 2838 μητρὶ
663 2801 768 2837 ἔχοντα.

210 2835 249 2867 (l)
266 2843 312 2868 no.
329 2834 437 2862 οἰκείων
453 2834 563 2862 δούλων.

210 2869 247 2904 (‘2)
264 2878 308 2905 rp.
328 2869 395 2898 Θεὸν
410 2869 440 2897 οὑ
455 2870 566 2905 γυμνόν.

1020 2281 1073 2304 τως
1084 2272 1133 2307 τῆς
1145 2271 1219 2304 θείας
1234 2273 1342 2309 ἐκείνης
1357 2273 1459 2309 σαρκὸς
1473 2275 1643 2309 ἁπογυμνοῖς
1655 2275 1685 2301 τὸ
1696 2275 1814 2308 λέντιον;

1020 2318 1079 2349 πῶς
1102 2318 1130 2344 δὲ
1154 2318 1185 2354 δὴ
1214 2319 1336 2351 εὐλαϐῶς
1356 2319 1393 2355 (4)
1413 2319 1444 2346 τὸ
1465 2319 1543 2355 ὄμμα
1566 2319 1762 2353 κατέστελλες;
1785 2321 1816 2347 οὗ

1019 2363 1141 2400 φρίττεις
1167 2365 1329 2397 ἐνατενίζων
1340 2385 1347 2398 ,
1376 2365 1576 2392 ἀνακαλύπτων
1603 2366 1684 2400 φύσιν
1714 2367 1815 2402 σαρκὸς

1018 2410 1097 2443 Θεοῦ,
1110 2410 1158 2437 τοῦ
1175 2411 1246 2447 ὑπὲρ
1267 2410 1362 2446 φύσινς
1379 2409 1453 2447 *Αρα
1476 2412 1541 2447 γὰρ,
1561 2410 1625 2447 ἄρα,
1648 2412 1709 2438 εἰπέ
1722 2421 1778 2446 μοι,
1792 2409 1815 2439 ὥ

1019 2457 1130 2492 Ἰωσὴφ,
1147 2457 1194 2484 καὶ
1208 2457 1276 2492 πρὸς
1291 2458 1424 2489 ἀνατολὰς
1441 2458 1630 2490 καταθάπτεις
1642 2458 1749 2493 νεκρὸν,
1766 2458 1814 2494 τὴν

1018 2503 1151 2538 ἀνατολὴν
1164 2503 1219 2529 τῶν
1231 2503 1368 2530 ἀνατολῶν
1380 2512 1386 2536 ;
1401 2501 1456 2539 ἄρα
1468 2503 1496 2529 δὲ
1514 2504 1561 2530 καὶ
1573 2505 1628 2534 τοῖς
1646 2505 1702 2534 σοῖς
1713 2503 1797 2530 δακτύ
1806 2519 1813 2524 -

1017 2549 1074 2579 λοις
1086 2548 1284 2584 νεκροπρεπῶς
1300 2548 1388 2584 Ἰησοῦ
1409 2549 1582 2580 κατακλείεις
1597 2549 1631 2575 τὰ
1649 2549 1762 2584 ὄμματα
1776 2549 1812 2584 (5)

1017 2594 1064 2622 τοῦ
1089 2594 1128 2630 τῷ
1154 2595 1283 2631 ἀχράντῳ
1307 2594 1432 2629 δακτύλῳ
1457 2594 1504 2621 τοῦ
1531 2593 1632 2628 τυφλοῦ
1657 2593 1813 2627 ἀνοίξαντας

1017 2640 1110 2676 ὗμμα;
1122 2638 1177 2676 ἆρα
1189 2640 1217 2667 δὲ
1230 2640 1278 2667 καὶ
1296 2640 1324 2666 τὸ
1337 2640 1425 2675 στόμα
1444 2639 1611 2675 περικλείεις
1627 2639 1675 2666 τοῦ
1690 2639 1721 2666 τὸ
1737 2648 1813 2676 μογι-

1017 2686 1098 2713 λάλου
1114 2685 1269 2718 ἀνοίξαντος
1281 2685 1386 2721 στόμα;
1404 2683 1459 2721 ἆρα
1469 2685 1498 2712 δὲ
1509 2685 1555 2713 καὶ
1565 2687 1660 2722 χεῖρας
1674 2686 1812 2721 περιστέλ-

1018 2733 1075 2765 λεις
1088 2730 1136 2760 τοῦ
1156 2732 1326 2764 ὲκτείναντος
1339 2732 1389 2764 τὰς
1411 2731 1591 2768 ξηρανθείσας
1608 2733 1720 2768 χεῖρας;
1735 2732 1753 2769 ἢ
1765 2732 1809 2759 καὶ

1055 2801 1092 2836 (5)
1109 2809 1154 2835 γρ.
1172 2802 1200 2827 ἐν
1211 2801 1304 2836 σαρκί.
1528 2824 1531 2826 .

1055 2836 1093 2868 (fi)
1107 2845 1152 2870 rp.
1167 2836 1257 2867 οῖδεις,
1276 2840 1302 2863 et
1321 2836 1504 2864 καταστεῖλαι.

1056 2871 1094 2906 (5)
1112 2880 1156 2906 TP-
1174 2871 1203 2898 τὸ
1217 2871 1310 2906 δμμα;
1326 2870 1379 2908 ἆρα
1390 2871 1448 2900 τοῦ,
