1929 3038
203 154 252 184 Alii

240 212 290 241 Cui
307 215 401 239 astant
411 210 555 239 cherubim
568 218 632 240 cum
657 215 788 244 tremore,
806 210 881 239 hunc
897 204 998 244 Soseph

201 264 229 288 et
245 257 412 286 Nicodemus
438 257 575 292 sepeliunt
599 258 660 286 sine
681 260 792 287 timorc.
814 256 930 291 Quando
947 256 996 284 de-

201 303 310 332 scendit.
321 303 368 338 qui
385 310 485 337 supera
509 311 565 330 non
580 303 723 332 deseruit?
744 303 883 340 quomodo
902 309 996 338 egres-

201 357 261 381 sus,
275 349 321 384 qui
339 349 414 376 intus
429 348 489 376 est?
503 349 643 383 quomodo
663 349 740 378 venit
762 357 790 376 in
812 354 927 380 terram,
947 346 995 383 qui

203 395 293 422 omnia
323 393 434 430 implet?
460 399 600 430 quomodo
625 396 721 429 exivit,
747 400 862 424 cunctus
890 392 997 422 latens?

203 442 256 474 Qui
277 449 360 477 supra
376 449 438 469 cum
453 440 545 475 Patre,
563 446 594 470 ut
609 443 691 474 Deus,
709 443 769 470 sine
784 441 909 474 defectu;
925 440 997 468 inl'ra

203 492 266 514 eum
283 492 382 518 matre,
400 491 430 514 ut
446 488 572 515 mortalis
588 495 663 521 vere,
684 488 789 523 absque
807 487 926 515 deiectu.
945 486 996 519 Qui

204 540 345 569 nunquam
364 534 445 561 nobis
462 534 602 569 apparuit,
629 535 675 569 qui
691 534 802 562 tandem
827 533 995 565 hominibus,

205 584 234 606 ut
251 580 344 612 homo,
368 580 506 615 simulque
526 580 668 608 hominum
688 580 804 607 dileclor
820 579 891 607 Deus
916 586 998 614 appa-

205 625 265 652 ret?
287 624 346 658 Quo
371 629 451 659 pacto
478 625 627 652 invisibilis
653 625 730 653 visus
754 625 815 652 est?
839 633 893 659 quo
920 629 998 659 pacto

204 680 301 706 expers
322 673 443 699 materiae
458 680 569 699 carnem
596 671 766 707 assumpsit?
782 670 921 706 quomodo
935 675 997 706 pas-

205 719 292 746 sionis
314 725 413 752 expers
435 725 534 752 passus
553 717 617 745 est?
640 718 778 752 quomodo
798 717 880 752 judex
906 724 997 744 coram

206 764 339 791 tribunali
363 763 459 791 stetit?
482 764 622 798 quomodo
645 765 700 791 vita
726 768 841 791 mortem
862 762 998 798 gustavit?

206 809 344 844 quomodo
357 809 403 843 qui
417 809 615 844 comprehendi
639 810 744 843 nequit,
771 809 898 844 sepulcro
912 807 999 835 conti-

207 856 308 884 netur?
331 855 470 891 quomodo
483 856 587 882 habitat
610 857 778 891 sepulcrum.
795 856 841 890 qui
857 861 998 890 paternum

206 903 298 929 sinum
312 909 366 928 non
379 901 508 936 reliquit?
523 901 661 935 quomodo
676 901 790 935 januani
806 901 944 933 Spelunca)
957 900 1000 926 in~

205 947 338 983 greditur,
364 947 411 982 qui
440 947 543 981 januas
569 946 689 982 paradisi
722 947 847 982 aperuit;
879 945 1001 980 Virginis

205 1001 270 1022 vero
280 994 381 1029 januas
396 1002 450 1021 non
466 994 582 1029 dirupit.
597 994 645 1022 sed
660 994 761 1029 januas
777 993 877 1020 inferni
896 992 1002 1019 contri-

207 1037 264 1070 vit;
286 1043 313 1065 et
325 1038 425 1072 jauuas
441 1041 552 1073 propter
568 1037 700 1064 Thomam
728 1045 782 1064 non
807 1037 925 1071 aperuit,
954 1043 1002 1062 ve-

206 1091 267 1111 runt
289 1084 389 1118 ianuas
405 1084 483 1119 regni
501 1084 637 1111 cmlornm
652 1083 811 1110 hominibus
825 1083 943 1117 aperuit,
958 1081 1001 1116 ja-

206 1131 270 1159 tntis
284 1131 403 1166 sepulcri
420 1135 447 1158 et
460 1131 558 1166 sigillis
567 1131 679 1158 intactis
691 1130 827 1158 servatis?
838 1129 896 1163 Qua
909 1133 1000 1156 autem

206 1177 314 1204 ratione
342 1177 414 1204 inter
443 1180 568 1204 martuos
596 1179 759 1211 reputatur,
789 1176 837 1211 qui
861 1179 904 1203 est
930 1176 1002 1202 inter

206 1227 330 1250 mortuos
354 1222 441 1250 liber?
458 1223 597 1258 quomodo
615 1223 661 1250 lux
681 1230 734 1250 non
753 1226 951 1257 veSpei-ascens
968 1221 1002 1249 ad

206 1268 266 1296 loca
291 1269 448 1302 tenebrosa,
471 1272 500 1296 et
517 1268 644 1296 umbram
669 1268 766 1296 mortis
781 1268 927 1303 pervenit?
948 1275 1002 1303 quo

206 1315 316 1342 tendit?
345 1322 399 1349 quo
424 1315 544 1347 advenit,
572 1314 620 1349 qui
649 1322 664 1341 a
683 1319 771 1341 morte
796 1314 921 1349 superari
947 1321 1001 1341 non

206 1358 313 1394 potuit?
327 1357 393 1391 Quae
413 1358 471 1386 haec
494 1359 584 1386 ratio?
605 1358 653 1393 qui
675 1358 792 1386 modus?
814 1359 888 1393 quod
906 1359 1000 1386 censi"-

207 1406 275 1434 lium
289 1404 364 1432 illius
381 1404 408 1431 in
431 1404 570 1432 infernum
591 1404 764 1433 descensus!
779 1404 906 1432 Forsitan
929 1404 1002 1432 Ada-

207 1457 284 1478 mltm
305 1449 516 1478 conde-latum
556 1453 584 1477 et
613 1454 738 1477 nostrum
781 1457 945 1477 conservutn
973 1453 1003 1477 nt

207 1497 338 1524 educeret
351 1496 505 1524 descendit.
517 1495 645 1524 Proiecto
654 1494 774 1531 primum
789 1500 929 1531 parentem
942 1502 1003 1523 tan-

208 1549 291 1577 quam
313 1541 448 1575 perditam
466 1549 544 1569 ovem
568 1542 714 1577 quaesitum
730 1541 815 1569 vadit.
832 1541 950 1569 Omnino
974 1543 1000 1569 in

208 1588 331 1616 tenebris
346 1591 374 1614 et
387 1587 416 1614 in
428 1587 524 1614 umbra
538 1588 637 1615 mortis
652 1587 781 1617 sedentes
791 1588 910 1616 invisere
923 1588 996 1622 vult;

209 1632 322 1660 omnino
346 1633 483 1667 captivum
502 1633 598 1666 Adam,
626 1641 734 1668 unaque
760 1634 895 1669 captivam
916 1633 998 1661 Evam

209 1685 242 1706 ex
257 1677 400 1705 doloribus
422 1678 542 1706 solutum
561 1679 635 1706 vadit
652 1679 735 1713 Deus,
759 1679 886 1715 illiusque
902 1678 1001 1707 Filius.

243 1723 346 1752 Verum
364 1732 417 1752 una
434 1724 646 1757 descendamus,
664 1733 719 1752 una
735 1725 928 1761 tripudicmus,
946 1733 1002 1753 una

208 1771 382 1803 festinemus,
402 1778 456 1798 una
469 1771 660 1804 subsiliamns,
677 1779 731 1799 una
749 1771 928 1805 deducamus,
947 1779 1001 1799 una

209 1817 319 1853 hymnis
344 1817 526 1850 celebremus,
544 1824 596 1844 una
621 1818 816 1850 acceleremus,
832 1817 880 1845 Dei
898 1817 1001 1845 imdera

208 1870 271 1890 cum
294 1862 453 1890 hominibus
478 1863 630 1895 intuentes,
651 1868 679 1890 et
705 1863 951 1890 condemnatorum
970 1863 1002 1890 li-

207 1909 379 1937 berationem
395 1916 410 1935 a
426 1909 546 1944 benigno
567 1909 682 1936 Domino
699 1908 810 1937 iactam.
826 1908 908 1936 Vadit
928 1909 1001 1937 enim

208 1959 307 1982 natura
327 1955 558 1987 humanissimus,
577 1959 607 1982 ut
621 1955 720 1983 educat
736 1963 795 1988 eos,
812 1956 860 1990 qui
874 1963 889 1982 a
901 1955 1003 1983 sznculo

209 2001 292 2028 vincti
315 2005 390 2032 sunt,
416 2001 444 2028 in
476 2000 646 2033 fortitudine,
680 2005 707 2029 et
728 2006 863 2037 potestate
893 2009 1002 2037 magna,

208 2043 396 2075 inhabitantes
422 2048 568 2084 sepulcra,
596 2055 667 2083 quos
696 2048 837 2084 absorpsit
860 2049 1004 2084 tyrannice

209 2101 302 2120 amara
319 2097 347 2120 et
368 2093 534 2121 insatiabilis
550 2102 635 2126 mors,
649 2101 710 2129 quae
734 2093 906 2129 tyrannidem
926 2102 1005 2122 exer-

209 2138 277 2171 cuit,
293 2141 320 2166 et
376 2137 431 2166 Deo
444 2138 562 2173 praadam
579 2139 650 2166 hanc
674 2139 800 2171 abstulit,
822 2139 959 2174 simulque
976 2139 1004 2167 in

206 2192 293 2212 unum
311 2185 460 2220 congeSsit,
482 2192 552 2219 quos
567 2184 612 2212 ille
628 2185 790 2213 coelestibus
809 2185 908 2214 incolis
925 2186 952 2213 in
969 2186 1004 2213 li-

208 2230 343 2258 bertatem
368 2233 491 2258 assertos
507 2237 690 2257 annumerare
713 2231 797 2266 cupit.
815 2230 873 2258 illic
895 2232 1003 2260 vinctus

209 2274 295 2304 Adam
322 2276 427 2312 primus
451 2283 563 2311 parens,
585 2279 612 2303 et
629 2277 720 2311 primo
745 2281 855 2304 creatus
873 2278 1003 2306 omnibus

209 2323 310 2350 inlimis
341 2322 532 2350 condemnatis
562 2321 685 2349 inferior.
713 2321 771 2349 lllic
802 2322 869 2350 Abel
897 2324 1001 2358 primus

209 2372 345 2400 mortuus,
369 2372 396 2396 et
418 2368 524 2403 primus
547 2367 641 2402 justus
659 2371 754 2402 pastor
775 2367 883 2402 injuste:
898 2368 1001 2397 Christi

210 2414 328 2449 pastoris
338 2413 420 2440 czcdis
434 2413 530 2448 gura.
539 2412 597 2439 illic
609 2412 666 2439 Noe
677 2411 780 2440 Christi
793 2418 883 2448 typus,
897 2422 1002 2449 magna:

209 2467 280 2487 ureae
304 2458 350 2486 Dei
369 2458 498 2486 Ecclesia:
518 2458 668 2485 fabricator
685 2468 691 2485 :
710 2466 771 2493 qua:
792 2467 888 2487 omnes
904 2459 1002 2488 ceras

210 2509 304 2540 gentes
320 2512 353 2531 ex
369 2504 465 2532 diluvii
487 2505 626 2539 impietate
651 2513 699 2540 per
722 2505 887 2538 columbam,
914 2507 1002 2543 Spiri-

211 2554 268 2577 tum
294 2554 431 2582 sanctum,
459 2550 645 2582 conservavit,
672 2555 753 2586 atque
775 2556 865 2579 atrum
886 2561 1001 2581 corvum

210 2603 242 2623 ex
263 2595 314 2622 hac
325 2595 415 2629 ejecit.
439 2595 496 2622 Illic
514 2595 652 2623 Abraham
669 2596 772 2624 Christi
795 2601 874 2632 pater
893 2599 1001 2626 sacrifi-

211 2649 277 2675 cus;
293 2642 340 2676 qui
358 2650 424 2669 ense
441 2649 500 2669 sme
516 2650 582 2669 ense
600 2643 680 2670 letale
697 2643 757 2671 Sine
778 2644 832 2671 Icto
847 2644 902 2672 Deo
917 2647 1003 2673 sacri-

211 2687 301 2715 cium
317 2688 382 2715 felix
405 2689 516 2716 obtulit.
544 2688 602 2716 Illic
623 2689 694 2717 inira
720 2691 830 2719 vinctus
846 2690 933 2725 lsaac,
954 2692 1000 2727 qui

245 2779 300 2814 (l4)
315 2789 360 2814 rp.
377 2781 476 2806 .

245 2815 300 2851 (l5)
319 2824 364 2849 .
379 2815 504 2851 .

245 2850 301 2886 (iii)
381 2850 477 2886 -

245 2885 301 2920 (l7)
318 2895 363 2921 .
654 2888 668 2913 6

860 149 905 178 DIJ
911 150 965 178 BIA
984 151 1054 179 AUT
1074 151 1201 180 SPUlA

1785 150 1846 184 {se

1577 211 1730 247 ,

1649 258 1751 290 .

1204 301 1219 327 6
1758 305 1773 331 6

1046 345 1102 379 div;
1437 348 1452 374 6

1301 391 1356 427 (il)
1512 393 1541 419 '0
1736 395 1848 430 [

1181 437 1354 472 ,

1112 482 1244 519 []
1264 484 1439 516 .
1460 485 1489 512 0
1757 487 1848 521 -

1048 532 1113 563 ,
1784 534 1850 567 -

1729 579 1844 614 dipsion;

1121 625 1135 649 6
1758 634 1766 657 ;

1049 670 1063 695 6

1050 715 1200 749 evadant-to;

1554 804 1568 835 6
1758 818 1849 846 *

1155 855 1210 889 (15)
1226 855 1346 889 ,

1053 901 1214 937 ,

1292 948 1419 980 ,

1235 995 1380 1027 ,

1218 1089 1232 1115 6

1709 1228 1723 1253 6

1248 1273 1304 1310 (16)

1213 1367 1388 1401 .

1558 1411 1715 1447 .

1014 1566 1036 1596 c
1061 1552 1157 1587 ,

1320 1598 1333 1624 6
1362 1597 1438 1630 ,
1714 1595 1789 1632 [

1192 1722 1431 1759 ,
1531 1723 1771 1759 ,

1053 1768 1228 1804 .
1335 1770 1573 1805 ,
1677 1769 1850 1805 -

1055 1822 1115 1849 ,
1201 1813 1413 1850 ,
1498 1814 1668 1850 ,
1755 1814 1851 1840 -

1583 1881 1590 1894 ,

1460 1905 1617 1941 .

1419 1998 1516 2034 ,

1054 2044 1161 2079 ,
1568 2045 1583 2072 6

1309 2091 1489 2127 ,
1709 2090 1849 2126 -

1122 2137 1177 2172 ()
1379 2137 1529 2172 .

1266 2183 1476 2220 .

1017 2246 1039 2275 c
1058 2229 1280 2264 ,

1347 2277 1510 2313 .
1713 2277 1727 2303 6
1746 2276 1850 2312 -

1056 2324 1162 2360 ,

1312 2370 1429 2405 .
1596 2371 1610 2396 6
1753 2371 1847 2402 ,

1663 2417 1788 2452 ,

1111 2510 1286 2546 ,
1411 2509 1579 2544 ,
1600 2509 1786 2545 ,

1352 2555 1408 2591 (i8)
1583 2556 1760 2591 .

1211 2603 1225 2628 6
1485 2596 1578 2637 ,
1597 2602 1611 2628 6

1055 2647 1133 2681 ,
1695 2647 1849 2674 .

1485 2695 1499 2720 6
1738 2693 1848 2730 -

1012 2801 1015 2804 .
1201 2781 1383 2815 ,
1746 2782 1846 2808 -

1090 2813 1144 2841 hev.

1081 2823 1144 2841 .

1081 2838 1144 2884 (8)
1161 2859 1207 2885 7-9.
1361 2851 1477 2888 .
