1929 3038
58 167 113 200 ιει

610 169 752 200 HOMILIA
771 169 847 200 ILIN
867 170 1024 202 SABBATO
1046 169 1176 199 MAGNO.

1647 168 1701 200 ilio

57 238 146 262 τυπος
157 229 210 256 ὑπὸ
229 228 356 266 Ἀὁραὰμ
378 228 523 264 γενόμενος
540 230 607 257 ἄνω.
625 231 699 257 Ἐκεῖ
717 230 814 258 Ἰακὼό
826 231 855 257 ὲν

913 230 971 258 olim
986 230 1021 258 ab
1042 230 1177 258 Abraham
1191 237 1274 271 supra
1286 229 1397 258 vinctus
1412 233 1472 258 erat
1488 229 1523 258 ad
1535 229 1637 258 Christi
1656 238 1700 258 rc-

59 276 113 312 ᾷδῃ
139 274 295 307 κατώδυνος
320 275 396 302 κάτω
419 275 486 311 πρὶν
510 275 555 303 διὰ
583 276 683 311 Ἰωσὴφ
705 276 859 309 κατώδυνος

59 323 126 350 ἀνω.
146 322 221 350 Ἐκεῖ
237 321 337 358 Ἰωσὴφ
356 322 370 348 ὸ
383 320 493 357 δέσμιος
502 341 510 354 ,
525 323 540 349 6
553 323 582 349 ὲν
595 322 725 359 Αἰγύπτῳ
739 322 860 357 γεγονὼς

58 370 88 396 ιν
101 368 143 404 τῷ
156 368 337 404 δεσμωτηρίῳ
355 369 397 400 εἰς
413 368 533 404 Χριστοῦ
549 368 635 396 τύπον
653 369 797 405 δεσμώτης
812 369 859 396 καὶ

57 414 204 450 δεσπότης.
229 414 304 442 Ἐκεῖ
318 413 440 449 Μωῦοῆς
452 415 482 441 ιν
493 415 641 446 σκοτεινοῖς
654 414 740 446 κάτω,
760 415 775 441 6
794 415 859 441 ποτὲ

58 461 88 487 ὲν
103 461 137 496 τῇ
151 459 223 496 θήκῃ
239 460 270 486 ὲν
293 457 441 491 σκοτεινοῖς
460 459 526 487 ἄνω.
554 459 628 487 Ἐκεῖ
648 460 748 496 Δανιὴλ
765 460 794 487 ιν
807 460 859 498 ᾅδῃ

57 506 98 540 τῷ
109 506 217 542 λάκκῳ,
238 506 253 532 6
272 506 302 533 ὲν
321 505 361 541 τῷ
381 505 477 541 λάκκῳ
498 506 565 533 ποτὲ
586 506 639 533 τῶν
659 506 775 533 λεόντων
790 508 856 535 ἀνω.

65 553 141 580 Ἐκεῖ
160 551 296 588 Ἱερεμίας
305 552 344 584 ὼς
359 552 388 579 ἐν
401 551 496 587 λάκκῳ
510 551 653 588 βορϐόρου,
664 553 694 579 ὲν
710 553 749 588 τῷ
764 552 858 588 λάκκῳ

57 598 107 625 τοῦ
129 597 194 634 ᾅδου
212 597 262 624 καὶ
279 597 329 632 τῆς
347 597 450 633 φθορᾶς
474 597 522 624 τοῦ
544 597 671 626 θανάτου.
695 599 768 625 Ἐκεῖ
778 600 806 625 ὲν
820 598 858 635 τῷ

58 643 220 679 κοσμοδόχῳ
246 644 326 679 κήτει
351 643 399 669 τοῦ
418 643 482 679 ᾅδου
503 644 592 670 κεῖται
609 644 650 676 εἰς
664 643 749 671 τύπον
766 645 859 677 Ἰωνᾶς

58 689 182 724 Χριστοῦ
196 688 243 716 τοῦ
261 689 370 716 αἰωνίου
388 689 435 716 καὶ
453 689 618 725 προαιωνίου
636 691 713 717 Ἰωνᾶ.
724 689 772 717 τοῦ
791 689 859 722 ζῶν-

58 741 106 767 τος
122 736 163 767 εις
179 735 276 767 αίῶνα,
295 735 341 762 καὶ
354 735 394 767 τίς
412 735 476 767 τοὺς
493 736 595 767 αἰῶνας
608 735 663 763 τῶν
678 736 784 764 αἰώνων
800 737 859 773 [καὶ

58 781 104 808 ἐπ’
114 780 229 817 uitiata].
243 781 298 808 Καὶ
309 780 350 808 ἔτι
371 782 428 808 ἐκεῖ
440 782 522 809 Δαὸὶδ
534 783 549 809 6
562 782 722 819 Θεοπάτωρ,
737 782 767 815 ἐξ
783 780 813 810 οὗ
828 783 859 810 τὸ

59 826 133 854 κατὰ
152 827 244 862 σάρκα
256 825 386 862 Χριστός.
401 827 458 854 Καὶ
466 827 493 853 τί
508 827 580 861 λέγω
589 827 671 854 Δαὸὶδ
694 827 741 855 καὶ
763 828 858 855 ἰωνᾶν

59 873 108 900 καὶ
133 871 311 908 Σολομῶντα;
339 873 412 900 Ἐκεῖ
426 873 473 900 καὶ
487 873 568 905 αὐτὸς
584 874 598 900 6
616 874 700 905 πολὺς
720 873 857 909 Ἰωάννης,

911 276 1053 304 ferendam
1078 275 1236 312 imaginem.
1260 276 1319 303 Illic
1340 276 1410 303 infra
1427 275 1513 304 Jacob
1537 276 1567 304 in
1591 276 1700 305 inferno

911 329 1029 349 ntoerore
1047 322 1203 356 coniectus,
1223 321 1271 357 qui
1296 329 1380 357 supra
1396 325 1509 357 propter
1522 321 1623 358 Ioseph
1640 322 1701 350 fue-

911 373 954 396 rat
974 377 1095 398 maerore
1110 369 1264 398 confectus.
1280 370 1339 397 Illic
1354 368 1456 405 Joseph
1472 369 1592 404 vinctus,
1609 370 1656 405 qtti
1671 370 1699 398 in

912 417 1028 453 Egypto
1043 417 1094 444 fuit
1108 416 1135 444 in
1148 424 1259 444 carcere
1272 417 1304 444 ad
1318 416 1422 444 Christi
1435 415 1550 450 tlguram
1573 416 1701 451 captivus

910 468 937 491 et
958 463 1098 490 dominus.
1123 463 1180 491 Illic
1197 460 1288 491 Moses
1314 461 1385 490 infra
1404 463 1430 490 in
1449 463 1519 490 locis
1536 463 1703 497 tenebrosis,

910 508 957 544 qui
979 516 1063 544 supra
1090 508 1229 544 quondam
1257 509 1283 535 in
1303 508 1395 535 arcula
1420 508 1448 535 in
1472 508 1533 535 loco
1556 507 1702 535 tenebroso

911 554 1011 583 luerat.
1030 555 1089 582 Illic
1104 554 1200 582 Daniel
1213 554 1240 582 itt
1255 555 1316 582 lacu
1332 553 1444 586 inferni,
1458 554 1505 589 qui
1516 560 1601 588 supra
1612 560 1703 588 quon-

911 602 972 629 dam
989 602 1016 629 in
1030 602 1090 629 lucu
1107 602 1215 629 leonum
1233 605 1360 628 versatus
1392 605 1460 628 erat.
1483 600 1539 627 Illic
1567 599 1701 627 Jeremias

910 651 1040 683 tanquam
1053 648 1079 674 in
1095 648 1155 675 lacu
1173 647 1257 679 comi,
1275 647 1302 674 in
1317 647 1377 674 lacu
1394 646 1494 674 inferni
1506 649 1534 674 et
1545 645 1703 680 corruptioa

911 693 954 721 nis
977 693 1085 721 mortis.
1104 692 1160 720 Illic
1171 691 1256 721 Jonas
1276 693 1304 720 in
1324 693 1418 720 mundi
1436 699 1537 727 capace
1559 695 1630 723 ceto.
1650 692 1702 719 hoc

910 743 953 766 est
971 737 1079 766 inferno
1095 737 1187 773 iacet;
1202 738 1230 765 in
1251 737 1365 774 ﬁguram
1379 737 1483 766 ChriSIi
1502 737 1599 764 interni
1614 736 1701 768 Jona‘,

910 784 958 819 qui
973 783 1038 811 vivit
1061 783 1087 810 in
1116 783 1259 814 saeculum,
1284 786 1310 810 et
1323 782 1351 810 in
1366 782 1467 810 sazcula
1483 782 1647 809 saeculorum
1666 781 1703 817 (et

911 837 1022 857 rursum
1043 830 1070 856 in
1085 829 1239 864 saeculum).
1267 828 1325 856 Illic
1340 832 1472 863 praeterea
1490 827 1574 855 David
1595 827 1642 855 Dei
1658 834 1703 862 pa-

913 884 989 909 rens,
1006 884 1038 904 ex
1055 884 1109 912 quo
1123 875 1274 903 secundttm
1291 882 1402 902 carnem
1416 873 1551 902 oriundus
1562 873 1702 901 Christus.

57 920 74 946 6
87 919 192 955 μείζων
203 919 313 946 πάντων
327 919 381 947 τῶν
407 919 566 955 προφητῶν,
583 919 622 952 ὡς
639 921 668 946 ὲν
685 920 718 955 τῇ
733 920 858 956 σκοτεινῇ

913 922 966 951 Sed
984 922 1051 958 quid
1063 923 1127 950 dico
1141 921 1284 953 Davidcm,
1300 925 1327 949 et
1337 916 1445 952 Ionam,
1464 924 1491 948 ct
1508 919 1704 948 Salomonem?

60 967 155 1001 μήτρᾳ
177 965 296 1001 Χριστὸν
317 964 515 1001 προκηρύττων
536 966 593 998 τοῖς
611 967 640 993 ὲν
665 965 715 1002 ᾄδῃ
732 966 836 994 ἅπασιν
852 975 860 982 ·

58 1010 73 1036 ὁ
86 1010 178 1040 διττὸς
192 1009 355 1046 πρόδρομος,
371 1010 417 1038 καὶ
433 1010 520 1046 κῆρυξ
540 1010 649 1042 ζώντων
665 1011 713 1038 καὶ
728 1011 834 1047 νεκρῶν
850 1020 858 1028 ·

57 1055 73 1081 ὁ
86 1056 120 1082 ὲκ
136 1054 261 1089 φυλακῆς
282 1053 403 1091 Ἡρώδου
423 1056 456 1091 τῇ
482 1055 617 1091 πανδήμῳ
638 1056 746 1092 φυλακῇ
767 1065 860 1092 παρα-

58 1100 201 1137 πεμφθεὶς
212 1100 261 1128 τοῦ
274 1100 337 1136 ᾅδου
353 1100 439 1137 [ὅθεν]
457 1101 512 1128 τῶν
524 1101 571 1128 ἀπ’
583 1101 681 1134 αἰῶνος
700 1102 815 1130 δικαίων
830 1111 861 1130 τε

59 1147 108 1174 καὶ
120 1146 223 1174 ἀδίκων
234 1147 454 1182 κεκοιμημένων.
464 1147 496 1174 υι
507 1147 536 1174 δὲ
548 1147 606 1183 (I9)
620 1148 761 1184 προφῆται
771 1157 800 1175 τε
814 1149 865 1176 καὶ

59 1193 163 1221 δίκαιοι
179 1193 300 1225 ἅπαντες
316 1193 394 1225 λιτὰς
412 1193 550 1229 ἀλήκτους
568 1194 781 1230 κρυφιομύστως
800 1193 860 1230 Θεῷ

60 1239 168 1267 ἐκεῖθεν
187 1238 367 1275 προσέφερον,
389 1238 526 1275 λύτρωσιν
539 1239 709 1273 ἐξαιτοῦντες
725 1241 775 1276 τῆς
792 1247 860 1268 παν-

59 1286 166 1314 ωδύνου
181 1285 291 1321 ἐκείνης
306 1285 355 1313 καὶ
370 1285 510 1321 κατηφοῦς
524 1285 710 1322 ὲχθροκράτου
729 1286 859 1323 ζοφερᾶς,

59 1332 109 1360 καὶ
137 1331 312 1368 πανεσπέρου
327 1331 486 1365 παννυξίας.
507 1332 563 1359 Καὶ
591 1333 606 1359 6
631 1333 680 1368 μὲν
706 1332 775 1368 πρὸς
794 1332 860 1360 Θεὸν

61 1379 139 1414 ἔλεγε
150 1386 158 1394 ’
192 1378 245 1405 Ἐκ
261 1377 379 1411 κοιλίας
404 1377 479 1412 ᾅδου
490 1377 626 1413 κραυγῆς
634 1387 694 1413 μου
712 1378 859 1410 ἄκουσον,

61 1423 167 1459 ρων-ἧς
194 1432 255 1458 μου
268 1432 275 1439 ·
298 1425 313 1451 6
327 1423 351 1451 δ’
372 1423 452 1456 ἄλλος
465 1432 472 1439 ·
492 1423 545 1451 Ἐκ
565 1424 687 1456 ,βαθέων
711 1423 861 1458 ἐκέκραξά

61 1477 122 1503 σοι,
135 1470 227 1505 Κύριε
236 1478 244 1486 ·
270 1470 371 1504 Κύριε,
394 1468 583 1497 εἰσάκουσον
600 1469 770 1505 τῆςφωνῆς
780 1479 840 1505 μου
850 1478 858 1486 ο

61 1517 110 1543 καὶ
124 1516 206 1547 ἄλλος
215 1523 223 1532 ⁸
241 1516 409 1551 Ἐπίςοανον
421 1515 456 1544 τὸ
473 1516 638 1551 πρόσωπόν
649 1524 720 1549 σου,
737 1516 787 1543 καὶ
800 1523 860 1543 σωκ

62 1563 289 1598 θησόμεθα-καὶ
299 1562 394 1599 ἕτερος
404 1571 412 1578 ·
434 1563 466 1589 '0
477 1563 646 1597 καθήμενος
661 1562 710 1589 ἐπὶ
730 1561 790 1598 τῶν
811 1571 855 1597 χε-

60 1594 179 1643 ράυὸίμ,
187 1606 336 1642 ὲμφάνηθι
346 1594 353 1622 ί
363 1594 411 1634 καὶ
419 1607 498 1639 ἄλλος
506 1616 512 1622 ·
534 1594 763 1642 ’ἐξέτειροντὴν
775 1594 863 1634 duint:-
875 1594 897 1623 ο

61 1654 171 1682 Utetur
185 1662 255 1686 σου,
265 1653 316 1681 καὶ
326 1653 397 1681 ἐλθὲ
409 1655 454 1687 εις
466 1653 501 1680 τὸ
516 1653 615 1680 σῶσαι
631 1653 711 1688 ἡμᾶς
722 1661 729 1667 ·
748 1653 795 1680 καὶ
806 1653 864 1680 ἓτε-

64 1708 127 1735 ρος·
146 1699 227 1734 Ταχὺ
247 1699 559 1734 προκαταιῑαϐέτωσαν
575 1699 655 1734 ἡμᾶς
671 1700 698 1726 οὶ
719 1699 864 1734 οΖιιτιρμοί

62 1756 134 1780 σου,
149 1747 255 1781 Κύριε·
266 1749 313 1775 καὶ
323 1746 417 1779 ἄλλος’
437 1746 540 1774 Ῥῦσαι
550 1746 608 1781 τὴν
628 1745 736 1781 Ψυχὴν
752 1754 812 1781 μου
828 1745 864 1778 ἐξ

62 1793 140 1828 ᾅδου
167 1793 357 1821 κατωτάτου·
374 1793 422 1820 καὶ
431 1792 526 1828 ἕτερος
536 1801 544 1808 ·
563 1792 664 1827 Κύριε.
682 1792 814 1826 ἀνάγαγε
828 1791 864 1824 ἐξ

63 1839 140 1873 ᾅδου
153 1838 211 1874 τὴν
229 1839 336 1874 ψυχήν
354 1848 414 1874 μου
425 1848 432 1855 ·
446 1839 493 1866 καὶ
499 1839 584 1871 ἄλλος
594 1846 600 1852 ·
617 1838 667 1872 Μὴ
682 1838 864 1873 ἐγκατάλιπε

63 1885 123 1920 τὴν
136 1885 246 1920 ψυχήν
261 1894 321 1920 μου
344 1886 388 1919 εις
402 1885 481 1919 ᾷδην
493 1891 500 1901 ⁸
519 1885 566 1912 καὶ
580 1885 674 1921 ¹ἕτερος
685 1892 693 1900 θ
718 1885 864 1920 Ἀναόήτω

63 1932 99 1959 ἐκ
111 1931 227 1967 φθορᾶς
237 1933 256 1967 ἠ
271 1931 327 1968 ζωή
339 1941 400 1967 μου
418 1931 494 1967 πρὸς
505 1932 554 1965 σὲ,
566 1933 656 1966 Κύριε
667 1933 684 1959 ό
701 1931 775 1964 Geor,-
791 1941 862 1966 μου.

100 2062 153 2093 ὀν
168 2065 201 2102 δὴ
218 2065 348 2093 ἁπάντων
363 2063 522 2098 ὑπακούσας
540 2067 555 2092 6
570 2065 778 2101 πανοικτίρμων
794 2065 861 2098 Θεὸς

64 2114 79 2140 ὁ
91 2113 211 2149 Χριστὸς
224 2112 256 2139 οὐ
269 2112 373 2139 δίκαιον
389 2112 501 2148 κέκρικε
518 2113 576 2144 τοϊς
587 2111 630 2139 ἐπ’
642 2111 727 2139 αὑτοῦ
742 2111 791 2139 καὶ
805 2112 864 2146 μετ’

65 2159 149 2187 αὑτὸν
160 2158 211 2194 τῆς
229 2158 333 2190 οἰκείας
353 2158 513 2194 μεταδοῦναι
532 2158 624 2194 μόνοις
639 2157 845 2194 φιλανθρωπίας
855 2165 862 2173 '

64 2205 134 2233 ἀλλὰ
145 2205 194 2232 καὶ
209 2206 267 2237 τοῖς
283 2204 338 2240 πρὸ
350 2205 399 2240 τῆς
416 2204 500 2232 αὐτοῦ
524 2204 673 2240 ἐπιδημίας
685 2205 715 2231 ὲν
730 2204 782 2240 ᾄδῃ
798 2212 865 2231 κατ-

65 2251 218 2287 εχομένοις,
235 2251 282 2278 καὶ
308 2251 473 2287 καθημένοις
489 2251 518 2278 ὲν
540 2250 641 2283 σκότει,
658 2251 723 2286 σκιᾷ
737 2250 863 2278 θανάτου.

65 2284 294 2332 Ᾰιὸ-ἁνθρώπους
312 2296 360 2332 μὲν
373 2284 416 2322 ἐν
434 2295 516 2332 σαρκὶ
529 2296 609 2328 ὄντας
625 2295 670 2322 διὰ
693 2284 794 2331 σαρκὸς
814 2296 864 2331 ὲμ-
882 2284 902 2311 D

63 2343 152 2379 ψύχου
171 2343 186 2368 6
209 2342 275 2373 Θεὸς
301 2341 387 2375 Λόγος
404 2341 588 2376 ἐπεσκέψατο·
606 2340 706 2375 ψυχαῖς
722 2340 751 2366 δὲ
769 2340 863 2376 σωμά-

64 2396 120 2415 των
144 2386 372 2422 ἁπηλλαγμέναις
394 2385 438 2412 διὰ
460 2386 510 2421 τῆς
532 2385 626 2412 ἐνθέου
655 2386 702 2412 καὶ
726 2386 862 2421 ἀχράντου

64 2433 151 2461 αὑτοῦ
166 2433 256 2468 ψυχῆς
275 2433 304 2458 ἐν
314 2431 365 2467 ᾅδῃ
375 2431 506 2467 ὲπέφανε,
518 2430 644 2466 σώματος
656 2431 713 2458 ἀλλ’
725 2431 756 2458 οὐ
767 2431 862 2467 θεότη-

65 2489 110 2513 τος
130 2478 358 2515 ἀπηλλαγμένης.
382 2477 488 2505 Οὐκοῦν
514 2478 679 2513 σπεύσωμεν
695 2477 735 2513 τῷ
757 2477 805 2512 νῷ,
819 2478 867 2505 καὶ

66 2526 114 2552 ἐπὶ
127 2525 174 2552 τὸν
192 2524 259 2560 ᾅδην
272 2523 437 2559 βαδίσωμεν,
461 2524 535 2555 ὅπως
551 2523 649 2559 ἴδωμεν
663 2523 721 2555 πῶς
734 2523 793 2550 ἐκεῖ
802 2531 867 2549 ποτε

66 2572 111 2598 τὸν
135 2570 176 2606 τῷ
209 2570 305 2606 κράτει
321 2569 452 2605 κραταιὸν
476 2569 547 2596 κατὰ
571 2569 671 2604 κράτος
697 2570 795 2605 κρατεῖ
818 2568 865 2594 τοῦ

66 2615 186 2651 κράτους
202 2613 432 2650 κρατοτὺραννον,
444 2613 491 2640 καὶ
501 2612 559 2648 λαῷ
570 2613 722 2648 πανστρατὶ
734 2614 767 2648 τῇ
780 2612 865 2640 αὑτοῦ

66 2662 116 2689 ἀςτ
121 2662 196 2697 ραπῇ
208 2661 258 2693 τὰς
270 2660 421 2692 ἀθανάτους
430 2660 538 2692 ὲκείνας
548 2659 759 2695 τῶνφαλάγγων
773 2660 865 2695 ἀχειρὶ

912 969 970 997 Illic
985 975 1009 997 et
1026 976 1142 1004 magnus
1158 969 1217 1003 ipse
1230 967 1363 1001 Joannes,
1378 967 1467 1001 major
1488 967 1618 994 omnibus
1638 973 1701 1001 proa

911 1014 1011 1049 phetis,
1030 1017 1161 1048 tanquam
1178 1013 1206 1040 in
1225 1013 1373 1040 tenebroso
1388 1015 1467 1039 utero
1478 1011 1617 1039 Christum
1632 1017 1702 1045 prm-

911 1060 1008 1088 dicans
1029 1060 1063 1088 iis
1083 1059 1130 1095 qui
1149 1060 1176 1086 in
1197 1059 1304 1086 inferno
1331 1062 1411 1086 erant
1430 1057 1577 1090 omnibus;
1600 1057 1701 1092 duplex

911 1113 1076 1142 ρωποι-εον,
1096 1110 1120 1133 ει
1145 1113 1235 1141 praeco
1258 1105 1384 1132 vivorum
1403 1108 1429 1132 et
1449 1109 1639 1132 mortuorum:
1653 1103 1701 1139 qui

911 1160 947 1180 ex
961 1159 1075 1180 carcere
1090 1151 1248 1179 Herulisin
1262 1151 1402 1187 publicum
1418 1150 1511 1186 populi
1526 1149 1627 1178 inferni
1643 1156 1704 1177 car-

911 1204 1001 1226 cerem
1019 1197 1204 1226 transmissus
1227 1200 1282 1225 est.
1303 1197 1339 1223 At
1361 1196 1430 1231 justi
1457 1196 1628 1231 iniustique,
1654 1195 1704 1231 qui

910 1245 989 1271 erant
1010 1248 1025 1269 a
1045 1243 1146 1270 sa'culo
1165 1241 1311 1277 consopiti,
1333 1241 1486 1277 praesertim
1514 1241 1654 1277 prophetae
1676 1244 1704 1269 et

908 1287 977 1322 justi
1002 1287 1093 1314 cuncti
1126 1294 1223 1322 preces
1248 1285 1374 1315 assiduas
1399 1287 1508 1314 occulte
1535 1286 1705 1322 mysticequo

913 1331 967 1360 Deo
983 1333 1059 1360 illinc
1074 1332 1237 1364 oﬁ'erebant,
1255 1332 1473 1367 redemptionem
1486 1332 1642 1367 ﬂagitantes
1657 1333 1706 1360 do-

912 1379 978 1406 loris
991 1378 1065 1406 illius
1078 1378 1112 1406 ad
1123 1386 1218 1406 omnes
1230 1379 1403 1414 pertinentis,
1419 1384 1446 1406 et
1458 1383 1562 1407 mmstaa
1574 1380 1608 1407 ab
1623 1379 1702 1407 hoste

911 1429 1062 1460 occupatae,
1079 1428 1146 1452 atrae
1159 1429 1346 1460 perpetuoque
1357 1424 1538 1452 tenebricosze
1552 1425 1652 1453 noctis.
1669 1425 1702 1453 Et

912 1470 957 1498 hic
971 1470 1082 1505 quidem
1097 1469 1132 1497 ad
1148 1470 1234 1498 Deum
1247 1470 1358 1498 dicebat
1371 1479 1378 1497 :
1396 1469 1436 1497 Ex
1450 1475 1526 1496 utero
1538 1470 1636 1505 inferni
1648 1470 1706 1498 cla-

911 1523 1011 1543 marent
1033 1523 1120 1543 meum
1137 1516 1213 1549 audi,
1231 1524 1318 1543 vocem
1340 1524 1425 1543 meum
1439 1517 1445 1532 ¹
1458 1525 1466 1550 ;
1478 1516 1547 1543 alter
1564 1523 1648 1544 vero:
1669 1515 1704 1543 De

912 1563 1053 1598 profundis
1069 1562 1182 1590 clamavi
1200 1562 1235 1589 ad
1253 1567 1286 1595 te,
1309 1562 1441 1594 Domine;
1460 1562 1580 1596 Domine,
1599 1563 1698 1590 exaudi

913 1617 1000 1636 vocem
1022 1609 1125 1635 meam'
1137 1617 1144 1642 ;
1157 1614 1182 1636 et
1197 1608 1266 1636 alter
1280 1617 1287 1635 :
1307 1607 1418 1635 “lustra
1435 1613 1601 1643 conspectum
1619 1613 1704 1640 tuum,

912 1661 937 1683 et
960 1655 1165 1688 saluabimur';
1190 1658 1217 1683 et
1238 1655 1329 1682 alter:
1345 1653 1491 1682 Considera
1514 1655 1541 1681 in
1560 1653 1706 1686 cherubim,

915 1707 1014 1735 appara
1025 1700 1053 1733 ⁸;
1066 1703 1093 1728 et
1105 1699 1176 1727 alius
1191 1709 1197 1727 :
1211 1698 1310 1726 Excita
1331 1704 1487 1734 potestatem
1505 1702 1590 1733 tuam,
1609 1703 1636 1726 et
1648 1699 1707 1726 veni

916 1751 945 1773 ut
958 1746 1042 1773 salve:
1058 1754 1106 1773 nos
1117 1746 1127 1761 '
1140 1755 1148 1779 ;
1161 1749 1188 1773 et
1199 1745 1270 1773 alius
1283 1755 1290 1772 ε
1306 1745 1367 1773 Cito
1380 1750 1562 1780 prwoccupent
1576 1754 1624 1773 nos
1638 1754 1707 1773 com-

915 1793 1098 1819 miseratione;
1122 1796 1185 1823 tute,
1209 1791 1360 1824 Domine“;
1386 1796 1413 1819 et
1438 1791 1510 1819 alius
1527 1801 1533 1818 :
1548 1791 1628 1826 Eripe
1649 1791 1708 1818 ani-

914 1845 985 1864 mam
1005 1845 1038 1864 ea;
1054 1837 1159 1872 inferno
1171 1836 1415 1871 profundiuimo";
1435 1840 1463 1863 et
1480 1836 1549 1864 alter
1564 1835 1706 1868 :Dontt'ne,

914 1883 979 1910 educ
992 1891 1025 1910 ea:
1037 1883 1140 1917 inferno
1161 1884 1278 1910 animant
1292 1882 1414 1916 meam';
1430 1886 1457 1909 et
1469 1882 1539 1910 alius
1554 1890 1560 1909 :
1577 1881 1619 1909 Ne
1632 1881 1708 1909 dere-

915 1928 1020 1962 linquas
1032 1927 1151 1954 animam
1165 1935 1251 1955 meam
1267 1928 1294 1954 in
1311 1926 1416 1961 inferno
1427 1929 1455 1961 ';
1471 1931 1497 1954 et
1515 1927 1584 1954 alter
1599 1936 1606 1955 ε
1622 1926 1708 1962 Egre-

914 1973 1006 1999 diatur
1018 1980 1051 2000 ea:
1071 1973 1238 2008 corruptione
1259 1973 1312 2000 vita
1327 1980 1385 2000 mea
1405 1972 1441 1999 ad
1461 1977 1494 2006 te,
1509 1972 1620 2000 Domine
1636 1972 1708 2002 Deus

916 2026 987 2046 meus
999 2019 1033 2046 ¹⁰.

951 2065 1026 2099 Quos
1047 2073 1144 2094 omnes
1161 2073 1224 2093 cum
1250 2065 1406 2093 exaudisset
1422 2072 1529 2094 summe
1550 2064 1709 2093 misericors

917 2110 988 2139 Dctts
996 2111 1134 2144 Christus.
1149 2119 1203 2138 non
1219 2118 1326 2147 :equum
1343 2110 1461 2143 censuit,
1477 2113 1506 2137 ut
1522 2109 1555 2137 iis
1569 2109 1647 2142 solis,
1659 2109 1708 2145 qui

916 2158 979 2185 vitae
990 2157 1049 2192 ejus
1066 2161 1160 2185 essent
1177 2160 1299 2192 tempore
1317 2160 1365 2184 aut
1376 2160 1438 2192 post
1455 2155 1551 2189 t‘uturi,
1568 2155 1708 2191 propriam

917 2204 1069 2238 impertiret
1089 2203 1326 2238 misericordiam;
1355 2211 1449 2232 verum
1477 2206 1505 2230 et
1529 2203 1563 2231 iis
1580 2202 1626 2238 qui
1644 2206 1709 2230 ante

919 2249 1009 2284 ipsius
1024 2248 1169 2276 adventum
1187 2249 1215 2277 in
1234 2249 1343 2277 inferno
1357 2253 1436 2277 erant
1452 2248 1564 2280 detenti,
1583 2252 1610 2276 et
1624 2248 1652 2275 in
1668 2250 1708 2275 te-

917 2293 1009 2321 nebris
1025 2297 1053 2320 ct
1069 2293 1166 2321 umbra
1186 2294 1284 2321 mortis
1304 2294 1446 2322 sedebant.
1469 2293 1603 2326 Quocirca
1619 2292 1710 2320 homi-

916 2346 966 2367 nes
986 2339 1095 2374 quidem
1117 2347 1200 2367 carne
1215 2340 1343 2375 praeditos
1363 2347 1412 2375 per
1427 2347 1538 2367 carnetn
1560 2339 1707 2367 animatam

918 2386 988 2413 Deus
1004 2385 1123 2412 Verbum
1139 2386 1249 2420 invisit;
1276 2386 1419 2413 animabus
1435 2393 1500 2414 vero
1516 2393 1531 2413 a
1547 2386 1710 2421 corporibus

917 2433 1046 2460 liberatas
1061 2440 1109 2468 per
1124 2432 1244 2460 divinam
1264 2435 1291 2459 et
1304 2432 1481 2467 purissimam
1496 2439 1575 2460 suam
1590 2431 1709 2458 animam

917 2479 945 2505 in
961 2478 1068 2505 inferno
1087 2479 1227 2513 apparuit,
1249 2486 1309 2513 qua
1328 2485 1344 2505 τι
1359 2485 1484 2513 corpore,
1504 2485 1559 2505 non
1576 2485 1591 2505 ο
1609 2477 1710 2505 divini-

918 2528 973 2551 tate
997 2523 1171 2552 discesserat.
1196 2524 1291 2559 Itaque
1310 2531 1489 2560 properemus
1511 2529 1610 2556 mente,
1633 2527 1660 2550 ct
1681 2523 1709 2550 in

918 2569 1055 2597 infernum
1067 2577 1172 2602 eamus,
1186 2574 1215 2597 ut
1228 2570 1369 2598 videamus
1383 2570 1521 2605 qttomodo
1531 2570 1587 2597 illic
1599 2570 1709 2597 tandem

918 2614 1016 2642 robore
1031 2614 1172 2650 prtedilum
1188 2614 1370 2642 fortissimum
1387 2619 1533 2651 tyrannum
1551 2615 1669 2642 maxima
1683 2615 1709 2641 vi

917 2662 1071 2695 superarit;
1085 2666 1113 2688 et
1127 2669 1189 2689 cum
1203 2661 1278 2689 ontni
1290 2662 1391 2697 populo
1405 2661 1562 2690 militariter
1573 2662 1709 2690 instructo

103 2761 200 2788 ‘Joau.
216 2769 247 2792 ii,
264 2761 291 2788 ὗ.
329 2762 339 2776 ³
352 2760 424 2787 Psal.
440 2767 532 2791 cunt.
551 2760 576 2795 IA.
614 2758 708 2795 fPsal.
727 2758 865 2795 ιωιιιη.⁸
891 2757 983 2786 ‘Psal.
998 2767 1091 2792 Lutx,
1107 2760 1136 2788 2.
1174 2761 1184 2777 ⁸
1199 2761 1264 2789 ibid.
1305 2761 1314 2777 θ
1326 2760 1398 2789 Psal.
1416 2769 1530 2795 Lxxvm,
1550 2764 1577 2792 8.
1612 2760 1621 2776 ⁷
1634 2757 1706 2786 Psal-

68 2804 166 2829 LUXV,
184 2797 226 2824 15.

104 2892 158 2927 μθ)
176 2900 210 2927 ῃ)
242 2888 286 2917 οἷα
301 2891 337 2917 δέ.

267 2794 362 2824 'Psal.
381 2803 456 2829 χχιι,
471 2795 498 2822 4.
536 2795 546 2810 ⁹
558 2793 630 2822 l’sal.
648 2802 693 2828 xv,
710 2794 754 2822 10.
793 2794 815 2810 ¹⁰
824 2792 876 2822 Job
891 2801 987 2828 xxxttt,
1005 2795 1048 2821 18.
