1929 3038
251 147 305 176 455

888 140 990 172 DUBIA
1009 143 1079 173 AUT
1099 143 1234 172 SPURIA.

1826 144 1881 173 456

245 221 296 242 sua
313 213 506 243 coruscatione
534 211 703 240 immortales
728 211 789 239 illas
812 211 940 239 ordinum
965 213 1036 240 acies

1088 211 1226 248 χειροῦται
1240 210 1332 244 τάξεις
1346 218 1354 226 ’
1367 209 1455 245 θύρας
1464 209 1582 245 ἁθύρους
1596 207 1665 245 ἄρας
1679 208 1712 235 ἐκ
1723 207 1820 244 μέσον,
1832 207 1884 234 καὶ

243 266 304 288 sme
318 259 400 286 armis
412 258 570 294 subegerit:
582 257 694 293 quando
708 257 781 286 fores
789 257 849 285 sine
858 257 965 286 toribus
978 266 1037 285 sus-

202 311 203 314 ‘
243 303 307 330 tulit
316 311 332 331 e
342 303 442 334 medio,
450 306 477 330 et
488 307 580 338 portas
590 309 643 330 non
656 302 760 338 ligneas
770 302 844 338 ligno
856 302 948 329 crucis
956 302 1037 329 Chri-

244 353 305 378 stus
321 350 422 376 ostium
434 348 525 384 fregit,
539 348 678 384 clavisque
690 348 792 376 divinis
808 352 901 376 vectes
917 352 1036 375 aeternos

244 394 374 422 contrivit
397 394 600 430 conl'regitque:
614 398 641 422 et
656 393 785 426 vinculis,
800 394 956 421 divinarum
972 401 1036 421 sua-

245 449 306 468 rum
332 447 462 467 manuum
479 440 640 468 insolubiles
663 444 775 467 catenas
798 444 927 476 tanquam
943 448 1034 468 ceram

244 488 380 516 dissolvit.
394 487 460 515 llem
472 487 549 514 hasta
562 487 647 514 divini
660 487 704 514 sui
722 486 816 514 lateris
830 487 925 514 carnis
937 494 1035 522 expers

243 543 291 562 cor
302 534 410 570 tyranni
422 533 579 568 perforavit.
591 533 648 560 Illic
657 534 897 561 contrivit-robora
908 541 1033 566 arcuum,

243 586 306 606 cum
319 579 346 605 in
360 587 451 611 cruce,
461 582 589 613 tanquam
602 578 630 605 in
645 585 722 610 arcu,
735 578 890 606 divinarum
904 586 1034 606 manuum

245 631 345 652 nervos
361 624 492 651 extendit.
515 623 699 657 Quamobrem
715 624 738 651 si
760 631 823 651 cum
835 623 947 651 silentio
961 631 1036 652 secu-

243 674 288 697 tus
302 669 386 697 fueris
399 669 548 700 Christum.
563 676 624 696 mox
641 669 746 696 videbis
759 669 871 696 ubinam
887 673 1033 704 tyrannum

243 712 389 748 colligarit,
400 716 427 740 ct
439 713 483 740 ubi
499 713 581 748 hujus
592 716 675 748 caput
688 713 882 748 suspenderit;
898 715 1035 749 quomodo

243 765 384 786 carcerem
410 758 569 793 disiecerit;
597 766 653 794 quo
677 759 786 786 vinctos
815 759 951 793 eduxerit,
980 768 1036 795 qth

243 808 325 839 pacto
341 808 495 839 serpentem
516 805 698 836 conculcarit,
723 809 750 832 et
773 805 821 832 ubi
838 809 920 841 caput
934 813 1032 841 appen-

242 850 329 884 derit;
351 850 490 885 quomodo
505 851 640 878 Adamum
658 851 684 877 in
703 851 855 879 libertatem
871 852 1034 885 asseruerit;

243 895 380 932 quomodo
390 896 474 923 Evam
487 897 643 929 suseitarit;
659 904 713 932 qua
727 898 833 925 ratione
844 898 1035 925 intermediani
1045 889 1072 914 Β

242 943 389 970 maceriam
411 942 542 976 diruerit;
568 943 707 978 quomodo
727 951 830 971 savum
848 943 1037 982 condemnarit

242 988 400 1021 draconem,
424 989 560 1024 quomodo
579 989 681 1017 invicta
700 990 822 1025 posuerit
847 993 958 1025 tropaea,
988 982 1034 1018 ubi

242 1039 357 1062 mortem
374 1039 461 1063 morte
476 1035 608 1067 aﬂ‘ecerit,
633 1039 660 1063 et
682 1043 736 1071 qua
761 1036 867 1063 ratione
882 1036 1037 1071 corruptio-

242 1088 304 1108 nem
320 1081 484 1116 corruperit,
501 1081 695 1116 hominemque
719 1081 747 1109 in
770 1082 885 1116 pristina
903 1082 1037 1118 dignitate

241 1127 426 1154 constituerit.

277 1171 342 1199 Heri
370 1172 452 1208 igitur
464 1172 670 1208 dispensatione
683 1174 802 1208 quadam
819 1174 939 1210 legiones
954 1182 1037 1210 ange-

243 1218 331 1245 lorum
348 1226 479 1246 recusans
494 1219 603 1246 dicebat
618 1218 720 1246 Petro:
743 1218 839 1246 Nonne
850 1227 958 1253 possum
969 1229 1037 1247 nunc

241 1265 362 1292 exhibere
382 1265 441 1299 plus
457 1273 536 1300 quam
551 1265 690 1292 duodecim
715 1265 828 1300 legiones
845 1265 999 1300 angelorum
1010 1266 1038 1293 ‘?

243 1310 339 1343 llodie,
363 1314 392 1338 ut
408 1310 462 1338 Deo
483 1317 532 1345 par
554 1314 607 1342 est,
625 1311 762 1345 simulque
783 1310 914 1338 bellicose
932 1314 960 1338 et
977 1315 1036 1338 tan-

243 1365 324 1393 quam
344 1357 477 1384 Dominus
501 1355 644 1384 descendit
665 1356 699 1383 ad
728 1355 842 1389 inferos,
857 1359 885 1384 et
908 1361 1036 1390 mortem,

242 1411 275 1431 ac
289 1408 433 1439 tyrannum
448 1410 496 1437 per
519 1405 644 1434 mortem,
669 1402 838 1430 immortales
858 1403 1037 1438 incorporeo-

203 1451 206 1454 ’
241 1457 304 1477 rum
314 1449 485 1477 exercituum
499 1451 527 1475 et
538 1447 693 1474 cohortium
710 1447 888 1475 invisibilium
901 1455 957 1475 non
969 1449 1038 1476 duo-

241 1496 329 1524 decim
342 1495 448 1529 aliquas
459 1493 590 1528 legiones,
599 1501 693 1520 verum
709 1493 800 1521 decies
811 1493 909 1522 millies
922 1498 1038 1522 centena

1087 257 1175 288 πύλας
1201 256 1317 288 ἁξύλους
1343 255 1383 290 τῷ
1412 254 1483 290 ξύλῳ
1508 254 1556 281 τοῦ
1585 252 1704 289 σταυροῦ
1723 252 1843 288 Χριστὸς
1864 253 1884 286 ἡ

1087 301 1157 337 θύρα
1182 300 1370 333 κατακλάσας,
1394 299 1471 334 ἥλοις
1500 308 1530 326 τε
1557 300 1614 330 τοῖς
1634 298 1737 329 ἐνθέοις
1765 296 1883 332 μοχλοὺς

1086 347 1213 379 αἰωνίους
1225 346 1374 382 συντρίψας
1387 346 1435 373 καὶ
1443 345 1607 377 συνθλάσας·
1623 345 1670 371 καὶ
1684 344 1797 379 δεσμοῖς
1809 352 1885 379 χειρ-

1087 392 1187 424 ενθέοις
1200 392 1256 428 (20)
1271 391 1441 424 τὰςάλύτους
1452 391 1566 421 ἁλύσεις
1583 390 1622 422 ὡς
1637 389 1722 425 κηρὸν
1733 389 1862 421 διαλύσας
1873 398 1881 406 ·

1087 440 1133 466 καὶ
1150 439 1235 475 λόγχῃ
1256 440 1290 475 τῇ
1309 438 1468 474 θεοπλεύρῳ
1487 437 1601 474 καρδίαν
1617 436 1665 464 τοῦ
1680 436 1816 472 τυράννου
1831 435 1882 471 τὴν

1085 485 1207 522 ἄσαρκον
1222 486 1383 521 διατρήσας.
1403 485 1478 512 Ἐκεῖ
1507 483 1650 519 συνέτριψε
1676 482 1711 509 τὰ
1726 483 1815 519 κράτη
1827 482 1882 509 τῶν

1085 531 1180 564 τόξων,
1193 532 1237 559 ὅτε
1251 531 1290 567 τῷ
1301 530 1411 567 σταυρῷ
1421 531 1533 564 τοξότας
1541 529 1696 566 χειροθέους
1707 529 1764 564 (Si)
1781 528 1883 563 νευρὰς

1085 578 1207 605 διέτεινε.
1221 578 1267 605 Διὸ
1285 577 1332 605 ἐὰν
1344 578 1405 614 μεθ’
1418 577 1535 614 ἡσυχίας
1554 576 1742 611 ἀκολουθήσῃς
1758 575 1880 611 Χριστῷ,

1086 623 1133 652 νῦν
1160 623 1213 660 δψῃ
1235 623 1287 651 ποῦ
1303 625 1352 659 μὲν
1375 623 1421 651 τὸν
1442 624 1575 659 τύραννον
1601 623 1695 658 ἔδησε·
1719 621 1772 648 ποῦ
1787 621 1816 647 δὲ
1833 621 1881 655 τὴν

1085 670 1181 697 τούτου
1198 670 1479 706 κεφαλὴν⁴ἀνήρτησε
1493 677 1500 684 ·
1517 669 1576 701 πῶς
1592 669 1621 696 δὲ
1639 669 1670 695 τὸ
1691 668 1880 703 δεσμωτήριον

1086 716 1232 750 ἀνέσκαψε,
1249 715 1301 742 ποῦ
1314 715 1344 742 δὲ
1357 716 1421 748 τοὺς
1427 714 1568 750 δεσμώτας
1578 714 1707 750 ἐξήγαγε,
1721 713 1782 745 πῶς
1792 713 1820 740 δὲ
1838 713 1881 739 τὸν

1086 761 1147 796 ὅφιν
1165 762 1298 798 ἐπάτησε,
1311 762 1358 789 καὶ
1371 761 1423 788 ποῦ
1437 762 1485 797 τὴν
1497 761 1586 797 κάραν
1604 761 1744 796 ἐκρέμασε
1756 768 1763 776 ι
1781 759 1840 790 πῶς
1851 759 1878 785 δὲ

1086 808 1133 834 τὺν
1149 807 1236 843 ’Δδὰμ
1246 807 1430 843 ἠλευθέρωσε,
1443 807 1490 834 καὶ
1507 807 1566 838 πῶς
1582 806 1631 841 τὴν
1646 805 1718 832 Εὕαν
1733 805 1876 840 ἀνέστησε,

1087 854 1206 885 καὶπῶς
1221 854 1252 880 τδ
1277 854 1435 890 μεσότοιχον
1459 852 1548 884 ἔλυσε,
1574 852 1622 879 καὶ
1644 851 1704 882 πῶς
1718 851 1764 878 τδν
1783 850 1880 886 πικρὸν

1088 900 1251 927 κατεδίκασε
1266 898 1411 935 δράκοντα,
1430 898 1478 925 καὶ
1504 897 1563 929 πῶς
1583 897 1618 924 τὰ
1642 897 1767 932 ἀήττητα
1783 895 1879 930 ἔστησε

1087 946 1206 981 τρόπαια
1215 954 1221 961 ·
1232 945 1283 972 ποῦ
1296 945 1326 972 δὲ
1336 945 1382 971 τδν
1391 943 1506 970 θάνατον
1516 943 1680 973 ἐθανάτωσε,
1699 942 1747 968 καὶ
1762 941 1822 972 πῶς
1832 941 1880 975 τὴν

1087 990 1192 1027 φθορὰν
1214 989 1390 1025 κατέφθειρε,
1421 989 1469 1016 καὶ
1492 988 1544 1015 ποῦ
1569 987 1613 1015 τὸν
1628 987 1775 1023 ἄνθρωπον
1793 987 1834 1017 είς
1850 985 1880 1011 τὸ

1087 1038 1201 1074 ἀρχαῖον
1221 1037 1390 1072 κατέστησεν
1402 1035 1521 1071 ἀξίωμα.

1128 1169 1158 1196 'U
1171 1169 1234 1205 χθὲς
1249 1168 1339 1196 τοίνυν
1358 1167 1537 1204 οἰκονομικῶς
1550 1167 1600 1198 τὰς
1610 1165 1749 1200 λεγεῶνας
1763 1164 1820 1191 τῶν
1832 1164 1880 1198 ἀγ-

1087 1215 1175 1250 γέλων
1196 1215 1432 1252 παραιτούμενος,
1457 1214 1506 1241 καὶ
1527 1213 1616 1248 λέγων
1639 1211 1680 1248 τῷ
1697 1211 1796 1246 Πέτρῳ
1816 1219 1824 1226 ⁸
1839 1211 1879 1236 (οὐ

1086 1260 1216 1296 δύναμαι
1230 1261 1297 1295 ἄρτι
1316 1259 1511 1294 παραστῆσαι
1530 1258 1655 1291 πλείους
1669 1257 1688 1291 ἣ
1700 1257 1816 1284 δώδεκα
1838 1258 1881 1283 λε-

1088 1306 1198 1341 γεῶνας
1207 1306 1342 1342 ἀγγέλων
1354 1315 1363 1338 ;
1392 1307 1513 1342 σήμερον
1533 1305 1695 1341 θεοπρεπῶς
1710 1304 1780 1339 όμοῦ
1793 1312 1823 1330 τε
1835 1303 1881 1330 καὶ

1087 1352 1256 1388 πολεμικῶς,
1282 1353 1330 1380 καὶ
1357 1352 1527 1384 δεσποτικῶς
1543 1351 1650 1379 κάτεισι
1669 1351 1746 1378 κάτω
1757 1349 1806 1377 τοῦ
1819 1349 1880 1386 ᾄδω

1086 1398 1134 1425 καὶ
1153 1397 1270 1425 θανάτου
1283 1407 1292 1415 ⁸
1307 1399 1355 1426 καὶ
1373 1399 1506 1435 τύραννον
1518 1398 1563 1425 διὰ
1581 1397 1697 1424 θανάτου
1713 1396 1764 1428 τὰς
1784 1396 1883 1423 ἀθανά-

1085 1452 1149 1476 τους
1170 1444 1225 1471 τῶν
1246 1445 1401 1481 ἀσωμάτων
1427 1445 1640 1482 στρατευμάτων
1663 1443 1710 1471 καὶ
1733 1442 1882 1478 ταγμάτων

1089 1489 1212 1525 ἀοράτων
1236 1489 1267 1516 οὺ
1293 1489 1399 1517 δώδεκά
1420 1499 1497 1522 τινας
1527 1489 1672 1524 λεγεῶνας,
1694 1488 1763 1515 ἀλλὰ
1784 1491 1882 1524 μυρίας

241 1542 326 1570 millia
344 1541 514 1575 angelorum,
525 1539 763 1574 archangelormn,
773 1543 951 1574 potestatum,
961 1540 1036 1568 thro-

1090 1537 1223 1573 μυριάδας
1230 1537 1278 1563 καὶ
1286 1536 1373 1572 χιλίας
1385 1536 1505 1572 χιλιάδας
1513 1536 1582 1572 ἔχων
1592 1536 1717 1571 ἀγγέλων
1726 1535 1796 1571 (22),
1806 1535 1882 1568 ἐξου-

241 1594 353 1618 norum,
366 1585 458 1612 throni
470 1585 633 1620 expertium,
643 1585 717 1614 senis
729 1585 781 1613 alis
788 1586 979 1620 praeditorum,
987 1587 1037 1614 alis

241 1631 404 1663 carentium,
430 1630 654 1661 multoculorum,
679 1630 775 1658 oculos
796 1638 851 1657 non
877 1631 1037 1659 habentium

241 1677 396 1705 emlestium
423 1675 589 1703 cohortium.
623 1675 759 1703 Nimirum
785 1676 868 1704 veluti
894 1678 1036 1712 proprium

242 1723 388 1750 Dominum
416 1725 444 1750 et
468 1729 558 1757 regem
575 1721 690 1749 solemni
707 1729 806 1757 pompa
830 1722 998 1750 deiluccntes
1011 1727 1038 1751 ct

242 1772 352 1796 caterva
368 1767 512 1803 stipanles,
534 1767 681 1802 dcbitoque
707 1767 811 1795 honore
837 1773 1038 1803 prosequentes

241 1814 398 1846 Christum;
417 1821 470 1840 non
485 1816 575 1840 autem
589 1818 618 1839 ut
630 1812 796 1847 adjutrices;
815 1815 953 1848 :ipagesiS!
968 1813 1039 1847 Qua-

242 1860 314 1887 libus
328 1859 428 1886 etcnim
455 1858 604 1886 socialibus
629 1858 716 1893 copiis
737 1859 913 1894 omnipotens
936 1860 1038 1894 indiget

241 1905 388 1933 Christus?
408 1904 508 1932 Verum
524 1904 597 1939 quod
615 1904 714 1932 debent
727 1905 806 1939 juxta
823 1909 852 1932 et
868 1909 971 1938 amant,
988 1912 1038 1933 suo

242 1959 351 1986 semper
363 1951 473 1979 Christo
497 1950 550 1978 Deo
568 1955 669 1983 astare,
695 1955 825 1987 tanquam
844 1952 929 1987 aliqui
954 1952 1038 1979 armi-

242 1998 300 2033 geri
315 1998 473 2033 stipatores,
489 1998 565 2033 gravi
583 2001 722 2024 armatura
735 1998 865 2029 contecti,
880 2001 907 2025 et
922 1998 1038 2032 sceptri-

243 2044 295 2072 feri
308 2044 443 2080 splendidi
458 2044 614 2079 celeresque
637 2045 734 2076 divini,
762 2044 858 2072 herilis
893 2048 920 2071 et
938 2045 1038 2080 regalis

243 2090 355 2125 sceptri,
381 2090 415 2117 ad
432 2095 529 2117 nutum
544 2090 632 2117 solum
656 2097 764 2117 summa
782 2090 925 2117 alacritate
940 2090 1038 2117 celeri-

243 2139 298 2162 tate
311 2135 403 2163 divina
419 2140 514 2162 mutuo
541 2139 760 2169 antevertentes;
784 2136 865 2163 simul
880 2142 942 2163 cum
958 2136 1037 2171 jussu

242 2182 278 2210 ad
286 2181 382 2210 ell'ectn
387 2188 412 2208 ιη
423 2181 554 2215 imperata
564 2181 741 2212 deducentes,
752 2184 779 2207 et
786 2181 900 2208 victoria
911 2181 1035 2208 coronati

243 2233 340 2257 contra
358 2229 477 2256 hostium
491 2232 517 2254 et
532 2227 718 2261 improborum
728 2227 850 2254 ordines.
866 2227 1037 2262 Quapropter
1054 2232 1074 2259 ῃ

243 2279 270 2303 et
287 2280 352 2302 tunc
365 2273 575 2305 descendebant,
593 2279 676 2299 cursu
693 2271 774 2299 simul
795 2276 822 2299 et
835 2279 972 2300 concursu
991 2280 1036 2299 ac-

243 2321 396 2349 celerantes
414 2327 476 2346 cum
498 2317 552 2345 Deo
574 2321 601 2344 et
620 2317 733 2344 Domino
753 2317 779 2344 in
798 2317 904 2344 inferna
928 2323 955 2345 et
970 2318 1035 2345 sul)-

243 2372 383 2398 terranea;
404 2370 431 2392 et
453 2364 527 2390 omni
548 2367 620 2390 terra
647 2362 837 2398 profundiora,
856 2371 917 2398 quae
935 2367 999 2390 sunt
1020 2371 1036 2391 a

243 2413 345 2440 saeculo
364 2414 534 2437 mortuorum
556 2408 692 2436 latebrosa
714 2408 865 2442 domicilia,
886 2416 949 2436 cum
966 2409 1035 2436 edu-

244 2463 319 2486 ceret
335 2458 362 2484 in
378 2456 537 2483 fortitudine
553 2463 567 2482 a
595 2455 695 2482 saeculo
720 2455 746 2482 in
765 2456 941 2491 compedibus
958 2457 1035 2484 habi-

244 2510 298 2532 tos.
320 2503 466 2537 Postquam
489 2502 572 2537 igitur
589 2502 709 2537 undique
731 2501 834 2530 foribus
858 2503 990 2533 munitos.
1008 2507 1036 2530 et

244 2551 351 2579 nullum
371 2549 466 2581 solem,
482 2549 664 2584 sempiternas
680 2553 770 2576 autem
785 2549 915 2576 tenebras
932 2549 1036 2577 haben-

245 2601 287 2625 tcs
306 2596 406 2623 inferni
428 2603 564 2628 carceres,
583 2596 743 2629 domosque,
766 2595 878 2622 latibula
914 2599 940 2622 et
971 2603 1035 2630 spe-

244 2644 340 2671 luncas
361 2641 468 2669 Domini
488 2650 541 2670 una
567 2649 630 2669 cum
657 2641 750 2669 divino
775 2641 876 2676 populo
891 2641 1035 2676 occupavit

281 2723 289 2738 ⁵
302 2721 397 2749 Matth.
413 2729 488 2753 xxvi,
504 2721 548 2748 5:5.

433 2801 573 2836 ειροθέοις⁷

308 2801 334 2836 0)
349 2809 394 2837 γρ.
413 2801 573 2845 χειροθέοις.
640 2834 650 2841 _

278 2801 339 2905 iiii,
348 2835 593 2905 ἶξέρὲςαῖῗίῗὲἒιῗς
608 2842 712 2869 Wa"
755 2852 760 2857 '

293 2869 339 2905 2°)
353 2869 434 2899 Deest
450 2869 563 2906 aliquid.

1089 1583 1165 1615 σιῶν,
1182 1583 1285 1619 θρόνων
1307 1583 1428 1619 ἀθρόνων
1452 1583 1522 1619 (25),
1542 1582 1747 1618 ὲξαπτερύγων,
1763 1582 1882 1618 ἀπτερύ-

1088 1638 1155 1664 γων,
1173 1629 1386 1666 πολυομμάτων,
1397 1630 1558 1665 ὰομμάτων,
1574 1629 1708 1665 οὐρανίων
1721 1629 1881 1664 ταγμάτων·

1088 1676 1136 1703 ἇτε
1151 1676 1183 1711 δὴ
1198 1676 1247 1703 ἅτε
1269 1676 1307 1708 ὡς
1328 1677 1428 1703 οἰκεῖον
1446 1676 1596 1711 Δεσπότην,
1614 1675 1661 1702 καὶ
1683 1674 1797 1711 βασιλέα
1817 1683 1882 1710 προ-

1089 1722 1263 1757 πεμπούσας,
1278 1722 1327 1749 καὶ
1335 1721 1547 1757 δορυφορούσας,
1561 1721 1608 1748 καὶ
1617 1719 1741 1756 τιμώσας
1752 1720 1880 1755 Χριστόν⁸

1087 1770 1118 1796 οὐ
1134 1769 1311 1804 συμμάχους⁸
1339 1769 1448 1802 ἄπαγεῑ
1467 1768 1549 1799 Ποίας
1570 1767 1625 1801 γὰρ
1653 1767 1701 1793 καὶ
1723 1766 1880 1802 συμμαχίας

1088 1813 1102 1838 ὁ
1116 1812 1320 1848 παντοδύναμος
1334 1811 1469 1838 ἐπιδέεται
1480 1811 1597 1847 Χριστός
1609 1820 1617 1843 ;
1637 1810 1706 1837 Ἀλλ’
1720 1811 1880 1844 ὀφειλούσας

1088 1858 1155 1894 ὁμοῦ
1168 1859 1215 1886 καὶ
1230 1858 1360 1893 φιλούσας
1384 1858 1423 1893 τῷ
1441 1857 1545 1884 ἑαυτῶν
1567 1857 1610 1885 ἀεὶ
1628 1857 1813 1892 παρίστασθαι
1834 1859 1881 1883 Δε-

1089 1905 1176 1941 σπότῃ
1182 1904 1220 1939 τῷ
1230 1903 1289 1939 Θεῷ
1297 1903 1452 1939 φερέγγειοί
1463 1903 1520 1939 (24)
1526 1912 1598 1935 τινες
1608 1903 1763 1938 δορυφόροι,
1774 1903 1879 1930 ὁπλῖται

1089 1951 1136 1977 καὶ
1151 1949 1318 1985 σκηπτοῦχοι
1336 1950 1458 1985 λαμπροὶ
1481 1950 1530 1985 τῆς
1546 1949 1621 1981 θείας
1634 1948 1704 1982 ὀξεῖς
1717 1949 1879 1984 δεσποτικῇ

1090 1996 1286 2032 σκηπτουχίας,
1315 1995 1431 2030 νεύματι
1449 1996 1521 2032 μόνῳ
1548 1996 1650 2032 σπουδῇ
1671 1996 1711 2032 τῷ
1727 1995 1794 2032 θείῳ
1806 1996 1879 2032 τάχει

1088 2043 1205 2078 ἀλλήλας
1220 2043 1440 2079 προαθανούσας,
1457 2043 1525 2078 ὁμοῦ
1552 2044 1592 2075 εἰς
1611 2043 1691 2078 ἔργον
1711 2043 1832 2078 ἀγούσας
1847 2045 1877 2078 τῇ

1088 2089 1213 2116 κελεύσει
1236 2090 1286 2124 τὴν
1317 2089 1426 2125 πρᾶξιν,
1456 2089 1503 2115 καὶ
1518 2089 1551 2124 τῇ
1569 2088 1631 2124 νίκῃ
1653 2090 1877 2125 κατεστεμμένας

1087 2132 1156 2171 πρὸς
1172 2134 1277 2170 ἐχθρῶν
1291 2135 1339 2162 καὶ
1353 2135 1521 2171 παρανόμων
1541 2135 1718 2170 παρατάξεις.
1732 2137 1780 2164 Διὸ
1792 2137 1824 2172 δὴ
1834 2138 1878 2163 καὶ

1089 2181 1237 2212 κατιούσας
1253 2181 1310 2216 (25)
1329 2181 1390 2208 τότε
1415 2181 1526 2217 δρόμοις
1546 2181 1613 2217 ὁμοῦ
1625 2189 1656 2207 τε
1674 2182 1722 2208 καὶ
1736 2182 1876 2218 σύνδρομοι

1088 2227 1128 2263 τῷ
1141 2228 1201 2263 Θεῷ
1218 2228 1265 2254 καὶ
1275 2228 1397 2263 Δεσπότῃ
1410 2228 1456 2254 ἐπὶ
1466 2227 1501 2254 τὰ
1510 2228 1538 2254 ὲν
1553 2227 1616 2262 ᾇδου
1631 2228 1679 2254 καὶ
1692 2229 1822 2264 ὑπόγεια,
1834 2230 1877 2256 καὶ

1086 2274 1138 2308 γῆς
1155 2274 1263 2309 ἁπάσης
1279 2273 1426 2309 βαθύτερα,
1435 2273 1489 2300 τῶν
1500 2274 1547 2300 ἀπ’
1558 2274 1656 2306 αἰῶνος
1670 2275 1877 2310 κεκοιμημένων

1087 2320 1234 2356 ὑποχθόνια
1259 2321 1415 2356 οίκητήρια.
1433 2320 1539 2354 ἐξάγων
1559 2321 1588 2347 ὲν
1615 2320 1728 2357 ἀνδρείᾳ
1745 2322 1811 2354 τοὺς
1833 2322 1876 2348 ἀπ’

1086 2366 1185 2398 αἰῶνος
1200 2366 1414 2402 πεπεδημένους.
1438 2367 1481 2398 Ὡς
1503 2366 1569 2400 γοῦν
1589 2366 1624 2393 τὰ
1643 2367 1813 2404 παντόθυρα,
1834 2369 1877 2395 καὶ

1086 2413 1195 2448 ἁνήλια,
1213 2412 1260 2438 καὶ
1287 2412 1448 2447 πανέσπερα
1471 2412 1518 2438 τοῦ
1544 2412 1607 2448 ᾅδου
1629 2412 1808 2450 δεσμωτήρια
1833 2413 1876 2440 καὶ

1086 2458 1243 2493 οἰκητήρια,
1267 2458 1428 2489 καταδύσεις
1448 2458 1494 2484 καὶ
1515 2459 1634 2494 σπήλαια
1653 2460 1670 2494 ἠ
1688 2459 1822 2495 θεόδημος
1832 2459 1875 2486 τοῦ

1086 2505 1221 2531 Δεσπότου
1235 2501 1383 2532 κατέλαϐεν
1393 2505 1558 2541 αῑγληςρόρος
1569 2505 1716 2540 παρουσία,
1727 2506 1875 2542 προφθάνει

1086 2551 1192 2583 πάντας
1206 2551 1326 2587 Γαϐριὴλ
1340 2551 1561 2587 ἀρχιστράτηγος
1571 2559 1577 2566 ·
1595 2551 1641 2578 ἅτε
1652 2551 1684 2586 δὴ
1693 2552 1742 2578 ἅτε
1756 2552 1788 2585 ἐξ
1802 2551 1875 2582 ἔθους

1086 2596 1124 2623 ὢν
1148 2595 1237 2632 χαρᾶς
1259 2597 1406 2632 εὐαγγέλια
1431 2597 1585 2633 ἀνθρώποις
1611 2596 1705 2633 φέρειν
1726 2598 1775 2624 καὶ
1802 2597 1875 2633 ῥῆσίν

1085 2651 1146 2669 τινα
1163 2643 1276 2678 ἰσχυρὰν
1289 2643 1570 2679 ἀρχαγγελικωτάτων
1588 2644 1635 2670 καὶ
1650 2643 1875 2680 στρατηγικωτὼ

1122 2799 1177 2834 (25)
1191 2807 1237 2833 γρ.
1255 2799 1371 2834 ἀθρόων.

1121 2833 1178 2876 ςὲέ)
1195 2842 1240 2868 ΤΡ·
1258 2833 1442 2876 φερέγχειροι·

1150 2869 1177 2904 5)
1194 2878 1240 2903 7p.
1257 2869 1406 2904 τυράννων.
1422 2879 1467 2905 γρ.
1486 2869 1601 2899 κάτεισι.
