1929 3038
95 138 150 166 ιε’]

628 136 770 165 HOMILIA
790 137 813 165 ll
835 136 869 166 ΙΝ
894 134 1050 163 SABBATO
1067 134 1197 162 MAGNO.

1678 137 1732 167 458

96 195 228 231 λαμπρὰν
251 195 298 222 καὶ
322 195 472 222 λεσντιαίαν
494 195 585 230 φωνὴν
603 195 672 231 πρὸς
696 195 744 226 τὰς
764 195 887 226 ἐναντίας

952 200 1090 220 :oruscans
1109 192 1253 225 adventus,
1269 194 1414 221 antevertit
1426 201 1521 222 omnes
1533 194 1642 223 Gabriel
1655 197 1730 231 prin.-

95 239 238 275 δυνάμεις,
253 241 300 267 καὶ
332 240 420 274 λέγει’
437 241 544 274 Ἀρατε
568 240 678 272 πύλας,
702 241 728 266 οἱ
747 239 890 274 ἄρχοντες

95 285 181 320 ὑμῶν
191 293 208 304 ·-
219 285 277 320 μεθ’
294 285 324 311 ὃν
333 285 381 320 βοᾷ
394 285 440 311 καὶ
451 284 559 320 Μιχαήλ
569 292 577 300 ⁸
593 285 647 311 Καὶ
657 284 813 318 ἑπάρθητε,
835 284 890 310 πύ-

95 333 147 357 λαι
174 330 295 358 αιώνιω.
326 328 391 357 Εἶτα
419 330 466 356 καὶ
490 330 518 357 at
537 330 665 364 δυνάμεις
691 329 786 364 φασίν·
811 328 890 355 Ἀπό-

69 382 72 383 '
97 385 191 411 ττητε,
215 376 336 412 πυλωροὶ
363 377 386 402 οἱ
418 376 587 411 παράνομοι*
618 373 676 402 εἶτα
704 376 752 402 καὶ
771 375 889 407 ἐξουσίαι

97 422 313 459 μετ’ὲξουσίας·
341 421 518 457 Συντρίϐητε,
541 422 569 447 αἱ
594 421 705 453 ἁλύσεις
726 422 754 447 ai.
776 420 887 447 ἀλυτοι·

97 468 145 494 καὶ
165 467 262 498 ἄλλος·
283 466 461 502 Αίσχύνθητε,
481 468 597 494 ἐναντίοι
617 467 755 501 πολέμιοι⁵
769 466 815 492 καὶ
829 466 889 492 ἓτε-

97 521 159 548 ρος·
178 512 330 548 Φοϐήθητε,
345 512 471 548 τύραννοι
488 513 513 539 οἰ
538 512 703 547 παράνομοι.

941 246 1004 273 ceps
1020 239 1167 268 exercitus.
1185 242 1313 273 tanquam
1326 239 1376 273 qui
1392 247 1423 266 ex
1440 247 1515 267 more
1531 240 1619 268 fausta
1633 230 1738 269 fclicia-
1771 230 1775 233 ’

940 292 993 319 que
1010 284 1105 311 nuntia
1122 283 1280 311 hominibus
1300 284 1371 312 ferre
1389 286 1551 312 consuevit:
1573 290 1600 314 et
1617 287 1748 314 manda-'

941 335 998 357 tum
1013 329 1148 364 quoddam
1171 329 1239 357 forte
1252 334 1464 357 consentaneum
1482 331 1571 358 ordini
1584 333 1732 368 archange-

942 376 1029 403 lorum
1044 380 1071 403 et
1092 375 1181 402 ordini
1202 376 1355 410 principum
1373 376 1477 403 militia:
1495 377 1568 403 clara
1584 383 1610 404 et
1627 379 1733 415 leonina

942 429 1008 448 voce
1039 421 1160 448 adversis
1185 422 1366 456 potestatibus
1394 422 1522 449 intonans
1549 423 1603 449 ait:
1639 423 1734 451 Tollite

941 469 1042 499 portas,
1069 466 1113 500 qui
1140 466 1207 491 inter
1223 474 1267 492 vos
1283 466 1413 500 principes
1433 467 1524 494 estis'.
1552 467 1619 494 Cum
1636 468 1735 502 quibus

943 511 1041 538 clamat
1067 515 1094 537 et
1114 510 1243 538 Michael:
1275 511 1308 537 Et
1323 511 1477 544 eleramim’,
1491 517 1575 545 pomo
1600 514 1734 539 mternw‘.

98 560 204 587 Deinde
218 563 246 587 et.
259 559 374 587 virtutes
391 560 487 587 aiunt:
519 559 667 591 Discedite,
689 558 826 593 ianitores
846 559 978 594 improbi;
996 558 1124 592 deinceps
1139 562 1166 585 et
1195 562 1344 593 potestates
1362 566 1459 593 magna
1491 559 1516 585 vi
1541 563 1566 586 et
1590 560 1707 594 potentia
1727 571 1733 588 ε

97 606 291 639 Conterimini,
308 611 413 634 catenae
445 607 626 640 insolubiles;
646 611 672 634 et
697 606 765 633 alius
794 613 800 631 :

98 654 209 690 tyranni
227 653 325 688 iniqui.

134 700 191 726 Καὶ
216 699 342 734 καθάπερ
367 698 412 724 ἐπί
438 706 510 730 τινος
540 697 658 732 φοϐερᾶς
683 698 729 724 καὶ
756 698 891 733 ἀηττήτου

99 745 307 779 παντοδυνάμου
326 743 467 779 βασιλικῆς
479 743 662 778 τροπαιούχω
675 743 791 778 στρατοῦ
805 752 894 778 παρα-

99 790 204 823 τάξεως
227 789 311 824 φρίκη
337 797 379 823 τις
395 789 444 815 καὶ
468 788 587 823 τάραχος
605 788 653 814 καὶ
675 787 756 822 φόϐος
774 787 893 814 κατώδυ-

100 845 145 867 νος
173 837 230 867 τοῖς
259 835 306 861 τοῦ
338 835 561 869 ἀκαταγωνίστου
588 834 724 860 Δεσπότου
752 833 894 860 ἐπιπίπτει

101 881 225 917 ὶχθροῖς·
243 880 313 907 οὕτω
328 881 359 916 δὴ
385 880 433 907 καὶ
451 880 498 906 ἐπὶ
513 881 571 911 τοῖς
589 880 618 905 ὲν
640 878 702 914 ᾅδου
720 879 834 911 ἐκείνοις
849 880 895 906 καὶ

101 926 255 962 παραδόξου
273 925 392 961 Χριστοῦ
416 927 444 952 ὲν
462 926 518 957 τοῖς
534 923 722 959 καταχθονίοις
744 924 895 959 παρουσίας

103 972 234 1007 ἐξαίφνης
260 971 387 1005 ἐγένετο·
419 970 522 998 ἀνωθεν
550 971 693 1006 ἀστραπῆς
720 972 737 1006 ἡ
763 970 894 1006 ἀμαύρω-

103 1026 145 1049 σις
161 1017 218 1051 (‘26)
239 1016 291 1042 τῶν
307 1017 436 1043 ἐναντίων
453 1016 499 1042 τοῦ
519 1015 583 1051 ᾅδου
599 1015 741 1050 δυνάμεων
757 1016 807 1047 τὰς
821 1015 896 1050 ὄψεις

104 1062 266 1094 σκοτίζουσα
275 1062 322 1089 καὶ
332 1061 524 1097 βροντοφώνων
533 1061 601 1096 βοῶν
612 1061 764 1088 ἀκουόντων
775 1061 842 1098 (26')
850 1062 896 1088 καὶ

104 1108 229 1142 στρατῶν
256 1106 420 1133 κελευόντων
439 1106 584 1141 λέγονταςε
611 1107 714 1141 ’Ἄρατε
733 1107 847 1140 πύλας,
870 1109 897 1134 οὶ

100 1158 248 1188 ὒρχοντες
266 1152 358 1186 ὑμῶν.
377 1153 414 1179 οὐ
431 1152 486 1188 γὰρ
503 1152 626 1185 ἀνοίξατε
637 1172 644 1184 ,
677 1151 735 1179 ἀλλ’
753 1152 782 1185 ἐξ
807 1152 897 1179 αὐτῶν

105 1199 239 1234 θεμελίων
263 1198 365 1230 ταύτας
382 1198 467 1234 ἄρατε
480 1219 488 1231 ,
508 1198 687 1234 ὲκριζώσατε,
709 1199 899 1234 μεταστήσατε

104 1247 143 1276 εἰς
162 1246 194 1272 τὸ
209 1246 307 1280 μηκέτι
322 1245 461 1272 κλείεσθαι
473 1253 480 1260 '
499 1245 605 1278 ’Ἄρατε
616 1245 716 1277 πύλας
726 1263 733 1276 ,
749 1246 775 1271 οἱ
790 1244 899 1279 ἄρχονο

105 1300 153 1324 τες
185 1291 278 1326 ὑμῶν.
309 1292 364 1326 Οὐχ
377 1291 415 1322 ὼς
428 1289 622 1322 ἀδυνατοῦντος
640 1290 687 1317 τοῦ
707 1289 840 1326 παρόντος
852 1291 901 1317 Δε-

106 1337 205 1364 σπάτου
230 1338 277 1364 καὶ
297 1337 386 1373 ϐυρῶν
403 1335 605 1371 κεκλεισμένων
621 1336 665 1362 ὅτε
683 1335 787 1362 κελεύει
810 1335 898 1371 εἰσέρ-

106 1381 211 1416 χεσϐαι,
234 1382 303 1408 ἀλλὰ
316 1381 536 1417 δραπετοδούλως
550 1380 606 1415 (‘27)
625 1381 689 1416 ὑμῖν
706 1381 899 1417 ἐπιτρέποντος

106 1427 155 1461 τὴν
169 1426 223 1453 τῶν
244 1426 335 1452 πυλῶν
352 1426 406 1453 τῶν
421 1426 539 1452 αἰωνίων
556 1425 671 1460 ἔπαρσιν
690 1425 737 1452 καὶ
765 1425 900 1460 μετάστα-

107 1480 148 1499 σιν
175 1473 225 1499 καὶ
238 1472 416 1499 κατάκλασιν.
432 1471 478 1498 Διὸ
491 1471 552 1498 οὐδὲ
562 1472 617 1502 τοῖς
631 1470 727 1506 δήμοις
740 1470 827 1505 ὑμῶν,
841 1470 899 1496 ἀλλ’

834 605 1044 633 Confundamini
1065 605 1177 639 pudore,
1201 606 1308 633 adversi
1325 606 1435 637 hostes;
1462 610 1489 633 et
1505 606 1592 633 alius:
1621 606 1736 634 Timete.
1766 608 1767 611 ‘

984 695 1052 722 Tum
1073 696 1157 723 veluti
1179 703 1209 723 ex
1227 696 1317 730 aliqua
1338 695 1500 723 formidabili
1517 700 1544 724 et
1561 697 1661 725 invicta
1687 707 1738 734 po-

948 741 1094 769 tentissimi
1111 741 1176 776 regii
1196 742 1367 776 triumphalis
1387 742 1525 770 exercitus
1546 743 1605 771 acie
1640 744 1737 773 horror

947 787 1056 823 quidam
1072 793 1099 815 et
1120 789 1238 816 turbatio
1260 793 1286 815 et
1311 789 1393 816 timor
1415 790 1538 824 trepidus
1564 790 1673 818 Domini
1693 793 1738 819 in-

947 834 1090 861 victissimi
1108 833 1202 861 hostes
1217 834 1321 862 invadit
1337 834 1450 870 :sicque
1463 836 1490 863 in
1506 836 1579 868 illos,
1596 838 1642 872 qui
1659 843 1738 866 erant

947 881 973 906 in
997 880 1113 910 inferno,
1135 888 1168 907 ex
1190 881 1329 915 inopinato
1350 881 1452 908 Christi
1477 883 1612 915 adventu,
1632 884 1658 910 in
1680 885 1738 912 loca

951 923 1130 950 subterranea
1156 927 1268 957 repente
1292 923 1408 958 desuper
1427 923 1496 950 facta
1514 929 1557 952 est
1579 933 1610 952 ex
1635 926 1739 961 fulguri:

946 967 1121 995 tenebrarum
1135 967 1242 1000 effusio,
1261 967 1437 995 adversarum
1454 969 1554 996 inferni
1571 975 1737 1004 potestatum

947 1013 1089 1041 oculorum
1107 1013 1194 1040 aciem
1212 1013 1354 1045 hebetans,
1371 1021 1432 1048 quae
1451 1015 1661 1043 vociferationes
1678 1020 1738 1043 tan-

947 1065 1029 1092 quam
1053 1058 1144 1093 aliqua
1168 1058 1289 1085 tonitrua
1321 1059 1478 1091 audiebant,
1501 1064 1528 1087 et
1550 1062 1688 1089 exercitus
1714 1062 1738 1089 vi

948 1110 1046 1138 magna
1072 1104 1261 1138 imperantes:
1287 1103 1382 1131 Tollite
1407 1109 1508 1138 portus,
1534 1106 1579 1140 qui
1606 1108 1675 1134 inter
1692 1116 1736 1134 vos

948 1149 1078 1183 principes
1091 1149 1164 1177 estis.
1179 1149 1238 1176 Non
1252 1150 1366 1184 aperite,
1383 1150 1430 1178 sed
1447 1158 1479 1178 ex
1494 1151 1562 1186 ipsis
1577 1152 1739 1180 fundamcir

949 1195 984 1222 tis
1004 1202 1052 1222 eas
1074 1195 1171 1227 tollite,
1197 1195 1330 1223 radicitus
1351 1197 1468 1229 evellite,
1486 1201 1684 1233 transportate,
1709 1204 1740 1226 ut

949 1247 1004 1267 non
1017 1239 1136 1274 amplius
1162 1240 1335 1267 claudantur.
1356 1241 1452 1268 Tollite
1468 1247 1577 1276 portas,
1604 1245 1648 1278 qui
1674 1244 1741 1271 inter

949 1294 994 1313 uas
1011 1286 1141 1320 principes
1156 1286 1231 1313 estis.
1247 1285 1306 1312 Non
1322 1286 1394 1321 quod
1409 1290 1463 1315 tam
1483 1288 1618 1323 impotens
1636 1289 1671 1317 sit
1695 1291 1742 1324 qui

951 1331 996 1358 hic
1011 1331 1088 1358 adest
1102 1330 1244 1362 Dominus,
1264 1335 1293 1359 ut
1308 1336 1335 1359 et
1348 1333 1434 1366 portis
1457 1334 1588 1367 occlusis,
1607 1335 1630 1363 si
1651 1336 1741 1368 vellet,

950 1377 1055 1412 ingredi
1068 1384 1122 1404 non
1138 1381 1246 1411 posset;
1270 1386 1363 1404 verum
1383 1382 1411 1404 ut
1427 1379 1513 1406 servis
1531 1380 1652 1415 fugitivis
1665 1382 1746 1408 vobis

949 1422 1077 1457 imperat,
1100 1426 1194 1457 portas
1215 1427 1245 1450 ut
1262 1428 1379 1451 aeternas
1401 1424 1513 1457 tollatis,
1539 1429 1687 1454 amoveatis
1716 1432 1742 1455 et

952 1468 1143 1503 confringatis.
1162 1468 1295 1501 Quocirca
1318 1477 1373 1496 non
1398 1470 1485 1497 turbis
1506 1473 1620 1504 vestris,
1647 1480 1743 1500 verum

106 1519 199 1550 αὐτοῖς
212 1520 268 1549 τοῖς
283 1518 389 1544 δοκοῦσι
407 1517 471 1552 παρ’
494 1517 570 1552 ὑμῶν
594 1514 663 1543 εἶναι
691 1516 831 1551 ἄρχουσιν,
849 1515 898 1542 αὐ-

952 1513 1030 1548 ipsis,
1052 1514 1099 1548 qui
1122 1514 1248 1542 videntur
1264 1515 1334 1550 apud
1351 1523 1398 1543 vos
1414 1524 1476 1544 esse
1492 1518 1641 1553 principes,
1658 1519 1743 1554 impe.

107 1566 162 1595 τοῖς
176 1563 318 1599 ἐπιτρέπει
333 1563 418 1597 λέγων
428 1571 435 1578 ·
456 1564 563 1596 Ἀρατε
575 1562 684 1594 πύλας,
700 1562 728 1588 οἱ
754 1562 901 1595 ἀρχογτες

108 1610 202 1645 ὑμῶν.
229 1610 331 1645 ’1³μῶν,
349 1609 405 1636 ἀλλ’
422 1608 473 1635 οὐκ
486 1608 572 1635 ἄλλων
582 1607 673 1634 τινῶν.
689 1606 788 1634 Λοιπὸν
801 1606 901 1641 ἀρχονο

108 1665 164 1687 τες.
182 1656 213 1681 El
235 1657 290 1690 γὰρ
305 1655 352 1681 καὶ
370 1654 451 1689 μέχρι
475 1653 523 1680 τοῦ
547 1653 593 1680 νῦν
609 1653 663 1679 τῶν
680 1652 727 1678 ἀπ’
744 1652 840 1683 αἰῶνος
857 1660 902 1678 κε-

109 1700 286 1735 κοιμημένων
303 1699 396 1730 κακῶς
415 1699 532 1734 ἦρξατε⁸
560 1698 616 1725 ἀλλ’
631 1698 723 1724 οὐκέτι
740 1697 832 1724 λοιπὸν
855 1698 902 1724 αὑ-

108 1746 162 1771 τῶν
175 1766 182 1777 ,
198 1745 256 1772 ἀλλ’
269 1745 322 1770 οὐδ’
343 1744 430 1772 ἄλλων
445 1764 451 1776 ,
477 1744 532 1770 ἀλλ’
549 1743 639 1778 ὑμῶν,
665 1743 721 1770 ἀλλ’
741 1743 795 1769 οὐδ’
813 1742 902 1769 αὐτῶν

110 1791 188 1826 ὑμῶν
204 1790 300 1817 ἔσεσθε
326 1790 464 1825 ἄρχοντες.
482 1789 603 1825 Πάρεστι
624 1789 677 1824 γὰρ
692 1789 808 1823 Χριστὸς
823 1790 839 1823 ὴ
862 1789 904 1814 οὺ-

111 1838 202 1873 ράνιος
223 1836 308 1872 θύρα”
333 1835 549 1869 ὀδοποιήσατε
573 1834 612 1867 τῷ
637 1834 823 1868 ἐπιϐεϐηκότι
853 1834 903 1860 ἐπὶ

111 1881 169 1909 τῶν
187 1881 242 1908 τοῦ
257 1881 331 1915 ᾅδου
350 1879 485 1915 δυσμῶν.
500 1881 610 1914 Κύριος
626 1880 718 1914 ὄνομα
732 1879 841 1912 αὐτοῦ,
855 1880 903 1906 καὶ

111 1928 164 1955 τοῦ
180 1927 291 1961 Κυρίου
302 1927 414 1960 Κυρίου
436 1928 466 1953 αἱ
490 1926 619 1958 διέξοδοι
631 1926 690 1953 τῶν
702 1926 755 1953 τοῦ
774 1925 903 1953 θανάτου

112 1974 228 2000 πυλῶν.
248 1973 343 2008 Ὑμεῖς
362 1973 508 2008 ἐποιήσατε
530 1973 579 2003 τὰς
600 1973 735 2003 εἰσόδους·
763 1971 812 2003 τὰς
835 1971 904 2004 διεξ-

111 2018 189 2049 όδους
206 2017 288 2050 αὐτὸς
306 2017 417 2052 ποιῆσαι
436 2017 633 2053 παραγέγονεν.
655 2017 700 2043 Διὸ
720 2016 757 2051 μὴ
774 2016 882 2051 μέλλετε
896 2023 902 2031 ”

114 2064 219 2098 Ἄρατε
241 2064 341 2095 πύλας
367 2063 413 2090 καὶ
440 2061 574 2096 ταχύνατε
586 2071 593 2078 ·
608 2062 702 2098 ἄρατε,
717 2062 763 2088 καὶ
781 2062 818 2096 μὴ
838 2062 904 2088 ἀνα-

113 2109 237 2136 ϐάλλετε.
255 2109 286 2136 El
300 2108 328 2135 δὲ
343 2108 488 2144 ἀναμένειν
504 2107 628 2143 νομίζετε
638 2128 644 2140 ,
669 2108 764 2138 αὑταῖς
778 2109 838 2138 ταῖς
852 2106 904 2133 πύ-

113 2154 173 2186 λαις
186 2154 278 2188 ἀχειρὶ
295 2153 342 2180 καὶ
354 2153 488 2187 αὐτοματὶ
502 2152 625 2187 αἴρεσθαι
643 2152 836 2186 ἐπιτρέπομεν.
851 2151 904 2178 Καὶ

113 2199 262 2232 ὲπάρϐητε
272 2218 279 2231 ,
297 2199 389 2225 πύλαι
404 2197 526 2224 alain-tat.
544 2197 621 2232 ’Ἅμα
637 2198 665 2223 αἱ
682 2197 810 2231 δυνάμεις
827 2197 905 2232 ὲὸόη-
922 2188 942 2214 ί)

115 2254 178 2275 σαν,
193 2245 252 2280 ἃμα
265 2246 295 2270 αἱ
316 2243 398 2270 πύλαι
414 2244 574 2280 ἐπήρθησαν
587 2264 593 2274 ,
607 2243 665 2278 ἅμα
681 2244 708 2269 αὶ
724 2243 831 2274 ἁλύσεις
846 2243 905 2269 ἐλύ-

114 2290 211 2325 θησαν,
223 2289 282 2323 ἆμα
300 2289 326 2315 οι
348 2288 443 2324 μοχλοὶ
457 2287 690 2323 κατεκλάσθησαν,
709 2287 768 2322 ἅμα
782 2288 816 2314 τὰ
831 2287 905 2314 κλεῖ-

115 2335 167 2370 θρα
193 2334 344 2366 ἐξέπεσαν,
363 2334 423 2369 ἅμα
448 2334 481 2360 τὰ
505 2333 625 2368 θεμέλια,
643 2332 691 2359 τοῦ
718 2333 905 2368 δεσμωτηρίου

114 2380 299 2416 έδονήθησαν.
328 2380 387 2415 ἅμα
403 2381 431 2406 αἱ
459 2378 577 2407 ἐναντίαι
597 2379 725 2414 δυνάμεις
749 2380 788 2411 εἰς
817 2378 906 2413 φυγὴν

116 2425 276 2461 ετράτιησαν
289 2445 297 2456 ,
323 2425 416 2460 ἔτερος
439 2425 531 2460 ἕτερον
549 2425 750 2460 συνωθούμενος
772 2424 845 2458 (28),
860 2424 907 2451 καὶ

115 2471 194 2502 ἄλλος
222 2470 290 2505 πρὸς
306 2469 385 2497 ἄλλον
410 2469 656 2505 συμποδιζόμενος,
681 2470 727 2496 καὶ
753 2469 845 2504 ἕτερος
868 2468 907 2503 τῷ

117 2515 204 2551 ἑτέρῳ
223 2515 334 2549 φεύγειν
352 2515 551 2550 φθεγγόμενος·
572 2514 693 2550 ἔφριξαν,
711 2514 904 2550 ὲσαλεύΟησαν,

952 1563 995 1586 rat
1006 1559 1099 1586 dicens
1117 1568 1123 1585 :
1142 1559 1239 1587 Tollite
1251 1565 1353 1594 portas,
1372 1562 1416 1591 qui
1443 1562 1511 1588 inter
1526 1571 1570 1589 vos
1586 1564 1648 1590 estis
1670 1566 1744 1598 p'rin-

953 1605 1031 1637 cipes.
1047 1603 1119 1631 lntcr
1135 1612 1194 1637 vos,
1210 1605 1258 1632 sed
1274 1613 1328 1632 non
1345 1606 1415 1633 inter
1429 1607 1499 1634 alios
1517 1608 1672 1642 quospiam.
1690 1609 1744 1636 Dc-

953 1650 1035 1685 niquc
1062 1651 1209 1685 principes.
1237 1651 1294 1679 Etsi
1325 1652 1395 1678 enim
1434 1653 1576 1687 hucusque
1605 1661 1619 1679 a
1645 1655 1743 1682 saeculo

953 1696 1069 1723 mortuis
1087 1696 1156 1723 male
1176 1696 1349 1731 imperastis,
1376 1705 1430 1724 non
1453 1699 1508 1732 jam
1531 1699 1649 1733 amplius
1675 1701 1747 1728 inter

954 1749 1011 1773 eos,
1028 1750 1080 1769 nec
1101 1743 1172 1770 inter
1188 1744 1268 1776 alios,
1287 1744 1333 1771 sed
1358 1744 1428 1772 inter
1443 1753 1492 1772 vos
1516 1745 1608 1779 ipsos,
1626 1748 1680 1773 imo
1695 1755 1745 1774 nec

954 1787 1025 1814 inter
1042 1795 1090 1815 vos
1110 1788 1185 1822 ipsos
1199 1789 1277 1816 eritis
1302 1789 1449 1824 principes.
1468 1790 1552 1817 Adest
1570 1792 1641 1817 enim
1662 1792 1745 1818 Chri-

954 1836 1014 1860 stus
1025 1831 1109 1867 janua
1123 1834 1254 1861 celestis.
1278 1834 1352 1861 Viam
1376 1836 1485 1862 sternite
1501 1836 1524 1862 ei
1536 1855 1542 1866 .
1558 1836 1603 1868 qui
1627 1837 1746 1864 ascendit

955 1886 1031 1911 super
1070 1879 1216 1913 inferorum
1242 1888 1374 1908 occasum.
1408 1881 1534 1908 Dominus
1556 1890 1649 1908 nomen
1673 1882 1744 1916 eius,

954 1928 980 1950 et
995 1923 1103 1950 Domini
1120 1924 1228 1951 Domini
1251 1925 1338 1952 exitus
1362 1934 1408 1960 per
1430 1931 1521 1960 portas
1540 1928 1632 1954 martis
1650 1927 1671 1954 ³.
1692 1927 1746 1955 Vos

955 1968 1060 1996 fecistis
1084 1969 1229 2003 introitus;
1254 1972 1344 1998 exitus
1369 1972 1427 2006 ipse
1445 1977 1475 1998 ut
1496 1972 1600 2000 faceret
1623 1973 1744 2000 advertit.

956 2014 1046 2047 Quare
1068 2022 1102 2042 ne
1124 2016 1291 2043 cunctemini
1305 2025 1312 2043 :
1328 2016 1423 2044 Tollite
1442 2023 1550 2052 portas,
1576 2019 1745 2051 accelerate,

957 2066 1007 2086 nec
1022 2059 1139 2087 dill'erte.
1156 2060 1185 2087 Si
1201 2067 1266 2087 vero
1276 2061 1459 2088 cunctandum
1471 2070 1532 2089 esse
1544 2063 1622 2090 vobis
1634 2062 1746 2096 ducitis,

957 2104 1024 2139 ipsis
1040 2105 1126 2139 portis
1141 2105 1200 2133 sine
1214 2113 1308 2138 manu,
1325 2115 1430 2142 suaque
1447 2112 1542 2142 sponte
1555 2109 1685 2136 subsilire
1702 2109 1748 2143 ju-

958 2150 1064 2178 bemus.
1085 2151 1119 2177 Et
1133 2152 1282 2185 elevamini,
1302 2158 1384 2187 porta:
1399 2159 1514 2181 (sternte.
1531 2154 1616 2180 Simul
1628 2159 1747 2189 potesta-

957 2201 997 2224 tes
1013 2197 1220 2229 cxclamarunt,
1239 2199 1320 2226 simul
1346 2204 1433 2234 porta:
1456 2201 1641 2233 exsiluerunt,
1667 2202 1747 2228 simul

958 2246 1062 2269 calente
1087 2243 1184 2270 soluta:
1199 2249 1273 2277 sunt,
1290 2245 1372 2273 simul
1392 2247 1492 2280 pessuli
1509 2247 1642 2274 confracti
1664 2253 1748 2281 sunt,

959 2287 1040 2314 simul
1054 2289 1175 2316 claustra
1188 2291 1380 2323 conciderunt,
1396 2292 1478 2318 simul
1495 2292 1674 2320 fundamenta
1689 2301 1749 2321 car-
1766 2311 1770 2315 -

959 2332 1030 2359 ceris
1045 2339 1191 2366 concussa,
1208 2334 1290 2362 simul
1307 2335 1430 2363 adversae
1446 2341 1597 2371 potestates
1613 2337 1641 2364 in
1658 2337 1749 2373 fugam
1767 2326 1769 2331 ’

960 2385 1116 2412 conversae;
1139 2380 1207 2407 alter
1229 2380 1345 2408 alterum
1363 2381 1496 2414 trudens,
1522 2383 1592 2410 alius
1614 2390 1677 2410 cum
1697 2384 1749 2411 alio

961 2423 1075 2457 pedibus
1091 2424 1251 2459 implicitus,
1273 2426 1397 2461 alterque
1412 2427 1527 2454 altermn
1544 2429 1576 2455 ad
1596 2427 1687 2464 fugam
1705 2437 1754 2456 ex-

960 2468 1085 2498 hortans.
1109 2469 1292 2505 llorrucrunt,
1314 2473 1498 2507 trepidarunt,
1526 2474 1750 2510 obstupuerunt.

958 2515 1079 2546 turbati.
1104 2516 1238 2544 immutati
1271 2519 1484 2554 tumultuatique
1505 2524 1587 2554 sunt;
1617 2526 1750 2549 steterunt

117 2561 345 2596 κατεπλάγησαν,
363 2561 562 2596 ἐταράχθησαν,
586 2560 788 2596 ἠλλοιώθησαν,
808 2561 899 2596 ὲθροή-

955 2562 1082 2590 simulet
1121 2563 1302 2599 obstupefacti
1334 2569 1415 2599 sunt;
1441 2571 1592 2594 aestuarunt
1618 2569 1699 2596 simul
1725 2574 1749 2596 cl

117 2606 213 2642 θησαν,
227 2606 345 2642 ἔστησαν
359 2606 426 2641 ὁμοῦ
441 2606 488 2633 καὶ
502 2606 659 2641 ἐξέστησαν,
676 2606 817 2642 ἠπόρησαν
834 2606 899 2641 ὁμοῦ

954 2611 1135 2636 tremuerunt.
1158 2609 1190 2636 Et
1211 2610 1256 2638 ille
1273 2611 1384 2645 quidem
1405 2620 1453 2640 ore
1474 2613 1559 2641 hianti
1583 2616 1687 2649 stabat;
1709 2614 1754 2641 hic

110 2690 116 2697 '
155 2682 248 2710 ‘Psal.
266 2690 344 2714 xnu,
360 2682 385 2714 7,
400 2683 426 2709 9.
459 2680 469 2695 ²
489 2681 554 2709 ibid.
573 2682 615 2710 l0.
655 2683 664 2698 ³
680 2681 751 2710 Psal.
768 2690 851 2715 vau,
866 2683 892 2715 5,
904 2683 950 2711 2|.

155 2759 162 2768 ι

162 2759 209 2790 26)
229 2767 273 2793 rp.
290 2758 478 2794 ἀμαυρούσης.

163 2770 209 2790 tu;
229 2770 273 2793 ΤΡ.
290 2770 478 2794 αμαυρουαης.

118 2770 286 2858 dxi-$6103).
315 2793 501 2828 πληρώσασα,
530 2793 567 2824 ὼς
593 2793 690 2829 βροντὴ
708 2794 803 2828 φωνῶν
829 2802 909 2823 τινων

188 2848 208 2863 ι’
268 2847 278 2857 ο

1071 2770 1116 2795 γρ.
1129 2762 1318 2798 δραπετιικεῶν.

1001 2796 1056 2831 (28)
1073 2805 1118 2830 ‘rp.
1133 2796 1226 2833 ῑτερον
1241 2802 1496 2838 περισφιγγόμενος,

283 2873 418 2904 ΡΑτκοι..
441 2874 499 2904 Gn.
517 2873 627 2906 XLIII.
1550 2879 1588 2908 15
