1929 3038
176 138 227 167 ιῖὶξ)

811 137 914 167 Duma
932 132 1002 165 AUT
1023 135 1158 164 sruun.

1755 134 1807 162 ιω

177 195 290 231 genibus
312 194 406 221 faciem
423 194 583 229 obtegebat;
601 198 627 221 et
644 192 712 221 alter
731 201 834 228 pronus
850 200 881 220 ac
899 193 962 220 den.

1018 194 1063 220 καὶ
1077 193 1240 228 ὲτρόμαξαν.
1260 194 1313 220 Καὶ
1329 194 1343 220 6
1358 193 1407 228 μὲν
1422 192 1543 228 κεχηνὼς
1558 194 1660 225 ἵστατο,
1674 194 1688 219 6
1707 193 1736 219 δὲ
1750 195 1807 225 τοῖς

178 248 226 266 xus
239 240 366 271 lurerebat,
386 240 454 266 alter
468 247 532 267 vero
551 243 680 274 tanquam
697 243 822 266 mortuus
839 239 962 274 rigebat;

176 286 244 312 alius
268 290 379 320 stupore
395 285 605 319 corripiebalur,
627 285 696 312 alius
716 285 876 312 immutatus
890 285 964 319 jace-

175 331 232 363 liat,
252 332 322 358 alius
337 332 408 358 intro
423 330 554 365 fugiebat.

212 456 268 482 lllic
280 457 351 483 enim
368 461 433 484 tunc
445 457 564 484 concidit
577 458 704 487 Christus
726 459 752 486 in
777 459 827 486 hac
844 464 966 487 conster-

176 501 285 528 natione
301 502 390 536 capita
412 503 601 538 dynastarum,
626 505 680 531 illic
696 510 923 532 contremuerunt
938 507 964 532 in

175 554 219 578 eo,
237 547 292 572 illic
308 547 435 575 laxarunt
462 549 538 576 frena
560 558 608 576 sua
624 550 746 578 dicentes
762 560 768 578 :
784 551 850 584 Quis
865 557 902 578 est
917 552 965 578 iste

177 591 230 617 lter
245 593 337 627 gloria:
353 593 377 619 '?
397 594 459 628 quis
478 600 520 622 est
542 595 586 622 hic
609 599 718 626 tantus.
736 597 781 630 qui
798 603 860 623 cum
883 597 965 623 tantis

175 638 239 663 talia
258 638 301 664 hic
320 643 409 672 patrat
428 639 578 666 miracula?
594 641 659 673 Quis
676 646 714 667 est
731 642 780 668 iste
793 641 848 668 Rex
862 642 964 677 αισι-ίαν,

174 687 218 719 qui
235 694 266 713 ea
286 694 358 714 nunc
374 687 400 713 in
417 687 522 714 inferno
548 687 623 720 facit,
645 697 705 723 qure
719 698 858 724 nunquam
874 691 900 717 in
922 691 965 717 in-

175 733 250 758 feruo
274 732 343 759 facta
366 734 449 760 sunt?
466 734 534 767 Quis
548 734 606 767 hic,
620 735 666 769 qui
689 735 781 762 educit
795 736 858 763 hinc
881 744 895 762 a
911 745 963 764 sa:-

172 779 234 804 culo
250 779 392 806 mortuos?
409 779 475 812 Quis
489 785 530 807 est
553 781 606 811 hic,
631 782 677 816 qui
695 782 775 808 smvit
790 786 816 809 et
836 782 964 811 dissolvit

172 828 292 851 nostram
317 825 444 852 invictam
468 826 609 853 audaciam
629 832 655 853 et
679 828 838 860 potentiam,
865 833 892 855 et
917 830 962 864 qui
981 843 1002 871 Β

171 870 263 896 educit
278 878 311 897 ex
332 870 430 902 inferni
446 872 569 899 custodia
591 879 606 898 a
626 873 727 899 sacculo
745 873 771 900 in
788 874 964 908 compedibus

171 914 299 941 habitos?
315 915 416 942 Contra
436 923 506 950 quos
520 916 744 944 vociferabantur
773 917 879 945 Domini
908 920 964 946 vir-

171 964 254 991 tutes.
279 961 401 988 dicentes
416 971 422 988 :
437 961 515 988 Scire
538 962 619 990 vultis
631 982 638 994 ,
654 970 671 989 0
688 962 807 997 improbi
834 965 962 999 tyranni,

169 1007 232 1041 quis
249 1007 283 1034 sit
301 1007 353 1034 iste
371 1007 426 1035 Rev
447 1008 557 1042 gloriai?
572 1007 702 1036 Dominus
716 1009 794 1042 fortia
813 1014 837 1036 et
851 1016 963 1044 potens:

171 1053 300 1080 Dentium
309 1058 412 1087 potens,
425 1058 449 1080 ct
463 1054 551 1088 fartis,
561 1060 585 1082 et
598 1056 782 1090 insuperabilis
795 1057 820 1084 in
832 1057 932 1091 prwliis
941 1058 961 1083 ³.

170 1098 219 1126 llic
240 1099 284 1126 ille
306 1102 366 1130 est,
389 1099 435 1133 qui
451 1107 483 1127 ex
508 1100 666 1128 cmlestibus
683 1102 796 1129 orbibus
810 1103 913 1137 expulit
937 1106 963 1130 et

170 1146 285 1180 proiecit
307 1153 355 1173 vos
368 1166 374 1176 ,
398 1153 415 1171 ο
435 1146 528 1173 miseri
546 1151 572 1174 et
589 1147 675 1182 iniqui
693 1149 817 1182 tyranni!
846 1147 895 1176 Hic
918 1149 964 1176 ille

169 1193 221 1218 est.
246 1190 293 1225 qui
317 1191 344 1217 in
369 1198 448 1226 aquis
464 1190 592 1220 Jordanis
608 1193 738 1220 contrivit
759 1194 850 1228 capita
864 1193 964 1221 draco-

171 1243 234 1263 num
258 1241 391 1263 vcstrum.
413 1237 459 1264 llle
481 1237 539 1272 ipse
558 1243 618 1269 est,
641 1239 688 1273 qui
713 1246 761 1266 vos
784 1247 832 1273 per
850 1247 962 1267 crucem

170 1282 342 1316 prosrripsit,
358 1282 392 1310 de
411 1283 488 1310 vobis
501 1283 691 1318 triumphavit,
707 1289 734 1311 et
744 1288 832 1312 morte
851 1292 902 1312 vos
923 1285 964 1312 af-

171 1329 244 1355 fecit.
265 1328 314 1356 llic
331 1329 375 1356 ille
385 1332 438 1360 est,
456 1329 502 1364 qui
518 1329 616 1359 vinxit.
632 1335 658 1357 et
672 1330 792 1358 tenebris
810 1331 962 1364 damnavit,

169 1378 196 1401 et
220 1375 247 1401 in
272 1375 401 1410 abyssum
418 1374 535 1401 detrusit
551 1382 609 1401 vos.
635 1375 681 1402 llle
708 1376 765 1410 ipse
790 1380 842 1408 est,
862 1377 908 1411 qui
936 1377 963 1404 in

171 1422 259 1456 ignem
277 1427 409 1449 aeternum
425 1426 452 1449 et
471 1421 622 1456 gehennam
641 1421 812 1455 transmittit,
826 1426 853 1450 et
876 1422 964 1458 perdit

171 1476 228 1495 vos.
247 1467 337 1500 Quare
361 1475 394 1494 ne
410 1467 588 1499 cunetemini,
608 1474 658 1494 nec
684 1467 806 1501 tardate;
836 1468 882 1495 sed
902 1476 965 1503 pro-

1016 239 1109 272 γόνασι
1124 239 1153 265 τὸ
1172 239 1318 274 πρόσωπον
1335 239 1535 265 συνεκάλυπτε·
1551 239 1596 265 καὶ
1610 239 1688 270 ἄλλος
1701 239 1807 274 πρηνὴς

1015 285 1184 319 ἀνεπήγνυτο
1196 284 1252 319 (29)
1263 304 1270 315 ,
1284 284 1330 311 καὶ
1342 284 1435 318 ἕτερος
1447 284 1512 310 ὡσεὶ
1526 284 1622 319 νεκρὸς
1636 283 1807 319 ἀπέστηλοῦ-

1016 338 1064 361 το,
1095 330 1142 356 καὶ
1170 329 1248 361 ἄλλος
1269 328 1308 364 τῷ
1336 328 1436 363 θάμϐει
1462 329 1621 363 κατείχετο,
1639 329 1687 355 καὶ
1714 328 1807 363 ἕτερος

1017 369 1172 411 [οὐρανίων]
1185 375 1365 410 ἠλλοιωμένος
1380 374 1532 407 κατέκειτο,
1551 375 1598 401 καὶ
1611 375 1688 406 ἄλλος
1708 375 1810 402 ἐνδότε-

1018 429 1064 455 ρον
1076 421 1200 455 ἔφευγεν.

1058 467 1130 492 Ἐκεῖ
1142 466 1196 502 γὰρ
1211 467 1272 493 τότε
1291 467 1400 501 διέκοψε
1413 467 1530 502 Χριστὸς
1546 469 1574 494 ἐν
1587 467 1713 493 ἐκστάσει
1726 475 1808 500 κεφα-

1017 512 1064 543 λὰς
1080 512 1215 538 δυναστῶν
1226 520 1232 527 ·
1260 513 1318 539 ἐκεῖ
1343 513 1506 547 ἐσείσθησαν
1521 513 1549 539 ἐν
1563 512 1638 547 αὐτῴ
1651 512 1707 546 (50)
1721 532 1728 543 ,
1750 512 1808 537 ὲκετ

1016 557 1150 591 διήνοιξαν
1169 557 1295 591 χαλινοὺς
1313 557 1402 583 αὐτῶν
1418 556 1558 590 λέγοντες·
1585 557 1633 589 Τίς
1654 557 1740 583 ἐστιν
1756 554 1808 583 οὗ·

1016 610 1067 633 τος
1097 603 1112 627 ὁ
1142 601 1294 634 βασιλεὺς
1320 601 1374 634 τῆς
1396 601 1507 635 δόξης;
1533 601 1574 633 τίς
1600 602 1673 628 ἐστιν
1694 598 1772 633 οὗτος
1793 602 1808 627 6

1017 647 1154 679 τοσοῦτος,
1165 648 1179 673 6
1193 646 1261 682 μετὰ
1274 647 1409 673 τοσούτων
1424 646 1536 673 τοιαῦτα
1549 646 1665 673 ἐνταῦθα
1675 645 1808 672 ἐπιτελῶν

1017 693 1142 727 θαύματα
1157 693 1213 727 (3i)
1228 701 1234 725 ;
1261 693 1309 726 Τίς
1333 691 1424 726 οὗτός
1439 693 1526 720 ἐστιν
1542 695 1558 720 ό
1580 693 1732 725 ,βασιλεὺς
1754 692 1807 726 τῆς

1017 738 1126 772 δόξης,
1143 739 1158 764 6
1176 739 1206 764 ἐν
1229 738 1281 775 ᾄδῃ
1297 738 1379 765 ποιῶν
1394 738 1441 765 νῦν
1454 738 1488 765 τὰ
1511 738 1636 764 οὐδέποτε
1654 739 1683 765 ἐν
1702 737 1752 772 ᾄδῃ
1767 746 1810 771 γε-

1017 784 1130 818 νόμενα;
1145 784 1188 815 τίς
1202 781 1280 816 οὗτος
1306 785 1320 810 6
1345 785 1450 818 ἐξάγων
1467 784 1542 810 ἔνθεν
1564 784 1632 819 τοὺς
1647 784 1693 810 ἀπ’
1710 783 1808 815 αἰῶνος

1017 830 1235 865 κεκοιμημένους
1247 839 1255 863 ;
1268 830 1310 862 τίς
1324 831 1398 857 ἐστιν
1410 828 1488 861 οὗτος
1500 831 1514 856 6
1532 829 1616 861 λύσας
1631 830 1677 856 καὶ
1693 829 1810 855 καταλύ-

1018 885 1066 908 σας
1079 877 1158 912 ἡμῶν
1174 876 1229 902 τῶν
1244 877 1386 912 ἀηττήτων
1406 877 1437 902 τὸ
1457 875 1556 912 θράσος
1587 875 1635 902 καὶ
1648 874 1679 901 τὸ
1695 875 1808 909 κράτος,

1016 921 1063 948 καὶ
1077 921 1183 955 ἐξάγων
1198 922 1230 948 ἐκ
1243 921 1294 956 τῆς
1308 921 1354 947 τοῦ
1374 921 1438 956 ᾅδου
1453 920 1577 955 φυλακῆς
1593 920 1656 950 τοὺς
1675 919 1723 945 ἀπ’
1740 918 1809 945 αἰῶ-

1016 975 1060 998 νος
1078 965 1302 1001 πεπεδημένους;
1323 966 1395 1001 Πρὸς
1411 965 1458 996 οὓς
1482 964 1633 1001 ἀνέκραζον
1649 964 1676 990 αἱ
1696 963 1744 989 τοῦ
1757 965 1805 989 Δε-

1016 1012 1114 1039 σπότου
1131 1011 1262 1046 δυνάμεις
1274 1011 1422 1045 λέγουσαι·
1436 1010 1540 1037 Μαθεῖν
1558 1009 1695 1044 βούλεσθε,
1713 1006 1736 1035 ὦ
1754 1018 1808 1035 πα-

1016 1059 1128 1094 ράνομοι
1140 1059 1266 1093 τύραννοι
1276 1077 1284 1090 ,
1298 1057 1341 1089 τίς
1356 1057 1430 1084 ἐστιν
1445 1056 1500 1092 (52)
1525 1054 1601 1088 οὗτος
1620 1055 1746 1091 βασιλεὺς
1758 1055 1807 1090 τῆς

1013 1104 1109 1139 δόξηςς
1128 1104 1236 1137 Κύριος
1253 1102 1393 1137 κραταιὸς
1410 1102 1460 1129 καὶ
1473 1102 1619 1134 δυνατός·
1635 1102 1742 1135 Κύριος
1756 1100 1807 1127 δυ-

1015 1150 1103 1183 νατύς
1134 1150 1183 1177 καὶ
1205 1149 1332 1184 ἰσχυρὸς
1369 1148 1418 1175 καὶ
1437 1147 1585 1182 ἀήττητος
1599 1148 1634 1174 ὲν
1653 1147 1806 1180 πολέμοις.

1015 1194 1098 1228 οὗτος
1113 1196 1214 1228 ἐκεῖνός
1231 1197 1305 1222 ἐστιν
1329 1194 1344 1221 6
1362 1195 1395 1221 ἐκ
1423 1194 1477 1221 τῶν
1494 1194 1627 1229 οὐρανίων
1643 1193 1745 1227 ἀψίδων
1764 1192 1809 1224 ἐξ-

1014 1241 1108 1277 ορίσας
1121 1241 1168 1268 καὶ
1182 1240 1339 1276 ἀπορρίψας
1355 1241 1439 1275 ὑμᾶς,
1450 1236 1473 1266 ὦ
1488 1240 1600 1266 δείλαιοι
1619 1239 1666 1265 καὶ
1686 1239 1807 1274 παράνο-

1017 1296 1060 1322 μοι
1079 1286 1221 1322 τύραννοιί
1242 1287 1360 1318 Ἐκεῖνος
1380 1282 1457 1317 οὗτός
1476 1286 1550 1312 ἐστιν
1569 1286 1583 1311 6
1597 1285 1626 1311 ὲν
1641 1285 1718 1311 ὓδασι
1739 1284 1807 1318 Ἰορ·

1014 1333 1093 1359 δάνον
1112 1331 1258 1367 συντρίψας
1272 1331 1322 1364 τὰς
1344 1331 1465 1366 κεφαλὰς
1480 1332 1534 1358 τῶν
1546 1331 1701 1366 δρακόντων
1719 1330 1810 1366 ὑμῶν.

1016 1374 1100 1407 Οὗτος
1115 1377 1217 1409 ἐκεῖνος
1233 1378 1306 1404 ἐστιν
1322 1378 1336 1404 6
1351 1377 1394 1404 διὰ
1408 1376 1525 1413 σταυροῦ
1547 1376 1724 1411 στηλιτεύσας
1735 1395 1743 1406 ,
1761 1376 1809 1402 καὶ

1016 1423 1222 1458 θριαμϐεύσας,
1249 1424 1295 1450 καὶ
1321 1423 1461 1458 νεκρώσας
1485 1423 1566 1456 ὑμᾶς.
1589 1423 1707 1454 Ἐκεῖνος
1731 1420 1808 1454 οὗτές

1016 1470 1090 1495 ἐστιν
1105 1469 1118 1495 6
1132 1469 1216 1504 δήσας
1226 1489 1233 1500 ,
1248 1469 1295 1495 καὶ
1310 1469 1435 1503 ζοφώσας
1448 1488 1454 1501 ,
1471 1468 1519 1495 καὶ
1531 1470 1564 1503 τῇ
1584 1467 1694 1501 ἁὸύσσερ
1717 1475 1808 1502 παρα-

170 1518 273 1548 perale,
289 1518 316 1540 et
332 1513 438 1540 vinctos
453 1511 572 1543 educite.
586 1520 656 1547 quos
672 1512 706 1539 ad
719 1512 770 1540 hoc
784 1521 872 1547 usque
895 1519 962 1541 tem-

1017 1514 1127 1549 πέμψας
1139 1515 1221 1549 ὑμᾶς.
1239 1512 1322 1546 Οὗτος
1335 1514 1439 1545 ἐκεῖνός
1449 1515 1522 1540 ἐστιν
1534 1514 1548 1540 6
1566 1514 1633 1548 πυρὶ
1645 1513 1748 1548 αἰωνίῳ
1762 1513 1808 1540 καὶ

171 1568 221 1594 pus
248 1559 317 1586 male
341 1558 533 1585 absorbuistis.
562 1556 688 1584 Vestrum
715 1557 787 1584 enim
816 1558 961 1592 imperium

168 1607 224 1637 jam
247 1603 412 1630 dissolutum
435 1607 493 1636 est;
516 1606 605 1630 vestra
633 1603 756 1638 tyrannis
783 1603 838 1637 jam
865 1603 961 1635 desiit;

171 1649 327 1683 arrogantia
355 1654 445 1675 vestra
476 1648 596 1683 graviter
628 1656 753 1683 repressa
780 1652 844 1681 est;
872 1653 962 1675 vestra

169 1694 300 1729 jactantia
321 1694 355 1720 ad
378 1694 457 1721 linem
486 1693 611 1727 devenit;
644 1698 764 1722 vestrum
791 1694 875 1721 robur
897 1702 962 1721 con-

171 1739 309 1766 culcatum
340 1743 400 1771 est,
421 1743 448 1766 et
474 1738 588 1765 interiit.
617 1737 792 1765 Haecbomini
813 1742 962 1773 potestates

171 1785 294 1812 adversis
312 1785 492 1820 potestatibus
517 1784 654 1814 dicebant,
681 1784 816 1818 simrulque
833 1792 962 1819 propera-

171 1832 246 1859 bant.
268 1831 299 1857 Et
323 1831 348 1857 lii
363 1830 472 1864 quidem
488 1837 625 1857 carcerem
642 1836 674 1856 ex
692 1829 758 1864 ipsis
775 1829 962 1856 fundamentis

171 1877 330 1908 diruebant;
348 1876 385 1902 illi
402 1884 465 1902 vero
481 1875 636 1902 contrarias
651 1879 800 1910 potestates
813 1883 962 1910 perseque-

171 1924 279 1955 bantur,
296 1930 356 1958 qtue
373 1930 406 1949 ex
424 1921 609 1948 exterioribus
628 1921 784 1948 recessibus
801 1921 827 1946 in
848 1921 961 1947 interio—

170 1977 215 1998 res
231 1969 380 2004 fugiebant.
402 1967 456 1994 Alii
479 1967 603 2000 latibula,
618 1971 645 1994 et
661 1967 785 1997 castella,
803 1970 830 1993 cl
849 1967 962 2001 spelun-

170 2023 218 2044 cas
235 2014 496 2049 perscrutabantur,
513 2017 540 2040 et
557 2013 738 2040 cursitabant.
758 2013 821 2043 Alii,
837 2013 906 2040 alter
920 2013 962 2039 al-

171 2063 261 2087 terum
291 2058 400 2086 aliunde
429 2057 544 2084 Damino
571 2058 690 2084 vinctum
716 2056 886 2089 offerebant,
915 2058 961 2084 alii

171 2111 316 2142 tyrannum
341 2105 458 2132 vinculis
482 2103 676 2131 insolubilibus
694 2103 860 2135 vinciebant,
879 2104 924 2130 alii
947 2111 961 2131 a

171 2152 271 2179 satculo
281 2151 390 2179 vinctos
400 2150 597 2183 dissolvebant,
610 2153 637 2177 et
652 2149 697 2176 alii
709 2150 810 2177 dabant
821 2150 959 2183 mandata,

171 2197 216 2223 alii
235 2196 457 2231 obsequebantur
480 2203 561 2230 quam
579 2195 732 2227 celerrime.
755 2199 783 2223 et
803 2194 831 2222 bi
849 2195 959 2230 quidem

172 2243 244 2270 intro
259 2241 420 2277 ingredienti
437 2240 550 2268 Domino
567 2241 781 2275 pracurrebant,
801 2241 828 2267 hi
846 2248 910 2268 vero
931 2245 960 2267 ut

172 2295 262 2323 regem
273 2291 300 2314 et
317 2287 400 2314 Deum
415 2286 546 2314 victorem
566 2285 725 2313 circumfusi
741 2285 937 2320 sequebantur.

1015 1560 1111 1596 γεέννῃ
1127 1560 1320 1595 παραπέμπων
1337 1560 1383 1586 καὶ
1394 1559 1518 1586 ἀπολλῶν
1534 1559 1590 1595 (55)
1605 1559 1687 1594 ὑμᾶς.
1705 1558 1807 1585 Λοιπὸν

1016 1605 1052 1641 μὴ
1076 1606 1187 1641 μέλλετε
1201 1626 1207 1638 ,
1229 1607 1296 1641 μηδέ
1313 1607 1462 1640 ἀναμένετε
1474 1625 1481 1637 ,
1496 1604 1565 1632 ἀλλὰ
1590 1604 1725 1631 σπεύσατε
1737 1624 1744 1636 ,
1761 1604 1808 1631 καὶ

1013 1653 1076 1683 τοὺς
1099 1652 1227 1687 δεσμίους
1245 1651 1375 1683 ἐξάξατε,
1400 1651 1446 1683 οὒς
1462 1651 1543 1686 μέχρι
1570 1651 1618 1676 καὶ
1640 1649 1687 1676 νῦν
1713 1649 1808 1680 κακῶς

1013 1698 1165 1724 κατεπίετε.
1176 1698 1212 1724 Τὸ
1227 1698 1282 1733 γὰρ
1295 1697 1427 1733 ὑμέτερον
1446 1697 1546 1732 κράτος
1559 1697 1650 1723 λοιπὸν
1663 1696 1809 1722 καταλέλυε

1012 1752 1057 1769 ται
1068 1752 1075 1759 ο
1093 1744 1110 1779 ὴ
1128 1743 1204 1778 ὑμῶν
1218 1743 1344 1779 τυραννὶς
1361 1743 1454 1769 λοιπὸν
1481 1745 1635 1769 πέπαυταν
1657 1742 1688 1768 τὸ
1705 1742 1805 1776 ὑμέτε-

1014 1798 1059 1824 ρον
1075 1789 1208 1824 φρύαγμα
1221 1788 1314 1820 δεινῶς
1328 1790 1518 1824 κατήργηται·
1536 1789 1553 1823 ἡ
1570 1788 1646 1821 ὑμῶν
1666 1787 1805 1822 μεγαλαυ-

1012 1834 1059 1869 χία
1085 1835 1125 1866 είς
1151 1834 1228 1866 τέλος
1246 1834 1403 1860 ἐκλέλοιπεν
1420 1834 1491 1870 (54)·
1508 1835 1525 1868 ἡ
1552 1833 1628 1868 ὑμῶν
1655 1834 1732 1868 ἰσχὺς
1759 1841 1807 1858 πε-

1013 1880 1133 1914 πάτηται
1164 1879 1210 1905 καὶ
1239 1879 1370 1905 ἀπόλωλε.
1398 1879 1491 1905 Ταυτα
1514 1879 1541 1905 al
1569 1878 1730 1904 δεσποτικαὶ
1757 1877 1804 1904 τοῦ

1013 1925 1148 1952 Aea-7:61:00
1168 1925 1297 1960 δυνάμεις
1311 1926 1371 1956 ταῖς
1390 1924 1525 1955 ἐναντίαις
1539 1924 1685 1958 δυνάμεσιν
1700 1923 1803 1958 ἔλεγον.

1012 1971 1080 2006 ὁμοῦ
1093 1980 1123 1996 τε
1137 1971 1184 1997 καὶ
1197 1970 1390 1998 κατέσπευδον.
1406 1970 1461 1997 Kal
1477 1970 1502 1996 οἱ
1519 1969 1567 2005 μὲν
1578 1969 1608 1996 τὸ
1619 1969 1805 2005 δεσμωτήριον

1012 2016 1042 2048 ἐξ
1068 2016 1159 2042 αὐτῶν
1186 2016 1240 2042 τῶν
1266 2015 1399 2051 Οεμελίων
1425 2016 1631 2041 κατέσκαπτον·
1658 2016 1683 2041 οἱ
1702 2015 1731 2041 δὲ
1755 2016 1804 2046 τὰς

1013 2062 1138 2092 ἐναντίας
1153 2061 1278 2094 ἐξουσίας
1291 2061 1456 2087 κατεδίωκον
1475 2060 1506 2086 ἐκ
1520 2059 1574 2086 τῶν
1597 2060 1738 2094 ὲξωτέρων
1756 2069 1805 2087 τα-

1014 2106 1097 2141 μείων
1112 2105 1265 2140 φευγούσας
1285 2105 1434 2140 ἐνδότερον.
1450 2105 1504 2131 Καὶ
1520 2104 1596 2131 ἄλλοι
1617 2105 1667 2136 τὰς
1689 2105 1807 2131 καταδύ-

1014 2159 1087 2183 σεις,
1105 2151 1153 2177 καὶ
1171 2150 1205 2176 τὰ
1229 2149 1363 2185 φρούρια.
1386 2149 1433 2176 καὶ
1449 2149 1483 2176 τὰ
1507 2149 1628 2184 σπήλαια
1649 2148 1804 2184 διερεύνων,

1014 2196 1060 2222 καὶ
1075 2195 1194 2230 ἔτρεχον.
1213 2195 1267 2221 Kal
1280 2195 1367 2230 ἕτεροι
1382 2194 1460 2226 ἄλλος
1470 2194 1548 2221 ἄλλον
1561 2194 1672 2221 ἄλλοθεν
1690 2194 1805 2229 δέσμιον

1013 2242 1052 2277 τῷ
1074 2241 1197 2276 Δεσπότῃ
1221 2240 1389 2276 προσέφερον
1404 2259 1411 2272 ,
1441 2241 1489 2266 καὶ
1507 2240 1582 2266 ἄλλοι
1603 2240 1649 2267 τὸν
1673 2240 1807 2275 τύραννον

1012 2288 1121 2323 δεσμοῖς
1137 2288 1245 2319 ἀλύτοις
1261 2287 1334 2313 έδεον
1348 2306 1354 2318 ,
1380 2287 1427 2313 καὶ
1454 2287 1542 2322 ἕτεροι
1565 2286 1627 2318 τοὺς
1643 2286 1692 2312 ἀπ’
1709 2287 1807 2317 αἰῶνος

171 2334 297 2368 δεσμίους
313 2333 428 2359 ἀπέλυον
441 2341 448 2348 ·
469 2333 516 2359 καὶ
542 2332 616 2359 ἄλλοι
638 2331 804 2362 ἐπέταττον.
835 2333 882 2358 καὶ
909 2333 997 2369 ἕτεροι
1017 2334 1170 2369 ὑπούργουν
1200 2334 1238 2365 ὡς
1261 2334 1396 2368 τάχιστα*
1416 2333 1463 2360 καὶ
1491 2333 1515 2358 οἱ
1542 2333 1592 2367 μὲν
1614 2332 1806 2369 εἰσερχομένου

171 2380 217 2406 τοῦ
234 2378 368 2405 Δεσπότω.»
385 2377 522 2413 ἐνδότερον
539 2377 720 2412 προέτρεχον,
743 2377 768 2403 οἱ
787 2377 814 2403 δὲ
832 2377 870 2409 ὡς
888 2378 992 2413 βασιλεῖ
1006 2380 1052 2406 καὶ
1066 2379 1125 2414 Θεῷ
1139 2379 1280 2415 νικηφόρῳ
1298 2379 1472 2414 παρείποντο.

208 2425 270 2452 Haec
287 2424 370 2459 igitur
380 2424 413 2450 ad
429 2431 491 2451 eum
508 2423 629 2454 modum,
650 2426 732 2457 atque
746 2422 789 2450 bis
806 2423 883 2457 plura
899 2431 962 2451 eum

173 2472 200 2498 iu
218 2470 325 2498 inferno
339 2470 444 2501 fierent,
461 2475 612 2502 omnesque
630 2468 793 2499 clamarent,
813 2469 963 2497 tumultua-

172 2521 268 2544 rentur
295 2519 323 2543 et
338 2514 517 2548 trepidarent,
537 2520 600 2539 cum
619 2512 737 2540 adventu
758 2521 809 2541 suo
831 2513 963 2542 Dominus

173 2563 266 2590 iulima
282 2561 341 2596 ipsa
355 2560 414 2586 loca
426 2562 620 2593 penetraturus
631 2562 717 2591 esset,
727 2559 812 2585 Adam
830 2560 886 2592 ille,
898 2560 962 2595 quia

172 2610 236 2634 ante
252 2612 348 2632 omnes
364 2604 489 2631 homines
511 2603 601 2638 primo
623 2607 745 2636 creatus,
768 2609 795 2631 et
813 2605 901 2640 primo
921 2606 962 2632 fa-

212 2683 300 2711 ‘Psal.
320 2690 397 2713 xxm,
415 2681 441 2713 8,
462 2683 501 2710 l0.
545 2682 630 2710 'ibid.

209 2761 266 2798 (29)
283 2771 326 2796 γρ.
342 2761 525 2798 ἁπειτήγνυτο.

220 2796 265 2834 50)
281 2806 325 2833 πο.
342 2796 422 2834 αὐτῇ.

220 2799 265 2834 50)
281 2806 325 2833 πο.
342 2799 422 2830 αὐτῇ.

209 2799 265 2868 ξω)
282 2842 325 2868 γρ.
345 2830 506 2865 πράγματα.

1052 2425 1159 2451 Τούτων
1184 2425 1215 2460 δὴ
1239 2424 1331 2451 λοιπὸν
1349 2424 1452 2456 οὕτως,
1469 2423 1536 2451 ἀλλὰ
1553 2423 1600 2450 καὶ
1616 2424 1687 2459 ὑπὲρ
1704 2423 1807 2452 τούτων

1016 2471 1045 2496 ἐν
1058 2470 1098 2505 τῷ
1184 2470 1333 2506 γινομένων
1346 2479 1375 2497 τε
1400 2470 1446 2496 καὶ
1473 2470 1628 2505 βοωμένων,
1643 2469 1812 2505 θρυλλουμέ-

1017 2525 1069 2543 νων
1088 2516 1216 2543 ἁπάντων
1234 2516 1282 2542 καὶ
1309 2515 1457 2551 σειομένων
1469 2535 1476 2547 ,
1501 2515 1538 2547 ὡς
1555 2517 1571 2550 ἡ
1598 2515 1736 2550 παρουσία
1758 2514 1806 2542 τοῦ

1016 2561 1152 2587 Δεσπότου
1167 2560 1237 2587 αὐτὰ
1256 2560 1290 2586 τὰ
1315 2560 1459 2587 κατώτατα
1472 2560 1527 2586 τῶν
1539 2560 1704 2587 κατωτάτων
1723 2567 1811 2586 κατα-ι

1016 2605 1165 2640 λαμὸάνειν
1183 2605 1310 2641 ἔμελλεν,
1326 2606 1340 2631 6
1366 2605 1452 2641 Ἀδὰμ
1475 2606 1594 2637 ἐκεῖνος,
1611 2606 1626 2632 6
1641 2605 1752 2633 πάντων
1762 2603 1808 2629 ἀν-

1053 2759 1109 2793 (5'2)
1124 2759 1153 2787 F.
1169 2759 1212 2790 τίς
1227 2759 1300 2785 ἐστιν
1312 2756 1394 2791 οὗτος.

1063 2795 1107 2826 55)
1125 2802 1169 2829 γρ.
1187 2794 1344 2821 ἀπολωλών,

1064 2828 1108 2863 34)
1126 2838 1169 2864 rp.
1186 2829 1335 2857 ὲκλέλυται.
