1929 3038
104 165 151 190 -ΞίῖΙ
659 169 799 198 ΙΙΟΜΙΜΛ
821 169 841 197 ll
858 169 892 195 IN

947 169 1079 197 .\BBATO
1098 169 1227 198 MAGNO.

850 229 896 256 καὶ
912 233 933 260 Α
949 234 1019 261 ctus,
1035 229 1177 264 primoque
1192 233 1318 256 mortuus
1333 233 1384 262 est,
1397 230 1510 257 interior
1524 231 1661 263 munibus,
1674 239 1736 258 cum

103 229 220 265 θρώπων
248 230 450 266 πρωτόκτιστος
468 250 475 263 ,
509 229 556 256 καὶ
587 229 798 265 πρωτόπλαστος
813 250 820 261 ,

102 275 293 311 πρωτόθνητος
315 276 453 312 ὲνδότερος
479 275 588 302 πάντων
601 295 609 306 ,
639 275 708 310 μετὰ
730 275 830 310 πολλῆς
846 274 895 309 τῆς

101 320 253 353 ἀσφαλείας
273 321 383 355 δέσμιος
401 320 586 355 κατεχόμενος
597 340 604 351 ,
619 320 704 354 ἤκουε
721 319 774 346 τῶν
788 320 835 346 τοῦ
850 321 896 346 Δε-

103 366 202 392 σπότου
217 365 305 392 ποδῶν
324 366 390 401 πρὸς
405 367 469 397 τοὺς
480 366 606 401 δεσμίους
623 366 830 401 εἰσερχομένων,
848 366 895 392 καί¹

102 412 235 448 ἐγνώρισε
251 411 300 447 τὴν
315 411 405 447 φωνὴν
423 412 506 439 αὑτοῦ
525 413 553 439 ἐν
567 411 606 448 τῷ
624 412 803 448 δεσμωτηρίῳ
820 421 895 448 περι-

103 458 272 490 πατοῦντος,
290 459 337 485 καὶ
365 459 495 494 στραφεὶς
521 458 590 493 πρός
616 458 738 490 ἅπαντας
762 459 824 490 τοὺς
848 459 896 484 σὺν

101 505 176 540 αὐτῷ
193 505 241 532 ἀπ’
257 505 356 535 αἰῶνος
369 504 496 540 δεσμίους
512 505 593 540 φησί·
611 504 705 539 Φωνὴν
720 504 808 530 ποδῶν
824 513 895 535 τινος

101 551 194 578 ἀκούω
210 551 278 586 πρὸς
293 551 367 586 ἡμᾶς
390 551 600 587 εἰσερχομένου“
619 551 666 576 καὶ
688 550 735 577 ὲὰν
757 551 824 582 ὅλως
851 552 894 577 ὲν-

100 597 190 624 ταῦθα
207 598 309 628 ἐκεῖνος
326 597 529 631 παραγενέσθαι
549 596 729 631 κατηξίωσεν,
748 597 827 631 ἡμεῖς
842 597 895 623 τῶν

100 643 210 679 δεσμῶν
241 643 495 678 ἠλευθερώθημεν·
524 642 570 669 ἐὰν
601 642 669 674 ὅλως
701 643 804 669 ἐκεῖνον
836 643 894 677 μεθ’

101 691 180 725 ἡμῶν
195 689 317 725 ὀψόμεθα
331 709 337 721 ,
361 690 441 724 ἡμεῖς
455 689 501 715 τοῦ
521 689 584 724 ᾇδου
603 688 785 724 λυτρούμεθα,
803 688 895 715 Ταῦτα

101 736 199 764 καὶτὰ
215 735 327 763 τοιαῦτα
353 735 401 761 τοῦ
428 734 513 770 ’Λδὰμ
534 735 601 770 πρὸς
625 734 729 765 πάντας
750 735 812 766 τοὺς
831 743 895 769 συγ-

101 782 264 813 καταδίκους
281 781 363 808 αὑτοῦ
390 780 534 814 λέγοντος,
562 780 685 815 εἰσῆλθεν
714 780 728 806 ὁ
758 780 894 815 Δεσπότης

101 827 170 862 πρὺς
184 827 299 858 αὐτοὺς,
318 827 347 852 τὸ
372 825 511 860 νικητικὸν
532 825 612 851 ὅπλον
628 825 674 851 τοῦ
691 825 808 860 σταυροῦ
828 834 894 851 κατ-

100 874 181 908 έχων.
209 873 257 899 Ὃν
278 872 339 898 ἰδὼν
364 873 377 898 ὁ
400 871 485 906 Ἀδὰμ
509 872 523 898 ὁ
538 870 766 907 πρωτόπλαστος,

99 917 233 953 ἐκπλήξει
251 917 281 944 τὸ
310 916 406 952 στῆθος
428 916 531 951 τύψας,
560 916 656 951 ἐϐόησε
685 917 752 952 πρὸς
779 917 893 948 πάντας,

100 965 148 991 καὶ
165 962 242 990 εἶπεν
257 971 264 980 ⁸
292 963 321 990 Ὀ
345 962 448 999 Κύριός
464 972 515 997 μου
533 962 601 997 μετὰ
616 962 734 989 πάντων.
761 962 816 988 Καὶ
833 963 894 988 ἁπο-

100 1009 206 1045 κριθεὶς
223 1010 237 1035 ὁ
251 1008 385 1044 Χριστὸς,
399 1008 472 1042 λέγει
497 1008 536 1042 τῷ
557 1008 642 1043 Ἀδάμ
655 1016 661 1023 ·
679 1008 732 1034 Καὶ
754 1008 823 1043 μετὰ
846 1007 893 1033 τοῦ

99 1056 255 1090 πνεύματός
275 1064 321 1082 σου
333 1064 339 1070 ·
365 1055 412 1081 καὶ
428 1054 568 1090 κρατήσας
583 1054 664 1081 αὑτοῦ
681 1054 730 1088 τῆς
743 1054 833 1089 χειρδς
848 1055 892 1080 ἀν-

101 1090 210 1138 ίστησι,
233 1102 334 1136 λέγων·
354 1102 484 1136 Ἔγειρε,
509 1102 523 1127 ὁ
546 1101 699 1132 καθεύδων,
725 1101 772 1126 καὶ
792 1101 893 1127 ἀνάστα

100 1150 132 1176 ὲκ
146 1149 200 1174 τῶν
214 1147 334 1183 νεκρῶν,
349 1148 396 1174 καὶ
419 1146 565 1181 ἐπιφαύσει
587 1155 627 1173 σοι
643 1147 657 1172 ὁ
670 1146 796 1181 Χριστός.
824 1146 894 1180 Ἐγὼ

99 1197 114 1222 ό
128 1196 196 1226 Θεός
218 1203 281 1228 σου,
298 1195 312 1220 ὁ
324 1193 368 1220 διὰ
392 1194 422 1219 σὲ
439 1193 586 1228 γενόμενος
604 1192 660 1223 υίός
678 1200 739 1224 σου,
757 1193 770 1218 ὁ
794 1192 838 1218 διὰ
864 1193 893 1218 σὲ

99 1244 147 1269 καὶ
167 1243 230 1274 τοὺς
257 1241 311 1268 άπὸ
340 1240 404 1271 σοῦ,
430 1240 477 1266 νῦν
505 1239 592 1274 λέγων
615 1239 662 1265 καὶ
687 1240 746 1265 κατ’
772 1238 893 1270 ἐξουσίαν

100 1289 258 1324 ἐπιτρέπων
272 1289 328 1319 τοῖς
351 1287 379 1312 ὲν
394 1287 518 1321 δεσμοῖς·
549 1285 687 1317 Ἐξέλθετε
698 1306 704 1316 ,
721 1285 768 1311 καὶ
787 1286 844 1317 τοῖς
866 1286 893 1311 ἐν

101 1335 193 1361 σκότει
207 1343 212 1349 -
230 1332 384 1368 Φωτὶπθητε
395 1352 401 1363 ,
429 1332 476 1358 καὶ
504 1332 560 1363 τοῖς
587 1331 801 1367 κεκοιμημένοις
817 1330 871 1366 (55)
886 1339 892 1347 ·

107 1380 254 1413 Ἀνάστητε
265 1387 271 1394 '
289 1379 330 1405 col.
345 1377 535 1412 διακελεύομαι
548 1386 554 1392 ’
571 1377 691 1412 Ἔγειρε,
708 1378 722 1403 ὁ
738 1376 891 1404 καοεύδων·

101 1426 131 1452 οὺ
147 1425 202 1461 γὰρ
225 1424 269 1451 διὰ
287 1424 366 1451 τοῦτό
390 1432 418 1450 σε
438 1423 575 1459 πεποίηκα
589 1443 595 1454 ,
617 1423 660 1449 ἵνα
680 1423 709 1449 ὲν
725 1422 774 1458 ᾅδῃ
793 1423 894 1458 κατέχῃ

100 1472 222 1507 δέσμιος.
243 1470 359 1497 ’Λνάστα
379 1471 410 1496 ὲκ
435 1470 490 1496 τῶν
505 1469 608 1505 νεκρῶν
621 1477 628 1485 ’
645 1469 700 1502 ἐγώ
723 1469 812 1504 είμιὴ
838 1468 893 1503 ζωὴ

100 1518 155 1544 τῶν
178 1515 292 1551 νεκρῶν.
322 1515 456 1547 Ἀνάστα,
488 1514 600 1549 πλάσμα
623 1513 653 1540 τὸ
677 1513 759 1548 ἐμὸν,
781 1513 892 1544 ἀνάστα,

102 1562 195 1598 μορφὴ
251 1561 318 1597 ἐμὴ,
339 1560 384 1587 καὶ
415 1561 473 1587 κατ’
498 1560 589 1586 εἰκόνα
615 1560 684 1595 ἐμὴν
708 1559 888 1594 γεγενημένη.

103 1610 226 1645 Ἔγειρε,
250 1608 361 1643 ἄγωμεν
377 1606 518 1633 ἐντεῦθεν·
539 1606 571 1632 σὺ
596 1606 650 1642 γὰρ
668 1607 697 1632 ὲν
721 1606 799 1640 ἐμοὶ,
818 1605 895 1639 κάγὼ

102 1655 129 1681 ὲν
144 1654 185 1680 σοὶ
198 1673 206 1685 ,
220 1654 249 1679 ἒν
265 1653 313 1679 καὶ
331 1652 482 1687 ἀδιαίρετον
498 1651 656 1688 ὑπάρχομεν
672 1651 816 1686 πρόσωπον
829 1659 835 1665 ·
851 1649 895 1676 διὰ

103 1699 133 1725 σὲ
150 1699 164 1724 ὁ
179 1698 246 1729 Θεός
267 1706 313 1724 σου
329 1697 427 1731 γέγονα
450 1697 506 1728 υἱός
523 1705 567 1722 σου
580 1705 586 1710 ·
603 1695 647 1722 διὰ
662 1696 692 1722 σὲ
710 1697 723 1722 ὁ
745 1695 893 1731 Δεσπότης,

102 1745 200 1771 ἔλαϐον
219 1744 268 1779 τὴν
286 1743 334 1778 σὴν
363 1743 471 1778 μορφὴν
487 1742 532 1768 τοῦ
548 1742 640 1768 δούλου
654 1750 660 1756 “
678 1742 721 1768 διὰ
740 1742 768 1768 σὲ
787 1743 800 1768 ό
815 1743 895 1777 ὑπερ-

102 1792 159 1818 άνω
172 1790 227 1816 τῶν
241 1789 364 1825 οὐρανῶν
385 1786 467 1824 ἦλθον
495 1789 540 1814 ἐπὶ
553 1789 602 1823 γῆς
618 1789 665 1815 καὶ
680 1788 806 1814 ὑποκάτω
820 1788 870 1823 γῆς
887 1797 893 1802 ·

102 1836 146 1862 διὰ
172 1835 203 1862 σὲ
220 1835 265 1862 τὸν
289 1834 431 1870 ἄνθρωπον
451 1834 550 1868 γέγονα
566 1833 632 1860 ὡσεὶ
655 1833 797 1869 ἄνθρωπος
817 1833 896 1868 ἀϐοή-

103 1881 200 1916 θητος,
218 1882 247 1908 ὲν
268 1882 374 1917 νεκροῖς
390 1880 547 1915 ἐλεύθερος·
568 1879 612 1906 διὰ
629 1880 658 1906 σὲ
676 1880 722 1906 τδν
735 1879 789 1906 άπδ
805 1880 893 1915 κήπου

103 1928 245 1962 ἐξελθόντα
266 1928 319 1954 ἀπὸ
342 1928 431 1963 κήπου
460 1927 596 1958 Ἰουδαίοις
613 1926 764 1962 παρεδόθην
777 1947 784 1959 ,
800 1926 846 1953 καὶ
866 1926 894 1952 ἐν

103 1977 184 2010 κήπῳ
217 1973 403 2009 ὲσταυρώθην.
438 1973 491 2000 Ἴδε
521 1973 567 1999 τοῦ
598 1972 743 2009 προσώπου
779 1981 829 2008 μου
861 1971 895 1999 τὰ

103 2020 287 2055 ἐμπτύσματα
297 2041 304 2052 ,
323 2020 393 2055 ἆπερ
405 2019 448 2046 διὰ
466 2019 494 2046 σὲ
508 2020 705 2054 κατεδεξάμην,
719 2019 763 2045 ἵνα
777 2027 807 2045 σε
824 2019 893 2045 ἀπο-

104 2067 267 2102 καταστήσω
291 2067 331 2097 εἰς
346 2066 375 2092 τὸ
390 2067 502 2101 ἀρχαῖον
518 2065 678 2101 ἐμφύσημα.
702 2065 753 2091 Ἴδε
773 2074 824 2100 μου
840 2064 894 2092 τῶν

104 2112 236 2145 σιαγόνων
251 2110 284 2137 τὰ
298 2110 467 2146 ῥαπίσματα,
485 2110 503 2136 ὃ.
515 2109 716 2144 κατεδεξάμην,
729 2110 773 2136 ἵνα
787 2118 834 2136 σου
845 2111 894 2144 τὴν

102 2154 314 2192 διαστραφεῖσαν
341 2154 446 2190 μορφὴν
469 2153 650 2190 ὲπανορθώσω
671 2155 709 2186 εἰς
734 2154 764 2180 τὸ
779 2154 837 2180 κατ’
856 2154 894 2180 εἱ-

103 2203 168 2229 κόνα
186 2210 246 2237 μου.
266 2201 319 2227 Ἴδε
333 2209 384 2235 μου
397 2200 444 2226 τοῦ
458 2199 543 2226 νώτου
559 2199 608 2235 τὴν
622 2199 827 2235 φραγγέλλωσιν
839 2220 847 2233 ,
861 2199 893 2234 ἣν

103 2248 290 2282 κατεδεξάμην
303 2267 309 2279 ,
327 2247 370 2273 ἵνα
388 2246 529 2282 σκορπίσω
553 2246 607 2272 τῶν
631 2245 773 2282 ἁμαρτιῶν
799 2255 846 2272 σου
862 2246 893 2272 τὸ

103 2294 213 2330 φορτίον
229 2293 259 2320 τὸ
287 2293 334 2319 ἐπὶ
359 2292 405 2319 τοῦ
428 2292 513 2318 νώτου
536 2292 671 2326 κείμενον.
699 2292 751 2318 Ἴδε
777 2301 827 2327 μου
844 2293 893 2324 τὰς

103 2337 326 2374 προσηλωθείσας
350 2338 443 2372 χεῖρας
468 2337 496 2363 ἐν
519 2336 558 2372 τῷ
578 2336 649 2371 ξύλῳ
671 2336 777 2369 καλῶς,
801 2337 845 2363 διὰ
863 2337 891 2363 σὲ

101 2384 147 2410 τὺν
165 2382 324 2409 ἐκτείναντα
340 2382 389 2417 τὴν
412 2382 490 2416 χεῖρα
514 2381 541 2407 ὲν
561 2380 598 2415 τῷ
623 2381 692 2415 ξύλῳ
709 2380 812 2412 κακῶς.
840 2381 891 2407 Ἴδε

103 2437 154 2464 μου
170 2429 234 2459 τοὺς
253 2427 493 2463 προσηλωθέντας,
519 2427 565 2453 καὶ
583 2426 746 2461 ὀρυχθέντας
760 2427 799 2461 τῷ
821 2427 892 2462 ξύλῳ

798 871 845 897 καὶ
860 873 893 907 τῇ

101 2474 199 2505 πόδας,
217 2472 261 2499 διὰ
276 2473 338 2504 τοὺς
360 2473 422 2503 σοὺς
450 2471 532 2502 πόδας
555 2471 618 2502 τοὺς
635 2475 725 2503 κακὼς
739 2473 892 2506 δραμόντας
909 2471 930 2497 D

101 2520 148 2547 ἐπὶ
173 2519 204 2545 τὸ
221 2518 298 2552 ξύλον
325 2518 374 2553 τῆς
396 2518 539 2552 παρακοῆς
561 2519 594 2552 τῇ
620 2518 686 2553 ἕκτῃ
704 2519 807 2553 ἡμέρᾳ,
874 2521 889 2553 ἡ

102 2566 226 2603 ραδείσου
243 2565 343 2597 ἄνοιξιν
360 2563 519 2598 πεπόνημαι
537 2564 602 2597 (ΞΗ).

142 2611 315 2646 Ἐγευσάμην
332 2610 376 2636 διὰ
394 2610 423 2636 σὲ
450 2609 548 2645 χολὴν,
573 2610 615 2637 ἵνα
639 2610 759 2646 ἰάσωμαί
784 2620 823 2637 σοι
841 2611 889 2647 τὴν

101 2658 144 2685 διὰ
161 2658 288 2694 βρώσεως
311 2657 419 2690 ἐκείνης
442 2657 491 2691 τῆς
507 2655 637 2690 γλυκείας
663 2656 763 2692 πικρὰν
782 2657 887 2693 ἡδονὴν.

107 2703 281 2738 Ἐγευσάμην
293 2701 384 2735 ὄξους.
404 2701 447 2728 ἴνα
464 2701 632 2737 καταργήσω
651 2702 697 2728 τοῦ
713 2702 759 2729 σοῦ
775 2702 888 2730 θανάτου

102 2751 130 2777 τὸ
153 2749 255 2786 δριμὺ,
294 2748 340 2775 καὶ
369 2746 444 2781 παρὰ
471 2747 551 2780 φύσιν
571 2748 708 2782 ποτήριον.
742 2748 889 2784 Ἑδεξάμην

134 2840 191 2896 $35)
204 2848 248 2875 π).
271 2839 416 2874 κειμένοις.

147 2875 191 2896 Ἇηὶ
207 2883 251 2896 vn,
269 2872 304 2896 ἕξ
320 2874 401 2896 πάλαι
413 2875 428 2896 ᾖ
448 2873 574 2896 dﬁcit-rm:
586 2873 706 2896 γέγονεν.
725 2873 752 2896 ἐν
768 2875 799 2896 εἰ
815 2874 825 2896 ἓ

136 2872 191 2911 (56)
269 2872 304 2910 ἧς
318 2872 429 2909 πάλαιή
448 2873 574 2910 ἀθέτησις
586 2873 706 2907 γέγονεν,
725 2873 752 2900 ὲν
768 2875 799 2908 τῇ
815 2874 880 2910 ἕκτῃ

1687 172 1739 199 4Βῖ

948 283 1044 310 magna
1054 275 1177 302 custodia
1186 275 1212 301 itt
1223 275 1339 302 vinculis
1352 275 1473 307 habitus,
1486 276 1619 303 inaudivil
1630 276 1737 304 Domini

949 321 1045 354 pedum
1058 322 1201 355 strepitum
1218 321 1251 348 ad
1261 321 1367 348 vinctos
1378 321 1577 349 advenientium
1599 327 1626 350 et
1634 330 1737 358 cogno-

947 367 983 393 vit
1000 367 1121 394 sonitum
1139 367 1200 401 ejus
1216 367 1244 393 in
1260 374 1372 394 carcere
1389 367 1601 399 deambulantis,
1620 373 1647 396 et
1667 377 1737 396 con-

947 420 1044 440 versus
1060 413 1094 440 ad
1109 420 1205 440 omnes
1218 419 1272 439 una
1291 419 1384 440 sccum
1398 420 1413 438 a
1429 412 1531 440 saeculo
1546 414 1663 444 vinctos,
1678 415 1716 441 ait
1729 422 1735 439 :

949 459 1072 486 Sonitum
1100 459 1200 493 pedutn
1228 458 1371 493 cujusdam
1397 459 1489 492 audio,
1514 459 1558 494 qui
1578 459 1610 486 ad
1628 467 1678 488 nos
1698 460 1739 488 in-

947 505 1088 541 greditur;
1103 508 1129 532 et
1148 504 1169 532 si
1186 505 1300 531 omnino
1320 505 1374 531 huc
1391 504 1435 531 ille
1453 504 1582 531 advenire
1599 504 1737 540 dignetur.

948 559 998 578 nos
1015 559 1029 578 e
1047 551 1164 578 vinculis
1180 550 1286 578 liberali
1303 558 1411 577 sumus.
1429 549 1456 577 Si
1472 550 1585 577 omnino
1600 551 1675 576 illum
1689 558 1739 576 no-

947 598 1053 624 biscum
1067 597 1165 624 adesse
1180 596 1340 628 viderimus,
1357 604 1407 623 nos
1419 604 1434 623 e
1447 596 1565 624 vinculis
1584 596 1683 623 inferni
1697 603 1740 623 re-

947 643 1087 670 dimimur.
1106 642 1167 669 lbec
1183 646 1209 669 et
1226 642 1278 668 alia
1297 642 1400 670 Adamo
1416 642 1448 669 ad
1467 650 1562 670 omnes
1578 650 1631 669 una
1645 650 1739 670 secum

948 689 1145 716 condemnatos
1157 688 1276 720 dicente,
1291 688 1430 724 ingressus
1441 692 1483 715 est
1495 687 1626 715 Dominus
1635 689 1667 715 atl
1680 697 1738 720 eos.

948 733 1069 760 victricia
1086 740 1161 759 arma
1179 734 1269 760 crucis
1283 737 1390 760 tenens.
1406 732 1492 766 Quem
1510 733 1554 760 ubi
1570 734 1637 760 vidit
1651 733 1738 760 Atiam

948 779 1052 814 primus
1068 787 1178 814 parens,
1199 787 1253 814 prae
1271 784 1383 814 stupore
1403 784 1498 814 peetus
1520 779 1678 812 verberans,
1693 788 1740 807 ex-

948 826 1076 852 clamavit.
1091 825 1124 852 ad
1143 833 1248 857 omnes,
1267 825 1390 860 dixitque
1410 834 1415 852 :
1433 825 1566 853 Dominus
1582 834 1658 853 meus
1675 834 1738 853 cmn

949 871 1087 899 omnibus.
1104 871 1136 897 Et
1151 871 1322 906 respondens
1334 871 1461 898 Christus
1479 871 1545 897 dicit
1560 870 1665 898 Adamo
1683 880 1688 897 :
1708 871 1740 898 Et

950 925 1010 944 cum
1028 918 1125 952 spiritu
1146 921 1203 944 tuo.
1221 916 1254 943 Et
1281 917 1450 952 apprehensa
1474 924 1557 944 manu
1573 918 1685 950 excitat,
1701 917 1741 944 di-

949 971 1014 991 cens
1029 973 1034 990 :
1052 964 1260 999 Expergisccrc,
1280 964 1326 999 qui
1342 963 1463 997 dormis;
1492 968 1518 990 cl.
1536 971 1617 998 surge
1636 971 1650 990 a
1666 971 1740 991 mor-

949 1010 1013 1041 tuis,
1027 1013 1052 1036 ct
1067 1010 1206 1037 illucescet
1223 1010 1270 1036 tibi
1287 1009 1426 1037 Christus.
1442 1009 1499 1044 Ego
1512 1008 1585 1037 Deus
1599 1013 1674 1041 tuus,
1691 1011 1737 1044 qui

951 1060 1062 1091 propter
1075 1060 1101 1083 te
1118 1056 1205 1083 factus
1222 1064 1282 1084 sum
1298 1056 1370 1084 filius
1388 1060 1469 1088 luus;
1494 1056 1539 1091 qui
1567 1060 1678 1090 propter
1701 1061 1737 1088 le,

948 1106 975 1128 et
990 1105 1101 1137 propter
1113 1102 1172 1134 hos,
1187 1102 1259 1137 quia
1276 1106 1301 1129 te
1317 1102 1427 1129 oriundi
1445 1106 1520 1133 sunt,
1539 1109 1612 1129 nunc
1625 1102 1698 1135 dico,
1713 1108 1739 1130 et

949 1155 996 1182 pcr
1013 1151 1175 1182 potestatem
1194 1147 1299 1183 impero
1317 1148 1351 1176 iis
1370 1148 1416 1183 qui
1443 1148 1471 1175 in
1499 1149 1616 1176 vinculis
1634 1153 1712 1176 erant
1730 1158 1737 1177 :

950 1192 1044 1225 Exite;
1062 1198 1088 1220 et
1101 1193 1147 1228 qui
1162 1193 1189 1219 in
1205 1193 1341 1220 tenebris:
1356 1192 1550 1220 llluminamini
1563 1201 1570 1226 ;
1584 1199 1611 1221 et
1625 1194 1736 1229 sopitis:

949 1238 1103 1274 Resurgite.
1120 1239 1183 1266 Tibi
1203 1239 1335 1274 praecipio
1351 1248 1358 1266 ε
1378 1239 1585 1275 Expergiscerc,
1610 1241 1655 1275 qui
1673 1241 1739 1267 dor—

948 1284 1001 1311 mis
1015 1293 1021 1311 :
1037 1284 1137 1311 clcnim
1154 1292 1209 1311 non
1226 1283 1288 1311 ideo
1306 1288 1332 1312 te
1356 1283 1419 1317 feci,
1444 1289 1473 1312 ut
1488 1286 1516 1312 in
1531 1285 1638 1312 inferno
1652 1287 1741 1313 conti-

949 1337 1031 1357 neare
1048 1330 1166 1357 vinctus.
1183 1330 1269 1365 Surge
1282 1337 1297 1356 a
1313 1330 1507 1365 mortuis;cgo
1523 1338 1583 1358 sum
1597 1331 1653 1358 vita
1668 1339 1740 1358 mor-

949 1381 1068 1402 tuorum.
1097 1376 1194 1411 Surge,
1224 1384 1291 1410 OpttS
1322 1383 1452 1402 manuum
1478 1384 1621 1409 mearum;
1646 1384 1737 1413 surge,

948 1422 1049 1457 cliigics
1077 1430 1148 1455 mea,
1172 1430 1232 1457 quae
1257 1422 1290 1449 ad
1315 1422 1461 1457 imaginem
1491 1430 1578 1450 meatu
1603 1422 1674 1450 facta
1698 1430 1737 1450 es.

950 1466 1046 1502 Surge,
1064 1475 1193 1495 exeamus
1208 1468 1288 1501 hinc;
1307 1472 1334 1494 tu
1353 1468 1424 1494 enim
1443 1468 1469 1494 iIt
1488 1475 1540 1500 me,
1559 1472 1586 1495 et
1603 1476 1652 1503 ego
1663 1469 1736 1501 inte,

949 1521 1002 1539 una
1018 1520 1043 1540 et
1055 1512 1171 1540 indivisa
1183 1521 1279 1540 sunms
1291 1521 1417 1548 persona.
1431 1513 1545 1548 Propter
1563 1518 1588 1540 te
1605 1521 1654 1548 ego
1667 1513 1738 1541 Deus

949 1564 1023 1590 tuus.
1042 1559 1131 1587 factus
1149 1567 1210 1586 smn
1227 1559 1297 1586 ﬁlius
1315 1564 1394 1591 tuus;
1418 1564 1530 1594 propter
1547 1563 1573 1587 te
1594 1559 1737 1591 Dominus.

948 1605 1073 1632 servilem
1088 1610 1160 1632 tuam
1175 1605 1293 1640 speciem
1306 1605 1427 1640 sumpsi;
1442 1609 1552 1640 propter
1564 1609 1600 1637 te,
1617 1605 1663 1641 qui
1676 1614 1737 1634 sum

947 1659 1028 1686 supra
1044 1651 1138 1683 ccelos,
1156 1651 1215 1678 veni
1230 1651 1256 1677 in
1268 1655 1381 1683 terram,
1398 1654 1424 1678 el
1436 1651 1535 1679 subtus
1549 1656 1667 1686 terram;
1679 1659 1740 1687 pro-

947 1702 1005 1731 pter
1024 1701 1049 1723 te
1069 1697 1207 1724 hominem
1234 1696 1322 1724 factus
1347 1705 1406 1723 sum
1429 1701 1559 1733 tanquam
1581 1698 1661 1725 homo
1677 1698 1739 1726 sine

946 1743 1094 1777 adjitlorio,
1113 1742 1184 1769 inter
1207 1747 1331 1770 mortuos
1354 1743 1442 1775 liber;
1465 1747 1575 1778 propter
1590 1747 1627 1776 te,
1643 1744 1690 1779 qui
1705 1752 1739 1772 ex

947 1790 1027 1816 horto
1042 1796 1170 1824 egressus
1190 1796 1229 1821 cs,
1251 1797 1284 1815 ex
1301 1789 1382 1815 horto
1402 1788 1506 1816 Iudicis
1521 1789 1647 1821 traditus,
1669 1794 1695 1817 et
1710 1790 1738 1817 in

947 1835 1026 1862 horto
1040 1835 1189 1862 crucilixus
1200 1842 1271 1861 sum.
1290 1834 1388 1868 Aspice
1405 1834 1483 1861 faciei
1497 1842 1563 1861 mea:
1575 1840 1664 1869 sputa,
1678 1843 1738 1870 quae

946 1881 1055 1915 quidem
1077 1886 1187 1915 propter
1205 1885 1230 1907 te
1244 1881 1363 1914 suscepi,
1380 1885 1409 1906 ut
1423 1885 1449 1907 te
1465 1880 1492 1906 in
1511 1880 1657 1915 pristinum
1670 1881 1737 1908 illud

946 1926 1113 1960 spiraculum
1139 1925 1323 1953 restituerem.
1344 1926 1443 1960 Aspice
1462 1933 1584 1953 mearum
1611 1927 1738 1954 maxilla~

946 1979 1005 2000 rutn
1022 1972 1125 2006 alapas,
1142 1979 1211 2006 quas
1227 1971 1357 2003 sustinui,
1375 1977 1402 1997 ut
1419 1976 1491 1998 tuam
1504 1976 1663 2007 corruptam
1677 1980 1738 2007 spe-

946 2017 1013 2043 ciem
1027 2016 1216 2048 reformarem,
1236 2016 1269 2043 ad
1287 2017 1434 2052 imaginem
1451 2024 1548 2044 meam.
1568 2017 1668 2052 Aspice
1683 2019 1736 2045 mci

947 2061 1013 2096 tergi
1029 2061 1249 2097 ﬂagellatiunem,
1268 2069 1350 2096 quam
1369 2063 1490 2097 suscepi,
1509 2063 1735 2098 utdispergcrem

946 2112 1121 2143 peccatorum
1141 2112 1250 2134 tuorum
1268 2116 1353 2141 onus,
1372 2108 1445 2143 quod
1466 2114 1541 2144 tergo
1557 2113 1603 2136 tuo
1623 2110 1736 2144 imposi-

946 2158 1002 2180 tum
1017 2157 1067 2182 est.
1090 2153 1190 2188 Aspice
1207 2154 1293 2182 clavis
1307 2154 1374 2182 bene
1392 2155 1425 2181 ad
1446 2154 1549 2189 lignum
1566 2155 1660 2182 allian
1678 2162 1737 2182 ma-

946 2208 998 2227 ntis
1016 2207 1100 2231 meas,
1118 2204 1229 2235 propter
1246 2204 1282 2232 te,
1302 2200 1348 2235 qui
1367 2208 1476 2227 manum
1494 2201 1527 2228 ad
1544 2201 1647 2235 lignum
1665 2201 1737 2228 male

945 2246 1084 2280 quondam
1098 2246 1270 2274 extenderas.
1289 2246 1388 2282 Aspice
1405 2247 1486 2281 pedes
1501 2254 1575 2274 meos
1590 2247 1694 2280 aﬂixos,
1708 2252 1736 2274 et

945 2293 1085 2326 perfossus
1100 2293 1127 2319 in
1144 2293 1218 2328 ligno
1231 2297 1342 2328 propter
1356 2297 1418 2320 tuos
1435 2293 1528 2328 pedes,
1545 2293 1590 2328 qui
1607 2293 1676 2321 male
1686 2300 1737 2320 cu—

944 2342 1088 2366 currerant
1103 2339 1137 2366 ad
1150 2339 1252 2374 lignum
1270 2339 1460 2366 inobedienliaz
1477 2343 1552 2367 sexta
1569 2340 1622 2372 die,
1638 2340 1664 2366 in
1681 2347 1734 2374 qua

944 2388 970 2411 et
990 2384 1126 2411 sententia
1143 2384 1169 2411 in
1188 2388 1213 2411 te
1233 2384 1304 2411 dicta
1326 2384 1424 2415 fuerat,
1451 2389 1479 2411 et
1501 2384 1659 2412 reformatio
1675 2389 1733 2415 tua.

944 2438 975 2457 ac
992 2430 1108 2464 paradisi
1125 2430 1272 2465 patefattio
1287 2437 1347 2457 meo
1364 2436 1404 2457 est
1422 2431 1514 2458 labore
1533 2432 1666 2466 perfecta.

911 2521 1045 2554 di:6;o.7t;
1073 2520 1200 2554 γέγονεν,
1231 2521 1276 2546 καὶ
1300 2520 1347 2555 τὴν
1369 2521 1416 2555 σὴν
1439 2521 1606 2553 ἀνάπλασιν,
1624 2525 1670 2548 καὶ
1684 2530 1740 2549 πα-

979 2613 1091 2640 Gustavi
1103 2618 1213 2648 propter
1225 2618 1251 2641 te
1260 2613 1304 2646 fel,
1313 2617 1342 2640 ut
1353 2621 1477 2640 sanarem
1488 2618 1572 2646 tuam,
1584 2622 1631 2649 per
1640 2623 1731 2643 escam

944 2660 1016 2686 illam
1027 2659 1146 2691 dulcem,
1160 2667 1280 2686 amaram
1292 2659 1469 2694 voluptatem.
1485 2659 1598 2687 Gustavi
1613 2666 1730 2692 acetum.

944 2709 972 2731 ut
987 2705 1122 2732 abolerem
1133 2711 1185 2733 tute
1199 2705 1295 2733 mortis
1307 2706 1496 2738 acerbitatem,
1511 2711 1538 2733 et
1554 2712 1657 2733 natura;
1669 2713 1734 2734 can-

944 2750 1058 2776 trarium
1084 2751 1223 2785 poculum.
1246 2750 1359 2787 Suscepi
1383 2753 1537 2788 spongiam,
1562 2755 1591 2778 ut
1613 2751 1731 2778 delerem

946 2839 1046 2881 ἡμέρᾳ.
1065 2842 1109 2867 καὶ
1129 2842 1176 2877 τὴν
1203 2842 1251 2877 σὴν
1277 2841 1374 2869 πλάσιν
1400 2843 1449 2879 τὴν
1477 2845 1504 2869 ἐν
1526 2842 1564 2877 τῷ
1578 2841 1731 2878 παραδείσῳ

936 2884 1098 2911 πεποιηίιαι.
