1929 3038
115 199 170 225 ιέιθ

593 197 735 226 HOMILIA
750 197 782 224 lll
805 192 838 221 IN
860 195 913 223 DIE
928 183 1231 224 RESURRECTIGNIS
1248 195 1395 233 CHRISTI.

1689 195 1743 225 470

113 258 148 277 σα
170 252 217 279 τὸν
236 252 370 288 Μωῠσῆν·
394 253 411 288 ἡ
434 253 463 280 δὲ
480 253 528 280 τοῦ
543 254 662 290 Χριστοῦ
693 252 841 288 Ἐκκλησία
859 252 904 278 καὶ

957 251 1079 279 Ecclesia
1095 251 1197 280 Christi
1212 252 1315 287 pariter
1330 257 1356 279 et
1371 251 1426 278 ﬁlia
1444 258 1506 279 cum
1523 251 1658 287 baptismo
1673 251 1743 280 elui-

112 297 238 333 θυγάτηρ
257 297 434 333 βαπτίζεσθαι
458 299 513 334 (54)
539 299 672 334 λαμϐάνει
699 299 826 334 Χριστὸν,
854 297 904 324 οὑκ

112 343 168 370 ἀπὺ
200 342 279 377 είϐης
304 345 485 379 τριμηνιαῖον,
511 344 549 376 ὡς
572 345 706 379 Μωῦσῆν,
728 344 786 370 ἀλλ’
806 344 838 370 ὲκ
857 343 903 370 τοῦ

111 388 200 422 τάφου
228 389 377 424 τριήμερον
398 390 459 417 ἀντὶ
481 391 596 425 Μωῦσῆ.
621 391 694 417 Ἐκεῖ
718 389 841 422 τυπικῶς
857 390 905 417 καὶ

112 435 279 470 νυκτερινῶς
300 435 330 462 τὸ
349 435 446 470 Πάσχα
462 437 477 463 6
501 436 609 472 Ἰσραὴλ
628 436 771 472 ἐποίησεν·
788 436 905 463 ἐνταῦθα

113 480 255 514 φωτεινῶς
279 489 309 507 τε
331 481 377 508 καὶ
400 482 537 518 ἡμερινῶς
562 482 594 508 τὸ
614 482 711 517 Πάσχα
727 481 902 517 ἑορτάζομεν.

118 525 194 551 Ἐκεῖ
219 525 288 560 πρὸς
315 526 435 560 ἑσπέραν
462 526 512 560 τῆς
538 526 659 562 ἡμέρας·
689 526 806 553 ἐνταῦθα
835 526 905 562 πρὸς

112 571 234 606 ἑσπέραν
245 572 298 598 τῶν
315 572 417 608 χρόνων
435 571 480 598 τοῦ
494 572 601 604 αἰῶνος.
626 573 698 599 Ἐκεῖ
708 573 736 599 αι
749 572 802 598 τῶν
818 572 904 607 φλιῶν

112 616 192 652 θύραι
208 617 246 652 τῷ
261 618 357 652 αἵματι
383 618 505 652 ἐχρίοντο
515 627 521 633 ν
546 618 663 645 ἐνταῦθα
679 619 706 644 al
721 618 775 644 τῶν
799 618 904 645 πιστῶν

112 663 223 698 καρδίαι
240 663 278 698 τῷ
294 664 340 690 τοῦ
357 663 475 698 Χριστοῦ
493 664 686 699 σφραγίζονται
701 665 808 700 αἵματι.
831 664 905 691 Ἐκεῖ

112 709 258 744 νυκτερινὴ
272 707 306 745 ἦν
324 710 414 741 θυσία,
431 711 477 737 καὶ
494 710 571 736 νυκτὶ
592 711 608 745 ἡ
630 711 680 745 τῆς
699 710 832 746 Ἐρυθρᾶς
857 710 904 737 θα-

112 754 216 789 λάσσης
232 754 371 786 διάϐασις·
389 755 505 782 ἐνταῦθα
527 756 660 791 σωτηρία,
686 756 732 782 καὶ
753 756 871 791 φωτεινὴ
886 757 902 790 ὴ

111 799 162 833 τῆς
176 800 309 836 Ἐρυθρᾶς
324 800 379 835 (55)
389 800 435 826 τοῦ
447 800 633 836 βαπτίσματος
646 801 777 833 θάλασσα,
793 802 840 828 καὶ
853 810 903 828 πυ-

113 845 243 880 ριζούσης
255 846 285 872 τὺ
299 845 355 882 πῦρ
372 846 419 873 τοῦ
437 847 613 881 Πνεύματος·
633 848 661 874 ὲν
675 844 698 882 ᾧ
722 849 769 875 καὶ
788 848 902 885 Πνεῦμα

111 890 180 916 Θεοῦ
191 891 300 926 ἀληθῶς
319 891 479 926 ἐπιφέρεται
497 892 577 928 ὁμοῦ.
594 894 640 920 καὶ
655 894 836 928 ἐπιφαίνεται,
855 895 902 922 καὶ

111 937 160 962 ἐπὶ
179 937 227 963 τοῦ
246 937 328 963 αὑτοῦ
349 937 454 970 ὕδατος,
475 939 504 965 ὲν
526 935 548 972 ᾧ
569 939 741 975 συντρίϐεται
762 941 778 975 ἡ
798 941 902 976 κεφαλὴ

111 982 158 1008 τοῦ
179 981 337 1016 δράκοντος,
365 984 413 1010 καὶ
438 984 568 1019 ἄρχοντος
590 984 645 1011 τῶν
670 985 825 1021 δρακόντιον
848 986 903 1013 τῶν

110 1025 278 1060 δαιμονικῶν
302 1027 349 1054 τοῦ
369 1027 496 1056 διαϐόλου
523 1029 606 1056 λαῶν.
636 1030 710 1056 Ἑκεί
730 1031 775 1057 τὸν
796 1031 903 1067 Ἰσραὴλ

111 1073 263 1108 νυκτερινῷ
288 1073 411 1107 Μωῡσῆς
440 1073 625 1109 βαπτίσματι’
656 1076 714 1102 ἐκεῖ
737 1077 836 1112 νεφέλη
858 1077 904 1105 τὸν

111 1117 176 1144 λιι-δν
200 1117 313 1144 σκέπει·
337 1117 382 1145 τὸν
407 1118 435 1144 δὲ
459 1118 577 1154 Χριστοῦ
599 1119 693 1155 λαὸνή
716 1120 830 1156 δύναμις
856 1122 903 1148 τοῦ

118 1162 246 1197 Ὑψίστου
266 1164 431 1194 ἐπισκιάζει.
460 1164 533 1191 Ἑκεί
565 1165 612 1191 τοῦ
635 1165 701 1193 λαοῦ
728 1167 860 1199 σωθέντος
887 1169 903 1203 ή

112 1208 252 1239 Μωῡσέως
271 1209 365 1244 Μαρία
388 1209 550 1245 ἐχόρευσεν·
577 1211 693 1238 ἐνταῦθα
714 1211 742 1238 δὲ
767 1212 815 1239 τοῦ
838 1213 903 1240 λαοῦ

110 1253 166 1279 τῶν
181 1253 268 1281 ἐθνῶν
287 1254 443 1290 σωζομένου
456 1256 472 1290 ἡ
491 1255 538 1282 τοῦ
553 1256 672 1290 Χριστοῦ
695 1257 842 1294 Ἐκκλησία
856 1260 904 1286 σὺν

112 1299 215 1330 πάσαις
233 1300 318 1335 αὐτῆς
335 1301 395 1331 ταῖς
418 1301 592 1336 Ἐκκλησιαις
612 1303 746 1337 ἑορτάζει.
770 1303 843 1330 Ἐκεῖ
854 1304 904 1339 τῆς

111 1344 229 1376 κτίσεως
258 1345 346 1382 πέτρᾳ
370 1346 537 1382 προσφεύγει
562 1348 699 1383 Μωῡσῆς·
722 1349 838 1376 ἐνταῦθα
855 1351 903 1386 τῆς

112 1391 233 1422 πίστεως
253 1391 343 1427 πέτρᾳ
359 1392 528 1427 προσφεύγει
545 1393 559 1419 6
579 1393 651 1425 λαός.
672 1394 745 1420 Ἑκεί
758 1396 786 1422 αἱ
804 1396 904 1423 πλάκαι

111 1436 140 1462 αἱ
166 1437 279 1471 νομικαὶ
306 1431 502 1473 συντρίϐονταιξ
529 1439 578 1473 τὴν
606 1439 653 1465 τοῦ
675 1439 757 1475 νόμου
781 1441 905 1469 διάϐασιν

113 1482 266 1516 μηνύουσαι
283 1482 361 1518 ὁμοῦ,
381 1483 429 1509 καὶ
443 1484 608 1511 παλαίωσιν·
630 1485 745 1512 ἐνταῦθα
759 1487 787 1512 δὲ
800 1487 824 1513 oi
839 1487 902 1514 θεῖοι

112 1528 189 1562 νόμοι
201 1527 381 1564 ἁδιὰρῤηκτοι
393 1529 534 1561 σώζονται.
557 1530 631 1557 Ἐκεῖ
646 1531 746 1567 μόσχος
758 1533 905 1568 ὲχωνεύετο

956 303 1011 331 tur,
1026 298 1166 326 Christum
1188 298 1289 333 excipit
1304 307 1311 324 :
1328 304 1383 324 non
1407 297 1482 324 illum
1507 297 1614 332 quidem
1629 305 1662 325 ex
1677 304 1742 324 arca

956 345 1133 376 trimestrem,
1152 344 1190 371 uti
1207 343 1329 379 Moysen,
1344 343 1391 370 sed
1406 350 1457 377 pro
1468 342 1560 379 Moyse
1570 351 1603 370 ex
1615 343 1742 378 sepulcro

955 390 1124 417 triduanum.
1142 389 1200 417 Illic
1216 390 1342 424 ﬁgurate,
1356 396 1388 415 ac
1403 393 1486 416 noctu
1502 388 1605 416 Pascha
1620 389 1742 416 celebra-

956 437 994 464 vit
1010 436 1112 468 Israel;
1130 436 1174 464 hic
1188 443 1250 463 cum
1266 436 1327 463 luce
1340 442 1373 462 ac
1390 434 1544 469 splendore,
1559 435 1678 462 interdiu
1690 435 1743 462 Pa-

955 482 1021 509 scha
1043 482 1209 517 peragimus.
1231 480 1289 508 lllic
1313 480 1366 508 sub
1393 479 1446 507 diei
1471 487 1630 515 vesperam;
1655 480 1699 507 hic
1715 481 1741 507 in

955 535 1095 563 vesperam
1131 527 1327 554 inclinantibus
1357 525 1450 553 saeculi
1478 525 1656 560 temporibus.
1686 525 1742 553 lllic

955 573 1074 608 postium
1095 580 1127 599 ac
1151 572 1276 599 liminum
1292 571 1400 598 foribus
1415 570 1500 598 illitos
1520 575 1562 598 est
1583 577 1683 604 cruor;
1699 570 1744 598 hic

954 619 1088 654 sanguine
1104 618 1205 645 Christi
1222 617 1306 645 corda
1330 617 1450 644 ﬁdelium
1477 617 1666 651 obsignantur.
1685 616 1744 643 Illic

953 670 980 694 et
992 670 1074 693 noctu
1084 665 1280 698 sacriﬁcatum,
1293 668 1320 692 et
1333 667 1417 691 noctu
1433 662 1555 690 Rubrum
1565 670 1641 690 mare
1652 666 1743 690 trans—

954 711 1068 740 missum
1093 715 1153 743 est;
1174 711 1218 738 hic
1234 717 1300 738 vero
1316 709 1401 742 salus,
1416 713 1443 736 et
1460 709 1631 743 splendidum
1647 716 1678 735 ac
1694 716 1742 735 ru-

953 757 1033 784 brum
1049 757 1119 783 inest
1128 755 1303 790 baptismatis
1317 762 1402 786 mare,
1417 754 1490 789 quod
1505 753 1622 788 Spiritus
1639 754 1744 789 fulgore

953 802 1047 829 rutilat
1064 811 1070 828 :
1086 800 1130 828 cui
1147 800 1256 835 quidem
1275 807 1370 828 revera
1385 799 1433 826 Dei
1449 799 1567 834 Spiritus
1581 798 1703 831 incubat,
1716 800 1743 826 in

953 857 1041 884 eoque
1064 848 1251 883 conspicitur;
1276 847 1370 874 eadem
1399 846 1525 874 videlicet
1549 853 1630 881 aqua,
1645 847 1672 873 in
1690 854 1742 881 qua

955 895 1082 922 draconis
1107 893 1229 928 adeoque
1241 893 1391 920 draconum
1407 892 1549 927 principis,
1563 891 1615 918 hoc
1629 895 1669 918 est
1683 891 1742 918 dia-

955 941 1010 968 boli
1022 939 1183 971 satellitum,
1202 942 1284 973 caput
1300 938 1463 965 conteritur.
1483 936 1540 964 lllic
1564 937 1670 972 Moyses
1693 944 1744 963 no-

955 991 1055 1013 cturno
1078 985 1214 1019 baptismo
1232 983 1370 1010 lsraelitas
1385 984 1460 1016 lavit,
1478 983 1532 1009 illic
1545 983 1675 1016 populum
1693 990 1744 1009 nu-

955 1031 1005 1059 bes
1025 1031 1137 1062 obtexit.
1164 1029 1199 1055 At
1221 1028 1324 1056 Christi
1347 1028 1477 1063 populum
1499 1027 1633 1055 Allissimi
1657 1027 1744 1054 virtus

955 1075 1109 1102 obumbrat.
1128 1073 1195 1104 Illic.
1209 1076 1302 1107 erepto
1324 1073 1434 1107 populo,
1448 1071 1548 1107 Moysis
1563 1079 1641 1099 soror
1659 1071 1743 1098 Maria

955 1121 1071 1148 choreas
1091 1119 1187 1151 duxit;
1203 1118 1247 1145 hic
1272 1118 1386 1145 liberato
1409 1118 1547 1152 gentilium
1567 1117 1677 1152 populo,
1694 1116 1745 1144 Ec-

955 1166 1039 1194 clesia
1053 1165 1156 1194 Christi
1171 1171 1233 1192 cum
1254 1164 1312 1192 suis
1325 1163 1453 1190 omnibus
1470 1162 1602 1191 Ecclesiis
1617 1162 1687 1191 festa
1700 1171 1745 1190 cc-

955 1212 1051 1239 lcbrat.
1072 1210 1129 1237 lllic
1155 1209 1188 1237 ad
1216 1212 1334 1236 creatam
1356 1212 1460 1243 petram
1478 1207 1585 1244 Moyses
1600 1207 1743 1242 c0nfogit;

956 1257 1000 1284 hic
1015 1257 1048 1284 ad
1068 1256 1128 1283 ﬁdei
1144 1259 1249 1290 petram
1266 1254 1384 1290 populus
1405 1261 1466 1281 sese
1479 1254 1584 1288 recipit.
1603 1254 1660 1280 Illic
1675 1253 1746 1288 legis

957 1303 1056 1330 tabulae
1070 1302 1243 1336 franguntur,
1260 1307 1320 1335 qua:
1338 1307 1382 1327 res
1398 1299 1585 1334 prieteriturae,
1600 1302 1627 1326 et
1643 1299 1746 1326 invete-

955 1352 1056 1376 raturae
1078 1347 1146 1381 legis
1167 1346 1298 1373 indicium
1326 1344 1392 1377 fuit;
1411 1345 1455 1371 hic
1470 1344 1570 1371 divinae
1589 1344 1661 1378 leges
1676 1343 1746 1371 intc-

956 1401 1010 1429 gres
1025 1392 1213 1426 inviolataeque
1235 1393 1390 1418 servantur.
1406 1389 1463 1417 Illic
1487 1390 1520 1417 ad
1532 1390 1624 1424 populi
1637 1397 1745 1424 poenam

957 1439 1092 1467 conﬂatur
1108 1438 1229 1470 vitulus;
1248 1437 1292 1464 hic
1305 1437 1338 1464 ad
1357 1437 1473 1464 salutem
1482 1436 1580 1471 “populi
1593 1435 1640 1463 Dei
1651 1437 1746 1471 Agnus

956 1487 1124 1514 immolator.
1145 1484 1204 1511 Illic
1228 1488 1304 1518 petra
1328 1483 1403 1518 virga
1431 1482 1600 1517 percutitur;
1617 1482 1663 1510 hic
1679 1489 1746 1509 vero

956 1532 1067 1564 Christi,
1083 1531 1130 1566 qui
1147 1536 1188 1558 est
1201 1535 1287 1565 petra,
1309 1529 1380 1556 latos
1395 1528 1583 1556 transfoditur.
1605 1527 1661 1555 Illic
1675 1534 1745 1562 aqua

111 1573 151 1617 είς
164 1571 276 1617 τὴνγτοῦ
290 1573 355 1600 λαοῦ
367 1574 500 1610 τιμωρίαν
510 1583 516 1589 ·
536 1575 653 1602 ἐνταῦθα
671 1576 699 1602 δὲ
712 1577 725 1603 ὁ
746 1578 842 1613 Ἀμνὺς
858 1579 904 1606 τοῦ

957 1581 991 1608 de
1004 1583 1080 1615 petra
1095 1577 1265 1613 prorumpit;
1284 1576 1329 1603 hic
1345 1583 1378 1603 ex
1393 1574 1500 1602 viviﬁco
1529 1575 1611 1601 latere
1633 1573 1746 1608 sanguis

111 1615 179 1642 Θεοῦ
213 1615 307 1643 θύεται
335 1619 375 1649 εἰς
401 1619 449 1654 τὴν
473 1619 520 1646 τοῦ
551 1619 616 1646 λαοῦ
650 1623 797 1657 σωτηρίαν.
834 1624 907 1652 Ἐκεῖ

111 1661 203 1697 ράὕδῳ
226 1663 314 1698 πέτρα
336 1663 485 1690 τύπτεται”
511 1665 627 1692 ἐνταῦθα
645 1666 673 1692 δὲ
690 1668 807 1704 Χριστὸς
824 1670 839 1705 ἡ
858 1671 906 1696 πέ-

111 1716 162 1742 τρα
175 1707 224 1743 τὴν
242 1708 362 1743 πλευρὰν
370 1709 505 1737 νύττεται.
522 1710 594 1737 Ἑκεί
607 1710 680 1747 ὕδωρ
695 1714 726 1739 ὲκ
742 1714 792 1749 τῆς
803 1715 905 1750 πέτρας

111 1752 270 1788 ἐξέρχεται·
307 1754 425 1781 ἐνταῦθα
448 1753 516 1791 αἷμα
540 1757 587 1783 καὶ
616 1756 687 1792 ὕδωρ
716 1759 748 1785 ὲκ
773 1759 904 1792 ζωοποιοῦ

111 1799 233 1834 πλευρᾶς
248 1800 413 1835 πηγάζεται.
436 1801 549 1828 Ἐκεῖνοι
561 1802 770 1840 ὀρτυγομήτραν
785 1807 855 1842 κρέα
874 1810 903 1843 ἐξ

957 1630 985 1654 et
1001 1633 1071 1661 aqua
1087 1623 1208 1660 proﬂuit.
1224 1623 1264 1649 llli
1279 1622 1452 1649 coturnicum
1472 1627 1569 1647 carnes
1586 1619 1693 1647 coalitus
1704 1626 1746 1646 ac-

956 1677 1104 1707 ceperunt;
1129 1678 1180 1697 nos
1208 1668 1328 1704 Spiritus
1351 1667 1438 1695 sancti
1462 1666 1616 1695 columbam
1641 1673 1674 1693 ex
1691 1665 1748 1692 alto

956 1718 1134 1753 suscipimus.
1150 1716 1190 1742 Illi
1207 1713 1402 1749 temporarium
1432 1719 1533 1739 manna
1555 1711 1744 1742 comederunt,

955 1768 980 1791 et
995 1763 1094 1791 mortui
1108 1765 1187 1793 sunt;
1205 1767 1255 1788 nos
1270 1767 1339 1794 pane
1354 1758 1492 1785 vescimur
1508 1758 1534 1785 in
1548 1758 1629 1784 vitam
1647 1757 1745 1792 sempi-

955 1816 1069 1838 lernam.

111 1846 226 1881 οὐρανοῦ
249 1847 390 1880 ἐδέξαντο·
419 1850 499 1883 ἡμεῖς
513 1850 543 1876 δὲ
561 1851 724 1886 περιστερὰν
744 1854 790 1880 τοῦ
820 1857 978 1893 Πνεύματος
1003 1856 1032 1889 ἐξ
1057 1855 1141 1890 ὕψους
1161 1852 1306 1889 δεχόμεθα.
1334 1852 1448 1878 Ἐκεῖνοι
1471 1850 1558 1884 μάννα
1579 1849 1746 1883 πρόσκαιρον

111 1893 224 1926 ἔφαγον,
239 1893 286 1920 καὶ
304 1893 456 1921 ἀπέθανον·
480 1895 561 1930 ἡμεῖς
577 1896 652 1931 (γὰρ)
671 1898 752 1932 ἄρτον
774 1900 900 1937 ἐσθίομεν
917 1905 958 1936 είς
974 1903 1047 1938 ζωὴν
1061 1901 1179 1928 αἰώνιον.

152 1939 223 1965 Ἀλλ’
239 1940 332 1967 ἐκεῖνα
346 1940 382 1971 ὡς
400 1941 501 1967 παλαιὰ
515 1942 561 1968 καὶ
581 1942 682 1978 σκιώδη
701 1946 901 1982 πεπαλαίωται,

112 1984 158 2010 καὶ
172 1984 343 2012 τετέλεσται·
358 1985 392 2012 τὰ
408 1986 437 2012 δὲ
460 1986 507 2014 τοῦ
527 1988 661 2023 ἡμετέρου
676 1989 740 2016 λαοῦ
756 1991 841 2026 αὔξει,
858 1995 904 2020 καὶ

113 2029 226 2055 ἐπανθεῖ
239 2030 279 2061 εὶς
289 2030 333 2056 ἀεὶ
346 2030 517 2065 διαμένοντα.
539 2031 612 2067 Αὕτη
629 2033 674 2060 τοῦ
691 2034 786 2070 Πάσχα
797 2037 875 2072 ἡμῶν
887 2039 904 2073 ἡ

113 2075 251 2110 πρότυπος
262 2084 269 2090 ”
287 2075 357 2111 αὕτη
372 2076 425 2104 τῶν
437 2077 556 2111 νομικῶν
573 2079 743 2113 πραγμάτων
757 2082 772 2116 ὴ
788 2082 904 2118 σκιώδης

113 2120 249 2153 διάϐασις.
265 2122 341 2148 Οῦτω
364 2122 398 2148 τὰ
418 2122 467 2157 τῆς
482 2123 577 2158 ἑορτῆς
592 2124 688 2159 νόησον
699 2134 705 2142 '
722 2126 793 2154 οὕτω
808 2129 841 2154 τὰ
858 2129 905 2156 τοῦ

114 2165 235 2197 Μωσέως
250 2166 297 2192 καὶ
318 2165 371 2193 τῶν
386 2167 532 2202 προφητῶν
546 2169 609 2204 περὶ
623 2169 671 2204 τῆς
691 2171 797 2206 ἡμέρας
808 2175 908 2210 σκόπη-

115 2219 170 2243 σον,
177 2212 222 2238 ἵνα
234 2211 347 2247 πεισθῇς
355 2213 387 2248 τῇ
396 2213 551 2241 ἀναστάσει.
561 2215 702 2248 Ἀπιστίας
710 2217 763 2252 γὰρ
772 2219 871 2252 πάντες
878 2222 908 2248 τὸ

993 1948 1092 1976 Verum
1110 1947 1154 1973 illa
1172 1949 1301 1980 tanquam
1313 1945 1443 1970 vetera'et
1457 1941 1618 1968 adumbrata
1634 1939 1745 1967 demum

958 1995 1159 2024 obsoleverunt,
1178 1995 1205 2018 et
1222 1990 1356 2024 completa
1375 1992 1439 2016 sunt
1459 1998 1464 2014 :
1482 1994 1541 2022 qua:
1564 1987 1596 2013 ad
1621 1990 1745 2013 nostrum

960 2040 1088 2076 populum
1111 2037 1257 2073 pertinent,
1273 2038 1407 2070 augentur
1432 2033 1459 2060 in
1484 2033 1553 2064 dies,
1573 2037 1599 2060 ct
1617 2032 1746 2066 perennia

957 2089 1139 2121 perpetuaque
1153 2082 1312 2109 ﬂorescunt.
1333 2078 1474 2114 Ejusmodi
1491 2078 1577 2113 ﬁgura
1593 2077 1679 2104 nostri
1695 2077 1746 2103 Pa-

957 2131 1060 2158 schalis
1075 2129 1139 2162 fuit;
1155 2128 1211 2155 hinc
1236 2127 1302 2161 legis
1325 2125 1494 2161 negotiorum
1524 2122 1682 2150 adumbrata
1696 2122 1744 2149 de-

957 2176 1059 2204 cursio.
1077 2175 1140 2202 Haec
1163 2174 1212 2201 tibi
1235 2172 1297 2200 festi
1319 2172 1392 2199 illius
1413 2169 1584 2197 informanda
1597 2169 1671 2196 notio
1685 2177 1691 2195 :
1705 2168 1746 2195 sic

957 2230 999 2254 ea,
1015 2229 1076 2257 qua:
1093 2221 1126 2248 ad
1143 2220 1274 2255 Moysem,
1286 2222 1313 2245 et
1328 2217 1474 2253 prophetas
1491 2215 1617 2247 attinent,
1629 2215 1661 2242 ad
1674 2215 1745 2242 hanc

115 2256 246 2291 κάλυμμα
258 2257 520 2294 περίκεινται.’¹Εχει
527 2259 583 2294 (56)
600 2259 715 2293 πολλοὺς
723 2263 785 2294 τοὺς
792 2264 904 2300 τύπους,

958 2256 1031 2296 diem
1043 2266 1273 2301 contemplatione
1287 2263 1428 2292 referenda
1443 2267 1518 2295 sunt,
1531 2266 1560 2288 ut
1570 2262 1746 2288 resurrectio-

115 2304 160 2330 καὶ
181 2304 405 2340 ἀπεριγράπτους
426 2306 474 2341 τῆς
493 2307 526 2334 ἐκ
539 2308 643 2344 νεκρῶν
657 2310 840 2342 ἀναστάσεως,
859 2312 905 2337 καὶ

113 2349 296 2382 ἁναϐιώσεως.
320 2351 427 2387 Ταύτης
457 2352 565 2388 μάρτυρ
594 2354 750 2387 ἀξιόπιστος
770 2357 861 2384 Ἰσαὰκ
887 2358 904 2392 ὴ

115 2396 225 2431 σφαγή·
251 2396 354 2431 ταύτης
380 2397 465 2429 τύπος
492 2399 506 2424 6
529 2398 628 2431 λάκκος
648 2400 694 2427 τοῦ
714 2402 822 2437 Ἰωσὴφ,
840 2403 868 2429 ὲν
884 2399 906 2437 ᾧ

114 2440 165 2466 ὑπὸ
182 2440 235 2466 τῶν
247 2440 368 2475 ἀδελφῶν
383 2442 527 2479 ἐνεϐλήθη,
539 2444 614 2471 ἐνθεν
626 2445 740 2480 ἀνῆλθεν
753 2447 884 2479 ἀθάνατος
897 2456 903 2463 ·

113 2485 214 2520 ταύτης
229 2485 313 2517 τύπος
334 2488 465 2522 Ἱερεμίου
484 2489 497 2514 6
512 2489 622 2521 λάκκος,
642 2490 702 2518 ὅθεν
720 2491 793 2524 ἅπαξ
810 2494 841 2518 ὲκ
857 2493 905 2528 τῆς

113 2531 226 2566 φθορᾶς,
241 2532 347 2558 καὶτοῦ
362 2533 491 2570 βορϐόρου
514 2535 622 2570 ἀνῆλθε.
640 2537 759 2571 Χριστοῦ
776 2540 826 2573 τῆς
839 2538 904 2566 ἀνα-

115 2577 235 2608 στάσεως
256 2576 342 2609 τύπος
359 2578 405 2604 τοῦ
431 2580 507 2606 Ἰωνᾶ
522 2581 552 2606 τὸ
570 2582 663 2616 κῆτος,
679 2582 708 2615 ἐξ
732 2580 762 2610 οὗ
787 2584 905 2620 προῆλθε

114 2622 370 2657 τριήμερος.Ἔχεις
383 2623 429 2650 καὶ
446 2624 523 2651 ἄλλον
532 2625 579 2651 τοῦ
596 2625 624 2652 ὲν
640 2626 703 2661 ᾅδου
717 2627 905 2664 δεσμωτηρίου

115 2665 198 2692 τύπον
214 2666 245 2692 τὸ
259 2666 306 2693 τοῦ
326 2667 423 2703 Ἰωσὴφ
438 2668 636 2706 δεσμωτήριον,
654 2670 716 2697 ἔνθα
726 2671 835 2708 αὐτὸνή
851 2681 906 2708 μοι-

115 2711 192 2744 χαλὶς
210 2711 355 2747 συναγωγὴ
369 2712 555 2745 κατέκλεισεν,
572 2713 601 2745 ἐξ
625 2711 655 2741 οῦ
677 2715 808 2750 προῆλθεν
823 2715 906 2742 ἀϐλα-

116 2756 165 2791 ϐὴς
187 2757 234 2783 καὶ
253 2758 371 2792 τριετὴς⁷
387 2758 425 2789 ὡς
441 2758 558 2793 Χριστὸς
581 2762 726 2796 τριήμερος
747 2762 778 2788 ὲκ
791 2762 904 2798 νεκρῶν.

165 2857 209 2891 56)
229 2857 258 2884 F.
279 2860 306 2884 ὲν
318 2858 359 2892 τῷ
373 2859 453 2892 βαπτ.

165 2891 209 2924 55)
228 2892 257 2920 F.
273 2894 318 2920 καὶ
338 2891 464 2928 Ἐρυθρά.

957 2315 984 2341 oi
997 2313 1074 2341 ﬁdem
1086 2312 1226 2340 adhibeas.
1243 2310 1376 2338 Omnibus
1388 2310 1459 2337 enim
1474 2308 1561 2336 velum
1578 2307 1745 2335 inﬁdelitatis

957 2360 1111 2388 obducitur.
1123 2358 1250 2386 Plurimae
1265 2360 1340 2388 sunt,
1353 2361 1379 2383 et
1390 2363 1450 2390 qua:
1459 2354 1650 2390 comprehendi
1665 2353 1746 2380 facile

957 2411 1103 2441 nequeant,
1121 2403 1331 2431 resurrectionis
1356 2409 1371 2429 a
1393 2401 1508 2429 mortuis
1524 2405 1551 2428 et
1567 2399 1746 2427 instauratio-

958 2451 1000 2477 uis
1013 2451 1113 2484 (igurte.
1131 2449 1219 2483 Hujus
1236 2448 1333 2475 idonea
1348 2446 1426 2474 testis
1439 2449 1481 2473 est
1496 2445 1581 2472 lsaaci
1598 2444 1744 2481 jugulatio.

958 2495 1044 2530 Hujus
1060 2494 1123 2522 item
1143 2494 1226 2529 ﬁgura
1237 2492 1346 2527 Josephi
1361 2497 1459 2526 puteus
1472 2490 1516 2518 ille
1527 2491 1587 2523 l'uit,
1598 2491 1624 2517 in
1637 2499 1717 2526 quem
1730 2499 1745 2517 a

958 2540 1087 2568 fratribus
1099 2544 1140 2567 est
1155 2539 1307 2574 coniectus,
1320 2537 1391 2564 unde
1398 2541 1425 2564 et
1434 2544 1531 2572 expers
1543 2536 1638 2564 mortis
1649 2543 1744 2564 ascen-

957 2586 1004 2613 dit.
1021 2585 1149 2612 Eamdem
1164 2589 1191 2612 et
1203 2585 1326 2612 Jeremize
1341 2584 1460 2610 cisterna
1475 2583 1656 2618 signiﬁcavit;
1674 2582 1746 2609 unde

956 2639 989 2658 ex
1004 2631 1188 2666 corruptione,
1204 2634 1230 2658 ct
1247 2638 1326 2658 coeno
1346 2628 1428 2656 semel
1442 2633 1553 2656 evectus
1568 2633 1619 2656 est.
1644 2627 1747 2655 Resur-

957 2677 1104 2704 rectionem
1125 2675 1227 2702 Christi
1250 2674 1326 2702 Jonaa
1353 2679 1429 2702 cetus
1454 2673 1638 2706 adumbravit,
1663 2679 1745 2706 equo

958 2721 1101 2748 triduanus
1117 2720 1228 2756 prodiit.
1244 2719 1333 2748 Habes
1349 2725 1374 2747 et
1392 2720 1471 2748 aliam
1487 2719 1636 2747 inferorum
1653 2725 1746 2744 carce-

957 2766 995 2793 ris
1012 2766 1168 2802 imagincm,
1182 2765 1293 2800 Iosephi
1309 2765 1416 2793 scilicet
1435 2771 1591 2796 carcerem;
1616 2763 1643 2789 in
1663 2769 1748 2797 quem

993 2863 1050 2898 (56)
1074 2861 1101 2890 F.
1123 2863 1200 2898 ἔχεις,
