1929 3038
169 187 217 217 671

815 189 919 219 DUBIA
939 189 1011 217 AUT
1031 189 1165 218 SPURIA.

1754 192 1810 220 4τὲ

171 248 247 277 illum
261 247 383 276 adultera
402 249 543 285 Synagoga
566 250 713 285 compegit,
732 251 803 279 unde
819 255 845 278 et
861 252 962 279 ill:esus

1020 251 1080 278 Μεθ’
1090 248 1127 279 ὧν
1140 251 1187 278 καὶ
1202 250 1301 287 Δανιὴλ
1307 250 1362 286 (57)
1370 250 1416 278 τὸν
1430 251 1485 278 τῶν
1499 251 1614 279 λεόντων
1626 251 1727 279 λάκκον
1739 261 1810 288 προ-

169 298 229 328 post
253 294 402 322 triennium
429 295 506 328 exiit,
519 295 558 323 uti
584 301 645 331 post
668 296 790 324 triduum
807 297 933 325 Christus
948 305 962 325 a

170 340 285 366 mortuis
299 340 446 366 excitatur.
463 339 619 368 Secundum
634 341 704 369 istos
719 346 745 369 et
761 341 852 369 Daniel
866 343 892 369 in
907 343 963 370 leo-

171 391 234 410 num
249 391 360 411 caveam
373 385 514 413 immissus
525 385 675 414 Salvatoris
688 388 843 422 sepulcrum
859 388 964 416 indica-

171 429 220 460 vit,
234 436 267 455 ex
295 437 349 464 quo
374 430 452 458 vivus
477 430 558 459 Jesus
579 431 742 466 ascendens,
758 433 792 460 ab
818 434 914 463 inferis
936 439 964 463 et

171 479 269 508 morte,
292 479 420 510 tanquam
446 485 462 504 e
488 478 587 506 mediis
612 478 750 512 leonibus,
767 481 889 508 emersit.
916 480 964 509 His

171 519 257 548 fretus
269 519 378 549 Judasos
394 522 544 557 redarguo;
566 524 608 552 his
632 525 694 553 illos
707 525 837 561 increpa;
852 526 886 554 ad
901 534 963 554 eum

171 566 281 593 modum
296 567 396 596 Christi
408 569 562 603 passionem
591 578 623 598 ac
635 573 863 600 resurrectionem
877 577 963 601 tuere.

171 611 233 639 llmc
251 613 298 640 tibi
318 621 456 642 armorum
474 616 601 650 praesidia
623 617 755 645 hodierna
778 618 965 654 suppeditabit

171 659 277 692 oratio;
291 659 348 686 haec
364 665 390 687 te
404 662 534 696 mysteria
547 663 693 691 celebritas
709 664 760 691 ista
776 665 926 699 perdocuit.

207 704 307 732 Verum
330 707 393 742 quid
409 707 530 736 deinde?
548 709 617 738 Nam
642 710 693 737 soli
713 718 764 738 nos
782 711 879 739 festum
899 712 965 739 illud

170 750 291 777 solemne
308 751 526 786 celebrabimus,
554 762 590 781 an
612 758 639 782 et
663 754 696 782 de
715 756 848 790 proximis
863 757 965 785 nostris

171 797 283 823 solliciti
300 798 424 826 erimus?
438 799 503 832 Nos,
517 800 641 835 inquam,
653 803 815 830 celebritate
830 803 881 831 ista
896 804 967 831 frue-

171 850 246 876 mur,
262 850 296 870 an
315 844 431 871 aliormn
449 845 573 873 habenda
601 855 711 883 quoque
738 849 808 876 ratio
831 850 893 877 est?
913 849 966 878 Pro

170 896 203 915 eo
220 896 285 917 sane
313 898 345 917 ac
360 891 458 919 festum
475 893 541 920 illud
557 899 682 921 nostrum
699 896 857 923 necessario
871 901 966 931 postu-

1013 298 1093 325 τυποῖ
1108 297 1152 324 τὸν
1164 296 1212 323 τοῦ
1230 297 1355 333 Σωτῆρος
1365 297 1461 332 τάφον,
1474 297 1503 330 ἐξ
1519 294 1549 324 οὗ
1566 297 1621 330 ζῶν
1644 297 1748 333 Ἰησοῦς
1761 299 1810 325 ἀν-

1013 342 1106 379 ἦλοεν,
1123 343 1160 374 ὡς
1173 343 1206 370 ὲκ
1227 343 1343 370 λεόντων
1359 343 1469 378 ῥυσοεὶς
1486 342 1533 370 τοῦ
1546 343 1620 379 ᾅδου,
1635 344 1682 371 καί
1697 345 1743 370 τοῦ
1759 345 1809 371 0a-

1013 389 1106 417 νάτου.
1125 389 1175 416 Διὰ
1197 389 1299 417 τούτων
1321 390 1465 422 Ἰουδαίους
1489 389 1613 424 ἔλεγξον·
1639 390 1684 416 διὰ
1705 390 1809 417 τούτων

1014 437 1114 469 αὐτοὺς
1129 437 1292 472 ἐπιτίμησον
1302 445 1309 452 ·
1323 436 1409 468 οὓτως
1421 436 1492 472 ὑπὲρ
1505 435 1553 463 τοῦ
1569 436 1688 472 Χριστοῦ
1704 436 1808 468 πάθου,

1014 483 1062 510 καὶ
1077 483 1251 515 ἀναστάσεως
1265 482 1546 518 ἀπολόγησαι.Ταῦτά
1561 491 1602 509 σοι
1616 482 1684 518 πρὸς
1698 491 1809 518 συμμα-

1014 528 1076 565 χίαν
1088 529 1207 564 σήμερον
1221 527 1255 554 τὰ
1269 527 1339 555 ὅπλα
1355 528 1369 553 ὁ
1384 527 1462 562 λόγος
1478 527 1632 563 χαρίζεται·
1644 527 1731 554 ταῦτά
1745 536 1774 554 σε
1788 529 1806 562 ἡ

1015 574 1096 611 ἑορτὴ
1108 574 1277 601 ὲπιδιδάσκει
1289 574 1434 610 μυστήρια.

1051 704 1117 734 Εἶτα
1127 707 1153 734 τι
1166 707 1213 734 καὶ
1227 707 1296 743 μετὰ
1308 707 1410 741 rain;
1431 707 1526 743 Ἡμεῖς
1537 707 1612 743 μόνοι
1625 706 1807 743 ἑορτάζομεν,

1015 755 1031 790 ἢ
1052 754 1098 781 καὶ
1112 753 1159 780 τοῦ
1179 753 1293 789 πλησίον
1307 754 1528 789 μεριμνήσομεν;
1549 753 1643 789 Ἡμεῖς
1656 753 1809 788 πανηγυρί-

1016 807 1122 835 σωμεν,
1135 799 1151 834 ἢ
1168 800 1216 826 καὶ
1230 799 1295 835 περὶ
1307 799 1394 826 ἄλλων
1419 800 1484 835 ἡμῖν
1496 800 1510 825 ὁ
1524 799 1620 833 λόγοςς
1638 799 1808 833 Ἀναγχαίως

1015 846 1065 880 τῆς
1085 845 1164 881 ἡμῶν
1185 846 1283 881 ἑορτῆς
1301 845 1446 880 οεάρεστος
1462 845 1530 880 ὁμοῦ
1547 845 1594 872 καὶ
1609 845 1808 880 εὐπρόσδεκτος

1016 891 1138 926 γενέσθω
1152 900 1194 923 τις
1211 892 1301 923 κοινὸς
1315 891 1363 926 τῆς
1381 891 1542 926 Ἑκκλησίας
1567 891 1718 925 στεναγμὸς
1742 890 1810 925 πρὸς

172 934 219 967 lat,
237 940 331 970 gratus
344 938 456 972 quidam
470 942 497 966 et
511 944 642 975 acceptus
660 940 716 968 Deo
734 942 817 970 totius
835 942 963 970 Ecclesia:

1020 940 1060 966 τὸν
1074 939 1151 971 Θεὸν,
1164 938 1212 965 καὶ
1232 938 1303 974 ὑπὲρ
1323 938 1378 965 τῶν
1389 938 1519 972 ὲνάγκαις
1527 937 1581 972 (58)
1595 937 1674 972 ἡμῶν
1687 936 1810 970 ἀδελφῶν

169 982 287 1016 gemitus
312 983 345 1010 ad
373 984 448 1010 illum
470 991 605 1021 erumpat.
635 986 820 1015 Recordemur
849 989 964 1016 fratrum

171 1033 340 1060 nostrorum,
357 1030 403 1064 qui
417 1032 582 1059 necessitate
610 1040 701 1060 rerum
716 1034 838 1060 omnium
859 1039 887 1061 et
910 1034 966 1062 ino-

170 1073 214 1108 pia
230 1079 403 1109 premuntur;
418 1077 645 1112 propinquorum,
659 1080 782 1114 inquam,
794 1084 964 1114 nostrorum,

170 1121 215 1155 qui
230 1121 346 1149 desertis
360 1123 388 1149 in
403 1123 469 1150 locis
484 1125 640 1153 calamitate
655 1130 738 1161 atque
758 1131 880 1162 egestate
897 1135 965 1154 cott-

171 1166 318 1194 flictantur.
335 1168 383 1196 His
399 1177 475 1204 ergo,
492 1172 538 1206 qui
556 1172 633 1207 gravi
650 1173 814 1201 necessitate
829 1174 964 1207 laborant,

171 1213 392 1242 miscricordiam
411 1216 602 1246 adhibeamus.
617 1218 723 1247 Etenim
740 1219 762 1247 si
782 1227 865 1246 unum
881 1227 967 1246 mem-

171 1258 250 1286 brum
278 1262 401 1295 patitur,
429 1263 634 1298 compatiuntur
659 1268 685 1292 et
712 1265 804 1292 omnia
833 1265 964 1291 membra.

171 1306 261 1337 Quare
276 1309 477 1343 compatiatnnr
494 1317 557 1336 cum
573 1309 705 1338 fratribus
719 1311 905 1344 membrisque
916 1318 966 1337 no-

172 1352 247 1383 stris.
271 1354 316 1381 alii
340 1355 441 1388 verbis,
461 1356 507 1382 alii
535 1356 727 1387 beneﬁcentia,
746 1356 873 1390 precibus
902 1364 965 1383 vero

172 1398 205 1425 ad
232 1399 316 1426 Deum
340 1405 367 1428 et
392 1401 566 1428 orationibus
592 1401 726 1429 universi.
761 1401 882 1430 Obsecro
905 1409 963 1432 vos.

171 1446 326 1473 communis
340 1446 373 1473 ad
392 1446 476 1474 Deum
491 1455 541 1482 pro
557 1447 613 1474 illis
626 1447 708 1474 hodie
722 1447 821 1482 legatio
832 1447 966 1483 suscipia-

171 1495 226 1523 tur,
252 1492 382 1526 quoniam
408 1493 487 1520 nobis
512 1497 554 1520 est
567 1493 605 1519 ‘et
631 1493 776 1527 captivitas
799 1495 964 1522 communis.

171 1536 242 1569 Fiat,
261 1545 364 1572 quasso,
378 1539 532 1566 communis
556 1539 729 1573 supplicatio,
746 1540 965 1575 quandoquidem

171 1586 214 1610 cst
235 1587 262 1610 et
287 1584 441 1611 communis
469 1585 680 1612 animadversio.
700 1585 851 1613 Audiamus
873 1586 966 1614 dicen-

172 1633 225 1655 tem
240 1639 246 1655 :
262 1629 342 1656 Orate
360 1638 407 1663 pro
429 1631 538 1657 invicem
551 1652 558 1663 ,
574 1636 601 1657 ut
619 1631 785 1658 salvemini‘.
814 1632 883 1659 Tum
901 1640 967 1659 vero

172 1675 313 1703 Christum
331 1677 368 1703 ita
392 1677 545 1712 loquentem
561 1687 568 1705 :
586 1678 614 1705 Si
632 1679 698 1709 duo.
715 1680 756 1706 vel
773 1684 829 1707 tres
848 1687 967 1707 consen-

172 1721 260 1748 serint
286 1723 312 1749 in
337 1725 500 1757 orationem,
525 1724 558 1757 de
583 1732 748 1760 quacunque
771 1726 966 1760 postulatione,

174 1775 255 1802 quam
270 1769 409 1803 petierint,
426 1769 471 1797 ﬁet
492 1770 568 1806 ipsis.
588 1770 684 1806 Magna
700 1775 775 1802 sunt,
794 1770 903 1803 fratres,
924 1779 968 1798 ar-

173 1822 218 1841 ma
233 1822 328 1850 preces
344 1815 489 1849 Ecclesia};
507 1824 622 1851 magnus
634 1820 675 1843 est
686 1824 781 1844 murus
797 1818 969 1844 consentien-

174 1860 242 1887 tium
260 1860 331 1887 inter
347 1868 376 1888 se
389 1861 569 1895 plurimorum
584 1860 684 1892 oratio,
700 1860 852 1894 praesertim
868 1867 929 1895 quae
953 1868 968 1886 a

174 1906 246 1933 fideli
268 1907 369 1941 populo
390 1906 552 1941 captivoque
568 1905 762 1941 proﬁciscitur.
779 1904 863 1932 Nemo
877 1905 968 1933 dicere

174 1952 248 1980 istud
262 1953 361 1980 audeat
376 1961 383 1979 :
401 1956 561 1987 peccatores
571 1959 586 1978 a
600 1951 654 1978 Deo
670 1959 725 1979 non
739 1951 874 1978 exaudiri.
884 1951 968 1978 Multo

174 1998 247 2026 enim
271 1997 401 2025 libentius
429 1997 574 2024 humilium
599 2004 632 2023 ac
659 2001 833 2031 peccatorum
873 2005 968 2032 preces

174 2045 294 2079 excipit;
308 2052 459 2079 eorumque
473 2044 659 2079 potissimum,
678 2043 725 2078 qui
741 2048 853 2078 propter
868 2051 967 2071 nomen

174 2091 262 2126 ipsius
276 2090 380 2122 afflicti,
396 2089 534 2125 ﬁagcllati,
552 2089 686 2117 custodiis
708 2090 851 2121 macerati,
866 2089 967 2121 vexati,

173 2137 283 2172 probris
301 2137 336 2164 ab
350 2136 478 2164 hostibus
489 2136 590 2163 Christi
604 2135 706 2168 affecti,
724 2135 803 2162 ﬁdem
815 2142 870 2162 non
885 2135 969 2162 abne-

173 2187 283 2219 garunt.
295 2183 355 2216 Quo
369 2190 401 2209 ex
418 2190 515 2217 genere
532 2183 654 2217 plerique
666 2189 748 2210 sexus
763 2182 906 2216 utriusque
918 2182 968 2209 hoc

174 2229 203 2256 in
223 2228 316 2264 populi
335 2233 406 2255 coetu
428 2232 582 2259 versantur,
602 2227 703 2254 Christi
720 2226 905 2258 confessores,
922 2227 967 2261 qui

174 2274 210 2301 ab
222 2281 254 2301 eo
265 2273 409 2302 celerrime
421 2273 614 2300 cxaudiuntur.
634 2272 731 2310 Magna
746 2276 810 2299 sunt
823 2279 908 2303 arma,
927 2272 969 2298 di-

1017 994 1069 1020 μνη
1075 985 1261 1020 μονεύσωμεν,
1275 984 1329 1011 τῶν
1343 985 1371 1010 ὲν
1382 985 1497 1019 ἐρήμοις
1508 983 1637 1017 ὲνάγκαις
1648 982 1811 1017 ἐξεταζομέ-

1015 1040 1068 1059 νων
1087 1031 1159 1058 ἰδίων
1174 1030 1263 1066 ήμῶν.
1283 1029 1430 1066 Γενώμεθα
1443 1029 1481 1061 ὡς
1495 1029 1681 1064 συνδεδεμένοι
1697 1030 1752 1060 τοῖς
1767 1029 1810 1055 δε-

1014 1077 1158 1113 δεμένοις·
1181 1076 1326 1111 γενώμεθα
1363 1076 1401 1106 ὡς
1440 1075 1646 1110 συμπάσχοντες
1685 1075 1740 1106 τοῖς
1759 1074 1810 1110 τὴν

1016 1125 1138 1160 ἀνάγκην
1148 1124 1299 1159 πάσχουσιν
1308 1131 1315 1138 ·
1330 1124 1370 1149 ὅτι
1386 1122 1433 1148 ἐὰν
1446 1122 1475 1147 ἓν
1487 1122 1564 1154 μέλος
1575 1121 1682 1156 πάσχοι,
1700 1121 1810 1156 συμπά-

1017 1179 1075 1206 σχει
1086 1171 1175 1197 πάντα
1186 1169 1221 1196 τὰ
1235 1169 1314 1204 μέλη.
1323 1169 1552 1204 Συμπαθήσωμεν
1563 1167 1653 1194 τοίνυν
1666 1168 1721 1198 τοῖς
1731 1167 1810 1202 ἡμῶν

1016 1216 1150 1251 ἀδελφοῖς,
1167 1216 1223 1247 τοῖς
1240 1215 1319 1250 ἡμῶν
1335 1215 1443 1251 μέλεσιν
1456 1223 1462 1230 ·
1478 1215 1501 1240 οἱ
1519 1214 1568 1248 μὲν
1582 1213 1626 1239 διὰ
1637 1214 1788 1248 χρημάτων
1801 1233 1809 1244 ,

1016 1263 1040 1289 οἱ
1052 1263 1082 1289 δὲ
1093 1262 1138 1289 διὰ
1155 1262 1301 1298 ῥημάτων,
1318 1261 1366 1288 καὶ
1378 1261 1450 1287 ἄλλοι
1466 1260 1500 1286 δι’
1516 1259 1654 1291 εὐποιίας,
1669 1260 1771 1291 πάντες
1781 1259 1810 1285 δὲ

1016 1308 1060 1336 διὰ
1080 1309 1130 1344 τῆς
1148 1309 1215 1343 πρὸς
1232 1307 1298 1334 Θεὸν
1315 1307 1386 1342 ὑπὲρ
1407 1306 1626 1337 αὐτῶνίὶκεσίας.
1646 1305 1730 1340 Κοινὴ
1746 1305 1812 1331 πάν-

1016 1362 1080 1386 των,
1099 1353 1262 1389 παρακαλῶ,
1286 1353 1406 1388 σήμερον
1423 1351 1544 1386 γενέσθω
1560 1351 1628 1386 πρὸς
1649 1350 1716 1376 Θεὸν
1741 1357 1810 1384 πρε-

1017 1400 1105 1431 σϐεία,
1121 1400 1163 1426 ὅτι
1179 1399 1254 1434 κοινὴ
1267 1399 1346 1434 ἡμῶν
1359 1399 1405 1425 καὶ
1418 1399 1434 1433 ὴ
1450 1397 1634 1433 αἰχμαλωσια.
1649 1397 1745 1431 Κοινὴ,
1759 1405 1812 1422 πασ-

1002 1466 1005 1469 .
1018 1445 1139 1481 ρακαλῶ,
1153 1444 1274 1479 γενέσθω
1289 1445 1305 1480 ἡ
1322 1444 1425 1479 δέησις,
1437 1443 1479 1470 ὃτι
1498 1443 1574 1478 κοινὴ
1590 1442 1708 1478 ὑπάρχει
1720 1443 1736 1477 ἡ
1748 1441 1812 1467 παί-

1016 1491 1115 1522 δευσις.
1125 1490 1300 1525 Ἀκούσωμεν
1313 1491 1360 1516 τοῦ
1373 1489 1508 1524 λέγοντος,
1524 1490 1565 1516 ὅτι
1584 1489 1722 1520 Εὒξασθε
1735 1487 1811 1521 ὑπὲρ

1017 1537 1165 1572 ἀλλήλων
1177 1537 1257 1569 ὅπως
1264 1536 1446 1571 ἐσθῆτε(59).
1457 1534 1629 1570 ’Λχοὺσωμεν
1640 1534 1758 1570 Χριστοῦ
1769 1534 1812 1560 λέ-

1018 1591 1127 1617 γοντος,
1143 1583 1183 1609 ὅτι
1205 1582 1268 1609 Ἐὰν
1283 1581 1331 1608 δύο
1346 1582 1363 1617 ἢ
1377 1583 1453 1617 τρεῖς
1472 1581 1702 1616 συμφωνήσουσιν
1714 1580 1755 1610 εἰς
1767 1579 1812 1605 εὐ-

1019 1628 1079 1663 χὴν,
1094 1629 1158 1664 περὶ
1173 1628 1274 1660 παντὸς
1288 1628 1439 1663 αἰτήματος
1459 1624 1490 1653 οὗ
1512 1628 1680 1662 αἰτήσονται,
1696 1627 1812 1661 γενήσε-

1019 1682 1063 1700 ται
1080 1675 1181 1706 αὐτοῖς.
1203 1674 1294 1708 Μέγα,
1312 1673 1431 1707 ἀδελφοὶ,
1445 1673 1527 1699 ὅπλον
1542 1672 1609 1707 εὐχὴ
1627 1672 1789 1707 Ἐκκλησίας
1803 1679 1810 1687 ·

1021 1720 1092 1755 μέγα
1115 1721 1214 1754 τεῖχος,
1229 1719 1350 1753 ἀδελφοὶ,
1369 1719 1437 1754 πρὸς
1460 1718 1527 1745 Θεὸν
1551 1718 1618 1753 εὐχὴ
1641 1718 1811 1752 συμφωνίας,

1019 1767 1065 1793 καὶ
1083 1766 1199 1802 μάλιστα
1214 1765 1278 1792 λαοῦ
1292 1764 1388 1791 πιστοῦ
1403 1763 1602 1799 αἰχμαλωσίας.
1612 1763 1714 1799 Μηδεὶς
1727 1764 1812 1791 εἰπεῖν

1019 1813 1161 1848 τολμήσει,
1182 1812 1223 1838 ὅτι
1248 1812 1299 1838 οὐκ
1330 1811 1466 1837 εἰσακούει
1497 1812 1511 1837 ὁ
1538 1810 1605 1842 Θεὸς
1631 1811 1810 1847 ἁμαρτωλῶν.

1020 1859 1114 1886 Πλεῐον
1131 1858 1238 1893 δέχεται
1251 1857 1301 1893 τὴν
1314 1857 1408 1892 δέησιν
1432 1857 1486 1884 τῶν
1503 1856 1649 1890 ταπεινῶν,
1666 1858 1712 1884 καὶ
1733 1858 1813 1893 μάλι-

1021 1913 1071 1930 στα
1087 1903 1141 1930 τῶν
1155 1903 1198 1930 διὰ
1210 1903 1240 1930 τὸ
1249 1903 1334 1938 ὄνομα
1348 1903 1432 1931 αὐτοῦ
1443 1904 1699 1939 καταπονουμένων,
1718 1913 1815 1939 μαστι-

1020 1950 1151 1986 ζομένων,
1177 1949 1413 1985 φυλακιζομένων,
1434 1949 1610 1984 θλιϐομένων,
1632 1950 1684 1976 ὑπὸ
1709 1950 1814 1985 ἐχθρῶν

1020 1996 1232 2032 ὀνειδιζομένων,
1248 1997 1296 2023 καὶ
1313 1996 1362 2032 τὴν
1371 1996 1462 2023 πίστιν
1478 1995 1596 2032 Χριστοῦ
1611 1996 1647 2031 μὴ
1659 1996 1816 2032 ἀρνησαμέ-

1020 2051 1082 2070 νων.
1093 2043 1137 2076 Ἐξ
1149 2039 1186 2069 ὧν
1199 2042 1350 2077 ὑπάρχουσι
1364 2041 1454 2068 πολλοὶ
1481 2042 1526 2068 καὶ
1539 2041 1635 2068 πολλαὶ
1647 2043 1676 2068 ἐν
1689 2042 1727 2076 τῷ
1741 2051 1814 2078 τιαρ-

1019 2089 1076 2116 όντι
1093 2089 1171 2124 ἡμῶν
1193 2088 1250 2124 λαῷ
1266 2088 1313 2115 τοῦ
1327 2088 1448 2123 Χριστοῦ
1474 2088 1639 2123 ὁμολογηταὶ
1661 2088 1813 2123 γενόμενοι,

1020 2136 1067 2162 καὶ
1083 2136 1149 2171 παρ’
1161 2135 1243 2163 αὑτοῦ
1266 2135 1371 2171 ταχέως
1389 2135 1603 2170 εὶσακουόμενοι.
1623 2135 1702 2169 Μέγα
1721 2135 1813 2166 ὁπλον,

1020 2182 1170 2218 ἀγαπητοὶ,
1186 2184 1202 2218 ὴ
1220 2182 1334 2209 ἐκείνων
1346 2182 1411 2217 εὐχή
1423 2190 1429 2197 ·
1443 2182 1559 2209 αἰδεῖται
1571 2181 1626 2218 γὰρ
1638 2182 1736 2213 αὐτοὺς
1751 2182 1815 2208 πάν-

1020 2237 1068 2259 τας
1082 2230 1095 2255 ὁ
1110 2229 1238 2264 Χριστὸς,
1256 2228 1290 2255 δι’
1314 2225 1352 2255 ὧν
1372 2228 1428 2265 (60)
1449 2229 1497 2255 καὶ
1513 2229 1575 2256 καθ’
1591 2229 1699 2265 ἡμέραν
1725 2228 1814 2255 ms.-

1021 2281 1137 2302 νευουσι,

176 2320 333 2351 lectissimi,
362 2319 477 2347 istorum
514 2319 657 2347 hominum
687 2324 791 2352 preces.
824 2317 878 2344 llos
908 2317 982 2352 ipsos
1000 2319 1072 2346 enim
1090 2320 1377 2355 revereturChristus,
1400 2326 1512 2357 propter
1533 2329 1613 2357 quem
1641 2321 1762 2357 quotidie
1777 2329 1818 2356 pc-

174 2367 340 2394 riclitantur.

210 2412 394 2446 Quamobrem
420 2420 471 2440 nos
494 2412 603 2438 illorum
627 2411 800 2438 orationibus
826 2410 932 2443 conﬁsi,
947 2416 972 2439 et
992 2418 1012 2445 υ

175 2467 272 2488 eorum
296 2459 367 2495 apud
393 2460 479 2486 Deum
495 2459 592 2485 ﬁducia
619 2457 691 2490 freti,
706 2465 755 2492 pro
772 2457 904 2485 fratribus
922 2466 972 2485 no-

176 2507 252 2536 stris,
268 2507 314 2540 qui
344 2505 371 2532 in
398 2503 600 2531 calamitatibus
620 2509 776 2536 versantur,
790 2505 972 2531 conuntmitcr

177 2560 209 2579 ac
225 2555 386 2579 constanter
399 2553 461 2575 vola
477 2549 621 2578 faciamus.
636 2549 702 2576 Nam
725 2558 912 2585 sa-penumcro
933 2550 973 2579 fe-

177 2598 229 2626 stis
251 2598 347 2624 diehus
364 2595 500 2631 plerisque
519 2596 708 2623 condemnatis
725 2597 799 2632 regia
818 2597 973 2632 benignitas

176 2651 264 2678 poem:-
280 2642 395 2677 gratiam
419 2647 451 2667 ac
462 2642 566 2669 veniam
584 2643 715 2678 indulget.
729 2643 853 2678 Magnum
871 2643 971 2679 itaque,

176 2691 238 2717 dico
254 2689 364 2719 iterum,
391 2686 500 2720 fratres,
522 2689 651 2724 quiddam
677 2694 740 2717 sunt
757 2690 886 2718 Ecclesiae
911 2699 972 2726 prc—

214 2766 292 2796 ‘Jac.
308 2775 334 2798 ν,
355 2767 397 2794 If}.

214 2848 268 2883 (57)
288 2847 366 2875 Deest
400 2847 494 2880 liquid.

213 2884 269 2918 (58)
288 2883 316 2910 F.
335 2885 363 2909 ‘ev
376 2884 518 2915 ανάγκαις,
537 2887 563 2909 ιιι
581 2888 604 2909 et
617 2882 696 2917 paulo
711 2885 782 2916 post.

214 2919 270 2956 (59)
284 2919 346 2946 Cor.
364 2917 465 2953 ἰαθῆτε.

1064 2412 1107 2438 Διὸ
1121 2413 1182 2443 ταῖς
1198 2412 1300 2439 τούτων
1314 2414 1394 2449 ἡμεῖς
1415 2412 1580 2449 Θαρροῦντες
1593 2413 1697 2448 εὐχαῖς,
1712 2414 1758 2441 καὶ
1780 2415 1818 2446 εἰς

1025 2458 1074 2493 τὴν
1089 2457 1191 2485 τούτων
1206 2459 1363 2494 παρρησίαν
1381 2460 1448 2495 πρὸς
1461 2459 1527 2486 Θεὸν
1540 2459 1750 2492 ἀποϐλέποντες,
1765 2470 1818 2487 κοι-

1025 2504 1078 2537 νῶς
1087 2505 1134 2532 καὶ
1145 2505 1261 2537 ἐκτενῶς
1271 2505 1340 2541 ὑπὲρ
1349 2505 1402 2532 τῶν
1411 2506 1540 2540 ἑνάγκαις
1547 2505 1604 2541 (61)
1612 2506 1733 2541 ἀδελφῶν
1743 2507 1819 2541 ἡμῶν

1028 2551 1251 2587 προσευξώμεθα,
1263 2551 1330 2578 διότι
1348 2552 1479 2583 πολλάκις
1490 2552 1679 2587 φιλανθρωπία
1693 2552 1819 2588 βασιλικὴ

1026 2601 1054 2626 ὲν
1068 2600 1129 2631 ταῖς
1146 2600 1253 2635 ἑορταῖς
1271 2599 1378 2631 πολλοῖς
1396 2600 1552 2631 καταδίκοις
1568 2600 1664 2634 ἄφεσιν
1684 2601 1731 2626 καὶ
1755 2600 1818 2626 ἀπο-

1026 2645 1160 2681 λύτρωσιν
1175 2645 1328 2682 χαρίζεται.
1343 2646 1433 2680 Μέγα,
1451 2646 1531 2673 πάλιν
1543 2645 1625 2681 λέγω,
1644 2645 1762 2680 ἀδελφοὶ,
1778 2646 1818 2672 ibo

1026 2690 1060 2726 χὴ
1078 2690 1251 2726 Ἐκκλησίας.
1262 2690 1308 2717 καὶ
1318 2691 1434 2726 μάλιστα
1453 2691 1544 2722 πίστις
1552 2691 1606 2726 (62)
1622 2690 1819 2727 αἰχμαλωσίας.

1063 2845 1119 2879 (σο)
1138 2844 1168 2871 r.
1185 2844 1217 2871 δι’
1235 2844 1274 2870 ὃν.

1064 2881 1120 2914 (tif)
1138 2879 1202 2906 Cor.
1215 2880 1244 2904 ἐν
1253 2879 1402 2914 Ῠὰνάγκαις.

1064 2915 1118 2951 (62)
1137 2914 1166 2941 F.
1187 2913 1292 2948 πιστῆς.
