1929 3038
50 194 101 221 475

420 193 610 224 llOMlLlAlll
645 196 679 224 IN
709 193 766 222 DIE
794 194 1095 224 RESURRELTIONIS
1113 195 1262 223 CllRlSTl.

1631 202 1684 230 478

48 251 102 278 Kal.
108 250 166 286 γὰρ
174 250 222 277 καὶ
232 250 358 286 βασιλεὺς
366 251 495 284 πολλάκις
501 254 614 281 αίδείται
624 255 796 291 παράκλησιν
803 255 847 291 δή-

898 262 953 286 ces,
971 262 1001 280 ac
1015 254 1165 289 praesertim
1179 262 1193 281 a
1209 254 1332 282 fidelibus
1349 256 1465 290 captivis
1479 257 1615 292 profectae.
1630 259 1684 286 Sm-

49 305 110 331 μου,
123 297 171 323 καὶ
182 297 325 332 χαρίζεται
338 298 499 330 καταδίκους
509 299 677 328 δυσωποῦντι
687 301 765 337 ὄχλου
773 300 840 336 (63).

48 341 153 368 Οὐκοῦν
168 342 285 377 δεόμεθα
296 344 386 370 πᾶσαν
395 345 445 380 τὴν
458 345 592 381 ὑμετέραν
604 347 713 383 ἀγάπην
727 348 842 379 ἐκτενῶς

49 388 237 422 μνημονεῦσαι
246 389 299 415 τῶν
308 389 429 424 ἀδελφῶν
442 392 459 426 ἡ
463 391 520 426 μῶν
530 392 585 419 τῶν
600 393 708 430 ἐνάγκῃ
718 393 784 429 (tu)-
795 394 842 420 καὶ

48 433 108 458 κατ’
135 432 222 468 αὐτὴν
249 433 356 469 ἐκείνην
370 434 420 470 τὴν
440 436 662 472 φρικωδεστάτην
684 438 767 474 ὥραν,
785 435 841 475 ὲνῇ

48 478 92 504 τὸν
106 479 238 513 ἀτὶμητον
259 480 431 515 μαργαρίτην
443 481 489 507 τοῦ
502 482 620 518 Χριστοῦ
634 483 759 518 σώματος
776 485 842 510 ὑπο-

48 525 181 559 δεξάμεθα
191 526 220 552 ὲν
232 527 291 557 ταῖς
302 527 396 562 χερσὶν
408 528 423 563 ὴ
428 527 498 563 μῶν.
521 527 614 560 Οὕτως
625 529 695 564 ὑπὲρ
705 529 758 556 τῶν
769 529 843 556 ἀδελ-

49 571 108 604 φῶν
130 571 210 606 ἡμῶν
233 572 351 604 ἐκτενῶς
374 574 599 609 προσευξώμεθα,
617 576 665 602 καὶ
679 575 717 610 τῷ
731 575 842 610 Χριστῷ

48 615 172 650 εἴπωμεν
182 624 188 630 ·
204 616 290 648 Αὐτὸς
306 617 320 642 ὁ
336 617 415 652 μόνος
429 619 444 644 6
453 618 513 644 τότε
527 619 574 645 καὶ
588 618 636 646 νῦν
651 619 751 653 ἀγαθὸς
765 619 840 651 Θεὸς,

49 661 96 686 καὶ
121 660 314 696 φιλάνθρωπος
338 663 485 698 Δεσπότης.
501 663 515 689 6
538 663 582 690 διὰ
605 663 653 690 τοῦ
679 664 773 699 Πάσχα
796 664 842 690 τὸν

56 704 163 740 Ἰσραὴλ
177 705 209 732 ἑκ
220 705 341 738 δουλείας
351 707 490 741 Αἰγύπτου
507 708 659 743 ῥυσάμενος
682 710 728 736 καὶ
740 710 783 736 διὰ
794 709 841 735 τοῦ

49 751 166 785 αἵματος
180 752 227 777 τοῦ
239 752 326 786 ἀμνοῦ
339 752 495 788 ἐλευθερίαν
510 753 583 789 αὐτῷ
593 755 784 789 χαρισάμενος,
797 755 843 781 σὺ·

49 797 96 828 τὸς
110 798 158 823 καὶ
174 798 223 823 νῦν
236 797 280 824 διὰ
293 798 339 824 τοῦ
351 799 488 834 ἀχράντου
512 807 558 825 σου
577 799 712 835 σώματος,
730 801 776 827 καὶ
794 799 841 826 τοῦ

49 843 142 878 τιμίου
164 843 290 878 αἵματος,
303 843 352 878 τῆς
374 845 476 879 πικρᾶς
498 844 621 876 δουλείας
635 845 792 880 ἐλευθερίαν
803 845 842 880 τῷ

51 888 147 922 κόσμῳ
162 896 209 913 σου
229 887 360 923 δὼρησαι.
370 889 398 915 '0
415 889 633 924 προσδεξάμενος
647 890 696 924 τῆς
711 891 838 925 ἁμαρτω-

895 307 928 334 pe
945 300 1017 326 enim
1042 307 1087 326 rex
1117 300 1209 334 populi
1225 300 1423 335 supplicatione
1438 309 1634 336 commovetur,
1651 312 1682 332 ac

893 343 1051 379 deprecanti
1078 345 1164 371 turba:
1187 345 1331 372 damnatos
1354 346 1466 374 relaxat.
1482 347 1650 384 Quapropter
1667 359 1682 378 a

893 394 984 417 veslra
999 391 1121 417 omnium
1140 390 1275 418 cbaritate
1288 391 1488 424 contendimus,
1505 393 1542 420 uti
1569 395 1681 421 calami-

894 439 1015 462 tosorum
1032 435 1146 461 fratrum
1164 439 1319 462 nostrorutn
1338 436 1455 464 sollicite
1470 442 1683 474 constanterque

893 481 1087 514 memineritis;
1100 485 1182 515 atque
1193 481 1219 507 in
1232 481 1276 508 illa
1291 482 1404 508 terribili
1418 483 1484 509 hora
1498 484 1682 517 potissimum,

894 534 946 561 qua
963 527 1050 561 pretio
1066 527 1195 562 majorem
1210 527 1282 553 omni
1299 527 1398 554 Christi
1414 529 1536 563 corporis
1554 530 1684 564 margari-

894 576 948 598 tam
967 572 1092 599 manibus
1106 572 1259 606 excipietis.
1277 572 1353 599 lluuc
1369 573 1451 607 igitur
1466 574 1494 600 itt
1510 574 1621 601 modum
1635 583 1684 609 pro

894 617 1025 645 fratribus
1041 618 1143 645 nostris
1163 618 1289 645 ardenter
1306 625 1433 652 oremus;
1451 623 1532 654 atque
1554 620 1591 646 ita
1608 621 1684 647 Chri-

893 668 964 690 stum
991 663 1164 698 alloquamur
1183 673 1188 690 :
1206 663 1276 690 Deus
1301 671 1332 690 ae
1356 664 1473 700 benigne
1497 665 1620 695 Domine,
1637 666 1684 700 qui

894 714 965 733 unus
988 711 1018 733 ut
1034 707 1111 740 olim,
1129 707 1166 733 ita
1183 714 1256 734 nunc
1272 707 1360 735 bonus
1380 716 1419 741 es,
1444 711 1488 743 qui
1515 718 1563 744 per
1581 709 1683 737 Pascha

893 751 1032 779 lsraelitas
1054 753 1088 779 ab
1109 751 1269 788 Egyptiaca
1285 754 1417 781 servitute
1437 755 1556 782 liberasti
1569 776 1576 787 ,
1591 757 1685 790 eisque

894 806 941 832 per
966 798 1029 833 agni
1052 799 1214 833 sanguinem
1232 799 1383 827 libertatem
1400 801 1555 828 indulsisti:
1574 802 1643 828 idem
1658 807 1685 829 et

894 850 967 870 nunc
980 851 1028 878 per
1042 843 1245 871 immaculatum
1260 852 1360 880 corpus
1385 850 1460 872 tuttm
1489 854 1519 873 ac
1535 848 1684 881 pretiosum

894 889 1064 922 sanguinem,
1080 888 1210 914 mundum
1235 892 1310 915 tuum
1329 890 1363 916 ab
1386 890 1485 916 acerba
1509 892 1640 918 servitute
1654 892 1686 918 li-

50 933 96 960 λοῦ
113 933 217 969 πόρνης
232 933 276 959 τὸν
289 933 436 969 κλαυθμὸν,
449 934 592 969 πρόσδεεαι
608 935 640 969 σή
646 944 677 970 με
683 943 727 971 ρον
741 935 787 961 καὶ
795 935 843 970 τὴν

898 933 969 960 bera.
985 933 1036 966 Tu,
1053 934 1100 968 qui
1122 934 1285 968 peccatricis
1304 936 1457 962 meretricis
1481 936 1572 963 ﬂetum
1596 937 1684 964 admi~

51 979 101 1013 σὴν
134 978 297 1013 Ἐκκλησίαν
320 979 366 1005 καὶ
391 980 582 1014 αἰχμαλωσίας
606 980 652 1007 τὸν
671 981 839 1016 στεναγμόν·

49 1025 63 1049 6
85 1024 304 1059 προσδεξάμενος
324 1025 371 1051 τοῦ
394 1024 493 1061 λῃστοῦ
512 1026 559 1053 τοῦ
574 1026 670 1052 πιστοῦ
686 1027 734 1062 τὴν
750 1026 842 1061 παρα-

52 1069 161 1104 κλησιν,
179 1070 323 1106 πρόσδεξαι
337 1070 384 1096 τοῦ
397 1070 462 1097 λαοῦ
477 1079 524 1097 σου
539 1071 585 1097 τοῦ
603 1071 698 1098 πιστοῦ
713 1071 763 1106 τὴν
781 1071 843 1107 δέη-

53 1123 94 1140 σιν
104 1123 110 1129 '
129 1116 144 1140 6
156 1115 374 1150 προσδεξάμενος
385 1116 431 1141 τοῦ
445 1115 549 1150 Πέτρου
564 1116 613 1152 τὴν
632 1117 786 1151 μετάνοιαν,
796 1117 843 1143 καὶ

52 1162 96 1188 τὸν
105 1162 267 1196 στεναγμὸν,
279 1161 422 1197 πρόσδεξσιι
436 1163 480 1189 καὶ
493 1163 571 1198 ἡμῶν
584 1163 628 1190 τὸν
643 1163 781 1197 κλαυθμὸν
789 1163 843 1189 τῶν

53 1205 187 1240 πτωχῶν·
216 1207 230 1231 6
257 1206 294 1241 μὴ
318 1206 492 1242 ἀποστρέψας
506 1207 662 1238 Χαναναίας
676 1206 710 1233 τὰ
727 1207 841 1242 δάκρυα,

52 1251 126 1283 δέξαι
143 1252 190 1278 καὶ
207 1252 308 1287 μικρὰν
332 1252 494 1287 Ἐκκλησίαν
515 1253 585 1288 ὑπὲρ
605 1253 725 1288 μεγάλης
743 1253 844 1288 αἰχμα-

53 1297 153 1328 λωσίας
171 1297 386 1332 πρεσϐεύουσαν,
400 1299 446 1324 καὶ
461 1298 528 1332 πρὸς
542 1298 571 1324 σὲ
585 1298 630 1324 τὸν
644 1299 710 1324 Θεὸν
725 1298 844 1333 σήμερον

55 1343 161 1377 βοῶσαν
184 1343 230 1369 καὶ
241 1343 373 1377 λέγουσαν
384 1352 390 1359 ·
410 1344 439 1370 '0
450 1344 527 1376 Θεὸς,
539 1345 552 1370 6
562 1344 623 1379 τριή
629 1352 710 1379 μερος
724 1344 844 1375 ἀναστὰς

54 1389 85 1414 ὲκ
101 1387 157 1414 τῶν
170 1388 286 1424 νεκρῶν,
298 1389 450 1423 ἀνάστησον
465 1390 497 1414 ὲκ
506 1388 560 1414 τῶν
571 1388 676 1423 ἐχθρῶν
691 1388 736 1415 τὸν
750 1388 844 1415 πιστόν

55 1442 101 1460 σου
118 1434 183 1460 λαόν
193 1442 200 1449 ·
216 1434 230 1460 6
245 1434 290 1460 τὸν
316 1435 400 1470 ’Δδὰμ
415 1436 525 1470 ὲγείρας
537 1436 569 1461 ἐκ
583 1435 636 1461 τῶν
649 1434 845 1469 θνητῶν,ἕγει-

56 1488 101 1514 ρον
114 1480 145 1505 τὸ
159 1479 244 1513 χέρας
260 1479 314 1506 τῶν
327 1480 496 1515 Χριστιανῶν
506 1488 512 1495 ·
529 1480 609 1512 αὐτὸς
626 1481 640 1506 6
654 1481 715 1506 τότε
731 1481 778 1506 καὶ
797 1480 844 1506 νῦν

55 1525 131 1557 Θεὸς,
147 1526 161 1551 6
176 1525 225 1560 τὴν
242 1525 349 1561 μορφὴν
363 1526 410 1552 τοῦ
428 1526 520 1553 δούλου
534 1525 686 1558 ἀναλαϐὼν,
708 1525 844 1561 λύτρωσαι

55 1571 85 1596 ὲκ
98 1570 222 1601 δουλείας
233 1570 277 1596 τὸν
290 1571 418 1597 ταπεινόν
431 1579 477 1597 σου
489 1571 552 1597 λαόν
562 1579 569 1586 ·
583 1571 597 1596 6
611 1571 706 1606 νήπιος
719 1570 845 1604 γενέσθαι

56 1616 227 1648 καταξιώσας
241 1615 311 1652 ὑπὲρ
326 1616 413 1651 ἡμῶν,
432 1615 517 1642 σῶσον
536 1616 673 1651 μαχαίρας
691 1615 723 1641 τὸ
746 1615 847 1651 πλῆθος
861 1613 881 1640 C

57 1662 108 1689 τῶν
123 1662 230 1697 νηπίων
242 1662 329 1696 ἡμῶν.

90 1708 178 1739 Αὐτὸς
194 1708 208 1734 6
224 1708 284 1734 τότε
297 1707 373 1740 Θεὸς,
387 1709 401 1734 6
419 1707 488 1742 μετὰ
504 1708 606 1743 μητρὸς
617 1708 645 1734 ὲν
658 1707 790 1741 Δίγὺπτῳ
805 1706 847 1738 ξε-

56 1753 195 1784 νιτεύσας,
212 1753 377 1780 ἀνακάλεσαι
395 1754 444 1788 τῆς
463 1754 572 1788 μακρᾶς
584 1753 716 1785 ξενιτείας
729 1752 778 1784 τὰς
792 1761 846 1787 μη-

57 1800 138 1835 τέρας
152 1799 243 1826 καὶτὰ
252 1799 347 1826 τέκνα·
359 1801 374 1826 6
386 1799 500 1835 πραθεὶς
511 1800 580 1834 ὑπὲρ
591 1799 696 1826 πολλῶν
705 1799 854 1830 ἑκουσίως,

59 1845 161 1871 παῦσον
181 1844 230 1880 τὴν
253 1844 354 1880 πράσιν
369 1844 416 1870 τοῦ
431 1844 494 1870 λαοῦ
511 1844 565 1870 τῶν
587 1843 771 1879 Ἑκκλησιῶν·
787 1844 802 1869 6
814 1843 848 1869 δι’

59 1892 130 1926 ἡμᾶς
145 1891 174 1916 ἐν
190 1890 228 1925 τῷ
247 1890 323 1925 νώτῳ
337 1890 481 1925 δεξάμενος
500 1890 549 1921 τὰς
560 1889 607 1916 τοῦ
624 1889 740 1916 Πιλάτου
756 1888 850 1922 μάστι-

59 1946 119 1971 γας,
136 1938 183 1964 καὶ
201 1936 325 1969 ἀπειλὰς,
341 1937 422 1969 αὐτὸς
436 1937 450 1963 6
463 1937 597 1968 κοπιάσας
611 1936 644 1962 δι’
658 1936 732 1971 ἡμᾶς
752 1937 784 1962 ὲκ
800 1935 849 1970 τῆς

59 1982 223 2018 ὁδοιπορίας,
242 1982 345 2008 παῦσον
368 1981 413 2008 τοῦ
440 1981 505 2008 λαοῦ
530 1990 576 2011 σου
594 1981 657 2012 τοὺς
680 1980 780 2011 κόπους
803 1979 850 2005 καλ⁸

59 2027 261 2062 ταλαιπωρίας·
277 2029 291 2054 6
305 2028 334 2054 ἐν
356 2027 464 2062 σταυρῷ
481 2027 595 2062 βοήσας’
615 2025 704 2059 Διψῶ,
727 2025 850 2058 δρόσισον

59 2074 148 2110 ψυχὰς
160 2073 254 2105 δεινῶς
267 2073 387 2108 διψώσας
401 2074 446 2100 καὶ
460 2072 594 2104 πεινώσας
604 2081 610 2088 ·
629 2073 643 2098 6
662 2071 730 2107 μετὰ
742 2071 850 2106 ἀνόμων

62 2121 113 2147 ὑπὸ
125 2120 234 2155 ἀνόμων
248 2120 434 2155 κατακριθεὶς,
449 2119 530 2154 ῥῦσαι
547 2118 594 2145 καὶ
608 2119 682 2154 ἡμᾶς
693 2119 725 2144 ἐκ
736 2118 786 2153 τῆς
797 2117 850 2143 τῶν

61 2166 169 2201 ἀνόμων
186 2165 299 2200 βουλῆς·
316 2166 329 2191 6
344 2164 497 2200 γυμνωθεὶς
508 2165 545 2195 ὡς
558 2165 709 2200 κακοῦργος
724 2164 776 2190 ὑπὸ
789 2163 851 2190 ἁνύ-

63 2212 337 2244 μων,αὐτὺςὲκεῖνος,
347 2211 479 2243 Δέσποτα,
495 2211 547 2237 ὑπὸ
560 2211 726 2246 παρανόμων
738 2210 852 2244 δεσμευ-

62 2257 129 2288 θεὶς,
140 2257 220 2283 λῦσον
243 2257 307 2289 τοὺς
333 2258 361 2283 εν
382 2257 491 2292 δεσμοῖς
517 2257 720 2291 πεπεδημένους
734 2265 740 2271 ’
769 2257 783 2282 6
803 2255 851 2290 τὴν

62 2303 196 2338 ἄχραντόν
213 2311 259 2329 σου
275 2303 380 2338 μητέρα
397 2302 589 2337 παρακαλέσας
601 2302 655 2328 ἀπὸ
671 2301 717 2328 τοῦ
735 2300 851 2336 σταυροῦ

62 2348 192 2384 ὀδυρμοῦ,
209 2349 256 2375 καὶ
281 2348 327 2374 τοῦ
354 2347 511 2383 κλαυθμοῦ·
534 2347 614 2379 αὐτὸς
637 2348 651 2374 ὁ
673 2347 733 2374 τότε
752 2346 851 2382 βοήσας

62 2396 122 2426 ταῖς
142 2394 309 2430 μυροῳόροις
323 2394 363 2427 τὸ,
379 2395 509 2427 Χαίρετε,
533 2393 613 2425 αὐτὸς
630 2393 677 2419 καὶ
699 2391 744 2419 νῦν
757 2392 853 2427 βόησον

62 2441 122 2471 ταῖς
130 2439 305 2474 Ἐκκλησίαις
322 2448 379 2472 σου,
388 2439 505 2474 Χαίρετε
516 2447 522 2454 ·
538 2439 619 2470 αὐτὸς
628 2440 642 2465 6
652 2440 707 2469 τοῖς
714 2438 787 2472 ἥλοις
798 2438 853 2468 τοῖς

63 2485 164 2519 τιμίοις
177 2484 364 2520 προσηλωθεὶς
374 2485 423 2516 τὰς
435 2486 528 2521 χεῖρας
539 2484 584 2510 καὶ
596 2485 659 2515 τοὺς
669 2483 761 2515 πόδας,
774 2483 853 2510 λῦσον

65 2530 269 2566 σιδηροδέσμων
283 2529 354 2556 λαῶν
369 2529 418 2561 τὰς
435 2531 529 2564 χεῖρας
543 2529 665 2560 καὶτοὺς
678 2528 770 2559 πόδας.
785 2528 849 2560 Ναὶ,

64 2577 188 2603 Matura.
212 2575 397 2610 φιλάνθρωπε,
410 2576 425 2602 6
436 2576 535 2603 εἰπών·
553 2575 722 2608 Περίλυπός
735 2574 820 2601 ἐστιν
833 2575 853 2608 ’ἡ

64 2622 149 2656 ψυχή
166 2631 226 2656 μου
240 2622 274 2648 ἐκ
291 2621 430 2654 θανάτου,
449 2622 528 2657 ῥῦσαι
544 2621 590 2647 τὸν
605 2621 668 2647 λαόν
686 2629 732 2647 σου
746 2620 794 2655 τῆς
807 2620 855 2646 λύ·

65 2676 119 2703 πης
132 2668 180 2694 καὶ
193 2667 239 2695 τοῦ
254 2667 370 2694 θανάτου
379 2676 385 2683 ·
402 2668 483 2699 αὐτὸς
495 2669 509 2694 6
520 2669 554 2703 τῇ
570 2667 693 2702 ῥομφαίᾳ
703 2667 793 2701 νυγεὶς
806 2666 854 2702 τὴν

66 2711 186 2748 πλευράν
210 2722 269 2746 σου,
292 2713 435 2749 σύντριψον
459 2713 513 2739 τῶν
535 2713 639 2748 ἐχθρῶν
655 2711 703 2747 τὴν
719 2711 855 2747 ῥομφαίαν

68 2759 98 2793 τῇ
112 2759 185 2794 χειρί
205 2767 252 2785 σου
268 2760 302 2794 τῇ
314 2760 443 2795 κραταιᾷ,
455 2760 501 2786 καὶ
514 2758 658 2794 μνήσθητι,
674 2758 805 2790 Δέσποτα,
818 2757 856 2789 ὡς

61 2811 67 2827 l

103 2894 160 2930 (οδ)
177 2894 241 2922 Cor.
258 2894 337 2929 δχλῳ.

105 2837 113 2852 ¹
125 2835 205 2865 Joan.
222 2846 278 2867 xu.
290 2838 335 2865 ‘28.
375 2839 384 2853 ’
396 2837 488 2865 Matth.
501 2845 595 2871 xxvut,
609 2837 635 2865 9.
675 2837 684 2852 ’
696 2824 788 2863 lflatth,
808 2843 882 2863 xxvi.

894 981 964 1013 sisti,
978 980 1090 1006 admitte
1107 980 1188 1007 modo
1203 985 1230 1007 et
1247 979 1392 1007 Eeclesiam
1422 985 1495 1008 luam
1522 986 1549 1008 et
1572 983 1685 1016 captiva:

893 1024 980 1051 turbae
992 1024 1109 1058 gemitus
1133 1031 1165 1050 ac
1179 1024 1315 1057 suspiria;
1328 1024 1374 1058 qui
1390 1024 1477 1052 fidelis
1492 1025 1605 1052 latronis
1624 1034 1685 1059 pre—

893 1077 939 1098 ces
963 1070 1109 1100 exaudisti.
1131 1070 1223 1104 populi
1247 1070 1285 1096 tui
1310 1070 1396 1097 fidelis
1411 1070 1549 1097 orationes
1569 1071 1683 1101 exaudi:

893 1117 939 1150 qui
959 1116 1029 1143 Petri
1047 1116 1233 1150 paenitentiam
1250 1121 1275 1143 et
1292 1116 1408 1143 lamenta
1422 1116 1533 1143 minime
1544 1120 1685 1144 aversatus

893 1169 940 1193 es,
963 1162 1148 1188 meudicorutu
1179 1165 1304 1188 nostrum
1330 1162 1451 1188 omnium
1476 1162 1555 1190 ﬂetus
1573 1163 1682 1197 excipe;

894 1208 1110 1243 quiCltanana-tc
1137 1209 1271 1243 lacrymas
1287 1217 1339 1235 non
1360 1208 1526 1243 repudiasti,
1545 1210 1639 1243 accipe
1660 1214 1687 1236 et.

895 1253 1045 1281 Eeclesiam
1071 1262 1194 1289 parvam,
1213 1262 1262 1288 pro
1290 1255 1392 1288 majore
1412 1255 1583 1289 captivorum
1608 1255 1686 1282 turba

896 1300 1105 1334 supplicantem,
1121 1304 1147 1326 et
1166 1299 1198 1326 ad
1223 1304 1247 1326 te.
1269 1300 1351 1326 Deum
1381 1300 1460 1326 hodie
1477 1300 1638 1326 clamantem
1656 1307 1687 1326 ac.

895 1345 1029 1372 dicetttem
1043 1354 1049 1371 :
1067 1345 1150 1376 Deus,
1165 1345 1210 1379 qui
1227 1349 1286 1379 post
1300 1344 1420 1371 triduum
1435 1352 1449 1370 a
1466 1345 1582 1371 mortuis
1595 1351 1687 1371 resur-

896 1390 1000 1421 revisti,
1022 1391 1126 1417 fidelem
1142 1394 1217 1417 ttuun
1235 1390 1362 1424 populum
1381 1390 1414 1417 ab
1435 1389 1609 1416 inimicorum
1626 1397 1684 1415 ma-

895 1436 976 1463 nibtts
1003 1436 1108 1469 excita;
1124 1436 1316 1471 quiAdamum
1342 1444 1356 1463 e
1383 1436 1538 1463 mortalium
1567 1436 1687 1463 eduxisti

896 1490 1023 1514 numero,
1048 1490 1134 1509 cornu
1159 1482 1378 1509 Christianorum
1403 1482 1512 1514 attolle;
1544 1482 1590 1516 qui
1618 1482 1687 1508 lleus

896 1527 960 1553 olim
988 1532 1015 1554 et
1036 1534 1109 1553 nunc
1135 1527 1271 1553 cxsistens
1294 1526 1420 1553 servilem
1446 1527 1558 1553 indutus
1579 1534 1609 1553 es
1632 1526 1687 1553 for-

897 1580 980 1605 mam,
995 1572 1123 1599 humilem
1148 1576 1225 1598 tuutn
1252 1579 1266 1598 a
1293 1572 1424 1598 servitute
1443 1571 1570 1606 populum
1593 1571 1685 1606 eripe;

899 1619 945 1653 qui
960 1618 1050 1645 infans
1061 1626 1121 1645 esse
1135 1622 1231 1645 nostra
1246 1625 1329 1644 causa
1342 1617 1464 1651 voluisti,
1477 1617 1627 1645 infantulos
1639 1625 1687 1644 no-

897 1669 968 1691 stros
984 1672 998 1690 a
1013 1664 1110 1697 gladiis
1122 1664 1222 1690 exime.

931 1710 982 1740 'l‘u,
997 1710 1042 1743 qui
1067 1717 1115 1743 per
1140 1709 1204 1736 illud
1231 1713 1348 1743 tempus,
1367 1716 1428 1735 cum
1458 1717 1534 1736 esses
1562 1709 1643 1741 Drus,
1661 1709 1687 1735 in

897 1754 1014 1789 ΔΕΜ-μω
1037 1762 1100 1781 eum
1117 1758 1203 1781 matre
1219 1754 1408 1788 peregrinatus
1425 1763 1466 1785 es,
1483 1755 1516 1781 ab
1539 1754 1687 1788 longinqua

899 1801 1116 1835 peregrinatione
1139 1805 1240 1827 matres
1263 1807 1295 1827 ac
1319 1801 1420 1827 liberos
1437 1808 1552 1833 revoca;
1575 1801 1622 1834 qui
1641 1808 1689 1834 pro

899 1846 993 1872 multis
1014 1846 1047 1872 de
1066 1849 1111 1872 tua
1130 1846 1267 1872 voluntate
1284 1846 1408 1873 venditus
1424 1854 1464 1877 cs,
1484 1845 1524 1872 fac
1547 1851 1576 1872 ut
1601 1850 1689 1873 cesset

899 1891 985 1925 plebis
1003 1891 1186 1918 Ecclesiarum
1205 1895 1313 1917 tuarum
1329 1891 1379 1918 ista
1395 1892 1534 1924 venditio;
1555 1892 1600 1926 qui
1624 1891 1687 1926 pro«

900 1934 1103 1970 ptcrnosl’ilati
1121 1936 1232 1962 verbera
1249 1939 1324 1971 tergo
1343 1941 1406 1966 tuo.
1426 1944 1457 1963 ac
1475 1937 1563 1967 minas
1581 1937 1689 1971 excepi-

900 1982 954 2013 sti;
973 1982 1019 2016 qui
1036 1985 1130 2007 nostra
1145 1988 1228 2008 causa
1244 1988 1276 2008 ex
1292 1981 1388 2008 itinere
1405 1981 1534 2016 fatigatus
1546 1989 1584 2012 es.
1597 1982 1688 2015 populi

900 2029 938 2055 tui
955 2028 1095 2055 laboribus
1125 2031 1151 2054 et
1173 2027 1303 2054 aerumnis
1331 2028 1439 2054 modum
1462 2027 1577 2058 adhibe;
1597 2028 1643 2062 qui
1663 2028 1689 2054 in

900 2081 982 2100 cruce
996 2072 1163 2100 vociferatus
1186 2080 1216 2099 es
1230 2082 1236 2099 :
1253 2072 1320 2098 Silio
1331 2073 1338 2087 ι
1351 2094 1357 2104 ,
1375 2072 1494 2107 graviter
1510 2072 1645 2103 sitientes,
1662 2077 1688 2099 et

900 2120 1054 2147 esurientes
1067 2120 1172 2147 animas
1183 2119 1289 2146 crelesti
1304 2126 1364 2145 rore
1379 2117 1552 2153 perfundito;
1567 2119 1612 2151 qui
1625 2126 1688 2145 cum

901 2165 1042 2192 sceleratis
1057 2164 1090 2191 ab
1108 2163 1250 2191 sceleratis
1264 2163 1409 2189 damnatus
1439 2169 1478 2194 es,
1495 2161 1570 2196 eripe
1596 2170 1647 2188 nos
1675 2170 1689 2188 a

901 2209 1097 2236 sceleratorum
1116 2208 1248 2240 consilio;
1262 2208 1307 2242 qui
1323 2207 1357 2234 ab
1370 2206 1481 2234 nefariis
1495 2210 1623 2240 tanquam
1636 2214 1692 2233 ma-

903 2254 996 2281 leficus
1013 2254 1134 2281 nudatus
1147 2261 1192 2286 es;
1209 2257 1248 2285 ttt,
1267 2254 1387 2288 inquam,
1406 2253 1472 2286 ipse,
1492 2252 1537 2286 qui
1550 2252 1583 2278 ab
1598 2252 1690 2286 impiis

904 2300 1002 2335 ligatus
1020 2306 1066 2333 es;
1084 2307 1132 2326 eos
1149 2299 1223 2334 ipsos
1236 2299 1356 2330 exsolve,
1382 2298 1426 2333 qui
1448 2297 1564 2324 vinculis
1587 2297 1690 2333 alligati

903 2349 984 2378 sunt;
1000 2345 1045 2379 qui
1063 2345 1200 2371 inviolata:
1221 2345 1316 2371 matris
1333 2349 1385 2371 tua:
1408 2344 1509 2371 lttcttttn
1542 2351 1573 2371 ac
1596 2344 1689 2371 lletmn

907 2392 941 2419 de
968 2398 1050 2418 cruce
1073 2390 1231 2417 consolatus
1252 2398 1292 2421 es,
1309 2390 1410 2425 quique
1440 2393 1504 2417 tunc
1522 2395 1689 2425 unguentqu

904 2437 1055 2465 ferentibus
1076 2436 1130 2463 illis
1152 2435 1337 2466 mulierculis,
1354 2437 1432 2462 Areto
1442 2437 1464 2467 ³,
1482 2436 1573 2464 dixisti
1591 2446 1596 2464 :
1613 2437 1692 2472 cujus

904 2491 1002 2510 manus
1020 2490 1051 2509 ac
1069 2482 1151 2517 pedes
1170 2481 1376 2516 pretiosissimis
1397 2481 1481 2509 clavis
1513 2482 1600 2509 sullixi
1617 2487 1691 2514 sunt,

905 2536 1072 2563 quazsumus,
1091 2536 1106 2555 ο
1129 2527 1324 2562 benignissime
1347 2527 1475 2554 Domine!
1504 2528 1550 2563 qui
1571 2529 1663 2556 dixisti
1685 2539 1690 2556 :

905 2574 1000 2601 Tristia
1027 2578 1065 2601 est
1091 2575 1181 2600 anima
1197 2581 1263 2604 mea,
1280 2577 1384 2607 propter
1402 2574 1546 2606 mortem”;
1564 2575 1692 2609 populum

905 2624 980 2647 tuum
995 2628 1011 2647 a
1027 2619 1119 2646 dolore
1131 2627 1162 2645 ac
1177 2623 1265 2645 morte
1293 2617 1449 2650 libera.Tu,
1465 2618 1510 2645 cui
1527 2619 1620 2645 lancea
1631 2627 1690 2654 pcr-

906 2666 1022 2693 foratum
1047 2665 1118 2693 latus
1132 2668 1185 2694 est,
1203 2665 1322 2691 hostium
1351 2664 1472 2691 lanceam
1490 2665 1594 2700 potenti
1611 2673 1692 2691 tuauu

905 2717 951 2739 tua
963 2711 1122 2746 confringe;
1135 2715 1217 2746 atque
1231 2714 1261 2738 ut
1275 2711 1360 2738 ﬁdelis
1371 2710 1435 2738 olim
1450 2710 1565 2737 latronis
1581 2711 1619 2737 tui
1634 2731 1640 2743 ,
1655 2710 1691 2736 ita

907 2757 993 2785 ﬁdelis
1012 2757 1092 2784 modo
1108 2757 1146 2783 tui
1165 2757 1259 2792 populi
1277 2757 1445 2784 memineris.
1465 2756 1514 2790 Qui
1539 2764 1588 2791 pro
1612 2756 1696 2783 nobis

903 2835 947 2862 58.

947 2889 1002 2924 (δι)
1019 2888 1048 2916 ιε’.
1065 2877 1096 2915 ἐν’
1108 2889 1224 2924 ἀνάγκῃ.
