1929 3038
217 150 229 176 λί
237 152 269 177 75

841 143 942 171 υιῑιιιλ
962 145 1031 172 ᾹΕΤ
1053 146 1190 174 SPURIA.

1823 148 1881 177 (τε

219 209 396 244 purissimum
411 211 487 234 tuum
507 205 649 241 profudisti
672 207 846 241 sanguinem,
867 205 1009 240 sanguinis

1077 207 1106 233 οὔ
1124 207 1224 242 λῃστοῦ
1241 216 1288 234 σου
1303 208 1350 235 τοῦ
1371 210 1466 240 πιστοῦ
1486 210 1532 237 καὶ
1555 209 1602 237 τοῦ
1617 209 1682 236 λαοῦ
1703 217 1752 234 σου
1766 216 1774 222 ·
1796 208 1814 234 ὁ
1829 207 1883 241 χύ-

220 255 307 283 nostri
322 254 476 289 profusioni
493 252 602 280 modum
621 252 740 286 impone,
755 259 786 278 ac
807 250 896 282 tuum,
917 251 1008 278 Domi-

218 310 263 332 ne,
280 301 409 336 populum
423 306 519 329 serva;
536 305 617 332 parce
630 297 780 324 hazreditati
796 302 858 324 tum.
877 297 1007 332 Exsurge,

217 355 298 382 quare
311 345 454 377 obdormis,
474 345 582 371 Domine
591 345 604 371 ?
617 343 706 376 Quare
722 344 815 371 hostes
826 348 888 370 tuos
903 344 1009 377 patien-

217 396 260 419 ter
282 391 402 418 toleras?
419 391 507 423 Quare
532 390 627 416 avertis
657 389 753 423 facient
781 394 854 415 tuam
879 397 895 415 α
912 388 1009 416 nobis?

218 438 312 472 Surge,
331 442 355 464 et
374 445 403 464 ne
419 436 530 471 repellas
542 437 569 462 in
584 435 663 470 ﬁnem
674 436 682 450 ί
698 444 705 463 ς
719 443 785 462 neve
802 439 933 470 perpetuo
945 442 1010 462 con-

219 489 336 512 temnas.
356 483 489 510 Memento
505 483 595 509 crucis
611 485 674 513 tum,
693 485 830 508 memento
851 481 941 515 populi
957 481 1007 512 tui,

220 534 357 557 memento
386 529 638 556 misericordiarum
670 533 790 559 tuarum,
813 527 934 559 Domine,
962 527 1008 561 qui

220 575 400 610 quadraginta
422 575 480 602 dies
505 578 618 609 propter
635 581 685 601 nos
700 573 800 600 tentari
826 573 948 604 voluisti,
966 580 1010 599 re—

219 621 334 649 cordare
359 621 449 656 populi
466 620 516 651 tui.
535 620 582 654 qui
606 619 724 647 desertis
748 623 776 646 et
804 618 954 646 inaccessis
979 625 1011 645 ac

220 667 302 694 siccis
329 666 356 692 in
372 666 439 693 locis
456 668 597 693 tentatur:
612 664 708 691 horum
734 668 762 690 tu
782 663 938 693 nobiscum,
956 662 1011 689 imo

220 717 284 738 ante
300 719 361 742 nos,
375 711 580 746 benignissime,
603 709 858 742 humanissimeque
881 707 1012 735 recorda-

220 765 272 788 re;
297 757 358 784 illos
384 756 503 790 adjuva;
535 755 597 782 i‘llos
626 754 759 789 praeveni;
792 753 853 780 illos
880 753 1008 786 deinceps

221 802 326 834 invise;
362 801 435 831 illos,
472 801 595 834 inquam,
635 799 756 825 omnium
796 797 1010 828 infelicissimos,

220 847 355 879 omnium,
371 846 418 881 qui
429 846 456 872 in
466 845 657 875 terrisvivunt,
673 843 893 877 abjeetissimos;
909 843 970 869 illos
985 843 1012 869 in

1064 261 1113 284 σας
1124 252 1154 279 τὸ
1167 253 1303 288 ἄχραντον
1314 252 1384 290 αἷμα
1397 255 1466 290 ὑπὲρ
1480 256 1571 291 ἡμῶν,
1581 255 1685 282 παῦσον
1696 254 1749 290 τὴν
1761 253 1883 287 σύγχυ-

1063 307 1106 325 σιν
1120 298 1174 325 τῶν
1190 300 1317 334 αἱμάτων
1332 301 1422 336 ἡμῶν.
1440 302 1532 328 Σῶσον
1543 302 1589 328 τὸν
1604 300 1669 327 λαόν
1683 309 1745 331 σου,
1761 299 1882 325 Δέσπο-

1062 352 1112 371 τα·
1131 347 1222 380 φεῖσαι
1245 347 1294 382 τῆς
1319 347 1502 383 κληρονομίας
1525 346 1808 382 σου.“Εξεγέρθητιο
1827 345 1882 371 ἵνα

1063 391 1091 417 τί
1103 392 1220 424 ὺπνοῖς,
1233 393 1338 425 Κύριε;
1350 394 1409 421 Ἵνα
1422 394 1448 420 τί
1461 396 1518 425 τοῖς
1534 393 1642 429 ἐχθροῖς
1655 391 1880 427 μακροθυμεῖς·

1064 437 1126 464 Ἵνα
1141 437 1169 463 τί
1183 437 1383 472 ἀποστρέφεις
1399 439 1432 465 τὸ
1447 439 1610 473 πρόσωπόν
1621 446 1680 465 σου
1697 437 1750 471 ἀφ’
1761 435 1879 470 ἠμῶν;

1071 483 1238 516 Ἀνάστηθι,
1255 483 1303 510 καὶ
1322 484 1365 518 μὴ
1386 485 1494 518 ἁπώσῃ
1511 486 1553 518 εις
1569 484 1673 516 τέλος·
1690 483 1728 518 μὴ
1747 480 1882 516 παρίδῃς

1064 528 1104 558 εἰς
1115 528 1224 563 πλήρης
1238 529 1304 564 ((55).
1318 529 1461 564 Μνήσοητι
1470 529 1518 556 τοῦ
1529 528 1646 564 σταυροῦ
1659 536 1716 558 σου,
1728 526 1883 562 μνήσθητι

1064 572 1111 598 τοῦ
1125 573 1191 599 λαοῦ
1208 581 1267 604 σου,
1292 574 1427 609 μνήσθητι
1445 574 1498 600 τῶν
1512 573 1663 608 οίκτιρμῶν
1681 572 1786 599 σου.⁹0
1811 579 1882 597 τεσ-

1066 618 1220 653 σαράκοντα
1243 619 1350 654 ἡμέρας
1374 620 1507 651 ἑκουσίως
1529 620 1562 646 δι’
1586 619 1661 654 ἡμᾶς
1682 617 1878 652 migras-851;,

1065 664 1198 694 Δέσποτα,
1218 665 1353 700 μνήσθητι
1380 665 1435 692 τῶν
1460 666 1490 692 ἐν
1518 666 1633 700 ἐρήμοις
1655 663 1880 699 πειραζομένων

1065 709 1138 736 λαῶν
1164 718 1222 741 σου,
1239 710 1294 736 τῶν
1317 711 1346 736 ἐν
1371 710 1482 742 ἀϐάτοις
1506 710 1554 736 καὶ
1582 709 1723 744 ἀνύδροις·
1753 708 1880 734 ἐκείνων

1068 753 1202 789 μνήσθητι
1221 754 1280 789 μεθ’
1299 754 1388 789 ἡμῶν,
1411 756 1458 781 καὶ
1472 754 1526 789 πρὸ
1549 753 1640 789 ἡμῶν,
1658 753 1746 787 ἀγαθέ
1773 752 1879 786 φιλάν-

1067 798 1170 833 Θρωπε.
1180 799 1317 830 Ἐκείνους
1334 799 1535 834 συμσοήῡησον,
1550 798 1671 829 ἐκείνους
1684 797 1858 833 πρόφθασον
1870 805 1876 811 ·

1068 845 1189 877 ἐκείνους
1201 845 1293 872 λοιπὸν
1308 844 1454 879 ἐπίσκεψαι
1465 852 1471 859 ’
1488 845 1609 875 ἐκείνους
1627 844 1689 875 τοὺς
1707 843 1784 878 ὑπὲρ
1803 843 1879 868 πάν-

221 892 415 920 solitudinibus
433 892 551 918 humana
567 890 641 917 omni
671 897 719 924 spc
737 897 769 916 ac
786 888 913 924 praesidio
929 888 1014 915 desti-

1075 899 1114 921 τας
1130 890 1273 923 ἐλεεινοὺς,
1289 891 1352 923 τοὺς
1370 890 1447 926 παρὰ
1460 891 1562 922 πάντας
1577 890 1656 921 ὂντας
1677 890 1723 915 ἐπὶ
1742 889 1799 924 τῆς
1822 889 1878 923 γῆς

222 942 308 965 tutos.
325 938 376 970 Qui
398 937 493 972 procul
512 946 527 963 ιι
544 941 588 963 tua
604 943 685 962 manu
703 935 787 970 fugati
806 939 888 966 sunt;
905 935 951 969 qui
971 934 1016 960 fu-

221 990 283 1009 rore
298 986 345 1008 tuo
361 982 533 1008 vehementer
545 979 669 1015 castigati
683 989 690 1012 ;
707 980 752 1014 qui
768 979 808 1005 ira
822 983 867 1004 tua
883 978 1016 1012 majorem

223 1029 251 1055 in
279 1028 389 1055 modum
417 1027 505 1062 puniti
532 1031 606 1053 sunt.
623 1025 675 1058 Qui
704 1029 767 1052 ante
798 1029 925 1056 mortem,
943 1024 1018 1050 velut

221 1074 333 1107 mortui,
351 1074 384 1100 ab
402 1073 560 1100 hominibus
584 1072 666 1106 cjecti
690 1075 773 1104 sunt;
792 1071 838 1105 qui
854 1071 880 1097 in
895 1070 1016 1098 sanissi-

222 1128 328 1147 Iuarum
344 1120 494 1147 bestiarum
511 1118 695 1146 habitationes
719 1117 832 1152 relegati
853 1121 917 1143 sunt
932 1126 938 1142 :
956 1115 1018 1150 qui-

222 1167 273 1194 bus
290 1166 390 1192 illatam
404 1165 457 1192 vim
470 1173 502 1192 ac
514 1164 706 1192 necessitatem
732 1163 823 1190 nullus
855 1166 952 1197 praeter
977 1168 1018 1188 so-

222 1212 277 1238 nmi
294 1215 432 1246 expertem
449 1215 526 1237 tuum
537 1210 646 1237 oculum
660 1209 734 1236 videt
750 1218 756 1235 :
770 1215 887 1243 quorum
908 1211 947 1238 lu,
965 1206 1019 1232 Do—

223 1259 306 1290 mine,
324 1258 460 1284 miseriam
476 1257 612 1292 agnoscis,
630 1263 686 1282 non
706 1255 776 1282 alius
797 1256 942 1290 quisquam
963 1256 970 1264 ‘
987 1256 995 1263 '
1009 1255 1018 1264 '

224 1304 250 1329 in
267 1303 397 1330 saxulum
416 1310 422 1328 :
440 1306 556 1337 propter
569 1308 629 1336 qua:
646 1302 680 1328 ab
695 1301 761 1327 orbe
776 1305 909 1327 terrarum
927 1299 1020 1333 sejun-

223 1349 260 1376 cti
287 1352 361 1380 sunt,
381 1352 408 1375 et
431 1348 525 1382 procul
546 1347 580 1374 ab
598 1346 724 1374 ecclesiis
748 1346 849 1378 dissiti,
885 1346 1017 1373 festorum

225 1394 347 1421 omnium
365 1394 452 1426 obliti,
470 1401 502 1420 ac
522 1393 574 1420 diei
592 1392 674 1426 hujus
688 1392 812 1419 solennis
831 1392 929 1427 ignari.

262 1479 311 1507 llis
334 1484 374 1512 tu,
398 1479 523 1511 Domine,
542 1479 738 1506 misericordire
758 1477 897 1513 paululum
917 1478 1016 1511 tribue,

226 1533 316 1560 neque
331 1525 404 1552 enim
423 1525 538 1551 multum
558 1526 677 1559 postulo.
698 1523 818 1551 Praeveni
844 1524 916 1556 illos,
935 1525 1017 1556 Deus,

225 1557 281 1606 qui.
301 1570 362 1596 illos
385 1569 525 1604 castigasti
537 1578 544 1601 ;
558 1557 686 1604 _pra:vcni
709 1568 778 1596 filios
794 1569 930 1603 quondam
947 1572 1019 1601 tuos,
1035 1557 1056 1586 δ

227 1616 358 1651 quoniam
374 1619 400 1642 et
418 1614 469 1649 ipsi
493 1614 641 1641 Christiani
661 1615 800 1649 quondam
824 1615 944 1648 fuerunt,
968 1615 1019 1647 ipsi

228 1663 366 1698 quondam
386 1669 481 1696 greges
497 1661 547 1692 tui,
569 1661 620 1696 ipsi
645 1661 768 1688 membra
788 1664 834 1687 tua
849 1669 856 1694 ;
874 1661 955 1688 iidem
971 1661 1016 1688 im-

228 1707 358 1735 maculati
370 1707 509 1742 quondam
529 1707 654 1741 corporis
669 1707 708 1733 tui
728 1706 803 1734 fuere
821 1707 980 1742 participes,
994 1711 1022 1734 et

228 1760 301 1780 nunc
319 1752 465 1779 ferinorum
475 1759 620 1787 corporum
643 1755 708 1780 sunt
728 1752 885 1787 participes.
919 1752 1021 1784 Quam-

227 1798 321 1826 obrem
330 1798 435 1833 respice
444 1797 477 1824 ad
492 1798 562 1829 illos,
576 1797 699 1829 Domine,
709 1798 735 1824 in
752 1797 950 1825 misericordiis
973 1798 1023 1824 mi-

228 1844 539 1878 scrationihusquetuis.
549 1843 649 1878 Aspice
663 1843 826 1871 miserorum
843 1843 958 1871 istorum
974 1851 1023 1870 ne.

227 1890 395 1922 cessitatem,
404 1895 430 1917 et
439 1889 636 1924 benignitatem
651 1889 752 1922 tribue;
764 1889 854 1924 aspice
861 1889 1021 1922 nuditatem,

227 1941 254 1962 et
269 1936 457 1963 liberationem
478 1935 608 1970 indulge;
624 1935 716 1970 aspice
739 1935 905 1970 profundam
924 1935 1021 1962 solitu-

228 1981 331 2012 dinem,
343 1985 370 2008 et
392 1981 607 2008 misericordiam
621 1984 694 2007 tuam
718 1980 882 2013 commoda;
904 1988 936 2007 ac
952 1984 1023 2007 tam-

231 2027 282 2053 etsi
299 2026 373 2061 juste
402 2027 430 2053 in
448 2027 509 2054 i-llos
537 2025 768 2056 animadvertisti,
788 2025 898 2052 medere
920 2025 1022 2052 nihilo-

229 2072 330 2107 minus;
344 2072 470 2106 quamvis
486 2079 536 2106 pro
549 2079 643 2097 eorum
660 2071 759 2098 merito
773 2071 921 2098 tradideris
937 2071 1022 2097 hosti-

230 2118 290 2151 bIs,
309 2118 487 2145 nihilominus
502 2123 529 2144 tu
546 2118 606 2144 illos
631 2117 746 2151 collige;
771 2116 926 2152 ﬂagellasti,
952 2125 1022 2145 con-

229 2164 338 2195 solare;
358 2163 504 2194 tradidisti,
532 2163 633 2189 redime
648 2172 654 2195 ;
681 2170 838 2197 quanquam
851 2171 902 2191 nos
918 2164 1018 2198 sepius

230 2209 413 2244 peccavimus,
431 2212 521 2234 tamen
548 2207 645 2234 iterum
666 2209 753 2234 nostri
772 2214 920 2242 memento,
940 2214 1021 2244 atque
1034 2225 1060 2254 Β

231 2256 329 2282 iterum
353 2259 463 2281 nostras
490 2261 585 2288 preces
607 2254 705 2280 exaudi
720 2264 726 2281 :
742 2255 815 2289 quod
836 2255 869 2282 ad
883 2264 930 2283 eos
949 2264 1020 2291 pra:-

232 2301 326 2328 sertim
350 2300 457 2330 attinet,
484 2299 530 2333 qui
570 2299 597 2325 in
621 2299 736 2327 desertis
769 2307 801 2327 ac
824 2301 973 2334 montibus,
993 2306 1020 2329 et

232 2345 369 2381 speluncis
399 2348 481 2379 atque
507 2344 587 2371 inviis
611 2348 691 2372 terra:
716 2345 784 2373 locis
796 2346 923 2373 omnibus
941 2347 1020 2374 ober—

231 2395 304 2422 raut,
332 2389 428 2416 fratres
454 2390 540 2416 nostri
567 2389 729 2422 Christiani,
760 2392 851 2426 populi
874 2391 923 2418 tui.
942 2391 1018 2420 Licet

230 2436 304 2464 enim
329 2443 380 2462 nos
406 2435 432 2462 in
458 2435 582 2462 ccclesiis
600 2444 662 2463 cum
688 2436 812 2464 fidelibus
836 2444 958 2471 agamus,
981 2439 1019 2466 illi

232 2486 324 2508 tamen
351 2482 377 2507 in
402 2481 596 2510 solitudinibus
615 2483 686 2510 inter
703 2483 796 2510 liestes
814 2483 1020 2517 periclitantur;

234 2534 294 2553 eum
311 2534 361 2554 nos
378 2527 439 2555 istic
458 2527 533 2556 festis
549 2528 647 2556 diebus
665 2528 799 2564 splendidi
817 2529 944 2564 degimus
957 2551 965 2563 ,
985 2531 1022 2557 illi

233 2573 406 2601 (ierisissimis
429 2574 457 2601 in
475 2575 596 2602 tenebris
620 2579 774 2601 versantur.
794 2576 890 2610 Magna
904 2580 946 2604 cst
965 2577 1024 2604 illo-

235 2628 294 2646 rum
319 2620 480 2654 infelicitas,
506 2622 602 2656 ingens
625 2628 720 2648 corum
741 2622 908 2655 perieulum,
937 2631 1019 2658 grave

234 2665 343 2699 vulnus,
370 2667 468 2694 acerba
499 2667 651 2698 calamitas,
680 2666 772 2694 clades
800 2668 1009 2703 inexplicabilis,

275 2743 364 2772 ‘l’sal.
383 2753 461 2776 XLIII,
472 2745 518 2775 9.5,
537 2743 582 2770 24.

272 2825 328 2860 (σῖι)
346 2824 479 2860 gon-ulna
495 2830 554 2849 vox.

274 2857 331 2896 (tiu)
345 2857 374 2885 Ρ.
391 2857 554 2892 ἐϐλήθησαν.

1065 937 1212 968 ταπεινούς
1221 945 1227 952 ·
1246 937 1367 969 ἐκείνους
1381 938 1445 968 τοὺς
1458 938 1487 963 ἐν
1501 937 1614 972 ἐρήμοις
1626 935 1701 971 παρὰ
1712 934 1877 970 ἀνθρώπων

1067 983 1298 1017 ἀπεγνωσμένους
1309 991 1315 996 ·
1332 983 1431 1014 οἵτινες
1446 982 1554 1018 μακρὰν
1579 983 1611 1008 ἐκ
1635 983 1684 1016 τῆς
1708 981 1808 1017 χειρός
1826 989 1876 1006 σου

1067 1028 1236 1064 ἐδιώχθησαν
1247 1036 1253 1043 ·
1268 1029 1368 1060 οἵτινες
1384 1028 1510 1064 μεγάλως
1521 1028 1560 1063 τῷ
1579 1028 1657 1063 θυμῷ
1675 1036 1722 1054 σου
1740 1027 1876 1054 ἐπαιδεύ-

1068 1074 1168 1109 Θησαν·
1191 1075 1290 1106 οἵτινες
1307 1075 1433 1110 μεγάλως
1454 1076 1486 1109 τῇ
1513 1074 1582 1109 ὀργῇ
1607 1082 1654 1100 σου
1671 1073 1873 1108 ὴλὲγχθησαν·

1067 1121 1168 1152 οἵτινες
1183 1121 1237 1156 πρὸ
1252 1120 1368 1147 θανάτου
1384 1120 1420 1152 ὡς
1433 1120 1526 1156 νεκροὶ⁹
1541 1120 1595 1146 ἀπὸ
1611 1119 1768 1154 ἀνθρώπων
1786 1119 1876 1153 ἐπλήυ

1070 1166 1171 1200 σθησαν
1183 1166 1246 1200 (66)·
1259 1166 1357 1197 οἵτινες
1374 1166 1442 1200 μετὰ
1459 1165 1562 1201 θηρίων
1576 1165 1680 1200 ἀγρίων
1704 1166 1795 1191 οἰκεῖν
1806 1174 1874 1191 κατ-

1069 1211 1231 1245 εκρίϐησαν·
1257 1207 1294 1237 ὧν
1315 1212 1365 1246 τὴν
1378 1210 1438 1245 βίαν
1452 1211 1540 1242 οὐδεὶς
1559 1211 1673 1246 καθορᾷ,
1691 1211 1715 1236 εί
1733 1211 1772 1246 μὴ
1791 1211 1873 1245 μόνος

1068 1256 1083 1281 ὀ
1099 1256 1144 1287 σὸς
1161 1256 1311 1291 ἁκοίμητος
1323 1257 1480 1292 ὀφθαλμός’
1496 1253 1534 1283 ὦν
1548 1257 1598 1291 τὴν
1620 1256 1744 1291 ἀνάγκην
1760 1257 1805 1287 σὺ,
1825 1256 1874 1282 Δέ-

1071 1311 1168 1335 σποτα,
1180 1303 1337 1336 γινώσκεις,
1362 1303 1408 1329 καὶ
1431 1303 1509 1334 ἄλλος
1531 1302 1620 1333 οὐδεὶς
1640 1304 1648 1313 ¹
1666 1304 1674 1313 ⁸
1689 1304 1701 1314 ⁴
1715 1303 1756 1334 είς
1775 1302 1874 1329 αἰῶνα·

1069 1347 1163 1374 λοιπὸν
1180 1347 1212 1373 δι’
1227 1344 1264 1374 ὧν
1275 1348 1467 1384 χωρισθέντες,
1483 1348 1533 1382 τῆς
1549 1347 1712 1382 οἰκουμένης
1725 1347 1806 1379 τέλος
1820 1356 1870 1382 μα-

1069 1392 1241 1428 κρυνθέντες,
1257 1393 1309 1419 τῶν
1325 1393 1477 1429 ἐκκλησιῶν
1490 1393 1582 1419 λοιπὸν
1601 1393 1806 1428 ἐπιλησθέντες,
1818 1393 1872 1419 τῶν

1070 1439 1173 1474 ἑορτῶν
1189 1439 1238 1474 τὴν
1254 1439 1362 1474 ἡμέραν
1374 1439 1545 1473 ἀγνοοῦντες.

1112 1484 1240 1516 Ἐκεινοις
1258 1485 1354 1520 μικρὸν
1377 1485 1450 1517 ἔλεος
1473 1486 1596 1522 ποίησον,
1615 1485 1746 1512 Δέσποτα·
1767 1485 1798 1512 οὐ
1815 1485 1869 1520 γὰρ

1072 1530 1200 1565 αἰτοῦμαι
1224 1529 1302 1557 πολύ.
1323 1529 1426 1556 Φϐἀσον
1447 1531 1579 1563 ἐκείνους,
1595 1531 1609 1557 ὁ
1628 1530 1703 1562 Θεὸς,
1721 1531 1734 1556 ὁ
1759 1530 1870 1556 παιδεύ-

1074 1585 1122 1607 σας
1131 1576 1250 1606 ἐκείνους
1259 1584 1265 1590 ·
1287 1575 1388 1607 φθάσον
1397 1576 1430 1602 τά
1442 1585 1507 1603 ποτε
1517 1577 1601 1603 τέκνα
1617 1577 1722 1608 σου,ὅτι
1733 1577 1782 1602 καὶ
1793 1575 1868 1603 αὐτοί

1073 1630 1137 1648 ποτε
1149 1622 1230 1648 τέκνα
1241 1623 1340 1654 comam
1350 1622 1395 1648 καὶ
1411 1622 1486 1649 αὐτοί
1495 1631 1560 1649 ποτε
1568 1622 1725 1658 Χριστιανοὶ
1733 1622 1866 1657 ὑπῆρχον.

1073 1667 1119 1693 καὶ
1132 1666 1207 1692 αὐτοί
1219 1675 1282 1693 ποτε
1299 1668 1399 1702 ποίμνη
1414 1676 1472 1698 σου,
1490 1667 1536 1694 καὶ
1551 1667 1626 1694 αὐτοί
1637 1676 1701 1694 ποτε
1721 1668 1791 1702 μέλη
1810 1676 1866 1698 σου,

1073 1711 1120 1738 καὶ
1129 1711 1204 1738 αὐτοί
1222 1720 1286 1738 ποτε
1297 1711 1343 1738 τοῦ
1353 1712 1486 1747 ἁχρὰντου
1501 1722 1547 1740 σου
1560 1713 1763 1748 μετελάμῦανον
1776 1712 1867 1747 σώμα-

1072 1764 1126 1789 τος,
1135 1756 1182 1782 καὶ
1197 1756 1243 1782 νῦν
1254 1757 1387 1792 σωμάτων
1397 1758 1501 1791 ἀλόγων
1515 1757 1760 1793 μεταλαμϐάνουσι.
1770 1758 1815 1783 Διὸ
1824 1757 1865 1791 δὴ,

1072 1801 1204 1833 Δέσποτα,
1220 1802 1364 1836 ἐπίόλεψον
1376 1804 1420 1829 ἐπ’
1436 1804 1534 1835 αὐτοὺς
1554 1805 1583 1830 ἐν
1600 1803 1684 1836 ἐλέοις
1701 1804 1748 1830 καὶ
1765 1804 1866 1838 οἰκτιρ-

1075 1848 1134 1881 μοῖς
1159 1855 1215 1873 σου.
1231 1847 1286 1874 Ἴδε
1311 1848 1423 1875 ἐκείνων
1448 1849 1502 1876 τῶν
1518 1847 1641 1875 ἐλεεινῶν
1663 1850 1712 1884 τὴν
1731 1849 1800 1884 βίαν,
1818 1849 1864 1875 καὶ

1073 1893 1117 1924 δὸς
1135 1893 1358 1930 φιλανθρωπίαν·
1385 1894 1423 1920 τδε
1443 1895 1494 1930 τὴν
1517 1894 1666 1929 γύμνωσιν,
1689 1896 1736 1922 καὶ
1753 1895 1797 1926 δὸς
1818 1894 1864 1929 τὴν

1073 1940 1238 1976 ἀνάρρυσιν
1258 1940 1296 1966 ἴδε
1322 1941 1370 1976 τὴν
1399 1940 1511 1975 βαθεῖαν
1532 1941 1661 1976 ἐρημίαν,
1686 1941 1733 1967 καὶ
1757 1941 1864 1975 ποίησον

1073 1986 1121 2021 τὴν
1138 1985 1186 2020 σὴν
1209 1986 1419 2020 εὐσπλαγχνίαν.
1448 1987 1479 2012 Εἰ
1505 1986 1559 2021 γὰρ
1584 1987 1631 2013 καὶ
1657 1986 1768 2017 δικαίως
1790 1986 1864 2013 ἐπαί-

1072 2031 1180 2064 δευσας,
1195 2031 1252 2057 ἀλλ’
1275 2032 1349 2066 ὅμως
1369 2031 1459 2058 ἴασαι·
1478 2032 1502 2057 εἰ
1523 2031 1570 2058 καὶ
1593 2032 1675 2064 ἀξίως
1696 2031 1862 2067 παρέδωκας,

1073 2077 1147 2112 ὅμως
1177 2077 1324 2111 συνάγαγε.
1354 2078 1536 2112 Ἐμάστιξας,
1563 2078 1768 2112 παρακάλεσον
1798 2086 1863 2111 παρ-

1073 2122 1187 2155 έδωκας,
1204 2122 1350 2158 λύτρωσαι.
1369 2123 1400 2148 Εἰ
1414 2123 1459 2149 καὶ
1475 2122 1605 2154 πολλάκις
1623 2123 1792 2158 ἡμάρτομεν,
1808 2122 1861 2148 ἀλλ’

1073 2168 1147 2203 ὅμως
1171 2169 1250 2195 πάλιν
1272 2169 1350 2203 ἡμῶν
1381 2169 1531 2204 μνήσοητι,
1556 2169 1604 2195 καὶ
1626 2169 1707 2194 πάλιν
1732 2168 1806 2203 ἡμῶν
1830 2170 1860 2202 τῇ

1073 2213 1164 2248 δεήσει
1180 2213 1316 2248 πείσθητι,
1333 2214 1379 2240 καὶ
1402 2213 1518 2248 μάλιστα
1539 2215 1595 2244 τοῖς
1617 2214 1646 2239 ἐν
1666 2213 1799 2248 ἐρημίαις,
1815 2214 1860 2240 καὶ

1075 2258 1160 2293 ﬁgam,
1179 2259 1226 2284 καὶ
1243 2259 1397 2294 σπηλαίοις,
1412 2260 1458 2285 καὶ
1476 2261 1489 2285 ὀ
1512 2261 1577 2291 παῖς
1598 2259 1654 2294 (li?)
1671 2260 1719 2294 τῆς
1734 2259 1783 2294 γῆς
1798 2260 1860 2286 ἀιεά-

1074 2313 1131 2336 τοις
1154 2305 1246 2337 τοποις
1261 2305 1340 2341 ἡμῶν
1370 2305 1494 2340 ἀδελφοῖς
1516 2306 1586 2340 (σου)
1612 2306 1791 2341 Χριστιανοῐς,
1816 2306 1858 2331 σοῦ

1074 2350 1102 2376 δὲ
1116 2350 1200 2382 λαοῖς.
1219 2350 1249 2376 Ei
1264 2351 1318 2386 γὰρ
1341 2351 1388 2377 καὶ
1410 2352 1490 2386 ἡμεῖς
1509 2352 1538 2377 ἐν
1557 2351 1715 2385 ἐκκλησίαις
1735 2351 1796 2384 μετὰ
1810 2351 1859 2376 τῶν

1077 2397 1190 2428 πιστῶν,
1209 2397 1265 2423 ἀλλ’
1282 2398 1380 2423 ἐκεῖνοι
1396 2398 1424 2423 ἐν
1441 2397 1568 2432 ἐρημίαις
1594 2398 1661 2431 μετὰ
1677 2397 1730 2422 τῶν
1747 2396 1853 2431 ἐχθρῶν

1074 2443 1097 2469 εἰ
1115 2444 1162 2469 καὶ
1177 2444 1256 2478 ἡμεῖς
1272 2443 1379 2478 φαιδροὶ
1399 2443 1427 2468 ἐν
1444 2444 1504 2474 ταῖς
1522 2444 1637 2478 ἑορταῖς,
1655 2442 1711 2468 ἀλλ’
1727 2443 1816 2468 ἐκεῖνοι
1832 2442 1859 2467 ἐν

1076 2488 1181 2525 μεγάλῃ
1200 2489 1305 2524 σκοτία.
1324 2489 1436 2524 Μεγάλη
1461 2490 1477 2524 ὴ
1504 2489 1616 2516 ἐκείνων
1634 2488 1776 2522 δυστυχία·
1794 2487 1857 2522 μέγα

1075 2533 1103 2559 τὸ
1116 2534 1228 2560 ἐκείνων
1247 2534 1382 2561 ὕποπτον·
1406 2535 1490 2561 δεινὸν
1513 2534 1543 2560 τὸ
1563 2534 1675 2560 ἐκείνων
1689 2533 1803 2568 τραῦμα,
1816 2541 1857 2559 πιι

1077 2579 1130 2614 κρὰ
1143 2581 1158 2615 ἡ
1171 2580 1282 2606 ἐκείνων
1296 2580 1436 2615 συμφορά·
1462 2580 1607 2616 ἀδιήγητος
1629 2581 1645 2614 ἡ
1672 2578 1759 2605 αὐτῶν
1780 2587 1855 2605 κατα-

1076 2623 1174 2659 φθορὰ,
1191 2625 1262 2660 μέγα
1275 2625 1306 2651 τὸ
1322 2625 1434 2651 ἐκείνων
1466 2625 1592 2660 κέντρον,
1616 2623 1700 2658 πολλὴ
1717 2624 1734 2658 ἡ
1756 2621 1855 2649 ἐκείνων

1074 2670 1222 2705 τραγῳδία,
1235 2671 1366 2698 Δέσποτα.
1381 2671 1426 2705 Μὴ
1442 2671 1550 2706 ἀφήσῃς
1567 2671 1620 2701 ἕως
1634 2668 1696 2702 ἐξω,
1713 2667 1776 2694 ἀλλὰ
1790 2669 1854 2702 μιτά

1114 2826 1169 2861 (67)
1190 2826 1219 2854 F.
1238 2826 1332 2854 ἅπασι.
