1929 3038
52 188 105 215 ιπ

511 185 653 213 "OMILIA
677 186 709 213 ιν
727 186 759 213 IN
792 186 1065 216 ASSUMPTIONEM
1080 188 1228 217 CHRISTI.

1629 193 1681 222 418

48 243 98 278 τῆς
112 242 239 273 παιδείας
259 241 344 274 δεῖξον
365 242 411 268 καὶ
435 242 484 277 τὴν
509 242 557 278 σὴν
576 243 789 278 φιλανθρωπίαν,
804 244 846 271 ἴνα

912 244 1046 272 'ehelncns
1073 247 1206 273 malorum
1230 247 1358 280 aculeus,-
1386 251 1461 275 atrox
1490 249 1606 281 illorum,
1634 249 1684 276 lio-

50 288 88 324 μὴ
103 289 144 320 είς
164 287 239 319 τέλος
263 288 288 313 οἱ
310 287 430 314 Ἰουδαῖοι
456 288 667 323 καυχήσωνται.
688 289 730 315 ἵνα
753 289 789 324 μὴ
812 290 846 316 τὰ

50 336 114 372 ἔθνη
132 335 198 371 περὶ
210 335 289 370 ἡμῶν
305 335 403 361 εἴπωσι
416 343 422 350 ·
438 335 500 362 Ποῦ
517 335 603 362 ἐστιν
613 337 629 362 ό
647 336 720 369 Θεὸς
737 335 847 369 αὑτῶν;

51 381 107 408 Ποῦ
130 381 202 408 ἐστιν
223 382 238 407 ὁ
257 380 373 415 Χριστὸς
397 380 502 413 nimim;
518 381 573 408 Ποῦ
597 381 671 408 ἐστιν
693 382 707 408 ὁ
732 382 846 417 σταυρὸς

50 427 159 459 αὺτῶνς
174 427 229 453 Ποῦ
244 427 344 462 ἐστινὴ
361 426 439 458 ἐλπὶς
454 426 561 459 αὐτῶν;
577 427 632 453 Ποῦ
652 428 668 462 ἡ
689 427 778 459 πίστις
793 427 847 454 τῶν

51 473 242 508 Χριστιανῶν;
257 473 315 499 Ἵνα
342 472 378 508 μὴ
404 473 490 499 ταῦτα
512 473 621 506 εἴπωσι,
648 474 716 508 ταχὺ
735 474 767 500 τὰ
785 474 846 509 ὲλέη

53 528 100 545 σου
113 520 153 550 εὶς
167 520 240 554 ἡμᾶς
255 518 424 554 θεωρήσουσι
434 527 440 534 ·
459 519 539 552 Ταχὺ
561 520 846 553 προσκαταλαϐἐτω-

51 573 113 591 σαν
127 564 182 600 (68)
196 563 276 598 ἡμᾶς
288 565 314 591 al
330 565 475 598 οὶιιτιρμοι
499 572 567 596 σου,
587 565 683 599 Κύριε,
697 565 741 591 ὅτι
756 565 848 591 ἐπτω-

52 610 208 644 χεὺσαμεν
218 609 346 643 σφόδρα,
359 609 400 635 ὅτι
422 609 646 644 ὲταπεινώθημεν
670 609 781 644 σφόδρα,
807 610 848 636 ὅτι

52 655 234 691 ὠλιγώθημεν
250 656 361 691 σφόδρα.
384 656 484 682 Λοιπὸν
508 656 651 683 εἰσελθέτω
674 655 788 682 ἐνώπιόν
801 665 848 682 σου

53 702 66 728 ὁ
79 701 231 736 στεναγμὸς
258 701 312 728 τῶν
341 702 552 737 πεπεδημένων·
580 701 735 736 δυσωπήσει
760 710 790 727 σε
816 701 849 727 τὰ

53 747 159 782 δάκρυα
173 746 227 773 τῶν
249 747 360 773 ἀκάκων
382 747 497 782 νηπίων,
511 747 565 773 τῶν
583 745 846 781 κατασφαζομένωψ

55 791 193 818 ἱκετεύσει
215 801 244 818 σε
262 792 378 828 ὀδυρμὸς
406 793 530 828 μητέρων
553 792 608 819 τῶν
634 791 847 827 ἁτεκνουμένων.

55 838 148 864 Ταῦτα
162 838 287 872 λέγοντες
301 839 426 873 δεόμεθα,
435 839 465 865 οὺ
477 839 631 874 μαχόμεθα,
654 837 851 864 Δέσποτα-δεὸ-

57 884 138 918 μεθα,
152 883 210 910 ἀλλ’
223 884 254 910 οὐ
270 884 337 920 πρὸς
352 885 382 910 σὲ
395 884 571 919 δικαζόμεθα.
598 883 730 918 Δεόμεθα,
745 884 785 909 ὅτι
799 882 850 909 ὑπὸ

899 292 980 323 mine,
1007 292 1150 325 tragoedia.
1171 291 1250 319 Nelu
1276 293 1337 319 illos
1362 294 1481 321 exterius
1498 302 1583 330 usque
1600 295 1684 324 desti-

898 339 962 368 tue,
986 337 1033 364 sed
1056 344 1110 364 una
1135 345 1197 364 cum
1229 338 1465 367 animadversione
1489 341 1682 376 benignitatem

899 386 972 408 tuam
997 382 1107 415 exhibe,
1133 387 1163 410 ut.
1183 391 1215 411 ne
1230 383 1315 411 Judaai
1337 384 1370 412 ad
1393 385 1473 412 linem
1497 393 1584 421 usque
1606 387 1684 415 nobis

899 427 1053 459 insultent,
1082 435 1117 455 ne
1143 427 1177 455 de
1203 429 1282 457 nobis
1312 433 1407 465 gentes
1437 430 1503 457 illud
1533 436 1684 466 usurpcnt:

901 471 951 499 Ubi
973 478 1013 499 est
1035 473 1104 500 Deus
1129 483 1218 502 eorum
1231 474 1260 500 '?
1279 474 1331 502 Ubi
1345 480 1388 503 est
1401 475 1527 504 Christus
1546 477 1687 511 ipsorum?

899 517 951 545 Ubi
974 523 1016 546 est
1052 527 1117 546 crux
1149 520 1289 555 ipsorum?
1304 520 1357 548 Ubi
1378 526 1422 549 est
1454 530 1517 557 spes
1546 522 1688 556 ipsorum?

901 561 952 590 Ubi
983 563 1049 592 ﬁdes
1074 565 1316 592 Christianorum?
1349 565 1388 594 Ne
1416 567 1550 602 ejusmodi
1582 566 1686 600 jactare

900 609 1033 643 audeant,
1049 614 1122 638 tuam
1137 612 1164 638 in
1178 619 1229 639 nos
1241 612 1299 639 cito
1314 612 1530 640 misericordiam
1547 612 1686 639 videbunt.

901 655 1072 683 Prwteniant
1087 666 1134 685 nos
1147 658 1282 685 celerrime
1291 659 1474 686 miserationes
1490 663 1551 691 tum,
1569 658 1687 690 Domine,

900 704 1026 739 quoniam
1054 711 1181 738 pauperes
1215 703 1279 738 facti
1306 712 1396 730 sumus
1422 703 1530 736 valde',
1560 702 1688 737 quoniam

906 749 1042 776 humiliali
1060 757 1154 777 sumus
1176 749 1264 782 valde,
1280 750 1409 785 quoniam
1426 750 1503 784 pauci
1517 749 1580 776 facti
1595 756 1690 775 sumus

902 795 988 822 valde.
1006 794 1083 828 Quod
1099 799 1237 830 superest,
1263 796 1344 823 intret
1371 796 1398 822 in
1419 800 1594 830 conspectum
1614 799 1689 821 tuum

901 841 1018 876 gemitus
1034 842 1206 872 vinctorum;
1222 841 1330 869 ﬂectan
1349 846 1375 868 te
1395 840 1582 868 innocentium
1602 839 1691 866 inl’un-

903 887 1021 912 tulorum
1033 886 1078 920 qui
1093 885 1262 921 jugulantur,
1285 887 1429 922 lacrymaz;
1451 891 1567 912 matrum
1580 890 1616 915 te,
1631 892 1691 918 qua:

56 929 165 963 ἀνόμων
185 929 383 964 ὀνειδιζόμεθα,
409 930 451 956 ὅτι
479 930 509 961 ἐξ
529 929 661 965 Ἑλλήνων
686 929 852 956 καταπονού-

917 931 1001 959 iberis
1019 931 1164 964 orbantur,
1186 932 1314 966 planctus
1328 932 1462 959 exorabit.
1491 930 1553 957 Haec
1571 930 1692 957 dicentes

58 975 142 1010 μεθαε
162 976 192 1001 οὐ
212 975 363 1010 μαχόμεθα,
390 976 458 1002 ἀλλὰ
481 975 727 1010 ἐξομολογούμεθα.
752 975 853 1001 Κλαίο-

58 1030 120 1056 μεν,
131 1023 172 1048 ὃτι
184 1022 230 1048 καὶ
241 1023 266 1048 oi
281 1022 368 1048 λοιποὶ
381 1022 590 1049 κινδυνεύουσιν.
602 1022 694 1057 Εῑγὰρ
706 1022 752 1048 καὶ
766 1022 850 1056 ἀμαρ-

57 1068 149 1099 τωλοὶ,
172 1067 229 1094 ἀλλ’
253 1069 327 1103 ὅμως
351 1068 508 1103 Χριστιανοὶ
535 1068 722 1103 τυγχάνομεν
751 1069 776 1093 εἰ
806 1067 854 1093 καὶ

58 1113 193 1144 ταπεινοὶ,
211 1111 268 1138 ἀλλ’
284 1113 358 1147 ὅμως
382 1113 433 1146 τῆς
460 1111 577 1143 πίστεώς
600 1121 647 1138 σου
671 1112 749 1143 λαός·
766 1112 790 1138 εἰ
807 1111 854 1137 καὶ
888 1110 891 1111 ⁷

59 1155 166 1188 ἀνάξιοι
191 1155 402 1191 φιλανθρωπίας,
426 1156 482 1182 ἀλλ’
497 1157 571 1191 ὅμως
587 1156 710 1192 πρόϐατα
731 1157 780 1192 τῆς
805 1156 855 1191 σῆς

66 1201 231 1236 Ἐκκλησίας
244 1201 326 1236 ἐσμὲν
342 1203 370 1228 ὲν
385 1203 425 1229 ἑνὶ
446 1203 678 1238 συνηθροισμένοι.
693 1202 800 1238 Ταύτην
814 1211 855 1229 σοι

64 1248 109 1282 τὴν
124 1247 230 1273 ἱκεσίαν
246 1247 269 1273 οἱ
286 1248 388 1282 πτωχοὶ
404 1248 474 1283 ὑπὲρ
494 1248 612 1284 πλήθους
636 1248 699 1274 λαοῦ
717 1249 856 1283 αἰχμαλω-

63 1293 135 1325 σίας,
161 1294 191 1318 ὲν
215 1294 248 1328 τῇ
273 1294 306 1328 σῇ
337 1294 479 1329 τριημέρῳ
511 1294 656 1321 ἀναστάσει
683 1295 857 1330 προσάγομεν

65 1339 148 1373 ἱερεῖς
161 1339 208 1365 καὶ
223 1338 291 1371 λαοὶ,
310 1340 445 1366 νεανίσκοι
469 1340 516 1366 καὶ
542 1339 681 1376 παρθένοι,
706 1340 857 1376 πρεσϐῦται

66 1385 136 1419 μετὰ
151 1385 303 1421 νεωτέρων,
321 1386 406 1421 νήπια
432 1385 500 1421 μετὰ
528 1386 663 1422 μητέρων,
686 1387 761 1412 πᾶσα
785 1386 857 1420 ψυχὴ

65 1429 119 1456 τῶν
135 1430 316 1457 πιστευόντων
333 1432 372 1463 εἰς
388 1431 433 1458 σέ·
455 1431 501 1464 οὓς
528 1431 664 1467 λύτρωσαι
684 1432 787 1463 πάντας
807 1431 859 1458 πά-

68 1485 116 1510 σης
130 1477 179 1512 τῆς
195 1477 371 1513 ἐπικειμένης
387 1478 513 1512 ἀπειλῆς,
526 1478 573 1504 καὶ
588 1477 637 1512 τῆς
654 1478 704 1513 σῆς
721 1477 859 1512 βασιλείας

66 1521 159 1552 ἀξίους
186 1520 307 1556 ποίησον,
325 1522 415 1558 χάριτι
439 1523 487 1549 καὶ
511 1522 699 1557 φιλανθρωπίᾳ
717 1522 764 1548 τοῦ
783 1530 859 1556 μονο-

66 1566 163 1600 γενοῦς
191 1575 238 1594 σου
263 1567 327 1593 Υἰοῦ
347 1568 393 1594 καὶ
418 1568 552 1594 Δεσπότου
573 1568 638 1594 Θεοῦ
665 1569 712 1594 καὶ
735 1567 859 1602 Σωτῆρος

904 978 1041 1012 supplices
1058 985 1212 1012 precamur,
1228 985 1281 1004 non
1298 985 1458 1012 pugnamus,
1480 976 1610 1008 Domine;
1631 983 1693 1010 pre-

905 1030 1011 1054 camnr,
1028 1030 1084 1050 non
1099 1028 1187 1050 tecum
1203 1023 1308 1058 judicio
1323 1022 1527 1050 contendimus.
1543 1021 1692 1048 Precamur

905 1067 1033 1102 quoniam
1059 1075 1073 1094 ιι
1096 1067 1220 1094 scelestis
1241 1068 1285 1094 illa
1307 1067 1385 1094 nobis
1398 1066 1608 1102 exprobrantur,
1622 1072 1689 1100 quo-

906 1115 978 1141 niam
1004 1122 1018 1140 a
1044 1114 1191 1148 gentilibus
1220 1113 1423 1148 opprimimur;
1457 1120 1510 1140 non
1543 1118 1694 1146 pugnamus

906 1164 1013 1192 tecum,
1030 1160 1076 1187 sed
1098 1160 1279 1192 contitmnur;
1302 1160 1452 1194 plorantes,
1477 1160 1605 1193 quoniam
1624 1158 1695 1191 peri-

908 1206 1042 1232 clitantur
1072 1210 1098 1232 et
1132 1206 1242 1238 reliqui.
1275 1205 1406 1237 Quamvis
1438 1205 1509 1231 enim
1537 1208 1695 1238 peccatores

908 1250 1004 1282 simus,
1021 1250 1173 1277 Christiani
1193 1253 1284 1277 tamen
1308 1257 1423 1276 sumus:
1440 1249 1492 1276 etsi
1514 1248 1625 1275 humilis
1641 1255 1696 1282 po—

908 1295 999 1330 pulus,
1020 1296 1099 1322 fidem
1125 1299 1216 1322 tamen
1241 1295 1419 1330 proﬁtemur;
1444 1295 1507 1322 licet
1530 1294 1696 1321 humanitate

911 1345 957 1368 tua
971 1341 1059 1368 simus
1080 1341 1193 1376 indigni,
1218 1341 1399 1368 nihilominus
1420 1349 1484 1367 oves
1503 1340 1630 1367 Ecclesiae
1645 1344 1697 1366 tute

909 1395 1016 1419 sunms,
1028 1387 1054 1414 in
1066 1395 1149 1414 unum
1164 1387 1281 1414 collecti.
1295 1386 1351 1414 llas
1364 1387 1412 1413 tibi
1423 1393 1518 1421 preces
1531 1394 1581 1421 pro
1591 1385 1698 1420 captivo

910 1433 1010 1467 populo
1033 1433 1059 1459 in
1087 1433 1138 1460 hac
1157 1433 1285 1459 triduana
1303 1437 1347 1459 tua
1362 1432 1563 1460 resurrectione
1581 1431 1629 1458 tibi
1648 1438 1697 1457 nos

911 1478 1007 1512 inopes
1031 1477 1182 1509 oﬂ‘erimns,
1201 1477 1359 1504 sacerdotes
1379 1484 1440 1504 eum
1459 1476 1547 1511 plebe,
1570 1475 1697 1509 juvenes.

911 1521 1041 1556 Virgines,
1065 1528 1145 1548 senes
1172 1528 1235 1548 cum
1260 1521 1363 1556 pueris,
1386 1520 1505 1547 infantes
1526 1527 1586 1547 cum
1605 1519 1700 1546 matri-

913 1566 964 1594 bus
981 1576 988 1593 :
1013 1567 1135 1593 omnium
1156 1566 1182 1593 in
1198 1572 1224 1593 te
1238 1566 1409 1594 credentium
1422 1566 1537 1593 animae:
1552 1572 1621 1600 quos
1638 1565 1699 1599 qui-

68 1613 146 1648 ἠμῶν
165 1613 254 1648 Ἰησοῦ
272 1614 400 1649 Χριστοῦ,
416 1615 464 1641 σὺν
481 1614 519 1649 τῷ
532 1613 655 1649 παναγίῳ
668 1615 714 1640 καὶ
736 1614 857 1648 ζωοποιῷ

912 1611 973 1639 dem
990 1619 1086 1638 omnes
1112 1612 1146 1638 ab
1172 1611 1380 1638 innninentilms
1403 1611 1533 1646 periculis
1554 1611 1640 1645 eripe,
1668 1617 1699 1637 ac

67 1659 151 1685 αὐτοῦ
171 1659 322 1694 [Ινεύματιυ
345 1659 393 1687 νῦν
420 1660 466 1687 καὶ
489 1660 532 1687 ἀεὶ
561 1660 607 1686 καὶ
627 1660 667 1690 εἰς
686 1660 746 1690 τοὺς
762 1658 860 1689 αἰῶνας

70 1705 122 1732 τῶν
137 1705 254 1733 αίώνων.
277 1706 373 1741 Ἀμήν.

450 1902 487 1927 Δ¹.

54 1965 63 1973 ·
74 1958 131 1985 Τοῦ
147 1958 182 1984 ἐν
197 1957 290 1990 ἁγίοις
311 1957 424 1991 Πατρός
445 1951 535 1991 ἡμῶνΔ
549 1957 724 1990 Ἐπιφανίιιυ
742 1956 863 1982 ἐπισκό-

107 2002 166 2019 που
191 1993 311 2025 Κύπρου
342 1994 386 2024 εἰς
414 1991 471 2024 τὴν
495 1992 650 2026 ἀνάληψιν
674 1991 726 2018 τοῦ
754 1991 862 2025 Κυρίου

107 2027 193 2062 ἡμῶν
215 2027 315 2061 Ἰησοῦ
329 2027 466 2061 Χριστοῦ.

334 2083 486 2118 Εὐλογητὸς
500 2084 514 2109 ὁ
530 2083 604 2114 Θεός.

109 2128 217 2163 homo;
234 2128 357 2163 σώματος
370 2129 386 2163 ἡ
402 2129 557 2155 ἐπιτεθείσα
569 2128 607 2162 τῷ
621 2128 726 2162 σώματι.
742 2127 858 2162 κεῃαλή·

75 2175 177 2209 κόσμος
195 2175 223 2201 δὲ
242 2174 296 2200 τῶν
322 2174 421 2209 ἑορτῶν
445 2175 461 2209 ἡ
486 2175 606 2209 σήμερον
626 2175 716 2209 ἑορτή,
739 2173 770 2199 Τί
793 2173 864 2208 γάρ;

75 2220 153 2255 φησί.
192 2218 311 2254 Χριστοῦ
346 2219 480 2253 ἀνάληψιν
517 2219 584 2253 μετὰ
616 2217 715 2254 σαρκὸς
741 2217 866 2253 ἑορτάζο-

913 1661 960 1684 ιιιο
983 1665 1067 1691 regno
1096 1657 1194 1692 dignos
1240 1657 1329 1689 ellice,
1357 1657 1443 1692 gratia
1477 1661 1504 1684 et
1536 1656 1701 1691 benignitate

912 1703 1042 1737 unigeniti
1081 1703 1119 1729 tui
1142 1701 1202 1729 Filii
1236 1709 1268 1729 ac
1294 1702 1399 1729 Domini
1424 1701 1470 1729 Dei
1502 1705 1529 1729 et
1551 1701 1701 1728 Salvatorls

912 1749 998 1776 nostri
1020 1747 1084 1776 Jesu
1110 1748 1222 1780 Christi,
1249 1755 1311 1774 cum
1331 1747 1506 1775 sanctissimo
1534 1751 1561 1775 et
1592 1747 1700 1774 viviﬁco

913 1795 999 1830 ipsius
1009 1794 1124 1830 Spiritu,
1146 1802 1218 1821 nunc
1231 1797 1258 1821 et
1270 1801 1378 1828 semper
1393 1797 1419 1821 et
1440 1794 1467 1820 in
1480 1794 1578 1821 smcula
1589 1794 1702 1821 saeculo-

913 1849 985 1868 rum.
997 1841 1093 1868 Anien.

1285 1905 1331 1934 Ν.

915 1953 1008 1982 Sancti
1039 1953 1181 1987 Epiplmnii
1208 1953 1323 1986 episcopi
1349 1951 1513 1979 Constantia:
1543 1951 1641 1986 Cypri,
1672 1952 1704 1978 de

951 1989 1056 2016 Domini
1071 1989 1154 2015 nostri
1168 1986 1232 2014 Iesu
1247 1987 1346 2014 Christi
1356 1987 1533 2020 assumptione
1547 1987 1702 2022 orutio(t39).

1179 2077 1342 2105 Benedictus
1364 2076 1444 2103 Dcus.

953 2126 1085 2160 Corporis
1105 2128 1297 2152 ornamentum
1318 2127 1359 2149 cst
1371 2125 1453 2156 caput
1471 2119 1579 2154 corpori
1595 2120 1705 2154 imposi-

917 2180 988 2205 tum;
1017 2177 1043 2198 at
1071 2172 1201 2198 festorum
1227 2171 1312 2197 decus
1336 2173 1377 2196 cst
1405 2168 1503 2194 festum
1533 2165 1704 2192 hodiernum.

916 2219 1094 2246 Celebraunls
1117 2217 1189 2244 cnim
1209 2216 1312 2243 Christi
1343 2213 1452 2241 Domini
1476 2211 1624 2239 secundum
1647 2219 1707 2237 car-

77 2276 137 2301 μεν,
155 2266 192 2298 ὡς
211 2266 263 2292 τῶν
279 2265 450 2292 Δεσποτικῶν
478 2265 580 2300 ἑορτῶν
601 2263 777 2298 δεικνυμὲνην
798 2263 850 2298 πλή

922 2274 981 2293 nem
1005 2272 1166 2296 ascensum;
1195 2263 1267 2297 quod
1294 2270 1360 2290 sane
1385 2261 1482 2287 festum
1505 2258 1705 2284 Dominicornm

77 2321 168 2347 ρωμα.
194 2311 326 2347 Καθάπερ
351 2311 405 2346 γὰρ
430 2311 534 2345 κεφαλὴ
565 2310 775 2345 φαιδρῦμορφος,
798 2309 868 2335 οὕτω

77 2359 123 2385 χαὶ
137 2360 154 2393 ἡ
171 2358 289 2393 σήμερον
312 2357 392 2393 ἑορτὴ
408 2357 458 2391 τῆς
479 2357 572 2391 θεῖκῆς
589 2356 698 2391 χάριτος
715 2355 868 2389 ἁπαυγάζει

76 2405 107 2432 τὸ
119 2404 219 2436 κάλλος
229 2412 235 2418 ·
252 2403 309 2430 ἀλλ’
331 2405 357 2430 οἱ
375 2403 467 2430 πολλοὶ
483 2402 643 2438 ἀγνοοῦντες
656 2402 686 2428 τὺ
702 2402 802 2436 ταύτης
821 2401 869 2436 μέ-

78 2452 169 2486 γεθος,
185 2448 265 2486 ἦττον
284 2450 368 2486 αὐτὴν
384 2449 534 2485 νομίζουσι.
560 2449 614 2475 Καὶ
629 2449 653 2474 εί
674 2447 800 2482 βούλεσθε
818 2456 870 2482 μα-

79 2498 146 2527 θεῖν,
169 2496 338 2528 ἀνεξικάκως
366 2495 519 2522 συντείνατέ
551 2503 594 2529 μοι
621 2493 666 2520 τὸν
692 2493 763 2520 νοῦν.
787 2493 871 2520 Μόνον

81 2552 125 2578 μοι
141 2543 174 2569 δι’
189 2542 276 2577 εὐχῶν
293 2542 489 2577 συνεργήσατε,
505 2539 670 2575 παρακαλῶσ
689 2540 736 2565 καὶ
756 2539 804 2570 τὰς
823 2548 871 2574 μο-

80 2588 219 2620 λιόὂὼδεις
234 2590 321 2624 αὔρας
335 2587 545 2614 καταστείλατε²
566 2587 612 2612 καὶ
634 2586 667 2612 τὰ
693 2585 803 2620 κύματα
825 2586 874 2620 τῆς

81 2635 216 2670 φλυαρίας
244 2634 444 2669 γαληνιάσατε·
474 2634 522 2660 καὶ
550 2631 732 2667 σχολάζουσάν
758 2640 801 2666 μοι
827 2631 875 2666 τὴν

79 2680 168 2708 ἅκοθιν
184 2680 353 2715 παράσχητε.
371 2679 450 2706 Κατὰ
463 2679 518 2714 γὰρ
534 2679 578 2704 τὸν
603 2678 683 2712 σοφὸν
706 2677 875 2712 Σολομῶντα,

83 2727 156 2762 λάτοι
171 2727 261 2761 σοφῶν
280 2727 309 2753 ὲν
325 2725 475 2753 ἀναπαύσει
495 2724 648 2752 ἀκούονται.
672 2723 771 2759 Πρώτη
786 2723 876 2750 τοίνυν

133 2804 222 2832 'l’sal.
237 2812 315 2836 cun,
332 2803 376 2831 12.
396 2805 405 2820 ¹
418 2803 487 2832 l’sal.
506 2810 618 2836 Lxxvnr,
633 2801 658 2829 8.
721 2822 734 2833 ,

123 2883 178 2916 (58)
195 2882 259 2910 Cor.
278 2890 381 2917 προχατ
389 2904 398 2913 ,

922 2312 1043 2339 Omnium
1065 2311 1294 2344 complementum
1322 2308 1441 2335 exhibet.
1470 2305 1504 2333 Ut
1529 2305 1600 2332 enim
1627 2308 1706 2339 caput

922 2360 1006 2383 totam
1035 2355 1159 2390 corporis
1190 2354 1415 2382 constitutionem
1444 2355 1579 2380 exornat:
1598 2351 1634 2377 ita
1662 2350 1708 2376 ho-

922 2402 1016 2429 dierna
1038 2400 1197 2428 solemnitas
1222 2399 1321 2426 divina:
1353 2399 1446 2434 gratia:
1469 2396 1708 2432 puichritndincm,

923 2447 1001 2481 quasi
1020 2446 1198 2480 colophonem
1216 2445 1254 2471 illi
1268 2445 1422 2479 imponens,
1448 2442 1562 2468 mirilice
1581 2441 1708 2467 illustrat.

926 2491 1025 2519 Verum
1040 2491 1118 2518 mulli
1134 2490 1347 2526 magnitudinem
1367 2489 1438 2515 illius
1450 2488 1616 2522 ignorantes,
1640 2485 1710 2512 haud

925 2539 960 2566 ita
975 2538 1063 2573 magni
1079 2537 1145 2564 illud
1159 2537 1261 2564 faciunt
1275 2535 1348 2571 [cum
1363 2535 1421 2569 ipsa
1435 2538 1525 2560 tamen
1543 2535 1581 2559 rei
1596 2537 1706 2563 natura,

924 2585 1031 2612 ra-tcris
1059 2584 1187 2611 omnibus
1205 2581 1410 2610 celcbritalibus
1427 2580 1561 2607 illustrius
1573 2587 1633 2606 esse
1646 2586 1711 2605 conc

924 2630 1026 2666 vincat]
1043 2652 1049 2664 ,
1071 2629 1298 2664 (premadniodum
1315 2627 1341 2654 id
1355 2636 1386 2654 cx
1399 2627 1531 2653 orationis
1549 2633 1614 2652 mere
1626 2624 1708 2655 serie.

926 2679 948 2705 si
967 2677 1046 2704 modo
1059 2684 1168 2712 {equum
1188 2676 1240 2702 huc
1257 2675 1377 2701 animum
1392 2673 1549 2703 attuleritis,
1571 2671 1713 2706 perspicue

926 2729 1093 2758 cognoscere
1115 2721 1218 2748 licebit.
1244 2720 1318 2748 Velis
1347 2719 1460 2754 proinde
1483 2726 1555 2745 aura:
1576 2716 1712 2752 [epularis

970 2876 1022 2913 (69)
1039 2875 1181 2902 Theodoro
1197 2873 1309 2901 Peltano
1325 2872 1480 2907 interprete.
