1929 3038
59 102 106 129 ιδι

530 103 670 131 llOMlLlA
688 105 721 132 IV
739 105 772 132 ΙΝ
817 105 1088 138 ASSUMPTIONEM
1107 113 1256 142 CHRISTI.

1656 124 1711 152 682

57 165 227 194 novumque,
257 158 294 196 et]
321 159 486 195 stupendum
517 161 676 196 agitatorem
705 168 845 199 spectate;
878 173 975 202 nempe
1012 173 1146 198 creaturae
1184 173 1321 206 opiﬁcem,
1362 176 1480 206 humana
1506 185 1602 208 natura
1628 183 1705 217 quasi

57 213 71 217 ..
91 206 183 217 Lt-..l_
207 212 247 217 ".A
263 212 295 217 νιν
319 215 325 217 .
369 216 372 217 ν
402 209 408 215 v
629 211 634 217 ι
776 213 781 217 ι
829 213 835 217 Α

56 206 187 234 νεὶιίρυιο
205 212 328 235 utentem
343 217 349 235 :
363 209 409 243 qui
427 216 482 236 non
499 217 612 238 currum
629 211 812 247 incomposite
829 213 857 241 in
877 219 950 242 terra
968 221 1046 252 regat

55 260 118 279 sum
138 260 187 287 per
213 254 299 282 ccelos
333 258 432 287 tentet,
463 256 662 292 caelestemque
685 263 783 286 metam
809 268 891 295 quam

56 299 146 326 Belial
163 305 291 334 potenter
305 302 429 328 excutiat
462 308 488 330 et
503 308 619 331 evertat.

1071 228 1077 245 :
1108 219 1156 246 sed
1184 221 1232 255 qui
1258 229 1330 251 novo
1353 232 1429 254 more
1463 229 1608 264 modoque,
1641 239 1706 258 cur-

913 263 1031 296 primum
1063 272 1200 301 occupare
1231 267 1353 303 festinet,
1383 277 1415 299 ac
1444 263 1703 307 praeteritur-remain

98 348 170 374 Ἀλλ’
189 349 324 376 Ἰουδαίων
344 351 438 382 παῖδες
457 353 481 378 oi
503 351 634 387 βάσκανοι
656 354 707 388 τῆς
728 355 858 390 ἀληθείας

945 355 980 382 At
993 364 1058 384 vero
1071 357 1157 385 Judaei
1175 359 1275 386 invidia
1288 360 1420 389 obcaecati
1432 363 1574 392 veritatem
1590 369 1703 397 audien-

55 395 235 428 ἀκούσαντες,
254 397 295 422 ὅτι
316 397 330 423 ό
356 397 473 432 Χριστὸς
496 398 634 434 ἀνελήφθη
656 400 696 430 εις
712 401 855 436 οὐρανοὺς.

54 441 224 476 ἀμαυρῶσαι
256 442 413 477 βουλόμενοι
442 443 473 470 τὸ
506 445 659 480 παράδοξον
686 446 779 482 Θαῦμα
809 447 857 474 τοῦ

60 487 154 513 Ἡλίου
181 488 230 523 τῆς
247 488 432 523 δικαιοσύνης,
461 489 508 516 τὸν
537 490 631 518 Ἠλίαν
659 493 856 527 παρεισάγουσι

53 533 200 566 λέγοντες·
227 534 259 560 Τί
287 535 393 569 μεγάλα
420 535 590 571 κομπάζετε,
619 538 789 573 Χριετιανοὶ,
815 539 856 566 ὅτι

53 578 195 614 ἀνελήφθη
211 580 226 606 ὁ
236 581 363 615 Χριστὸς.
381 581 418 612 ὡς
432 582 541 616 λέγετε;
558 583 612 609 Καὶ
624 583 677 619 γὰρ
690 582 794 617 Ἠλίας,
811 585 857 612 ἄν-

52 625 166 661 θρωπος
181 625 229 659 ὢν,
246 626 296 661 τῆς
314 627 410 662 ὁμοίας
427 628 506 663 δόξης
524 628 649 661 ἀξιωθεὶς
663 629 798 666 ἀνελήφθη
816 632 856 663 είς

51 671 198 706 οὐρανούς.
222 673 293 707 Πρὸς
320 672 368 704 οὓς
394 673 462 708 μετὰ
486 674 644 710 παρρησίας
671 675 854 711 φθεγξόμεθα·

51 718 104 744 Διὰ
119 718 158 748 τί,
174 715 197 743 ὧ
219 718 349 751 Ἰουδαῖοι,
361 720 410 750 τὰς
423 719 530 754 βίϐλους
540 721 577 751 ὡς
587 721 683 755 τυφλοὶ
699 722 854 755 σκυλεύετε,

51 762 100 787 καὶ
111 761 147 788 τὰ
160 762 341 798 γεγραμμένα
356 764 385 790 ὲν
402 764 499 796 αὑταῖς
514 765 584 800 μετὰ
597 766 740 802 ἀκριϐείας
753 768 782 794 οὐ
797 768 853 803 βλέ-

51 817 118 834 πετε
130 816 137 840 ;
149 809 199 834 Διά
212 809 238 835 τί
253 809 465 842 ἀναγινώσκετε,
478 812 526 837 καὶ
539 812 588 838 οὐκ
601 813 795 847 ἐπιγινώσκετε
806 824 812 847 ;
822 815 854 841 Τί

51 854 107 889 γάρ
127 863 211 889 φησιν
229 856 245 890 ή
262 855 321 882 θεία
336 857 451 891 Γραφή;
475 858 528 884 Καὶ
551 858 688 895 ἀνελήφθη
711 860 802 892 Ἠλίας
824 863 853 888 ὲν

52 899 214 935 συσσεισμῷ
228 903 266 932 ὼς
283 902 322 934 είς
333 901 379 928 τὸν
392 903 506 938 οὐρανόν
516 912 522 919 ·
538 905 567 930 τὺ
581 905 620 937 δὲ,
634 906 674 938 ὡς
686 908 730 939 εις
743 906 795 934 τὸν
804 908 853 934 οὐ·

50 945 159 978 ραν-ὸν,
175 946 325 981 ἀμφίϐολον
348 947 404 982 ἔχει
433 948 482 984 τὴν
500 949 615 977 ἔννοιανθ
631 951 662 977 τὺ
675 951 714 983 δὲ,
734 954 777 985 εις
795 953 850 980 τὸν

50 991 197 1024 οὐρανὸν,
211 992 313 1028 τρανὴν
330 993 449 1020 δείκνυσι
459 994 508 1029 τὴν
524 995 661 1031 ἀλήθειαν.
674 997 734 1024 Ὅτι
750 999 778 1025 δὲ
791 998 852 1025 οὔτε

56 1035 163 1068 Ἠλίας,
175 1035 237 1062 οὔτε
252 1036 346 1072 ἕτερός
365 1047 406 1070 τις
424 1039 507 1074 ἀνέϐη
525 1042 569 1073 εἰς
588 1042 642 1068 τὸν
664 1043 807 1076 οὐρανὸν,
825 1045 849 1070 εἰ
866 1048 886 1074 Β

52 1082 89 1116 μὴ
112 1082 195 1116 μόνος
215 1084 228 1108 ό
243 1083 275 1109 ἐκ
287 1083 335 1109 τοῦ
351 1085 466 1119 οὐρανοῦ
484 1087 608 1118 καταϐὰς
619 1088 634 1113 ὁ
647 1089 793 1124 μονογενὴς
802 1089 849 1116 τοῦ

50 1127 118 1154 Θεοῦ
138 1128 212 1159 Υἱὸς,
233 1129 314 1160 αὐτὸς
336 1131 401 1165 περὶ
423 1131 520 1158 ἑαυτοῦ
542 1133 646 1165 πάντας
669 1134 850 1170 πληροφορῶν

50 1172 135 1206 λέγει’
150 1173 256 1207 Οὐδεὶς
271 1175 454 1209 ἀναϐέϐηκεν
464 1179 508 1210 εἱς
520 1178 573 1204 τὸν
586 1179 727 1212 οὐρανὸν,
741 1181 767 1206 ει
777 1180 818 1215 μὴ
834 1183 850 1208 ὀ

51 1219 84 1245 ἐκ
100 1219 155 1246 τοῦ
173 1221 304 1253 οἱιοτινοῦ
319 1223 460 1255 καταϐὰς,
481 1225 497 1249 ὁ
520 1224 585 1256 ΥΙὸς
605 1225 658 1251 τοῦ
680 1226 849 1259 ἀνθρώπου,

51 1266 67 1291 ὁ
82 1264 125 1290 ὢν
138 1265 173 1291 ἐν
184 1265 224 1298 τῷ
240 1267 357 1301 οίῳανῷ
367 1276 373 1282 ·
389 1269 403 1294 ὸ
423 1269 526 1304 ποιμὴν
539 1270 553 1295 ὁ
569 1271 660 1302 καλὸς,
678 1272 691 1297 ὁ
704 1271 739 1298 τὰ
757 1272 848 1307 ἐνενή-

51 1319 135 1338 κοντα
155 1312 234 1338 ἐννέα
258 1313 312 1339 τῶν
330 1314 453 1348 ἀγγέλων
479 1315 604 1350 πρόϐατα
624 1317 783 1344 καταλιπὼν
805 1318 850 1344 ἐπὶ

51 1356 85 1382 τὰ
105 1358 222 1392 οὐράνια
234 1358 296 1393 ὅρη,
317 1360 364 1385 καὶ
378 1360 409 1386 τὸ
424 1361 632 1396 πεπλανημένον
651 1363 787 1398 πρόϐατον
802 1363 848 1389 εὑ-

53 1403 156 1438 ρηκὼς,
174 1405 221 1430 καὶ
236 1404 323 1440 ὤμοις
344 1406 551 1442 φιλανθρωπίας
567 1407 720 1442 βαστάζων,
742 1408 789 1435 καὶ
809 1410 849 1440 είς

52 1449 96 1475 τὸν
118 1450 247 1485 οὐράνιον
263 1451 361 1486 λιμένα
378 1451 544 1486 ἀνενεγκὼν,
565 1453 604 1487 τῷ
630 1453 687 1488 ἰδίῳ
706 1453 849 1490 Γεννὴτορι

52 1495 217 1531 δωροφορῶν
236 1496 400 1531 φθέγγεταισ
419 1494 517 1532 Εὗρον,
539 1499 641 1534 Πάτερ,
659 1500 690 1525 τὸ
712 1500 848 1535 πρόϐατον

52 1540 81 1566 τὸ
107 1541 294 1576 πλανώμενον,
319 1543 388 1579 ὅπερ
406 1544 420 1569 ὁ
443 1543 571 1570 ἀπατεὼν
592 1544 653 1579 ὄφις
675 1545 848 1580 δολοτρόποις

51 1590 237 1625 τεχνάσμασιν
260 1590 395 1625 ἠπάτησε,
422 1591 469 1617 καὶ
488 1592 588 1624 κακίας
613 1592 689 1623 ὁδοὺς
713 1593 847 1626 ὑπέδειξε,

52 1634 133 1669 πηλῷ
147 1634 177 1660 δὲ
194 1634 244 1669 τῆς
258 1633 405 1667 πολυθετας
421 1635 470 1672 τὴν
486 1637 660 1672 καθαρότητα
672 1637 720 1671 τῆς
732 1637 848 1672 θεογνω-

52 1679 112 1711 σίας
128 1680 252 1715 ὲμόλυνε.

910 404 951 428 tes
974 402 1203 435 quemadmodum
1230 403 1356 432 Christus
1381 405 1408 432 in
1430 407 1515 434 caelos
1544 416 1704 447 assumptus

909 447 944 474 sit
958 448 1093 483 stupendo
1109 448 1148 475 illi
1173 449 1390 486 admirandoque
1404 451 1475 480 Solis
1486 453 1600 488 justitize
1614 457 1704 484 mira—

909 493 971 520 culo
988 494 1115 521 tenebras
1132 494 1273 523 oliundere
1286 497 1415 529 nitentes,
1431 497 1496 526 Elia:
1514 501 1593 528 nobis
1608 509 1702 530 exem-

908 540 983 574 plum
1013 540 1154 575 objiciunt.
1185 542 1255 574 Quid
1287 551 1351 575 vos,
1379 544 1522 579 inquiunt,
1540 546 1700 582 Christiani,

908 586 1075 620 gloriamini,
1096 588 1168 622 quod
1187 588 1315 617 Christus
1338 596 1496 626 assumptus
1513 592 1572 620 sit?
1591 593 1657 621 Nam
1675 599 1703 623 ct

908 633 991 666 Elias,
1010 642 1072 662 cum
1090 635 1173 663 homo
1191 641 1275 668 esset,
1291 645 1383 672 parem
1401 646 1565 668 consecutus
1582 647 1624 669 est
1640 643 1700 678 glo-.

906 680 987 712 riam,
1002 685 1030 707 et
1046 681 1104 716 ipse
1119 689 1227 716 quoque
1255 683 1282 710 in
1307 684 1406 711 coelum
1428 690 1554 721 receptus
1569 691 1619 716 est.
1635 688 1702 721 Qui-

905 726 957 753 bus
970 734 1020 753 nos
1032 727 1167 760 ejusmodi
1188 729 1312 756 oratione
1330 731 1461 758 audacter
1478 733 1585 760 obviam
1604 734 1675 762 imus
1691 744 1696 762 :

905 771 970 804 Cur,
989 773 1051 800 ειερί
1069 772 1165 805 Judaei,
1189 781 1284 803 sacros
1304 776 1388 804 libros
1413 778 1584 812 preedamini,
1597 784 1624 807 et
1639 789 1700 815 quae

904 818 931 845 in
950 819 1004 846 illis
1019 824 1132 846 exarata
1152 824 1227 852 sunt,
1245 827 1374 850 accurate
1390 831 1444 850 non
1464 825 1632 859 expenditis?
1644 826 1699 854 Cur

904 865 994 900 legitis
1016 869 1043 893 ct
1070 874 1124 893 non
1150 867 1319 902 intelligitis?
1341 869 1456 903 Ecquid,
1477 878 1582 905 quaeso,
1607 872 1698 900 divina

905 910 1047 946 Scriptura
1072 912 1106 940 de
1133 913 1191 940 Elia
1211 914 1351 948 prodidit?
1373 916 1498 950 nunquid
1524 922 1697 953 assumptum

903 965 965 986 esse
982 959 1008 984 in
1025 959 1124 985 caelum
1141 959 1154 985 τ
1170 967 1342 994 nequaquam
1355 961 1487 995 ;prodidit
1501 967 1609 995 autem,
1636 972 1696 991 cum

904 1003 976 1030 aeris
997 1003 1065 1030 facta
1083 1007 1155 1031 esset
1171 1005 1330 1036 commotio,
1346 1010 1516 1040 assumptum
1539 1014 1600 1034 csse
1617 1008 1695 1042 quasi

902 1049 929 1075 in
947 1049 1046 1076 caelum
1062 1050 1081 1075 ¹.
1097 1049 1179 1084 Atqui
1193 1050 1275 1077 verba
1300 1051 1363 1083 ista,
1379 1052 1457 1085 quasi
1472 1053 1498 1078 in
1512 1053 1614 1085 (mlum,
1635 1061 1694 1079 am-

902 1092 1010 1126 biguam
1041 1093 1268 1127 significationem
1286 1095 1446 1129 continent;
1470 1096 1527 1124 hmo
1547 1101 1649 1130 autem,
1667 1099 1694 1125 in

901 1138 1005 1170 uelum,
1023 1139 1165 1166 veritatem
1181 1140 1371 1174 plauissimam
1386 1147 1534 1176 exponunt.
1552 1143 1628 1176 Quod
1644 1151 1691 1170 au-

902 1189 955 1212 tem
969 1192 1058 1219 neque
1072 1185 1155 1217 Elias,
1168 1194 1258 1220 neque
1271 1187 1345 1214 ullus
1361 1188 1430 1215 alius
1444 1188 1470 1214 in
1487 1188 1579 1215 (mlum
1597 1197 1695 1217 ascen-

901 1231 981 1262 derit,
1013 1231 1060 1258 sed
1086 1231 1108 1258 is
1138 1235 1255 1264 tantum,
1271 1232 1317 1267 qui
1345 1232 1379 1259 de
1405 1235 1474 1260 cmlu
1500 1234 1690 1266 descenderat.

902 1284 997 1311 nempe
1014 1278 1172 1312 unigenitus
1195 1277 1240 1305 Dei
1257 1278 1341 1306 Filius
1355 1299 1361 1310 ,
1378 1279 1431 1305 hoc
1455 1279 1514 1314 ipse
1535 1279 1568 1307 de
1600 1281 1694 1315 seipse

902 1321 1054 1355 perspicuis
1069 1322 1158 1348 verbis
1175 1327 1304 1349 testatum
1318 1321 1382 1349 facit
1397 1331 1404 1349 :
1422 1322 1518 1355 Nemo,
1537 1325 1583 1356 ait,
1599 1333 1693 1352 ascen—

900 1365 938 1391 dit
957 1366 984 1392 in
1004 1369 1108 1398 caelum,
1123 1367 1175 1393 nisi
1188 1367 1232 1402 qui
1247 1368 1381 1394 descendit
1394 1368 1426 1395 de
1443 1369 1517 1401 ca’lo,
1537 1370 1623 1396 Filius
1644 1371 1691 1398 Ιιυ-

900 1410 989 1442 mim‘s,
1007 1412 1051 1445 qui
1066 1416 1104 1438 est
1119 1412 1146 1438 in
1163 1413 1226 1439 caelo
1242 1414 1261 1439 ¹.
1278 1412 1412 1440 Nimirum
1426 1418 1520 1448 pastor
1534 1414 1578 1442 ille
1591 1415 1693 1450 bonus,

900 1457 946 1491 qui
965 1459 1115 1492 nonaginta
1132 1467 1229 1486 novem
1244 1459 1342 1486 ovibus
1358 1460 1378 1493 ³,
1395 1460 1445 1487 hoc
1460 1464 1512 1492 est,
1528 1461 1643 1494 angelis,
1663 1462 1689 1488 ίιι

900 1501 1040 1529 montibus
1069 1503 1232 1531 cmlestibus
1263 1505 1377 1536 relictis,
1404 1506 1587 1532 errabundam
1613 1513 1690 1533 ovem

900 1547 1038 1581 quaesivit,
1064 1548 1256 1584 inventamque
1290 1555 1373 1585 atque
1395 1551 1519 1579 humeris
1543 1552 1690 1579 clementer

901 1592 1067 1627 impositam,
1099 1595 1132 1621 ad
1159 1596 1298 1624 cmlesmm
1322 1602 1430 1631 portum
1457 1597 1579 1630 adduxit,
1605 1598 1689 1625 addu-

900 1642 972 1665 ctam
989 1642 1079 1666 autem
1094 1639 1199 1667 ccelesti
1219 1641 1289 1667 Patri
1306 1642 1428 1669 muneris
1444 1643 1504 1669 loco
1520 1643 1630 1676 obtulit,
1649 1644 1689 1670 di~

900 1691 985 1711 cens:
1003 1684 1094 1717 Pater,
1114 1685 1205 1713 inveni
1226 1687 1409 1714 errabundum
1425 1695 1513 1721 ovem,
1530 1697 1611 1724 quam
1630 1697 1689 1717 scr-

52 1735 118 1761 pens
136 1728 324 1762 impostorque
338 1728 465 1756 diabolus
481 1729 577 1757 callide
602 1730 844 1765 l'raudulentcrque
869 1731 1084 1758 circumventam
1114 1732 1141 1758 in
1170 1741 1291 1760 errorem
1319 1739 1499 1769 pertraxerat,
1525 1744 1688 1773 munemth

51 1774 122 1800 viam
139 1773 322 1807 improbitatis
338 1775 496 1807 ed0cuerat,
511 1783 542 1802 ac
559 1775 658 1803 divina:
679 1777 845 1811 cognitionis
866 1776 1012 1811 puritatem
1038 1776 1201 1804 idololatriae
1216 1785 1294 1805 emno
1315 1779 1385 1806 foede
1411 1783 1653 1810 contaminaverat.

85 1819 259 1854 Θεασάμενος
281 1818 328 1846 οὖν
353 1821 419 1846 αὐτὸ
447 1821 476 1847 ἐν
503 1821 541 1856 τῷ
566 1821 690 1857 βορϐόρῳ
715 1822 761 1848 τοῦ
789 1822 845 1856 βίον
860 1825 880 1852 c

51 1866 225 1900 πνιγόμενον,
259 1868 291 1902 τῇ
324 1867 374 1902 τῆς
404 1866 529 1901 θεότητος
563 1876 612 1902 μου
638 1867 713 1902 δεξιᾷ
740 1868 845 1902 ταχέως

51 1912 213 1946 ἀνήρπασα·
241 1911 287 1938 καὶ
310 1913 366 1943 τοῖς
382 1912 436 1939 τῶν
460 1912 610 1948 οἰκτιρμῶν
636 1912 800 1948 σπλάγχνοις
817 1914 845 1939 ἐν

51 1957 106 1988 τοῖς
125 1956 172 1982 τοῦ
194 1956 327 1992 Ἰορδάνου
344 1957 478 1992 ῥεύμασιν
492 1957 646 1989 ἀπέπλυνα,
665 1958 711 1984 καὶ
727 1957 845 1992 μυρίσας

51 2004 83 2037 τῇ
100 2002 200 2037 εὐωδίᾳ
223 2002 269 2028 τοῦ
284 2002 361 2036 ἁγίου
384 2011 435 2038 μου
455 2003 625 2038 Πνεύματος,
643 2004 686 2030 διὰ
706 2004 757 2039 τῆς
777 2005 844 2030 ἀνα-

52 2048 173 2080 στάσεως
198 2048 246 2074 νῦν
267 2048 454 2084 παραγέγονα,
478 2048 552 2081 ἀξιον
572 2049 621 2084 τῆς
642 2049 693 2084 σῆς
719 2049 845 2084 θεότητος

52 2093 245 2129 προσκομίζων
263 2102 303 2120 σοι
320 2093 416 2126 ξένιον,
432 2094 462 2121 τὸ
474 2094 583 2129 λογικὸν
597 2095 743 2130 πρόϐατον.
760 2095 845 2131 Σήμε-

53 2143 127 2176 ρον,ὁ
141 2141 264 2172 διάϐολος
282 2142 332 2177 τὴν
349 2142 454 2168 οίκείαν
466 2139 551 2177 ἦτταν
569 2141 704 2177 ὀδύρεται,
725 2141 795 2176 ὁρῶν
815 2141 844 2167 τὸ

53 2188 186 2222 ἡμέτερον
201 2187 282 2222 σῶμα
293 2189 332 2219 εἰς
345 2188 475 2222 οὐρανοὺς
487 2187 655 2222 ἀναγόμενον
665 2195 671 2202 ·
692 2188 811 2223 σήμερον
827 2188 842 2222 ἡ

52 2233 172 2268 ἁμαρτία
190 2234 234 2259 διὰ
253 2234 302 2268 τῆς
322 2233 481 2268 ἀναλήψεως
494 2233 542 2260 τοῦ
556 2233 675 2269 Χριστοῦ
699 2233 786 2269 Ἰησοῦ
805 2234 843 2266 ὡς

53 2279 154 2310 καπνὸς
171 2279 345 2306 διαλέλυται·
370 2280 490 2316 σήμερον
509 2281 523 2306 ὁ
541 2281 664 2312 διάϐολος
684 2280 779 2316 θρηνεῖ
799 2281 842 2306 λέ-

52 2334 116 2358 γων,
133 2325 166 2350 Τί
185 2325 302 2360 ποιήσω,
319 2326 334 2351 ὁ
347 2325 456 2357 ἄθλιοςς
476 2325 585 2357 Πάντας
601 2325 664 2357 τοὺς
686 2325 732 2351 ἀπ’
745 2325 842 2357 αίῶνος

53 2378 88 2402 ut;
103 2369 181 2405 ἱέραξ
196 2370 330 2406 ὸξυπετὴς
345 2371 471 2406 ἁρπάξας
492 2372 557 2407 παρ’
587 2371 665 2406 ἐμοῦ,
689 2371 792 2408 ἔρημόν
808 2381 843 2404 με

51 2416 212 2451 κατέστησε,
242 2417 289 2442 καὶ
318 2417 486 2452 πανταχόθεν
511 2425 544 2452 με
567 2418 776 2452 πτεροκοπήσας
800 2417 842 2449 είς

50 2462 98 2497 γῆν
116 2462 295 2497 κατέρραξεν.
320 2463 459 2498 Ἤπάτησέ
479 2471 513 2501 με
540 2464 554 2489 ὁ
577 2463 626 2497 τῆς
650 2462 757 2497 Μαρίας
773 2463 838 2494 υἱός.

51 2509 104 2535 Οὐχ
118 2508 202 2543 ᾔδειν,
215 2509 256 2535 ὅτι
269 2508 334 2540 Θεὸς
343 2510 371 2535 ὲν
384 2509 547 2544 ἀνθρωπίνῳ
559 2508 710 2544 κρύπτεται
722 2507 836 2544 σώματι.
855 2501 877 2529 Ῑ)

53 2554 183 2581 Ἐὅλεπον
197 2554 279 2581 αὐτὸν
292 2554 372 2589 σῶμα
389 2554 558 2590 ἀνθρώπινον
571 2555 772 2590 περικείμενον,
792 2554 838 2580 καὶ¹

51 2596 190 2634 ἄνθρωπον
214 2598 296 2625 αὑτὸν
327 2599 440 2634 νομίσας
465 2599 554 2634 ψιλὸν,
579 2600 637 2626 κατ’
667 2599 749 2625 αὐτοῦ
774 2599 838 2629 τοὺς

55 2644 197 2676 Ἰουδαίους
209 2644 336 2679 ὲκίνησα·
350 2645 396 2671 καὶ
413 2645 485 2680 ἅπερ
502 2645 535 2671 δι’
555 2644 653 2671 ἑαυτοῦ
666 2644 703 2679 μὴ
715 2644 836 2679 ἐτόλμων

51 2688 258 2724 διαπράξασθαι,
276 2689 362 2716 ταῦτα
381 2689 426 2715 διὰ
445 2689 581 2716 Ἰουδαίων
603 2689 751 2726 ἐνήργησα.
774 2690 834 2717 Μυ-

83 2764 132 2793 ειν
148 2764 217 2800 Reg.
235 2772 265 2798 ιι,
286 2765 327 2792 ll.
367 2765 464 2794 ’Joan.
479 2774 520 2800 Ill,
538 2766 579 2793 15.
620 2765 707 2794 ’Luc.
727 2774 771 2799 xv,
790 2768 805 2794 4
823 2775 883 2802 sqq.

932 1821 1001 1848 Cum
1019 1822 1111 1857 itaque
1127 1822 1256 1856 improbae
1273 1826 1334 1851 vita
1355 1825 1413 1852 luto
1429 1833 1542 1861 prorsus
1563 1828 1688 1857 obrutam

895 1867 1038 1899 vidissem,
1052 1868 1204 1902 divinitatis
1222 1877 1287 1897 inea:
1307 1870 1418 1898 dextera
1435 1877 1572 1906 porrecta,
1594 1876 1683 1902 celeri-

896 1918 936 1940 ter
945 1920 1004 1940 eam
1013 1914 1098 1944 erexi.
1111 1915 1437 1951 commisuralionumque
1445 1926 1567 1946 mearum
1579 1920 1686 1948 viscera

896 1959 948 1986 late
965 1959 1132 1991 didundens,
1147 1961 1173 1987 in
1191 1960 1318 1988 Jordanis
1333 1962 1445 1990 tlurnine
1457 1963 1530 1991 ablui
1546 1965 1686 1993 :ablutam

896 2005 1005 2031 tandem
1027 2006 1198 2033 suaveolenti
1215 2005 1333 2040 Spiritus
1356 2008 1443 2035 sancti
1467 2015 1606 2043 unguento
1626 2019 1685 2045 pcr-

897 2051 972 2078 unxi.
991 2051 1022 2078 Et
1037 2060 1109 2079 nunc
1130 2060 1178 2086 per
1199 2053 1428 2081 resurrectionem
1446 2054 1478 2081 ad
1496 2059 1522 2081 te
1537 2056 1610 2087 veni,
1628 2065 1690 2084 mu-

894 2097 1040 2124 nusculum
1057 2097 1201 2125 divinitate
1221 2104 1265 2125 tua
1282 2099 1352 2126 haud
1371 2100 1512 2134 indignum
1530 2100 1684 2133 oblaturus,

894 2150 972 2170 ovem
987 2143 1113 2170 videlicet
1139 2148 1229 2171 mente
1247 2149 1274 2171 ct
1300 2145 1407 2172 ratione
1429 2146 1582 2180 praeditam.
1600 2146 1685 2174 Hodie

893 2189 1019 2217 diabolus
1031 2197 1131 2223 corpus
1147 2195 1273 2218 nostrum
1286 2191 1312 2218 in
1328 2192 1428 2218 coelum
1445 2192 1615 2220 sublevatum
1630 2200 1687 2219 cer-

893 2242 972 2266 nens,
990 2234 1172 2262 calamitatem
1191 2243 1269 2262 suam
1287 2236 1429 2271 deplorat;
1449 2237 1528 2264 hodie
1543 2242 1684 2271 peccatum

893 2285 1007 2315 propter
1022 2280 1115 2308 Jesum
1131 2285 1314 2316 assumptum,
1331 2283 1414 2310 veluti
1432 2283 1522 2310 fumus
1538 2282 1659 2318 disparet
1674 2293 1679 2315 ;

893 2325 974 2353 hodie
983 2326 1110 2353 diabolus
1121 2327 1216 2361 lugens
1241 2327 1406 2363 ploransque
1419 2328 1552 2363 ejusmodi
1567 2329 1682 2356 inertiam

892 2370 967 2398 edit:
985 2370 1055 2403 Quid
1074 2371 1185 2404 faciam,
1209 2372 1323 2399 infelix?
1340 2372 1451 2405 Omnes,
1468 2381 1538 2408 quos
1552 2380 1566 2400 a
1583 2375 1682 2401 saeculo

892 2416 999 2444 vinctos
1014 2417 1180 2450 delinebam,
1196 2417 1272 2452 lapsu
1291 2418 1493 2451 incitatissimo,
1509 2419 1597 2446 instar
1611 2421 1683 2446 acci—

893 2462 984 2497 pitris,
1001 2463 1142 2495 advolans,
1157 2463 1223 2491 mihi
1241 2463 1404 2498 intercepit;
1423 2472 1520 2499 ineque
1531 2465 1681 2499 desertum,

891 2507 1020 2542 omnique
1042 2516 1075 2535 ex
1095 2512 1172 2543 parte
1187 2508 1237 2535 alis
1256 2513 1367 2535 exutum
1384 2509 1411 2535 in
1429 2512 1530 2536 terram
1551 2509 1682 2536 dcttlrbzh

892 2553 939 2580 vit.
967 2553 1077 2589 Decepit
1097 2562 1140 2582 me
1157 2554 1248 2581 Mariae
1271 2553 1355 2581 illius.
1373 2553 1531 2589 lgnorabam
1554 2554 1682 2590 equidem

891 2599 975 2627 Deum
992 2600 1018 2627 in
1045 2600 1165 2628 humano
1182 2608 1298 2636 corpore
1321 2601 1442 2627 abditum
1463 2601 1558 2629 latere.
1578 2601 1682 2629 Cerne-

890 2645 951 2672 bam
967 2644 1044 2672 illum
1067 2646 1176 2673 mortali
1189 2653 1306 2681 corpore
1322 2645 1446 2673 indutum
1460 2655 1468 2680 ;
1487 2650 1617 2682 ratusque
1630 2645 1680 2673 ho-

889 2691 991 2719 minem
1011 2695 1120 2719 tantum
1141 2699 1204 2720 esse
1231 2695 1258 2720 et
1282 2691 1356 2720 aliud
1380 2692 1459 2727 nihil,
1475 2692 1585 2720 Judseos
1603 2691 1679 2727 nagi-
