1929 3038
218 95 267 124 ιεδ

861 87 961 114 Dl'lilA
981 87 1053 117 AU'I'
1072 89 1208 118 SPURIA.

1804 86 1860 114 ιει

216 154 286 181 tiose
297 154 430 182 adversus
445 154 520 181 illum
532 153 667 180 concitavi
677 162 684 186 ;
696 158 791 188 etquae
800 161 849 188 per
871 154 1005 188 meipsum

1070 152 1120 184 ita;
1147 152 1329 186 συκοφαντίας
1355 151 1486 187 ἐφεῦρον·
1512 150 1566 176 πᾶν
1588 146 1657 181 εἶδος
1684 148 1794 184 ὕϐρεως
1819 150 1862 181 εἷς

217 203 324 226 tentare
338 207 392 227 non
417 198 563 231 audebam,
579 206 611 225 ea
634 206 681 233 per
704 198 765 226 illos
782 197 887 225 confeci
904 207 912 225 τ
927 198 1007 225 innu-

202 248 309 272 7Incras
338 243 491 271 calumnias
515 248 542 270 et
557 244 751 278 sycophantias
775 244 1009 275 adinvcni,omne

198 287 452 317 "contumeliarum
470 296 556 323 genus
568 293 664 315 contra
681 289 755 315 illum
769 288 935 323 excogitavi;
948 295 1009 315 ace-

218 341 275 361 tum
291 342 339 371 per
354 334 515 361 arundinem
539 338 567 361 et
578 334 719 369 spongiam
735 334 773 360 illi
789 334 939 369 propinavi,
954 334 1009 368 spi-

219 380 261 408 nis
279 384 361 415 caput
376 380 450 407 illius
472 380 602 407 coronavi
617 388 624 412 ;
643 380 730 414 alapis
746 379 871 407 eumdem
889 380 1010 406 dehone-

219 426 300 456 stavi.
318 425 403 452 clavis
418 426 495 452 cruci
516 425 601 457 aﬂixi;
620 425 701 452 morti
717 425 834 460 denique
847 425 963 459 subjeci,
983 429 1011 451 et

219 475 351 505 tanquam
368 471 481 498 victoria
498 472 612 506 potitus,
635 479 688 497 una
705 479 766 498 cum
790 470 891 498 Judaais
912 470 1010 497 festum

220 516 291 542 diem
309 516 421 551 agebam
437 526 444 543 :
457 521 483 542 at
496 524 560 542 vero
575 516 670 542 videns
683 516 758 543 illum
772 517 850 543 tertia
863 515 916 547 die,
931 520 1012 551 prout

223 562 398 595 praedixerat,
417 570 431 588 a
451 563 568 590 mortuis
581 563 776 595 resurrexissc,
794 567 914 597 repente,
931 562 1012 589 veluti

220 612 300 634 acuta
317 608 430 642 cuspide
447 608 566 643 undique
581 609 722 643 trajectus,
737 609 763 635 in
780 613 879 636 terram
893 609 1011 642 concidi,

221 661 319 681 rursus
336 661 413 688 asque
444 662 505 681 eum
530 659 613 689 atque
639 659 701 681 ante
722 656 864 682 comedere
881 660 908 682 ct
922 656 1014 683 bibere

221 708 347 733 cernens,
365 701 446 727 aliam
459 701 549 728 denuo
567 709 678 729 crucem
696 701 734 728 illi
757 701 939 728 destinabatn.
956 701 1014 729 (Σω-

221 753 308 775 terum
324 749 387 775 dum
406 749 463 776 haec
477 749 610 777 adversus
626 749 701 776 illum
716 749 920 780 comminiscor,
937 749 1014 776 video

221 795 296 820 illum
325 802 379 821 non
402 795 505 829 absque
531 794 635 829 ingenti
659 794 745 829 gloria
768 798 795 821 et
828 794 969 828 majestate
987 794 1013 820 in

1059 199 1140 225 αὐτὸν
1169 198 1319 233 ἐπενόησα·
1348 196 1464 231 καλάμῳ
1482 196 1527 222 καὶ
1549 195 1661 230 σπόγγῳ
1687 195 1770 221 αὑτὺν
1794 195 1863 220 ἐπό-

1060 252 1138 270 τισα·
1161 244 1292 275 ἀκάνθαις
1317 244 1367 278 τὴν
1394 242 1516 277 κεφαλὴν
1546 241 1628 267 αὑτοῦ
1656 242 1859 275 ἐστεφάνωσα-

1061 290 1230 324 ῥαπίσμασιν
1243 289 1324 315 αὺτὸν
1349 288 1488 323 ὴτίμωσα,
1510 286 1620 322 σταυρῷ
1632 285 1675 312 διὰ
1686 286 1761 321 ἥλων
1777 294 1866 321 προσ-

1062 335 1172 370 ήλωσα·
1192 335 1299 369 Θανάτῳ
1317 334 1394 365 τέλος
1411 331 1564 364 ὑποϐαλὼν,
1580 332 1617 363 ὡς
1634 332 1762 366 νικήσας,
1789 331 1865 365 μετὰ

1068 380 1201 407 Ἰουδαίων
1226 379 1365 415 ὲόρταζον.
1393 379 1566 413 Θεασάμενος
1591 377 1619 403 δὲ
1646 377 1726 403 αὐτὸν
1754 377 1798 403 δτι
1829 378 1866 411 τῇ

1061 427 1141 462 τρίτῃ
1160 427 1252 462 ἡμέρᾳ
1266 426 1433 461 ἐγήγερται,
1450 424 1542 456 καθὼς
1564 425 1706 458 προεῖπον,
1727 423 1767 454 ὡς
1783 423 1866 456 ξίφος

1063 473 1133 500 κατὰ
1143 473 1257 508 καρδίας
1266 472 1372 506 ἀθρόως
1383 471 1530 506 δεξάμενος
1542 469 1706 496 κατέπεσον
1720 469 1867 503 θεασάμε-

1063 529 1107 551 νος
1118 519 1146 546 δὲ
1162 519 1243 546 αὑτὸν
1259 519 1299 544 ὅτι
1316 516 1400 543 ἐσθίει
1415 517 1462 543 καὶ
1476 516 1559 548 πῖνει,
1575 515 1656 542 πάλιν
1669 515 1766 550 ἕτερον
1777 523 1866 541 σταυ-

1065 566 1111 602 ρὸν
1142 563 1352 595 κατεσκεύαζον.
1383 563 1453 589 Ἀλλ’
1484 562 1522 594 ὼς
1551 561 1638 588 ταῦτα
1667 560 1866 595 ἐνεθυμούμην

1064 611 1133 646 πρὸς
1161 609 1265 641 ἑαυτὴν,
1291 608 1345 644 ὁρῶ
1368 607 1449 634 αὑτὸν
1478 606 1547 642 μετὰ
1571 606 1650 641 δόξης
1680 606 1721 637 εἰς
1744 606 1866 640 οὐρανὸν

1065 655 1256 690 ἀνερχόμενον,
1271 653 1332 680 ὅθεν
1352 651 1407 686 ἐγὼ
1422 652 1480 686 μετ’
1504 650 1635 685 αἰσχύνης
1656 649 1800 681 ἐξέπεσον,
1817 649 1866 675 Διὸ

1065 702 1112 729 καὶ
1127 700 1280 736 Ψαλμῳδὸς
1296 701 1328 726 ἐκ
1346 698 1451 724 πολλῶν
1474 697 1528 723 τῶν
1543 697 1646 732 χρόνων
1664 696 1731 722 ὲῆόα
1754 695 1846 729 λέγων
1857 703 1864 709 ·

1066 746 1168 774 Πάντα
1188 746 1222 772 τὰ
1243 745 1328 778 ἔθνη,
1354 743 1522 778 κρατήσατε
1544 741 1662 776 χεζραςν
1685 740 1868 773 ἀλαλάξατε

1066 793 1106 826 τῷ
1125 792 1186 825 Θεῷ
1205 793 1240 818 ἐν
1258 790 1343 826 φωνῇ
1363 789 1583 825 ἀγαλλιάσεως,
1601 788 1645 814 ὅτι
1665 788 1777 821 Κύριος
1794 787 1867 821 ὕψι-

220 840 330 872 cmlum,
347 841 420 868 unde
437 849 488 875 ego
511 849 572 868 cum
593 848 692 876 magno
709 841 810 874 probro
838 846 864 867 et
879 840 1013 867 dedecore

1070 847 1148 871 στος,
1171 837 1322 871 βασιλεὺς
1343 835 1480 871 φοϐερὸς,
1497 834 1591 869 μέγας
1606 833 1654 859 ἐπὶ
1677 832 1784 860 πᾶσαν
1808 833 1867 864 τὴν

220 885 387 918 excideram,
417 887 571 913 subvolare.
595 886 654 918 Quo
676 886 818 920 psalmista
846 885 928 912 David
952 893 1012 920 spc-

224 934 303 967 ctatrs
320 931 482 965 jamdudum
496 932 532 958 ita
549 931 705 958 clamabat:
723 931 819 959 Omnes
830 936 928 966 gentes.
941 931 1015 966 plau-

223 975 277 1002 dite
294 976 417 1004 manibus
436 977 456 1003 ‘.
472 977 615 1004 Exsultate
627 976 681 1004 Deo
703 977 730 1003 in
744 976 1012 1009 roceexsultationia,

220 1022 345 1054 quoniam
360 1022 431 1049 Deus
446 1023 576 1054 excelsus,
593 1023 718 1050 terribilis
734 1027 757 1050 et
785 1030 832 1049 rea:
846 1031 957 1058 magnus
969 1030 1014 1049 su-

220 1075 265 1101 per
283 1077 386 1096 onmem
402 1074 509 1095 (errant.
528 1068 561 1094 Et
583 1069 679 1104 paucis
697 1068 849 1102 interjectis
866 1078 871 1095 :
891 1067 1014 1095 Ascendit

1065 885 1140 920 Τῆν-
1170 884 1217 910 καὶ
1241 882 1336 909 πάλιν·
1372 881 1471 913 Ἀνέϐη
1494 882 1510 907 o’
1533 880 1606 912 Θεὸς
1630 879 1665 906 ἐν
1686 878 1865 913 ἀλαλαγμῶν

1067 931 1175 964 Κύριος
1198 930 1233 955 ἑν
1257 927 1342 962 φωνῇ
1366 926 1543 961 σάλπιγγος.
1567 925 1642 952 Θέλω
1666 925 1748 951 αὐτὸν
1777 933 1867 951 κατα-

1067 976 1172 1010 διῶξαι,
1200 975 1248 1001 καὶ
1276 975 1314 1006 ὡς
1341 972 1465 1008 μόλιϐδος
1492 972 1567 998 κάτω
1603 972 1738 1006 φέρομαι·
1773 970 1868 1005 βούλο-

1070 1030 1118 1057 μαι
1147 1020 1229 1048 αὐτὸν
1262 1019 1416 1055 κρατῆσαι,
1450 1017 1497 1044 καὶ
1532 1016 1656 1052 ἀοράτως
1681 1014 1867 1050 ὲξαγκωνίζο-

1070 1077 1129 1103 μαι.

221 1113 293 1141 Deus
309 1115 336 1140 in
350 1114 458 1149 jubilo;
475 1114 604 1141 Dominus
620 1115 646 1141 in
665 1122 725 1141 voce
741 1114 842 1141 tubw’.
869 1113 938 1141 Volo
959 1121 1029 1148 pone
1049 1113 1127 1141 illum
1161 1113 1288 1148 inSequi;
1318 1117 1346 1140 et
1373 1119 1438 1139 ecce
1463 1110 1544 1138 veluti
1569 1110 1708 1146 plumbum
1733 1110 1865 1137 deorsum

221 1158 361 1187 dctralior.
379 1159 448 1186 Volo
464 1160 540 1186 illum
556 1159 691 1190 detinere.
707 1163 735 1186 et
751 1167 815 1186 ecce
835 1159 872 1191 vi,
886 1166 948 1194 qua:
962 1159 1014 1187 sub
1031 1165 1169 1194 aspectum
1184 1167 1238 1186 non
1259 1159 1343 1192 cadit,
1362 1158 1523 1193 prmpedior.

259 1205 329 1238 Quid
347 1205 443 1232 iaciam
460 1205 562 1233 miser!
577 1204 615 1231 Ex
631 1204 706 1234 omni
723 1205 784 1232 loco
799 1208 825 1231 et
845 1205 957 1239 regione
972 1212 1015 1231 me

222 1252 317 1287 abigit.
343 1251 364 1278 E
388 1251 457 1279 ratio
475 1256 607 1286 tanquam
631 1251 748 1285 lapidem
771 1250 900 1285 exiguum
932 1250 1016 1277 funda

223 1301 343 1325 rotatum
367 1305 430 1324 cum
455 1297 558 1331 impetu
582 1295 683 1329 deiecit
703 1295 732 1322 in
753 1298 865 1321 terram.
889 1294 929 1322 Eo
951 1303 1015 1323 vero

222 1346 346 1380 dejectus
375 1345 403 1371 in
431 1344 512 1378 aquis
539 1343 679 1370 occultare
701 1349 744 1369 me
763 1341 854 1374 volui;
876 1345 903 1368 at
921 1341 966 1368 ille
987 1342 1015 1368 in

222 1389 353 1418 Jordanis
381 1389 494 1416 ﬂumine
534 1388 676 1416 inventum
711 1387 1013 1422 comprehensumque,

225 1440 358 1471 tanquam
382 1438 482 1461 tetrum
506 1434 666 1464 draconem,
687 1432 808 1467 indignis
823 1432 910 1459 modis
925 1432 1017 1468 ﬂagris

1104 1206 1136 1231 Τί
1160 1206 1265 1240 ποιήσω
1287 1206 1301 1231 ὁ
1322 1204 1423 1236 τάλας;
1446 1203 1618 1239 Πανταχόθεν
1633 1212 1666 1238 με
1685 1204 1864 1239 περιήλασεν.

1075 1251 1120 1283 Ἐξ
1132 1251 1254 1286 οὐρανῶν
1271 1259 1304 1286 με
1317 1250 1354 1282 ὡς
1368 1250 1441 1277 λίθον
1458 1250 1628 1286 βραχύτατον
1643 1251 1683 1281 είς
1699 1251 1753 1285 γῆν
1770 1252 1868 1286 ἐσφεν-

1067 1297 1162 1332 δόνησε
1182 1297 1266 1324 κάτω.
1283 1296 1378 1323 Πεσὼν
1390 1296 1418 1322 δὲ
1432 1297 1460 1323 ὲν
1476 1297 1509 1331 τῇ
1523 1297 1570 1331 γῇ,
1586 1297 1614 1322 ὲν
1628 1297 1684 1327 τοῖς
1700 1296 1779 1323 ὕδασι
1797 1305 1867 1332 κρυ-

1068 1342 1148 1376 ϐῆναι
1161 1342 1297 1377 ἡθέλησα”
1317 1342 1364 1368 καὶ
1378 1341 1466 1377 εὑρών
1486 1350 1519 1376 με
1534 1343 1563 1367 ὲν
1577 1342 1633 1373 τοῖς
1655 1341 1701 1368 τοῦ
1730 1342 1867 1378 Ἰορδάνου

1070 1387 1188 1423 ῥείθροις
1205 1388 1401 1423 κρυπτόμενον,
1419 1387 1457 1419 ὼς
1473 1388 1620 1422 δράκοντα,
1641 1389 1782 1423 κρατήσας
1798 1390 1868 1424 ἐμά-

1072 1433 1155 1466 στιξε.
1173 1434 1248 1460 Θέλω
1265 1434 1317 1460 κᾶν
1333 1434 1382 1469 τῆς
1405 1433 1456 1468 γῆς
1470 1433 1615 1468 κρατῆσαι,
1635 1434 1681 1460 καὶ
1704 1434 1809 1466 πάντες
1829 1436 1867 1467 ὡς

223 1481 357 1510 concidit.
379 1479 482 1507 Studeo
495 1486 604 1507 rursum
621 1478 664 1506 vel
680 1479 708 1505 in
726 1479 807 1506 terris
817 1478 945 1514 angulum
961 1479 1013 1506 ali-

1070 1479 1229 1514 Bsenottzzﬁ;
1260 1479 1346 1515 νομῆς
1368 1479 1500 1512 φύλακες,
1521 1479 1571 1514 τὴν
1595 1479 1656 1506 κατ’
1680 1479 1749 1514 ἐμοῦ
1773 1481 1868 1516 φωνὴν

223 1535 305 1564 quem
321 1526 499 1558 obtinere,et
518 1532 614 1552 omnes
632 1531 697 1551 mox
711 1524 795 1552 veluti
812 1524 946 1552 Dominici
964 1532 1012 1559 pa-

225 1571 285 1599 scui
305 1570 451 1602 custodes,
471 1570 587 1597 sublatis
609 1569 724 1596 vocibus
746 1575 841 1596 contra
863 1578 907 1596 me
924 1569 1015 1597 insur-

173 1653 177 1656 _
224 1620 292 1651 sunt
311 1617 451 1650 altumque
481 1615 688 1643 vociferantur:
705 1615 814 1643 Domini
835 1621 873 1643 est
902 1621 972 1643 terra
989 1622 1014 1644 et

224 1662 357 1697 plenitudo
375 1662 443 1697 ejus,
465 1663 536 1689 orbis
554 1668 686 1689 terrarum
701 1667 725 1689 et
744 1663 923 1697 universi,qui
940 1663 1016 1689 [mlti-

225 1713 282 1735 tant
299 1709 325 1734 iu
344 1716 372 1735 ea
384 1709 404 1735 ³.
422 1708 492 1734 Sane
503 1712 602 1735 terram
619 1708 727 1735 Domini
748 1716 819 1739 esse.
838 1709 950 1744 grandis
971 1709 1017 1736 ille

225 1757 306 1781 terra:
321 1759 413 1781 motus
424 1754 555 1782 ostendit.
572 1753 656 1782 Terra
671 1755 772 1781 etenim
794 1754 840 1782 Dei
856 1759 883 1782 et
905 1754 1014 1782 Domini

224 1800 266 1827 sui
278 1803 456 1834 conspectum
469 1798 566 1829 verita.
583 1807 690 1826 necnon
709 1800 744 1827 ob
758 1800 875 1826 ﬁliorum
902 1808 1016 1828 suorum

224 1846 430 1882 pcrverSilatem
446 1845 602 1873 immaniter
613 1853 694 1877 caesa,
705 1845 816 1873 Christo
833 1846 962 1882 patiente,
974 1846 1017 1873 iti-

223 1892 297 1928 genti
316 1896 435 1918 tremore
449 1899 583 1919 concussa
597 1895 655 1925 est;
676 1891 771 1918 eadem
797 1900 906 1919 rursum
925 1892 1016 1920 hiatus

224 1938 427 1972 scissurasque,
445 1937 528 1965 veluti
541 1945 572 1965 os
590 1937 723 1965 adversus
734 1938 868 1965 elementa
880 1939 1015 1973 aperiens,

226 1983 329 2010 occulti
349 1983 453 2010 doloris
478 1983 705 2018 magnitudinem,
725 1991 780 2010 non
796 1984 856 2011 sine
872 1985 947 2018 gravi
971 1993 1017 2011 ru-

224 2029 292 2064 gitu,
313 2032 465 2056 contestata
489 2033 542 2061 est,
564 2032 647 2063 atque
669 2032 698 2055 ut
722 2030 915 2064 peccatoribus
941 2030 1018 2064 igno-

224 2078 362 2108 sceretur,
385 2075 460 2102 velut
483 2078 571 2101 mater
593 2082 643 2109 pro
666 2074 730 2102 [iliis
751 2075 924 2110 supplicavit.
951 2076 1017 2109 Qui:

225 2122 344 2156 loquitur
366 2121 500 2155 potentius
529 2121 664 2149 Domini?
692 2122 800 2149 auditas
825 2122 904 2156 faciet
927 2131 1016 2150 omnes

1069 1526 1164 1562 βοῶσι·
1184 1526 1238 1553 Τοῦ
1250 1526 1359 1560 Κιφίου
1370 1527 1388 1560 ἡ
1398 1526 1436 1561 γῆ
1454 1526 1504 1553 καὶ
1513 1527 1545 1553 τὸ
1563 1526 1708 1561 πλήρωμα
1718 1528 1829 1562 αὐτῆς,
1843 1529 1864 1562 ἠ

1067 1571 1227 1607 οἰκουμένη
1247 1572 1297 1599 καὶ
1321 1572 1433 1605 πάντες
1454 1574 1481 1599 ot
1504 1573 1758 1605 xaromoﬁwscé‘r
1777 1574 1866 1608 αὐτῇ.

1070 1619 1188 1651 Ἔδειξεν
1197 1618 1211 1644 ὁ
1224 1618 1343 1653 σεισμὸς,
1353 1619 1394 1645 ὅτι
1404 1618 1451 1645 τοῦ
1466 1619 1568 1654 Κυρίου
1583 1619 1657 1653 ήγῆ.
1675 1619 1708 1645 Ἦ
1720 1618 1775 1655 γὰρ
1790 1620 1825 1656 γῆ
1837 1620 1867 1646 τὺ

1066 1663 1113 1690 τοῦ
1125 1664 1227 1698 Κυρίου
1243 1664 1328 1699 δνομα
1353 1664 1389 1699 μὴ
1419 1663 1540 1699 φέρουσα
1564 1664 1746 1700 ἀκαρτερήτμρ
1769 1666 1866 1701 τρόμῳ

1067 1709 1224 1745 ἐϐράσσετο,
1240 1708 1284 1735 διὰ
1294 1709 1342 1745 τὴν
1350 1709 1461 1743 ἀταξίαν
1469 1709 1523 1736 τῶν
1532 1710 1615 1744 αὐτῆς
1624 1710 1725 1738 τέκνων
1736 1712 1867 1747 μαστιζο-

1069 1755 1149 1791 μένη,
1159 1755 1284 1791 καθάπερ
1294 1756 1381 1790 στόμα
1392 1755 1462 1782 κατὰ
1473 1755 1526 1782 τῶν
1536 1757 1675 1791 στοιχείων
1682 1757 1812 1789 ἅνοίξασα
1821 1760 1866 1793 (3+,-

1062 1801 1418 1839 γματα,τῆςκρυπτομένη;
1437 1801 1532 1836 ὀδύνης
1544 1801 1608 1827 ἐϐόα
1622 1802 1651 1828 τὺ
1671 1802 1788 1837 μέγεθος
1798 1811 1805 1818 ι
1819 1804 1866 1831 καὶ

1067 1845 1211 1880 φείσασθαι
1227 1846 1281 1873 τῶν
1289 1847 1500 1882 ἡμαρτηκότων,
1516 1847 1554 1877 ὼς
1566 1848 1658 1882 μήτηρ
1672 1847 1742 1882 ὑπὲρ
1750 1848 1864 1879 τέκνων,

1069 1891 1182 1918 ἱκέτευε.
1200 1892 1248 1925 Τίς
1259 1892 1390 1926 λαλήσει
1405 1892 1458 1925 τὰς
1471 1892 1654 1926 δυναστείας
1666 1893 1719 1920 τοῦ
1734 1895 1865 1928 Kvp/ov:

1067 1938 1220 1971 ἀκουστὴς
1231 1937 1352 1971 ποιήσει
1365 1938 1467 1971 πάσας
1484 1939 1537 1972 τὰς
1547 1939 1677 1972 αἱνέσεις
1685 1940 1795 1972 actori;
1811 1941 1865 1968 Τοῦ

1067 1983 1179 2016 Κιιρῖου
1190 1983 1207 2016 ἡ
1216 1982 1252 2017 γῆ
1264 1982 1311 2009 καὶ
1322 1982 1356 2009 τὸ
1366 1983 1511 2018 πλήρωμα
1522 1983 1628 2017 αὐτῆς.
1638 1984 1694 2020 Τὴν
1707 1984 1762 2020 γὰρ
1777 1985 1863 2021 σάρκα

1067 2027 1116 2062 τὴν
1127 2029 1158 2054 ἐκ
1171 2029 1222 2063 γῆς
1239 2027 1404 2056 πλασθείσαν
1414 2029 1519 2064 ἥνωσεν
1536 2031 1564 2056 ὲν
1572 2030 1646 2065 αὐτῷ
1656 2032 1670 2057 ὁ
1682 2031 1810 2066 Χριστος,
1819 2034 1864 2059 καὶ

1067 2073 1194 2100 ἐκάθισεν
1211 2075 1239 2100 ἐν
1255 2075 1390 2109 οὐρανοῖς.
1415 2075 1545 2110 Ἔρχεται
1566 2075 1579 2101 ὁ
1598 2075 1720 2107 διάϐολος
1736 2076 1781 2103 διὰ
1797 2086 1862 2113 πορ-

1069 2119 1144 2151 νείας
1158 2119 1283 2155 μολύνειν
1299 2119 1469 2156 βουλόμενος.
1494 2121 1563 2147 Ἀλλ’
1575 2121 1614 2153 ὡς
1627 2121 1712 2156 φύλαξ
1725 2123 1862 2158 ἄγρυπνον

225 2169 316 2196 laudes
356 2169 413 2203 ejus
434 2169 474 2195 ⁵2
503 2168 612 2196 Domini
643 2173 681 2195 est
718 2173 790 2195 terra
823 2175 848 2196 et
877 2169 1013 2204 plenitudo

1071 2165 1141 2201 ἔχων
1156 2166 1202 2193 τὸν
1218 2167 1268 2202 τῆς
1286 2167 1375 2202 ψυχῆς
1390 2167 1540 2203 ὀφθαλμὸν,
1568 2168 1605 2203 μὴ
1627 2169 1809 2205 συγχωρήσῃς
1825 2170 1863 2205 τῷ

224 2215 293 2250 ejus.
315 2214 444 2242 Christus
468 2221 586 2249 namque
605 2221 718 2241 carnem
735 2222 750 2241 e
776 2218 848 2241 terra
873 2215 1017 2243 formatam

228 2261 281 2289 sibi
299 2260 410 2293 ascivit,
423 2260 593 2294 ascitamque
607 2259 634 2286 in
651 2259 729 2287 caelis
744 2260 898 2288 constituit.
911 2262 1019 2297 Arrepit

229 2306 345 2334 subinde
362 2305 503 2337 diabolus,
532 2312 580 2340 per
608 2304 816 2332 fornicationem
840 2313 899 2332 eam
924 2312 1019 2334 conta-

230 2351 335 2378 minare
364 2348 542 2377 contendens.
560 2349 595 2375 At
611 2353 651 2380 tu,
673 2352 803 2384 tanquam
822 2349 892 2377 lidus
914 2355 1018 2383 custos,

229 2397 329 2423 animae
352 2395 462 2422 oculum
491 2394 600 2428 vigilem
637 2402 745 2430 semper
775 2400 1020 2431 experrectumque

229 2442 342 2474 habens,
360 2441 494 2468 latronem
515 2441 592 2468 illum
611 2442 711 2469 mentis
727 2446 781 2469 tuae
796 2443 898 2470 lumina
917 2443 1020 2470 violare

228 2494 283 2514 non
301 2487 387 2519 sinas,
412 2491 443 2513 ut
471 2487 549 2521 plena
575 2486 685 2514 tandem
700 2488 815 2515 victoria
833 2488 953 2523 potitus,
971 2495 1020 2514 au-

228 2532 324 2559 dacter
339 2531 374 2559 ad
393 2532 468 2559 illum
484 2532 575 2560 dicere
589 2541 694 2568 queas:
717 2533 886 2560 Dominicam
910 2541 1018 2567 posscs-

230 2579 346 2611 sionem,
368 2586 384 2606 ο
401 2578 520 2612 diabole,
536 2587 590 2607 non
606 2579 714 2614 prodidi
728 2588 736 2612 ;
755 2579 862 2606 Domini
884 2580 955 2606 enim
978 2583 1019 2607 est

230 2629 302 2652 terra
332 2628 361 2653 et
378 2624 502 2653 Ecclesia
516 2626 629 2656 Christi,
647 2633 708 2660 quae
722 2625 824 2660 ubique
838 2626 942 2653 ctelesti
958 2627 1019 2661 plu-

231 2671 271 2698 via
300 2672 409 2699 exculta
430 2672 608 2707 irrigataque.
626 2671 733 2699 fructus
753 2671 844 2698 varios
874 2677 1019 2707 perpetuo-

229 2725 282 2754 que
302 2717 421 2745 virentes
444 2717 483 2744 illi
507 2716 607 2749 fundit.
621 2723 719 2751 nempe
735 2715 916 2749 tricesimum,
937 2725 1016 2745 sexa-

266 2796 357 2824 ‘Psal.
374 2803 445 2828 XLVI,
457 2795 485 2828 2,
502 2795 529 2822 5.
570 2796 580 2811 ³
592 2794 657 2822 ibid.
673 2795 698 2822 6.
738 2794 827 2823 ³Ρειιῐ.
844 2803 923 2830 xxnt,
941 2797 966 2824 1.

1072 2211 1157 2248 λῃστῇ
1183 2212 1228 2238 τὸν
1250 2212 1301 2247 τῆς
1322 2213 1441 2245 διανοίας
1469 2213 1614 2249 διαρρῆξαι
1640 2213 1795 2250 ὀφθαλμὸν,
1823 2217 1863 2244 ἵνα

1073 2256 1182 2293 θαρρῶν
1211 2258 1279 2293 πρὸς
1306 2259 1388 2285 αὐτὸν
1413 2259 1508 2295 εἴπῃς·
1533 2260 1699 2287 Δεσποτικοῦ
1725 2262 1863 2298 κτήματος

1071 2303 1204 2339 προδότης
1220 2305 1250 2330 οὐ
1265 2304 1386 2340 γίνομαι,
1404 2305 1521 2333 διάϐολε.
1535 2305 1589 2332 Τοῦ
1602 2307 1706 2342 Κυρίου
1718 2307 1773 2342 γὰρ
1789 2309 1805 2343 ή
1827 2310 1860 2343 γῆ

1071 2348 1118 2374 καὶ
1135 2349 1150 2383 ἡ
1174 2348 1322 2384 Ἐκκλησία
1333 2349 1380 2376 τοῦ
1392 2350 1512 2385 Χριστοῦ
1529 2350 1546 2386 ή
1559 2351 1674 2378 πάντοτε
1692 2351 1745 2378 ὑπὸ
1760 2353 1807 2379 τοῦ
1817 2354 1861 2379 οὑ-

1073 2395 1166 2430 ρανίου
1188 2395 1292 2431 ὅμὸρου
1313 2397 1520 2433 γεωργουμένη,
1541 2398 1588 2424 καὶ
1604 2397 1731 2430 ἀειθαλὲς
1758 2407 1861 2433 καρπο-

1072 2441 1193 2476 φοροῦσα
1207 2442 1318 2477 Χριστῷ
1329 2443 1475 2478 τριάκοντα
1504 2443 1563 2479 [καὶ
1579 2443 1722 2480 ἑξήκοντα]
1743 2445 1788 2471 καὶ
1801 2445 1863 2471 ἑκαο

1069 2487 1135 2513 τόν.-
1154 2487 1287 2521 Ἐξῆλθε,
1302 2489 1394 2523 φησὶν,
1414 2490 1430 2515 ὁ
1447 2490 1581 2523 σπείρων
1594 2489 1648 2516 τοῦ
1661 2490 1784 2524 σπεῖραι
1794 2498 1800 2504 ·
1814 2491 1862 2517 καὶ

1070 2533 1103 2560 τὸ
1115 2535 1174 2569 μὲν
1186 2535 1298 2563 ἔπεσεν
1313 2536 1362 2563 ἐπὶ
1375 2537 1433 2570 τὴν
1447 2537 1529 2569 ὁδὸν,
1553 2538 1601 2573 τὴν
1616 2537 1724 2573 ἀπάτην
1740 2539 1789 2574 τὴν
1806 2539 1860 2565 Ἐλ‹

1070 2580 1195 2616 ληνικήν.
1218 2582 1272 2608 Καὶ
1290 2580 1385 2617 ἦλθον
1407 2583 1443 2609 τὰ
1459 2584 1594 2615 πετεινὰ,
1612 2584 1635 2610 οι
1654 2583 1790 2615 ὀξύπεινοι
1809 2585 1861 2612 τῶν

1069 2625 1204 2661 δαιμόνων
1223 2627 1359 2663 ἅρπαγες,
1389 2629 1438 2655 καὶ
1462 2629 1633 2664 κατέφαγον
1657 2629 1743 2656 αὑτό.
1773 2631 1861 2658 Ἄλλο

1069 2672 1181 2700 ἔπεσεν
1203 2673 1253 2701 ἐπὶ
1277 2674 1312 2701 τὰ
1338 2674 1483 2709 πετρώδη,
1508 2676 1558 2711 τὴν
1581 2675 1786 2711 σκληρότροπον
1807 2676 1860 2703 τῶν

1076 2718 1212 2746 Ἰουδαίων
1242 2721 1314 2756 φημὶ
1344 2721 1513 2756 προαίρεσιν,
1547 2722 1593 2748 καὶ
1621 2721 1721 2753 εὐθέως
1745 2722 1861 2750 ἀνέτειλε

1008 2801 1018 2813 '
1030 2796 1103 2826 Psal.
1117 2805 1161 2833 cv,
1173 2798 1200 2825 Ξ.
