1929 3038
35 121 88 148 ‘8“:

398 119 538 147 HOMILIA
557 118 576 146 V
596 118 628 146 ΙΝ
659 117 796 146 LAUDES
817 116 963 144 SANC'DE
983 115 1104 143 MARUE
1128 116 1301 144 DEIPARJE.

1627 117 1682 146 486

35 180 209 216 προπετείας
231 178 314 212 φυτὸν
338 178 408 214 [καὶ]
429 178 609 214 παρανομίας.
635 176 759 207 Τοιοῦτος
775 177 829 212 γὰρ

899 175 1014 202 esimum
1045 179 1071 202 et
1088 177 1267 203 centesimum
1288 176 1355 211 (75).
1373 175 1478 212 [Exiit,
1493 176 1612 212 inquit',
1633 178 1681 212 qui

42 223 182 251 Ἰουδαίων
205 225 219 250 ὁ
234 223 345 258 τρόπος.
371 223 414 250 Ἐν
437 223 490 259 γὰρ
509 224 542 258 τῇ
563 223 660 258 ἐρήμῳ
677 220 835 258 νομοθετού-

38 277 116 304 μενοι
130 267 252 302 ἔφασκον
269 268 337 303 πρὸς
361 267 498 303 Μωῦσῆν·
523 267 626 294 Πάντα
642 267 700 294 ὅσα
718 265 802 293 εἶπεν
820 268 836 293 ὀ

37 314 124 347 Θεὸς,
140 315 328 348 ποιησόμεθα
342 313 391 340 καὶ
421 313 621 347 ἀκουσόμεθα.
637 313 691 339 Καὶ
709 313 734 339 οἱ
750 312 836 339 ταῦτα

37 360 285 395 ἐπαγγελλόμενοι,
310 359 409 394 μόσχον
433 360 536 395 ἄψυχον
565 359 760 395 προσεκύνουν,
791 359 837 385 καὶ

37 406 83 432 τὸν
103 405 201 441 νεκρὸν
212 405 259 431 τοῦ
276 405 377 438 ζῶντος
387 405 455 432 Θεοῦ
475 406 641 442 προετίμων.
661 407 750 433 Ἄλλο
770 406 837 432 ἕπε-

38 460 97 479 σεν
120 452 171 478 ἐπὶ
197 452 250 484 τὰς
277 451 427 484 ἀκάνθας,
463 452 512 483 τὰς
542 452 761 488 τραχυκὲντρους
791 453 838 479 καὶ

41 496 331 532 βλασφημογλὼσπυς
348 496 480 532 αἱρέσεις,
502 497 603 528 αἵτινες
627 497 672 524 τὸν
697 497 746 532 τῆς
759 497 836 524 εὐσε-

40 543 121 574 ϐείας
143 543 244 578 σπόρον
265 542 326 569 καθ’
351 542 459 578 ἡμέραν
483 543 689 577 συμπνίγουσιν.
717 544 839 578 Ἕτερον

39 589 156 615 ἔπεσεν
170 588 218 614 ἐπὶ
234 587 292 622 τὴν
307 587 366 622 γῆν
382 587 439 621 τὴν
457 588 570 621 καλὴν,
596 588 645 624 τὴν
675 588 838 624 Ἐκκλησίαν

40 633 88 660 τοί
123 633 262 669 Χριστοῦ.
290 634 339 669 τὴν
366 633 502 669 εὔφορον,
534 633 582 668 τὴν
611 635 838 670 καρποφοροῦσαν

39 679 191 716 τριάκοντα
210 679 257 706 καὶ
274 679 404 714 ἐξήκοντα
432 679 480 705 καὶ
508 679 614 706 ἑκατόν.
631 679 783 714 Τριάκοντα
794 679 839 705 τὸν

39 726 92 761 τῆς
108 724 286 760 σωφροσύνης
303 724 399 758 ζυγόν·
422 725 554 760 ἑξήκοντα
567 725 617 759 τῆς
632 725 838 760 ἀγγελομόρφου

41 771 212 806 παρθενίας·
232 771 334 798 ’ἐκατὺν
355 771 404 806 τῆς
430 770 503 802 θείας
535 771 719 807 δικαιοσύνης,
745 772 792 798 καὶ
807 773 838 798 ἁ-

42 817 150 851 γνείας,
168 817 215 844 καὶ
231 817 280 852 τῆς
294 817 346 843 τῶν
365 816 512 852 μαρτύρων
526 817 719 854 ἀνδραγαθίας.

888 221 997 248 seminat
1026 220 1180 257 seminam]
1222 219 1256 246 Et
1275 221 1348 247 aliud
1373 221 1476 255 quidem
1489 223 1583 250 cecidit
1605 230 1680 250 secus

889 268 968 298 uiam,
994 266 1045 293 hoc
1069 271 1111 294 cst
1133 267 1318 294 Graecanicam
1343 266 1477 294 fraudem.
1500 268 1535 295 Et
1556 273 1681 296 venerant

889 314 1030 346 volucres;
1047 314 1177 340 nimirum
1200 313 1316 341 famelici
1333 313 1487 341 daemonum
1502 319 1679 349 raptores;ct

888 359 1057 387 comederunt
1077 359 1155 387 illud.
1176 359 1260 386 Aliud
1287 361 1381 387 cecidit
1401 361 1428 387 in
1454 365 1554 395 petras,
1583 370 1680 396 nempe

889 405 986 432 duram
1010 413 1042 433 ac
1069 410 1259 433 contumacem
1276 405 1434 433 Judzeorum
1457 406 1635 433 voluntatem.
1650 407 1682 433 Et

890 453 984 480 statim
997 453 1159 480 temeritatis
1173 452 1404 486 caloriinpietatis
1416 452 1528 487 stirpem
1543 452 1681 486 produxit.

890 497 1031 532 Ejusmodi
1046 499 1148 533 quippe
1165 501 1230 525 sunt
1247 497 1353 524 Judaici
1373 504 1463 524 mores
1477 506 1483 524 :
1500 504 1563 524 nam
1577 504 1639 523 cum
1655 497 1682 523 in

889 543 999 572 deserto
1021 544 1064 571 lex
1081 544 1136 571 illis
1153 544 1279 575 ferretur,
1305 543 1435 570 dicebant
1453 542 1538 578 Moysi
1554 551 1559 569 :
1586 541 1684 569 Omnia

890 597 1050 625 quwcunque
1074 589 1142 616 Deus
1161 589 1239 620 dixit,
1258 589 1386 624 faciemus
1423 593 1447 615 et
1473 588 1608 615 audiemus
1619 587 1684 614 ’.Et

891 639 983 662 tamen
1009 635 1048 662 illi
1071 635 1133 670 ipsi,
1149 635 1195 670 qui
1211 635 1262 662 ista
1283 635 1484 669 promiserant,
1503 633 1683 661 inaniinatuai

890 681 1006 708 vitulum
1025 681 1195 712 adorabant,
1213 689 1245 708 ac
1266 681 1328 708 vivo
1353 679 1408 708 Deo
1430 683 1567 706 mortuum
1586 679 1684 714 praefe-

891 727 997 754 rebant.
1021 726 1102 753 Aliud
1124 725 1216 753 cecidit
1235 727 1262 752 in
1275 726 1377 760 spinas,
1396 725 1448 752 hoc
1484 730 1526 753 est
1547 726 1685 752 aculealas

892 777 918 799 et
940 773 1154 800 contumeliosas
1177 772 1204 799 in
1228 772 1313 800 Deum
1338 772 1476 799 hmreses:
1499 779 1559 806 qum
1575 771 1684 806 pietatis

893 823 1044 846 sementem
1060 819 1184 854 quotidie
1204 818 1364 854 praefocant.
1381 817 1461 844 Aliud
1479 817 1572 844 cecidit
1591 818 1617 843 in
1632 822 1685 844 ter-

43 872 103 890 ram
116 863 295 895 bonam;hoc
306 867 347 890 est
364 863 512 890 Ecclesiain
547 863 662 895 (Zhristi,
699 863 864 896 fertilerryet
890 865 1019 896 tricenos,
1049 872 1199 899 sexagenos
1224 872 1256 891 ac
1279 868 1409 891 centenos
1442 863 1547 890 fructus
1569 863 1686 890 redden-

43 908 246 941 tem.Quorum
262 908 358 935 triceni
384 908 417 935 ad
435 908 564 942 pud'wum
591 909 748 943 nuptiarum
761 909 857 944 jugum
877 911 1035 944 pertinent;

1072 910 1210 945 sexageni,
1232 910 1350 937 similem
1382 910 1541 944 angelorum
1569 909 1685 943 virgini-

42 958 130 981 tatem
145 954 308 984 continent;
325 954 433 981 centeni
450 953 568 988 denique
578 954 610 981 ad
628 954 746 981 divinam
757 954 902 988 justitiam,
925 955 1090 991 [castitatem
1117 959 1144 983 ct
1172 955 1281 990 egregia
1299 958 1450 990 martyrum
1486 953 1621 990 facinora]
1639 962 1684 981 re-

43 1004 185 1030 feruntur.

80 1059 113 1085 Οἱ
134 1058 190 1093 γὰρ
205 1058 254 1093 τῆς
279 1058 419 1090 εὐσεϐείας
440 1058 560 1094 κήρυκες
578 1058 626 1093 τὴν
649 1059 692 1085 ἐπ’
719 1058 840 1093 ἐσχάτων

927 1056 1014 1084 Porro
1029 1060 1121 1084 autem
1133 1063 1204 1083 vera:
1224 1055 1336 1090 pietatis
1348 1062 1498 1096 praecones,
1517 1059 1686 1090 postremum

44 1104 91 1130 τοῦ
115 1103 217 1139 Κυρίου
241 1103 349 1130 ἕλευσιν
368 1105 451 1130 πᾶσιν
473 1103 713 1139 εὐαγγελιζόμενοι
731 1103 841 1137 ἔλεγον

47 1149 150 1181 Οὕτως
173 1148 348 1180 ἐλεύσεται,
371 1148 407 1175 ὃν
425 1149 539 1183 τρόπον
561 1149 727 1176 ἐθεάσασθε
750 1148 843 1175 αὐτὸν

45 1195 346 1229 ἀναλαμϐανόμενον.
375 1194 516 1231 Ὠφθησαν
541 1194 595 1230 γὰρ
619 1194 665 1221 δύο
692 1193 789 1230 ἄνδρες
815 1195 844 1220 ὲν

47 1241 143 1276 ἐσθῆτι
160 1241 256 1275 λευκῇ.
275 1240 336 1272 Δύο,
351 1240 395 1266 ἵνα
415 1240 545 1276 πιστευθῇ
558 1241 574 1276 ὴ
587 1240 699 1276 ἀλήθεια
710 1248 716 1255 ·
736 1240 842 1275 ἄνδρες,

47 1287 92 1312 ἶνα
104 1287 145 1316 εἰς
158 1285 270 1320 ἀνδρίαν
287 1285 350 1316 τοὺς
373 1284 496 1319 μαθητὰς
516 1284 680 1320 στηρίξωσι·
701 1284 844 1319 λευχειμο

47 1329 169 1362 νοῦντες,
196 1330 241 1356 ἵνα
264 1329 516 1364 καταλαμπρύνωσι
540 1329 590 1361 τὰς
610 1328 666 1356 τῶν
691 1329 846 1355 ἀκουόντων

48 1375 178 1407 διανοίας.
200 1375 233 1401 Τί
257 1372 303 1402 οὖν
324 1375 349 1401 οἱ
371 1374 500 1409 ὀφθέντες
529 1375 696 1409 ἐκήρυττον;
724 1374 845 1408 Ἄνδρες

55 1421 246 1456 Ἰσραηλῖται,
266 1422 294 1448 τί
312 1421 460 1454 ἑστήκατε
474 1421 645 1453 ,βλέποντες
660 1421 703 1453 εις
723 1420 777 1447 τὸν
796 1421 846 1447 οὺ-

46 1468 159 1502 ρανόνς
173 1467 199 1493 τί
212 1468 252 1499 είς
265 1468 310 1494 τὸν
325 1468 439 1503 οὐρανὸν
454 1466 589 1499 ἀτενίζετε
601 1475 608 1500 ;
622 1466 730 1493 Μᾶλλον
742 1466 788 1493 τὸν
802 1467 846 1492 οὐ-

51 1514 133 1550 ρανοῦ
148 1513 264 1549 ποιητὴν
281 1513 458 1549 Θεωροῦντες,
476 1513 605 1545 δοξάσατε
621 1513 668 1539 τοῦ
685 1513 840 1548 ἀναλαμϐαο

51 1560 165 1595 νομένω
182 1560 213 1586 τὸ
230 1559 356 1594 μέγεθος,
383 1559 430 1586 καὶ
455 1559 505 1595 τὴν
533 1559 736 1593 συγκατάὸασιν
762 1559 845 1586 αὑτοῦ

51 1606 99 1640 τῆς
112 1605 316 1640 φιλανθρωπίας
331 1605 501 1640 θαυμάσατε,
517 1605 558 1632 ὅτι
571 1605 617 1631 τὸν
634 1605 728 1640 γήινον
743 1604 846 1637 ἑνώσας

53 1650 141 1685 ἑαυτῴ
157 1649 311 1685 ἄνθρωπον,
325 1649 536 1685 οὐρανοπολίτην
559 1649 688 1682 ἀνέδειξε,
709 1650 756 1676 καὶ
771 1651 847 1686 οἰκή-

52 1704 118 1731 τορα
132 1695 248 1731 οὐρανοῦ
263 1695 427 1730 κατέστησε·
449 1695 543 1730 βαόαίῑ
563 1695 607 1722 τὸν
631 1695 706 1722 κάτω
723 1696 846 1730 κείμενον

54 1728 104 1767 ποῦ
124 1728 259 1776 ἀνήγαγε.
279 1740 309 1766 Τί
327 1728 475 1774 ἑστήκατε
486 1739 656 1779 ,βλέποντες
673 1742 715 1772 εὶς
729 1728 783 1767 τὸτ-
798 1741 847 1766 οὐ·
862 1728 883 1756 (Ῑ

51 1787 162 1820 pardr;
188 1786 288 1818 Οῦτως
307 1786 474 1813 ἐλεύσεται.
493 1785 581 1812 Οὕτω.
602 1787 678 1818 Πῶς;
702 1786 739 1813 Τὸ
768 1787 847 1821 σῶμα

54 1832 83 1857 τὸ
98 1831 232 1867 ἡμέτερον
253 1831 454 1867 περικείμενος,
472 1831 522 1866 τὴν
548 1831 699 1866 τρωθεῖσαν
712 1832 746 1866 τῇ
761 1831 845 1867 λόγχῃ

55 1876 174 1912 πλευρὰν
188 1876 404 1912 προϐαλλόμενος
415 1884 422 1891 ·
439 1876 483 1903 ἵνα
497 1875 617 1910 bal/vivnt
634 1877 657 1902 οἱ
675 1875 796 1902 Ἰουδαῖοι
807 1877 847 1908 εἰς

54 1922 83 1948 ὃν
105 1922 303 1957 ἐξεκέντησαν·
331 1922 411 1957 ἡμεῖς
435 1921 464 1948 δὲ
493 1920 654 1957 ἀξιωθῶμεν
678 1921 792 1956 ὄψεσθαι
815 1922 846 1948 τὸ

57 1966 200 2002 πρόσωπον
212 1968 293 1994 αὑτοῦ
313 1967 382 2003 μετὰ
397 1967 561 2003 παρρησίας,
580 1968 627 1994 καὶ
637 1967 692 1994 τῶν
708 1968 846 2003 ἐπηγγελ-

58 2013 145 2046 μένων
158 2013 267 2047 ἀγαθῶν
284 2014 470 2048 ὲπιτύχωμεν·
488 2013 580 2048 χάριτι
595 2014 642 2040 καὶ
654 2014 846 2050 φιλανθρωπίᾳ

56 2057 101 2083 τοῦ
114 2057 215 2092 Κυρίου
227 2057 305 2093 ἡμῶν
324 2057 411 2092 Ἰησοῦ
426 2057 561 2092 Χριστοῦ·
579 2057 637 2092 μεθ’
655 2055 686 2084 οὗ
705 2058 744 2093 τῷ
760 2058 847 2092 Πατρὶ

58 2103 102 2128 καί
118 2102 189 2137 ἁγίῳ
204 2102 343 2138 Πνεύματι
357 2102 431 2135 δόξα,
447 2103 558 2138 κράτος,
577 2103 655 2138 τιμὴ,
671 2103 718 2129 νῦν
733 2103 780 2129 καὶ
794 2103 848 2135 ἀεὶ,

59 2148 102 2174 καὶ
111 2149 152 2180 είς
164 2149 227 2180 τοὺς
239 2149 339 2180 αἰῶνας
355 2149 408 2176 τῶν
421 2148 535 2175 αἰώνων.
558 2147 653 2183 Ἀμήν.

895 1101 1004 1128 Domini
1031 1102 1178 1128 adventum
1205 1101 1334 1128 omnibus
1366 1101 1455 1136 palam
1481 1101 1684 1134 dcnuuliantes,

895 1147 967 1174 inter
980 1150 1078 1173 caetera
1089 1145 1234 1173 dicebant:
1248 1145 1477 1178 Quemadmodum
1494 1146 1597 1174 vidistis
1609 1147 1687 1174 illum

893 1196 998 1219 euntem
1018 1191 1045 1217 in
1060 1191 1170 1222 coelum,
1186 1191 1223 1217 ita
1241 1190 1355 1218 veniet‘.
1375 1190 1430 1218 Visi
1449 1195 1514 1218 sunt
1534 1191 1606 1219 enim
1633 1191 1689 1219 duo

895 1238 948 1264 viri
973 1237 1001 1264 in
1022 1236 1092 1263 stola
1113 1235 1228 1262 candida
1247 1246 1253 1263 :
1283 1236 1337 1263 duo
1364 1236 1485 1271 quidem,
1503 1245 1559 1272 quo
1581 1237 1688 1265 veritati

897 1283 975 1310 iidem
1003 1283 1120 1315 faciant;
1150 1282 1202 1309 viri
1221 1286 1330 1314 autem,
1357 1290 1412 1318 quo
1440 1283 1473 1309 ad
1500 1283 1579 1311 virile
1604 1283 1689 1311 animi

896 1329 981 1356 robur
994 1328 1147 1363 discipulos
1173 1328 1351 1361 confirment;
1376 1328 1403 1354 in
1419 1332 1497 1355 veste
1514 1332 1604 1356 autem
1625 1337 1690 1356 can-

897 1374 979 1407 dida,
996 1381 1052 1408 quo
1073 1373 1231 1400 auditorum
1248 1376 1365 1405 mentes,
1385 1378 1412 1400 ct
1430 1374 1614 1402 conscientias
1628 1374 1690 1401 illu-

897 1423 994 1447 strcnt.
1020 1419 1124 1454 Ecquid
1151 1418 1237 1454 igitur
1257 1419 1312 1446 viri
1341 1418 1380 1445 illi
1416 1419 1462 1454 qui
1487 1419 1689 1453 cernebantur,

897 1465 1101 1500 praedicabant?
1122 1464 1179 1492 Viri
1195 1464 1320 1497 Galilwi,
1341 1465 1403 1499 quid
1427 1466 1509 1493 statis
1531 1466 1689 1500 aspicientes

898 1511 924 1538 in
940 1511 1055 1539 calum!
1076 1510 1148 1544 Quid
1175 1511 1275 1538 coelum
1301 1511 1389 1538 oculis
1403 1511 1500 1539 deﬁxis
1525 1512 1690 1539 intuemini?

897 1555 966 1582 Eum
989 1556 1097 1590 potius,
1122 1556 1168 1590 qui
1186 1556 1287 1583 cmlum
1303 1555 1443 1589 condidit,
1468 1557 1566 1584 mentis
1592 1561 1690 1584 vestrae

898 1601 1051 1628 luminibus
1064 1601 1362 1636 usurpantes,hymnis-
1379 1606 1406 1629 et
1418 1603 1544 1630 laudibus
1556 1604 1690 1639 assumpti

899 1647 1116 1681 magnitudinem
1136 1647 1276 1678 cxtollite,
1299 1655 1331 1675 ac
1351 1648 1513 1683 stupendam
1535 1649 1608 1677 illius
1632 1650 1688 1677 cle-

900 1693 1028 1720 mentiam
1048 1694 1186 1728 animique
1212 1693 1407 1721 dcmissinnem
1434 1696 1535 1722 summi
1565 1695 1690 1722 miraculi

901 1737 961 1765 loco
977 1738 1069 1766 ducite
1082 1748 1088 1765 :
1103 1739 1323 1773 quandoquidem
1339 1739 1361 1766 is
1374 1739 1419 1767 illc
1435 1745 1486 1773 est,
1496 1741 1540 1775 qui
1554 1741 1691 1769 hominem

901 1787 1039 1811 terrenum
1059 1785 1110 1812 sibi
1137 1785 1324 1817 consociavit,
1349 1787 1595 1822 consociatumque
1619 1789 1691 1816 lllltl‘

900 1828 962 1856 cali
974 1829 1049 1857 cives
1061 1830 1198 1864 ascripsit,
1208 1831 1396 1866 ccelorumque
1410 1833 1526 1860 incolam
1539 1835 1690 1862 constituit.

901 1873 997 1909 Papae!
1011 1882 1066 1909 quo
1077 1875 1151 1901 humi
1167 1876 1304 1910 jacenlcm
1318 1877 1430 1904 evexit?
1446 1877 1516 1910 Quid
1530 1879 1608 1907 statis
1620 1881 1692 1914 aspi-

900 1920 997 1946 cientes
1010 1920 1037 1946 in
1059 1920 1176 1948 uelum?
1198 1920 1250 1947 llic
1275 1921 1366 1952 Jesus.
1381 1923 1425 1958 qui
1442 1929 1593 1958 assumptus
1618 1930 1656 1952 est
1675 1935 1692 1954 a

900 1966 971 1993 vobis
986 1967 1012 1992 in
1026 1966 1130 1998 calum,
1145 1968 1183 1993 sic
1201 1967 1293 1994 veniet.
1312 1967 1367 1995 Sic.
1387 1969 1550 2001 Quomodo?
1571 1971 1692 2006 Corpore

900 2015 995 2039 nostro
1014 2012 1131 2040 vestitus
1156 2013 1246 2040 veniet
1261 2013 1412 2049 [clavorum
1440 2014 1560 2050 vestigiis
1580 2016 1691 2050 pulchre

904 2057 1082 2094 insignitus];
1110 2058 1184 2085 latus
1197 2059 1290 2086 lancea
1305 2059 1364 2086 dira
1383 2059 1549 2094 perforatum
1564 2062 1692 2089 omnibus

903 2106 1065 2130 ostensurus
1083 2112 1089 2130 :
1108 2111 1163 2138 quo
1183 2104 1311 2131 nimirum
1328 2103 1413 2131 Judaei
1435 2104 1554 2137 videant,
1567 2105 1594 2132 in
1610 2113 1691 2140 quem

903 2149 968 2175 olim
988 2149 1180 2182 conﬂixerunt;
1203 2158 1253 2177 nos
1268 2153 1359 2176 autem
1375 2150 1449 2186 digni
1468 2150 1627 2182 habeamur,
1645 2151 1690 2185 qui

59 2194 162 2220 vultum
192 2194 266 2222 illius
302 2202 366 2222 cum
397 2193 495 2221 ﬁducia
526 2194 748 2229 conspiciamus,
776 2194 1031 2229 promissarumque
1064 2195 1198 2222 bonorum
1226 2196 1374 2231 participes
1399 2195 1568 2227 efﬁciamur,
1592 2197 1690 2232 gratia,

58 2244 83 2266 et
97 2240 242 2268 clementia
257 2240 363 2267 Domini
379 2240 465 2267 nostri
481 2239 545 2267 Jesu
563 2240 666 2269 Christi
684 2249 690 2267 :
713 2247 775 2267 cum
817 2248 871 2275 quo
888 2240 975 2273 Patri,
997 2244 1023 2268 et
1042 2239 1155 2276 Spiritui
1181 2247 1277 2269 saneto
1297 2242 1333 2268 sit
1360 2241 1463 2277 gloria,
1486 2242 1629 2277 imperium
1665 2247 1692 2270 et

59 2285 156 2318 honor,
173 2293 247 2313 nunc
263 2289 290 2313 et
310 2294 420 2322 semper
443 2291 469 2314 et
489 2287 516 2314 in
550 2286 650 2314 saecula
675 2287 850 2314 saeculorum.
869 2287 966 2314 Amen.

431 2353 473 2379 E'.

62 2410 117 2437 Τοῦ
136 2410 171 2436 ἐν
186 2409 281 2443 ἁγίοις
299 2408 415 2443 Πατρός
434 2407 518 2443 ἡμῶν
538 2409 711 2442 Ἐπιφανίου
727 2409 850 2436 ἐπισκό-

93 2453 151 2471 που
165 2445 283 2476 πόλεως
302 2444 513 2476 Κωνσταντίας
523 2462 530 2473 ,
548 2443 603 2476 τῆς
617 2443 848 2478 Κυπριωνήσου.

92 2480 237 2514 ὲγκώμισς
254 2481 300 2511 εἰς
317 2478 375 2512 τὴν
389 2478 479 2513 ἁγίαν
492 2477 549 2512 τὴν
567 2479 722 2505 Θεοτόκον.

94 2535 149 2567 Τὰς
163 2534 357 2570 ἐκλαμπούσας
372 2535 557 2570 μαρμαρυγὰς
570 2534 619 2568 τῆς
630 2534 761 2561 Θεοτόκου
777 2535 851 2562 ἀκτῖ-

61 2588 107 2611 νας
133 2578 252 2614 φοϐερὰς
279 2579 326 2605 καὶ
343 2578 551 2614 ἀκαταλήπτους
575 2578 720 2614 δυνάμεις,
735 2579 850 2615 οὐρανοῦ

62 2625 170 2660 καὶτῆς
189 2625 353 2660 οἰκουμένης
371 2625 520 2660 μυστήριον
533 2645 540 2655 ,
565 2623 674 2660 θαῦμα,
696 2624 850 2662 ἱλαστήριον

88 2704 95 2718 ¹
105 2702 199 2730 Matth.
212 2710 272 2736 xui,
285 2703 303 2730 3
315 2710 375 2738 sqq.

97 2782 152 2818 (73)
171 2782 238 2816 Οιιιε
264 2786 419 2816 sequuntur
444 2782 524 2810 uncis
543 2782 665 2815 inclusa,
692 2783 719 2810 in
742 2781 847 2810 Peltani

67 2818 179 2846 editione
193 2818 318 2846 deerant.

1286 2354 1313 2381 κ’.

903 2407 996 2445 Sancti
1011 2408 1100 2445 Patris
1122 2410 1206 2437 uestri
1221 2409 1364 2444 Epiplmnii
1387 2411 1502 2445 episcopi
1527 2410 1692 2439 Constantia:

937 2443 1065 2483 (lg/pride
1080 2445 1203 2472 laudibus
1236 2443 1335 2472 sancta:
1363 2443 1460 2473 Maria:
1475 2443 1612 2480 VDeipara',
1629 2455 1692 2474 ora-

939 2479 974 2504 tio
991 2479 1059 2514 (74).

937 2535 1019 2562 Miser
1034 2543 1084 2571 ego
1103 2543 1175 2568 sum,
1191 2537 1237 2571 qui
1259 2536 1420 2573 cﬂ'ulgcntes
1444 2538 1604 2573 splendores
1630 2539 1692 2566 Dci-

902 2589 974 2616 para:
984 2581 1086 2614 radios,
1099 2583 1236 2610 terribiles
1247 2587 1275 2610 et
1286 2583 1526 2619 incomprehensas
1539 2585 1693 2619 facultates,

901 2627 964 2654 eteli
978 2631 1005 2655 et
1022 2631 1102 2656 terrae
1117 2629 1278 2657 inhabitatai
1296 2630 1468 2665 mysterium,
1485 2630 1692 2659 admirandum-

414 2701 521 2730 ‘Exod.
536 2710 610 2735 μιν,
628 2703 652 2729 7.
691 2703 771 2730 'Act.
787 2711 806 2735 ι,
824 2703 852 2730 Η
870 2712 930 2739 sqq.

938 2783 994 2820 (74)
1010 2783 1117 2814 Joanne
1132 2784 1197 2814 Pico
1210 2786 1370 2822 interprete.
