1929 3038
239 125 293 155 ιστ

882 117 983 149 DUBIA
1002 120 1073 150 ΛοΤ
1094 118 1230 148 SPURIA.

1825 122 1883 149 ωδ

239 192 294 220 que
305 180 524 219 propitiatorium
539 181 630 209 verbis
646 181 777 216 consequi
792 182 906 210 tentavi.
922 182 1028 209 Gestie-

1091 183 1188 218 ρράσας
1215 183 1229 208 ό
1251 183 1335 214 τάλας
1361 181 1431 216 ἐγὼ,
1453 182 1491 213 είς
1518 181 1715 217 ἀκριϐεστέραν
1739 181 1850 208 ἔννοιαν
1866 181 1881 208 ό

239 230 284 256 bat
298 229 407 264 quidem
424 227 562 254 interioris
574 228 656 254 animi
673 228 802 262 cogitatio
816 227 847 254 ad
861 227 1028 254 exactiorem

239 275 456 311 intelligentiam,
473 281 534 308 quae
550 274 703 308 exprimere
720 274 873 301 conabatur
887 273 1031 309 profundae

239 322 377 349 memoria:
402 324 429 347 ct
463 319 605 346 altissima:
631 320 827 354 speculationis
855 320 1028 347 miraculum.

241 365 444 396 Verumtamen,
463 365 628 396 charissimi,
644 369 670 392 et
686 365 767 392 timor
783 366 884 393 multus
899 370 926 393 et
941 366 1031 400 gravis

240 412 375 438 continuit
394 419 447 438 Inc.
464 411 531 438 Nam
555 412 686 438 memoria
712 411 950 446 contemplationis
968 411 1031 437 hor-

239 457 330 484 renda:
353 457 494 491 exagitans
522 456 729 484 tremebundam
748 456 868 483 animam
887 463 986 486 meam,
1004 460 1031 484 et

240 510 287 530 cor
311 503 512 530 exhorresccns
539 510 593 529 non
618 502 791 529 mediocriter
819 501 923 534 alllixit,
940 502 987 529 sed
1005 505 1033 530 et.

240 550 358 584 graviter
371 549 488 575 vexavit.
503 548 630 575 Concutit
647 549 718 575 enim
736 553 854 575 mentem
868 556 955 575 meam
972 556 1030 575 ma-

239 595 317 621 xume
334 595 573 629 contemplationis
604 602 635 620 ac
651 595 723 621 velut
739 594 960 628 incomprehensi
976 601 1032 629 my-

240 641 314 667 sterii
341 641 481 671 memoria,
503 648 600 674 nempe
623 648 684 674 qua:
711 640 775 666 illud
805 640 896 674 eloqui
920 639 1033 666 minime

238 687 334 720 possit.
351 685 418 718 Quis
442 686 514 713 enim
538 685 695 720 lmjusmodi
712 686 842 720 mysterio
856 685 1033 720 exprimendo

239 738 322 766 queat
338 731 485 759 sutlicerc?
502 731 587 764 Quale
606 739 670 759 vero
689 739 721 759 os
734 732 924 766 pronuntiare,
940 739 1033 766 qnazve

238 778 333 813 lingua
348 778 485 812 proferet?
502 778 680 812 Nequaquam
697 782 787 813 potest
799 778 891 805 dicere
907 777 981 812 quod
997 778 1034 804 la-

241 827 288 850 tct.
305 822 364 849 Jam
383 831 445 850 vero
463 823 581 855 audebo,
594 823 683 850 dicam
696 823 729 849 de
747 822 804 849 sola
820 822 946 856 Deipara,
963 828 1032 856 qua—

1081 229 1130 264 τῆς
1146 228 1258 264 καρδίας
1282 237 1333 263 μου
1349 227 1422 254 ἔνδον
1448 229 1596 263 σκιρτήσας
1613 227 1741 263 λογισμὸς
1764 227 1882 262 βαθείας

1083 275 1192 310 μνήμης
1202 295 1209 305 ,
1224 274 1270 301 xui
1285 273 1455 309 ὑψηλοτάτης
1468 273 1585 309 Θεωρίας
1599 273 1767 309 πειρώμενος
1783 273 1883 307 φέρειν

1081 318 1113 344 τὸ
1135 318 1242 354 θαῦμα,
1258 318 1359 354 τρόμος
1381 318 1428 344 xui
1440 318 1522 352 φόϐος
1542 319 1625 350 πολὺς
1650 319 1698 344 xui
1713 318 1801 349 δεινὸς
1815 326 1883 344 συν-

1081 364 1144 399 έσχε
1169 373 1219 400 με,
1247 361 1270 391 ὦ
1294 364 1441 400 ἀγαπητοί.
1461 364 1493 390 ’Π
1506 364 1561 399 γὰρ
1582 364 1675 399 μνήμη
1691 364 1741 398 τῆς
1758 363 1881 398 opm—51;

1083 408 1213 444 Θεωρίας,
1227 409 1358 445 ἕντρομον
1375 409 1424 444 ’τὴν
1439 409 1526 444 ψυχήν
1543 417 1592 444 μου
1603 429 1610 441 ,
1626 409 1673 435 xui
1688 408 1813 443 φρικώδη
1830 410 1881 442 τὴν

1083 455 1196 490 καρδίαν
1216 454 1352 489 ἐνέγκασα
1367 455 1397 481 οὐ
1419 455 1537 490 μετρίως
1551 453 1732 489 ἐτιμώρησεν,
1748 453 1816 480 ἀλλὰ
1832 454 1882 480 δυ-

1083 500 1172 531 νατῶς
1197 500 1371 527 ἐϐασάνισεν.
1396 499 1571 534 Ἐπιπλήττει
1594 499 1648 534 γάρ
1673 507 1723 533 μου
1740 498 1786 525 τὸν
1803 498 1880 531 νοῦν,

1083 545 1133 579 τῆς
1149 544 1281 580 μεγίστης
1307 544 1422 580 Θεωρίας
1443 545 1459 579 ὴ
1483 545 1594 579 μνήμη.
1617 544 1655 574 ὡς
1682 544 1881 579 ἀκαταλήπτου

1085 590 1236 624 μυστηρίου
1248 610 1255 621 ,
1270 590 1301 615 τὸ
1320 589 1410 623 λέγειν
1426 590 1476 616 οὐκ
1493 589 1632 624 ἰσχύουσα.
1649 588 1696 620 Τίς
1711 589 1765 623 γὰρ
1785 588 1882 620 Exuvb;

1083 635 1188 661 τοιοῦτο
1214 635 1317 670 φράσαι
1350 635 1518 670 μυστήριον;
1546 635 1620 661 ποῖον
1649 634 1677 660 δὲ
1709 634 1881 668 φθέγξασθαι

1084 681 1210 716 στόμα,ἢ
1226 681 1291 707 ποία
1304 680 1413 714 γλῶσσα
1428 680 1557 716 λαλήσει;
1573 679 1691 715 Λέληθεν
1701 701 1708 713 ,
1724 681 1813 706 εἰπεῖν
1830 681 1882 706 οὐκ

1085 727 1183 762 ἰσχύει.
1200 726 1257 752 Νῦν
1281 726 1310 753 δὲ
1327 727 1456 761 τολμήσω
1484 726 1548 761 περὶ
1572 726 1620 761 τῆς
1643 727 1727 762 μόνης
1744 726 1880 752 Geo-temo

1083 772 1144 799 καθ’
1160 772 1174 798 ὃ
1190 772 1392 807 καταλαμϐάνω
1405 780 1411 787 ·
1432 771 1479 798 xui
1494 771 1573 798 πάλιν
1588 771 1734 807 φοϐοῦμαι.
1752 772 1810 797 Οὐκ
1826 771 1881 805 ἔχω

1083 817 1206 851 γλῶτταν
1221 817 1305 849 ἀξίως
1329 818 1416 844 εἰπεῖν
1430 817 1464 844 τὰ
1478 817 1539 844 λίαν
1559 817 1673 852 μεγάλα.
1702 816 1881 852 ’ἰσχνόφωνος

240 874 318 896 tenus
341 876 491 903 assequar;
508 868 598 896 denuo
624 873 717 895 tamen
745 876 853 900 vereor,
872 872 964 902 utpote
986 868 1033 903 qui

1091 862 1139 898 γὰρ
1167 863 1214 889 xui
1239 862 1461 898 βραδύγλωσσος,
1485 863 1531 889 xui
1549 863 1599 888 οὐκ
1623 862 1733 894 εῠλαλος
1750 863 1880 898 ὑπᾶρχω,

239 913 332 949 lingua
350 921 403 941 non
417 915 467 942 sim
486 915 615 949 praeditus
633 915 729 942 idonea
745 914 778 942 ad
796 922 827 942 ea
845 914 960 942 dicenda
973 921 1033 949 qua:

240 964 303 986 sunt
328 960 403 986 valde
428 968 544 995 magna;
562 968 622 988 sum
639 961 711 987 enim
727 961 791 988 exili
808 968 873 988 voce
904 960 1035 996 tardaque

239 1005 343 1039 lingua,
359 1009 385 1032 et
402 1006 514 1033 minime
527 1006 659 1038 disertus,
678 1010 706 1033 ut
722 1008 762 1034 sic
776 1007 857 1034 verba
870 1006 960 1033 facere
972 1014 1034 1041 pos-

240 1050 290 1076 sim
308 1049 342 1076 de
355 1050 515 1084 percelebri,
543 1055 650 1083 sancta,
669 1050 784 1085 innupta
800 1054 826 1077 et
850 1050 962 1085 deipara
978 1050 1034 1077 Ma-

239 1096 279 1122 ria
294 1100 381 1123 matre
395 1095 513 1128 Domini,
532 1096 566 1123 de
593 1104 645 1131 qua
670 1096 765 1123 leviter
781 1096 856 1131 loqui
880 1104 935 1123 non
955 1096 1035 1124 debet

240 1141 358 1168 humana
375 1142 478 1177 lingua.
492 1141 654 1170 Pertenucm
669 1143 742 1170 enim
760 1143 842 1170 habet
855 1150 947 1170 vocem
961 1142 1035 1169 illius

240 1187 331 1214 habita
352 1188 466 1221 ratione,
484 1193 511 1215 et
537 1188 681 1215 imminuta
707 1193 748 1216 est
773 1189 876 1223 lingua,
901 1196 961 1223 qua;
985 1195 1035 1222 pro

240 1233 372 1267 dignitate
387 1233 541 1260 facultatem
559 1233 667 1261 dicendi
688 1242 741 1261 non
765 1234 871 1262 habeat.
886 1233 934 1260 Illa
948 1233 1035 1268 siqui-

240 1279 301 1305 de;n
326 1280 364 1306 vel
390 1280 522 1306 cmlorum
539 1280 655 1306 virtutes
679 1279 706 1306 in
730 1284 870 1313 stuporem
887 1279 1032 1306 convertit.

240 1324 448 1359 Obstupuerunt
471 1332 566 1352 omnes
589 1325 689 1359 angeli,
705 1325 875 1360 archangeli,
897 1324 1036 1360 principa-

241 1376 296 1403 tus,
314 1375 476 1406 potestates,
493 1371 596 1402 throni,
614 1370 828 1401 dominationes,
845 1371 986 1398 cherubim
1003 1378 1035 1398 ac

242 1417 378 1452 seraphim
403 1422 430 1444 ct
443 1417 602 1451 angelorum
621 1417 766 1444 universus
784 1417 931 1448 exercitus,
955 1417 1036 1442 tinia-

242 1471 272 1490 re
296 1467 470 1497 tremoreque
483 1462 557 1496 gravi
572 1462 686 1494 delenti,
703 1463 766 1497 quia
785 1462 933 1489 cernebant
947 1461 1034 1492 illum,

241 1507 289 1543 qui
306 1507 411 1534 habitat
428 1507 456 1533 in
479 1506 567 1538 cmlis,
584 1514 633 1540 per
656 1514 715 1533 eam
741 1506 843 1534 versari
863 1506 889 1533 in
909 1511 992 1538 terra,
1009 1508 1036 1532 ct

1087 908 1221 940 ίνόΰτως
1242 909 1331 941 εἴπω,
1355 908 1423 944 περὶ,
1434 908 1484 942 τῆς
1510 908 1705 943 μεγαλωνύμου
1730 909 1777 934 xui
1802 908 1881 940 ὁσίας

1087 955 1132 981 xui
1152 955 1342 991 ἀπειρογάμου
1359 955 1406 981 xui
1425 954 1551 982 θεοτόκου
1567 954 1672 990 Μαρίας
1685 974 1692 986 ,
1715 954 1819 990 μητρὸς
1833 954 1881 980 τοῦ

1086 1001 1189 1037 Κυρίου
1204 1009 1210 1016 ·
1235 1001 1299 1036 περὶ
1325 997 1358 1035 ἧς
1375 999 1425 1026 οὐκ
1451 999 1580 1035 εὐμαρῶς
1605 999 1755 1035 ἀνθρώπων
1771 999 1883 1033 γλῶττα

1086 1047 1209 1082 λαλήσει.
1231 1047 1401 1081 Ἰσχνοφωνεῖ
1420 1045 1473 1080 γὰρ
1504 1045 1571 1080 πρὸς
1602 1045 1719 1079 ταύτην,
1746 1046 1793 1071 xui
1819 1046 1884 1072 ὑπο-

1087 1092 1225 1119 στέλλεται
1247 1093 1263 1127 ὴ
1289 1091 1398 1126 γλῶσσα
1411 1110 1418 1123 ,
1436 1091 1486 1117 οὐκ
1510 1090 1592 1123 ἀξίως
1610 1090 1708 1126 ἔχουσα
1727 1091 1758 1117 τὸ
1777 1091 1879 1125 λέγειν.

1085 1138 1162 1174 Αὕτη
1174 1138 1229 1173 γὰρ
1244 1138 1292 1164 xui.
1306 1137 1355 1169 τὰς
1373 1137 1427 1163 τῶν
1447 1136 1570 1171 οὐρανῶν
1583 1136 1709 1171 δυνάμεις
1738 1137 1859 1170 ἐξένισεν
1873 1147 1879 1153 ·

1087 1184 1236 1218 ἐξέστησαν
1250 1183 1351 1214 πάντες
1363 1181 1485 1216 ἄγγελοι,
1502 1181 1678 1216 ἀρχάγγελοι,
1692 1182 1776 1216 ἀρχαὶ
1785 1203 1791 1213 ,
1806 1182 1881 1213 ἐξου-

1088 1230 1161 1259 σίαι.
1177 1228 1282 1264 θρόνοι,
1295 1227 1471 1263 κυριότητες,
1487 1226 1521 1253 τὰ
1537 1227 1683 1262 χερουῦεὶμ
1708 1229 1755 1253 καὶ
1784 1228 1819 1254 τὰ
1836 1236 1880 1253 σε-

1089 1275 1193 1311 ραφεὶμ
1220 1275 1267 1301 xui
1283 1275 1358 1300 πᾶσα
1372 1273 1487 1309 στρατιὰ
1504 1273 1628 1307 ἀγγέλων
1652 1273 1726 1307 φόϐῳ
1753 1274 1801 1300 καὶ
1818 1275 1881 1309 τρό-

1089 1329 1132 1356 μῳ
1147 1319 1227 1354 δεινῴ
1241 1319 1427 1353 συσχεθέντες.
1448 1317 1619 1353 Ἐθεώρησαν
1639 1318 1693 1354 γὰρ
1711 1319 1757 1345 ἐπὶ
1775 1321 1828 1354 γῆς
1853 1317 1881 1345 ἐν

1088 1367 1155 1401 αὐτῇ
1181 1366 1225 1392 τὸν
1249 1365 1278 1391 ἐν
1297 1365 1423 1402 οὐρανοῖς
1435 1385 1443 1397 ,
1467 1365 1515 1391 xui
1529 1364 1666 1400 ἔφριττον.
1682 1365 1818 1392 Ἐὃλεπον
1831 1365 1882 1401 τὴν

1087 1411 1225 1447 Παρθένον
1236 1430 1243 1442 ,
1255 1410 1369 1444 οὐρανὸν
1398 1410 1444 1437 xui
1471 1409 1564 1445 θρόνον
1574 1431 1581 1443 ,
1606 1410 1654 1436 xui
1669 1411 1822 1445 συνείχοντο
1836 1411 1882 1445 96-

1087 1457 1137 1491 ϐῳ,
1155 1456 1306 1492 θεωροῦσαι
1329 1457 1375 1482 τὸν
1395 1456 1513 1491 ἄναρχον
1533 1456 1589 1482 ἀπὸ
1608 1456 1703 1491 θρόνου
1719 1457 1881 1492 χερουϐικοῦ

1087 1502 1127 1533 εἰς
1145 1502 1253 1537 μήτραν
1273 1501 1442 1536 παρθενικὴν
1457 1501 1618 1528 καθίσαντα.

241 1547 482 1580 θ’ΧὴοιΊῈερριωηι.
509 1552 674 1584 Spectabant
701 1552 844 1587 virginem,
871 1553 973 1579 cmlum
1011 1555 1037 1578 et

1091 1555 1203 1580 :ronum,
1225 1551 1252 1574 et
1277 1547 1475 1577 formidabant.
1500 1547 1566 1575 dum
1592 1547 1785 1583 conspicerent
1819 1556 1880 1576 eum

242 1599 289 1634 qui
307 1598 441 1641 principio
456 1602 542 1627 caret.
557 1598 767 1626 descendentem
786 1607 801 1625 a
817 1599 916 1627 tluono
937 1597 1094 1628 cherubico,
1110 1595 1135 1621 in
1156 1597 1235 1621 utero
1250 1594 1374 1641 virgineo
1396 1594 1501 1622 sedere.

278 1642 300 1670 0
314 1643 392 1670 beata
408 1642 495 1675 radix,
509 1651 569 1678 qua:
584 1643 654 1670 hanc.
668 1644 806 1678 produxit.
824 1643 861 1671 De
885 1644 936 1671 hac
954 1644 1036 1671 Isaias
1050 1644 1071 1672 C

244 1687 378 1721 propheta
395 1694 470 1714 more
494 1687 650 1715 hirundinis
667 1689 874 1716 submurmurat
889 1690 965 1724 ignea
983 1689 1036 1716 liti-

243 1740 296 1767 gua
317 1732 474 1760 exclamans
489 1742 495 1759 :
517 1732 647 1768 Exsurge!
664 1735 738 1769 virga
757 1734 788 1761 de
808 1735 898 1762 radice
912 1735 998 1766 Jesse,
1012 1740 1036 1762 et

244 1777 293 1811 ﬂos
305 1777 337 1803 de
352 1777 440 1803 radice
450 1777 585 1810 ascendet,
601 1783 625 1805 et
638 1779 778 1814 requiescet
791 1788 870 1815 super
879 1789 938 1807 eum
950 1780 1037 1816 Spiri-

245 1827 286 1848 tus
298 1821 399 1848 timoris
413 1821 462 1849 Dei
483 1823 502 1848 ¹.

280 1910 318 1938 De
336 1910 428 1938 radice
445 1910 522 1938 Jesse
538 1916 615 1939 ortus
629 1916 672 1940 est
687 1920 734 1940 rex
755 1912 849 1946 David,
867 1917 893 1941 et
913 1914 948 1941 de
965 1915 1038 1942 tribu

245 1956 318 1992 regis
335 1956 443 1984 Davidis
457 1961 552 1984 sancta
568 1956 662 1992 Virgo,
680 1962 784 1991 sancta,
796 1959 917 1994 inquam,
933 1964 960 1986 ct
974 1967 1038 1986 san-

246 2005 352 2028 ctorum
368 2002 486 2028 virorttm
503 2002 567 2033 lilia,
579 2003 659 2036 cujus
671 2009 797 2037 parentes
812 2004 922 2031 fuerunt
935 2004 1039 2031 Jottcim

246 2051 273 2075 et
289 2047 385 2079 Anna;
403 2048 449 2082 qui
465 2048 575 2081 quidem
605 2049 632 2074 in
658 2048 713 2074 vita
727 2057 776 2076 sua
794 2049 848 2076 Deo
866 2050 1039 2083 placuerunt,

247 2097 329 2128 atque
355 2093 436 2120 etiam
460 2093 578 2120 fructum
601 2094 735 2128 ejusmodi
761 2095 1039 2129 germinarunl,san-

248 2142 320 2165 ctam
337 2139 470 2173 virginem
486 2138 610 2173 Mariam,
627 2141 757 2174 templum
771 2141 853 2168 simul
875 2145 902 2168 et
925 2146 1040 2168 matrem

250 2184 306 2211 Dei.
322 2183 427 2211 Joacim
443 2192 534 2219 porro,
549 2184 627 2212 Anna
643 2189 668 2213 et
685 2185 778 2219 Maria,
795 2186 820 2213 hi
843 2190 899 2214 tres
915 2186 1041 2214 Trinitati

249 2229 339 2265 palam
365 2230 531 2257 sacriﬁcium
556 2231 644 2258 laudis
669 2231 829 2259 offerebant.
845 2231 950 2259 Joacim
968 2233 1041 2259 enim

251 2276 449 2311 interpretatur
470 2277 632 2310 pra‘paralio
650 2276 765 2308 Domini,
780 2285 814 2304 eo
838 2277 911 2312 quod
936 2285 969 2304 ex
996 2278 1042 2305 illo

1125 1640 1157 1665 Ὠ
1174 1639 1297 1674 μακαρία
1314 1638 1393 1674 ῥίζα·
1415 1639 1497 1666 πόθεν
1510 1639 1613 1675 ταύτην
1628 1640 1794 1675 ὲϐλάστησε;
1815 1640 1881 1676 Περὶ

1086 1685 1189 1720 ταύτης
1199 1685 1212 1711 ὁ
1233 1687 1377 1721 προφήτης
1398 1686 1512 1718 Ἡσαΐας
1528 1687 1566 1719 ὼς
1580 1686 1690 1722 χελιδὼν
1710 1687 1818 1714 κελαδεί
1828 1707 1835 1718 ,
1850 1689 1879 1722 τῇ

1089 1731 1194 1766 πυρίνῳ
1218 1731 1328 1767 γλώττῃ
1353 1731 1422 1766 βοῶν
1437 1740 1443 1746 ·
1471 1732 1688 1766 Ἀναστήσεται
1710 1732 1824 1766 ῥάϐδος
1849 1733 1880 1759 ἐκ

1088 1777 1144 1812 τῆς
1151 1776 1236 1811 ῥίζης
1258 1777 1379 1810 Ἰεσσαί,
1393 1779 1442 1805 καὶ
1455 1778 1548 1811 ἄνθος
1559 1779 1594 1806 ἐκ
1609 1779 1664 1813 τῆς
1678 1779 1758 1813 ῥίζης
1773 1779 1883 1812 ἀναϐή-

1089 1831 1191 1855 σεται,
1208 1823 1257 1849 καὶ
1272 1823 1480 1851 ἀναπαύσεται
1503 1824 1550 1851 ἐπ’
1566 1825 1664 1860 αὐτὴν
1686 1825 1808 1860 Πνεῦμα
1829 1825 1881 1859 5;!!-

1090 1869 1143 1895 ϐου
1161 1868 1246 1896 Θεοῦ.
1380 1875 1382 1877 ‘
1670 1887 1672 1890 ι

1131 1915 1179 1941 Ἐκ
1196 1915 1245 1949 τῆς
1273 1915 1350 1950 ῥίζης
1365 1915 1393 1941 δὲ
1414 1915 1512 1942 Ἰεσσαὶ
1531 1915 1613 1942 Δαϐὶδ
1633 1917 1647 1942 ό
1669 1915 1812 1951 βασιλεὺς,
1835 1915 1883 1942 xui

1089 1961 1122 1988 ὲκ
1135 1961 1186 1995 τῆς
1201 1961 1286 1995 φυλῆς
1305 1961 1385 1988 Δαϐὶδ
1399 1961 1446 1988 τοῦ
1462 1962 1592 1997 βασιλέως
1611 1964 1627 1997 ή
1652 1962 1718 1996 ἁγία
1735 1961 1879 1998 Παρθένος,

1090 2006 1180 2042 ὴόσία
1199 2006 1252 2033 τῶν
1278 2007 1360 2033 ὁσίων
1385 2007 1490 2043 ἀνδρῶν
1515 2008 1655 2043 θυγάτηρ,
1681 2006 1715 2043 ἦς
1739 2009 1764 2034 οἱ
1794 2009 1882 2041 γονεῖς

1097 2053 1227 2087 Ἰωακεὶμ
1242 2053 1289 2079 xui
1308 2053 1392 2079 ’Ἅννα
1404 2074 1412 2085 ,
1429 2053 1526 2084 οἵτινες
1543 2054 1572 2080 ὲν
1598 2055 1630 2088 τῇ
1654 2053 1710 2088 ζωῇ
1735 2053 1825 2080 αὐτῶν
1844 2053 1882 2087 τῷ

1091 2098 1150 2133 Θεῷ
1165 2098 1352 2134 εὐηρέστησαν
1363 2117 1370 2130 ,
1389 2098 1413 2124 οἳ
1431 2099 1478 2125 καὶ
1493 2099 1597 2134 καρπὸν
1612 2097 1731 2125 τοιοῦτον
1748 2099 1880 2132 ἐϐλάστη-

1093 2153 1158 2177 σαν,
1177 2145 1226 2180 τὴν
1249 2144 1329 2179 ἁγίαν
1346 2145 1485 2181 Παρθένον
1499 2145 1624 2180 Μαρίαν,
1650 2145 1713 2172 ναὺν
1729 2145 1797 2172 Θεοῦ
1815 2145 1880 2180 ὁμοῦ

1092 2190 1139 2216 xui
1168 2190 1291 2226 μητέρα”
1316 2191 1444 2226 Ἰωακεὶμ
1468 2191 1497 2217 δὲ
1526 2191 1573 2217 xui
1597 2191 1682 2218 ’Ἄννα
1707 2191 1755 2217 xui
1778 2191 1879 2225 Μαρία,

1092 2239 1117 2264 οἰ
1130 2239 1205 2273 τρεῖς
1217 2239 1250 2274 τῇ
1277 2238 1372 2274 Tum
1394 2237 1487 2273 σαφῶς
1507 2237 1726 2273 ἐλειτούργησαν.
1756 2237 1882 2271 Ἰωακεὶμ

1093 2283 1147 2319 γὰρ
1164 2284 1345 2319 ἑρμηνεύεται
1364 2284 1520 2318 ὲτοιμασία
1534 2283 1645 2317 Κυρίου
1656 2292 1664 2299 θ
1685 2283 1714 2314 eg
1731 2283 1814 2309 αὑτοῦ
1831 2283 1881 2318 γὰρ

251 2325 432 2355 praeparatum
458 2323 494 2348 sit
519 2322 649 2356 templum
676 2322 802 2354 Domini,
829 2331 926 2357 nempe
947 2322 1037 2358 Virgo.

1095 2327 1247 2362 ὴτοιμάσθη
1265 2327 1328 2359 ναὸς
1343 2328 1445 2362 Κυρίου
1461 2329 1477 2362 ὴ
1495 2327 1641 2363 Παρθένος.
1659 2327 1742 2354 Ἀννα
1759 2327 1786 2354 δὲ
1805 2328 1881 2354 πάλιν

250 2367 329 2393 Anna
355 2374 465 2393 rursum
494 2367 621 2394 similiter
647 2367 735 2402 gratia
759 2367 964 2402 interpretatur,
980 2376 1045 2403 pro—

253 2416 345 2447 pterea
371 2412 443 2447 quod
457 2411 563 2438 Joacim
589 2417 616 2439 et
632 2413 711 2439 Anna
735 2413 850 2447 gratiam
869 2419 1043 2448 acceperunt,

254 2463 282 2484 ut
299 2457 492 2485 accedentibus
506 2457 634 2491 precibus
658 2459 738 2484 talem
764 2458 882 2485 fructum
906 2459 1044 2493 genuinam

255 2508 324 2534 rent,
350 2507 472 2529 sanctam
486 2502 625 2538 Virginem
653 2502 752 2538 adepti.
779 2503 881 2531 Joacim
907 2505 1043 2540 siquidem

255 2549 419 2584 precabatur
442 2548 468 2574 in
496 2553 598 2580 monte,
612 2551 638 2576 et
653 2549 731 2576 Anna
747 2549 773 2576 in
788 2549 866 2577 horto
888 2558 949 2578 suo.
966 2550 1044 2576 Anna

257 2601 322 2620 vero
343 2592 452 2628 gravida
470 2593 577 2625 eﬂecla,
594 2594 693 2621 cmlum
714 2599 739 2621 et
758 2595 885 2622 thronum
913 2596 1044 2623 cherubi-

257 2647 319 2666 cum
334 2639 450 2673 peperit,
467 2644 589 2668 sanctam
612 2641 731 2676 puellam
750 2640 874 2668 Mariam.
900 2642 947 2669 Illa
971 2643 1044 2669 enim

257 2686 411 2719 reperietur
427 2694 488 2714 esse
508 2687 620 2720 malum,
639 2688 769 2723 templum
795 2693 822 2716 ct
839 2688 966 2721 thronus,
982 2689 1045 2723 quia

257 2731 368 2759 Mariam
385 2732 559 2768 interpretari
574 2735 694 2763 solemus
705 2735 851 2768 dominam,
870 2739 950 2771 atque
963 2734 1044 2762 etiam

295 2821 368 2850 ‘lsa.
384 2831 421 2855 vi,
441 2823 465 2855 l.
481 2823 508 2852 2.

1095 2370 1195 2406 ὁμοίως
1209 2371 1296 2406 χάρις
1310 2372 1491 2408 ἑρμηνεύεται
1502 2381 1509 2387 ·
1529 2373 1608 2407 χάριν
1625 2371 1679 2407 γὰρ
1694 2372 1789 2399 ἔλαϐεν
1809 2373 1881 2399 Ἰωα-

1097 2416 1161 2450 κεὶμ
1176 2417 1224 2442 xui
1239 2417 1334 2448 'Awu,
1351 2415 1394 2444 ἵνα
1404 2418 1523 2443 τοιοῦτον
1537 2417 1710 2452 βλαστήσωσι
1723 2417 1829 2453 καρπὸν
1840 2417 1881 2444 διὶ

1097 2462 1264 2498 προσευχῆς,
1281 2463 1330 2498 τὴν
1354 2463 1433 2497 ἁγίαν
1451 2463 1588 2498 Παρθένον
1605 2464 1783 2499 κτησάμενοι.
1810 2465 1883 2490 Ἰωα-

1097 2507 1163 2543 κεὶμ
1177 2508 1231 2544 γὰρ
1248 2509 1277 2535 ὲν
1292 2509 1331 2544 τῷ
1344 2509 1401 2545 ὄρει
1423 2510 1593 2545 προσηύχετο
1605 2531 1612 2543 ,
1632 2511 1679 2537 xui
1698 2510 1782 2537 ⁸’Ᾱννα
1805 2511 1833 2537 ἐν
1847 2510 1882 2544 τῷ

1098 2554 1255 2590 παραδείσῳ
1269 2555 1363 2591 αὐτῆς.
1390 2557 1590 2592 Κυοφορήσασα
1611 2557 1639 2583 δὲ
1656 2557 1740 2583 Ἀννα
1751 2576 1759 2588 ,
1774 2556 1883 2592 οὐρανὸν

1097 2600 1144 2627 xui
1159 2600 1253 2636 θρόνον
1272 2601 1431 2636 χερουὸικδν
1449 2601 1540 2634 ἔτεκε,
1560 2601 1610 2637 τὴν
1632 2602 1713 2636 ἁγίαν
1727 2601 1813 2637 κόρην
1825 2602 1883 2628 Μα-

1099 2646 1169 2682 ρίαν.
1183 2646 1257 2681 Λῦτη
1272 2646 1326 2682 γὰρ
1340 2646 1454 2683 οὐρανὸς
1467 2648 1513 2674 xui
1526 2647 1588 2680 ναὸς
1601 2648 1647 2674 xui
1659 2647 1755 2684 θρόνος
1768 2648 1886 2683 εὑρίσκε-

1096 2701 1153 2720 ται.
1179 2692 1212 2719 Ἦ
1228 2693 1281 2728 γὰρ
1307 2693 1400 2729 Μαρία
1424 2694 1605 2730 ἑρμηνεύεται
1628 2694 1733 2727 ampla,
1751 2693 1818 2720 ἀλλὰ
1841 2693 1885 2719 καὶ

1097 2738 1194 2772 ἐλπίς.
1217 2739 1321 2776 Κύριον
1336 2738 1390 2775 γὰρ
1417 2739 1513 2774 ἔτεκε,
1531 2740 1580 2776 τὴν
1600 2739 1694 2767 ἐλπίδα
1714 2739 1762 2767 τοῦ
1790 2739 1884 2770 nam,
