1929 3038
110 136 164 165 ιε)

471 138 615 165 IIOMILIA
635 139 666 166 V.
687 138 720 166 IN
740 139 876 168 LAUDES
895 140 1043 169 SANCTJE
1069 142 1189 171 MABUE
1211 144 1381 174 DEIPARAE.

1685 154 1739 182 490

114 197 220 232 κόσμου
248 195 375 232 Χριστόν.
410 196 603 232 Ἐρμηνεύεται
635 199 715 225 πάλιν
743 199 772 225 τὸ
800 200 901 235 Μαρία,

955 208 1035 234 spem.
1051 201 1158 236 Peperit
1181 203 1253 230 enim
1278 203 1432 238 Dominum,
1449 208 1493 241 qui
1519 213 1560 236 est
1575 216 1637 242 spes
1653 213 1738 245 totius

113 243 236 277 σμύρνα
255 242 429 276 θαλάσσης·
449 243 570 278 σμύρναν
585 244 613 270 δὲ
628 245 699 280 ἐρεῖ,
725 245 739 270 6
756 246 801 271 καὶ
821 246 902 281 φημὶ,

114 289 182 324 περὶ
201 288 365 320 ἀθανασίας,
382 288 422 314 ὅτι
438 289 538 324 ἤμελλε
554 290 599 315 τὸν
612 290 744 317 ἀθάνατον
768 292 904 326 μαργαρί-

115 343 165 370 την
179 334 284 360 τίκτειν
299 334 327 360 ὲν
343 335 377 369 τῇ
391 333 527 369 θαλάσσῃ,
544 335 681 362 τουτέστιν
700 336 729 361 ὲν
745 335 782 371 τῷ
799 337 903 372 κόσμῳ.

115 380 260 407 Θάλασσαν
274 379 302 406 δὲ
320 381 378 415 ὲρεῖ
392 379 443 406 τδν-
457 379 563 406 ἅπαντα
584 381 702 415 κόσμον,
720 379 741 416 ᾧ
758 383 774 417 ἡ
799 382 904 417 Παρθέ-

115 435 160 458 vo;
182 426 305 462 γαλήνην
331 426 484 462 ἐδωρήσατο
498 447 504 458 ,
521 427 567 453 τὸν
589 427 685 462 λιμένα
702 429 817 456 τεκοῦσα
839 431 905 466 Χρι-

116 475 189 502 στόν.
207 473 359 510 Τοιγαροῦν
387 474 468 502 πάλιν
495 474 544 509 τῆς
571 475 673 510 σεμνῆς
698 476 782 512 κόρης
798 477 905 512 Μαρίας

115 519 298 556 ἑρμηνεύεται
318 519 349 546 τὸ
364 519 499 555 μακάριον
515 519 600 555 δνομα
610 541 617 551 ,
633 521 812 556 φωτιζομένη
823 543 830 556 ,
844 523 905 558 ἥτις

115 565 254 600 ἐφωτίσθη
266 565 342 599 παρὰ
356 565 402 591 τοῦ
418 564 482 591 Υἱοῦ
496 565 543 592 τοῦ
558 565 625 592 Θεοῦ
635 585 642 597 ,
657 567 705 593 καὶ
715 567 829 601 ἐφώτισε
842 568 904 599 τοὺς

115 611 316 643 πιστεύσαντας
347 611 387 642 εἰς
413 610 448 637 τὰ
473 611 579 646 πέρατα
592 612 642 646 τῆς
667 613 719 647 γῆς
745 614 777 648 τῇ
797 613 902 649 Τριάδι.

115 656 232 691 Τριάδος
246 656 300 692 γὰρ
324 655 417 692 νύμφη
434 656 579 692 ὑπάρχειὴ
595 657 662 691 ἁγία
683 658 812 690 Θεοτόκος
836 660 903 695 κόρη

115 701 226 737 Μαρία,
250 701 281 728 τὸ
308 701 482 737 πανάρρητον
497 701 549 736 τῆς
571 703 724 738 οἰκονομίας
739 704 880 739 κειμήλιον
894 714 900 720 -

116 747 187 782 πρὸς
209 748 243 782 ἦν
260 748 274 774 6
292 747 312 773 Γ
313 747 411 783 αὸριήλ
424 755 432 763 ⁸
448 747 547 780 Χαῖρε,
567 750 784 784 κεχαριτωμένη
796 770 803 782 ,
816 752 832 777 ὁ
851 752 904 778 Κύ-

110 801 180 826 ριος
201 794 277 826 μετὰ
292 793 361 819 σοῦ.
389 793 558 829 ’Υπέμνησεν
576 795 590 820 6
604 794 739 830 Γαΰριὴλ,
757 795 804 822 καὶ
816 796 830 822 6
849 797 904 823 Πα-

114 839 169 873 τὴρ
192 838 339 871 οὐρανόθεν
356 838 504 874 ἀρραϐῶνα
527 839 558 865 τὸ
578 839 689 875 Πνεῦμα
710 841 739 867 τὸ
759 840 834 874 ἅγιον
849 842 902 868 ἀπ-

956 246 1059 278 mundi,
1080 255 1176 282 nempe
1187 247 1337 276 Christum.
1353 250 1470 279 Rursum
1489 260 1586 282 nomen
1602 255 1667 283 illud
1682 257 1734 284 Ma-

955 291 994 316 ria
1008 291 1202 326 interpretatur
1217 294 1324 328 myrrha
1339 297 1429 323 maris.
1456 296 1590 332 Myrrham
1606 309 1670 328 vero
1687 302 1737 329 ali-

954 336 1017 370 quis
1035 337 1107 364 dicet
1127 339 1220 373 (quod
1234 347 1284 374 ego
1300 341 1381 368 etiam
1398 342 1460 377 aio)
1474 343 1507 370 de
1523 345 1738 378 immortalitate.

954 389 986 408 eo
1015 382 1086 416 quod
1111 384 1230 418 paritura
1257 390 1329 413 esset
1355 394 1488 420 gemmam
1509 389 1686 419 innnortalem
1710 394 1736 421 ir.

955 427 1033 458 maril
1052 428 1101 455 hoc
1120 434 1161 456 est
1177 430 1203 456 in
1219 431 1330 458 mundo.
1344 431 1417 459 Mare
1435 437 1524 460 autctn
1542 435 1612 462 dicet
1629 438 1737 464 univer-

955 480 1014 499 sum
1039 475 1179 506 mundum,
1193 476 1236 502 cui
1256 476 1335 511 Virgo
1354 479 1526 506 serenitatem
1543 485 1570 508 ct
1584 483 1738 517 tranquilli-
1781 489 1790 501 κ

955 523 1034 546 latent
1049 522 1175 553 contulit,
1188 523 1251 549 dum
1263 529 1370 558 portum
1389 527 1491 559 peperit
1501 526 1652 556 Christum.
1665 529 1737 556 Itur-

953 572 1014 590 sum
1032 565 1123 600 itaque
1137 568 1273 601 praeclarae
1286 570 1382 604 puellae
1396 569 1488 598 Maria:
1509 571 1618 599 beatum
1639 581 1738 601 nomen

955 611 1153 645 interpretatur
1167 613 1314 647 “lustrata,
1331 619 1424 649 utpote
1439 624 1499 651 qua:
1521 617 1654 646 illustrata
1675 619 1710 646 sit
1725 628 1739 646 ιι

954 653 1023 682 Filio
1036 655 1094 688 Dei,
1109 661 1136 684 ct
1155 662 1269 686 cunctos
1292 661 1434 689 credentes
1452 669 1538 696 usque
1554 663 1587 690 ad
1607 665 1739 692 terminos

954 705 1033 729 terrae
1057 702 1184 731 Trinitati
1207 705 1408 734 illuminaverit.
1431 706 1531 734 Sancta
1554 709 1626 736 enim
1651 712 1739 744 puella

954 749 1036 785 Virgo
1052 750 1136 778 Maria
1152 756 1193 779 est
1207 760 1308 787 sponsa
1319 753 1469 788 Trinitatis,
1484 760 1510 782 et
1523 755 1669 784 thesaurus
1683 758 1739 785 dis-

955 796 1123 830 pensationis
1158 798 1236 832 plane
1269 806 1396 832 arcanus,
1422 801 1466 827 cui
1492 800 1601 828 Gabriel
1627 803 1737 837 inquit:

954 842 1017 871 Ave.
1034 843 1123 876 gratia
1138 843 1226 876 plena,
1248 843 1377 871 Dominus
1391 850 1473 872 tecum
1484 846 1502 872 '.
1522 845 1669 882 Subjunxit
1686 848 1739 875 Ga-

115 883 248 916 ἔστειλεν,
267 885 416 920 ὡρμήσατο
431 885 481 920 τὴν
500 885 636 920 Παρθένον
661 887 700 917 είς
713 886 758 913 τὸν
775 887 901 923 μονογενῆ

956 886 1025 914 briel
1039 906 1047 919 ,
1076 892 1102 914 et
1118 887 1199 915 Pater
1224 890 1296 916 misit
1320 890 1500 918 arrhabonem
1518 892 1551 919 de
1566 878 1636 919 c'mlo
1654 894 1739 928 Spiri-

115 931 182 957 Υιὸν
194 951 201 962 ,
219 930 343 966 οὐράνιον
360 929 487 964 νύμφην,
504 930 538 965 ἢν
563 931 576 957 6
602 931 696 967 Πατὴρ
718 932 873 967 ἠγάπησεν,
890 935 904 959 6

115 976 182 1007 Υἱὸς
199 974 318 1010 ἑνῴκηπ
331 994 339 1006 ,
353 975 384 1001 τὸ
406 975 482 1009 ἅγιον
503 976 614 1011 Πνεῦμα
633 977 811 1012 ὲπεπόϐησεν.
829 978 902 1013 Αὕτη

115 1021 172 1056 γὰρ
189 1021 281 1056 νύμφη
298 1021 345 1047 καὶ
370 1021 494 1052 παστὰς,
516 1021 564 1048 καὶ
582 1022 614 1048 ἐκ
636 1022 737 1056 ταύτης
760 1024 773 1049 ὁ
789 1024 903 1058 νυμφίος

116 1065 335 1101 ἐκπορευόμενος
342 1064 460 1100 Χριστὸς
469 1085 476 1097 ,
487 1065 518 1092 τὸ
531 1065 692 1101 παρθενικὺν
707 1067 818 1102 ἔνδυμα,
833 1069 903 1094 κατᾷ

116 1110 168 1146 τὴν
189 1109 236 1137 τοῦ
263 1110 401 1146 προφήτου
423 1109 504 1137 Δαὸὶδ
523 1110 669 1145 μελῳδὶανθ
692 1111 739 1138 Ἐν
766 1111 806 1144 τῷ
828 1113 904 1146 ἡλίῳ

115 1155 202 1182 ἔθετο
215 1154 249 1182 τὸ
261 1154 407 1191 σκήνωμα
427 1155 518 1182 αὑτοῦ
528 1175 535 1187 ,
553 1155 601 1182 καὶ
617 1155 708 1187 αὐτὸς
721 1156 761 1189 ὡς
775 1156 903 1190 νυμφίος

113 1198 351 1232 ἐκπορευόμενος
366 1199 399 1225 ἐκ
413 1199 532 1226 παστοῦ
546 1198 650 1226 αὐτοῦ.
668 1196 703 1225 Ὦ
719 1198 835 1234 νυμφίου
853 1197 902 1225 πό-

113 1242 162 1273 θος
178 1243 307 1277 ἁγνείαςι
327 1243 376 1278 τὴν
401 1243 470 1269 ίδίαν
494 1243 605 1279 δούλην,
632 1242 757 1277 νύμφην,
776 1242 821 1268 καὶ
848 1250 901 1277 μη-

113 1287 183 1324 τέρα
208 1288 327 1324 ὁρμᾶται
344 1289 358 1315 ὁ
384 1288 520 1324 Γαϐριήλο
537 1288 665 1323 πρόξενος
684 1289 733 1323 τῆς
762 1286 900 1323 Παρθένου

113 1333 225 1368 ἐγένετο
236 1355 243 1367 ,
259 1333 374 1370 οὐρανοῦ
396 1335 443 1361 καὶ
467 1334 519 1369 γῆς
545 1334 687 1362 συνάπτων
707 1333 737 1360 τδ
755 1333 880 1368 θυμίαμα
893 1341 899 1348 ·

113 1379 150 1413 ἢν
169 1379 307 1415 προφῆται
324 1380 416 1415 σαφῶς
433 1379 604 1415 ὑπέγραψαν,
616 1379 663 1406 τοῦ
677 1378 767 1413 γάμου
789 1379 838 1414 τὴν
852 1378 900 1405 τά-

115 1424 157 1457 ξιν
176 1426 344 1460 κηρύξαντες
354 1445 362 1457 ,
380 1425 438 1458 πῶς
454 1425 470 1461 ἡ
486 1425 620 1461 Παρθένος
632 1425 754 1460 οὐράνιος
775 1423 900 1460 εὕρισκε-

113 1480 160 1498 ται
181 1472 273 1507 νύμφη
296 1471 363 1507 ὁμοῦ
387 1480 416 1498 τε
442 1472 489 1498 καὶ
512 1472 620 1507 μήτηρ,
637 1473 654 1507 ἡ
673 1471 706 1498 τὰ
731 1471 784 1507 πρὸ
811 1471 901 1506 γάμου

112 1518 315 1554 διῦραλαῦοῦσα
328 1518 358 1545 τὸ
371 1518 448 1552 ἆγιον
461 1517 584 1554 Πνεῦμα,
599 1519 699 1553 προῖκα
717 1517 745 1544 δὲ
758 1518 803 1544 τὸν
818 1518 899 1553 οὐρα-

113 1563 160 1590 νον
179 1563 245 1599 ὁμοῦ
259 1573 289 1591 τε
304 1564 351 1591 καὶ
364 1563 536 1600 παράδεισον.

156 1702 262 1738 Ἐζὴτει
279 1699 324 1729 οὖν
341 1702 404 1729 ίδεῖν
414 1703 430 1737 ὴ
442 1701 577 1737 Παρθένος
591 1701 620 1727 ὃν
635 1699 736 1729 ἐπόθει,
754 1700 800 1726 καὶ
814 1698 899 1733 ἔλεγε·

115 1749 170 1776 Ποῦ
186 1751 200 1777 6
220 1749 336 1784 νυμφίος
354 1746 384 1776 οὗ
400 1748 430 1774 ea
452 1747 547 1779 κάλλος
573 1747 662 1777 ποθῶς
677 1746 729 1773 ποῦ
752 1746 782 1772 τὸ
805 1745 902 1776 κάλλος

113 1795 162 1822 τοῦ
186 1795 261 1831 ἡλίου
284 1794 492 1831 λαμπρότερονς
510 1793 561 1820 ποῦ
579 1792 629 1828 τῆς
646 1793 735 1827 πάσης
751 1791 900 1827 εὐμορφίας

113 1843 130 1876 ἢ
149 1828 329 1874 ἀνεκλάληίςος
356 1828 437 1872 δόξας
460 1839 512 1866 ποῦ
531 1839 562 1866 τὺ
585 1839 715 1866 ἄσῦεστον
730 1837 802 1872 φῶς,
822 1837 836 1863 ὃ
852 1845 900 1862 πο·-

113 1887 199 1914 θοῦσα
213 1887 307 1922 ζητῶ;
328 1885 379 1913 ποῦ
393 1887 407 1912 6
419 1886 493 1921 ἥλιος
507 1885 535 1917 ὃς
556 1885 653 1912 ἀκτῖνα
668 1884 759 1919 ζητεῖ;
777 1882 827 1910 ποῦ
847 1881 900 1908 τῶν

113 1931 261 1967 περινοσεὶμ
285 1933 301 1966 ἡ
327 1931 444 1966 κιθάρας
471 1931 521 1957 ποῦ
545 1930 598 1958 τῶν
624 1929 758 1965 σεραφεὶμ
773 1928 804 1955 τὸ
824 1928 900 1955 ἀκοί-

115 1986 200 2012 μητον
219 1977 296 2012 ὄμμα
317 1971 449 2012 Χριστός;
469 1975 521 2002 ποῦ
535 1975 591 2002 τῶν
605 1974 727 2008 ἀγγέλων
742 1974 759 2009 ὴ
781 1973 901 2009 προσκύ-

113 2031 206 2058 νησις,
221 2023 254 2058 ἣν
270 2022 284 2048 6
301 2021 420 2056 Γαϐριὴλ
441 2022 557 2056 ἐμήνυσε
569 2030 576 2053 ς
590 2020 642 2048 ποῦ
657 2022 671 2047 6
688 2021 768 2055 μόνος
787 2019 835 2046 τοῦ
855 2019 902 2055 μό-

113 2077 159 2095 νου
177 2068 322 2104 μονογενὴς
339 2068 404 2099 rte;
418 2067 464 2094 τοῦ
479 2067 585 2102 Πατρὶς
597 2087 604 2098 ,
629 2066 658 2093 ὃν
671 2067 688 2101 ἡ
701 2066 838 2101 Παρθένος
852 2074 901 2092 πο-

112 2113 210 2142 θοῦσα.
225 2113 272 2140 καὶ
286 2112 400 2147 φιλοῦσα
417 2112 483 2148 ὁμοῦ
496 2121 526 2138 τε
539 2112 586 2138 καὶ
600 2111 717 2146 ζητοῦσα
729 2110 898 2142 ἀσπάζεται;

113 2158 183 2193 πρὸς
195 2159 227 2194 ἣν
239 2158 253 2184 6
273 2157 392 2192 Γαϐριὴλ
404 2166 410 2172 ·
429 2157 531 2191 Χαῖρε,
555 2155 784 2190 κεχαριτωμένη.
809 2155 841 2181 Ἦ
856 2155 901 2190 χά-

957 936 1013 959 tum
1031 936 1169 965 sanctum;
1184 935 1344 968 prwparavit
1362 935 1498 969 Virginem
1516 938 1739 972 unigenitoFilio,

956 977 1060 1004 cmlesti
1072 985 1183 1012 sponso,
1199 986 1280 1013 quam
1295 979 1373 1006 Pater
1389 980 1493 1013 dilexit,
1505 980 1590 1009 Filius
1602 983 1739 1009 inhabita-

957 1022 1004 1052 vit,
1020 1021 1139 1057 Spiritus
1152 1029 1263 1052 sanctus
1275 1026 1434 1060 percupivit.
1451 1026 1509 1061 Ipsa
1520 1032 1561 1055 est
1572 1028 1643 1055 enim
1655 1035 1738 1062 spon-

957 1075 985 1094 sa
1000 1073 1026 1095 et
1041 1069 1187 1101 thalamus,
1206 1074 1232 1096 et
1243 1077 1275 1097 ex
1289 1078 1319 1097 ea
1333 1078 1451 1106 sponsus
1467 1073 1588 1106 procedit
1600 1072 1735 1102 Christus.

956 1112 1107 1146 virgineum
1128 1113 1412 1149 indumentum,juxta
1426 1123 1535 1142 suavem
1553 1116 1662 1144 Davidis
1674 1124 1737 1152 pro-

954 1158 1043 1191 phetat
1055 1159 1207 1186 cantionem
1217 1159 1264 1186 :ln
1275 1160 1329 1186 sole
1338 1162 1424 1191 posuit
1436 1161 1633 1188 tabernaculum
1648 1171 1736 1190 suum.

953 1203 978 1225 et
992 1198 1046 1230 ipse
1060 1202 1184 1233 tanquam
1205 1205 1315 1232 sponsu:
1327 1198 1467 1231 procedens
1481 1199 1513 1224 de
1528 1197 1646 1224 thalamo
1663 1200 1735 1224 alio“.

954 1243 977 1271 0
997 1243 1090 1278 sponsi
1109 1243 1274 1271 desiderium
1300 1250 1414 1270 summae
1434 1243 1577 1277 puritatis!
1600 1244 1737 1277 propriam

954 1290 1091 1321 ancillam,
1112 1297 1239 1323 sponsam
1256 1293 1282 1315 et
1298 1293 1409 1315 matrem
1435 1288 1487 1315 sibi
1511 1288 1660 1322 despondet
1686 1287 1740 1314 Ga—

954 1335 1022 1363 briel
1044 1334 1157 1362 elTectus
1182 1334 1343 1361 cnnciliator
1367 1332 1498 1368 Virginis,
1525 1333 1586 1361 coeli
1611 1338 1638 1361 et
1660 1338 1739 1360 teme

954 1382 1096 1409 incensum
1123 1385 1206 1415 atque
1228 1379 1412 1407 sullimentum
1427 1386 1480 1406 una
1501 1380 1642 1414 copulatis,
1655 1387 1737 1414 quam

953 1426 1063 1461 quidem
1085 1425 1222 1460 Virginem
1245 1424 1385 1459 prophetae
1421 1425 1494 1451 clare
1523 1423 1736 1459 descripserum,

954 1471 1018 1504 dum
1037 1470 1217 1506 przedicarunt
1231 1470 1327 1497 seriem
1342 1470 1496 1504 nuptiarum
1518 1469 1655 1502 nimirum,
1669 1476 1738 1504 quo-

954 1517 1036 1545 modo
1050 1517 1132 1552 Virgo
1148 1516 1284 1544 invenitur
1298 1523 1359 1543 esse
1371 1515 1490 1543 ccelestis
1509 1522 1607 1550 sponsa
1631 1519 1657 1542 et
1676 1521 1737 1542 ma-

928 1560 936 1570 ⁴
953 1569 1004 1596 ter,
1016 1571 1087 1598 quae,
1100 1562 1232 1590 donorum
1243 1562 1467 1597 antennptialium
1476 1562 1596 1594 nomine,
1605 1560 1736 1596 Spiritum

953 1615 1077 1638 sanctum
1093 1609 1207 1644 accepit,
1224 1609 1296 1637 dotis
1310 1617 1373 1637 vero
1389 1609 1488 1645 gratia,
1500 1609 1600 1636 caelum
1612 1615 1665 1636 una
1674 1616 1736 1636 cum

955 1655 1093 1690 paradiso.

988 1700 1130 1733 Quzerebat
1146 1700 1229 1736 igitur
1245 1700 1328 1736 Virgo
1349 1701 1507 1735 conspicere
1520 1707 1601 1735 quem
1629 1699 1737 1728 deside—

952 1747 1041 1778 rabat,
1057 1746 1185 1780 inquiens
1204 1755 1211 1772 :
1229 1745 1280 1772 Ubi
1296 1749 1338 1772 est
1360 1753 1477 1780 sponsus
1498 1745 1577 1779 cujus
1589 1745 1739 1780 pulchritu-

952 1791 1042 1820 dinem
1057 1783 1176 1826 exopto?
1189 1791 1234 1818 ubi
1246 1795 1288 1819 est
1302 1790 1475 1825 pulchritudo
1487 1790 1546 1817 sole
1558 1790 1740 1824 splendidior?

953 1838 997 1865 ubi
1012 1839 1097 1865 totius
1113 1838 1206 1865 formae
1219 1839 1302 1873 gloria
1318 1837 1479 1864 inellabilis?
1496 1836 1542 1864 ubi
1561 1837 1651 1864 lumen
1665 1838 1737 1872 quod

951 1884 1089 1918 exstingui
1103 1884 1207 1918 nequit.
1225 1883 1298 1918 quod
1322 1890 1370 1917 ego
1394 1890 1502 1909 summo
1523 1889 1583 1908 cum
1603 1882 1738 1909 desiderio

952 1928 1082 1963 requiro?
1098 1928 1144 1955 ubi
1160 1928 1201 1955 sol
1216 1928 1262 1963 qui
1279 1928 1385 1954 radium
1403 1927 1540 1962 exquirit?
1555 1927 1599 1954 ubi
1617 1928 1738 1962 ipsorum

951 1974 1093 2001 cherubim
1118 1974 1242 2000 cithara?
1265 1973 1309 2000 ubi
1333 1972 1427 2000 oculus
1445 1973 1581 2008 scraphim
1598 1981 1736 2008 nunquam

951 2018 1090 2046 dormiens
1105 2017 1247 2046 Christus?
1268 2018 1314 2045 ubi
1338 2017 1496 2052 angelorum
1522 2018 1644 2044 adoratio
1657 2026 1737 2052 quam

951 2064 1059 2092 Gabriel
1081 2065 1226 2092 indicavit?
1239 2064 1282 2091 ubi
1300 2064 1374 2091 solus
1387 2071 1418 2090 ac
1433 2063 1518 2091 solius
1532 2063 1621 2091 Patris
1643 2065 1736 2100 unige-

951 2111 1025 2138 nitus
1038 2110 1221 2145 Filius,’qucm
1232 2111 1314 2145 Virgo
1331 2114 1464 2144 exoptans
1480 2110 1610 2141 redamat,
1627 2112 1737 2145 perqui—

951 2165 1014 2184 rens
1031 2157 1148 2183 salntat‘!
1175 2156 1224 2184 Cui
1249 2156 1357 2183 Gabriel
1378 2157 1415 2182 ait
1431 2165 1436 2183 :
1451 2156 1513 2187 Are,
1532 2155 1630 2187 Maria,
1649 2157 1737 2191 gratia

113 2212 157 2238 ρις
169 2205 185 2238 ὴ
203 2203 356 2239 ἀπέραντος
370 2202 418 2238 τῆς
433 2202 512 2236 ἁγίας
524 2201 673 2237 Παρθένου.
693 2201 790 2235 Xa7ps,
811 2209 900 2235 κεχα-

954 2201 1041 2235 plena,
1056 2200 1149 2228 Gratia
1171 2207 1272 2228 sancta:
1297 2200 1415 2236 Virginis
1438 2205 1480 2228 est
1505 2202 1647 2229 innucnsa.
1674 2202 1735 2233 Are,

110 2248 256 2283 ριτωμέγη
266 2269 273 2280 ,
291 2248 396 2275 πολλῶν
412 2247 516 2283 ἀρετῶν
534 2247 796 2282 κατακεκοσμημένη
809 2267 816 2279 ,
832 2247 901 2282 λαμ-

113 2292 307 2328 παδηφοροῦσα
326 2292 447 2328 Παρθένε
479 2292 509 2318 τὸ
527 2293 658 2319 ἄσϐεστον
674 2291 719 2318 τοῦ
737 2292 812 2327 ἡλίου
831 2291 900 2328 λαμ-

111 2340 245 2376 πρότερον
270 2339 337 2373 φῶς.
355 2339 442 2372 Χαῖρε
453 2359 460 2370 ,
485 2336 702 2374 κεχαριτωμένη
714 2359 720 2370 ,
738 2338 784 2365 τοῦ
804 2338 899 2373 νοητοῦ

112 2385 262 2421 ἀγκίστρου
278 2384 309 2411 τὸ
324 2384 419 2419 δέλεαρ
431 2393 437 2399 ·
457 2384 486 2410 ἐν
509 2384 550 2410 σοὶ
568 2384 621 2419 γὰρ
645 2385 790 2418 ἄγκιστρον
811 2385 827 2419 ὴ
842 2385 900 2411 θεό-

110 2438 172 2465 της.
188 2430 275 2464 Χαῖρε
285 2450 292 2460 .
304 2429 520 2464 κεχαριτωμένη
532 2449 538 2460 ,
554 2430 570 2464 ἡ
594 2428 674 2464 νοερὰ
692 2429 741 2463 τῆς
766 2429 843 2463 δόξης
858 2438 899 2455 κι-

112 2475 200 2507 ϐωτός
211 2484 217 2490 ·
237 2474 334 2509 Χαῖρε,
349 2475 577 2509 κεχαριτωμένη,
591 2474 607 2508 ἠ
635 2473 752 2509 στάμνος
766 2474 782 2509 ἡ
799 2475 896 2510 χρυσῆ,

111 2520 144 2547 τδ
157 2520 282 2555 οὐράνιον
295 2519 393 2556 ἔχουσα
409 2518 505 2554 μάννα.
522 2518 619 2553 Χιιζοε,
635 2519 864 2553 κεχαριτωμένη,
881 2520 897 2554 ὴ

111 2566 162 2601 τὴν
187 2565 314 2599 γλυκεῖαν
346 2564 396 2600 τῆς
417 2565 530 2592 ἁεννάου
554 2564 645 2600 πηγῆς
675 2563 738 2595 τοὺς
764 2563 898 2599 διψῶντας

110 2612 285 2648 ἑμπλήσασα.

146 2656 244 2691 Χαῖρε,
261 2655 479 2691 κεχαριτωμένη
488 2675 495 2688 ,
509 2655 590 2691 νοερὰ
605 2655 726 2683 θάλασσα
736 2675 743 2687 ,
758 2655 804 2681 τὸν
816 2653 898 2690 οὖρά-

108 2711 167 2729 νιον
186 2702 285 2738 ἔχουσα
306 2701 477 2737 μαργαρίτην
501 2701 617 2737 Χριστόν
631 2710 637 2716 ·
652 2701 757 2735 Χαῖρε,
782 2709 898 2735 κεχαρι-

108 2749 243 2784 τωμένη,
258 2749 273 2772 6
294 2747 420 2783 λαμπρὸς
445 2747 575 2784 οὐρανὸς,
593 2746 610 2782 ὴ
634 2746 680 2774 τὸν
704 2745 845 2782 ἀχώρητον
868 2747 897 2773 ὲν

145 2825 155 2842 ⁸
167 2823 234 2853 Luc.
251 2833 272 2858 ι,
287 2824 332 2852 28.
379 2825 389 2839 ³
401 2823 473 2851 Psal.
487 2831 563 2850 nun.
579 2821 605 2849 6.

272 2874 410 2904 Prrnot.
426 2872 485 2902 Gn.
502 2870 614 2902 XLIII.

953 2248 1041 2282 gratia
1063 2247 1140 2282 plena
1156 2255 1165 2274 :
1183 2249 1275 2275 multis
1289 2247 1436 2274 virtutibus
1457 2252 1587 2274 exornata
1600 2247 1692 2282 Virgo,
1710 2248 1736 2274 in

953 2292 1078 2326 lampade
1103 2297 1214 2327 gestans
1243 2293 1330 2320 lucem
1363 2292 1611 2327 inexstingnihilem
1636 2313 1642 2325 ,
1680 2294 1738 2320 sole

953 2338 1173 2372 splendidiorem.
1195 2339 1255 2369 Ave,
1276 2339 1363 2373 grati‘a
1377 2339 1463 2372 plena,
1484 2338 1556 2365 hami
1579 2346 1640 2365 esca
1656 2339 1739 2373 spiri-

952 2383 1028 2414 talis;
1039 2383 1172 2418 siquidem
1185 2383 1212 2409 in
1225 2387 1250 2410 te
1262 2383 1358 2410 hamus
1367 2388 1408 2411 cst
1418 2384 1556 2411 divinitas.
1571 2384 1632 2414 Ave,
1649 2386 1737 2418 gratia

950 2428 1027 2462 plena
1046 2428 1140 2463 gloria:
1159 2427 1301 2463 spiritalis.
1317 2428 1380 2460 Ave,
1401 2429 1489 2463 gratia
1512 2429 1601 2462 plena,
1623 2437 1683 2463 qua:
1706 2436 1736 2456 es

952 2481 1021 2501 urna
1046 2481 1128 2501 aurea
1153 2473 1296 2501 continens
1320 2481 1418 2500 manna
1435 2474 1556 2501 cmleste.
1571 2475 1633 2503 Are.
1648 2476 1736 2509 gratia

950 2519 1037 2553 pleno,
1053 2528 1114 2554 qua:
1136 2520 1260 2548 sitientes
1284 2519 1412 2553 perennis
1435 2519 1519 2548 fontis
1536 2520 1678 2549 dulcedine
1691 2528 1736 2548 sa—

951 2565 1014 2592 tias.

987 2655 1048 2689 Ave,
1073 2657 1161 2691 gratia
1179 2657 1267 2691 plena,
1295 2665 1370 2686 mare
1389 2657 1521 2692 spiritale,
1542 2657 1645 2686 habens
1662 2664 1738 2691 gem-

951 2708 1022 2727 mam
1038 2702 1175 2730 caalestcm
1191 2701 1348 2736 Christum;
1363 2703 1425 2734 Ave,
1441 2704 1530 2738 gratia
1542 2704 1629 2738 plena.
1644 2702 1735 2736 splen-

950 2745 1043 2774 ditium
1076 2747 1192 2782 cmlum,
1220 2756 1281 2784 qua:
1307 2748 1335 2776 in
1369 2749 1447 2777 caelis
1477 2749 1734 2784 incomprehensnnt

1557 2869 1592 2898 16
