1929 3038
66 106 115 133 48(

537 107 678 135 HOMILIA
695 109 728 137 IV
747 109 780 137 ΙΝ
825 110 1096 142 ΛδὸυΜΡΤΙΟΝΕΜ
1115 117 1264 147 CHRISTI.

65 170 235 199 novumque,
265 163 302 204 et]
329 163 494 199 stupendum
525 165 683 201 agitatorem
713 172 852 203 spectate;
886 178 983 206 nempe
1020 178 1153 202 creatura
1192 177 1329 211 opiﬁcem,

65 211 196 239 v-.-hicu|o
214 216 336 240 utentem
351 222 356 240 :
371 213 417 248 qui
435 221 490 240 non
507 221 620 242 currum
637 216 820 251 incomposite
836 218 864 245 in
885 223 958 246 terra
976 226 1053 256 regat
1079 232 1085 250 :

1664 128 1718 157 ὂδὲ

1370 181 1488 210 humana
1514 190 1610 213 natura
1635 188 1713 222 quasi

1116 224 1164 251 sed
1193 226 1239 260 qui
1266 234 1338 255 novo
1360 237 1437 258 more
1470 233 1616 269 modoque,
1649 243 1714 263 cur-

64 265 128 284 sum
146 265 195 292 per
221 259 307 287 cmlos
341 263 440 292 tentet,
471 261 670 297 cmlcstcmque
692 267 791 290 metam
817 272 899 299 quam
920 267 1039 301 primum
1070 259 1208 305 occupare
1238 271 1362 308 festinet,
1390 283 1423 303 ac
1452 259 1711 312 praetergurrentem

64 303 155 331 Belial
171 309 299 339 potenter
313 306 437 333 excutiat
469 313 495 335 et
510 312 627 335 evertat.

107 353 179 379 Ἀλλ’
198 353 332 381 Ἰουδαίων
352 355 446 387 παῖδες
465 357 489 383 ot
511 356 641 392 βάσκανοι
663 358 715 393 τῆς
736 359 866 395 ἀληθείας

953 360 988 387 At
1001 368 1066 388 vero
1079 361 1164 390 Judaei
1183 363 1284 391 invidia
1297 365 1427 393 obcaecati
1440 368 1582 397 veritatem
1598 373 1711 401 audien-

64 400 243 433 ἀκούσαντες,
261 401 303 427 ὅτι
324 402 338 427 6
364 402 482 436 Χριστος
504 402 641 439 ἀνελήφθη
664 405 704 434 εἰς
720 405 863 440 οὐρανοὺς.

62 446 232 481 ἀμαυρῶσαι
264 447 421 482 βουλόμενοι
450 448 481 474 τὸ
514 449 667 484 παράδοξον
693 450 786 486 θαῦμα
817 451 865 478 τοῦ

69 491 162 518 Ἡλίου
188 492 238 527 τῆς
256 493 439 528 δικαιοσύνης,
469 494 515 520 τὸν
545 495 638 522 Ἠλίαν
666 497 864 532 παρεισάγουσι

63 537 208 571 λέγοντες·
235 539 268 564 Τί
294 539 400 574 μεγάλα
428 539 597 575 κομπάζετε,
627 542 797 578 Χριστιανοὶ,
823 544 864 570 ὅτι

62 583 204 619 ἀνελήφθη
219 585 234 610 6
245 585 372 620 Χριστὸς,
389 586 426 617 ὡς
440 586 549 620 λέγετε;
566 587 620 613 Καὶ
631 588 685 623 γὰρ
697 587 802 621 Ἠλίας,
819 590 865 616 ἄν-

62 630 175 666 θρωπος
189 630 237 663 ὦν,
255 631 305 666 τῆς
323 632 418 666 ὁμοίας
435 632 514 667 δόξης
532 633 657 666 ἀξιωθεὶς
670 634 806 670 ἀνελήφθη
824 636 864 667 εἰς

60 676 207 711 οὐρανούς.
231 677 301 712 Πρὸς
329 677 376 709 οὓς
401 678 469 712 μετὰ
494 678 652 714 παρρησίας
679 680 862 715 φθεγξόμεθα·

61 722 114 748 Διὰ
129 722 167 753 τί,
183 719 206 748 ὦ
228 723 357 755 Ἰουδαῖοι,
369 725 418 755 τὰς
431 724 538 759 βίϐλους
547 725 585 756 ὡς
595 726 690 759 τυφλοὶ
707 726 862 760 σκυλεύετε,

61 767 110 792 καὶ
121 766 156 792 τὰ
169 767 350 802 γεγραμμένα
365 769 393 795 ὲν
410 769 507 800 αὑταῖς
522 770 591 804 μετὰ
605 770 748 806 ἀκριεείας
761 773 790 798 οὺ
805 773 862 807 βλέ-

60 821 128 839 πετε
139 821 146 844 ;
158 813 208 839 Διὰ
221 814 247 839 τί
262 813 473 848 ἀναγινώσκετε,
487 817 534 842 καὶ
547 817 597 843 οὐκ
609 817 804 851 ἐπιγινώσκετε
813 828 820 851 ;
830 820 862 845 Τί

60 859 117 894 γάρ
137 868 220 894 φησιν
238 860 254 895 ἡ
271 859 330 886 Θεία
345 861 459 896 Γραφή;
482 863 537 888 Καὶ
559 863 696 900 ἀνελήφθη
719 864 810 897 Ἠλίας
832 867 861 892 ἐν

61 904 222 940 συσσεισμῷ
236 907 273 937 ὡς
291 907 331 938 εὶς
342 906 387 933 τὸν
400 908 514 943 οὐρανόν
524 917 531 923 ·
546 909 576 935 τὸ
589 909 628 941 δὲ,
642 911 682 942 ὡς
694 912 738 943 είς
751 911 803 938 τὸν
812 913 861 938 οὺ-

59 949 168 984 ρανὸν,
183 951 334 985 ἀμφίϐολον
357 952 413 986 ἔχει
441 953 490 988 τὴν
509 953 623 981 ἔννοιαν·
640 955 670 982 τὸ
683 956 721 988 δὲ,
742 958 785 990 sic
804 958 858 984 τὸν

59 996 206 1029 οὶψανὸν,
219 997 322 1032 τρανὴν
339 997 457 1025 δείκνυσι
468 999 516 1034 τὴν
532 1000 670 1036 ἀλήθειαν.
682 1002 743 1028 Ὀτι
758 1003 786 1029 δὲ
799 1003 861 1030 οὕτε

919 409 958 432 tes
982 407 1211 439 quemadmodum
1238 408 1364 437 Christus
1389 410 1416 436 in
1438 411 1522 440 caelos
1551 420 1712 451 assumptus

917 451 952 479 sit
966 453 1102 487 stupendo
1118 453 1157 479 illi
1182 454 1398 490 admirandoque
1412 456 1483 485 Solis
1494 457 1607 492 iustitia:
1622 462 1711 488 mira-

917 497 979 524 culo
996 498 1123 526 tenebras
1140 498 1280 527 oﬂuudere
1294 501 1423 533 nitentes,
1438 502 1504 530 Eliae
1522 505 1600 533 nobis
1615 514 1710 534 exem-

916 545 991 579 plum
1021 545 1163 579 objiciunt.
1192 546 1263 579 Quid
1295 555 1359 580 vos,
1387 548 1530 583 inquiunt,
1548 550 1708 586 Christiani,

916 590 1082 624 gloriamini,
1104 593 1176 626 quod
1195 593 1322 621 Christus
1346 601 1504 630 assumptus
1521 597 1580 624 sit?
1599 598 1665 626 Nam
1683 603 1711 627 et

916 637 999 671 Elias,
1018 647 1080 666 cum
1098 640 1181 667 homo
1199 645 1283 672 esset,
1299 650 1391 677 parem
1409 650 1573 673 consecutus
1589 651 1633 674 cst
1648 647 1708 682 gica

914 684 995 716 riam,
1011 690 1037 712 et
1054 685 1112 720 ipse
1127 694 1235 720 quoque
1263 687 1290 714 in
1314 689 1414 716 cadum
1436 695 1561 725 receptus
1577 695 1627 720 est.
1642 692 1710 726 Qui-

914 731 965 758 bus
978 739 1027 758 nos
1040 731 1175 764 ejusmodi
1196 733 1321 761 oratione
1338 735 1469 763 audacter
1486 737 1593 764 obviam
1611 738 1683 766 imus
1698 748 1704 766 :

913 775 978 808 Cur,
998 778 1060 804 caeci
1077 776 1173 809 Judaei,
1196 785 1292 807 sacros
1311 780 1396 808 libros
1420 782 1591 817 przedamini,
1604 788 1631 811 et
1647 793 1708 820 qua:

913 822 939 849 in
958 823 1012 850 illis
1027 828 1139 850 exarata
1160 828 1235 856 sunt,
1252 831 1381 854 accurate
1398 836 1452 854 non
1472 830 1640 864 expcnditis?
1652 831 1706 858 Cur

912 869 1002 904 legitis
1025 874 1051 897 et
1078 878 1132 897 non
1158 871 1327 906 intelligitis?
1349 873 1464 908 Ecquid,
1484 882 1590 909 quaeso,
1614 877 1705 904 divina

913 914 1055 950 Scriptura
1080 917 1114 944 de
1141 917 1199 944 Elia
1219 918 1359 952 prodidit?
1381 920 1506 954 nunquid
1532 927 1705 958 assumptum

911 970 973 990 esse
990 963 1016 989 in
1033 963 1133 989 coelum
1150 963 1162 990 ‘i
1178 971 1350 999 nequaquam
1364 965 1495 999 ;prodidit
1510 972 1617 1000 autem,
1644 977 1704 996 cum

913 1007 985 1034 aeris
1005 1007 1074 1034 facta
1091 1012 1164 1035 esset
1179 1009 1338 1040 commOtio,
1354 1015 1524 1045 assumptum
1547 1019 1608 1039 esse
1625 1013 1704 1047 quasi

66 1040 172 1073 Ἠλίας,
184 1040 246 1067 οὔτε
260 1040 355 1077 ἕτερός
374 1052 414 1074 τις
432 1043 516 1079 ἀνέϐη
533 1046 578 1078 εἰς
596 1046 650 1072 τὸν
672 1048 815 1080 οὐρανὸν,
833 1049 857 1074 εί

910 1053 937 1080 ἱιι
955 1054 1054 1080 caelum
1071 1054 1089 1079 ι.
1106 1054 1187 1088 Atqui
1201 1055 1284 1082 verba
1309 1055 1371 1088 ista,
1388 1057 1465 1090 quasi
1480 1057 1505 1083 in
1521 1057 1622 1089 rmlum,
1644 1065 1702 1084 am-

62 1086 99 1121 μὴ
122 1086 204 1121 μόνος
223 1089 237 1113 6
251 1088 284 1114 ὲκ
297 1088 344 1114 τοῦ
359 1089 474 1124 οὐρανοῦ
492 1091 616 1123 καταϐὰς
627 1092 642 1117 ὁ
657 1093 802 1129 μονογενὴς
811 1094 858 1120 τοῦ

59 1132 128 1158 Θεοῦ
147 1133 221 1164 Υἱὸς,
242 1133 322 1165 αὐτὸς
345 1135 409 1170 περὶ
431 1136 529 1163 ἑαυτοῦ
551 1137 655 1169 πάντας
677 1138 858 1174 πληροφορῶν

59 1177 144 1211 λέγει·
160 1178 264 1212 Οὐδεὶς
280 1180 463 1214 ἀναϐέϐηκεν
473 1183 517 1215 εις
528 1182 581 1209 τὸν
594 1184 735 1217 οὐρανὸν,
750 1186 775 1211 ει
785 1185 826 1219 μὴ
843 1187 859 1212 ὁ

60 1224 95 1249 ἐκ
110 1224 165 1250 τοῦ
183 1225 313 1257 afﬂaret")
328 1227 469 1260 καταϐὰς,
489 1229 505 1254 ὀ
529 1229 594 1261 Υἱὸς
613 1229 667 1256 τοῦ
688 1230 857 1264 ἀνθρώπιυ,

61 1271 77 1295 ό
92 1268 135 1295 ὢν
147 1270 182 1295 ἐν
193 1270 233 1302 τῷ
249 1272 366 1305 οὐρανῷ
376 1281 382 1286 ·
398 1274 412 1299 6
431 1274 535 1309 ποιμὴν
548 1275 562 1300 6
577 1275 669 1306 καλὸς,
687 1277 700 1301 ὁ
713 1276 747 1302 τὰ
765 1277 857 1311 ἐνενή-

60 1324 145 1342 κοντα
165 1317 243 1343 ἐννέα
267 1318 322 1344 τῶν
339 1319 462 1352 ἀγγέλων
487 1320 613 1354 πρόϐατα
633 1322 792 1348 καταλιπὼν
813 1323 859 1348 ἐπὶ

60 1361 95 1388 τὰ
115 1362 230 1397 οὐράνια
244 1363 306 1398 ὅρη,
326 1365 373 1390 καὶ
387 1365 418 1391 τὸ
433 1366 641 1401 πεπλανημένον
659 1367 796 1402 πρόϐατον
811 1368 857 1394 εὑ-

62 1407 166 1443 ρηκὼς,
183 1409 230 1435 καὶ
246 1409 332 1444 ὤμοις
353 1410 560 1446 φιλανθρωπίας
577 1411 729 1446 βαστάζων,
751 1413 797 1440 καὶ
818 1414 858 1444 είς

62 1454 106 1480 τὸν
128 1455 256 1489 οὐράνιον
272 1456 370 1490 λιμένα
387 1456 553 1491 ἀνενεγκὼν,
573 1457 612 1492 τῷ
639 1458 696 1493 ἰδίῳ
715 1457 857 1495 Γεννήτορι

61 1500 226 1536 δωροφορῶν
245 1501 409 1536 φθέγγεται·
428 1499 525 1537 Εὗρον,
548 1504 650 1539 Πάτερ,
668 1505 698 1530 τὸ
721 1504 857 1540 πρόϐατον

60 1545 92 1571 τὸ
117 1546 304 1581 πλανώμενον,
328 1548 397 1583 ὅπερ
415 1549 429 1574 6
452 1548 580 1575 ἀπατεὼν
601 1549 662 1584 ὄφις
685 1549 857 1585 δολοτρόποις

61 1595 246 1629 τεχνάσμασιν
268 1595 404 1630 quam“,
431 1597 479 1622 καὶ
498 1597 598 1628 κακίας
623 1597 698 1628 ὁδοὺς
722 1597 855 1630 ὑπέδειξε,

62 1639 143 1674 πηλῷ
158 1639 187 1665 δὲ
203 1640 253 1674 τῆς
267 1638 414 1672 πολυθεῖας
430 1640 479 1676 τὴν
495 1641 668 1676 καθαρότητα
682 1641 729 1676 τῆς
741 1641 856 1676 θεογνω-

61 1683 122 1716 σίας
138 1685 261 1720 ὲμόλυνε.

910 1096 1019 1130 higuam
1049 1097 1276 1132 signiﬁcationem
1294 1100 1455 1133 continent;
1478 1101 1535 1128 haec
1555 1106 1657 1135 autem,
1675 1103 1703 1129 in

910 1142 1013 1175 mlum,
1031 1144 1174 1171 veritatem
1190 1145 1379 1179 plauissimam
1394 1152 1542 1180 exponunt.
1560 1147 1637 1180 Quod
1652 1156 1700 1174 au-

911 1194 963 1216 tem
978 1197 1067 1224 neque
1080 1189 1164 1222 Elias,
1177 1198 1266 1226 neque
1280 1191 1353 1219 ullus
1369 1193 1439 1219 alius
1452 1192 1478 1219 in
1495 1193 1588 1219 εωιιιηι
1606 1202 1704 1221 ascen-

909 1235 990 1266 derit,
1021 1236 1068 1262 sed
1094 1236 1117 1263 is
1146 1240 1263 1269 tantum,
1280 1237 1326 1272 qui
1354 1237 1387 1264 de
1414 1240 1483 1264 cmlo
1509 1238 1698 1270 descenderat.

910 1289 1005 1316 nempe
1023 1283 1180 1317 unigenitus
1203 1282 1249 1309 Dei
1265 1282 1350 1310 Filius
1363 1303 1370 1315 ,
1387 1284 1439 1310 hoc
1463 1284 1522 1318 ipse
1543 1284 1577 1311 de
1608 1286 1702 1320 seipso

910 1325 1062 1360 perspicuis
1077 1327 1167 1353 verbis
1184 1331 1312 1354 testatum
1327 1326 1390 1354 facit
1405 1336 1411 1354 τ
1430 1327 1526 1360 Nemo,
1545 1329 1592 1360 ait,
1607 1337 1701 1356 ascen-

909 1370 948 1396 dit
966 1371 992 1397 in
1012 1373 1117 1403 ctenim,
1131 1372 1184 1398 nisi
1196 1372 1241 1406 qui
1255 1372 1389 1399 descendit
1402 1372 1433 1400 de
1451 1374 1525 1406 caeli),
1544 1374 1632 1401 Filius
1652 1375 1700 1402 Iw-

909 1415 998 1446 mim‘s,
1015 1416 1060 1450 qui
1074 1421 1112 1442 est
1129 1417 1155 1443 in
1171 1418 1234 1444 ctrlo
1250 1418 1269 1444 ³.
1287 1417 1420 1444 Nimirum
1434 1422 1528 1453 pastor
1541 1419 1586 1447 ille
1599 1420 1701 1455 bonus,

909 1461 955 1495 qui
975 1463 1123 1496 nonaginta
1141 1470 1237 1490 novem
1253 1464 1351 1492 ovibus
1366 1465 1386 1498 ',
1403 1465 1454 1492 hoc
1468 1468 1520 1497 est,
1536 1466 1652 1499 angelis,
1671 1467 1698 1493 in

909 1506 1049 1533 montibus
1078 1507 1240 1535 coelestibus
1271 1509 1385 1542 relictis,
1412 1510 1596 1537 errabundam
1621 1519 1699 1538 ovem

909 1551 1046 1585 qumsivil,
1072 1553 1265 1588 inventamqne
1299 1559 1381 1590 atque
1404 1555 1527 1584 humeris
1551 1557 1699 1584 clementer

909 1597 1076 1632 impositam,
1108 1599 1140 1626 ad
1168 1601 1306 1627 caelestem
1331 1607 1439 1636 portum
1465 1602 1587 1634 adduxit,
1613 1603 1697 1630 addu-

909 1647 981 1669 ctam
998 1647 1088 1670 autem
1103 1644 1208 1671 caelesti
1228 1645 1297 1672 Patri
1315 1647 1437 1674 muneris
1453 1648 1513 1674 loco
1528 1648 1639 1681 obtulit,
1657 1649 1697 1675 di-

909 1696 974 1715 cens
989 1697 994 1715 :
1012 1688 1103 1722 Pater,
1123 1689 1214 1716 inveni
1235 1691 1418 1719 errabundum
1434 1701 1522 1726 ovem,
1538 1702 1619 1729 quam
1638 1702 1698 1722 scr-

61 1739 129 1766 pens
146 1732 333 1767 inipostorque
347 1733 474 1760 diabolus
491 1734 587 1762 callide
612 1734 854 1770 iraudulentcrque
878 1735 1094 1763 circumventam
1123 1736 1150 1762 in
1179 1745 1300 1764 errorem
1328 1743 1507 1774 pertraxerat,
1533 1749 1697 1777 omnemque

61 1779 132 1805 viam
149 1777 331 1812 improbitatis
347 1780 505 1812 cdoeuerat,
521 1787 552 1806 ac
568 1779 668 1807 divina!
688 1781 854 1816 cognitionis
875 1781 1020 1815 puritatem
1047 1781 1210 1808 idololatriae
1225 1789 1302 1810 emno
1323 1783 1394 1811 foede
1419 1787 1662 1816 contaminaverat.

95 1824 268 1859 Θεασάμενος
291 1823 338 1851 οὖν
363 1825 429 1851 αὐτὸ
456 1825 485 1851 ἐν
512 1825 550 1860 τῷ
576 1825 699 1861 βορϐόρῳ
724 1827 771 1853 τοῦ
798 1827 854 1861 βίον

942 1826 1010 1853 Cum
1028 1827 1120 1861 itaque
1135 1827 1265 1861 improbte
1282 1831 1342 1855 vitm
1364 1829 1422 1857 luto
1438 1839 1551 1865 prorsus
1571 1833 1696 1861 obrutam

60 1871 234 1905 πνιγόμενον,
268 1872 301 1907 τῇ
333 1871 383 1906 τῆς
413 1871 539 1906 θεότητός
572 1880 622 1906 μου
647 1872 723 1907 δεξιᾷ
750 1873 854 1907 ταχέως

60 1917 222 1951 ἀνήρπασασ
250 1916 296 1943 καὶ
319 1918 376 1948 τοῖς
391 1917 445 1944 τῶν
469 1917 620 1952 οἰκτιρμῶν
646 1917 810 1952 σπλάγχνοις
826 1919 854 1944 ἐν

60 1962 116 1992 τοῖς
135 1961 182 1986 τοῦ
203 1961 337 1996 Ἰορδάνου
354 1961 487 1996 ῥεύμασιν
501 1961 655 1993 ἀπέπλυνα,
674 1962 720 1988 καὶ
737 1961 854 1997 μυρίσας

59 2008 94 2042 τῇ
110 2007 210 2042 εὐωδίᾳ
232 2007 279 2034 τοῦ
293 2007 370 2041 ἁγίου
393 2016 445 2042 μου
465 2008 634 2043 Πνεύματος,
653 2008 696 2035 διὰ
716 2008 767 2043 τῆς
786 2009 853 2035 ἀνα-

61 2052 182 2084 στάσεως
208 2052 256 2079 νῦν
277 2053 464 2088 παραγέγονα,
488 2053 562 2085 ἄξιον
581 2054 630 2089 τῆς
652 2053 703 2088 σῆς
729 2053 855 2088 θεότητος

60 2098 254 2134 προσκομίζων
272 2107 313 2125 σοι
329 2098 426 2131 ξένιον,
441 2099 472 2126 τὸ
484 2099 592 2133 λογικὸν
607 2099 752 2134 πρόϐατον.
770 2100 855 2135 Σήμε-

62 2147 137 2182 ρον,ό
151 2146 274 2177 διάϐολος
292 2146 342 2182 τὴν
358 2146 464 2172 οἰκείαν
476 2144 560 2182 ἧτταν
578 2146 713 2181 ὀδύρεται,
734 2146 804 2180 ὀρῶν
824 2146 854 2172 τὸ

61 2192 196 2227 ἡμέτερον
211 2192 292 2227 σῶμα
303 2193 342 2223 είς
354 2192 484 2226 οὐρανοὺς
497 2192 664 2227 ἀναγόμενον
675 2200 680 2206 ·
702 2193 821 2227 σήμερον
836 2193 852 2227 ἡ

61 2238 183 2272 ἁμαρτία
200 2238 244 2264 διὰ
263 2239 312 2272 τῆς
331 2238 490 2273 ἀναλήψεως
504 2238 551 2264 τοῦ
566 2238 685 2274 Χριστοῦ
708 2238 795 2273 Ἰησοῦ
815 2238 852 2270 ὡς

61 2283 164 2315 καπνὸς
181 2284 335 2311 διαλέλυται
348 2293 355 2299 ·
380 2286 500 2320 σήμερον
519 2286 533 2311 6
550 2285 674 2316 διάϐολος
693 2285 788 2321 θρηνεῖ
809 2285 852 2311 λέ-

60 2338 126 2362 γων,
143 2329 176 2355 Τί
195 2330 312 2364 ποιήσω,
329 2331 343 2355 6
357 2329 466 2362 ἄθλιος;
486 2330 594 2362 Πάντας
611 2330 674 2362 τοὺς
695 2330 742 2356 ἀπ’
755 2329 852 2362 αἰῶνος

62 2382 98 2406 αις
114 2374 191 2410 ἱέραξ
206 2375 339 2411 ὀξυπετὴς
355 2376 481 2411 ἁρπάξας
503 2377 567 2412 παρ’
596 2376 675 2411 ἐμοῦ,
699 2376 802 2412 ἔρημόν
817 2385 852 2409 με

60 2420 221 2456 κατέστησε,
251 2421 299 2447 καὶ
328 2421 496 2457 πανταχόθεν
521 2430 554 2456 με
576 2422 786 2456 πτεροκοπὴσας
810 2422 851 2453 είς

59 2467 108 2501 γῆν
126 2467 305 2502 κατέρραξεν.
330 2467 469 2502 Ἰίπάτησέ
489 2476 522 2502 με
550 2468 564 2494 ὁ
586 2467 635 2501 τῆς
659 2467 767 2502 Μαρίας
783 2467 848 2498 υἱός.

904 1871 1047 1904 vidissem,
1062 1873 1212 1901 divinitatis
1231 1882 1296 1901 meti}
1316 1875 1426 1902 dextera
1445 1883 1581 1911 porrecta,
1602 1881 1692 1907 celeri-

905 1922 946 1944 ter
955 1925 1013 1944 eam
1022 1919 1108 1950 erexi,
1120 1920 1446 1956 connniscrationumque
1454 1930 1575 1950 mearum
1588 1925 1695 1952 viscera

905 1963 958 1990 late
975 1964 1141 1997 ditl'undeus,
1157 1966 1183 1992 in
1200 1965 1327 1993 Jordanis
1343 1966 1453 1994 (lumine
1466 1968 1539 1996 ablui
1554 1978 1561 1996 :
1574 1970 1695 1998 ablutatn

905 2009 1014 2036 tandem
1037 2011 1207 2038 suaveolenti
1224 2011 1342 2046 Spiritus
1365 2013 1452 2040 sancti
1476 2020 1616 2048 unguento
1635 2024 1694 2050 per-

906 2055 982 2082 unxi.
1000 2056 1031 2082 Et
1046 2064 1118 2083 nunc
1139 2065 1188 2091 per
1209 2059 1437 2086 resurrectionem
1455 2060 1487 2086 ad
1505 2063 1530 2087 te
1547 2061 1619 2093 veni,
1638 2070 1700 2089 mu-

903 2101 1050 2128 nusculum
1066 2101 1210 2131 divinitate
1231 2109 1275 2131 tua
1292 2105 1362 2132 haud
1380 2105 1521 2139 indignum
1538 2105 1694 2139 oblaturus,

903 2155 982 2174 ovem
997 2147 1123 2174 videlicet
1149 2153 1238 2176 mente
1256 2155 1282 2177 et
1310 2151 1417 2178 ratione
1439 2151 1591 2186 praaditam.
1609 2151 1694 2179 Hudid

903 2194 1029 2221 diabolus
1041 2201 1140 2228 corpus
1157 2199 1282 2222 nostrum
1296 2196 1322 2223 in
1338 2198 1437 2224 coelum
1455 2197 1623 2225 sublevatum
1639 2205 1696 2224 cer-

902 2247 982 2271 nens,
1000 2237 1182 2266 caianiilatem
1201 2247 1279 2266 suam
1297 2241 1439 2277 deplorat;
1458 2242 1537 2269 hodie
1552 2247 1693 2277 peccatum

903 2289 1016 2319 propter
1031 2285 1125 2312 Jesum
1141 2290 1324 2321 assumptum,
1340 2288 1423 2315 veluti
1442 2289 1531 2315 fumus
1547 2287 1668 2323 disparet
1683 2299 1688 2320 ;

903 2330 984 2358 hodie
993 2330 1120 2358 diabolus
1130 2331 1226 2366 lugens
1251 2331 1416 2368 ploransque
1428 2333 1562 2368 ejusmodi
1576 2334 1691 2361 muniam

901 2375 977 2402 edit:
995 2375 1065 2408 Quid
1084 2376 1194 2408 faciam,
1219 2376 1332 2403 infelix?
1350 2377 1461 2410 Omnes,
1477 2386 1548 2413 quos
1561 2385 1575 2405 a
1591 2379 1692 2406 sarculo

901 2421 1009 2449 vinctos
1024 2421 1190 2454 detinebant,
1206 2421 1282 2456 lapsu
1300 2422 1502 2456 incitatissimo,
1520 2425 1606 2452 instar
1620 2426 1692 2451 acci-

903 2466 994 2501 pitris,
1011 2467 1152 2499 advolans,
1167 2468 1233 2495 mihi
1251 2467 1414 2503 intercepit;
1432 2476 1529 2503 tneque
1541 2470 1690 2503 desertum,

59 2513 114 2540 Οὐκ
129 2512 212 2548 ᾔδειν,
225 2513 266 2539 ὃτι
279 2513 344 2544 Θεὸς
354 2514 381 2540 ἐν
394 2513 557 2548 ἀνθρωπίνῳ
569 2513 719 2548 κρύπτεται
732 2512 846 2548 σώματι.

908 2511 1030 2546 )tnnique
1052 2520 1085 2539 ex
1105 2516 1182 2547 parte
1197 2513 1248 2540 alis
1266 2517 1376 2539 exulum
1394 2513 1420 2539 in
1438 2516 1540 2540 terram
1560 2514 1691 2541 deturba-

61 2558 193 2585 Ἐὅλεπον
208 2558 289 2586 αὑτὸν
302 2559 382 2594 σῶμα
399 2559 568 2594 ἀνθρώπινον
580 2559 782 2594 περικείμενον,
802 2559 848 2585 καὶ

59 2600 201 2638 ἄνθρωπον
225 2603 306 2629 αὑτὸν
337 2604 450 2638 νομίσας
475 2603 563 2638 ψιλὸν,
588 2604 648 2630 κατ’
677 2603 759 2629 αὐτοῦ
785 2603 848 2633 τοὺς

64 2649 208 2680 Ἰουδαίους
219 2648 332 2683 ὲκίνησα
341 2657 347 2664 '
360 2649 406 2675 καὶ
423 2649 475 2676 ἆπε
480 2657 495 2684 ρ
512 2649 545 2675 δι’
565 2648 663 2676 ἑαυτοῦ
676 2648 713 2684 μὴ
725 2648 846 2683 ἐτόλμων

58 2692 268 2728 διαπράξασθαι,
287 2693 372 2720 ταῦτα
392 2693 436 2720 διὰ
455 2693 591 2720 Ἰουδαίων
613 2694 761 2730 ἐνήργησα.
785 2694 845 2721 Μυ-

92 2768 144 2797 ιιν
160 2767 228 2804 Reg.
246 2776 276 2802 ιι,
297 2769 337 2796 it.

378 2768 474 2798 'Joan.
488 2779 530 2804 ιιι,
548 2770 589 2798 15.
629 2771 638 2786 ³
651 2769 717 2798 Luc.
737 2778 782 2804 xv,
800 2772 814 2798 4
833 2779 893 2806 sqq.

902 2558 950 2584 vit.
976 2557 1087 2593 Deccpit
1107 2566 1151 2586 me
1167 2558 1258 2586 Mariae
1281 2558 1364 2586 titius.
1382 2558 1541 2594 lgnorabam
1563 2559 1690 2594 equidem

901 2603 985 2632 Deum
1002 2604 1029 2631 in
1055 2604 1175 2632 humano
1192 2612 1307 2640 corpore
1331 2605 1452 2632 abditum
1474 2605 1567 2633 latere.
1587 2605 1691 2634 Cerne-

900 2649 961 2676 bam
978 2649 1054 2676 illum
1077 2651 1186 2677 mortali
1200 2657 1317 2686 corpore
1331 2650 1456 2678 indutum
1471 2660 1477 2685 ;
1496 2654 1626 2686 ratusque
1640 2650 1690 2678 ho-

900 2695 1001 2724 minem
1021 2699 1130 2724 tantum
1152 2703 1214 2725 esse
1241 2700 1268 2725 et
1292 2696 1366 2725 aliud
1390 2697 1470 2732 nihil,
1485 2697 1594 2725 Iudaeos
1612 2695 1689 2732 itast-
