1929 3038
230 123 283 154 487

871 113 973 144 DUBIA
992 116 1063 146 AUT
1084 113 1221 143 SPURIA.

1811 115 1880 144 L38

230 189 284 218 que
295 177 514 216 propitiatoriqu
530 179 620 206 verbis
636 177 767 213 consequi
783 178 896 206 tentavi.
912 178 1018 205 Geslie-

1095 178 1179 214 ράσας
1205 179 1220 204 ὁ
1241 178 1325 209 τάλας
1352 177 1422 211 ἐγὼ,
1443 177 1482 209 εἰς
1509 176 1706 212 ἀκριϐεστέραν
1729 175 1833 202 ἔννοιαν
1854 175 1877 202 ὁ

229 228 275 254 Ιτςιῑ
288 227 397 261 quidem
414 224 552 251 interioris
564 224 647 250 animi
663 224 792 259 cogitatio
806 223 837 250 ad
852 224 1019 251 exactiorem

230 273 446 308 intelligentiam,
463 279 524 306 qua:
540 271 694 304 exprimere
710 271 863 297 conabatur
878 269 1021 305 profunda:

229 320 368 346 memoria:
393 321 419 344 et
453 317 595 343 altissimae
621 317 818 351 speeulationis
845 316 1019 343 miraculum.

231 363 434 394 Vrrumtamcn,
454 362 618 394 vltarissimi,
634 366 661 389 et
676 363 757 389 timor
774 362 875 389 multus
890 365 916 389 ct
931 362 1022 396 gravis

230 410 366 436 continuit
385 417 438 436 mc.
455 409 521 435 Nam
546 409 677 436 memoria
703 407 941 442 contemplationis
959 408 1022 433 hor-

230 455 321 482 renda:
344 455 486 489 exagitans
513 453 720 480 tremebundam
739 453 858 479 animam
878 459 977 482 meam,
995 456 1022 479 et

231 508 278 528 cor
302 501 503 527 cxhorresccns
531 507 584 526 non
608 499 782 526 mediocriter
810 498 915 530 amlxll,
931 498 978 526 sed
997 501 1024 526 et

231 547 350 582 graviter
362 547 480 572 vexavit.
494 546 622 572 Concutit
637 545 709 572 enim
728 549 845 572 tuentem
858 552 946 571 mcam
963 552 1021 571 ma-

231 593 308 619 xima:
325 592 564 626 contemplationis
595 599 626 617 ac
643 592 714 619 velut
730 590 952 625 incomprehensi
967 598 1024 625 my-

231 638 306 665 sterii
333 638 473 669 memoria,
494 645 591 671 nempe
615 645 675 671 qme
702 637 767 663 illud
797 636 888 670 eloqui
912 636 1024 662 minime

230 684 326 718 possit.
343 683 409 716 Quis
433 683 505 710 enim
529 682 686 717 lmjusmodi
703 682 833 717 mysterio
847 681 1024 716 exprimendo

230 735 313 764 queat
329 729 477 756 sullicerc?
493 728 579 761 Quale
598 736 662 755 vero
681 736 712 755 os
726 728 916 763 pronuntiare,
931 735 1024 762 quaeve

229 775 324 810 lingua
339 775 476 810 proferet?
493 775 672 810 Nequaquam
688 779 779 809 potest
790 774 883 801 dicere
899 773 973 808 quod
989 775 1026 799 la-

233 825 280 847 tet.
296 820 356 847 Jam
375 828 437 846 vero
455 820 573 851 audebo,
585 819 674 846 dicam
688 819 721 846 de
739 819 796 846 sola
812 818 938 853 Dcipara,
955 825 1023 852 qua—

1071 225 1120 260 τῆς
1136 223 1249 259 καρδίας
1273 232 1323 259 μου
1339 223 1413 249 ἔνδον
1439 223 1587 258 σκιρτήσας
1603 222 1732 257 λογισμὸς
1755 221 1879 256 βαθείας

1074 271 1183 305 μνήμης
1193 290 1200 301 ,
1214 270 1261 297 καὶ
1276 269 1445 304 ὑψηλοτάτης
1459 268 1575 304 θεωρίας
1590 267 1759 304 πειρώμενος
1773 267 1881 301 φέρειν

1071 314 1104 340 τὸ
1127 314 1233 349 θαῦμα,
1249 314 1350 350 τρόμος
1373 313 1419 340 καὶ
1431 313 1513 347 φόϐος
1533 313 1616 344 πολὺς
1641 313 1688 339 καὶ
1704 312 1790 343 δεινὸς
1805 320 1881 338 συν-

1073 361 1134 395 έσχε
1160 369 1210 395 με,
1238 357 1261 386 ὧ
1285 359 1432 395 ἀγαπητοί.
1451 359 1484 385 Ἡ
1497 359 1552 394 γὰρ
1573 359 1666 394 μνήμη
1683 358 1733 393 τῆς
1750 357 1880 392 φρικτῆς

1074 404 1204 440 θεωρίας,
1218 404 1349 440 ἕντρομον
1366 404 1415 439 τὴν
1431 403 1518 439 ψυχήν
1534 412 1583 438 μου
1594 424 1601 436 ,
1617 403 1663 429 καί
1679 402 1804 437 φρικώδη
1820 404 1880 436 τὴν

1074 451 1187 486 καρδίαν
1207 450 1342 484 ἐνέγκασα
1358 450 1388 476 ού
1410 449 1528 484 μετρίως
1543 447 1723 484 ἐτιμώρησεν,
1740 447 1808 474 ἀλλὰ
1822 447 1880 474 δυ-

1074 495 1163 527 νατῶς
1189 495 1362 522 ἐϐασάνισεν.
1387 493 1563 529 Ἐπιπλήττει
1585 493 1639 528 γάρ
1663 501 1714 528 μου
1732 492 1778 518 τὸν
1794 492 1879 525 νοῦν,

1074 540 1124 575 τῆς
1141 540 1272 575 μεγίστης
1298 539 1413 575 θεωρίας
1434 540 1451 574 ὴ
1475 539 1586 574 μνήμη,
1609 538 1646 569 ὡς
1673 538 1880 572 ἁκαταλήπτου

1077 585 1227 620 μυστηρίου
1239 605 1246 617 ,
1261 585 1292 610 τὸ
1311 585 1401 619 λέγειν
1418 585 1468 610 οὐκ
1485 583 1624 619 ἰσχύουσα.
1640 582 1688 614 Τίς
1702 583 1758 618 γὰρ
1777 582 1879 614 ἱκανὸς

1075 631 1180 657 τοιοῦτο
1205 631 1308 666 φράσαι
1341 631 1510 665 μυστήριον;
1538 630 1612 656 ποῖον
1640 629 1668 655 δὲ
1700 628 1879 662 φθέγξασθαι

1076 677 1173 712 στόμα,
1186 677 1201 711 ἢ
1218 676 1282 702 ποία
1296 676 1404 710 γλῶσσα.
1419 675 1549 710 λαλήσει;
1565 674 1683 710 Λέληθεν
1693 695 1699 707 ,
1716 675 1805 700 εἰπεῖν
1822 674 1880 700 οὑκ

1077 723 1175 757 ἰσχύει.
1191 722 1249 748 Νῦν
1272 722 1301 748 δὲ
1319 722 1448 756 τολμήσω
1476 721 1540 756 περὶ
1563 721 1612 756 τῆς
1634 721 1719 756 μόνης
1737 720 1879 746 Θεό-τόκου

1075 768 1136 794 καθ’
1152 768 1166 793 ὃ
1182 767 1384 802 καταλαμϐάνω
1396 775 1403 782 ·
1423 767 1470 793 καὶ
1486 766 1565 793 πάλιν
1581 766 1725 802 φοϐοῦμαι.
1744 766 1802 792 Οὐκ
1819 765 1879 800 ἔχω

1075 813 1197 847 γλῶτταν
1213 813 1296 845 ἀξίως
1321 813 1407 839 εἰπεῖν
1421 812 1456 838 τὰ
1470 812 1531 838 λίαν
1551 812 1665 847 μεγάλα.
1694 811 1879 846 ’ἰσχνόφωνος

231 872 310 893 tenus
333 873 483 900 assequor;
500 865 590 892 denuo
616 869 709 891 tamen
737 872 845 897 VCI‘EDI',
863 869 956 899 utpote

1093 858 1130 894 up
1159 859 1206 885 xui.
1230 857 1453 894 βραδύγλωσσος,
1477 858 1524 884 xui.
1541 857 1591 883 οὐκ
1615 857 1725 888 εῠλαλος
1743 857 1878 892 ὑπάρχω,

231 911 323 946 lingua
342 918 395 938 non
409 911 458 939 sim
478 911 607 946 praeditus
625 911 721 938 idonea
738 911 771 938 ad
788 919 820 938 ca
838 911 953 938 dicenda
965 917 1025 945 quae

231 962 295 983 sunt
319 957 395 984 valde
420 965 536 992 magna;
554 965 614 984 smu
631 957 703 984 enim
719 957 784 984 exili
801 964 865 984 voce
897 957 1028 991 tardaque

232 1002 335 1037 lingua,
351 1007 377 1029 et
393 1003 506 1030 minime
519 1003 652 1034 disertus,
670 1006 699 1029 ut
715 1004 755 1030 sic
768 1003 850 1030 verba
863 1002 952 1029 facere
964 1010 1026 1037 pos-

231 1047 282 1074 sim
300 1047 334 1074 de
346 1047 507 1081 percelebri,
535 1051 642 1080 sancta,
662 1046 777 1081 innupta
793 1050 820 1073 et
843 1046 953 1081 deipara
970 1046 1027 1072 hla-

231 1094 271 1120 ria
286 1098 372 1120 matre
386 1092 506 1125 Domini,
525 1093 558 1120 de
585 1101 637 1127 qua
662 1093 758 1120 leviter
775 1092 850 1128 loqui
873 1100 928 1119 non
948 1092 1028 1119 debet

232 1139 350 1166 humana
367 1139 470 1174 lingua.
484 1139 647 1166 Pcrtenuem
661 1140 735 1166 enim
753 1139 835 1166 habet
848 1145 940 1165 vocem
954 1138 1028 1164 illius

232 1185 323 1211 habita
344 1186 459 1218 ratione,
476 1189 503 1212 et
529 1185 674 1212 imminuta
700 1189 741 1213 est
766 1185 869 1219 lingua,
893 1192 953 1219 quae
978 1191 1028 1218 pro

232 1231 364 1264 dignitate
379 1230 534 1257 facultatem
552 1230 660 1257 dicendi
681 1238 734 1257 uon
757 1231 864 1258 habent.
880 1229 926 1256 Illa
940 1229 1027 1264 siqui-

232 1275 293 1302 dent
318 1276 357 1302 vel
383 1276 515 1302 cminrum
532 1277 648 1303 virtutes
673 1275 700 1302 in
723 1280 862 1310 stuporem
879 1274 1025 1302 convertit.

233 1320 441 1355 Obstupucrunt
464 1329 560 1349 omnes
582 1321 682 1356 angeli,
698 1321 868 1356 archangeli,
890 1320 1029 1356 principa-

234 1372 289 1398 tus,
307 1371 468 1401 potestates,
487 1367 588 1398 throni,
607 1367 821 1398 dominationes,
838 1366 979 1393 cherubim
996 1374 1028 1394 ac

234 1413 371 1448 scraphim
397 1418 423 1440 et
437 1414 595 1447 angelorum
614 1413 759 1440 universus
776 1413 924 1444 exercitus,
948 1412 1029 1438 tima-

235 1467 264 1487 re
289 1464 463 1494 tremoreque
476 1459 551 1493 gravi
565 1458 679 1491 detenti,
696 1459 760 1493 quia
778 1458 926 1486 cernebant
940 1457 1028 1488 illum,

234 1504 282 1540 qui
298 1504 404 1530 habitat
421 1504 449 1530 in
471 1503 560 1535 caelis,
577 1511 626 1537 per
649 1511 708 1530 eam
733 1503 836 1530 versari
856 1503 882 1529 in
902 1507 986 1534 terra,
1003 1504 1029 1528 et

1080 905 1111 930 ἵν’
1126 903 1213 936 οὕτως
1234 905 1323 936 εἴπω,
1347 903 1415 939 περὶ»
1426 903 1477 938 τῆς
1503 903 1697 938 μεγαλωνύμου
1723 903 1771 929 καὶ
1794 903 1881 934 ὁσίας

1078 951 1124 977 καὶ
1144 950 1334 986 ἀπειρογάμου
1351 950 1398 976 καὶ
1416 949 1543 976 θεοτόκου
1559 949 1664 984 Μαρίας
1677 969 1684 981 ,
1708 948 1812 984 μητρὸς
1826 948 1880 975 τοῦ

1078 997 1202 1032 Κυρίου’
1227 996 1291 1030 περὶ
1316 992 1350 1031 ἦς
1366 995 1417 1021 οὐκ
1444 994 1572 1030 εὐμαρῶς
1597 993 1748 1029 ἀνθρώπων
1765 993 1882 1027 γλῶττα

1078 1042 1201 1077 λαλήσει.
1223 1042 1394 1076 Ἰσχνοφωνεί
1412 1040 1466 1075 γὰρ
1497 1040 1564 1075 πρὸς
1594 1039 1711 1074 ταύτην,
1739 1040 1787 1066 xui.
1812 1040 1885 1066 ὑπο-

1080 1088 1218 1115 στέλλεται
1239 1088 1256 1123 ὴ
1281 1086 1391 1121 γλῶσσα
1404 1105 1411 1118 ,
1429 1086 1478 1112 οὐκ
1503 1085 1584 1117 ἀξίως
1602 1085 1700 1120 ἔχουσα
1720 1085 1751 1111 τὸ
1771 1085 1878 1119 λέγειν.

1078 1134 1154 1169 Αὕτη
1167 1133 1222 1168 γὰρ
1237 1133 1285 1159 καὶ
1299 1132 1348 1163 τὰς
1366 1131 1420 1158 τῶν
1440 1131 1563 1166 οὐρανῶν
1576 1131 1702 1165 δυνάμεις
1732 1131 1854 1164 ἐξένισεν
1870 1141 1879 1147 -

1080 1179 1228 1214 ἐξέστησαν
1243 1177 1344 1209 πάντες
1356 1176 1478 1210 ἄγγελοι,
1495 1176 1671 1211 ἀρχάγγελοι,
1685 1176 1770 1211 ἀρχαὶ
1779 1197 1786 1207 ,
1799 1176 1881 1208 ἐξου-

1081 1226 1137 1251 σίαι
1147 1245 1154 1255 .
1169 1223 1274 1259 θρόνοι,
1288 1222 1463 1258 κυριότητες,
1480 1221 1514 1248 τὰ
1529 1221 1676 1256 χερουῦεὶμ
1701 1223 1750 1248 xui.
1779 1223 1813 1247 τὰ
1830 1230 1881 1247 σε-

1082 1270 1186 1306 ραφεὶμ
1213 1270 1260 1296 καὶ
1276 1270 1351 1295 πᾶσα
1366 1268 1480 1304 στρατιὰ
1497 1267 1621 1302 ἀγγέλων
1645 1267 1720 1302 φόϐῳ
1747 1268 1794 1294 καὶ
1812 1269 1882 1303 τρό-

1082 1324 1125 1351 μῳ
1140 1314 1219 1350 δεινῷ
1234 1314 1420 1349 συσχεθέντες.
1441 1312 1612 1348 Ἐϐεὼρησαν
1632 1312 1686 1348 γὰρ
1705 1313 1751 1339 ἐπὶ
1770 1315 1823 1348 γῆς
1847 1311 1882 1338 ἐν

1081 1362 1148 1396 αὐτῇ
1174 1361 1218 1387 τὸν
1242 1360 1271 1387 ὲν
1290 1361 1416 1398 οὐρανοῖς
1428 1379 1436 1392 ,
1460 1359 1508 1386 καὶ
1522 1359 1659 1394 ἔφριττον.
1676 1359 1812 1386 Ἔὸλεπον
1827 1359 1884 1395 τὴν

1080 1406 1218 1442 Παρθένον
1229 1425 1236 1437 ,
1248 1405 1363 1440 οὐρανὸν
1391 1405 1438 1432 xui.
1464 1404 1574 1440 Θρόνον,
1599 1405 1647 1431 xui.
1662 1405 1816 1439 συνείχοντο
1831 1405 1884 1439 φό-

1081 1452 1131 1487 6ῳ,
1149 1451 1300 1487 θεωροῦσαι
1323 1452 1368 1478 τὸν
1388 1451 1506 1487 ἄναρχον
1526 1451 1582 1477 ἀπὸ
1601 1450 1696 1486 θρόνου
1713 1451 1883 1486 χερουὸικοῢ

1081 1498 1120 1529 είς
1139 1497 1246 1532 μήτραν
1267 1496 1435 1532 παρθενικὴν
1450 1496 1612 1523 καθίσαντα.

234 1544 474 1578 cxliorrcscebant.
501 1549 667 1582 Spectabant
695 1549 838 1584 virginem,
865 1548 967 1575 cmlum
1004 1551 1031 1574 et
1056 1544 1197 1576 thronum,
1219 1547 1246 1570 ct
1271 1542 1468 1572 formidabant.
1494 1542 1559 1570 dum
1586 1541 1780 1577 conspicerent
1814 1549 1884 1570 cum

235 1596 282 1632 qui
300 1595 434 1638 mncipia
449 1599 535 1625 caret.
550 1595 761 1622 descendentem
780 1603 794 1622 a
811 1595 910 1622 throno
931 1593 1088 1624 cltcrubico,
1104 1591 1129 1616 in
1150 1593 1228 1616 utero
1244 1589 1368 1638 virgineo
1389 1589 1494 1638 sedere.

271 1640 293 1667 Ο
308 1640 386 1667 beata
400 1640 488 1672 radix,
502 1648 562 1675 qua:
578 1640 647 1667 hanc
662 1640 800 1675 produxit.
818 1639 855 1667 De
879 1640 930 1667 hac
947 1639 1030 1667 Isaias
1044 1639 1065 1667 C

236 1685 371 1719 propheta
388 1692 463 1711 tnorc
487 1684 643 1712 hirundinis
661 1685 868 1712 submurmurat
882 1685 959 1720 ignea
977 1685 1029 1712 lin-

236 1737 289 1765 gua
310 1730 467 1757 exclamans
483 1739 488 1756 :
510 1729 641 1765 Exsurge!
658 1731 731 1765 virga
750 1731 782 1758 de
802 1731 892 1758 radice
906 1730 992 1762 Iesse,
1005 1735 1030 1757 el

237 1775 287 1808 ﬂos
298 1775 330 1801 de
345 1774 433 1801 radice
443 1775 579 1806 ascendet,
595 1780 619 1802 et
631 1776 772 1810 requiescet
785 1784 863 1811 super
873 1785 932 1803 cum
944 1776 1030 1812 Spiri—

239 1824 280 1845 tus
291 1819 393 1846 timoris
406 1819 455 1846 Dei
478 1820 496 1846 ¹.

274 1907 312 1935 De
329 1907 421 1935 radice
439 1907 516 1936 Jcsse
532 1912 608 1936 ortus
623 1912 666 1936 est
680 1916 728 1936 rex
749 1908 843 1943 David,
862 1913 888 1937 et
907 1910 942 1937 de
959 1910 1032 1938 tribu

239 1953 312 1988 regis
328 1953 437 1981 Davidis
451 1958 545 1981 sancta
562 1953 655 1989 Virgo,
674 1959 778 1988 sancta,
790 1955 911 1990 inquam,
928 1960 954 1982 ct
969 1963 1033 1982 san-

240 2002 346 2025 ctorum
361 1999 480 2025 virorum
497 1999 561 2030 lilia,
573 1999 653 2033 cujus
664 2005 791 2033 parentes
807 2000 916 2027 fuerunt
929 1999 1034 2027 .lnacim

241 2048 267 2072 ct
283 2044 379 2076 Anna;
397 2045 443 2078 qui
460 2044 570 2078 quidem
599 2045 625 2071 in
652 2045 707 2071 vita
722 2053 771 2072 sua
789 2045 842 2072 Deo
861 2046 1033 2079 placuerunt,

242 2093 323 2125 atque
349 2090 430 2117 etiam
454 2090 571 2117 fructum
596 2090 730 2125 ejusmodi
755 2091 1034 2126 germinarunt,san-

242 2140 314 2162 ctam
331 2136 465 2170 virginem
480 2135 605 2169 Mariam,
621 2137 751 2171 templum
765 2137 848 2164 simul
869 2141 897 2165 et
919 2142 1034 2164 matrem

244 2180 300 2208 Dei.
317 2181 421 2209 Joacim
437 2189 529 2216 porro,
544 2180 623 2208 Anna
638 2186 662 2209 et
680 2181 773 2216 Maria,
789 2183 814 2210 hi
838 2187 893 2210 tres
909 2183 1036 2210 Trinitati

244 2227 333 2262 palam
360 2227 526 2254 sacrificium
551 2227 639 2254 laudis
664 2228 824 2256 offerebant.
840 2227 945 2255 Joacim
963 2229 1035 2255 enim

245 2273 443 2307 interpretatur
465 2274 627 2307 pra‘paratio
644 2273 760 2306 Domini,
776 2282 808 2301 eo
833 2273 906 2308 quod
931 2281 964 2300 ex
991 2274 1037 2301 illo

1119 1635 1150 1660 Ὢ
1168 1634 1290 1669 μακαρία
1308 1633 1387 1669 ῥίζα·
1409 1634 1491 1661 πόθεν
1504 1634 1606 1669 ταύτην
1621 1634 1788 1670 ὲὸλάστησες
1809 1635 1885 1671 Περὶ

1081 1681 1182 1715 ταύτης
1193 1680 1207 1706 ὁ
1227 1682 1370 1716 προφήτης
1392 1681 1506 1712 Ἡσαΐας
1522 1681 1560 1712 ὡς
1574 1680 1684 1716 χελιδὼν
1704 1681 1814 1708 κελαδεῖ
1824 1701 1831 1713 ,
1847 1684 1884 1716 τῇ

1083 1727 1188 1762 πυρίνῳ
1213 1726 1322 1762 γλώττῃ
1347 1726 1437 1761 βοῶν’
1465 1727 1682 1760 Ἀναστήσεται
1704 1726 1819 1760 ῥάϐδος
1845 1727 1885 1754 ἐκ

1082 1772 1137 1807 τῆς
1145 1771 1231 1806 ῥίζης
1252 1772 1372 1805 Ἰεσσαὶ,
1387 1773 1436 1800 καὶ
1449 1773 1542 1805 ἄνθος
1553 1774 1587 1800 ἐκ
1602 1773 1658 1807 τῆς
1672 1773 1753 1807 ῥίζης
1768 1773 1887 1806 ἀναϐή-

1082 1826 1186 1850 σεται,
1203 1818 1252 1845 κιιὶ
1266 1818 1473 1846 ἀναπαύσεται
1497 1819 1545 1845 ἐπ’
1560 1818 1658 1853 αὐτὴν
1680 1819 1804 1854 Πνεῦμα
1826 1819 1885 1854 5:6—

1084 1864 1138 1890 6‘ov
1156 1863 1241 1891 Θεοῦ.

1125 1910 1173 1936 Ἐκ
1190 1909 1240 1944 τῆς
1267 1909 1344 1945 ῥίζης
1359 1909 1388 1936 δὲ
1408 1909 1507 1936 Ἰεσσαὶ
1525 1909 1607 1937 Δαϐὶδ
1628 1911 1641 1937 ὁ
1664 1909 1808 1945 βασιλεὺς,
1832 1910 1887 1936 καὶ

1084 1957 1116 1983 ὲκ
1130 1956 1180 1990 τῆς
1196 1956 1280 1990 φυλῆς
1299 1956 1380 1982 Δαϐὶδ
1393 1955 1440 1982 τοῦ
1456 1956 1587 1991 βασιλέως
1605 1957 1622 1992 ή
1647 1956 1713 1990 ἁγία
1730 1955 1883 1992 Παρθένος,

1084 2001 1174 2037 ἡόσία
1193 2001 1247 2028 τῶν
1273 2002 1355 2028 ὁσίων
1380 2002 1484 2038 ἀνδρῶν
1509 2002 1649 2038 Θυγάτηρ,
1675 2000 1710 2038 ἦς
1735 2003 1760 2028 οἱ
1791 2003 1886 2036 γονεῖς

1091 2048 1221 2083 Ἰωακεὶμ
1236 2047 1284 2074 xui
1303 2048 1387 2074 Ἀννα
1399 2068 1406 2080 ,
1424 2048 1521 2079 οἵτινες
1537 2048 1566 2074 ὲν
1593 2050 1626 2083 τῇ
1649 2048 1705 2083 ζωῇ
1731 2048 1822 2074 αὐτῶν
1842 2047 1885 2082 τῷ

1085 2093 1145 2129 Θεῷ
1159 2093 1347 2129 εὺηρέστησαν
1358 2112 1365 2125 ,
1383 2093 1408 2119 οἳ
1425 2093 1473 2120 καὶ
1487 2094 1592 2129 καρπὸν
1607 2090 1726 2120 τοιοῦτον
1744 2093 1883 2126 ἐϐλάστη-

1087 2149 1153 2173 σαν,
1172 2140 1221 2175 τὴν
1244 2139 1324 2174 ἁγίαν
1341 2140 1480 2175 Παρθένον
1494 2140 1619 2175 Μαρίαν,
1646 2140 1708 2167 ναὸν
1724 2139 1794 2166 Θεοῦ
1811 2140 1883 2174 ὁμοῦ

1087 2186 1134 2212 xui
1163 2185 1286 2221 μητέρα·
1312 2186 1440 2221 Ἰωακεὶμ
1463 2185 1492 2212 δὲ
1521 2186 1568 2212 καὶ
1591 2186 1677 2212 Ἄννα
1702 2186 1750 2211 καὶ
1774 2185 1882 2220 Μαρία,

1087 2235 1111 2260 οἰ
1124 2235 1200 2268 τρεῖς
1212 2234 1246 2269 τῇ
1272 2233 1367 2269 Τριάδι
1389 2232 1482 2268 σαφῶς
1502 2232 1721 2267 ἐλειτούργησαν.
1751 2232 1885 2266 Ἰωαχεὶμ

1088 2279 1142 2314 γὰρ
1159 2279 1340 2314 ἑρμηνεύεται
1359 2279 1515 2313 ἐτοιμασία
1530 2278 1640 2311 Κυρίου
1652 2286 1658 2293 ·
1680 2277 1710 2309 ἐξ
1726 2277 1810 2303 αὐτοῦ
1828 2277 1885 2312 γὰρ

245 2322 427 2352 ρνίορογδιυιιι
453 2319 489 2344 sit
514 2319 644 2353 templum
671 2319 797 2351 Domini,
823 2327 921 2353 nempe
943 2318 1030 2354 Virgo.

1093 2323 1242 2358 ἡτοιμάσοη
1261 2323 1322 2354 ναὸς
1338 2323 1441 2358 Κυρίου
1456 2323 1472 2357 ἡ
1490 2321 1636 2357 Παρθένος.
1654 2322 1737 2348 ’Λννα
1754 2321 1782 2347 δὲ
1801 2322 1885 2348 πάλιν

245 2363 324 2390 Anna
351 2371 460 2390 rursum
489 2363 616 2390 similiter
642 2364 729 2398 gratia
754 2364 960 2398 interpretatur,
975 2372 1040 2399 pro-

248 2413 341 2444 plet-ea
366 2409 438 2444 quod
453 2409 558 2436 Joacim
584 2413 611 2436 et
627 2410 706 2436 Anna
730 2409 845 2444 gratiam
864 2415 1038 2444 acceperunt,

249 2460 278 2482 ut
295 2455 487 2482 accedentibus
501 2455 629 2489 precibus
653 2455 734 2481 talem
759 2453 877 2481 fructum
901 2455 1039 2490 germina»

250 2505 320 2532 rent,
346 2504 467 2527 sanctam
481 2499 620 2535 Virginem
648 2499 748 2534 adepti.
774 2499 878 2527 Joacim
904 2501 1039 2536 siquidem

251 2545 415 2581 precabatur
437 2545 464 2571 iu
492 2549 593 2576 monte,
607 2548 634 2572 et
649 2546 727 2572 Anna
743 2545 769 2572 in
784 2545 863 2573 horto
884 2554 944 2574 suo.
961 2546 1040 2572 Anna

252 2598 317 2617 vero
339 2589 448 2625 gravida
466 2589 573 2622 etfecta,
590 2590 689 2617 ctelmn
709 2595 735 2617 et
753 2591 881 2619 thronum
909 2592 1039 2619 cherubi-

253 2643 314 2663 cum
329 2636 445 2670 peperit,
463 2641 585 2664 sanctam
608 2637 727 2672 puellam
746 2637 870 2665 Mariam.
896 2638 943 2665 Illa
967 2638 1040 2665 enim

253 2683 406 2717 reperietur
423 2691 485 2711 esse
505 2683 615 2716 cadum,
635 2684 766 2720 templum
792 2690 819 2712 et
836 2685 962 2716 thronus,
978 2685 1041 2719 quia

253 2728 364 2757 Mariam
382 2729 555 2765 interpretari
571 2731 691 2760 solemus
702 2731 847 2765 demittant,
866 2735 946 2768 atque
959 2731 1041 2758 etiam

291 2818 364 2847 ‘lsa.
381 2828 416 2852 xl,
437 2821 461 2852 l.
477 2820 504 2848 2.

1090 2366 1190 2402 ὁμοίως
1205 2367 1291 2402 χάρις
1305 2367 1486 2403 ἑρμηνεύεται
1498 2375 1504 2381 ·
1524 2367 1604 2402 χάριν
1621 2366 1674 2402 γὰρ
1689 2366 1785 2393 ἔλαϐεν
1806 2367 1885 2393 Ἰωα-

1092 2412 1157 2446 κεὶμ
1172 2412 1220 2438 καὶ
1235 2413 1328 2443 Ἄννα,
1346 2411 1388 2439 ἵνα
1399 2413 1519 2438 τοιοῦτον
1533 2411 1705 2447 βλαστήσωσι
1718 2411 1826 2447 καρπὸν
1839 2411 1885 2438 διὰ

1092 2458 1259 2494 προσευχῆς,
1276 2458 1325 2494 τὴν
1349 2458 1429 2492 ἁγίαν
1445 2458 1583 2493 Παρθένον
1600 2458 1780 2493 κτησάμενοι,
1808 2459 1886 2485 Ἰωαη

1092 2503 1158 2539 κεὶμ
1173 2503 1227 2540 γὰρ
1243 2505 1272 2531 ὲν
1287 2504 1326 2539 τῷ
1339 2504 1396 2540 ὄρει
1419 2505 1588 2540 προσηύχετο
1601 2525 1608 2537 ,
1628 2505 1675 2531 καὶ
1693 2504 1779 2531 ’Ἅννα
1802 2506 1831 2531 ἐν
1846 2505 1886 2539 τῷ

1093 2550 1250 2586 παραδείσῳ
1265 2551 1358 2586 αὐτῆς.
1385 2551 1586 2586 Κυοφορήσασα
1607 2551 1635 2577 δὲ
1652 2552 1736 2578 ’Λννα
1748 2571 1755 2583 ,
1770 2551 1887 2586 οὐρανὸν

1093 2596 1140 2623 καὶ
1156 2595 1248 2631 θρόνον
1268 2596 1426 2631 χερουῦικὺν
1444 2596 1536 2628 ἔτεκε,
1556 2596 1606 2632 τὴν
1628 2596 1709 2630 ἁγίαν
1723 2597 1810 2632 κόρην
1823 2597 1886 2622 Μα-

1095 2642 1165 2677 ρίαν.
1179 2641 1252 2676 Αὖτη
1267 2642 1321 2677 γὰρ
1335 2642 1449 2678 οὐρανὸς
1462 2643 1508 2669 καὶ
1521 2642 1584 2674 ναὸς
1597 2643 1644 2669 xui.
1656 2643 1751 2679 θρόνος
1764 2643 1889 2678 εὑρίσκε-

1093 2696 1150 2714 ται.
1176 2687 1208 2714 Ἡ
1224 2687 1277 2722 γὰρ
1302 2688 1396 2724 Μαρία
1419 2688 1601 2724 ἑρμηνεύεται
1625 2689 1728 2723 ampla,
1748 2688 1816 2715 ἀλλὰ
1840 2689 1888 2714 καὶ

1094 2733 1190 2766 ἐλπίς.
1213 2732 1317 2770 Κύριον
1332 2733 1386 2770 γὰρ
1413 2734 1509 2769 ἔτεκε,
1527 2734 1576 2771 τὴν
1596 2734 1690 2762 ἐλπίδα
1711 2734 1758 2761 τοῦ
1786 2734 1888 2765 παντὶι
