1929 3038
218 177 265 204 691
851 170 953 197 DUBIA
974 169 1043 196 AUT
1066 169 1201 197 SPURIA.

1795 175 1843 204 ιοςι

217 234 340 261 contines
360 232 455 260 Deum.
468 237 530 265 Ave,
544 232 632 268 gratia
645 234 734 266 plena,
747 239 807 267 qua:
827 232 1001 259 cherubicum

1057 235 1181 268 οὐρανοῖς
1200 234 1298 268 ἔχουσα
1311 235 1385 261 Θεὸν.
1400 233 1499 268 Χαῖρε,
1517 233 1752 268 κεχαριτωμένη,
1766 233 1782 268 ἡ
1801 234 1844 261 τὸν

218 281 345 307 thronum
372 279 524 307 divinitatis
550 278 655 313 fulgore
677 286 802 312 superas.
829 278 892 310 Ave,
915 278 1004 312 gratia

215 328 303 360 plena,
325 333 385 361 quae
408 326 469 353 σα)ιὶ
493 325 628 352 circulum
654 325 746 356 habes,
760 328 787 352 et
802 324 887 351 Deum
905 324 1005 350 incom-

217 373 381 407 prchensum
401 371 428 398 in
439 375 465 398 te
483 378 548 397 vero
569 370 809 404 comprehensum.
836 378 886 397 nec
911 373 1004 396 arcta—

216 423 274 444 tum
297 418 432 445 contines.
457 417 520 445 Are.
542 417 631 451 gratia
648 418 736 451 plena,
759 417 847 444 nubes
872 416 1005 443 columna:

216 462 325 494 similis,
353 469 413 498 qua:
440 461 525 488 Deum
549 461 642 493 habes,
665 462 712 497 qui
739 462 869 496 populum
893 461 1005 488 deduxit

217 517 264 543 per
278 508 426 536 desertum.
443 507 513 540 Quid
528 508 632 535 dicam?
646 512 671 534 et
690 508 754 542 quid
770 508 934 542 proloquar?
950 515 1004 542 quo

216 557 296 589 pacto
323 554 428 581 beatam
460 553 613 588 prmdicabo
641 553 735 588 gloriae
768 554 908 581 radicem?
941 553 1004 580 Solo

216 599 287 626 enim
316 600 370 627 Deo
393 605 515 634 excepto,
543 599 648 626 cunctis
673 599 797 634 superior
812 599 936 631 exsistit;
954 606 1004 625 na-

217 649 278 672 tura
307 645 452 672 formosior
481 650 522 671 cst
550 644 618 679 ipsis
643 645 796 676 cherubim,
821 645 957 679 seraphim
977 649 1004 671 et

217 689 424 718 omniexercitu
446 689 568 724 angelico
589 698 595 716 :
616 690 660 716 cui
682 689 859 724 prmdicandze
884 689 1003 717 caelestis

216 743 248 763 ac
267 740 374 763 terrena
389 736 481 770 lingua
494 735 604 763 minime
622 735 730 767 suliicit,
747 736 802 762 imo
818 743 883 762 vero
895 742 944 762 nec
955 743 1004 761 an-

216 782 348 816 gelorum.
371 780 477 808 Etenim
500 781 552 816 ipsi
576 780 685 815 quidem
713 781 856 816 hymnum,
883 779 1003 811 laudem,

216 828 347 854 honorem
369 827 560 862 protulerunt:
577 833 631 852 non
653 830 743 853 tamen
760 833 792 853 eo
809 825 889 853 modo
913 825 1004 859 eloqui

216 880 266 907 pro
287 872 419 906 dignitate
441 875 596 907 potuerunt.
616 871 791 898 Lcetabantur
816 878 880 898 vero
904 871 1002 905 angeli,

216 923 345 953 tanquam
374 917 426 952 ipsi
451 917 583 944 duntaxat
603 915 687 943 Deum
714 916 844 943 haberent
869 925 875 943 2

215 963 389 990 sanctissima
406 961 488 998 Virgo
502 962 627 997 superior
640 961 721 992 facta,
739 961 821 989 Deum
836 962 1003 989 habitantem

215 1009 242 1036 in
259 1009 336 1036 cmlis
353 1009 475 1043 concepit
492 1009 520 1035 in
533 1012 615 1039 terra.
635 1012 664 1035 ut
679 1007 732 1034 hac
743 1008 848 1035 ratione
865 1007 1002 1035 exercitus

215 1055 374 1090 angelorum
398 1054 519 1081 traheret
536 1053 563 1080 in
581 1057 693 1086 terram,
715 1058 741 1080 et
760 1058 917 1080 versaretur
939 1061 1002 1080 cum

215 1099 384 1128 hominibus.
404 1099 464 1134 Ipsa
484 1099 556 1127 enim
570 1103 611 1126 est
628 1099 689 1126 caeli
708 1102 736 1126 et
751 1103 830 1126 terrae
847 1099 1001 1130 mediatrix,

216 1153 277 1180 quae
290 1145 420 1172 unionem
446 1145 606 1171 naturaliter
628 1145 742 1179 peregit.
767 1143 789 1171 0
813 1144 891 1171 beata
907 1143 1001 1178 Virgo,

215 1190 341 1219 columba
367 1197 435 1224 pura
457 1193 484 1216 et
507 1196 606 1224 sponsa
630 1189 750 1216 caelestis
771 1187 866 1218 Maria,
891 1188 1001 1219 cmlum,

217 1235 345 1269 templum
367 1238 394 1261 el.
410 1234 526 1261 thronus
547 1234 711 1264 divinitatis,
730 1241 791 1268 qua:
810 1237 1000 1260 coruscantem

217 1281 244 1306 in
260 1280 330 1307 coelo
351 1283 377 1306 et
396 1279 423 1306 in
439 1283 511 1306 terra
530 1279 615 1307 solem
632 1279 716 1306 habes
737 1278 891 1310 Christum;
917 1279 1002 1306 nubes

220 1324 318 1355 lucida,
333 1331 394 1359 quae
417 1324 509 1359 fulgur
535 1324 570 1351 de
590 1324 661 1351 cmlo
675 1323 876 1351 lucidissimum
892 1324 923 1350 ad
941 1324 1003 1350 illu-

216 1370 374 1397 minandum
405 1369 535 1396 mundum
561 1369 697 1397 deduxisti
731 1369 880 1396 Christum.
912 1369 1003 1396 Nubes

216 1416 348 1446 ccelestis,
363 1423 424 1450 qua:
441 1415 591 1442 tonitruum
613 1414 732 1449 Spiritus
751 1414 839 1442 sancti
856 1415 883 1441 in
901 1423 930 1442 se
944 1415 1002 1449 ipsa

216 1460 386 1488 reconditum
400 1460 514 1487 deduxit
529 1460 557 1487 in
574 1459 715 1491 mundum,
731 1464 758 1487 et
777 1460 891 1487 imbrem
914 1460 1003 1494 Spiri-

218 1511 263 1534 tus
284 1506 372 1534 sancti
395 1507 422 1533 in
446 1506 602 1533 universam
619 1511 719 1532 terram
742 1506 775 1533 ad
797 1505 1001 1540 producendum

216 1553 278 1580 ﬁdei
290 1552 408 1580 fructum
424 1559 486 1579 cum
500 1552 601 1586 impetu
617 1551 736 1579 demisit.

1056 279 1215 313 χερουϐικὸν
1243 279 1338 313 Θρόνον
1373 280 1422 315 τῆς
1458 279 1582 314 Θεότητος
1612 279 1843 315 ὲξαστράτπουσα.

1055 323 1154 357 Χαζοε,
1172 324 1392 358 κεχαριτωμένη
1402 344 1409 356 ,
1424 323 1523 350 κύκλον
1538 323 1637 358 ἔχουσα
1657 323 1784 359 οὐρανοῦ,
1800 325 1845 349 καὶ

1054 370 1120 396 Θεὸν
1138 370 1279 405 ἀχώρητον
1293 389 1300 402 ,
1319 371 1348 396 ἐν
1364 371 1405 396 σοὶ
1427 370 1454 395 δὲ
1468 369 1590 405 χωρητὸν
1602 389 1609 401 ,
1628 369 1674 395 καὶ
1696 368 1846 403 ἁστενοχώ-

1056 424 1146 451 ρητον.
1162 415 1260 450 Χαῷε,
1277 415 1497 451 κεχαριτωμένη
1508 434 1516 446 ,
1529 414 1682 449 στυλοειδὴς
1695 413 1795 448 νεφέλη
1809 433 1816 444 ,
1829 414 1845 448 ἡ

1054 462 1099 487 τὸν
1118 461 1184 488 Θεὸν
1201 461 1317 496 ἔχουσα,
1338 462 1384 487 τὸν
1398 462 1426 487 ὲν
1443 462 1476 495 τῇ
1501 460 1596 495 ἐρήμῳ
1619 459 1666 486 τὸν
1686 459 1750 485 λαὸν
1778 458 1845 484 καθ-

1054 508 1234 543 οδηγήσαντοι.
1244 507 1276 533 Τί
1289 507 1358 533 εἴπω
1369 516 1375 538 ;
1391 506 1437 533 καὶ
1452 506 1479 532 τί
1495 505 1620 540 λαλήσω;
1633 505 1691 536 πῶς
1701 503 1846 539 μακαρίσω

1054 553 1102 588 τὴν
1115 553 1253 588 empsim
1277 552 1371 584 δόξανς
1395 552 1436 578 ὅτι
1457 551 1540 586 χωρὶς
1554 549 1621 576 Θεοῦ
1638 550 1719 585 μόνου
1736 549 1844 576 πάντων

1054 598 1177 634 ἀνωτέρα
1201 598 1328 634 ὑπάρχει.
1345 597 1521 632 Καλλιωτέρα
1544 596 1598 631 γὰρ
1623 595 1677 622 τῶν
1698 595 1845 631 χερουδεὶμ

1054 645 1101 671 καὶ
1116 645 1261 679 σεραφεὶμ,
1279 644 1326 670 καὶ
1344 643 1433 679 πάσης
1451 643 1580 678 στρατιᾶς
1598 642 1718 677 πέφυκεν
1735 642 1844 676 ἀγγελι-

1055 691 1121 725 κῆς·
1135 690 1203 725 πρὸς
1215 691 1248 725 ἢν
1271 689 1385 725 οὐρανοῦ
1407 689 1454 716 καὶ
1467 689 1519 724 γῆς
1533 689 1582 714 οὐκ
1597 688 1745 723 ἐπαρκέσει
1759 688 1844 722 γλῶτ-

1054 744 1107 766 τα,
1129 736 1201 770 τάχα
1219 735 1248 761 δὲ
1270 734 1331 761 οὔτε
1355 734 1489 768 ἀγγέλων.
1505 734 1560 760 Καὶ
1584 733 1637 768 γὰρ
1661 733 1737 759 αὐτοὶ
1761 732 1844 768 ὕμνον

1055 781 1101 807 καὶ
1124 778 1198 807 αἶνον
1220 780 1267 806 καὶ
1284 780 1365 815 τιμὴν
1390 780 1437 806 καὶ
1459 779 1537 811 δόξαν
1553 779 1743 814 προσήνεγκαν
1756 785 1763 792 ·
1788 777 1843 805 ἀλλ’

1053 827 1115 853 οὔτε
1144 826 1214 853 οὕτω
1237 827 1297 853 κατ’
1314 826 1393 859 ἀξίαν
1417 826 1503 852 εἰπεῖν
1529 824 1651 859 ἴσχυσαν.
1670 824 1802 860 Ἔχαιρον
1817 824 1843 850 δὲ

1055 873 1176 907 ἄγγελοι,
1192 873 1229 904 ὡς
1244 872 1322 899 αὐτοὶ
1340 872 1419 907 μόνον
1433 871 1478 898 τὸν
1493 870 1558 897 Θεὸν
1576 867 1698 905 ἐχονέες,
1714 869 1783 904 πρὸς
1798 869 1844 900 οὓς

901 916 1000 951 quibus
1017 913 1039 942 Β
1053 920 1068 954 ἠ
1083 918 1201 953 παναγια
1214 917 1352 952 Παρθένος
1367 917 1491 952 ἀνωτέρσ.
1509 915 1614 949 πέφυκε
1626 937 1633 948 ,
1648 915 1694 942 τὸν
1718 915 1786 942 Θεὸν
1800 915 1843 941 τὸν

1055 966 1084 991 ὲν
1098 964 1204 1000 οὐρανῷ
1220 963 1266 990 ἐπὶ
1278 963 1328 998 γῆς
1342 963 1483 998 κυήσασα,
1500 962 1533 988 ἵν’
1548 961 1633 994 οὕτως
1649 962 1750 998 ἑλκύσῃ
1765 971 1842 997 στρα-

1053 1009 1114 1041 τιὰς
1135 1007 1262 1043 ἀγγέλων
1273 1008 1319 1034 ἐπὶ
1340 1008 1392 1042 γῆς
1420 1007 1488 1043 μετὰ
1503 1006 1663 1042 ἀνθρώπων.
1690 1006 1765 1042 Αὕτη
1790 1007 1843 1042 γὰρ

1053 1054 1168 1090 οὐρανοῦ
1190 1054 1238 1081 καὶ
1265 1053 1318 1088 γῆς
1346 1054 1459 1089 μεσίτης
1478 1052 1599 1087 πέφυκεν
1628 1052 1740 1088 ἑνότητα
1766 1054 1843 1088 ποιή-

1054 1108 1133 1126 σασα.
1151 1097 1187 1125 Ὦ
1216 1099 1339 1134 μακαρία
1366 1098 1506 1134 Παρθένε,
1533 1099 1601 1134 ἁγνὴ
1627 1098 1796 1134 περιστερὰ,
1826 1099 1842 1132 ὴ

1052 1144 1175 1179 οὐράνιος
1190 1143 1281 1179 νύμφη
1297 1143 1402 1178 Μαρία,
1419 1143 1533 1178 οὐρανὸς
1548 1143 1596 1170 καὶ
1609 1143 1671 1174 ναὸς
1685 1143 1732 1169 καὶ
1749 1143 1842 1177 Θρόνος

1052 1189 1101 1223 τῆς
1116 1188 1259 1224 Θεότητος·
1275 1189 1291 1222 ἡ
1316 1187 1361 1213 τὸν
1380 1187 1597 1222 ὲξαστράπτοντα
1615 1188 1643 1213 ὲν
1667 1186 1775 1221 οὐρανῷ
1797 1187 1842 1213 καὶ

1053 1234 1100 1260 ἐπὶ
1123 1234 1175 1269 γῆς
1202 1234 1276 1268 ἥλιον
1291 1233 1391 1268 ἔχουσα
1406 1233 1523 1268 Χριστόν
1534 1242 1541 1248 ·
1559 1233 1576 1268 ἠ
1591 1233 1708 1268 φωτεινὴ
1733 1232 1842 1267 νεφέλη,

1054 1279 1204 1314 πάμφωτον
1231 1279 1374 1314 ἀστραπὴν
1393 1278 1422 1311 ὲξ
1445 1278 1560 1314 οὐρανοῦ
1582 1278 1620 1313 τῷ
1646 1278 1741 1313 κόσμῳ
1761 1287 1842 1305 κατα-

1052 1324 1183 1360 λάμψασα
1195 1324 1312 1359 Χριστόν
1322 1331 1329 1338 ·
1347 1324 1364 1359 ἡ
1391 1323 1516 1358 οὐράνιος
1533 1323 1647 1358 νεφέλη,
1663 1325 1679 1358 ἠ
1704 1324 1753 1359 τὴν
1768 1324 1842 1359 βρον-

1052 1370 1100 1405 τὴν
1122 1369 1167 1396 τοῦ
1184 1369 1262 1404 ἁγίου
1276 1369 1434 1404 Πνεύματος
1449 1369 1478 1394 ὲν
1497 1369 1579 1404 ἑαυτῇ
1600 1369 1792 1405 κρυπτομένην
1805 1369 1843 1404 τῷ

1053 1415 1147 1450 κόσμῳ
1162 1415 1380 1446 καταϐιϐάσασα,
1396 1415 1412 1449 ὴ
1431 1414 1479 1440 τὸν
1491 1413 1594 1450 δμόρον
1609 1414 1656 1440 τοῦ
1670 1414 1747 1448 ἁγίου
1763 1414 1841 1441 Ilvati-

1054 1470 1138 1496 ματος
1154 1462 1187 1496 τῇ
1203 1461 1278 1497 πάσῃ
1292 1462 1326 1495 γῇ
1343 1460 1411 1496 πρὸς
1438 1460 1627 1495 καρποφορίαν
1652 1460 1771 1491 πίστεως
1794 1468 1840 1486 κα-

1052 1506 1204 1542 ταράξασα.

251 1578 627 1633 dvexpi'uiiaiptena,‘porta
641 1578 788 1631 caelorum,
812 1597 846 1625 de
871 1605 922 1633 qua
939 1605 1001 1634 pro-

1089 1595 1185 1629 Χαῖρε,
1203 1578 1420 1630 κεχαρισωμένη
1429 1617 1436 1630 ,
1450 1597 1466 1631 ἡ
1479 1596 1548 1631 πύλη
1563 1595 1616 1622 τῶν
1631 1595 1763 1630 οὐρανῶν,
1779 1594 1842 1630 περὶ

216 1645 299 1680 pheta
312 1645 477 1672 vociferatus
487 1649 540 1676 est,
554 1645 598 1672 his
611 1645 701 1672 verbis
714 1645 722 1659 ι
737 1654 743 1671 :
758 1644 825 1672 Ecce
838 1650 915 1679 porta
925 1645 1001 1672 clau-

216 1699 258 1722 sa,
278 1695 303 1718 et
328 1690 417 1719 nullus
443 1690 605 1725 ingredietur
627 1698 673 1726 per
692 1698 762 1722 eam,
780 1698 826 1718 nec
845 1691 1001 1726 egredietur,

215 1741 390 1773 praterqnam
406 1737 531 1764 Dominus
543 1737 613 1764 Deus
625 1737 714 1767 salus:
725 1742 749 1764 et
759 1738 808 1764 erit
821 1742 898 1772 porta
909 1739 1002 1764 clausa

216 1784 288 1815 duci,
304 1783 368 1818 quia
375 1782 430 1808 dua:
446 1783 502 1817 ipse
517 1782 662 1814 vocabitur,
678 1787 702 1809 et
716 1783 744 1809 in
759 1783 846 1816 ipsum
859 1783 1001 1817 sperabunt

216 1837 305 1857 omnes
322 1834 418 1865 gentes.

249 1913 288 1942 De
302 1914 354 1941 hac
370 1919 448 1949 porta
462 1915 545 1942 etiam
565 1915 593 1942 in
609 1915 729 1943 Canticis
744 1915 874 1951 propheta
899 1916 927 1943 in
942 1915 999 1942 dis-

216 1966 299 1986 cursu
314 1960 448 1987 orationis
466 1961 546 1995 plane
567 1965 594 1988 et
615 1966 707 1996 aperte
728 1963 900 1998 proloquitur
918 1962 1001 1989 incla-

215 2011 295 2032 mans
310 2015 316 2032 :
340 2005 440 2032 Hortus
456 2007 594 2034 conclusus
621 2016 697 2034 soror
708 2016 776 2040 mea,
790 2016 896 2042 sponsa,
909 2009 1001 2034 hortus

216 2049 365 2082 conclusus,
394 2050 452 2084 fons
477 2051 596 2085 signatus
617 2052 639 2078 '.
663 2051 763 2079 Mansit
793 2052 820 2078 in
847 2052 1001 2086 virginitate

217 2097 312 2120 sancta
331 2098 358 2120 et
378 2095 508 2129 praeclara
532 2095 621 2129 puella
646 2095 741 2129 Maria,
767 2103 827 2131 qua:
849 2101 891 2124 est
914 2097 1000 2124 nubes

218 2140 318 2172 lucida,
331 2139 435 2167 habens
454 2140 526 2168 intus
542 2139 626 2168 Deum
643 2140 761 2168 Verbum
781 2151 787 2169 :
806 2141 839 2168 ad
856 2150 937 2176 quam
953 2150 1000 2169 vo-

217 2185 373 2212 calissimus
392 2185 476 2213 Isaias
501 2195 508 2213 :
537 2185 603 2213 Ecce
623 2186 702 2213 nubes
727 2187 802 2219 levis,
824 2193 848 2214 et
872 2189 954 2214 veniet
973 2189 1000 2214 in

220 2230 365 2266 Egyptum
382 2231 408 2258 '2
428 2238 507 2258 mons
519 2232 676 2259 nullatenus
696 2233 818 2266 incisus,
834 2238 999 2269 praeruptam

216 2277 321 2304 habens
346 2279 448 2312 petram
476 2276 635 2310 Christum;
660 2277 694 2305 de
710 2286 763 2312 qua
782 2278 1001 2313 sapientissimus

216 2321 311 2349 Daniel
328 2322 366 2349 ait
384 2331 391 2349 :
407 2323 546 2350 Abscissus
565 2328 603 2350 est
625 2323 692 2357 lapis
708 2323 739 2350 de
756 2329 843 2350 monte
869 2325 925 2352 sine
945 2334 1003 2352 ma-

216 2367 294 2395 nibus
303 2368 322 2398 ⁸,
341 2368 393 2395 hoc
415 2371 457 2395 est
469 2368 571 2402 absque
588 2368 648 2394 viro
663 2368 776 2395 solidam
801 2373 905 2403 petram
922 2370 1002 2398 Chri-

217 2418 289 2441 stum
306 2413 387 2449 Virgo
405 2413 519 2448 peperit,
535 2414 593 2448 ipsa
608 2413 738 2448 templum
762 2414 875 2441 minime
890 2423 1002 2451 compo-

218 2459 312 2492 situm,
342 2465 402 2492 quae
426 2457 543 2492 lapidem
573 2457 711 2484 cmlestcm
742 2457 824 2486 habet
847 2459 1000 2493 Christum,

216 2503 276 2538 ipsa
297 2503 383 2530 nubes
404 2502 627 2533 tonitruiformis.
650 2510 711 2537 qua:
729 2503 819 2538 fulgur
838 2504 955 2532 interius
973 2506 1000 2533 in

217 2553 295 2576 utero
318 2551 420 2583 gestat;
448 2548 623 2582 sermonique
647 2555 708 2575 meo
737 2553 883 2577 attestatur
908 2550 1000 2578 divina

218 2593 369 2627 Scriptura,
386 2592 450 2618 dum
464 2592 502 2618 ait
522 2601 529 2618 :
552 2591 644 2618 Venter
663 2597 722 2620 tuus
747 2601 854 2620 acervus
873 2593 1001 2628 frumenti

216 2638 334 2666 vallatus
343 2638 369 2665 in
382 2637 445 2664 [iiiis
463 2638 484 2664 ⁸.
499 2637 559 2672 Ipsa
569 2643 611 2665 est
621 2645 684 2673 ager
698 2639 809 2666 minime
826 2640 927 2672 cultus,
941 2646 1001 2674 quae

218 2682 335 2712 Verbum
353 2683 426 2710 velut
436 2690 551 2719 granum
574 2683 701 2712 frumenti
721 2686 730 2701 °
743 2685 906 2720 suscipiens,
919 2686 1000 2712 etiam

217 2730 383 2766 manipulum
397 2731 568 2766 germinavit.
593 2730 654 2766 Ipsa
681 2732 806 2759 clibanus
826 2733 999 2759 intellectua-

216 2776 261 2811 lis,
284 2784 344 2812 quae.
368 2777 458 2813 ignem
483 2781 511 2805 et
531 2777 592 2805 vita:
607 2785 703 2812 panem
725 2777 852 2805 habebat.
879 2777 937 2812 Ipsa
957 2781 999 2804 est

1052 1639 1086 1677 ἧς
1111 1642 1126 1668 ὁ
1155 1643 1298 1677 προφήτης
1327 1643 1448 1677 κέκραγε
1479 1642 1584 1676 λέγων’
1612 1641 1688 1668 Ἰδοὺ
1713 1642 1733 1675 ἡ
1760 1641 1841 1674 πύλη

1053 1687 1250 1722 κεκλασμένη
1263 1709 1270 1720 ,
1282 1688 1331 1715 καὶ
1347 1688 1446 1721 οὐδεὶς
1465 1689 1669 1715 εἰσελεύσεται
1681 1687 1718 1714 δι’
1735 1686 1840 1721 αὐτῆς,

1052 1733 1122 1761 οὺὸι³
1142 1733 1350 1766 ἐξελεύσεται,
1366 1735 1391 1762 εὶ
1409 1734 1452 1769 μὴ
1473 1734 1580 1768 Κύριος
1599 1735 1615 1760 ὀ
1633 1733 1705 1766 Θεὸς
1727 1734 1840 1767 μόνος·

1052 1780 1103 1806 καὶ
1118 1779 1205 1807 ἔσται
1232 1781 1251 1814 ἠ
1277 1781 1359 1815 πύλη
1387 1781 1586 1815 κεκλασμένη
1611 1779 1651 1812 τῷ
1673 1779 1840 1814 ἡγουμένῳ,

1052 1824 1127 1850 διότι
1155 1825 1321 1859 ἡγούμενος
1338 1825 1429 1858 αὐτὸς
1444 1825 1639 1859 κληθήσεται,
1662 1824 1711 1852 καὶ
1730 1826 1774 1857 εις
1790 1826 1841 1852 αὺ-

1053 1868 1105 1894 τὸν
1121 1868 1260 1895 ἐλπιοῦσι
1279 1869 1378 1896 πάντα
1392 1868 1428 1896 τὰ
1442 1869 1524 1903 ἔθνη.

1087 1913 1154 1948 Περὶ
1168 1914 1270 1949 ταύτης
1289 1915 1338 1949 τῆς
1363 1915 1450 1950 πύλης
1465 1915 1510 1941 καὶ
1536 1916 1564 1941 ὲν
1581 1917 1636 1947 τοῖς
1660 1915 1784 1951 ’ᾼσμασι
1808 1917 1839 1950 τῇ

1052 1959 1122 1992 λέξει
1137 1960 1151 1985 ὁ
1170 1960 1311 1995 προφήτης
1337 1953 1442 1995 τρανῶς
1468 1961 1516 1987 καὶ
1543 1961 1636 1994 σαῳῶς
1662 1961 1839 1995 καταλέγεται

1052 2004 1204 2040 κεκραγώς·
1213 2005 1316 2039 κῆπος
1324 2006 1547 2040 κεκλεισμένος,
1558 2006 1674 2040 ἀδελφή
1685 2015 1756 2041 μου,
1773 2007 1841 2041 νύμ-

1052 2059 1113 2085 φη·
1134 2051 1232 2085 κῆπος
1255 2051 1484 2086 κεκλεισμένος,
1500 2052 1581 2087 πηγὴ
1604 2052 1839 2087 ἐσφραγισμένη.

1054 2098 1180 2132 Ἔμεινεν
1195 2098 1223 2123 ἐν
1242 2099 1275 2132 τῇ
1305 2097 1439 2133 παρθενίᾳ
1460 2099 1476 2134 ἡ
1503 2098 1567 2132 ἁγία
1587 2098 1633 2124 καὶ
1660 2098 1747 2133 σεμνὴ
1773 2098 1839 2132 κόρη

1051 2143 1147 2178 Μαρία
1157 2163 1164 2175 ,
1181 2144 1197 2177 ἡ
1214 2143 1330 2179 φωτεινὴ
1346 2143 1443 2179 νεφέλη
1454 2164 1461 2175 ,
1478 2145 1495 2179 ἡ
1514 2143 1586 2169 ἔνδον
1601 2143 1700 2178 ἔχουσα
1715 2141 1763 2170 τὸν
1776 2143 1840 2169 Θεὸν

1052 2187 1137 2220 Λόγον
1153 2194 1159 2200 ·
1175 2186 1242 2222 πρὸς
1261 2188 1294 2221 ἢν
1312 2188 1325 2214 ό
1341 2187 1530 2222 μεγαλόφωνος
1552 2187 1663 2219 Ἡσαΐας
1673 2196 1680 2202 ·
1711 2188 1781 2214 Ἰδοὺ
1795 2196 1840 2214 νε-

1053 2232 1130 2265 φέλη
1142 2231 1238 2265 κούφη
1250 2251 1257 2263 ,
1268 2232 1317 2258 καὶ
1332 2231 1398 2264 ἣξει
1415 2232 1458 2264 εἷς
1470 2231 1638 2266 Αἴγυπτον·
1657 2232 1688 2258 τδ
1703 2232 1839 2267 ἁλατόμη-

1051 2285 1097 2303 τον
1113 2277 1188 2313 ὅρος,
1207 2278 1223 2312 ἡ
1239 2277 1287 2312 τὴν
1311 2277 1466 2312 ἀκρότομον
1480 2277 1579 2311 ἔχουσα
1596 2277 1697 2312 πέτραν
1712 2278 1733 2303 Χ
1739 2277 1837 2312 ριστὸν,

1054 2323 1118 2358 περὶ
1137 2321 1170 2358 ἧς
1191 2324 1205 2349 ὁ
1226 2322 1379 2356 σοφώτατος
1394 2323 1492 2358 Δανιὴλ
1507 2323 1596 2356 λέγει·
1618 2323 1780 2357 Ἄπετμήθη
1795 2323 1838 2350 λί-

1054 2369 1104 2401 θος
1117 2368 1151 2400 ἐξ
1165 2368 1252 2403 ὄρους
1271 2369 1344 2396 ἄνευ
1359 2369 1482 2403 χειρῶν·
1500 2370 1649 2401 τουτέστιν,
1665 2369 1728 2395 ἄνευ
1744 2369 1838 2405 ἀνδρὸς

1052 2415 1101 2451 τὴν
1117 2416 1228 2451 στερεὰν
1253 2417 1356 2452 πέτραν
1372 2416 1488 2452 Χριστὸν
1504 2418 1596 2444 ἔτεκεν
1610 2418 1626 2452 ὴ
1650 2416 1806 2451 Παρθένος,
1823 2417 1837 2443 ό

1052 2461 1197 2493 ἀσύνθετος
1212 2462 1291 2494 ναὸς,
1315 2463 1331 2498 ἡ
1352 2462 1396 2488 τὸν
1418 2462 1543 2498 οὐράνιον
1568 2462 1665 2497 ἔχουσα
1680 2462 1754 2489 λίθον
1773 2462 1837 2498 Χρι-

1055 2507 1115 2532 στὸν
1126 2526 1133 2538 ,
1156 2508 1172 2541 ὴ
1189 2507 1358 2542 βροντοειδὴς
1372 2508 1469 2543 νεφέλη
1478 2528 1486 2540 ,
1500 2508 1517 2543 ἡ
1542 2509 1591 2542 τὴν
1610 2508 1752 2543 ἀστραπὴν
1766 2507 1837 2534 ἔνδον

1053 2551 1229 2586 κοιλιοφόρως
1248 2552 1407 2586 βαστάσασα
1419 2560 1426 2568 ·
1443 2553 1489 2579 καὶ
1503 2554 1637 2589 μαρτυρεί
1657 2561 1700 2588 μοι
1713 2553 1752 2588 τῷ
1768 2553 1837 2587 λόγῳ

1053 2596 1069 2630 ἡ
1084 2596 1143 2622 Θεία
1158 2596 1252 2632 Γραφὴ
1267 2597 1382 2631 λέγουσα
1392 2617 1399 2630 ,
1416 2598 1520 2625 Κοιλιά
1532 2607 1591 2624 σου
1605 2599 1737 2633 θημωνία
1751 2599 1836 2626 σίτου

1053 2642 1242 2677 πεφραγμένη
1255 2643 1290 2670 ἐν
1314 2643 1426 2678 κρίνοις
1438 2651 1444 2657 ·
1465 2644 1482 2679 ἡ
1505 2644 1679 2679 ἀγεώργητος
1705 2644 1800 2680 χώρα,
1820 2644 1836 2679 ἡ

1052 2687 1098 2714 τὸν
1113 2688 1199 2722 Λόγον
1213 2688 1250 2720 ὡς
1262 2689 1359 2715 κόκκον
1374 2689 1446 2715 σίτου
1456 2689 1587 2726 δεξαμένη
1600 2711 1607 2722 ,
1628 2690 1675 2716 καὶ
1686 2691 1716 2717 τὸ
1728 2691 1836 2726 δράγμα

1053 2731 1226 2767 βλαστήσασα
1237 2753 1244 2764 ,
1260 2734 1275 2767 ἡ
1295 2733 1375 2768 νοερὰ
1392 2733 1517 2765 κλίϐανος
1529 2755 1535 2766 ,
1553 2735 1569 2769 ἡ
1596 2735 1625 2761 τὸ
1642 2735 1697 2769 πῦρ
1721 2736 1768 2761 καὶ
1793 2735 1836 2761 τὸν

1051 2777 1132 2812 ἄρτον
1147 2778 1196 2812 τῆς
1210 2778 1281 2812 ζωῆς
1298 2778 1395 2813 ἔχουσα
1406 2787 1413 2794 ·
1429 2779 1444 2814 ἡ
1460 2779 1519 2806 ὁσία
1532 2781 1622 2815 μήτηρ
1636 2780 1681 2805 τοῦ
1702 2781 1834 2815 Σωτῆρος,

260 2854 269 2871 ⁸
280 2853 376 2882 Ezech.
390 2862 462 2889 xuv,
478 2856 495 2882 2
508 2863 568 2890 sqq.
607 2857 616 2871 ²
629 2855 706 2883 Cant.
724 2863 760 2888 iv,
775 2854 818 2881 12.
857 2854 867 2870 ³
879 2853 930 2881 lsa.
944 2862 1001 2886 πη,

1078 2855 1088 2870 ⁸
1098 2854 1164 2882 Dan.
1181 2863 1210 2888 ll,
1223 2856 1266 2883 45.
1307 2857 1316 2871 ’¹
1327 2856 1405 2884 Cant.
1419 2865 1465 2889 νη,
1479 2857 1505 2884 2.
1545 2858 1555 2873 ⁶
1566 2856 1644 2884 Joan.
1658 2865 1708 2890 ιιι,
1728 2857 1762 2884 94
1777 2864 1836 2892 sqq.
