1929 3038
104 147 158 177 495

463 147 607 177 HOMILIA
626 148 659 176 V.
681 147 714 175 IN
742 146 880 176 LAUDES
900 147 1048 177 SANCTJE
1070 149 1190 176 MAleE
1211 150 1382 178 DEIPARE.

1689 156 1743 184 494

104 207 122 242 ἡ
145 205 193 233 τὸν
218 205 305 241 Λόγον
331 205 379 233 τοῦ
398 206 505 241 Πατρὸς
532 207 564 233 ἐκ
592 207 638 233 σοῦ
667 206 842 242 σαρκωθέντα
863 214 902 232 τε-

955 209 1048 233 sancta
1065 211 1150 233 mater
1168 206 1328 239 Salvatoris,
1342 214 1402 241 quae
1419 206 1536 235 Verbum
1553 206 1642 237 Patris
1659 217 1691 237 ex
1711 218 1742 238 se

105 253 202 285 ποῦσα,
218 252 288 288 πρὸς
301 252 335 288 ἢν
356 252 470 283 Ἡσαΐας
480 261 488 268 ·
509 252 582 279 Ἰδοὺ
603 253 621 286 ἡ
637 252 785 286 παρθένος
805 252 839 278 ἐν
854 259 901 285 γα-

104 299 174 332 στρὶ
181 298 254 330 ἔξει,
264 298 313 325 καὶ
323 297 438 329 τέξεται
448 297 525 330 υἱὸν,
533 299 579 324 καὶ
590 298 703 324 καλέσο
708 306 758 325 υσι
766 298 798 324 τὸ
807 298 901 331 ὄνομα

105 343 199 371 αὐτοῦ
210 362 217 374 ,
239 343 438 378 Ἐμμανουήλ.
456 341 491 368 Ὦ
506 342 645 378 Παρθένος
663 342 729 377 ἁγία
740 363 747 374 ,
763 344 829 377 ἁγία
854 344 902 378 μή·

106 398 158 425 τηρ
187 389 308 425 Κυρίου·
331 389 456 425 μακαρία
478 389 571 424 νύμφη
587 389 701 425 Τριάδος
730 389 901 425 ἀχωρίστου-

107 435 232 470 μακαρία
250 435 281 461 σὺ
297 435 326 461 ὲν
338 435 470 469 γυναιξὶν,
486 436 502 470 ή
520 435 638 462 τεκοῦσα
654 435 701 461 ἐπὶ
716 435 768 470 γῆς
784 435 822 467 ὡς
839 435 902 470 βρέ-

106 489 156 514 φος
171 481 216 507 τὸν
230 481 339 508 πάντων
363 481 476 516 κτίστην
501 481 584 508 Θεόν·
602 482 727 516 μακαρία
753 483 785 508 σὺ
804 482 832 508 ἐν
857 490 902 515 γυ-

106 526 195 559 ναιξὶν
205 549 212 558 ,
230 528 247 563 ἡ
261 527 329 562 μόνη
346 528 392 554 ἐπὶ
407 527 459 562 γῆς
474 528 600 563 κυήσασα
614 527 660 554 τὸν
676 528 800 563 οὐράνιον
815 527 880 554 Θεόν
893 535 899 541 ·

108 571 234 607 μακαρία
253 572 284 598 σὺ
312 572 341 598 ὲν
361 572 505 606 γυναιξὶν,
526 569 561 608 ἧς
585 572 705 607 μασοοὺς
732 572 863 608 ὲΟήλασεν
888 573 902 598 ό

105 617 215 652 τρέφων
239 617 273 643 τὰ
300 617 460 652 σύμπαντα·
479 618 603 653 μακαρία
618 620 650 646 σὺ
673 620 702 644 ἐν
729 619 868 653 γυναιξὶν,
885 621 900 654 ή

106 655 155 689 νῦν
178 663 333 697 γεννήσασα
352 663 398 690 τὸν
413 663 478 689 ποτὲ
493 663 634 690 πλάσαντα
649 664 727 700 πηλῷ
749 665 793 691 τὸν
815 665 902 700 Ἀδὰμ

106 708 136 734 ἐν
160 707 200 742 τῷ
223 707 400 743 παραδείσῳ,
425 708 541 734 Θεότόκε
570 708 634 743 ἁγία
658 709 775 744 παρθένε
796 710 900 745 Μαρία.

106 753 239 785 Θεοτόκος
253 753 308 788 γὰρ
320 754 469 789 ὑπάρχεις,
490 754 507 790 ἡ
520 755 566 781 τὸν
581 755 666 789 Λόγον
683 756 715 782 ἐκ
729 755 775 782 σοῦ
793 764 902 791 σαρκω-

107 799 189 826 Θέντα
208 799 338 825 τεκοῦσιν
353 800 485 832 Θεοτόκος
500 800 634 836 ὑπάρχεις
647 802 663 836 ἡ
679 801 725 827 τὸν
740 802 805 828 Θεὸν
816 802 901 836 Λόγον

106 846 136 871 ἐν
161 846 252 881 μορφῇ
268 845 362 872 δούλου
382 847 525 882 κυήσασα·
543 847 672 879 Θεοτόκος
687 847 836 884 ὑπάρχεις,
860 848 901 875 ὃτι

105 892 173 918 Θεὸν
188 893 275 926 Λόγον
293 892 428 928 δεξαμένη
454 892 631 929 σαρκωοέντα
647 893 738 925 ἔτεκες
748 902 754 909 ·
772 894 902 925 Θεοτὸκος

106 938 243 973 ὑπάρχεις
257 939 272 973 ἡ
293 938 361 973 μόνη
375 937 422 964 τοῦ
437 939 520 974 μόνου
538 940 670 974 μονογενῆ
697 940 756 966 Γὶὸν
770 940 816 966 τοῦ
832 940 900 966 Θεοῦ

106 985 278 1019 γεννήσασα·
300 984 330 1010 οὐ
354 984 521 1020 πρόσκαιρον
549 985 614 1011 Θεὸν
644 985 818 1020 γεννήσασα,
843 985 900 1012 ἀλλ’

106 1029 216 1056 αἰώνιον
232 1029 278 1056 τὸν
295 1030 348 1065 πρὸ
363 1029 410 1056 σοῦ
427 1031 474 1056 καὶ
490 1030 598 1057 πάντων
618 1030 684 1057 Θεὸν
694 1052 701 1063 ,
728 1033 760 1057 ἐκ
775 1032 821 1058 σοῦ
840 1040 901 1067 σαρ-

107 1075 232 1102 κωθέντα
243 1084 250 1091 ·
266 1076 297 1102 τὸ
309 1074 422 1103 ἄσπιλον
436 1076 584 1112 πρόϐατον,
599 1078 615 1112 ἡ
628 1077 672 1103 τὸν
688 1077 773 1112 ἀμνὸν
783 1077 900 1103 τεκοῦσα

105 1122 246 1157 Χριστόν·
266 1123 283 1152 ἡ
307 1122 423 1158 δάμαλις
449 1123 465 1158 ἠ
489 1123 710 1158 ἀπειρόζυγο;,ὴ
731 1123 776 1149 τὸν
801 1123 901 1159 μόσχον

105 1168 262 1203 γεννήσασα
274 1176 280 1184 ·
294 1169 310 1204 ὴ
327 1169 408 1204 νοερὰ
422 1169 470 1205 τῆς
486 1169 604 1201 πίστεως
618 1168 752 1205 τράπεζα,
769 1171 786 1205 ἡ
805 1170 848 1197 τὸν
857 1171 901 1206 ἅρ-

105 1223 152 1241 τον
168 1215 219 1250 τῆς
234 1214 307 1250 ζωῆς
317 1214 357 1250 τῷ
370 1215 465 1251 κόσμῳ
481 1217 670 1251 χορηγήσασα.

142 1259 174 1285 Τί
195 1259 280 1292 εῖτ-..ως
312 1260 358 1286 καὶ
384 1260 409 1286 τι
435 1260 545 1296 λαλήσω
572 1260 621 1295 τὴν
642 1261 781 1296 ὀλόρῤιζον
805 1261 900 1294 δόξαν;

106 1302 293 1338 Περὶιταύτης
307 1303 356 1338 τῆς
367 1304 443 1335 ὁσίας
455 1304 539 1340 κόρης
553 1304 603 1339 τῆς
618 1305 756 1337 ἀείπαιδος
773 1306 819 1332 καὶ
836 1315 902 1341 παρ-

107 1347 197 1380 θένου,
223 1348 268 1375 διὰ
293 1349 340 1375 τοῦ
365 1348 504 1385 προφήτου
528 1350 653 1384 λέγοντος
678 1353 692 1378 ὁ
714 1351 778 1383 Θεός
802 1359 900 1388 φησιν’

112 1393 163 1420 Ἐκ
180 1394 240 1421 σοῦ
260 1403 310 1428 μοι
333 1394 527 1426 ἐξελεύσεται
552 1395 729 1430 ἡγούμενος,
750 1397 802 1423 τοῦ
826 1398 901 1423 εἶναι

106 1440 149 1472 εις
163 1439 296 1473 ἄρχοντα
310 1440 345 1466 ἐν
357 1440 398 1472 τῷ
417 1441 536 1473 Ἰσραήλ
546 1450 552 1455 ·
566 1441 616 1467 καὶ
631 1441 730 1473 ἔξοδοι
743 1443 837 1469 αὑτοῦ
851 1443 901 1470 ἀπ’

106 1484 206 1519 ἀρχῆς
223 1484 257 1517 ἐξ
282 1485 400 1520 ήμερᾶηέ
421 1485 538 1520 αἰῶνος.
561 1486 612 1513 Διὰ
629 1486 717 1514 τοῦτο
740 1488 829 1515 δώσει
848 1488 902 1515 αὺ-

953 252 1125 279 incaruatum
1143 253 1258 287 peperit.
1276 253 1316 280 Ad
1334 261 1416 287 quam
1441 254 1527 281 Isaias
1547 263 1554 282 :
1588 254 1653 282 Ecce
1670 257 1743 291 virgo

954 299 982 325 in
999 304 1073 326 utero
1089 299 1203 329 habebit,
1221 304 1245 326 et
1257 299 1339 332 pariet
1353 299 1449 333 ﬁlium,
1465 304 1490 326 et
1508 300 1636 327 vocabunt
1649 310 1743 329 nomen

952 343 1009 378 ejus
1026 343 1185 371 Emmanuel
1201 344 1220 370 ‘.
1238 343 1259 371 0
1275 343 1360 379 Virgo
1383 352 1460 378 pura,
1480 349 1574 372 sancta
1593 351 1679 374 mater
1690 347 1743 375 D0-

954 390 1030 422 mini,
1048 390 1127 417 beata
1145 398 1245 425 sponsa
1268 390 1411 418 Trinitatis
1432 389 1591 423 individua,
1614 392 1693 419 beata
1713 397 1742 420 tu

953 436 1024 464 inter
1043 438 1182 469 mulieres,
1206 444 1266 471 qua:
1294 436 1379 464 Deum
1406 440 1433 464 et
1460 436 1598 464 hominem
1620 439 1743 465 omnium

953 486 1104 509 creatorem
1130 483 1202 510 velut
1218 482 1348 509 infantem
1366 483 1393 509 in
1409 485 1482 510 terra
1498 483 1648 517 peperisti:
1664 485 1742 511 beata

953 531 981 553 tu
999 526 1069 554 inter
1083 527 1224 558 mulieres,
1235 535 1296 562 qua:
1312 527 1369 554 sola
1381 528 1408 554 iu
1423 532 1494 554 terra
1507 522 1591 555 Deum
1604 527 1743 556 caelestem

953 572 1101 607 concepisti
1119 582 1125 600 :
1142 573 1220 600 beata
1242 577 1270 599 tu
1297 574 1368 600 inter
1393 573 1531 605 mulieres,
1557 574 1637 608 cujus
1659 574 1744 601 ubera

953 619 1028 646 suxit
1057 619 1081 647 is
1111 620 1158 654 qui
1184 621 1233 647 alit
1261 621 1399 647 universa.
1436 620 1536 647 Sancta
1561 620 1644 648 Maria
1667 621 1744 657 virgo

954 663 1087 698 Deipara,
1111 665 1191 692 beata
1214 671 1241 699 tu
1261 667 1332 693 inter
1353 667 1492 698 mulieres,
1510 675 1571 702 quae
1595 675 1670 694 nunc
1696 675 1741 702 ge-

953 706 1038 737 nuisti
1059 719 1133 744 eum,
1159 712 1206 746 qui
1227 713 1292 740 olim
1311 713 1337 740 in
1353 714 1481 748 paradiso
1504 714 1632 741 formavit
1657 714 1743 741 Adam

953 763 969 783 e
997 756 1065 783 luto.
1091 756 1132 784 Tu
1156 759 1228 785 enim
1245 766 1275 785 es
1298 758 1423 793 Deipara,
1447 768 1507 794 qua:
1526 759 1644 787 Verbum
1666 768 1698 787 ex
1719 760 1745 787 te

955 801 1129 829 incarnatum
1149 805 1277 838 peperi5ti
1298 805 1430 840 :Deipara
1447 806 1568 838 exsistis.
1584 814 1644 841 qua:
1660 805 1745 834 Deum

956 847 1072 876 Verbum
1085 850 1113 876 in
1129 849 1216 877 forma
1232 851 1303 877 servi
1317 852 1481 886 concepisti;
1496 852 1610 887 Deipara
1620 853 1744 884 exsistis,

955 895 1019 929 quia
1039 894 1124 922 Deum
1139 894 1258 922 Verbum
1281 896 1436 931 suscipiens
1461 897 1635 923 iucarnatum
1660 904 1743 932 pepe-

952 941 1029 974 risti;
1050 941 1164 976 Deipara
1179 942 1302 973 exsistis,
1319 950 1380 976 quin
1390 943 1448 970 sola
1467 943 1553 970 solius
1577 942 1624 970 Dei
1645 944 1743 977 unige-

952 987 1040 1014 nitum
1067 986 1164 1014 Filium
1187 987 1303 1022 genuisti
1321 996 1328 1020 ;
1346 995 1400 1015 non
1433 993 1637 1022 temporaneum
1659 988 1744 1015 Deum

951 1033 1070 1067 genuisti
1088 1040 1118 1060 cx
1150 1037 1177 1060 te
1195 1033 1376 1065 incarnatum,
1393 1033 1441 1060 sed
1454 1038 1596 1065 aeternum,
1610 1033 1656 1067 qui
1682 1037 1744 1060 ante

952 1083 978 1106 te
995 1082 1057 1109 est,
1075 1082 1102 1105 et
1117 1082 1181 1105 ante
1195 1079 1298 1105 omnia.
1317 1077 1382 1106 Ovis
1400 1079 1587 1111 immaculata,
1614 1086 1675 1113 quae
1696 1086 1744 1114 pe-

952 1124 1022 1159 perit
1041 1131 1140 1158 agnum
1159 1123 1318 1157 Christum;
1343 1125 1461 1158 juvenca
1488 1132 1629 1159 nunquam
1644 1124 1740 1159 jugum

952 1174 1075 1204 experta,
1099 1177 1160 1204 quae
1189 1170 1306 1197 vitulum
1323 1170 1434 1204 genuit;
1454 1170 1516 1197 tidei
1542 1177 1636 1197 mensa
1663 1169 1743 1196 intel-

953 1216 1087 1247 lectualis,
1107 1223 1167 1250 qua:
1184 1222 1282 1250 panem
1299 1216 1361 1242 vitae
1379 1215 1482 1242 mundo
1496 1215 1689 1250 suppeditavit.

989 1261 1060 1293 Quid
1074 1261 1174 1294 dicam,
1194 1265 1221 1287 et
1236 1261 1334 1295 quibus
1360 1261 1453 1288 verbis
1471 1261 1613 1296 explicabo
1629 1261 1743 1296 gloriam

952 1307 1085 1334 radicitus
1098 1306 1259 1334 fundatam?
1273 1307 1312 1334 De
1328 1307 1379 1334 hac
1397 1311 1493 1335 sancta
1508 1308 1609 1342 puella,
1625 1315 1743 1343 semper,

953 1352 1077 1387 inquam,
1097 1352 1187 1387 puella
1201 1356 1228 1378 et
1243 1352 1358 1387 virgine.
1371 1351 1442 1380 Deus
1457 1360 1504 1386 per
1516 1353 1675 1387 prophetam
1689 1355 1743 1381 ait:

954 1397 996 1424 Ex
1013 1403 1036 1424 te
1048 1397 1113 1424 mihi
1125 1397 1206 1424 exibit
1219 1397 1284 1429 dux,
1298 1398 1343 1432 qui
1356 1400 1391 1424 sit
1403 1397 1554 1425 dominator
1567 1399 1594 1425 in
1608 1398 1706 1432 Israel,
1719 1400 1745 1426 et

952 1452 1071 1479 egressus
1083 1443 1138 1478 ejus
1157 1443 1188 1470 ab
1202 1444 1277 1470 initio
1294 1453 1309 1470 a
1324 1443 1414 1471 diebus
1423 1445 1597 1477 wternitatls;
1610 1451 1746 1479 propterea

953 1490 1027 1517 dabit
1041 1498 1085 1517 eos
1110 1499 1191 1524 usque
1211 1491 1245 1516 all
1263 1495 1363 1524 tempus
1379 1491 1527 1524 parientis;
1542 1492 1639 1525 pariet,
1656 1496 1681 1519 et
1703 1500 1746 1519 re-

107 1530 180 1563 τοὺς
190 1530 247 1563 ἕως
262 1531 365 1564 καιροῦ
381 1533 554 1566 τικτούσης,
575 1533 700 1565 τέξεται,
723 1533 772 1560 καὶ
795 1536 822 1560 ot
842 1534 902 1560 ἐπί-

955 1528 1019 1572 liqui
1034 1537 1152 1572 ﬁliorum
1165 1538 1221 1571 ejus
1236 1541 1417 1564 convertentur
1430 1537 1463 1563 ad
1473 1537 1545 1571 ﬁlios
1558 1536 1657 1570 Israel;
1673 1542 1739 1565 astu-

105 1578 208 1604 λοιποι
231 1576 292 1603 τῶν
314 1577 454 1611 ἀδελφῶν
475 1578 569 1606 αὑτοῦ
590 1579 829 1613 ἐπιστρέψωσιν
853 1579 902 1606 ἐπὶ

107 1621 180 1655 τοὺς
194 1621 281 1654 υιοὺς
299 1622 435 1657 Ἰσραήλ·
461 1623 511 1650 καὶ
536 1623 693 1657 στήσεται,
712 1625 762 1652 και
788 1624 903 1659 ὄψεται,

107 1667 157 1694 καὶ
177 1667 320 1702 ποίμνιον
337 1669 430 1696 αὐτοῦ
445 1669 481 1696 ἐν
501 1670 715 1704 ΙσχύϊΚύριος.
734 1668 769 1697 Ὦ
783 1671 905 1707 Παρθένε

108 1715 185 1749 ἁγία.
203 1715 292 1749 φωτὸς
310 1715 420 1743 αἰωνίου
445 1717 605 1752 ὑπάρχουσα
625 1718 726 1753 μήτηρι
750 1718 839 1752 φωτὸς
857 1718 903 1745 τοῦ

108 1761 278 1796 φωτίσαντος
294 1762 323 1788 ὲν
340 1762 463 1797 οὐρανοῖς
478 1763 527 1794 τὰς
548 1763 603 1790 τῶν
622 1764 745 1798 ἀγγέλων
763 1765 903 1799 στρατιάς·

108 1808 200 1842 φωτὸς
214 1807 260 1834 τοῦ
275 1809 442 1842 φωτίσαντος
456 1809 511 1836 τῶν
530 1810 666 1845 σεραφεὶμ
679 1810 710 1837 τὸ
723 1810 905 1846 ἀνεκλάλητον

109 1854 205 1889 ὕμμα·
224 1853 312 1888 φωτὸς
324 1854 371 1881 τοῦ
385 1855 552 1890 φωτίσαντος
568 1855 707 1892 λαμπραῖς
718 1855 843 1891 λαμπάσι
859 1856 905 1882 τὸν

111 1901 202 1935 ἥλιον·
221 1901 311 1935 φωτὸς
325 1901 372 1928 τοῦ
390 1902 558 1935 φωτίσαντος
572 1902 608 1928 τὰ
622 1901 728 1938 πέρατα
745 1902 795 1937 τῆς
814 1896 904 1929 οίκου-

111 1947 197 1982 μένης
207 1948 240 1982 τῇ
258 1947 354 1983 Τριάδι
365 1956 372 1963 ⁶
389 1942 477 1981 φωτὸς
491 1948 538 1974 τοῦ
553 1948 674 1980 εἰπόντος
685 1957 691 1963 ·
714 1947 788 1982 Ἐγώ
800 1949 859 1982 εἰμι
871 1948 904 1974 τὸ

110 1992 174 2027 φῶς
192 1992 247 2020 τοῦ
263 1994 380 2028 κόσμου
392 2002 400 2010 υ
417 1993 505 2028 φωτὸς
519 1993 565 2020 τοῦ
576 1994 733 2030 εἰρηκότος·
753 1993 826 2028 Ἐγὼ
841 1993 905 2028 φῶς

110 2040 153 2072 εἰς
174 2038 230 2066 τὸν
254 2040 371 2074 κόσμον
386 2039 538 2073 ἐλήλυθα’
557 2039 645 2073 φωτὸς
667 2039 714 2066 τοῦ
738 2038 905 2074 ἀναληφθὲν-

110 2093 157 2116 re;
171 2085 220 2111 καὶ
235 2085 402 2118 φωτίσαντος
417 2085 445 2111 ἐν
456 2086 579 2120 οὐρανοῖς
594 2085 640 2111 καὶ
656 2085 702 2111 ἐπὶ
719 2085 770 2119 γῆς
783 2084 818 2111 τὰ
834 2084 904 2119 σύμ-

111 2138 212 2157 παντα.
228 2128 263 2156 Ὦ
284 2130 403 2164 παναγία
426 2131 559 2166 Παρθένε,
580 2132 596 2166 ὴ
623 2130 753 2166 στρατιὰς
780 2129 904 2164 ἀγγέλων

111 2176 254 2210 ξενίσασαί
278 2176 358 2202 Ξένον
383 2175 437 2212 γὰρ
459 2176 552 2211 θαῦμα
574 2177 603 2202 ἐν
624 2177 759 2211 οὐρανοῖς,
786 2175 855 2211 γυνὴ
874 2175 905 2202 τὸ

112 2220 170 2255 φῶς
183 2222 212 2247 ὲν
233 2221 367 2254 ἀγκάλαις
387 2220 545 2255 βαστάσασα
555 2229 562 2235 ⁸
579 2220 653 2254 ξένον
671 2220 763 2255 Οαῦμα
778 2221 807 2245 ὲν
821 2220 905 2255 οὺρα-
921 2213 944 2242 ί)

111 2268 177 2300 νοίς,
195 2267 354 2302 χερουὸικὸς
370 2267 463 2302 Θρόνος
479 2266 571 2302 ἔτερος
584 2276 590 2282 ·
608 2267 682 2300 ξένον
694 2267 787 2302 θαῦμα
805 2268 833 2293 ὲν
856 2267 903 2292 οὺ-

114 2314 214 2348 ρανοῑς,
230 2313 359 2347 γυναικὸς
372 2313 439 2345 υίὸς,
456 2313 541 2348 αὐτῆς
556 2312 670 2339 καὶτῶν
685 2312 790 2339 αἰώνων
813 2313 903 2348 πατὴρ

112 2358 261 2394 ὑπάρχωνο
274 2358 348 2390 ξένον
362 2358 454 2394 Θαῦμα
469 2359 498 2385 ὲν
513 2360 649 2394 οὐρανοῖς,
667 2359 804 2394 Παρθένου
822 2358 904 2385 0604-

114 2413 184 2439 μος,
208 2404 272 2430 Υἱὸν
300 2403 385 2438 Θεοῦ,
406 2404 472 2431 Θεὸν
497 2405 613 2439 νυμφίον
636 2403 741 2439 ,ἔχουσα
770 2404 902 2440 Χριστόν·

113 2450 188 2483 ξένον
211 2450 303 2485 Θαῦμα
322 2451 350 2476 ὲν
375 2451 510 2485 οὐρανοῖς,
522 2450 552 2476 τὸ
569 2449 667 2484 βρέφος
683 2450 732 2484 τῆς
753 2450 902 2484 Παρθένου,

112 2497 251 2532 Δεσπότης
263 2496 317 2527 τῶν
333 2496 456 2530 ἀγγέλων
473 2496 606 2530 πέφυκεν.
633 2493 668 2521 Ὦ
693 2496 814 2530 παναγία
831 2496 905 2530 Παρ-

113 2543 184 2574 θένε,
198 2543 290 2579 μήτηρ
302 2542 350 2569 τοῦ
365 2542 501 2577 Σωτῆρος,
520 2543 536 2577 ὴ
555 2542 600 2568 τὸν
622 2542 737 2576 ἄναρχον
751 2542 904 2576 γεννήσασα

113 2589 209 2623 Λόγον,
223 2589 269 2615 τὸν
286 2587 331 2614 τοῦ
344 2588 449 2623 Πατρὸς
463 2588 605 2623 σύνθρονον
620 2587 693 2618 Υἰον,
707 2586 751 2614 τὸν
762 2586 903 2621 ὁμοούσιον

112 2633 160 2660 τοῦ
174 2634 280 2668 Πατρδς
300 2633 348 2659 καὶ
370 2632 417 2659 τοῦ
441 2632 518 2666 ἁγίου
535 2632 704 2667 Πνεύματος,
720 2631 767 2658 τὸν
786 2630 905 2666 προαιὼ-

118 2687 168 2705 νιον
187 2679 235 2704 σὺν
257 2679 346 2713 Πατρὶ
373 2678 420 2704 καὶ
442 2677 482 2712 τῷ
508 2678 577 2713 ἁγίῳ
596 2676 745 2712 Πνεὺματι,
771 2677 817 2703 τὺν
842 2678 905 2708 τοὺς

114 2725 244 2761 οὐρανοὺς
271 2724 483 2760 καμαρώσαντα,
506 2723 551 2750 τὸν
582 2723 632 2759 τὴν
661 2723 713 2758 γῆν
742 2723 903 2759 ὲδράσαντα.

114 2770 211 2804 Χαῖρε,
238 2769 358 2804 παναγία
385 2769 517 2805 Παρθένε,
538 2769 555 2805 ἡ
579 2769 610 2796 τὸ
637 2769 692 2804 πῦρ
707 2769 757 2804 τῆς
779 2768 905 2804 Θεότητος

956 1582 992 1608 bit
1009 1588 1034 1608 et
1053 1581 1160 1613 videbit.
1181 1586 1206 1608 et
1223 1586 1312 1615 pascet
1327 1581 1393 1608 ovile
1417 1590 1492 1608 suum
1511 1583 1538 1609 in
1560 1584 1675 1616 polentia
1688 1583 1746 1610 Do-

956 1627 1073 1654 minus'.
1095 1626 1118 1654 0
1134 1627 1210 1662 virgo
1225 1631 1319 1654 sancta
1339 1626 1407 1654 lucis
1422 1631 1529 1654 αξιοι-πίε
1549 1631 1645 1659 mater.
1663 1628 1744 1660 lucis,-

955 1673 1079 1708 inquam,
1097 1680 1157 1707 quae
1168 1672 1195 1699 iu
1212 1671 1290 1700 cmlis
1305 1672 1440 1699 illuminat
1456 1673 1551 1708 copias
1565 1675 1723 1709 angelorum
1737 1683 1744 1702 :

956 1719 1035 1751 lucis,
1055 1726 1115 1753 quu—
1136 1718 1272 1745 illuminat
1289 1718 1410 1752 ipsorum
1436 1719 1573 1753 seraphim
1593 1720 1748 1756 incompre-

956 1766 1072 1793 hensum
1087 1765 1196 1791 oculum
1209 1774 1216 1798 ς
1235 1764 1315 1796 lucis,
1332 1772 1392 1800 qua:
1409 1765 1546 1791 illuminat
1560 1766 1646 1793 solem
1660 1767 1746 1802 spiens

955 1811 1028 1839 didis
1040 1811 1164 1843 facibus;
1184 1810 1265 1841 lucis.
1286 1817 1348 1845 quae
1371 1810 1440 1838 fines
1462 1814 1542 1837 terra:
1561 1810 1695 1838 illuminat
1713 1812 1746 1838 ad

954 1856 1119 1885 credendum
1142 1855 1289 1888 Trinitati;
1307 1855 1386 1887 lucis,
1408 1863 1468 1890 quae
1489 1855 1576 1882 dixit:
1613 1855 1667 1890 Ego
1688 1864 1747 1883 sum

954 1903 1002 1929 tua:
1017 1901 1138 1929 mundi’:
1156 1901 1235 1934 lucis,
1255 1909 1316 1936 qua:
1331 1901 1415 1929 dixit:
1436 1901 1493 1937 Ego
1513 1901 1559 1928 (ua:
1575 1903 1603 1928 in
1620 1902 1746 1929 mundum

954 1947 1051 1974 verti“:
1083 1947 1169 1978 lucis,
1196 1954 1257 1981 quae
1281 1951 1422 1981 assumpta
1448 1951 1507 1979 est,
1535 1951 1562 1975 et
1583 1948 1747 1976 illuminavit

954 1998 1062 2025 cuncta,
1077 2000 1138 2028 qua:
1154 1997 1218 2021 sunt
1235 1993 1262 2020 in
1277 1992 1357 2020 malis
1371 1997 1398 2020 et
1414 1993 1440 2020 in
1455 1996 1539 2020 terra.
1551 1993 1573 2021 0
1584 1992 1666 2029 Virgo
1681 2002 1745 2021 san;

953 2040 1088 2072 ctissima,
1102 2047 1163 2074 quae
1174 2039 1312 2066 exercitus
1327 2039 1486 2074 angelorum
1502 2039 1528 2066 in
1545 2044 1683 2074 stuporem
1697 2041 1739 2067 dc-

954 2084 1075 2112 duxisti!
1090 2083 1260 2118 Stupendum
1279 2083 1351 2110 enim
1366 2087 1408 2110 est
1427 2082 1587 2110 miraculum
1605 2084 1632 2110 in
1649 2084 1739 2111 malis.

955 2130 1051 2157 mulier
1065 2129 1165 2156 amicta
1178 2129 1268 2162 sole“;
1289 2129 1453 2164 stupendum
1469 2129 1631 2155 miraculum
1653 2129 1679 2156 in
1693 2137 1746 2156 (tn--

957 2177 1001 2208 lis,
1015 2175 1114 2202 mulier
1129 2178 1239 2209 gestans
1256 2175 1344 2201 lucem
1362 2174 1389 2200 in
1404 2174 1495 2206 ulnis;
1514 2174 1677 2208 stupendum
1695 2176 1746 2201 mi-

957 2221 1080 2248 raculum
1101 2220 1128 2247 in
1147 2220 1234 2252 cmlis,
1258 2220 1325 2247 alter
1339 2219 1454 2246 thronus
1476 2220 1660 2251 Cheruhicus;
1688 2224 1750 2246 stu-

956 2267 1075 2302 pendpm
1093 2266 1255 2293 miraculum
1280 2266 1307 2292 in
1322 2265 1416 2296 cmlis,
1440 2265 1562 2292 mulieris
1585 2265 1675 2296 ﬁlius,
1701 2266 1746 2298 qui

956 2317 983 2340 et
998 2313 1096 2347 ipsius,
1109 2316 1136 2339 ct
1153 2311 1315 2338 saeculorum
1330 2315 1372 2337 est
1390 2316 1466 2344 pater
1480 2319 1487 2342 ;
1513 2311 1676 2344 stupendum
1698 2311 1747 2337 mi-

957 2359 1080 2385 raculum
1092 2358 1119 2384 in
1136 2357 1223 2388 cmlis,
1241 2357 1377 2384 thalamus
1389 2355 1518 2391 Virginis,
1532 2356 1636 2383 habens
1648 2355 1746 2382 Filium

958 2404 1015 2435 Dei,
1030 2403 1113 2431 Deum
1129 2410 1259 2437 sponsum
1276 2402 1432 2434 Christum;
1451 2401 1616 2436 stupendum
1632 2401 1748 2428 miracu-

957 2449 1012 2475 lqu
1031 2449 1057 2475 in
1076 2449 1163 2478 cwlis,
1186 2447 1316 2474 Dominus
1332 2447 1502 2481 angelorum.
1520 2446 1610 2473 infans
1627 2446 1747 2481 Virginis

957 2495 1069 2522 ctl'ectus
1082 2497 1134 2521 est.
1155 2493 1177 2520 0
1196 2493 1370 2520 sanctissima
1387 2491 1467 2526 Virgo
1484 2496 1570 2519 mater
1586 2492 1746 2522 Salvatoris.

958 2546 1018 2573 quae
1028 2538 1144 2573 genuisti
1157 2537 1291 2572 principio
1305 2544 1403 2564 carens
1413 2536 1544 2569 Verbum,
1559 2536 1657 2564 Filium
1673 2537 1748 2564 scili—

958 2589 1002 2612 cet
1017 2584 1141 2612 eumdem
1165 2592 1227 2610 cum
1251 2583 1331 2610 Patre
1355 2583 1499 2610 habentem
1519 2583 1661 2616 thronum,
1686 2592 1749 2611 con-

956 2629 1165 2657 substantialem
1188 2628 1262 2656 Patri
1289 2633 1316 2656 et
1337 2628 1452 2663 Spiritui
1478 2634 1594 2662 sancto,
1622 2630 1746 2664 quicum

956 2675 1036 2702 Patre
1051 2679 1078 2702 et
1094 2674 1197 2708 Spiritu
1214 2678 1310 2701 sancto
1326 2678 1367 2700 est
1383 2678 1446 2701 ante
1461 2674 1572 2706 saecula,
1587 2675 1632 2709 qui
1649 2682 1748 2701 ennea—

956 2721 1071 2749 meravit
1083 2720 1179 2751 cmlos,
1188 2723 1215 2747 et
1229 2724 1330 2746 terram
1342 2719 1474 2747 condidit.
1496 2720 1563 2752 Ave,
1573 2720 1747 2747 sanctissima

956 2767 1050 2802 Virgo,
1069 2774 1129 2802 qua:
1146 2766 1219 2793 velut
1233 2765 1319 2792 rubus
1340 2765 1534 2793 intellectualis
1554 2765 1656 2799 absque
1673 2769 1749 2790 conv

151 2858 225 2890 ‘lsa.
239 2862 342 2896 vu,M.
379 2863 389 2878 '
402 2862 481 2890 Mich.
502 2871 528 2897 ν,
541 2862 609 2896 2-4;
625 2861 719 2890 Matth.
740 2870 770 2895 ιι,
787 2862 813 2890 6.
854 2860 902 2890 'Jo

970 2867 1031 2894 Vill,
1046 2859 1090 2888 12.
1135 2857 1247 2899 "Joan.
1267 2866 1316 2893 xu,
1331 2857 1374 2885 46.
1397 2858 1407 2874 ⁸
1427 2857 1511 2892 Apoc.
1525 2863 1574 2890 xu,
1589 2855 1616 2883 ί.
