1929 3038
199 160 252 188 ιοτς

200 219 326 247 Imstione
344 216 495 245 divinitatis
520 216 609 251 ignem
622 219 709 242 tenes.
737 213 867 241 Clibanus
883 213 987 240 intelle-
1003 215 1025 242 A

200 264 309 296 ctualis,
323 263 370 298 qui
385 263 473 298 ignem
485 266 511 289 et
527 268 624 296 panem
638 261 699 287 vitae
711 259 831 286 calidum
847 259 948 286 mundo
960 259 987 285 in

199 318 276 339 esum
294 310 395 340 attulit,
414 308 448 335 dc
466 315 520 342 quo
536 305 662 333 Salvator
677 305 770 333 mundi
787 305 913 333 Christus
930 305 965 331 ait
981 315 986 331 :

200 356 328 390 Accipite,
349 353 485 384 romcdiie,
510 352 558 379 hoc
577 356 617 378 est
633 359 726 386 corpus
740 359 836 383 meum,
859 351 928 386 quod
943 359 989 385 pro

199 405 270 430 vobis
289 399 423 434 frangitur
439 399 467 424 in
486 398 665 424 remissionem
685 397 882 430 peccatorum'.
902 396 990 423 Locu-

199 448 258 482 ples
268 451 320 477 est,
328 443 495 475 cbarissimi,
503 444 650 470 virtutibus
663 443 741 478 plena
753 450 847 470 mensa
857 443 990 478 virginea,

199 492 311 527 optimis
324 491 534 526 quibuscunque
553 489 621 516 cibis
634 488 788 520 abundans.
800 489 902 524 quibus
918 493 991 516 terra

200 538 317 570 fruatur,
343 536 441 571 largita
457 540 498 563 est
514 539 609 562 sancta
628 533 711 569 Virgo
727 538 755 562 et
777 538 863 562 mater
877 533 990 566 Christi,

199 590 258 618 quae
275 582 445 616 splendidam
469 582 609 608 lucernam
632 579 800 607 relucentem
827 579 855 607 in
880 580 951 607 cmlo
965 583 992 607 et

199 633 272 656 terra
282 628 422 655 Christum
439 628 566 662 gestavit,
581 626 614 654 ad
637 633 718 661 quam
744 626 874 661 propheta
889 625 993 653 Zacha-

199 676 272 702 rias:
301 674 369 701 Ecce
402 673 590 700 candelabrum
615 681 723 699 aureum
749 676 774 699 et
797 672 887 705 {acula
915 680 994 707 super

199 719 312 754 ipsnm'.
325 718 478 752 Quinetiam
488 718 571 745 David
583 718 721 745 canticum
734 717 785 744 hoc
797 718 993 745 suavissimum

200 764 328 790 inclamat
340 772 360 789 εν
379 763 498 789 Lucerna
521 761 630 796 pedibus
655 762 719 789 meis
744 762 849 789 uerbum
872 766 951 788 tuum'
970 767 995 788 et

202 810 290 836 lumen
304 809 405 836 semitis
421 809 486 835 meis
494 809 514 837 ³.

236 895 260 924 0
274 895 466 923 candelabrum
482 895 646 931 virgineum,
665 894 737 930 quod
753 894 902 922 illustravit
915 898 993 922 tene-
1009 886 1030 914 Β

202 942 260 970 bris
274 942 422 969 involutos.
439 942 461 967 0
479 940 673 969 candelabrum
687 940 841 976 virgineum
859 940 993 975 repellens

205 987 333 1016 tenebras
354 991 381 1015 et
398 987 487 1014 lucem
514 986 657 1022 splendere
679 985 793 1013 faciens.
820 985 842 1012 0
868 986 994 1013 candela-

204 1035 283 1061 brum
298 1033 461 1068 virgineum,
472 1032 545 1068 quod
560 1033 650 1067 ignem
666 1035 694 1058 et
712 1032 801 1058 oleum
814 1031 995 1066 inseparabile

205 1077 238 1105 ad
249 1077 457 1104 iiluminaudum
470 1077 573 1103 intulit.
588 1075 612 1104 Ο
623 1076 817 1103 candelabrum
831 1076 993 1110 virgineum.

204 1123 276 1159 quod
289 1123 323 1150 ab
333 1123 468 1150 altissimo
480 1122 579 1149 throno
591 1121 697 1156 accepit
709 1125 749 1148 ter
761 1120 881 1148 lucidum
893 1121 994 1156 ignem,

207 1177 306 1200 unum.
321 1169 582 1204 inexstinguibilem,
597 1166 870 1199 consubstantialem,
883 1171 909 1194 et
919 1168 951 1194 ad
964 1167 996 1193 il-

205 1215 374 1243 lustrandam
408 1218 509 1242 terram
537 1213 718 1249 rcsplenduit.
751 1213 773 1240 Ο
802 1213 995 1241 candelabrum

204 1262 373 1296 virgineum,
398 1260 432 1287 de
451 1258 507 1295 quo
531 1267 579 1295 per
603 1259 766 1294 Prophetam
791 1258 862 1286 Deus
887 1259 995 1292 inquit:

208 1305 278 1333 Illuc
288 1305 432 1340 producam
445 1313 526 1331 cornu
536 1304 631 1337 David,
644 1304 736 1337 paravi
750 1304 883 1330 lucernam
891 1303 997 1331 Christo

206 1351 292 1378 meo‘.
309 1350 414 1377 Corona
429 1350 502 1384 regia
514 1350 744 1384 pretiosissimum
755 1349 996 1384 babenslapidem.

208 1399 237 1424 et
251 1395 365 1431 gemmis
381 1395 496 1422 similem
512 1394 668 1426 Christum;
693 1401 813 1429 purpura
837 1395 922 1430 regia,
937 1401 998 1430 qua:

208 1443 271 1470 cmli
294 1445 427 1476 terraeque
453 1447 543 1475 regem
571 1439 670 1473 induit,
697 1441 850 1468 universale
876 1441 998 1476 corporis

209 1487 398 1515 indumentum
427 1492 575 1521 purpuram
599 1485 740 1518 referens,
773 1486 998 1514 constantissima

207 1533 426 1562 Christianorum
454 1531 539 1563 ﬁdes;
560 1531 628 1558 liber
653 1531 908 1566 incomprehensus,
935 1539 996 1567 qua

209 1560 331 1607 Verbum
351 1583 378 1605 et
392 1577 489 1604 Filium
514 1560 603 1603 Patris
625 1577 726 1604 mundo
746 1560 906 1611 llegendum'
921 1560 998 1605 cahi-
1012 1560 1032 1587 Ο

211 1621 306 1650 buisti.
323 1621 406 1649 Beata
419 1621 490 1648 inter
505 1621 643 1654 mulieres,
662 1629 723 1656 qua:
735 1621 854 1649 Verbum
868 1630 900 1650 ex
918 1628 945 1650 te
961 1623 999 1649 in-

210 1669 351 1692 earnatum
368 1663 641 1699 peperisti,Verbum,
653 1665 774 1700 inquam,
790 1665 876 1694 Palris
887 1666 996 1697 Filium,

215 1709 330 1736 Verbum
354 1712 415 1735 ante
437 1708 534 1735 saecula
563 1708 658 1741 Deum,
675 1709 792 1737 Verbum
812 1711 889 1738 initio
901 1719 998 1740 carens

212 1759 238 1781 et
249 1758 391 1785 aeternum,
407 1753 526 1781 Verbum
549 1762 611 1782 cum
628 1754 707 1783 Patre
725 1760 752 1783 et
775 1756 877 1792 Spiritu
903 1763 999 1786 sancto

212 1799 330 1831 unitum,
346 1799 464 1827 Verbum
481 1800 606 1827 eumdem
624 1807 686 1827 cum
701 1800 782 1829 Patre
804 1802 906 1829 habens
924 1803 1000 1829 thro-

213 1851 287 1877 num,
309 1842 426 1874 Verbum
442 1844 540 1872 sedens
565 1852 646 1880 super
661 1845 812 1879 cherubim,
836 1851 863 1874 et
880 1846 998 1874 Verbum

213 1888 285 1924 quod
301 1889 454 1924 gloriﬁcant
470 1889 599 1916 animalia
613 1889 819 1924 quadruplicem
836 1891 931 1918 faciem
952 1892 999 1918 ha-

215 1934 315 1967 bentia,
327 1933 448 1962 Verbum
459 1935 530 1970 quod
543 1937 644 1963 creavit
658 1936 779 1971 angelos,
796 1935 914 1964 Verbum
927 1938 997 1972 quod

216 1980 279 2007 fecit
292 1983 322 2007 ut
346 1980 517 2015 principatus
539 1984 566 2008 et
587 1985 736 2016 potestates
762 1987 864 2014 essent,
881 1982 998 2010 Verbum

213 2025 286 2060 quod
308 2025 428 2052 extendit
451 2025 536 2054 caelos
557 2029 585 2053 et
609 2030 709 2054 terram
727 2026 860 2060 condidit,
880 2027 998 2055 Verbum

213 2077 307 2098 verum
327 2069 411 2098 Deum
433 2071 523 2105 ipsum
539 2071 679 2099 Christum
696 2071 840 2099 Dominum
863 2077 998 2106 nostrum,

212 2123 305 2150 quem,
313 2116 484 2144 sanctissima
493 2116 587 2151 Virgo,
595 2117 734 2152 peperisti,
744 2122 770 2145 et
777 2118 867 2145 denuo
874 2122 934 2154 post
941 2126 1000 2154 par-

213 2166 269 2188 tum
281 2161 368 2196 virgo,
377 2169 438 2196 quae
444 2169 578 2197 gemmam
586 2163 749 2197 produxisti,
756 2171 885 2191 coronam
899 2164 998 2199 regiam

213 2207 349 2243 plexuisti.
372 2206 395 2235 0
420 2208 498 2235 beata
517 2207 609 2243 Virgo.
634 2216 695 2243 quae
721 2209 834 2243 gloriam
859 2209 998 2236 cmlcstcm
1014 2220 1036 2247 ι)

213 2253 338 2288 portasti,
364 2257 390 2279 et
412 2261 445 2280 ex
470 2253 563 2280 multis
592 2253 704 2281 floribus
728 2255 845 2288 paradisi
866 2255 997 2288 mundum

213 2299 297 2326 odore
311 2297 383 2325 bono
395 2298 515 2332 replesti.
529 2297 610 2333 Virgo
623 2302 665 2325 est
680 2299 764 2325 lilium
781 2299 997 2331 immaculatum,

213 2351 274 2378 qua:
299 2350 390 2371 rosam
424 2343 676 2372 inmarcescibilem
706 2344 811 2379 genuit,
840 2344 998 2379 Christum;

213 2389 278 2416 vitis
294 2388 416 2416 veritatis
434 2388 611 2421 fertilissima,
628 2393 655 2416 et
671 2390 743 2424 quod
761 2389 795 2417 ad
816 2390 998 2425 virginitatem

215 2434 326 2461 minime
341 2434 524 2468 vindemiata;
553 2442 613 2469 qua:
629 2435 692 2462 licet
713 2443 767 2463 non
785 2435 868 2469 fossa,
884 2445 998 2465 uvarum

215 2484 304 2506 tamen
316 2478 502 2507 feracissima:
517 2487 614 2514 nempe
627 2487 688 2515 qua
701 2485 834 2508 maturam
848 2489 926 2509 uvam
939 2490 1000 2517 ger-

213 2523 328 2551 minavit
344 2523 494 2552 Gbristum.
514 2525 706 2559 Quamobrem,
720 2527 892 2555 sanctissima
909 2527 999 2563 Virgo,

213 2568 259 2596 fac
282 2568 362 2596 nobis
385 2569 475 2602 ﬁdem,
502 2577 555 2605 qua
579 2571 684 2599 ratione
709 2573 914 2607 germinaveris,
941 2581 996 2608 quo

215 2617 295 2649 pacto
314 2615 466 2650 suscipiens
483 2615 612 2650 Verbum,
641 2618 713 2652 quod
735 2621 777 2646 est
801 2622 864 2646 ante
887 2620 995 2653 saecula,

215 2661 302 2686 mater
314 2657 361 2685 Dei
376 2658 434 2686 visa
450 2659 491 2687 sis
504 2668 586 2696 super
601 2666 712 2688 terram.
735 2661 791 2697 Ego
812 2663 888 2698 virgo
905 2664 996 2692 incure

842 149 943 177 DUBIA
963 150 1033 178 AUT
1055 149 1190 178 SPURIA.

1782 147 1836 176 ‘96

1039 212 1191 245 ἅφλέκτως,
1205 210 1242 242 ὼς
1259 209 1340 246 νοερὰ
1357 210 1446 245 βάτος,
1466 208 1658 244 κατέχουσα,ή
1678 207 1761 244 νοερὰ
1777 209 1839 236 κλί-

1042 257 1132 289 ϐανος,
1149 257 1166 292 ἡ
1184 256 1214 282 τὸ
1231 256 1286 292 πῦρ
1301 256 1347 282 καὶ
1368 255 1412 282 τὸν
1430 255 1510 291 ἄρτον
1528 255 1578 290 τῆς
1596 255 1668 289 ζωῆς
1681 254 1784 290 θερμὸν
1799 254 1839 290 τῷ

1040 303 1135 337 κόσμῳ
1165 302 1232 337 πρὸς
1262 301 1364 336 βρῶσιν
1392 301 1543 335 ὲνέγκασα-
1572 300 1637 336 περὶ
1663 297 1693 327 οὗ
1722 300 1799 334 λέγει
1826 301 1841 326 6

1041 348 1137 383 Σωτὴρ
1166 348 1213 374 τοῦ
1244 347 1348 382 κόσμου
1380 347 1516 381 Χριστόςε
1549 346 1678 377 Λάϐετε,
1707 345 1839 380 φάγετε·

1040 394 1130 422 τοῦτό
1144 403 1202 428 μου
1219 393 1284 420 ἐστὶ
1299 393 1332 419 τὸ
1349 391 1443 426 σῶμα,
1453 392 1485 418 τὸ
1496 390 1571 426 ὑπὲρ
1588 390 1670 426 ὑμῶν
1682 391 1842 426 κλώμενον

1042 442 1084 474 εἱς
1100 440 1209 475 ἄφεσιν
1232 437 1392 473 ἁμαρτιῶν.
1421 436 1536 463 Πλουσία
1557 437 1607 472 τῆς
1633 436 1804 472 παρθενικῆς
1823 437 1841 471 ἡ

1042 485 1194 520 πανάρετος
1212 483 1346 519 τράπεζα,
1370 480 1393 509 ὦ
1416 482 1564 518 ἀγαπητοὶ,
1585 482 1720 509 παντοίων
1746 481 1842 509 καλῶν

1043 531 1195 568 βρωμάτων
1216 530 1284 566 πρὸς
1304 529 1451 556 ἀπόλαυσιν
1465 531 1498 565 τῇ
1516 529 1661 564 οἰκουμένῃ
1681 529 1842 564 ἐδωρήσατο

1043 578 1059 613 ἡ
1075 577 1136 604 όσία
1154 576 1292 612 Παρθένος
1306 575 1353 602 καὶ
1375 576 1466 611 μήτηρ
1479 575 1525 602 τοῦ
1541 575 1669 611 Χριστοῦ,
1687 575 1704 610 ή
1717 575 1764 601 τὸν
1781 583 1841 608 φω-

1042 623 1130 650 τεινδν
1151 623 1248 658 λύχνον
1268 622 1315 649 τὸν
1342 621 1517 656 ὲκλάμποντα
1539 622 1567 647 ἐν
1590 620 1698 656 οὐρανῷ
1720 621 1769 647 καὶ
1794 620 1842 646 ἐπὶ

1043 670 1094 704 γῆς
1112 669 1270 704 βαστάσασα
1285 668 1416 704 Χριστόν·
1437 667 1504 702 πρὸς
1528 667 1561 703 ἣν
1581 668 1595 693 6
1617 667 1762 702 προφήτης
1789 667 1842 693 Ζα-

1043 715 1158 751 χαρίας·
1182 715 1256 742 Ἰδοὺ
1281 715 1394 749 λυχνία
1417 713 1516 748 χρυσῆ
1541 713 1590 740 καὶ
1609 714 1642 740 τὸ
1665 713 1842 748 λαμπάδιον

1044 760 1145 787 ἐπάνω
1159 759 1264 794 αὐτῆς.
1280 759 1431 795 Τοιγαροῦν
1451 759 1496 786 καὶ
1512 759 1526 785 ό
1541 758 1623 785 Δαϐὶδ
1640 759 1670 784 τὺ
1691 758 1841 793 μελῳδικον

1045 803 1122 842 ᾆσμα
1143 806 1221 832 τοῦτο
1247 804 1313 841 βοᾷ·
1329 805 1448 840 Λύχνος
1463 804 1525 837 τοῖς
1538 804 1612 831 ποσί
1630 813 1689 839 μου
1711 805 1728 831 ό
1748 805 1841 839 λόγος

1045 858 1115 883 σου,
1130 851 1179 878 καὶ
1191 850 1253 885 φῶς
1265 850 1328 883 τοῖς
1342 850 1452 884 τρίϐοις
1464 858 1534 884 μου.

1079 894 1114 923 Ὦ
1130 897 1226 932 λυχνία
1246 895 1408 932 παρθενικὴ,
1433 896 1449 930 ἠ
1480 895 1510 922 τὸ
1536 895 1630 927 σκότος
1648 894 1840 922 ἁπελαύνουσα

1045 943 1135 970 καὶτὸ
1153 942 1210 977 φῶς
1232 940 1452 976 καταυγάζουσα.
1470 938 1505 967 Ὦ
1523 941 1618 976 λυχνία
1643 940 1807 976 παρθενικὴ,
1821 941 1839 975 ἠ

1044 990 1075 1016 τδ
1087 989 1143 1025 πῦρ
1159 989 1206 1016 καὶ
1222 988 1253 1014 τὸ
1271 987 1359 1014 ἔλαιον
1379 986 1529 1022 ἀχώριστον
1548 986 1616 1022 πρὸς
1631 985 1772 1021 φωτισμὸν
1795 986 1840 1012 ὲν-

1045 1036 1160 1070 έγκασα.
1187 1032 1222 1061 'n
1252 1033 1346 1069 λυχνία
1370 1032 1530 1068 παρθενικὴ,
1560 1032 1695 1067 τρίφωτον
1725 1031 1755 1057 ἓν
1783 1031 1840 1066 πῦρ

1045 1080 1186 1110 ἄσϐεστον,
1198 1078 1339 1114 όμοούσιον
1355 1078 1400 1112 ἀφ’
1414 1077 1581 1112 ὑψηλοτάτου
1595 1076 1689 1112 θρόνου
1706 1076 1839 1109 λαϐοῦσα,

1046 1126 1093 1152 καὶ
1111 1125 1180 1161 πρὸς
1197 1124 1336 1159 φωτισμὸν
1353 1125 1402 1159 τῆς
1425 1123 1587 1159 οἰκουμένης
1610 1122 1785 1158 ἐκλάμψασα.
1806 1120 1840 1149 Ὦ

1045 1170 1140 1205 λυχνία
1157 1169 1318 1204 παρθενικὴ,
1334 1169 1399 1204 περὶ
1417 1166 1451 1204 ἧς
1474 1168 1518 1194 διὰ
1540 1167 1587 1195 τοῦ
1603 1168 1746 1204 Προφήτου
1765 1167 1841 1202 λέγει

1046 1217 1060 1243 ό
1073 1215 1153 1248 Θεός⁶
1176 1215 1257 1242 Ἐκεῖ
1273 1213 1444 1247 ὲξανατελῶ
1468 1214 1557 1248 κέρας
1581 1213 1622 1246 τῷ
1645 1213 1744 1247 Δαόὶδ,
1759 1213 1840 1247 ’ἡτοί-

1044 1268 1128 1296 μασα
1148 1262 1264 1295 ,λύχνον
1284 1260 1324 1293 τῷ
1344 1259 1458 1294 Χριστῷ
1479 1269 1549 1295 μου.
1571 1261 1601 1287 '0
1619 1260 1758 1296 βασιλικὸς
1777 1260 1839 1287 στέ-

1047 1315 1141 1341 φανος,
1168 1306 1213 1332 τὸν
1237 1305 1448 1342 μαργαριτοειδῆ
1471 1305 1617 1341 πολύτιμον
1641 1305 1740 1341 ἔχουσα
1767 1305 1840 1332 λίθον

1047 1352 1164 1387 Χριστόν
1174 1361 1181 1367 ·
1196 1353 1213 1386 ἡ
1230 1352 1355 1387 βασιλικὴ
1372 1352 1511 1387 πορφύρα,
1525 1352 1572 1378 τὸν
1593 1351 1709 1386 οὐρανοῦ
1725 1351 1774 1377 καὶ
1789 1351 1840 1386 γῆς

1047 1397 1179 1424 ἐνδύσασα
1196 1397 1305 1432 βασιλέα
1319 1398 1348 1424 τὸ
1363 1397 1551 1433 οἰκουμενικὸν
1564 1397 1610 1424 τοῦ
1633 1397 1760 1432 σώματος
1776 1406 1840 1432 πορο

1048 1445 1189 1480 φυροειδὲς
1214 1444 1330 1480 ἔνδυμα*
1355 1445 1372 1480 ὴ
1395 1443 1560 1479 ἀκηλίδωτος
1582 1443 1636 1469 τῶν
1670 1443 1840 1477 Χριστιανῶν

1049 1492 1157 1523 πίστις·
1173 1491 1189 1526 ἡ
1208 1491 1399 1524 ἀκατάληπτος
1421 1489 1520 1525 βίϐλος,
1537 1489 1553 1524 ἠ
1567 1488 1612 1515 τὸν
1631 1489 1719 1522 Λόγον
1733 1488 1781 1514 καὶ
1796 1488 1840 1514 τόν

1049 1536 1115 1563 Υίὸν
1143 1535 1189 1563 τοῦ
1218 1536 1324 1571 Πατρδς
1350 1535 1388 1570 τῷ
1417 1535 1511 1570 κόσμῳ
1539 1533 1785 1569 παραναγνώσασα,
1809 1533 1839 1559 Ἦ

1051 1582 1174 1618 μακαρία
1195 1582 1223 1607 ὲν
1245 1581 1408 1616 γυναιξὶν,ή
1434 1581 1479 1607 τὸν
1503 1580 1588 1612 Λόγον
1608 1579 1639 1605 ὲκ
1664 1578 1711 1605 σοῦ
1735 1587 1840 1614 σαρκω-

1049 1627 1130 1654 θέντα
1146 1627 1272 1659 τεκοῦσα,
1292 1626 1378 1661 Λόγον
1400 1625 1446 1652 τὸν
1468 1624 1514 1652 τοῦ
1534 1624 1641 1660 Πατρὺς
1661 1624 1737 1655 Υἱὺν,
1756 1625 1840 1659 Λόγον

1048 1672 1094 1698 τὸν
1117 1671 1276 1707 προαιώνιον
1299 1671 1381 1703 Θεὸν,
1410 1671 1495 1705 Λόγον
1520 1671 1652 1705 ἄναρχον,
1673 1670 1721 1696 καὶ
1744 1669 1838 1701 ἀΐδιον,

1050 1718 1135 1750 Λόγον
1152 1717 1198 1744 τὸν
1214 1718 1262 1743 σὺν
1289 1717 1375 1752 Πατρὶ
1403 1717 1449 1743 καὶ
1472 1716 1541 1751 ἁγίῳ
1565 1716 1703 1750 Πνεύματι
1722 1724 1839 1751 προσκυ-

1049 1764 1186 1797 νούμενον,
1205 1762 1290 1796 Λόγον
1314 1762 1360 1788 τὸν
1386 1761 1528 1797 σύνθρονον
1548 1761 1595 1788 τοῦ
1621 1761 1737 1798 Πατρός,
1757 1762 1838 1795 Λόγον

1048 1808 1094 1834 τὸν
1121 1808 1167 1833 ἐπὶ
1189 1807 1243 1833 τῶν
1275 1807 1422 1842 χερουϐεἱμ
1452 1807 1615 1842 καθήμενον,
1635 1807 1732 1840 Λόγον,
1756 1807 1786 1833 ὃν
1806 1808 1838 1834 τὰ

1048 1853 1224 1889 τετράμορερα
1241 1852 1298 1884 ζῶα
1311 1852 1489 1886 δοξολογοῦσι,
1504 1853 1589 1887 Λόγον
1612 1853 1657 1880 τὸν
1680 1854 1744 1885 τοὺς
1758 1855 1837 1888 ἀγγέ-

1049 1899 1111 1931 λους
1130 1900 1270 1930 κτίσαντα,
1288 1899 1373 1933 Λόγον
1389 1899 1435 1926 τὸν
1462 1899 1549 1934 ἀρχὰς
1564 1899 1610 1926 καὶ
1631 1899 1754 1932 ἐξουσίας
1771 1898 1836 1927 εἶναι

1050 1945 1112 1980 ποιή
1119 1954 1211 1975 ταντα,
1228 1944 1314 1979 Λόγον
1328 1945 1373 1971 τδν
1388 1945 1518 1980 οὐρανοὺς
1538 1945 1706 1976 ἐκτείναντα,
1725 1946 1772 1972 καὶ
1790 1946 1835 1980 τὴν

1050 1991 1100 2024 γῆν
1129 1990 1290 2025 ἑδράταντα,
1313 1990 1398 2025 Λόγον
1423 1991 1468 2017 τὸν
1491 1990 1615 2026 ἀληθινὸν
1641 1991 1707 2018 Θεὸν
1737 1992 1835 2027 Ἰησοῦν

1050 2035 1165 2069 Χριστὸν
1181 2035 1227 2061 τὸν
1241 2035 1343 2071 Κύριον
1355 2036 1442 2071 ἡμῶν,
1459 2036 1488 2062 ὃν
1504 2036 1605 2068 ἔτεκες.
1623 2037 1744 2071 παναγία
1764 2040 1835 2074 Παρ-

1050 2080 1121 2112 θένε,
1139 2081 1187 2107 καὶ
1205 2081 1274 2115 μετὰ
1289 2081 1369 2107 τόκον
1384 2081 1465 2108 πάλιν
1481 2081 1624 2116 παρθένος,
1640 2082 1656 2116 ἡ
1672 2081 1718 2108 τὸν
1735 2091 1836 2117 μαργα-

1052 2126 1128 2161 ρίτην
1140 2126 1267 2157 τεκοῦσα,
1282 2127 1329 2152 καὶ
1342 2126 1387 2153 τὸν
1402 2126 1539 2160 βασιλικὸν
1559 2127 1691 2161 στέφανον
1707 2127 1833 2159 πλέξασα.

1050 2169 1085 2197 Ὦ
1103 2172 1224 2206 μακαρία
1241 2171 1373 2206 Παρθένε,
1389 2172 1405 2207 ἡ
1422 2172 1471 2207 τὴν
1487 2172 1610 2207 οὐράνιον
1629 2172 1707 2205 δόξαν
1726 2171 1837 2208 βλαστή-

1052 2224 1132 2245 σασα,
1146 2217 1162 2250 ἡ
1177 2216 1230 2242 ἀπὸ
1247 2216 1351 2242 πολλῶν
1373 2217 1460 2243 ἀνθῶν
1481 2217 1527 2243 τοῦ
1551 2217 1712 2253 παραδείσου
1729 2217 1775 2244 τὸν
1794 2218 1834 2244 κό-

1052 2269 1120 2295 σμον
1146 2262 1243 2297 εὐωδία
1272 2262 1447 2298 πληρώσασα,
1473 2263 1572 2298 Κρίνον
1593 2263 1705 2290 ἄσπιλον
1723 2264 1834 2299 ὑπάρχει

1053 2305 1069 2340 ἡ
1083 2306 1228 2342 Παρθένος,
1242 2307 1273 2333 τὸ
1285 2309 1439 2343 ἀμάραντον
1454 2309 1529 2343 ρόξον
1545 2309 1697 2344 γεννήσασα
1712 2309 1833 2344 Χριστὸν,

1052 2351 1069 2385 ἡ
1084 2351 1205 2385 ἄμπελος
1219 2352 1267 2387 τῆς
1282 2352 1418 2387 ἀληθείας,
1433 2353 1448 2388 ἡ
1463 2353 1613 2389 πολύφορος
1628 2354 1674 2380 καὶ
1688 2354 1836 2389 ἀτρύγητος

1052 2397 1085 2431 τῇ
1101 2396 1244 2431 παρθενίᾳ,
1258 2399 1274 2432 ὴ
1290 2398 1326 2433 μὴ
1350 2400 1493 2432 σκαφεῖσα,
1514 2399 1561 2425 καὶ
1588 2399 1832 2435 βοτρυοφορήσασα,

1052 2442 1068 2469 ὴ
1087 2441 1131 2468 τὸν
1155 2441 1284 2478 πέπειρον
1306 2443 1403 2478 βότρυν
1430 2443 1602 2479 βλαστήσασα
1626 2445 1754 2479 Χριστόν.
1778 2445 1833 2477 Πῶς

1051 2484 1097 2513 οὖν
1120 2486 1300 2522 ὲΰλάστησας,
1330 2490 1421 2516 πεῖσον
1448 2490 1530 2524 ἡμᾶς,
1556 2490 1677 2523 παναγία
1700 2490 1832 2525 Παρθένε’

1053 2532 1112 2564 πῶς
1127 2533 1216 2568 μήτηρ
1229 2534 1295 2560 Θεοῦ
1312 2534 1405 2570 ὤφθης
1423 2535 1469 2562 ἐπὶ
1482 2536 1544 2570 γῆς,
1567 2536 1652 2569 Λόγον
1677 2535 1833 2571 προαιώνιον

1049 2576 1194 2613 δεξαμένη.
1215 2579 1245 2605 'H
1261 2579 1487 2616 κοιλιοφορήσασα
1501 2581 1635 2616 παρθένος
1657 2581 1713 2616 ἐγὼ
1734 2581 1832 2616 ἄφθαρ-

1048 2631 1104 2654 τος,
1128 2623 1190 2655 ναὸς
1212 2625 1361 2659 ἀμόλυντος
1393 2626 1492 2660 γέγονα
1523 2626 1571 2652 τοῦ
1599 2627 1786 2662 ένοικήσαντος
1805 2627 1832 2653 ιν

1050 2669 1111 2703 ἐμοὶ
1131 2669 1218 2704 Λόγου
1233 2670 1300 2697 Θεοῦ
1317 2671 1514 2707 ἀπειρογάμου.

215 2709 379 2755 rupta-quae
395 2705 422 2734 in
445 2711 520 2735 utero
540 2709 653 2743 gestavi,
667 2709 762 2737 effecta
785 2718 844 2738 sum
865 2713 994 2747 templum
1012 2714 1182 2750 impollutum
1198 2718 1347 2746 habitantis
1370 2705 1397 2746 in
1421 2705 1464 2747 me
1489 2719 1570 2748 Verbi
1600 2719 1648 2748 Dei
1680 2720 1830 2755 nuptiarum

213 2752 344 2786 expertis.

249 2799 258 2814 ‘
268 2797 361 2826 Matth.
374 2808 434 2828 xxVI

218 2841 307 2866 cam,
322 2834 366 2862 Π.

441 2822 447 2835 ,
463 2802 497 2829 26
514 2802 549 2831 28
560 2803 652 2835 ;ldare.
667 2811 724 2836 xw,
735 2804 836 2838 22-26;
858 2804 924 2833 Luc.
940 2814 995 2834 xxii

1048 2807 1118 2835 7-20.
1156 2809 1167 2824 ’
1190 2808 1272 2837 Zacb.
1290 2817 1328 2841 Iv,
1341 2810 1368 2837 2.
1407 2811 1501 2839 'Psal.
1515 2817 1616 2844 cxvm,
1632 2809 1693 2839 105.
1741 2809 1827 2839 ‘l‘sal.
