1929 3038
108 162 162 191 197

466 166 607 194 IlOMlLiA
628 167 661 195 V.
683 167 715 195 IN
742 166 880 196 LAUDES
900 166 1051 194 ΞΛΜ)Ῥῶ
1067 167 1190 195 MARle
1210 167 1385 195 DEIPAPuE.

1689 169 1738 196 £98

142 221 197 250 Τὸν
219 223 394 259 Ἐμμανουὴλ
413 224 443 251 ὲν
458 225 589 261 ἀφθάρτῳ
605 225 694 262 κοιλίᾳ
711 226 843 262 φέρουσα,
863 226 902 257 εἰς

988 223 1317 260 Εηιηιοηυοιειῐι.εοειανί
1340 225 1366 252 in
1398 229 1476 252 utero
1504 225 1686 261 incorrupto,
1712 225 1739 252 in

109 269 233 304 γαστέρα
258 269 427 305 ὰμόλυντον,
454 270 658 307 ἀφομοιουμένη
689 271 776 306 θρόνῳ
809 280 905 307 χερου-

110 315 195 350 σικῷ·
224 315 265 346 εἰς
280 316 313 350 ῆν
334 317 348 342 ὁ
367 316 452 350 Λόγος
469 316 516 343 τοῦ
531 316 637 352 Πατρὸς
663 317 729 353 σὰρξ
752 317 869 351 ἐγένετο,
892 317 906 344 ὁ

111 361 229 397 ἄναρχος
253 361 300 388 καὶ
320 362 450 398 ἀόρατος·
469 362 564 397 ὁρατὸς
589 363 778 399 οἰκονομικῶς,
795 365 809 390 ο
828 364 906 390 ἐναν-

114 407 263 442 θρωπήσας
283 407 365 439 Θεόςο
384 409 481 443 πεῖραν
503 408 553 434 οὐκ
577 409 711 441 ὲγνωκυῖα
732 409 838 444 ἀνδρὸς,
861 409 906 436 τὸν

112 453 277 487 προαιώνιον
299 453 366 480 Θεὸν
386 453 489 489 Ἰησοῦν
509 455 626 489 Χριστὸν
644 454 748 482 ἔτεκον.
770 454 908 490 Παρθένος

112 498 167 533 γὰρ
192 498 238 525 καὶ
257 499 305 525 νῦν
320 499 435 534 ὑπάρχω
460 499 529 534 μετὰ
551 500 597 526 τὸν
612 500 701 531 τόκον,
726 499 907 535 καθαρωτέρα

112 542 159 568 τοῦ
177 542 284 578 πρώην.
306 545 425 576 ’Λπόνως
440 545 542 578 ἔτεκον,
556 546 608 582 οὐχ
619 545 657 577 ὡς
673 546 748 573 πᾶσα
763 546 848 581 γυνή·
864 546 907 573 ἀν-

112 588 194 623 όμοια
208 589 261 625 γὰρ
276 589 341 624 ἐμοῦ
357 591 491 618 κάκείνων
507 590 542 617 τὰ
562 591 662 627 μεταξὺ
682 592 842 626 πράγματα.
852 592 908 618 Οὐκ

113 633 185 668 ἔγνω
201 635 281 669 φύσις
299 635 450 671 ἀνθρώπων
466 636 511 663 τὸν
524 637 602 663 τόκον
620 646 683 671 μου,
699 638 723 663 εί
741 637 777 672 μὴ
800 637 879 672 μόνος
894 638 908 664 ὁ

114 680 142 705 ὲν
166 680 230 714 ἐμοὶ
252 681 366 716 οἰκήσας
392 681 467 714 Θεός.
491 680 526 709 Ὦ
552 682 694 718 Παρθένε,
722 682 833 717 φρικτὸν
858 681 908 717 τῆς

119 724 284 759 Ἐκκλησίας
311 727 460 762 κειμήλιον,
485 727 514 754 τὺ
544 727 616 761 μάγα
638 727 719 762 τυχὸν
747 728 906 763 μυστήριον,

113 768 191 803 lapsa
203 769 279 796 καλεῖ
294 770 342 805 τὴν
358 771 492 806 παρθένον
510 771 578 806 ὁμοῦ
597 780 626 797 τε
640 772 687 798 καὶ
704 771 907 807 θυσιαστήριον-

112 815 174 849 ἦτις
198 815 439 852 τραπεζοφοροῦσα
459 817 504 843 τὸν
532 817 655 853 οὐράνιον
681 817 762 853 ἄρτον
789 818 907 853 Χριστὸν

113 860 214 887 ἔδωκεν
229 861 306 896 ἡμῶν
318 862 358 893 εἰς
379 862 474 896 ἄφεσιν
499 862 650 898 ἁμαρτιῶν.
667 864 699 889 Ὢ
714 863 820 899 γαστὴρ
837 864 906 898 ἀμό-

113 905 206 938 λυντος
228 906 341 942 οὐρανὸν
365 907 461 934 κύκλον
486 907 594 942 ἔχουσα,
613 909 659 934 κα)⁹
674 908 739 935 θεδν
753 908 904 944 ἀχώρητον,

113 952 142 978 ἐν
164 952 206 978 σοὶ
224 951 252 978 δὲ
272 953 394 988 χωρητδν
424 953 590 988 βαστάσασα.
609 955 641 980 Ὢ
665 954 770 990 γαστὴρ
789 954 903 990 οὐρανοῦ

113 997 283 1033 πλατυτέρα,
302 998 367 1024 Θεὸν
384 997 429 1025 τὸν
450 999 479 1025 ἐν
499 999 540 1024 σοὶ
563 998 600 1034 μὴ
622 997 856 1034 στενοχωρήσασα.
875 1000 906 1026 Ὢ

113 1042 220 1078 γαστὴρ
249 1043 417 1075 ἑπτάκυκλος
445 1043 575 1079 οὐρανὸς,
598 1045 645 1070 καὶ
669 1044 832 1080 μειζοτέρως
856 1045 904 1071 αὐ-

113 1087 167 1114 τῶν
191 1088 372 1123 τυγχάνουσα.
394 1089 425 1115 Ὦ
448 1087 553 1123 γαστὴρ
580 1088 650 1115 ἑπτὰ.
668 1089 788 1125 οὐρανῶν
809 1089 907 1124 ὑψηλο-

112 1132 181 1168 τέρα
209 1133 256 1159 καὶ
277 1133 441 1169 πλατυτέρα.
463 1134 494 1159 Ὢ
512 1135 618 1170 γαστὴρ
646 1135 660 1161 ὀ
683 1134 773 1168 ὄγδοος
794 1135 907 1171 οὐρανὸς

115 1178 313 1213 στερεωμάτων
332 1179 454 1214 ὰνωτέρα
480 1180 513 1206 Ὢ
531 1180 637 1215 γαστὴρ
655 1180 815 1215 ὲπταφώτου
830 1180 908 1216 χάρι-

113 1233 159 1255 τος
179 1223 210 1250 τὸ
224 1224 355 1251 ἄσϐεστον
371 1224 470 1260 ἔχουσα
486 1225 554 1259 φῶς.
575 1226 607 1252 Τί
627 1225 713 1259 εἴπω,
728 1226 744 1261 ἢ
759 1225 784 1252 τί
799 1225 908 1261 λαλήσω

114 1270 180 1305 περὶ
194 1271 245 1305 τῆς
262 1272 363 1306 σεμνῆς
386 1271 431 1297 καὶ
452 1271 531 1305 ἁγίας
552 1271 705 1306 Παρθένους
724 1272 753 1298 '0
771 1271 851 1303 πόθος
865 1271 908 1298 ἐλ-

114 1324 156 1343 κει
170 1324 205 1350 με
223 1315 311 1350 λέγειν
328 1316 454 1352 περὶτῆς
467 1317 607 1349 Θεοτὸκου,
626 1317 672 1344 καὶ
692 1317 774 1352 φόϐος
798 1317 908 1353 κατέχει

117 1371 150 1397 με
162 1362 210 1388 τοῦ
227 1363 343 1398 σιωπᾷν,
358 1362 408 1389 οὐκ
428 1362 511 1394 ἀξίως
525 1363 593 1398 ἔχων
609 1362 657 1390 τοῦ
677 1362 775 1397 λέγειν.
798 1363 827 1390 '0
846 1363 908 1395 νοῦς

115 1409 303 1444 προκαλεῖται,
324 1409 370 1435 καὶ
387 1409 401 1435 ὁ
418 1408 499 1443 φόϐος
517 1408 682 1435 ἀπωθεῖται·
705 1409 734 1440 ὃς
761 1409 811 1444 μὲν
835 1409 908 1436 ἕλκει

117 1463 161 1489 με,
177 1454 207 1486 ὃς
220 1454 248 1480 δὲ
265 1454 388 1481 ἀνθέλκει
411 1463 454 1488 με.
480 1455 588 1490 Ἐπειδὴ
612 1452 658 1482 οὖν
682 1455 828 1491 συνέχομαι
855 1455 909 1482 τῶν

115 1500 290 1535 ἀμφοτέρων,
302 1499 435 1535 συμφέρει
460 1508 504 1534 μοι
529 1499 642 1535 λαλῆσαι
665 1501 793 1537 περὶτῆς
811 1501 909 1536 μεγαλ-

115 1546 226 1582 ωνύμου
242 1547 287 1573 καὶ
301 1547 376 1578 ὁσίας
391 1547 538 1582 Παρθένου.
555 1548 634 1582 Λέγω
646 1547 700 1584 γὰρ
712 1548 813 1584 ταύτην
828 1549 909 1584 οὐρα-

116 1591 161 1618 νδν
176 1591 225 1618 καὶ
238 1592 331 1627 Θρόνον
349 1593 415 1627 ὁμοῦ
434 1602 464 1619 τε
483 1594 529 1620 καὶ
548 1593 677 1629 σταυρόν·
693 1593 743 1626 τὰς
758 1593 813 1629 γὰρ
829 1594 909 1629 ἁγίας

115 1637 240 1672 ἀγκάλας
252 1638 404 1670 ἐκτείνασα,
413 1638 458 1665 τὸν
469 1639 609 1674 Δεσπότην
625 1638 775 1668 ἐϐάστασεν
788 1641 801 1667 (ι
815 1640 911 1675 θρόνος

117 1684 287 1720 χερουϐικδς,
309 1685 490 1720 σταυροειδὴς,
508 1686 642 1722 οὐράνιος,
665 1688 728 1723 περὶ
746 1685 780 1723 ἧς
800 1688 844 1714 διὰ
857 1688 910 1716 τῶν

118 1730 235 1765 Γραφῶν
256 1731 285 1757 ὲν
304 1731 428 1766 οὐρανοῖς
442 1732 624 1767 παρακύπτω,
638 1733 685 1759 καὶ
701 1733 792 1768 βλέπω
810 1733 912 1769 ταύτην

121 1775 172 1802 ὑπὸ
194 1776 316 1810 ἀγγέλων
337 1777 588 1813 προσκυνουμένην.
608 1778 690 1806 Ὅθεν
710 1778 816 1814 πρῶτον
829 1771 845 1805 δ
858 1780 911 1807 Γα-

120 1821 200 1857 ϐριὴλ
222 1822 272 1857 τὴν
293 1822 429 1857 Παρθένον
452 1823 615 1855 ἀσπάζεταιο
633 1824 730 1858 Χαῖρε,
758 1832 912 1858 κεχαριτω-

119 1867 207 1901 μένη,
230 1868 246 1893 d
270 1866 380 1901 Κύριος
394 1868 471 1902 μετὰ
485 1869 559 1895 σοῦ·
576 1868 669 1903 χαῖρε,
681 1869 911 1904 κεχαριτωμένη,

120 1912 135 1938 ὁ
157 1911 284 1947 λαμπρὸς
305 1912 434 1948 οὐρανός·
457 1914 550 1948 χαῖρε,
578 1913 806 1948 κεχαριτωμένη,
827 1915 843 1949 ἡ
867 1914 913 1940 τὸν

121 1956 343 1992 ἑξαστράπτοντα
377 1958 406 1992 ἐξ
446 1959 560 1994 οὐρανοῦ
594 1959 732 1995 λαμπραῖς
774 1959 914 1995 λαμπάσιν

121 2003 218 2030 ἀκτῖνα
231 2002 329 2038 ἔχουσα
345 2004 419 2039 ἥλιον
432 2004 478 2031 τδν
491 2005 617 2040 Χριστόν.
640 2005 778 2040 Σεραφεὶμ
803 2005 914 2039 γέγονεν

123 2049 139 2083 ὴ
163 2048 310 2085 Παρθένος,
326 2050 342 2085 ή
372 2049 558 2086 πολυώνυμος,
574 2051 622 2077 καὶ
636 2050 837 2086 πολυόμματος.
864 2051 913 2086 τῆς

122 2095 315 2130 ἁκαταλήπτου
328 2094 407 2127 θέας·
426 2095 514 2131 σκέπη
538 2104 580 2127 τις
596 2096 686 2131 νοερὰ,
706 2097 739 2123 δι’
761 2097 914 2131 οἰκουμενι-

123 2139 172 2166 κοῦ
184 2140 309 2176 σώματος
320 2141 472 2176 εὑρεθεῖσα.
485 2141 520 2168 τὰ
534 2142 681 2177 χερουϐεὶμ
702 2142 912 2178 ὑπερϐαίνουσα.

130 2187 236 2214 Ἐκεῖνα
251 2187 300 2222 μὲν
314 2188 369 2223 γὰρ
391 2187 607 2223 ἀποστρέφονται
626 2188 663 2223 μὴ
678 2187 815 2222 δυνάμενα
828 2188 915 2215 ἀτενί-

957 273 1050 297 ventre
1073 269 1225 305 impolluto,
1242 270 1340 297 similis
1353 270 1446 297 eﬂecta
1459 270 1558 298 throno
1572 270 1719 298 cherubico
1732 279 1740 298 :

957 316 984 343 in
1004 323 1058 350 qua
1074 323 1138 343 caro
1162 315 1264 343 factum
1280 319 1322 343 est
1345 315 1463 343 Verbum
1484 316 1582 348 Patris,
1597 317 1644 351 qui
1668 316 1741 343 Deus

956 366 998 389 est
1023 362 1102 389 initio
1131 369 1238 394 carens,
1260 368 1287 389 et
1310 362 1374 389 licet
1391 361 1536 389 invisibilis
1551 381 1558 393 .
1585 362 1742 397 spectabilis

958 412 1048 434 tamen
1074 415 1122 443 per
1139 408 1371 442 dispensationem
1388 411 1535 441 assumpta:
1549 408 1639 434 carnis
1654 408 1742 435 factus

957 457 1008 480 est.
1032 452 1091 480 Non
1115 457 1237 486 experta,
1262 460 1314 480 nec
1338 460 1506 488 cognoscens
1527 453 1627 486 virum,
1651 456 1743 487 peperi

958 499 1053 532 Deum,
1069 499 1115 534 qui
1130 503 1172 527 est
1186 505 1247 527 ante
1272 499 1383 532 saecula,
1403 499 1492 534 ipsum
1507 498 1659 526 Christum.
1676 497 1743 525 Nam

957 545 1039 571 etiam
1055 552 1127 587 nunc
1141 552 1201 572 sum
1219 544 1295 579 virgo
1310 548 1372 579 post
1388 547 1513 579 partum,
1529 544 1624 579 purior
1641 543 1684 578 (si
1702 543 1745 570 di-

958 598 1020 618 cere
1035 591 1108 626 licet)
1125 598 1206 626 quam
1220 594 1316 623 antea;
1333 591 1393 618 sine
1412 590 1505 618 labore
1524 589 1626 625 peperi,
1642 597 1698 616 non
1716 592 1746 615 ut

958 644 1053 664 omnes
1068 637 1212 670 mulieres;
1228 636 1376 664 dissimiles
1394 636 1466 663 enim
1486 635 1596 662 fuerunt
1613 642 1657 662 res
1680 642 1747 661 meae

958 690 991 709 ac
1006 682 1114 709 illarum
1131 683 1202 709 inter
1218 682 1389 717 pariendum.
1407 681 1465 709 Non
1483 681 1559 708 novit
1576 684 1674 708 natura
1697 679 1747 706 Int-

959 735 1037 755 mana
1053 733 1161 762 partum
1177 735 1278 761 meum,
1294 731 1409 763 excepto
1426 727 1485 754 solo
1501 727 1565 759 Deo,
1585 727 1632 762 qui
1660 726 1687 753 in
1704 733 1747 753 me

959 771 1099 798 habitavit.
1115 771 1136 799 0
1149 771 1297 806 Virginem,
1312 772 1477 806 stupendum
1493 772 1623 800 Ecclesiae
1635 772 1749 798 thesau.

959 824 1029 848 rum,
1042 817 1089 852 qui
1107 817 1219 851 adeptus
1242 821 1284 844 est
1308 817 1403 853 ingens
1421 817 1594 852 mysterium,
1607 816 1746 852 Virginem

959 863 1078 897 appellat
1098 863 1172 890 velut
1201 863 1371 890 sacerdotem
1396 864 1509 898 pariter,
1527 866 1554 890 et
1569 863 1672 894 altare;
1687 869 1748 896 qua:

959 908 1067 943 quidem
1086 916 1208 936 mensam
1231 909 1331 941 ferens,
1347 908 1421 935 dedit
1442 909 1523 936 nobis
1545 910 1684 936 caelestem
1701 915 1749 943 pa-

959 962 1021 981 nem
1036 953 1176 981 Christum
1194 954 1221 980 in
1238 954 1426 982 remissionem
1444 958 1629 990 peccatOrum.
1651 953 1673 980 0
1687 957 1748 980 ute-

959 1006 1019 1026 rum
1038 999 1221 1034 impollutum,
1236 999 1380 1027 habentem
1398 1000 1530 1027 circulum
1544 999 1688 1031 caelorum,
1701 999 1747 1033 qui

960 1044 1044 1072 Deum
1056 1045 1324 1080 incomprehensum,
1343 1045 1371 1072 in
1392 1049 1418 1072 te
1435 1052 1499 1072 vero
1518 1044 1746 1079 comprehensum

960 1091 1085 1126 portasti.
1103 1089 1125 1118 0
1141 1095 1247 1118 uterum
1273 1091 1343 1117 coelo
1367 1090 1537 1126 ampliorem,
1555 1090 1601 1125 qui
1617 1090 1701 1117 Deum
1721 1090 1748 1116 in

961 1140 986 1163 te
1001 1144 1055 1163 non
1071 1137 1228 1163 coarctasti.
1246 1134 1267 1163 Ο
1284 1140 1402 1167 uterum,
1416 1136 1462 1171 qui
1484 1136 1584 1163 cmlum
1599 1143 1628 1164 es
1645 1140 1748 1170 septem

960 1183 1071 1212 circulis
1085 1187 1226 1214 constans.
1241 1188 1267 1211 et
1283 1183 1410 1218 capacior
1435 1183 1488 1210 illis
1512 1182 1633 1210 exsistis.
1648 1181 1669 1209 0
1690 1186 1750 1209 ute-

961 1237 1021 1256 rum
1045 1233 1150 1264 seplcm
1168 1229 1246 1256 cwlis
1263 1229 1450 1257 sublimiorem
1471 1232 1552 1263 atque
1573 1228 1708 1255 latiorem.
1727 1227 1750 1254 Ο

961 1279 1080 1307 uterum,
1094 1275 1142 1309 qui
1156 1282 1185 1302 es
1199 1280 1326 1302 octavum
1344 1274 1456 1306 caelum,
1471 1278 1575 1309 septem
1593 1273 1750 1301 firmamen-

961 1320 996 1347 tis
1013 1320 1167 1347 celsiorem.
1190 1319 1212 1347 Ο
1227 1325 1333 1347 uterum
1358 1320 1503 1347 habentem
1528 1318 1751 1354 inexstinguibile

961 1365 1053 1393 lumen
1080 1365 1181 1400 septies
1207 1365 1326 1393 lucentis
1354 1365 1459 1400 gratim.
1478 1364 1549 1398 Quid
1577 1365 1678 1396 dicam,
1704 1368 1751 1391 aut

962 1411 1028 1446 quid
1045 1411 1141 1446 loquar
1163 1411 1197 1438 de
1220 1411 1350 1446 prteclara
1366 1414 1393 1438 et.
1410 1415 1505 1439 sancta
1524 1410 1652 1445 Virgine?
1676 1409 1752 1438 [lesi-

962 1457 1070 1484 derium
1087 1465 1130 1484 me
1144 1457 1239 1489 trahit,
1265 1461 1294 1484 ut
1311 1457 1344 1484 de
1362 1456 1476 1492 Deipara
1491 1457 1572 1485 verba
1589 1457 1703 1489 faciam;
1725 1461 1752 1484 et

963 1502 1081 1530 formido
1094 1511 1137 1531 me
1153 1503 1250 1530 retinet
1267 1503 1293 1530 in
1308 1503 1428 1537 silentio,
1449 1507 1479 1531 ut
1493 1503 1540 1539 qui
1564 1511 1619 1531 non
1637 1503 1751 1530 habeam

963 1549 1119 1576 facultatem
1136 1549 1245 1577 dicendi
1263 1557 1312 1585 pro
1324 1551 1467 1585 dignitate.
1481 1549 1598 1577 Animus
1613 1549 1750 1580 hortatur,

962 1598 988 1621 et
1004 1598 1093 1622 metus
1104 1593 1225 1623 deterret
1241 1605 1248 1623 :
1266 1596 1311 1624 ille
1326 1596 1437 1631 quidem
1455 1596 1539 1622 trahit
1556 1603 1608 1627 me.
1620 1595 1672 1622 iste
1687 1602 1751 1622 vero

962 1649 1005 1668 me
1020 1641 1164 1668 abstrahit.
1179 1641 1247 1668 Cum
1265 1649 1330 1677 ergo
1352 1642 1387 1669 ab
1409 1646 1526 1676 utroque
1541 1641 1686 1672 distinear,
1703 1647 1752 1668 ex-

962 1686 1036 1721 pedit
1050 1687 1115 1713 mihi
1133 1690 1163 1713 ut
1183 1694 1337 1714 sermonem
1355 1687 1471 1715 habeam
1497 1686 1530 1714 de
1559 1685 1708 1721 percclcbri
1727 1691 1753 1713 et

962 1737 1057 1760 sancta
1074 1731 1195 1768 Virgine.
1214 1732 1279 1760 Dico
1292 1734 1364 1760 enim
1379 1733 1452 1760 illam
1468 1740 1529 1760 esse
1547 1733 1657 1764 cmlum,
1678 1733 1754 1760 thro—

963 1785 1028 1805 num
1042 1778 1124 1806 simul
1144 1782 1170 1805 et
1187 1786 1295 1806 crucem
1309 1778 1475 1806 :extendvns
1492 1778 1564 1805 enim
1581 1782 1691 1805 sanctas
1713 1779 1754 1804 ul-

962 1830 1013 1850 nas
1029 1822 1171 1849 Dominum
1191 1822 1308 1857 portavit
1333 1823 1449 1849 thronus
1472 1821 1649 1852 cheruhicus,
1665 1822 1753 1848 cruei-

964 1866 1059 1895 formis
1082 1871 1110 1895 et
1130 1867 1261 1899 ctelcslis,
1278 1867 1312 1894 de
1327 1874 1379 1902 qua
1395 1874 1442 1901 per
1454 1866 1610 1900 Scripturas
1626 1865 1652 1892 in
1668 1866 1752 1893 cmlos

964 1912 1103 1944 incumbo,
1128 1916 1155 1939 et
1177 1911 1317 1946 conspicio
1343 1912 1417 1938 illam
1446 1911 1480 1938 ab
1504 1910 1607 1945 angelis
1631 1910 1751 1937 adorari.

964 1957 1033 1985 llinc
1047 1957 1155 1985 Gabriel
1172 1958 1199 1984 in
1215 1957 1311 1992 primis
1326 1957 1427 1985 salutat
1440 1957 1577 1991 Virginem
1594 1957 1675 1988 :Ave,
1691 1964 1752 1990 gra-

965 2005 1001 2031 tia
1024 2004 1112 2038 plena,
1128 2011 1189 2038 quae
1212 2010 1242 2031 es
1267 2002 1438 2037 splendidum
1456 2003 1566 2030 coelum.
1581 2002 1643 2034 Are,
1665 2003 1753 2036 gratia

964 2049 1051 2084 plena.
1068 2056 1128 2084 qua:
1144 2049 1228 2076 habes
1244 2048 1351 2075 radium
1374 2047 1408 2075 de
1432 2047 1502 2075 cmlo
1526 2047 1622 2074 lucidis
1646 2046 1753 2073 facibus

965 2099 1167 2127 coruscantem,
1179 2097 1272 2128 utpote
1286 2093 1372 2121 solem
1387 2092 1624 2128 ChristunnVirgo
1635 2093 1752 2128 plurium

966 2140 1106 2167 nominum
1122 2145 1149 2167 et
1163 2140 1310 2167 multocula
1324 2139 1420 2166 effecta
1443 2143 1484 2167 est
1500 2139 1635 2174 seraphint
1650 2139 1754 2165 incom—

967 2185 1107 2220 prehensa:
1136 2185 1265 2218 visionis;
1294 2192 1354 2219 quae
1375 2184 1483 2211 inventa
1508 2188 1548 2212 est
1575 2184 1753 2211 velamentum

125 2242 169 2259 σαι
182 2234 251 2269 πρὸς
262 2233 355 2269 νοητὸν
374 2233 429 2269 πῦρ
441 2234 491 2268 τῆς
506 2233 642 2268 θεότητος.
659 2233 732 2269 Αὕτη
757 2233 786 2260 δὲ
806 2235 910 2269 τρανοῖς

967 2231 1103 2266 quoddam
1120 2230 1303 2258 intellectuale
1317 2230 1441 2265 corporis
1463 2229 1635 2261 universalis,
1659 2228 1754 2256 cheru-

124 2280 244 2315 ὕμμασιν
258 2280 447 2312 ὲνατενίζουσα
468 2280 499 2306 τὺ
522 2280 712 2315 ἀκατάληπτον
734 2280 782 2307 καὶ
797 2280 910 2315 ἀκοίμη-

124 2336 169 2353 τον
185 2326 263 2361 ὅμμα
277 2326 406 2362 Χριστοῦ,
426 2325 545 2353 ποθοῦσα
567 2326 614 2352 καὶ
635 2325 750 2360 φιλοῦσα
765 2324 912 2360 ἠσπάζετο.

125 2373 254 2409 Στρατιοιὶ
266 2372 389 2408 ἀγγέλων
402 2372 546 2400 ὑποπόδιον
559 2371 614 2398 τῶν
629 2372 716 2398 ποδῶν
729 2371 775 2398 τοῦ
788 2371 913 2406 Σωτῆρος

125 2420 351 2455 προσπίπτοντες,
363 2419 424 2446 οὒτε
440 2420 514 2452 ἰδεῖν,
529 2419 591 2445 οὔτε
612 2417 785 2454 προσψαῦσαι
809 2417 914 2453 ἰσχύου-

126 2474 182 2492 σιν·
203 2465 272 2501 αὕτη
288 2465 316 2492 δὲ
333 2466 408 2501 χείλη
431 2465 533 2501 χείλεσι
551 2464 722 2491 συνάπτουσα
742 2463 787 2490 τὸν
809 2463 914 2490 ἀκατά-

125 2511 227 2546 ληπτον
243 2511 388 2546 ἠσπάζετο.
407 2509 441 2537 Ὦ
461 2509 796 2547 Παρθένε,ἁκαταλήπτου
815 2507 916 2544 μυστή-

126 2554 185 2591 ρίου
212 2555 332 2590 φέρουσα
353 2554 455 2590 θαῦμα,
475 2555 639 2591 τριπόθητον
663 2553 753 2581 πίστιν
770 2555 803 2589 τῇ
830 2555 915 2580 οίκου·

126 2600 197 2636 μένῃ
212 2599 362 2635 κηρύξισα.

169 2731 304 2767 ’Δγγέλων
316 2732 440 2768 ἀνωτέρα
451 2733 563 2766 γέγονεν
580 2733 596 2768 ή
613 2732 758 2768 Παρθένος,
774 2733 917 2768 μειζοτὲρα

128 2778 183 2804 τῶν
195 2778 341 2813 χερουῦεὶμ
351 2779 398 2805 καὶ
411 2778 464 2805 τῶν
475 2778 619 2813 σεραφεὶμ,
628 2779 781 2814 ὰρέσκουσα
796 2778 834 2813 τῷ
846 2779 920 2813 βασι-

130 2822 172 2850 λεῖ
191 2823 310 2859 Χριστῷ,
334 2824 371 2855 ὠς
395 2824 456 2856 ἀξία
473 2824 552 2859 δούλη
586 2824 632 2850 καὶ
657 2825 747 2860 μήτηρ
774 2825 919 2860 τιμηθεῖσα

131 2870 208 2907 παρὰ
222 2871 292 2907 Θεῷ.
313 2871 392 2905 Ἀγία
415 2872 505 2906 μήτηρ
525 2870 667 2907 ἀμόλυντε,
692 2872 708 2906 ἡ
731 2871 775 2898 τὸν
797 2871 849 2908 πρὸ
871 2870 918 2898 σοῦ

967 2279 1021 2305 bim
1046 2276 1253 2305 transcenderis.
1267 2275 1314 2302 Illa
1336 2276 1409 2303 enim
1435 2279 1605 2307 avertuntur,
1620 2282 1682 2301 cum
1706 2281 1755 2301 ne-

967 2329 1069 2359 queant
1092 2323 1241 2358 spiritalem
1264 2322 1352 2357 ignem
1368 2321 1519 2348 divinitatis
1535 2320 1594 2348 ﬁxis
1608 2321 1695 2348 oculis
1710 2321 1754 2347 in-

968 2370 1037 2398 tueri
1053 2379 1060 2396 :
1074 2369 1131 2396 haec
1143 2373 1232 2396 autem
1248 2368 1350 2402 apertis
1361 2367 1449 2394 oculis
1464 2367 1515 2393 ﬁxe
1529 2366 1638 2394 intuens
1655 2367 1756 2393 incon-

967 2414 1176 2450 prehensibilem
1199 2417 1226 2440 et
1248 2413 1337 2440 somni
1360 2417 1497 2447 expertem
1514 2412 1624 2439 oculum
1640 2411 1753 2444 Christi,
1799 2419 1802 2422 λ

968 2469 1030 2488 cum
1046 2460 1181 2488 desiderio
1194 2463 1221 2486 et
1236 2458 1331 2486 osculo
1349 2458 1495 2485 salutabat.
1511 2457 1654 2485 Exercitus
1674 2465 1754 2492 ange«

968 2507 1057 2534 lorum
1080 2505 1145 2541 (qui
1163 2508 1227 2533 sunt
1243 2504 1391 2532 scabelluni
1407 2503 1506 2538 pcdmn
1522 2502 1643 2538 Christi)
1667 2503 1755 2538 proci-

969 2553 1064 2580 dentes
1088 2559 1138 2578 nec
1161 2551 1253 2578 videre
1275 2555 1400 2585 possunt,
1428 2556 1479 2576 nec
1504 2549 1683 2584 contingere:
1699 2549 1756 2576 haec

971 2606 1035 2625 vero
1048 2598 1122 2624 labra
1142 2597 1226 2624 labris
1241 2597 1421 2631 conjungens.
1440 2596 1697 2630 incomprehensum
1713 2603 1756 2622 sa-

971 2645 1082 2671 lutabat.
1095 2643 1117 2671 0
1133 2643 1214 2678 Virgo
1230 2643 1447 2678 incomprehensi
1463 2642 1586 2678 mystcrii
1602 2641 1692 2670 ferens
1708 2642 1756 2668 mi-

971 2691 1104 2722 raculum,
1117 2697 1178 2724 qum
1194 2689 1272 2716 fidem
1285 2693 1325 2715 ter
1340 2693 1459 2723 optatam
1473 2687 1532 2714 orbi
1547 2687 1710 2722 prasdicasti.

1006 2735 1090 2770 Virgo
1104 2735 1248 2763 sublimior
1262 2735 1364 2769 angelis
1382 2733 1452 2761 facta
1466 2737 1518 2766 cst,
1536 2733 1662 2767 superior
1689 2732 1754 2765 ipsis

972 2779 1113 2807 cherubim
1134 2783 1160 2806 et
1174 2777 1321 2812 seraphim,
1337 2781 1449 2812 placens
1465 2777 1575 2804 Christo
1592 2776 1657 2811 regi,
1671 2783 1685 2801 a
1703 2774 1755 2800 Deo

973 2826 999 2852 in
1020 2825 1123 2851 honore
1138 2823 1239 2854 habita.
1256 2827 1385 2857 tanquam
1414 2823 1510 2849 ancilla
1525 2821 1604 2855 digna
1619 2824 1645 2846 et
1659 2824 1753 2845 mater.

973 2871 1073 2898 Sancta
1095 2874 1181 2897 mater
1199 2869 1458 2902 immaculataqua:
1471 2865 1587 2901 genuisti
1603 2864 1753 2895 Christum,
