1929 3038
190 175 244 204 490

813 166 917 196 DUBIA
935 168 1006 197 AUT
1028 169 1166 197 SPURIA.

1769 171 1821 200 5th

188 233 235 267 qui
248 235 290 258 est
306 234 369 258 ante
385 235 419 263 te,
434 234 460 258 et
474 230 543 258 dixit
559 241 565 258 :
579 229 662 258 Prius
679 239 758 267 quam
781 231 917 259 Abraham
931 232 971 267 βο·

1029 233 1184 268 γεννήσασα
1212 231 1330 269 Χριστὸν
1358 231 1404 260 τὸν
1432 231 1559 259 είπόντα·
1589 229 1665 265 Πρὶν
1693 228 1820 264 Ἀϐραὰμ

188 281 237 310 ret,
253 284 300 311 ego
314 276 478 309 sum‘.Qu:e
501 276 637 304 stabulum
666 277 753 312 gloria
780 278 930 311 cxornasli,
951 281 979 305 et

185 331 306 359 pratsepe
316 323 470 350 illustrasti.
480 321 564 358 Virgo
572 323 719 358 siquidem,
733 324 863 358 spelunca
875 330 902 351 et
910 330 979 358 pra:-

186 375 262 403 scpe,
278 369 340 395 cmll
357 369 491 394 circulum
507 376 561 403 prae
584 376 614 396 se
638 369 755 396 ferentes
772 369 855 395 Deum
874 369 978 396 incom-

185 414 352 448 preltensum
370 413 514 448 gestabant
531 423 536 440 :
555 417 649 448 utpote
673 420 727 441 tres
743 413 868 440 Trinitati
885 418 978 448 aperte

185 459 386 492 ministrantes,
401 460 511 494 quando
526 458 609 494 Virgo
635 459 662 486 in
690 460 821 494 spelunca
845 461 915 486 citra
939 460 979 486 la-

186 505 282 532 borent
306 512 461 539 prtcgnans,
478 506 540 532 celi
567 510 593 533 et
614 511 693 533 terra:
722 506 866 533 Dominum
892 506 977 541 depo-

186 551 241 578 suit
266 551 293 577 in
318 551 451 585 praesepio
469 560 476 577 :
491 555 556 578 tunc
575 552 656 578 etiam
682 552 793 580 ordines
817 552 976 587 angelorum

186 597 403 624 circumstabant
427 597 566 632 Virginem
594 605 656 624 cum
680 597 800 625 clamore
827 598 975 625 dicentes:

187 642 280 669 Gloria
298 643 324 669 in
341 643 480 669 altissimis
498 643 561 675 Deo,
575 649 599 670 et
624 645 651 670 in
670 649 740 670 terra
760 652 813 678 pax
828 643 976 671 hominibus

183 688 259 715 bonw
281 690 423 716 voluntatis
434 690 454 715 ’³.
472 689 644 724 Quapropter
667 691 748 717 etiam
769 695 904 724 pastores,
928 691 974 724 qui

182 734 242 761 ruri
257 735 465 769 pernoctabant,
485 735 641 769 liujnsmodi
656 735 881 770 gloriﬁcationem
897 743 977 770 ange-

183 779 272 806 lorum
291 779 438 808 audierunt
452 781 485 807 de
499 780 651 813 Salvatorc,
669 785 695 809 et
712 782 793 809 celeri
812 789 894 809 cursu
912 790 976 816 pro-

183 829 323 858 perantes,
344 826 432 854 lucem
456 826 656 859 adoraverunt;
680 831 838 862 spectantes
857 826 976 853 miracu-

183 868 238 895 lum
255 869 376 896 insolens
388 889 394 900 .
409 870 537 896 ancillam
556 870 661 897 Domini
678 875 703 898 ct
720 871 851 906 virginem
864 872 973 898 interra

181 918 350 945 versantem,
367 915 487 942 evasisse
505 923 634 949 sponsam
653 917 802 942 cmlestem.
821 915 880 951 ipsa
899 916 972 943 enim

181 962 208 985 ct
227 966 339 993 sponsa,
356 964 382 987 et
405 961 551 993 thalamus,
570 966 597 988 et
615 961 662 988 Dei
687 966 773 988 mater
798 962 854 989 visa
878 965 921 989 est
945 962 973 988 in

181 1006 302 1037 stabulo,
320 1006 431 1040 quando
450 1007 552 1041 peperit
568 1007 698 1034 infantem
712 1007 854 1034 Christum
873 1017 879 1034 :
894 1007 973 1042 juxta

182 1051 370 1086 propheticam
393 1051 470 1078 Isaia:
493 1061 597 1084 vocem,
614 1061 711 1088 nempe
725 1060 732 1078 :
753 1053 825 1080 Puer
839 1058 919 1080 natus
933 1058 972 1080 est

181 1098 267 1128 nobis,
283 1098 391 1131 elﬁllus
407 1097 486 1125 datus
502 1103 541 1125 est
556 1099 630 1125 nobis
647 1107 655 1126 :
671 1099 746 1132 cujus
769 1099 908 1133 imperium
925 1107 973 1126 su-

180 1151 226 1177 per
240 1143 377 1170 humerum
389 1144 455 1178 ejus,
465 1150 490 1171 et
506 1151 616 1171 voratur
632 1153 725 1171 nomen
738 1145 794 1179 ejus
811 1146 902 1180 magni
913 1154 974 1173 con-

181 1189 237 1214 stlii
262 1189 387 1223 Angelus,
404 1189 474 1216 Deus
499 1190 588 1224 fortis,
612 1195 742 1225 potestate
766 1191 877 1225 polletis,
896 1192 974 1218 Prin-

182 1243 239 1268 σερε
260 1235 344 1268 pacis,
363 1235 444 1262 Pater
463 1236 548 1270 futuri
572 1237 690 1264 swculi’.
708 1237 776 1264 Tum
802 1242 863 1271 post
887 1237 944 1264 haec
964 1247 970 1265 :

181 1279 248 1314 Magi
261 1288 276 1306 a
290 1281 412 1314 partibus
424 1281 555 1314 Orientis,
570 1290 584 1309 a
598 1282 675 1309 stella
689 1283 829 1316 Splendida
843 1283 971 1309 illustrati

182 1330 208 1352 et
222 1325 342 1357 deducti,
361 1332 469 1361 peracta
487 1328 593 1355 itineris
607 1329 640 1354 ab
657 1327 768 1354 Oriente
788 1328 970 1362 longitudine,

183 1377 315 1399 rcnerunt
338 1372 493 1401 Bethlehem
519 1374 551 1400 ad
571 1374 739 1400 adorandum
757 1379 875 1408 partum.
895 1374 972 1403 Unde

180 1429 242 1448 cum
258 1421 290 1448 ad
308 1418 446 1448 civitatem
460 1419 611 1446 Jerusalem
628 1421 828 1453 pervenissent,
841 1421 970 1447 occultari

180 1467 264 1501 etrapit
286 1467 382 1499 stella;
400 1465 439 1492 illi
459 1473 523 1491 vero
542 1465 703 1498 perturbati,
721 1472 753 1491 co
771 1465 844 1498 quod
859 1465 907 1491 viae
921 1465 972 1491 dn-

179 1521 238 1539 cem
250 1513 443 1547 perdidissent,
457 1510 621 1537 necessitate
635 1515 749 1545 cogente
765 1511 971 1546 interrogabant

180 1559 286 1585 incolas
302 1558 431 1590 civitatis,
445 1559 472 1584 et
487 1555 700 1582 sciscitabantur
713 1557 746 1583 ab
760 1557 812 1588 eis,
829 1557 875 1584 ubi
890 1562 970 1585 natus
985 1566 1006 1594 ο

180 1609 252 1630 esset
268 1603 403 1629 Christus.
420 1601 499 1634 Quod
517 1601 626 1635 quidem
640 1601 802 1628 miraculum
816 1602 969 1630 inauditum

180 1655 276 1674 omnes
293 1647 496 1674 existimabant.
516 1646 554 1673 De
580 1654 634 1681 quo
659 1655 721 1674 cum
751 1649 873 1676 audisset
887 1649 970 1677 Hero-

180 1694 240 1725 des,
259 1693 422 1720 turbabatur
448 1693 634 1724 vehementer,
651 1697 678 1720 et
694 1695 798 1722 vocatis
819 1695 970 1723 sacerdoti-

180 1739 242 1770 b113,
261 1739 472 1773 percontabatur
495 1747 552 1770 eos,
570 1738 614 1765 ubi
627 1739 753 1766 Christus
778 1742 969 1768 nasceretur“.

179 1783 221 1811 Illi
246 1789 334 1811 autent
359 1785 496 1819 dixerunt,
512 1790 537 1812 et
560 1793 614 1811 non
639 1791 825 1820 negaverunt;
851 1787 969 1815 conlchi

180 1836 257 1863 sunt,
273 1836 299 1858 et
318 1840 372 1857 non
389 1836 453 1859 sunt
468 1831 585 1859 mentiti.
605 1830 677 1858 Solis
695 1831 787 1860 radios
803 1833 970 1861 abscondere

179 1884 232 1903 non
250 1880 386 1910 poterant,
403 1884 495 1903 vocem
512 1876 618 1903 scilicet
631 1884 679 1910 per
694 1877 855 1911 prophetam
867 1877 901 1904 de
914 1877 970 1904 Sal-

180 1925 275 1949 vutore
299 1923 371 1949 clare
396 1922 620 1957 pronuntiatam;
650 1926 749 1948 testato
775 1922 924 1949 dixerunt:
940 1922 968 1950 ln

178 1966 335 1994 Bethlchem
363 1968 438 1995 nasci
464 1968 614 1995 Christum.
635 1966 710 1994 llnnc
726 1968 798 1994 enim
814 1969 841 1995 in
858 1969 968 1996 modutn

178 2022 227 2049 per
241 2015 398 2049 prophetam
411 2014 523 2040 clamat:
537 2013 569 2039 Et
583 2019 621 2044 tu,
635 2013 792 2046 Belide/tem,
805 2022 968 2048 nequaquam

177 2069 206 2088 es
220 2061 329 2087 minima
340 2061 366 2086 in
378 2060 539 2094 principibus
553 2059 625 2086 Iuda
635 2067 643 2090 ;
655 2067 686 2086 ex
701 2065 724 2086 lc
738 2061 805 2086 enim
822 2061 890 2086 extet
901 2061 967 2092 dum,

178 2106 222 2139 qui
238 2106 272 2132 sit
285 2105 435 2132 dominator
451 2105 478 2131 in
492 2104 578 2131 Israel
590 2105 609 2130 '.
628 2103 649 2131 0
664 2104 799 2132 infidelem
819 2104 945 2132 lsraclem
960 2105 966 2132 l

179 2152 322 2179 confessus
340 2156 381 2178 est
395 2151 462 2186 legis
481 2151 617 2182 cll'cctttm,
634 2154 661 2177 ct
685 2151 868 2185 legislatorcm
885 2151 968 2178 dene-

179 2197 270 2232 gavit;
290 2196 427 2224 testiﬁcati
444 2200 507 2223 sunt
519 2196 581 2230 ipsi,
596 2196 641 2221 tibi
658 2201 817 2223 nasceretur
827 2196 964 2228 Christus,

178 2248 205 2270 ct
223 2244 248 2269 hi
268 2251 364 2269 rursus
379 2242 518 2269 Christum
537 2247 629 2267 natum
645 2241 826 2276 abnegarunt.

213 2289 282 2321 Quid
299 2289 381 2323 igitur
396 2287 486 2322 magi?
500 2294 615 2321 quoium
632 2287 672 2314 vis
692 2287 775 2312 animi
792 2287 902 2321 propria
917 2287 968 2313 im-

178 2339 280 2361 mutata
303 2337 372 2365 erat,
392 2341 507 2368 quorum
530 2341 577 2360 cor
600 2333 745 2359 admodum
766 2333 927 2359 tutbabatur
942 2338 969 2360 et

178 2381 402 2414 l‘XSllllgllClJatlll'
425 2388 479 2414 pra:
507 2379 615 2410 dolore;
641 2386 757 2412 quorum
783 2379 901 2412 suspiria
922 2379 969 2406 llu-

178 2431 271 2452 ctnutn
296 2425 475 2451 violentornm
503 2424 590 2450 instar
617 2430 713 2450 navem
739 2423 966 2457 submergebant;

178 2479 293 2505 quorum
312 2470 395 2501 oculi,
409 2469 537 2504 lacrymis
552 2475 673 2502 gemmas
688 2476 743 2502 pm
760 2475 789 2495 se
804 2467 965 2501 ferentibus,

178 2523 278 2543 terram
304 2515 471 2549 irrigabant;
500 2521 618 2548 quorum
647 2513 757 2541 alllictio
787 2514 966 2542 intolerabilis

177 2566 246 2592 erat,
271 2562 412 2587 ductorem
439 2560 472 2586 ab
489 2559 599 2586 Oriente
616 2560 797 2594 requirentes,
814 2569 894 2595 quem
912 2570 966 2590 non

177 2606 326 2637 habebant,
346 2605 479 2632 habentes
507 2607 700 2640 qnmritabant,
718 2607 763 2634 ubi
781 2611 854 2634 esset
875 2616 967 2643 mago-

177 2660 238 2679 rum
254 2652 308 2678 dnx
322 2652 409 2679 stella.
424 2652 458 2678 At
477 2660 541 2680 vero
564 2653 701 2688 perpende
719 2654 871 2687 veritatem,
898 2663 967 2690 quo-

178 2705 240 2725 nam
260 2701 338 2733 pacto
353 2698 507 2725 occultatur
519 2698 559 2726 cis
577 2699 666 2731 stella,
685 2704 712 2726 ct
727 2700 833 2727 intuere
847 2701 967 2728 miracu-

179 2745 246 2775 lum,
261 2747 286 2771 ct
302 2744 361 2778 ejus
377 2741 614 2780 signiﬁcationem.
634 2745 690 2772 llac
704 2746 736 2773 de
752 2754 834 2773 causa
850 2747 966 2774 abscon-

178 2789 253 2820 ditur
266 2789 305 2817 eis
324 2790 412 2822 stella,
429 2793 458 2816 ut
477 2789 541 2817 dunt
560 2794 790 2828 percontarentur
810 2791 965 2819 incredulos

1030 277 1168 312 γενέσθαι
1193 277 1249 313 ἐγώ
1272 279 1345 312 ειμι·
1368 279 1385 313 ή
1410 277 1440 304 τὸ
1463 277 1593 313 σπήλαιον
1613 275 1760 309 δοξάσασα,
1776 276 1820 301 καὶ

1029 322 1078 358 τὴν
1092 323 1195 357 φάτνην
1209 322 1389 358 μεγαλύνασα.
1408 322 1545 359 Παρθένος
1557 321 1612 357 γὰρ
1627 321 1675 348 καὶ
1690 320 1821 355 σπήλαιον

1029 369 1076 395 καὶ
1091 369 1189 404 φάτνη,
1204 369 1319 405 ούρανοῦ
1339 369 1437 396 κύκλον
1454 368 1570 403 ἔχοντες,
1593 367 1659 394 Θεὸν
1680 366 1824 402 ἀχώρητον

1029 416 1134 451 ἔφερον,
1150 417 1173 442 οἱ
1191 417 1264 451 τρεῖς
1287 417 1320 451 τῇ
1341 415 1435 451 Τριάδι
1457 414 1550 449 σαφῶς
1567 414 1819 450 λειτουργήσαντες,

1028 462 1072 487 ὅτε
1087 462 1103 495 ἡ
1116 461 1252 496 Παρθένος
1270 462 1377 493 ἀπόνως
1398 461 1442 487 τὸν
1461 459 1574 496 οὐρανοῦ
1593 460 1639 486 καὶ
1651 460 1704 494 γῆς
1720 459 1820 486 Δεσπό-

1027 515 1076 540 την
1099 508 1126 532 ὲν
1149 507 1187 542 τῷ
1210 508 1334 543 σπηλαίῳ
1357 509 1492 543 κυήσασα,
1518 507 1546 533 ὲν
1568 508 1602 542 τῇ
1623 506 1710 541 φάτνῃ
1733 505 1820 537 ἔθετο,

1027 555 1087 581 τότε
1112 555 1157 581 καὶ
1180 554 1270 585 τάξεις
1297 553 1421 587 ἀγγέλων
1442 553 1490 588 τὴν
1503 553 1641 588 Παρθένον
1662 552 1820 578 ἐκύκλωσαν

1028 601 1141 636 βοῶντες
1154 602 1201 627 καὶ
1213 601 1336 634 λέγοντες
1346 607 1353 615 ·
1379 600 1455 632 Δόξα
1471 600 1506 626 ἐν
1520 600 1661 635 ὑψίστοις
1678 598 1750 632 Θεῷ,
1772 598 1820 626 καὶ

1026 647 1075 674 ἐπὶ
1095 647 1152 680 γῆς
1166 646 1279 680 εἰρήνη,
1293 646 1327 672 ἐν
1345 645 1508 679 ἀνθρώποις
1526 645 1657 672 εὐδοκία.
1673 645 1756 672 Ὅθεν
1773 645 1821 672 καὶ

1028 691 1155 726 ποιμένες
1173 689 1372 726 ἀγραυλοῦντες
1388 690 1437 725 τὴν
1454 689 1582 724 τοιαύτην
1597 689 1751 723 δοξολογίαν
1767 689 1821 716 τῶν

1027 737 1150 771 ἀγγέλων
1173 737 1292 772 ἥκουσαν
1313 731 1436 772 τεδπερὶ
1463 735 1510 762 τοῦ
1535 735 1682 771 Σωτῆρος,
1708 736 1755 762 καὶ
1781 735 1820 770 τῷ

1026 783 1118 818 δρόμῳ
1148 782 1324 817 βαδίσαντες,
1351 781 1381 808 τὸ
1409 782 1466 816 φῶς
1494 781 1720 815 προσεκύνησαν,
1745 780 1820 814 ξένον

1027 828 1118 863 θαῦμα
1132 827 1305 862 θεασάμενοι,
1316 826 1366 863 τὴν
1377 827 1474 862 δούλην
1495 826 1542 853 τοῦ
1556 827 1691 853 Δεσπότου
1706 826 1752 852 καὶ
1771 826 1820 860 τὴν

1027 872 1147 907 ἐπίγειον
1163 873 1308 908 παρθένον,
1326 873 1452 909 οὐράνιον
1475 872 1594 908 νύμφην.
1610 872 1683 908 Αὕτη
1700 872 1756 906 γὰρ
1771 873 1818 900 καὶ

1025 918 1129 954 νύμφη,
1150 919 1196 946 καὶ
1219 919 1336 951 παστὰς,
1355 919 1403 945 καὶ
1428 918 1496 945 Θεοῦ
1517 919 1608 954 μήτηρ
1630 918 1708 954 ῶφθη
1728 919 1757 945 ὲν
1780 918 1818 954 τῷ

1025 963 1159 999 σπηλαίῳ,
1182 965 1225 990 ὅτε
1250 964 1279 990 τὸ
1301 963 1400 999 βρέφος
1424 964 1501 990 ἔτεκε
1518 964 1645 1000 Χριστὸν,
1675 964 1747 991 κατὰ
1770 963 1818 1000 τὴν

1024 1010 1195 1045 προφητικὴν
1214 1010 1322 1036 Ἡσαΐου
1348 1010 1455 1045 φωνήν·
1480 1010 1520 1036 ὅτι
1534 1009 1657 1037 Παιδίον
1669 1009 1816 1044 ἐγεννήοη

1023 1055 1109 1089 ἡμῖν·
1128 1055 1193 1087 υίὸς
1209 1054 1258 1081 καὶ
1274 1054 1363 1088 ἐ·δόοη
1379 1054 1461 1089 ἡμῖν,
1483 1051 1520 1082 οὗ
1542 1054 1561 1088 ἡ
1584 1053 1662 1088 ἀρχὴ
1689 1054 1739 1080 ἐπὶ
1765 1053 1818 1080 τοῦ

1024 1100 1104 1135 ὤμου
1116 1100 1220 1133 αὑτοῦ,
1237 1100 1286 1127 καὶ
1308 1102 1441 1127 καλεῖται
1458 1100 1491 1127 τὸ
1508 1100 1602 1135 ὄνομα
1621 1100 1715 1127 αὑτοῦ
1726 1099 1818 1134 μεγά-

1023 1147 1083 1180 λης
1103 1146 1223 1180 ,βουλῆς
1244 1147 1398 1180 Ἄγγελος,
1419 1145 1490 1178 Θεὸς
1513 1146 1649 1180 ὶσχιφὸς,
1676 1145 1818 1178 ἐξουσια-

1024 1191 1111 1225 στὴς,
1127 1193 1245 1226 ’Ἄρχων
1254 1192 1386 1226 εἰρήνης,
1401 1192 1502 1227 Πατὴρ
1511 1192 1565 1220 τοῦ
1574 1192 1743 1227 μέλλοντος
1750 1192 1817 1219 aid)-

1023 1243 1086 1268 νος.
1109 1233 1176 1262 Εἷτά
1199 1245 1265 1271 φησι
1286 1237 1355 1271 μετὰ
1374 1237 1477 1263 ταῦτα·
1492 1237 1582 1271 Μάγοι
1603 1237 1657 1263 ἀπὸ
1681 1237 1817 1264 ἀνατολῶν

1024 1280 1076 1306 ὑπὸ
1087 1281 1202 1315 ἀστέρος
1219 1282 1350 1316 ςωτεινοῦ
1370 1282 1620 1317 καταλαμπόμενοι,
1636 1282 1683 1308 καὶ
1703 1282 1817 1318 ὁδηγού-

1025 1334 1110 1360 μενοι,
1128 1326 1158 1353 τὸ
1179 1327 1264 1362 μῆκος
1286 1328 1336 1362 τῆς
1355 1328 1384 1360 ἐξ
1406 1328 1538 1363 ἀνατολῆς
1564 1328 1623 1355 ὁδοῦ
1647 1328 1816 1362 βαδίσαντες,

1023 1371 1121 1406 ἥκασιν
1143 1372 1183 1402 εἰς
1199 1372 1383 1408 προσκύνησιν
1401 1373 1447 1399 τοῦ
1470 1373 1611 1408 τεχθέντος
1632 1374 1661 1400 ὲν
1682 1373 1816 1408 Βηθλεέμ.

1024 1416 1105 1442 Ὅθεν
1131 1417 1177 1443 καὶ
1204 1417 1253 1452 τὴν
1283 1418 1359 1444 πόλιν
1394 1418 1571 1454 Ἰερουσαλὴμ
1600 1418 1815 1451 καταλαὸόντες,

1023 1462 1173 1497 κρύπτεται
1199 1463 1245 1489 ἀπ’
1267 1463 1356 1490 αὐτῶν
1375 1465 1389 1490 6
1411 1465 1512 1499 ἀστήρ·
1527 1465 1552 1490 ol.
1571 1464 1599 1490 δὲ
1620 1464 1816 1500 θορυϐηθέντες

1022 1507 1067 1534 τὺν
1083 1508 1180 1543 ὁδηγὸν
1196 1508 1388 1541 ἀπολέσαντες,
1404 1509 1527 1545 ἀνάγκης
1544 1511 1576 1544 τῇ
1592 1510 1636 1545 βίᾳ
1652 1509 1714 1540 τοὺς
1733 1511 1763 1536 ὲν
1782 1510 1813 1544 τῇ

1024 1553 1100 1579 πόλει
1122 1553 1286 1589 ἐρωτῶντες,
1310 1555 1491 1580 ἐπυνθάνοντο
1519 1555 1584 1590 παρ’
1602 1555 1705 1581 αὐτῶν·
1724 1554 1780 1581 Ποῦ
1801 1555 1816 1580 6

1023 1599 1140 1634 Χριστὸς
1155 1601 1301 1634 γεννᾶται;
1318 1599 1392 1632 ξένον
1406 1600 1434 1626 δὲ
1447 1600 1538 1636 Θαῦμα
1560 1602 1642 1627 πᾶσιν
1663 1601 1813 1636 ἐνομίζετο.

1021 1646 1088 1681 Περὶ⁴
1101 1643 1131 1672 οὗ
1152 1646 1273 1681 Ἡρώδης
1289 1646 1418 1678 ἀκούσας,
1438 1647 1600 1682 ἐταράττετο
1618 1646 1687 1679 λίαν,
1703 1647 1751 1673 καὶ
1766 1654 1814 1673 κα-

1020 1691 1102 1722 λέσας
1120 1691 1183 1722 τοὺς
1207 1692 1300 1727 ἱερεῖς,
1324 1692 1489 1718 ἐπυνθάνετο
1511 1693 1576 1728 παρ’
1600 1692 1699 1724 αὐτῶν,
1726 1691 1778 1718 ποῦ
1799 1692 1814 1719 6

1020 1737 1137 1772 Χριστὸς
1156 1738 1294 1771 γεννᾶται.
1316 1738 1347 1764 0t
1368 1738 1396 1763 δὲ
1422 1735 1498 1764 εἷπον
1514 1738 1561 1764 καὶ
1575 1738 1625 1764 οὐκ
1642 1738 1813 1773 ἠρνήσαντο·

1020 1776 1198 1818 ὡμολόγησαν
1223 1783 1269 1810 καὶ
1295 1784 1345 1810 οὐκ
1367 1783 1522 1818 ἐψεύσαντο,
1546 1784 1602 1816 Τὰς
1624 1783 1737 1814 ἀκτῖνας
1766 1782 1812 1810 τοῦ

1020 1829 1096 1864 ἡλίου
1110 1829 1242 1864 κρύπτειν
1259 1831 1308 1856 οὒκ
1324 1829 1463 1864 ἠδύναντο,
1480 1829 1528 1864 τὴν
1541 1829 1604 1864 περὶ
1622 1829 1668 1855 τοῦ
1687 1828 1812 1864 Σωτῆρος

1020 1875 1111 1910 φωνὴν
1126 1873 1169 1900 διὰ
1183 1874 1229 1900 τοῦ
1245 1875 1384 1909 προφήτου
1409 1873 1626 1908 σαφηνιζομένην
1653 1872 1811 1907 ἐμαρτύρη-

1020 1929 1069 1946 σαν
1084 1920 1222 1954 λέγοντες·
1234 1920 1278 1947 Ἐν
1291 1920 1414 1955 Βηθλεὲμ
1427 1921 1553 1954 γεννᾶται
1567 1920 1580 1945 6
1592 1919 1717 1954 Χριστός.
1735 1919 1811 1946 οὕτω

1019 1966 1073 2001 γὰρ
1085 1965 1134 2001 βοᾷ
1152 1966 1196 1992 διὰ
1208 1966 1255 1992 τοῦ
1275 1967 1433 2002 προφήτου·
1451 1967 1503 1992 Καὶ
1525 1965 1576 1998 σὺ,
1598 1964 1743 1998 Βηθλεὲμ,
1761 1965 1812 1991 οὺ-

1019 2012 1118 2046 δαμῶς
1132 2010 1162 2039 εἴ
1175 2013 1321 2048 ἐλαχίστη
1349 2012 1384 2038 ἐν
1407 2012 1468 2044 τοῖς
1488 2012 1634 2046 ἡγεμόσιν
1645 2010 1742 2037 Ἰούδα
1752 2018 1759 2025 ·
1777 2010 1812 2036 ἐκ

1019 2059 1077 2085 σοῦ
1088 2058 1144 2093 γὰρ
1157 2058 1348 2091 ἐξελεύσεται
1364 2058 1416 2085 τοῦ
1431 2056 1507 2085 εἶναι
1523 2059 1566 2089 εὶς
1580 2057 1711 2092 ἄρχοντα
1722 2057 1758 2083 ἐν
1774 2054 1813 2088 τῷ

1025 2103 1154 2138 Ἰσραήλ.
1174 2105 1206 2130 Ὢ
1226 2104 1274 2130 τοῦ
1304 2103 1477 2135 ἀπειθοῦντος
1500 2102 1623 2139 Ἶσραήλί
1645 2101 1811 2137 Ὠμολόγησι

1018 2151 1049 2178 τὺ
1063 2151 1179 2186 πρᾶγμα
1195 2150 1240 2176 τοῦ
1257 2150 1349 2185 νόμου,
1366 2150 1412 2176 καὶ
1426 2149 1470 2176 τὸν
1485 2149 1634 2184 νομοθέτην
1654 2148 1810 2183 ἠρνήσατο*

1019 2197 1095 2224 αὐτοὶ
1107 2197 1300 2232 ἐμαρτύρησαν
1317 2195 1367 2223 ποῦ
1382 2197 1395 2222 ὁ
1412 2194 1528 2231 Χριστὸς
1543 2195 1680 2229 γεννᾶται,
1698 2193 1745 2220 καὶ
1764 2192 1812 2219 αὑ-

984 2233 1006 2261 D
1021 2244 1063 2270 τοὶ
1082 2243 1161 2269 πάλιν
1175 2243 1328 2278 ἠρνήσαντο
1342 2241 1387 2268 τὸν
1399 2240 1562 2276 γεννηθέντα
1578 2240 1705 2275 Χριστόν.

1057 2288 1091 2314 Τί
1104 2286 1150 2314 οὖν
1162 2288 1185 2313 οἱ
1201 2288 1301 2323 μάγοι;
1316 2284 1353 2314 ὦν
1369 2287 1399 2313 τὸ
1415 2287 1514 2313 οἰκεῖον
1528 2285 1575 2312 τοῦ
1589 2285 1649 2317 νοὸς
1664 2285 1809 2320 ἠλλοιώθη,

1022 2331 1059 2362 ὧν
1072 2337 1088 2370 ἡ
1104 2335 1200 2370 καρδία
1214 2336 1374 2370 ἐταράττετο
1385 2334 1456 2365 λίαν,
1470 2333 1519 2361 καὶ
1530 2332 1672 2359 ἐσϐέννυτο
1683 2332 1713 2358 ὲν
1726 2332 1810 2367 λύπῃ,

1023 2376 1060 2406 ὧν
1075 2381 1098 2406 οἱ
1111 2383 1256 2415 στεναγμοὶ
1268 2383 1305 2411 ὡς
1320 2380 1450 2415 κυμάτων
1465 2378 1509 2413 βία
1522 2378 1570 2413 τὴν
1583 2377 1648 2404 ναῦν
1658 2377 1809 2409 ἑπόντιζον,

1021 2423 1058 2451 ὦν
1081 2425 1106 2451 οἱ
1129 2425 1263 2460 ὀφθαλμοὶ
1289 2423 1528 2460 μαργαριτοειδέσι
1552 2423 1666 2458 δάκρυσι
1687 2422 1738 2457 τὴν
1760 2422 1811 2456 γῆν

1021 2473 1211 2508 κατέρῤαινον,
1230 2469 1267 2498 ὧν
1290 2472 1426 2507 ἀφόρητος
1448 2472 1464 2506 ὴ
1489 2470 1588 2505 θλίψις,
1606 2469 1651 2496 τὸν
1672 2468 1808 2495 ἀνατολῶν

1021 2518 1165 2553 ζητοῦντες
1177 2517 1282 2552 ὁδηγὸν,
1296 2517 1324 2544 ὃν
1336 2518 1385 2543 οὐκ
1401 2515 1483 2551 εἶχον,
1499 2515 1607 2550 ἔχοντες
1617 2515 1740 2549 ἐζήτουν·
1755 2512 1808 2540 Ποῦ

1021 2563 1035 2588 6
1049 2563 1136 2597 ἀστὴρ
1150 2563 1164 2587 ὁ
1180 2562 1238 2588 τῶν.
1253 2562 1347 2597 μάγων
1359 2560 1472 2595 ὁδηγός;
1488 2559 1557 2586 Καθ’
1579 2558 1634 2586 οἷον
1658 2559 1687 2585 δὲ
1708 2558 1809 2594 τρόπον

1021 2608 1170 2644 κρύπτεται
1183 2608 1231 2634 ἀπ’
1248 2607 1337 2634 αὐτῶν
1351 2608 1365 2633 ὁ
1382 2606 1479 2641 ἀστὴρ,
1498 2605 1594 2632 σκόπει
1607 2604 1656 2640 τὴν
1667 2603 1806 2639 ἀλήθειαν,

1022 2655 1070 2681 καὶ
1085 2654 1168 2689 βλέπε
1185 2654 1216 2680 τὸ
1231 2653 1333 2688 θαῦμα,
1349 2653 1396 2679 καὶ
1413 2652 1462 2688 τὴν
1480 2653 1605 2687 μήνυσιν.
1621 2651 1735 2677 ’Ἕνεκεν
1748 2648 1808 2676 τού-

1019 2709 1066 2727 του
1082 2701 1233 2735 κρύπτεται
1246 2700 1292 2726 ἀπ’
1310 2699 1399 2726 αὐτῶν
1417 2700 1431 2725 6
1449 2698 1547 2733 ἀστὴρ,
1566 2697 1610 2724 ἵνα
1624 2696 1728 2723 τούτων
1740 2696 1810 2731 ἐρω-

1019 2746 1127 2772 τώντων
1146 2745 1221 2780 παρὰ
1233 2745 1287 2772 τῶν
1303 2745 1426 2771 ἀπίστων
1443 2744 1547 2778 ἱερέων,
1562 2742 1678 2778 φανερὸν
1692 2742 1807 2778 γένηται

1021 2793 1086 2818 πᾶσι
1106 2791 1136 2817 τὸ
1157 2789 1272 2826 οὐρανοῦ
1293 2790 1340 2815 καὶ
1354 2790 1404 2825 γῆς
1423 2790 1580 2825 μυστήριον.
1600 2788 1681 2815 Ὅθεν
1697 2788 1768 2824 μετὰ
1778 2787 1806 2815 τὸ

215 2867 313 2896 ‘Joan.
329 2875 387 2896 \Itt.
402 2867 446 2894 58.
485 2869 494 2882 ¹
507 2867 573 2896 Luc.
590 2876 619 2898 tt.
636 2868 677 2894 Η.
718 2868 727 2883 ³
741 2867 790 2895 lsa.
809 2876 844 2896 ix.
864 2870 891 2895 6.
927 2869 970 2895 ’Μ

1024 2878 1042 2896 ι.
1059 2878 1086 2896 n.
1109 2869 1118 2896 1
1145 2877 1204 2904 sqq.
1247 2868 1256 2882 ⁵
1269 2868 1349 2895 Mich.
1368 2877 1394 2900 ν,
1411 2869 1437 2899 2,
