1929 3038
106 137 156 166 50!

611 134 751 163 ΠΟΜΙΙᾸᾹ
764 133 807 161 Vl.
821 133 853 162 IN
869 133 980 162 FESTO
994 132 1195 162 PALMARUM.

1681 135 1735 163 502

104 194 210 230 γνῶναι
232 194 346 227 πάντας,
365 193 528 229 φανεροῦται
549 195 630 222 πάλιν
655 197 750 230 μάγοις
766 193 780 220 ὁ
798 192 896 227 ἀστὴρ,

950 192 1119 224 sacerdotes,
1131 191 1306 219 manifestum
1319 192 1478 220 redderetur
1491 193 1620 221 omnibus
1634 194 1696 221 οωιί
1709 199 1734 220 ct

105 239 158 271 ιως
176 235 208 266 οὗ
226 239 310 265 ἐλθὼν
332 239 396 275 ἔστη
413 241 505 266 ἐπάνω
519 240 565 267 τοῦ
588 241 702 276 βρέφους
721 241 750 267 ὲν
772 239 810 274 τῷ
825 248 895 274 σπη-

104 283 185 319 λαίῳ,
198 284 215 319 ἢ
234 284 333 319 μᾶλλον
355 285 384 311 ἐν
405 285 444 320 τῷ
457 284 573 321 οὐρανῷ.
589 286 676 313 Ὅπου
692 286 746 321 γὰρ
767 285 894 322 Χριστὸς,

105 330 165 356 ἐκεῖ
179 331 194 356 ὸ
215 330 339 365 οὐρανός·
359 330 390 357 τὸ
405 330 460 366 γὰρ
480 331 611 366 σπήλαιον
625 331 737 366 οὐρανὸς
754 330 832 366 ὤφθη
849 331 896 357 ἐπὶ

104 375 168 410 γῆς.
188 375 261 402 οίλδὲ
275 375 374 407 ἰδόντες
391 376 437 402 τὸν
453 376 565 411 ἀστέρα,
584 377 684 412 μᾶλλον
699 377 727 403 δὲ
743 377 789 403 τὸν
804 377 895 412 Σωτῆ-

106 429 150 456 ρα.
166 421 308 456 ἐχάρησαν
323 421 410 456 χαρὰν
425 422 555 458 μεγάλην,
573 422 596 448 οἳ
609 422 655 449 καὶ
665 422 800 457 κύψαντες
813 431 896 458 προσ-

106 465 256 501 εκύνησαν,
277 467 324 493 καὶ
342 466 503 498 ἐκϐαλόντες
524 467 559 493 τὰ
576 467 660 503 δῶρα,
679 467 778 503 χρυσὸν
794 468 840 494 καὶ
856 467 896 493 λί-

106 510 189 537 ϐανον
204 511 252 538 καὶ
268 511 400 547 σμύρναν.
420 512 526 547 Χρυσὺν
543 512 591 548 μὲν
607 512 645 544 ὡς
659 512 771 548 βασιλεῖ·
789 513 896 539 λίϐανον

104 556 132 582 δὲ
144 556 181 587 ὡς
195 556 263 591 Θεῷ·
282 557 330 582 καὶ
343 557 465 592 σμύρναν
476 557 513 588 ὡς
524 557 623 592 θνητῴ-
641 557 739 593 μᾱλλον
753 557 782 583 δὲ
796 558 838 584 ἵνα
849 557 896 584 καὶ

105 601 151 627 τὸν
166 602 352 637 ὲνταφιασμὸν
369 602 510 637 μηνύσωσι
529 602 576 629 τοῦ
592 603 701 630 πάντων
721 603 829 630 κτίστου
849 604 896 630 καὶ

104 645 274 682 δημιουργοῦ
296 647 426 683 Χριστοῦ,
449 647 478 674 ὃν
504 647 595 674 ἔτεκεν
618 649 634 683 ἡ
656 648 781 684 οὐράνιος
803 647 895 683 νύμφη

104 690 212 725 Μαρία,
230 692 244 717 ὁ
262 691 376 726 οὐρανὸς
391 692 438 718 καὶ
454 692 515 723 ναὸς
530 692 576 718 καὶ
592 691 685 728 θρόνος
697 693 747 727 τῆς
760 692 895 728 θεότητος,

104 736 134 762 τὸ
151 737 335 772 ἀνεκλάλητον
350 738 396 764 τοῦ
416 738 580 773 παραδείσου
598 739 749 774 κειμήλιον.
769 739 896 774 Ἄγγελοι

104 782 153 816 τὴν
171 782 243 808 Εὔαν
255 783 419 818 ἐμέμφοντο,
435 785 493 810 νυνὶ
507 785 534 811 δὲ
548 786 597 820 τὴν
609 785 718 820 Μαρίαν
729 786 895 818 δοξάζουσιν·

105 828 121 862 ὴ
139 827 168 853 τὸ
184 827 297 860 ἀσθενὲς
313 828 367 855 τῶν
384 830 520 863 γυναικῶν
540 831 641 865 κυρίως
655 831 800 863 δοξάσασα,
814 833 830 867 ὴ
846 832 894 868 τὴν

105 873 243 900 πεσοῦσαν
259 874 331 900 Εὕαν
345 875 531 911 ἀναστήσασα,
549 877 594 903 καὶ
609 877 654 904 τὸν
667 877 835 913 ἐκϐληθέντα
848 879 895 905 τοῦ

105 920 272 955 παραδείσου
296 921 379 956 Ἀδὰμ
394 922 433 953 είς
455 923 586 958 οὐρανοὺς
607 923 800 957 ἀποστείλασα,
818 925 835 960 ἡ
852 925 896 952 τὸν

104 965 265 992 κλεισθέντα
283 967 445 1002 παράδεισον
460 968 599 1000 ἀνοίξασα,
613 969 659 996 καὶ
673 969 717 996 διὰ
731 970 827 1006 λῃστοῦ
843 971 896 998 πά-

104 1009 144 1036 λιν
160 1009 206 1036 τὸν
225 1010 311 1046 Ἀδὰμ
326 1013 566 1046 καταφυτεύσασα..
584 1013 634 1040 Διὰ
647 1013 693 1040 σοῦ
707 1015 760 1050 γὰρ
775 1015 804 1042 τὸ
817 1017 897 1051 μεσό-

103 1063 194 1090 τοιχον
214 1056 261 1082 τοῦ
281 1057 410 1091 φραγμοῦ
428 1058 476 1093 τὴν
492 1058 593 1094 ἔχθραν
611 1061 767 1093 κατέλυσεν,
791 1059 814 1089 ὧ
832 1063 897 1097 ἁγία

104 1100 240 1135 Παρθένε·
260 1100 305 1127 διὰ
320 1101 367 1127 σοῦ
386 1103 401 1137 ἡ
419 1103 544 1138 οὐράνιος
557 1105 651 1140 είρήνη
667 1105 706 1141 τῷ
724 1106 818 1142 κόσμῳ
832 1107 898 1134 ἐδωο

105 1146 188 1181 ρὴθη,
206 1146 250 1172 διὰ
271 1147 316 1173 σοῦ
336 1147 370 1174 τὰ
388 1148 492 1184 πέρατα
507 1149 557 1184 τῆς
573 1151 735 1187 οἰκουμένης
749 1152 897 1188 ἐφωτίσθη,

104 1192 147 1219 διὰ
162 1192 210 1218 σοῦ
222 1193 360 1229 ἄνθρωποι
370 1194 480 1229 ἄγγελοι
491 1196 631 1230 γεγόνασι,
643 1197 687 1224 διὰ
699 1199 745 1224 σοῦ
759 1199 840 1233 φίλοι,
850 1200 898 1226 καὶ

104 1239 204 1271 δοῦλοι,
220 1240 267 1265 καὶ
279 1240 363 1267 τέκνα
378 1241 445 1267 Θεοῦ
461 1241 599 1277 ἄνθρωποι
613 1243 777 1280 ἐκλήθησαν,
792 1245 839 1272 καὶ
853 1246 897 1272 διὰ

106 1284 153 1310 σοῦ
168 1284 305 1312 σύνδουλοι
320 1286 443 1320 ἀγγέλων
455 1287 501 1313 καὶ
513 1288 651 1324 συνόμιλοι
665 1289 802 1325 ἄνθρωποι
817 1290 898 1326 ἠξιώ-

105 1330 193 1366 Θησαν
210 1331 352 1365 γενέσθαιο
364 1333 408 1359 διὰ
433 1333 480 1360 σοῦ
495 1334 595 1368 γνῶσις
610 1335 744 1370 οὐράνιος,
764 1337 811 1363 καὶ
826 1337 899 1369 δοξο-

104 1375 184 1410 λογία
206 1377 260 1403 ἀπὺ
282 1378 333 1412 γῆς
358 1379 398 1409 είς
421 1379 552 1414 οὐρανοὺς
575 1380 775 1417 ἀναπέμπεται·
791 1382 834 1409 διὰ
851 1383 898 1410 σού

105 1421 264 1455 παρρησίαν
285 1421 422 1457 ἄνθρωποι
439 1425 468 1449 ὲν
488 1425 593 1460 οὐρανῷ
620 1426 688 1462 πρὸς
707 1426 752 1454 τὸν
767 1427 898 1463 Ὕψιστον

106 1465 208 1501 ἔχουσι·
225 1467 270 1493 διὰ
288 1467 334 1494 σοῦ
349 1468 462 1504 σταυρὸς
477 1469 598 1506 ἔλλαμψε
613 1472 682 1498 κατὰ
695 1473 784 1509 πάσης
800 1474 849 1510 τῆς
859 1475 898 1502 ot-

105 1512 251 1547 κουμὲνης,
267 1513 296 1539 ὲν
310 1509 332 1546 ᾧ
347 1513 379 1539 τὸ
394 1513 492 1549 βρέφος
519 1524 565 1542 σου
593 1517 729 1552 ἐκρέματο
752 1509 868 1554 Χριστὸς
883 1521 897 1546 ὸ

105 1556 171 1587 Θεὸς
187 1557 275 1592 ἡμῶν·
295 1557 338 1584 διὰ
353 1558 400 1584 σοῦ
414 1559 526 1592 θάνατος
540 1562 675 1594 πατεῖται,
691 1563 738 1589 καὶ
753 1563 819 1599 ᾂδης
832 1573 897 1592 σκυ-

105 1600 224 1627 λεύεται·
240 1601 284 1629 διὰ
301 1602 347 1628 σοῦ
363 1604 397 1629 τὰ
421 1604 517 1631 εἴδωλα
541 1606 712 1639 πεπτώκασι,
734 1609 781 1635 καὶ
798 1609 898 1642 γνῶσις

105 1646 231 1681 οὐράνιος
249 1647 405 1683 ἐγήγερται·
423 1649 466 1676 διὰ
483 1650 530 1676 σοῦ
545 1651 590 1677 τὸν
615 1653 748 1688 μονογενῆ
771 1654 836 1681 Υίὸν
851 1655 898 1682 τοῦ

105 1691 171 1718 Θεοῦ
190 1692 361 1729 ἐγνώκαμεν,
382 1695 411 1721 ὃν
427 1695 529 1728 ἔτεκες,
557 1698 678 1732 παναγία
697 1696 829 1735 Παρθένε,
854 1701 899 1729 τὸν

105 1736 208 1771 Κύριον
222 1737 301 1773 ἡμῶν
318 1739 421 1775 Ἰησοῦν
438 1741 566 1776 Χριστὸν,
581 1739 603 1776 ᾧ
617 1744 716 1776 πάντες
727 1745 837 1780 ἄγγελοι
852 1747 898 1773 καὶ

104 1780 245 1816 ἄνθρωποι
266 1785 483 1818 προσκυνοῦντες
497 1786 626 1822 λέγομεν,
645 1788 763 1824 ἄναρχον
777 1790 821 1816 τὸν
838 1791 896 1818 Πα-

104 1825 183 1862 τέρα,
202 1827 318 1863 ἄναρχον
330 1830 375 1856 τὸν
393 1831 467 1864 Υίὺν,
483 1830 600 1867 ἄναρχον
620 1833 651 1859 τὸ
675 1834 750 1868 ἅγιον
776 1835 896 1870 Πνεῦμα,

105 1872 210 1907 Τριάδα
228 1873 380 1910 ἀχώριστον
393 1877 440 1903 καὶ
452 1878 593 1912 ὁμοούσιον
608 1879 765 1912 δοξάζοντες
784 1881 824 1912 εἰς
837 1882 899 1914 τοὺς

106 1917 207 1950 αἰῶνας
221 1919 276 1946 τῶν
289 1920 404 1949 αἰώνων.
429 1923 525 1959 Ἀμήν.

480 2031 525 2064 ς’.

147 2087 196 2114 Ἐκ
210 2087 304 2126 ,ζέγου
320 2087 409 2126 ποιοῦ
418 2089 480 2126 ,τοῦ
494 2089 529 2126 ἐν
544 2090 638 2124 ἁγίοις
648 2091 762 2125 Πατρός
779 2093 862 2126 ἡμῶν

222 2123 396 2157 Ἑπιφανίου
411 2123 591 2157 ἐπισκόπου,
605 2123 672 2160 περὶ
687 2123 794 2154 Bttner.

148 2169 177 2195 Ὀ
191 2169 237 2195 ὑπ’
253 2169 376 2203 ἀγγέλων
392 2170 529 2205 ἀσιγήτως
543 2171 660 2206 ἁνυμνού
665 2180 753 2207 μενος,
766 2174 812 2199 καὶ
825 2172 897 2205 δοξο-

950 243 1028 266 terra:
1056 239 1222 273 mysterium.
1264 238 1436 273 Quapropter
1465 240 1510 267 ubi
1546 243 1736 276 cognoverunt

948 292 1053 314 omnes.
1067 291 1176 311 rursum
1188 287 1301 319 apparet
1320 284 1398 311 stella
1409 285 1505 319 magis,
1517 285 1603 312 donec
1614 285 1736 313 venisset

948 336 1031 364 supra
1046 329 1178 356 infantem
1194 329 1222 355 in
1239 329 1359 362 stabulo,
1381 329 1423 356 vel
1439 329 1530 363 potius
1545 330 1572 357 in
1593 331 1662 358 ctelo
1677 330 1736 364 (ubi

948 375 1021 402 enim
1039 374 1177 406 Christus,
1193 374 1231 401 ibi
1250 378 1278 402 et
1303 374 1433 408 malum);
1457 382 1520 401 nam
1545 375 1684 402 stabulum
1699 376 1737 402 vi-

948 428 1008 448 sum
1028 424 1070 448 est
1084 428 1146 448 esse
1158 421 1258 448 cmlum
1277 421 1305 448 in
1324 425 1406 448 terra.
1424 421 1463 447 llli
1485 428 1551 448 vero
1569 429 1630 448 cum
1653 422 1736 449 vidis‘

949 471 1010 495 sent
1028 467 1149 496 stellam.
1173 467 1228 494 imo
1247 467 1338 502 potius
1362 467 1543 499 Salvatorem,
1564 468 1649 502 gavisi
1673 472 1738 494 sunt

947 513 1048 549 gaudio
1064 521 1162 548 magno
1179 522 1186 540 :
1202 518 1228 541 et
1244 514 1422 541 incurvantes
1438 522 1467 541 se
1482 514 1676 546 adoraverunt,
1689 513 1737 540 oh-

948 561 1124 594 tnleruntque
1141 559 1223 593 dona,
1247 568 1356 593 aurum,
1372 560 1446 592 thus,
1468 564 1496 588 et
1510 559 1648 595 myrrham
1665 569 1672 586 :
1689 567 1738 586 au-

949 614 1010 634 rum
1025 607 1135 641 quidem
1156 607 1230 634 velut
1254 607 1320 642 regi,
1337 607 1400 635 thus
1416 611 1506 634 autem
1525 610 1654 642 tanquam
1670 606 1736 637 Deo.

948 657 975 679 et
995 652 1132 688 myrrham
1157 656 1286 688 tanquam
1310 653 1436 686 mortall;
1452 653 1495 680 vel
1508 654 1598 688 petius
1620 657 1650 679 ut
1667 653 1738 680 indi-

949 702 1044 725 carent
1073 698 1244 733 sepulturam
1267 699 1401 727 creatoris
1423 703 1451 726 et
1479 699 1587 734 opiﬁcis
1615 699 1738 726 omnium

949 745 1063 777 Christi,
1081 753 1161 779 quem
1177 745 1282 779 peperit
1303 753 1404 779 sponsa
1424 745 1545 773 caelestis
1566 745 1661 777 Maria,
1679 752 1739 780 quae

948 791 1110 823 estcoelum,
1124 791 1266 826 templum,
1280 796 1305 818 et
1320 791 1436 818 thronus
1445 791 1606 822 divinitatis,
1621 791 1739 825 inexpli-

950 836 1038 864 cabile
1061 836 1181 871 paradisi
1211 837 1322 864 monile.
1346 837 1442 872 Angeli
1461 836 1628 864 accusabant
1644 835 1739 867 Evam.

950 890 1023 909 nunc
1045 889 1108 909 vero
1123 881 1235 908 Mariam
1258 882 1344 917 gloria
1364 885 1580 917 prosequuntur.
1599 889 1661 916 qua:
1680 889 1740 908 mu-

951 927 1048 954 lierum
1068 927 1254 954 inﬁrmitatem
1278 934 1340 954 vere
1366 926 1513 961 gloriosam
1529 927 1658 958 reddidit,
1680 934 1740 960 qua:

950 972 1053 1008 lapsam
1072 973 1156 999 Evam
1174 972 1271 1004 erexit,
1287 976 1314 999 et
1331 972 1465 999 Adamum
1482 979 1498 999 e
1518 971 1646 1007 paradiso
1665 971 1740 1005 dcje~

948 1022 1022 1045 ctum
1035 1018 1063 1044 in
1081 1017 1166 1045 caelos
1179 1017 1270 1051 misit;
1285 1024 1346 1052 quae
1359 1017 1516 1052 paradisum
1531 1018 1655 1044 clausum
1672 1024 1738 1050 ape-

948 1064 1015 1097 ruit,
1027 1067 1054 1091 et
1067 1071 1114 1099 per
1127 1063 1262 1091 latronem
1280 1071 1391 1091 rursum
1412 1063 1546 1090 Adamum
1567 1062 1738 1097 complanta-

949 1111 997 1137 vit.
1015 1109 1066 1138 Per
1082 1114 1109 1137 te
1132 1110 1216 1142 enim,
1239 1117 1254 1137 ο
1272 1113 1368 1137 sancta
1387 1108 1481 1144 Virgo.
1499 1109 1606 1137 medius
1629 1108 1740 1136 obstru-

949 1155 1050 1183 ctionis
1066 1155 1156 1190 paries
1172 1154 1335 1182 inimicitias
1346 1154 1488 1187 dissolvit;
1505 1162 1554 1189 per
1570 1158 1597 1181 te
1610 1161 1661 1188 pax
1681 1160 1740 1180 cce-

949 1201 1026 1228 lestis
1042 1201 1144 1228 donata
1159 1204 1202 1228 est
1215 1200 1328 1233 mundo,
1340 1207 1388 1235 per
1407 1205 1432 1228 te
1446 1200 1571 1227 homines
1595 1199 1661 1227 facti
1676 1204 1741 1228 sunt

949 1246 1049 1281 angeli,
1068 1254 1115 1281 per
1132 1250 1158 1274 te
1175 1245 1301 1275 homines
1319 1245 1445 1281 appellati
1463 1249 1528 1273 sunt
1543 1245 1637 1279 amici,
1654 1246 1739 1277 servi,

949 1294 977 1318 et
993 1290 1039 1317 lilii
1055 1290 1114 1330 Dei,
1131 1297 1179 1325 per
1205 1293 1231 1318 te
1251 1290 1379 1318 homines
1404 1293 1565 1318 meruerunt
1588 1297 1651 1317 esse
1674 1296 1742 1317 con-

949 1337 1021 1364 servi
1047 1336 1218 1371 angelorum,
1236 1340 1265 1363 et
1289 1343 1353 1364 cum
1368 1336 1408 1363 eis
1430 1335 1603 1363 familiariter
1624 1343 1740 1363 conver-

950 1383 1018 1415 sari,
1034 1391 1082 1418 per
1096 1387 1123 1410 te
1137 1383 1233 1410 notitia
1246 1383 1367 1410 caelestis
1385 1390 1400 1410 a
1414 1386 1488 1410 terra
1503 1383 1699 1410 transmittitur
1712 1383 1739 1409 in

948 1429 1051 1462 caelos;
1077 1437 1125 1464 per
1147 1433 1172 1457 te
1195 1429 1319 1456 homines
1343 1428 1470 1456 ﬁduciam
1490 1428 1592 1456 habent
1616 1429 1643 1455 in
1669 1428 1741 1456 cmlo

943 1482 1012 1510 erga
1029 1475 1216 1508 Altissimum;
1238 1482 1288 1510 per
1303 1478 1329 1503 le
1347 1482 1415 1502 crux
1431 1473 1600 1510 resplenduit
1615 1482 1664 1510 per
1679 1474 1741 1501 tini-

950 1528 1057 1548 versam
1072 1524 1186 1553 terram,
1202 1521 1228 1547 iu
1241 1528 1295 1556 qua
1310 1521 1419 1556 quidem
1431 1528 1512 1548 cruce
1527 1520 1655 1556 pependit
1667 1521 1739 1547 ﬁlius

952 1570 1017 1593 tuus
1038 1566 1163 1594 Christus
1187 1566 1257 1594 Deus
1279 1570 1390 1600 noster;
1408 1575 1456 1602 per
1468 1572 1493 1594 te
1509 1575 1582 1595 mors
1596 1567 1740 1595 conculca-

950 1616 1004 1644 tur,
1022 1616 1050 1640 et
1065 1613 1198 1647 spoliatur
1211 1612 1353 1646 infernus;
1375 1620 1422 1647 per
1440 1617 1466 1640 te
1481 1613 1641 1640 ceciderunt
1655 1613 1738 1644 idola,

949 1663 975 1686 et
992 1659 1109 1686 excitata
1123 1663 1166 1686 est
1182 1659 1279 1686 notitia
1298 1659 1434 1692 scelestis;
1449 1667 1497 1694 per
1513 1663 1539 1686 te
1561 1658 1739 1694 cognovimus

950 1705 1121 1740 unigenitum
1144 1704 1244 1732 Filium
1266 1704 1324 1736 Dei,
1349 1712 1442 1739 quem,
1456 1705 1633 1732 sanctissima
1647 1705 1737 1740 Virgo.

950 1750 1089 1784 peperisti,
1099 1749 1244 1776 Dominum
1258 1752 1382 1775 nostrum
1394 1747 1486 1775 Jesum
1496 1749 1646 1782 Christum,
1659 1756 1739 1783 quem

949 1802 1045 1822 omnes
1065 1794 1154 1829 angeli
1177 1799 1259 1828 atque
1281 1793 1406 1821 homines
1437 1793 1596 1825 adorantes,
1622 1793 1739 1820 dicimus

950 1839 1086 1874 principio
1097 1843 1234 1866 carentem
1248 1838 1368 1871 Patrem,
1382 1843 1520 1866 carentem
1541 1839 1678 1873 principio
1694 1838 1739 1865 Fi-

949 1885 1026 1916 lium,
1054 1890 1081 1911 et
1112 1884 1245 1919 principio
1271 1889 1408 1912 carentem
1437 1883 1569 1919 Spiritum
1601 1888 1739 1917 sanctum,

949 1931 1111 1958 Trinitatem
1132 1931 1300 1959 individuam
1321 1936 1349 1959 et
1370 1932 1635 1964 consubstantialem
1656 1932 1740 1967 glori-

949 1976 1063 2003 licantes
1075 1975 1103 2002 in
1118 1976 1218 2002 smcula
1230 1976 1406 2004 saeculorum.
1421 1976 1518 2004 Amen.

1317 2033 1361 2061 Vl.

948 2089 1040 2117 Sancti
1061 2088 1201 2124 Epiphanii
1220 2090 1247 2116 in
1265 2089 1331 2123 festa
1351 2089 1508 2116 Palinurum
1522 2089 1651 2116 orationis
1667 2089 1739 2125 [rag-

1244 2131 1359 2152 mentum
1378 2125 1445 2161 (76).

987 2169 1038 2202 Qui
1050 2171 1084 2198 ab
1098 2171 1202 2205 angelis
1216 2170 1326 2199 assidue
1339 2170 1502 2205 praedicatur
1525 2174 1551 2197 et
1566 2170 1685 2202 canitur,
1700 2170 1740 2197 in-

107 2213 280 2249 λογούμενος,
294 2213 370 2240 κάτω
383 2214 422 2246 ὡς
436 2214 578 2250 ἄνθρωπος
591 2217 735 2250 γονυπετεῖ
753 2216 791 2251 τῷ
811 2218 897 2252 Πατρὶ

953 2215 1002 2248 ira,
1019 2220 1149 2251 tanquam
1170 2217 1262 2248 homo,
1282 2215 1357 2243 Patri
1380 2224 1467 2252 genua
1489 2216 1582 2248 ﬂectit,
1599 2221 1625 2244 et
1645 2224 1741 2251 preca-

108 2261 154 2286 καὶ
168 2260 288 2295 εὔχεται·
306 2260 354 2286 καὶ
367 2260 423 2287 ἄνω
443 2260 524 2293 αὐτὸς
544 2261 596 2288 ὑπὸ
619 2262 709 2297 πάσης
732 2263 833 2298 ὁρατῆς
852 2263 900 2290 καὶ

108 2306 226 2341 ἀοράτου
242 2305 357 2338 κτίσεως
370 2306 451 2341 εὐχὰς
464 2306 511 2333 καὶ
524 2306 696 2341 γονυκλισίας
710 2307 898 2342 προσδέχεται.

108 2352 192 2378 Κάτω
210 2352 290 2387 πεινᾷ
304 2351 342 2383 ὡς
355 2351 508 2388 ἄνθρωπος,
524 2352 627 2379 ἄνωθεν
642 2353 671 2379 δὲ
685 2353 699 2379 ὁ
716 2353 796 2385 αὐτὸς
814 2353 899 2380 ὲλθὼν

108 2397 190 2432 ἄρτος
200 2397 327 2432 οὐράνιος
339 2397 403 2433 διψᾷ
417 2399 606 2434 οἰκονομικῶς-
627 2398 685 2425 ἀλλ’
704 2399 785 2430 αὐτός
799 2401 872 2427 ἐστιν
882 2400 899 2435 ἡ

108 2443 186 2478 πηγὴ
206 2443 254 2476 τῆς
275 2443 348 2479 ζωῆς
367 2443 536 2480 θεοπρεπῶς.
560 2444 642 2472 Κάτω
662 2446 746 2481 κοπιᾷ
764 2445 835 2473 κατὰ
851 2446 900 2481 τὴν

109 2489 271 2524 πρόσληψιν·
294 2489 352 2516 ἀλλ’
369 2489 450 2522 αὑτός
473 2491 546 2517 ἐστιν
566 2491 583 2525 ἡ
606 2490 660 2518 τῶν
677 2490 833 2518 κοπιώντων
854 2492 900 2518 καὶ

108 2535 333 2570 πεφορτισμένων
348 2535 512 2567 ἀνάπαυσις.
535 2535 622 2567 Δὺτδς
637 2533 714 2569 οὗτός
733 2537 807 2564 ἐστιν
821 2537 836 2563 ὸ
851 2538 899 2573 σή-

109 2588 193 2616 μερον
210 2580 257 2606 ἐπὶ
273 2580 319 2607 τὸν
338 2580 452 2608 θάνατον
466 2581 597 2614 ἑκουσίως
611 2582 768 2617 ἐρχόμενος,
785 2582 829 2610 ἵνα
842 2583 898 2618 (75)

108 2625 155 2653 τοῦ
174 2625 241 2652 ιδίου
257 2625 373 2653 θανάτου
390 2627 559 2662 καταργήσει
579 2627 626 2654 τὸν
643 2627 674 2655 τὸ
689 2628 788 2664 κράτος
804 2629 900 2664 ἔχοντα

103 2670 150 2698 τοῦ
172 2670 299 2703 θανάτου,
315 2671 362 2697 καὶ
374 2671 522 2698 ἀθανασίαν
535 2672 713 2709 χαριζόμενος
725 2675 782 2706 τοῖς
794 2674 840 2702 ὑπ’
852 2675 900 2702 αὐ-

107 2715 155 2743 τοῦ
169 2716 293 2751 θνήξασι,
313 2715 347 2743 δι’
363 2716 512 2750 ἀθανασίας
529 2718 625 2745 ἐλπίδα
638 2718 832 2748 δελεασθεϊσιν.
850 2721 899 2749 Διὰ

107 2760 187 2790 τοῦτο
207 2761 384 2796 παρεγένετο.
410 2762 441 2790 ού
464 2763 595 2800 σκῆπτρα
612 2765 659 2793 καὶ
680 2765 832 2801 σάλπιγγας
851 2767 900 2794 ὲπ-

144 2838 200 2874 (75)
217 2838 297 2867 Deest
311 2838 363 2866 διά,

952 2267 1014 2294 tur;
1044 2270 1126 2296 supra
1148 2263 1182 2289 ab
1204 2263 1278 2290 omni
1302 2262 1473 2297 aspectabili,
1498 2267 1523 2290 et
1550 2262 1739 2297 inaspectahili

951 2313 1077 2335 creatura
1096 2315 1201 2342 preces,
1215 2312 1242 2335 et
1254 2307 1458 2343 genuﬂexiones
1473 2308 1573 2342 accipit
1587 2317 1594 2336 :
1609 2308 1679 2335 infra
1691 2316 1739 2335 au-

951 2357 1004 2379 tem
1026 2352 1144 2380 hominis
1164 2352 1252 2379 instar
1268 2352 1366 2379 esurit.
1389 2351 1460 2379 Idem
1485 2352 1606 2379 caelestis
1630 2359 1663 2379 ex
1684 2352 1740 2379 alto

951 2398 1030 2431 panis
1048 2398 1159 2425 veniens
1183 2405 1216 2424 ex
1235 2397 1440 2432 dispensatione
1457 2397 1532 2424 sitim
1554 2397 1663 2430 tolerat,
1677 2405 1740 2424 cum

950 2443 1009 2477 ipse
1024 2444 1060 2470 sit
1076 2443 1138 2470 vitae
1154 2443 1216 2470 l'ons
1232 2442 1287 2470 Deo
1303 2443 1421 2478 dignus;
1443 2443 1514 2470 intra
1531 2443 1683 2471 secundum
1697 2451 1741 2471 as-

951 2491 1087 2523 sumptam
1104 2493 1230 2515 naturam
1251 2487 1435 2523 laborat,eum
1450 2488 1486 2514 sit
1502 2488 1687 2516 laborantium
1714 2493 1741 2516 et

951 2539 1127 2562 oneratorum
1144 2534 1262 2569 requies.
1285 2533 1335 2561 llic
1353 2534 1412 2568 ipse
1427 2538 1480 2565 est,
1494 2535 1541 2568 qui
1565 2534 1599 2562 ad
1624 2539 1740 2563 mortem

950 2581 1030 2608 hodie
1041 2586 1137 2616 sponte
1150 2588 1200 2608 sua
1215 2585 1353 2616 properat,
1367 2581 1407 2607 uti
1422 2585 1508 2608 morte
1519 2589 1569 2609 sua
1582 2582 1679 2611 mortis
1691 2582 1742 2608 im«

951 2628 1057 2663 perium
1078 2628 1223 2655 habentem
1244 2631 1398 2662 expungat;
1415 2631 1442 2654 et
1459 2627 1492 2655 iis
1503 2628 1550 2662 qui
1568 2627 1641 2656 illius
1657 2635 1739 2662 opera

951 2674 1051 2701 mortui
1069 2677 1158 2705 erant,
1178 2679 1204 2701 et
1223 2673 1438 2701 immortalitatis
1453 2681 1502 2708 spe
1521 2673 1595 2701 velut
1611 2673 1738 2700 illecehra

950 2719 1032 2755 capti,
1054 2719 1286 2747 immortalitatem
1299 2719 1411 2748 tribuat.
1433 2720 1581 2756 Propterea
1595 2719 1668 2747 venit
1682 2718 1739 2749 illc,

950 2773 1004 2794 non
1020 2769 1140 2801 sceptra,
1164 2773 1219 2794 non
1234 2766 1315 2794 tubas
1335 2765 1495 2801 prafercns,
1518 2766 1566 2794 sed
1589 2769 1736 2793 extremam

988 2844 1043 2879 (76)
1062 2843 1190 2880 Dionysio
1205 2843 1316 2872 Petavlo
1332 2844 1494 2878 interprete.
