1929 3038
191 126 243 153 505

841 121 944 151 DUBIA
963 123 1034 152 AUT
1055 124 1192 152 SPURIA.

1771 125 1821 154 5οι

192 184 310 219 inopiam
323 189 482 218 ostentans;
498 192 553 212 non
568 185 684 221 gladios,
697 194 750 214 non
763 194 850 220 arma,
865 194 920 215 non
936 188 984 215 lia-

1043 189 1178 224 ιγόμενος,
1196 188 1263 216 ἀλλὰ
1285 187 1420 224 πτωχείαν
1439 186 1556 223 ἐσχάτην
1570 185 1822 221 ἐνδεικνύμενοςσσύ

191 235 258 262 stas,
275 231 322 258 sed
334 238 468 259 summam
485 239 539 266 pra:
551 240 581 260 se
593 232 776 261 humilitatem
789 233 910 267 habens;
926 241 981 261 non

192 281 325 310 armatos,
340 285 394 304 non
409 278 520 312 clypeos
535 279 669 306 obductos
686 287 764 312 auro,
781 288 869 316 neque
892 284 981 314 scuta,

191 321 367 356 galeam,aut
388 323 513 355 loricam,
542 323 588 352 sed
606 326 842 353 mansuetudinem
862 326 982 361 singula-

192 376 262 399 rem,
281 369 466 397 innocentiam
491 378 637 402 summam.
657 371 870 399 moderationem
890 371 983 398 inﬁni-

192 419 259 446 tam,
274 414 404 442 Dominus
419 416 545 443 Christus
570 416 641 443 Deus
660 417 686 444 in
709 417 785 444 Sion.
804 417 836 444 Et
852 423 984 444 commota

191 466 247 493 est,
265 461 363 496 inquit,
387 463 510 488 universa
527 463 632 494 civitas,
657 462 766 490 dicens:
783 463 848 496 Quis
867 469 905 491 est
921 464 984 491 hic?

194 507 290 534 Turba:
311 512 398 534 autent
413 508 535 535 dicebant
550 517 559 535 :
577 509 630 536 Hic‘
644 514 682 536 est
704 509 826 537 Christus
842 511 914 544 ﬁlius
929 509 985 537 Da-

192 553 235 579 vid
252 554 270 580 '.
288 554 321 580 Et
338 554 479 589 ingressus
495 555 521 581 in
543 556 684 590 templum,
701 557 745 591 qui
762 564 823 583 vere
838 557 895 591 ipse
912 561 981 584 tem-

193 598 267 632 plum
282 602 351 629 erat,
364 606 451 633 eoque
468 601 613 632 sacratior,
625 601 699 635 ipsos
714 609 823 636 quoque
838 601 983 637 detemplo

193 644 324 677 nefarios,
343 653 374 672 ac
397 645 540 675 scelestos.
557 650 583 673 et
606 647 728 681 perditos
745 647 902 675 sacerdotes
919 649 985 675 edu-

194 691 241 717 xit.
265 691 298 717 At
315 692 393 726 pueri
417 692 615 723 sacratissime,
633 699 665 719 ac
680 692 862 726 divinissime,
880 698 986 721 stantes

193 739 221 764 in
244 737 356 772 templo,
385 737 626 766 vociferabantur:
647 737 774 766 Hosanna
801 738 856 766 Deo
879 739 984 774 templi,

193 782 303 810 Christo
328 782 413 810 Jcsu:
438 783 566 810 "osanna
590 784 646 818 [ilia
664 784 760 817 David,
778 785 824 820 qui
848 792 942 820 pacem
959 786 986 812 in

194 829 264 856 callo
292 829 416 864 largitur,
437 833 464 856 ct
490 829 518 856 in
541 830 658 858 excelsis
677 831 802 865 gloriam.
827 830 849 857 Ο
879 830 986 858 beatam

1036 235 1100 271 ξίφη
1122 236 1169 262 καὶ
1188 235 1258 262 ὅπλα
1274 236 1321 262 καὶ
1334 235 1446 270 δόρατα,
1467 234 1535 261 ἀλλὰ
1553 232 1717 259 ταπείνωσιν
1735 232 1823 268 ἄκραν

1036 282 1195 317 φερόμενος·
1219 282 1268 316 οὔχ
1288 281 1465 316 ὁπλοφόρους,
1479 279 1530 306 οὐκ
1545 278 1662 309 ἀσπίδας
1675 277 1822 313 χρυσοκολ-

1036 327 1133 362 λήτους
1157 325 1202 352 καὶ
1227 326 1340 362 θυρεοὺς
1361 326 1408 352 καὶ
1432 324 1532 360 κράνος
1551 324 1598 350 καὶ
1618 323 1740 358 θώρακα,
1757 321 1823 348 ἀλλὰ

1038 373 1179 408 πραότητα
1193 372 1291 406 ἄκραν,
1309 372 1358 398 καὶ⁸
1371 371 1489 398 ἀκακίαν
1504 370 1632 404 ἄμετρον,
1653 369 1701 395 καὶ
1719 367 1824 403 μετριό-

1037 427 1107 454 τητα
1121 419 1170 454 τὴν
1187 418 1256 453 ὑπὲρ
1278 417 1404 453 μέτρον,ὁ
1422 417 1522 452 Κύριος
1541 415 1668 450 Χριστὸς,
1682 415 1696 440 ὁ
1712 413 1779 445 Θεὸς
1797 414 1824 440 ἑν

1038 463 1115 490 Σιών.
1132 463 1186 490 Kal
1199 463 1334 497 ἐσείσθη,
1353 463 1429 497 φησὶ,
1446 462 1530 488 πᾶσα
1547 461 1565 494 ὴ
1582 461 1670 493 πόλις
1681 460 1825 494 λέγουσα,

1041 510 1088 542 Τίς
1103 509 1188 536 ἐστιν
1205 507 1310 542 οὖτος-ς
1329 510 1360 534 Ol
1376 507 1409 534 δὲ
1425 507 1510 542 ὄχλοι
1522 508 1638 541 ἕλετο-ν,
1652 503 1748 538 Οὗτός
1763 505 1827 532 ἐστι

1038 556 1166 590 Χριστός
1180 557 1197 582 d
1211 555 1276 588 υίὸς
1291 553 1386 581 Δαόίὸ.
1408 555 1463 580 Καὶ
1479 552 1605 580 εἰσελθὼν
1622 552 1661 583 είς
1673 552 1703 578 τὸ
1716 551 1788 586 ἱερὸν
1813 552 1827 577 ὁ

1038 602 1122 632 ὅντως
1138 603 1200 633 ναὸς
1224 601 1271 627 καὶ
1287 600 1353 632 Θεὸς
1367 602 1381 627 ὀ
1403 599 1547 636 ἱερώτερος
1563 599 1610 626 καὶ
1626 598 1672 625 τοῦ
1690 597 1776 633 ἱεροῦ,
1787 596 1829 630 ὲξ-

1039 649 1137 683 ήνεγκε
1151 647 1198 674 καὶ
1212 647 1275 678 τοὺς
1293 647 1408 681 μιαροὺς
1425 647 1507 680 ἱερεῖς
1519 645 1581 676 τοὺς
1596 643 1772 678 παρανόμους
1784 643 1830 668 καί

1040 694 1234 729 κακοτρόπους.
1250 693 1282 719 Οἱ
1300 692 1328 719 δὲ
1346 692 1440 723 παῖδες
1453 689 1624 726 ἱεροπρεπῶς
1640 689 1658 724 ἢ
1671 687 1830 724 θεοπρεπῶς

1040 741 1068 766 ἐν
1083 740 1122 774 τῷ
1137 738 1202 776 ἱερῷ
1215 738 1261 765 τοῦ
1277 738 1344 765 Θεοῦ
1365 737 1491 767 ἑστῶτες,
1523 735 1637 762 Ὡσαννὰ
1651 734 1691 769 τῷ
1710 734 1770 768 Θεῷ
1783 733 1830 760 τοῦ

1041 785 1114 821 ἱεροῦ
1138 784 1248 821 Χριστῷ
1268 784 1308 819 τῷ
1335 783 1423 818 Ἰησοῦ
1447 781 1608 818 ἀνέκραζονο
1635 780 1769 808 Ὡσαννὰ
1791 779 1832 812 τῷ

1041 831 1095 864 υἱῷ
1112 831 1210 865 Δαϐίδ,
1222 830 1385 865 δωρουμένῳ
1397 830 1508 865 εἰρήνην
1523 830 1551 854 ὲν
1562 827 1678 862 οὐρανῷ,
1693 827 1739 854 καὶ
1753 826 1831 860 δόξαν

194 874 379 902 Ecelesiarum
393 876 624 910 exspectationem
636 877 641 902 !
663 883 679 902 ο
693 877 799 904 beatam
814 875 987 903 Christiano-

1043 880 1068 905 ὲν
1080 878 1211 913 ὑψίστοις.
1222 877 1363 912 Μακάριαι
1376 876 1430 903 τῶν
1444 874 1611 909 Ἐκκλησιῶν
1622 875 1649 900 αἱ
1658 872 1829 908 προσδοκίαιι

193 928 254 948 rum
275 928 361 955 spem,
386 921 432 955 qui
451 921 569 956 principi
593 922 668 956 pacis
686 929 716 948 ac
737 921 902 949 moderatori
926 928 986 949 cre-

194 967 273 997 dunt.
292 971 319 994 et
335 967 410 1001 pacis
428 974 493 1002 opes
511 968 668 1002 possident!
686 968 811 996 homines
827 969 985 1003 angelorum

193 1011 347 1046 municipes
358 1011 421 1038 facti
438 1016 520 1038 sunt:
533 1019 659 1047 suprema
671 1020 732 1039 cum
750 1013 849 1040 inlimis
860 1013 986 1040 Christus

195 1057 309 1084 invicem
327 1057 503 1092 permiscuit;
525 1066 588 1084 eum
611 1058 782 1093 incorporeis
802 1058 888 1086 luteos
900 1066 984 1093 copu-

194 1102 270 1130 lavit.
288 1103 411 1131 Gaudete
424 1103 452 1130 in
467 1104 577 1131 Christo
589 1125 596 1136 ,
611 1105 743 1139 gaudete;
760 1105 850 1132 dicam
865 1106 964 1132 iterum
979 1114 984 1131 :

194 1147 328 1175 Gaudete.
343 1147 437 1175 Gaude
457 1148 614 1181 admodum,
631 1148 686 1175 (ilia
701 1148 778 1182 Sion,
796 1155 866 1176 nova
890 1149 987 1177 Hieru—

195 1194 292 1225 salem,
306 1194 352 1221 Dei
368 1194 510 1227 Eeclesia;
527 1195 633 1222 intuere
646 1202 747 1222 arcana
767 1195 897 1222 solemnis
907 1195 987 1222 istius

197 1240 347 1275 mysteria;
374 1248 456 1275 supra
472 1241 562 1268 omnia
587 1248 649 1276 quae
671 1241 798 1268 videntur
815 1248 941 1273 excurro,
959 1247 988 1269 ut

196 1288 257 1320 qui!
271 1284 392 1313 externis
407 1295 439 1314 ae
452 1287 628 1314 sensibilibus
641 1287 727 1322 signis
747 1287 986 1317 administrantur.

197 1332 350 1360 subliniiori
375 1333 494 1367 quodam
521 1340 604 1360 sensu
630 1333 865 1368 intelligentiaque
890 1339 988 1368 cogno-

197 1381 270 1406 acas.

233 1425 319 1460 Cujus
332 1425 372 1452 rei
384 1432 467 1453 causa
480 1425 608 1453 videlicet
619 1423 710 1456 Jesus,
724 1423 770 1459 qui
780 1431 921 1459 nunquam
933 1423 987 1452 nisi

196 1471 314 1507 pedibus
329 1470 381 1498 iter
395 1471 486 1498 facere
499 1473 693 1502 consueverat,
708 1469 760 1497 hac
774 1469 909 1496 duntaxat
921 1473 988 1497 tem-

196 1525 265 1553 pore
284 1521 361 1552 tergo
381 1517 496 1552 pecudis
510 1515 620 1548 insedit,
637 1515 763 1543 sublatus
778 1515 847 1550 ipse,
865 1518 892 1543 et
909 1523 987 1544 suam

198 1563 252 1591 sibi
267 1563 295 1590 in
311 1569 421 1589 crucem
435 1561 616 1589 sublationem
628 1561 804 1596 signiﬁcans?
814 1561 880 1595 Qum
892 1562 928 1589 sit
942 1562 990 1588 ad-

199 1615 279 1636 versa
305 1607 390 1634 villa?
411 1606 545 1635 Nimirum
571 1608 680 1635 animus
711 1608 813 1636 mundo
835 1609 993 1636 contrarius

200 1657 283 1689 atque
297 1654 451 1689 oppositus,
465 1661 546 1689 quem
563 1654 668 1681 homoe
680 1654 791 1689 regione
802 1653 923 1689 paradisi
935 1653 992 1681 col-

200 1700 309 1728 locatus
322 1700 450 1728 obtinuit.
468 1700 509 1727 Ad
523 1708 604 1735 quem
618 1700 731 1735 insuper
743 1699 813 1727 duos
824 1708 858 1728 ex
868 1700 991 1735 discipu-

199 1746 235 1774 lis
249 1746 308 1774 suis
329 1745 460 1773 Dominus
476 1746 584 1781 allegat,
601 1746 653 1773 hoc
665 1750 710 1775 est
735 1750 882 1781 utrumque
895 1745 991 1774 Testa-

199 1795 335 1824 mentum,
342 1790 428 1819 Vetus
438 1798 470 1819 ac
476 1791 592 1819 Novum.
601 1792 666 1825 Quae
673 1792 709 1819 sit
716 1792 779 1820 item
787 1792 862 1819 asina
873 1791 993 1826 ?Nempe

199 1844 279 1866 vetus
295 1842 324 1866 et
343 1837 466 1865 adultera
482 1836 641 1874 Synagoga;
659 1845 720 1872 quae
734 1838 905 1874 gravissimis
925 1845 990 1865 one-

200 1884 279 1912 ribus
292 1891 424 1919 oppressa
440 1885 526 1912 vitam
539 1884 675 1918 trahebat,
688 1885 768 1919 cujus
783 1889 860 1920 tergo
871 1885 992 1919 aliquau-

201 1929 248 1957 diu
267 1929 396 1958 Christus
421 1929 533 1957 insedit.
550 1929 617 1962 Quis
635 1929 672 1957 sit
694 1933 824 1964 prmterea
839 1929 949 1964 pullus?
968 1929 992 1956 Is

200 1976 274 2004 enim
295 1983 345 2011 ego
365 1983 436 2008 sum,
452 1976 545 2010 junior
562 1979 589 2003 et
614 1975 691 2002 rudis
712 1976 834 2010 gentium
863 1975 991 2010 populus,

201 2023 246 2052 cui
264 2022 356 2050 nullus
370 2021 510 2048 hominum
533 2020 643 2053 insedit,
660 2021 712 2048 hoc
727 2026 780 2054 est,
793 2028 848 2047 non
868 2021 922 2051 lex.
936 2028 992 2047 non

201 2069 295 2100 timor,
309 2075 363 2095 non
375 2067 499 2103 angelus.
513 2073 568 2093 non
582 2065 725 2101 propheta,
742 2074 796 2093 non
809 2065 926 2102 Moyses,
937 2074 992 2093 non

202 2114 356 2150 Scriptura,
366 2114 412 2142 sed
423 2113 559 2148 Deusipse
571 2112 703 2144 Verbum,
713 2112 786 2148 quod
801 2120 864 2140 cum
873 2113 992 2140 homini-

202 2161 254 2188 bus
269 2160 350 2188 nobis
366 2161 394 2187 in
408 2160 502 2187 eodem
519 2159 633 2195 praescpi
655 2158 823 2186 Bethlehemi
835 2158 934 2193 jacuit,
953 2158 992 2185 uti

203 2214 255 2234 nos
269 2207 305 2234 ab
320 2206 439 2234 rationis
451 2209 563 2240 experte
575 2209 668 2232 nostra
681 2204 840 2239 stupiditate
854 2204 991 2237 liberaret,

204 2259 237 2280 ao
248 2252 377 2286 deinceps
390 2251 545 2278 divinarum
561 2257 650 2276 rerum
666 2248 768 2283 peritos
778 2248 907 2276 eﬂiceret.
924 2247 993 2276 Tum

204 2306 266 2333 qius
279 2299 315 2325 sit
329 2297 396 2332 pulli
419 2296 538 2324 solutio?
551 2295 639 2328 Quam
657 2302 711 2321 non
727 2293 840 2322 dubium
857 2298 899 2322 cst
920 2295 993 2321 illam

204 2350 266 2371 esse
282 2343 316 2369 ah
328 2342 465 2369 idolorum
483 2340 558 2367 cultu
576 2339 777 2371 liberationem,
791 2342 819 2366 et
831 2338 994 2366 immolatitii

204 2389 312 2416 cruoris
329 2388 439 2414 modum
462 2394 495 2413 ac
515 2386 614 2417 linem;
631 2393 711 2420 quem
733 2384 865 2420 proﬂuvio
882 2385 995 2420 sangui-

206 2435 249 2462 nis
266 2433 417 2460 laborantis
439 2431 546 2459 feminae
568 2431 653 2458 tactio
670 2435 860 2466 repraesentat.
873 2431 914 2458 Ad
938 2431 995 2460 hazc

206 2479 317 2513 quinam
339 2478 378 2504 i-lli
394 2477 460 2508 sint,
475 2477 521 2512 qui
545 2476 580 2504 ob
594 2476 660 2511 pulli
687 2475 851 2504 solutionem
868 2476 904 2503 ita
930 2478 996 2504 sul;-

207 2527 411 2552 murmurantes
426 2524 590 2558 obstrepunt
603 2533 609 2549 :
628 2522 684 2550 Cur
698 2523 801 2550 solvitis
813 2523 915 2558 pullum
933 2524 997 2550 alli-

207 2574 296 2605 gatum
308 2570 338 2596 '?
355 2569 424 2596 Sunt
440 2573 531 2596 autem
552 2567 637 2596 Judaei
664 2575 696 2595 ac
718 2568 866 2595 daamones.
880 2567 947 2601 Qum
960 2567 997 2595 sit

208 2619 321 2651 insuper
340 2616 564 2644 vestimentorum
589 2623 604 2642 a
622 2615 715 2650 pueris
742 2614 813 2641 facta
829 2613 997 2642 constratio?

212 2663 279 2696 Quae
287 2661 415 2691 nimirum
431 2662 531 2690 veteris
548 2661 668 2689 hominis
685 2661 876 2695 spoliationem
893 2663 919 2686 et
938 2659 991 2686 [ω-

206 2709 269 2736 dam
281 2708 431 2744 Synagugaa
448 2708 624 2735 nudailonem
647 2714 679 2733 ac
693 2706 889 2733 desolationem
909 2704 995 2739 signi-

207 2755 283 2784 ﬁcat.
300 2754 351 2788 Qui
365 2755 419 2781 sint
435 2759 489 2782 tam
501 2755 555 2781 alte
567 2754 601 2780 de
614 2753 668 2779 Deo
681 2752 822 2785 loquentes
836 2750 911 2784 pueri
923 2750 934 2776 ?
946 2749 995 2782 Qui

208 2800 317 2835 quidem
335 2801 441 2828 ﬁdelem
458 2800 588 2826 Ecclesia:
614 2798 754 2832 populum,
769 2796 821 2822 hoc
838 2800 880 2823 est
894 2796 995 2824 Christi

245 2858 359 2886 ‘Matth.
375 2866 433 2890 xxi,
451 2858 483 2884 it)
500 2866 559 2892 sqq.
597 2857 607 2872 ’
620 2856 684 2883 Luc.
700 2864 756 2885 six.
771 2856 815 2882 3|.

1004 1558 1025 1586 C

1040 925 1182 960 Μακάριαι
1192 923 1245 950 τῶν
1255 922 1426 959 Χριστιανῶν
1441 922 1469 949 αἱ
1480 920 1603 952 ἐλπίδεςῐ
1621 918 1667 954 Τῷ
1677 918 1831 954 εἰρηνάρχῳ

1041 970 1225 1002 πιστεύοντες,
1249 969 1266 1005 ἦ
1284 969 1333 1004 τὴν
1348 968 1459 1004 εἰρήνην
1476 966 1676 1001 πλουτήσαντες
1693 964 1831 999 ἅνθρωποι

1040 1017 1163 1052 ἀγγέλων
1178 1015 1342 1051 συμπολῖται
1355 1013 1493 1048 γεγόνασι·
1506 1011 1541 1038 τὰ
1550 1011 1606 1037 ἄνω
1616 1011 1663 1037 καὶ
1676 1010 1753 1037 κάτω
1765 1011 1831 1036 ἀνα-

1042 1064 1089 1099 μὶξ
1106 1063 1223 1100 Χριστος
1245 1061 1387 1096 πεποίηκε’
1401 1060 1458 1091 τοῖς
1474 1057 1631 1093 ἀσωμάτοις
1644 1056 1708 1088 τοὺς
1724 1055 1832 1090 χοῖκοὺς

1041 1111 1139 1145 ἧνωσε.
1163 1108 1279 1144 Χαίρετε
1310 1108 1338 1133 ὲν
1362 1104 1482 1141 Χριστῷ·
1505 1103 1586 1130 πάλιν
1613 1101 1679 1138 ὲρῶ,
1705 1101 1831 1137 Χαίρετε.

1041 1157 1126 1190 Χαῖρε
1147 1155 1259 1190 σφόδρα,
1274 1153 1394 1187 θύγατερ
1409 1151 1489 1184 Σιὼν,
1506 1151 1522 1186 ἡ
1541 1149 1588 1176 νέα
1612 1147 1801 1184 Ἰερουσαλὴμ,
1816 1147 1832 1180 ἠ

1039 1203 1087 1229 τοῦ
1109 1201 1177 1228 Θεοῦ
1203 1199 1360 1234 Ἐκκλησία·
1384 1197 1522 1233 σκόπησον
1543 1196 1578 1222 τὰ
1599 1195 1648 1230 τῆς
1668 1194 1766 1229 ἑορτῆς
1786 1200 1831 1219 σου

1043 1247 1244 1283 μυστικώτερα’
1262 1244 1351 1281 δραμε
1369 1242 1423 1270 τῶν
1436 1242 1583 1278 ὁρωμένων
1595 1240 1773 1276 ὑψηλότερον,
1790 1238 1834 1265 ῐνα

1041 1293 1112 1328 γνῷς
1128 1291 1308 1326 ἀναγωγικῶς
1320 1290 1367 1318 καὶ
1381 1289 1414 1317 τὰ
1431 1287 1567 1324 αἰσθητῶς
1578 1286 1740 1322 τελούμενα.

1077 1435 1155 1466 Τίνος
1178 1434 1258 1470 χάριν
1280 1434 1295 1460 ὀ
1317 1433 1405 1468 πάντη
1429 1431 1580 1466 πεζοπόρος
1605 1430 1709 1466 Ἰησοῦς
1725 1431 1774 1458 νῦν
1787 1431 1832 1458 καὶ

1043 1481 1123 1517 μόνον
1138 1480 1185 1506 ἐπὶ
1199 1479 1268 1512 ζὼου
1284 1479 1421 1511 ἐκάθισεν,
1443 1477 1523 1509 αὐτὸς
1538 1477 1702 1513 ὑψούμενος,
1721 1477 1769 1504 καὶ
1784 1477 1832 1513 τὴν

1042 1527 1070 1553 ὲν
1089 1525 1197 1561 σταυρῷ
1219 1525 1324 1560 ὓψωσιν
1346 1523 1434 1559 ἑαυτῷ
1449 1523 1649 1558 αἰνιττόμενος;
1669 1522 1717 1554 Τίς
1730 1523 1747 1558 ή
1766 1531 1832 1549 κατ-

1043 1573 1133 1599 έναντι
1154 1571 1252 1607 κώμης
1272 1571 1384 1602 Πάντως
1407 1570 1424 1606 ὴ
1444 1568 1583 1600 ὰντίθετος
1603 1568 1651 1595 καὶ
1667 1568 1777 1595 ἐναντία
1795 1568 1834 1603 τῷ

1042 1617 1137 1652 κόσμῳ
1150 1615 1257 1652 γνώμη,
1273 1615 1308 1650 ἢν
1326 1616 1459 1650 ἐκτήσατο
1477 1615 1492 1640 ὸ
1515 1613 1658 1640 κατέναντι
1678 1612 1726 1639 τοῦ
1747 1622 1834 1648 παρα-

1041 1663 1130 1689 δείσου
1152 1661 1313 1694 gemmea;
1334 1659 1487 1696 ἄνθρωπος,
1509 1659 1578 1694 πρὸς
1597 1659 1627 1685 ὃν
1642 1659 1802 1685 ἀπέστειλεν
1819 1659 1835 1686 ὁ

1042 1708 1159 1744 Χριστὸς
1172 1707 1218 1734 δύο
1230 1707 1284 1733 τῶν
1298 1704 1438 1742 μαθητῶν,
1456 1702 1512 1732 οἷον
1527 1704 1664 1741 Διαθήκην
1677 1704 1761 1731 αὐτοῦ
1779 1705 1834 1731 [Ια-

1043 1753 1121 1780 λαιὰν
1133 1753 1180 1780 καὶ
1191 1751 1329 1783 Νέαν,τὰς
1338 1751 1385 1777 δύο
1393 1751 1541 1786 Διαθήκας.
1555 1750 1602 1781 Τίς
1616 1751 1632 1784 ἠ
1644 1749 1719 1781 δνοςς
1737 1749 1770 1776 Ἦ
1782 1758 1835 1776 πα-

1043 1799 1108 1826 λαιὰ
1125 1799 1235 1830 πάντως
1261 1798 1309 1824 καὶ
1328 1796 1453 1833 μοιχαλὶς
1464 1795 1624 1830 Συναγωγη,
1636 1796 1654 1830 ἡ
1664 1796 1704 1827 εἰς
1717 1795 1751 1821 τὰ
1763 1795 1834 1830 βάρη

1042 1845 1088 1872 τὸν
1104 1844 1158 1880 βίον
1172 1844 1357 1880 βεϐαρημένη,
1374 1843 1415 1877 ἐφ’
1462 1842 1579 1878 Χριστος
1591 1840 1672 1876 μέχρι
1688 1849 1740 1867 που
1751 1841 1834 1867 κεκά-

1043 1890 1113 1916 θικε.
1125 1889 1173 1920 Τίς
1189 1889 1203 1915 ὁ
1219 1888 1324 1920 nimiae;
1349 1887 1418 1922 Ἐγὼ
1432 1888 1446 1914 ό
1459 1887 1518 1918 νέος
1532 1886 1578 1913 καὶ
1591 1886 1765 1921 ἀγύμναστος
1781 1886 1835 1912 τῶν

1044 1935 1128 1962 ἐθνῶν
1150 1935 1224 1967 λαὸς,
1235 1933 1278 1968 ἐφ’
1288 1934 1318 1960 ὃν
1331 1933 1418 1965 οὐδεὶς
1430 1931 1581 1968 ἀνθρώπων
1596 1931 1732 1958 ἐκάθισεν
1744 1932 1775 1958 οὐ
1793 1931 1829 1959 vd

1046 1988 1105 2014 μσς,
1119 1979 1149 2005 οὐ
1163 1978 1256 2013 φόὸος,
1267 1980 1318 2004 οὐκ
1327 1977 1451 2012 ἅγγελος,
1463 1977 1495 2003 οὐ
1506 1977 1660 2012 προφήτης,
1674 1976 1704 2002 οὐ
1719 1976 1833 2011 Μωσῆς,

1043 2024 1074 2050 οὐ
1090 2024 1197 2059 Γραφή·
1214 2023 1270 2049 ἀλλ’
1286 2023 1368 2054 αὐτὺς
1384 2023 1398 2049 ὁ
1414 2022 1481 2053 Θεὸς
1496 2022 1581 2056 Λόγος
1597 2023 1611 2048 ὸ
1625 2023 1690 2057 ἡμῖν
1703 2023 1761 2053 τοῖς
1774 2022 1834 2048 ἀλό-

1043 2078 1102 2103 γοις
1124 2068 1330 2103 συμφατνιάσας
1350 2069 1378 2094 ὲν
1392 2068 1526 2103 Βηθλεὲμ,
1542 2068 1617 2100 ὅπως
1633 2067 1683 2102 τῆς
1696 2068 1833 2103 ἡμετέρας

1043 2116 1156 2150 ἀλογίας
1169 2115 1351 2152 ἐλευθερώσῃ,
1365 2115 1506 2149 θεολόγους
1521 2114 1634 2149 ὕστερον
1648 2115 1835 2150 καταστήσας,

1044 2162 1092 2194 Τίς
1102 2162 1130 2189 δὲ
1145 2163 1163 2197 ἠ
1178 2161 1255 2193 λύσις
1271 2161 1319 2188 τοῦ
1335 2160 1444 2192 πώλους
1459 2161 1572 2191 Πάντως
1586 2161 1602 2194 ἡ
1625 2160 1680 2186 ἀπὸ
1695 2159 1746 2194 τῆς
1758 2159 1832 2186 εἰδω.

1045 2208 1202 2243 λο).ατρείας
1218 2207 1368 2243 ἐλευθερία,
1385 2207 1432 2233 καὶ
1447 2208 1463 2242 ἡ
1479 2206 1534 2232 τῶν
1545 2205 1692 2232 εἰδωλικῶν
1712 2205 1833 2240 αἱμάτων

1046 2254 1205 2285 κατάλυσις,
1221 2254 1254 2288 ἣν
1267 2253 1387 2288 ὲσήμανε
1409 2254 1456 2279 καὶ
1476 2253 1493 2287 ἡ
1511 2252 1559 2286 τῆς
1572 2251 1775 2287 αἰμοῤῥοούσης
1789 2259 1836 2284 γυ-

1047 2298 1141 2329 ναικὸς
1153 2297 1264 2332 ψαῦσις.
1279 2297 1357 2328 Τίνες
1374 2297 1399 2324 ot
1411 2297 1457 2323 ἐπὶ
1467 2298 1500 2332 τῇ
1511 2297 1587 2322 λύσει
1601 2297 1648 2322 τοῦ
1664 2295 1755 2322 πώλου
1771 2304 1835 2329 γογ-

1046 2344 1188 2377 γύσαντες,
1212 2343 1345 2377 λέγοντες·
1374 2345 1405 2370 Τι
1425 2344 1514 2370 ,ὶύετε
1530 2343 1584 2370 τὸν
1596 2342 1699 2370 πῶλον
1717 2341 1832 2376 δεδεμέ-

1046 2398 1119 2421 νον;
1133 2390 1165 2416 Οἱ
1185 2389 1305 2416 Ἰουδαῖοι
1320 2389 1368 2425 [οἱ]
1386 2389 1433 2416 καὶ
1447 2389 1583 2424 δαίμονες.
1600 2389 1648 2421 Τίς
1666 2390 1683 2424 ἡ
1700 2389 1755 2416 τῶν
1771 2390 1832 2424 εμαη

1047 2436 1112 2461 τίων
1126 2435 1180 2461 τῶν
1191 2434 1293 2462 παίδων
1303 2434 1476 2470 ὑπόστρωσις
1487 2443 1494 2466 ;
1508 2435 1534 2460 τί
1546 2434 1594 2460 τοῦ
1607 2434 1722 2461 παλαιοῦ
1733 2433 1834 2470 ἀνθρώι

1048 2489 1100 2508 που
1115 2481 1238 2513 ἐκδυσιςς
1261 2481 1294 2508 'H
1311 2481 1362 2515 τῆς
1377 2481 1542 2515 Συναγωγῆς
1556 2481 1679 2515 ἄσιχημος
1698 2480 1836 2516 γύμνωσις

1047 2525 1116 2561 ὀμοῦ
1138 2526 1186 2552 καὶ
1209 2526 1358 2561 ἐρήμωσις.
1379 2525 1447 2552 Τίνα
1474 2525 1508 2551 τὰ
1533 2524 1709 2558 θεολογοῦντα
1735 2525 1834 2560 νήπιας

1048 2569 1174 2605 Σύμσολα
1193 2570 1303 2601 πάντως
1322 2569 1370 2596 τοῦ
1389 2569 1486 2596 πιστοῦ
1509 2569 1575 2596 λαοῦ
1601 2570 1651 2605 τῆς
1675 2567 1837 2604 Ἐκκλησίας

1048 2615 1166 2650 Χριστοῦ
1191 2614 1300 2650 ἔγγονα.
1323 2615 1401 2648 Τίνες
1423 2617 1451 2642 αἱ
1468 2615 1570 2642 τούτων
1593 2615 1725 2650 μητέρεςς
1744 2616 1776 2642 At
1791 2613 1835 2641 τοῦ

1051 2660 1238 2696 βαπτίσματος
1255 2661 1444 2698 κολυμᾶῆθραι
1462 2662 1490 2688 αἱ
1513 2661 1576 2692 τοὺς
1598 2661 1712 2691 matteis;
1727 2661 1837 2693 ἀναγεψ

1050 2706 1145 2734 νῶσαι.
1161 2706 1240 2738 Τίνες
1253 2707 1349 2734 αἰτῶν
1365 2708 1491 2742 μητέρων
1510 2706 1591 2742 μαζοί
1601 2714 1608 2738 ;
1626 2707 1659 2732 At
1677 2704 1725 2732 δύο
1739 2705 1835 2740 Διαθῆ-

1050 2761 1097 2779 και
1110 2753 1139 2778 σί
1152 2753 1231 2788 ἡμῶν
1242 2753 1396 2780 διδάσκαλοι
1412 2753 1576 2788 ἀμφότεραι,
1594 2752 1753 2784 πιντίξουσαι
1766 2751 1836 2788 ἡμᾶς

1051 2798 1080 2824 τὸ
1095 2798 1163 2832 γάλα
1177 2798 1207 2824 τὸ
1221 2798 1408 2834 πνευματικὸν
1424 2799 1471 2826 καὶ
1484 2799 1619 2835 οὐράνιον.
