1929 3038
89 148 143 178 ῦοε

388 140 529 171 "OMILIA
541 143 597 172 VH.
622 148 654 176 IN
677 149 840 178 SANCTMI
861 149 1001 178 cumsrl
1023 149 1352 180 nssuanecrlousu.

1675 153 1728 180 506

90 208 224 241 ιοιιυιθπι,
240 208 451 237 adumbrarunt.
472 208 539 243 Quae
554 211 611 237 sint
635 209 745 238 illorum
769 212 891 239 matres?
904 210 963 239 Non
982 211 1043 238 alia:
1067 210 1208 245 videlicet,
1244 217 1326 246 quam
1350 211 1480 246 baptismi
1499 210 1599 245 fontes,
1625 211 1728 247 quibus

91 257 185 284 ﬁdeles
201 257 300 284 iterato
325 257 484 292 gignuntur.
500 257 631 290 Quaenam
658 265 740 293 porro
758 259 813 286 sint
827 263 946 286 malrum
960 259 1067 288 ubera?
1092 259 1209 294 Nempe,
1229 258 1404 286 Testamenta
1418 258 1484 290 duo,
1515 266 1585 294 quos
1613 259 1728 286 totidem

31 318 42 330 κ
91 306 238 340 magistros
248 305 398 333 habemus:
414 313 476 340 qua:
490 306 532 332 lac
548 307 627 333 nobis
642 307 765 341 spiritale
777 314 809 334 ac
819 308 930 335 cteleste
946 308 1102 343 propinant.

123 351 174 383 Τίς
190 352 208 386 ἡ
227 352 259 378 ἐκ
275 350 321 377 τοῦ
336 351 417 386 ὅρους
426 351 481 377 τῶν
499 352 611 378 Ἐλαιῶν
627 353 746 388 Χριστοῦ
764 353 884 380 κατάϐα-

971 353 1040 387 Quid
1058 354 1111 382 sibi
1137 353 1201 381 velit
1223 352 1326 381 Christi
1348 360 1380 380 ex
1406 351 1505 380 Oliveti
1530 353 1599 380 colle
1615 352 1730 381 descen-

87 405 143 428 ςις,
162 396 221 423 ἀλλ’
243 397 259 432 ἢ
287 396 395 428 πάντως
417 398 433 431 ἡ
451 398 482 424 ὲκ
502 397 549 424 τοῦ
573 398 688 433 οὐρανοῦ
706 399 774 425 Θεοῦ
799 399 886 433 Λόγου

87 449 101 465 .:
113 442 159 476 ρὺς
179 442 254 477 ἡμᾶς
269 442 489 476 συγκατάϐασις;
507 444 585 476 Τίνες
602 444 656 470 τῶν
674 444 772 471 ελαιῶν
784 446 807 471 οἱ
823 445 887 472 κλά-

84 498 94 512 ί.
105 496 130 513 οι
143 495 151 520 ς
163 489 192 514 αι
204 487 259 514 τῶν
269 488 424 523 ὲλεημόνων
433 489 529 524 ψυχαί.
547 490 595 521 Τίς
611 491 628 525 ἡ
641 490 712 521 ὁδὸς,
729 492 758 517 ὲν
796 491 888 523 καλῶς

91 533 331 569 ὑποστρωννύουσι
347 534 398 566 τὰς
415 533 470 561 τῶν
486 535 591 570 ἀρετῶν
612 535 736 571 πράξεις,
753 537 888 563 ἀπεκδυό-

93 589 169 615 μενοι
192 580 239 606 τὸν
262 580 376 607 παλαιὸν
397 580 558 616 ἄνθρωπονς
581 581 614 607 Τί
630 582 685 608 τῶν
710 583 839 616 φοινίκων
854 583 888 609 τὰ

93 627 156 662 βαΐα.
170 635 177 660 ;
200 628 228 653 αἱ
245 627 364 663 καθαραὶ
379 628 434 654 τῶν
444 629 558 655 δικαίων
570 629 689 664 καρδίαι,
706 631 733 656 αἱ
753 629 790 661 ὡς
805 631 890 664 φοίνι-

93 680 139 704 κες
159 672 300 704 ἀνθοῦσαι,
323 673 370 699 καὶ
390 673 428 704 ὼς
450 674 479 699 αἱ
498 674 590 708 κέδροι
610 675 657 700 τοῦ
680 675 797 701 Λιῦάνου
820 674 889 710 πλη-

92 717 250 752 Θυνόμεναι,
267 719 294 744 αἱ
309 719 512 754 πεφυτευμέναι
528 720 557 745 ἐν
570 719 609 755 τῷ
629 720 696 754 οἴκῳ
711 721 824 755 Κυρίου,
843 720 889 746 καὶ

92 763 265 796 ὲξανθοῦσαι.
284 765 312 790 αι
337 765 392 791 ἄνω
413 764 500 800 ὀρθῶς
516 765 584 800 πρὸς
603 765 648 792 τὸν
671 766 757 802 ἀληθῆ
779 766 888 800 φοίνικα

91 809 254 844 βλέπουσαι,
269 810 379 842 πάντως
400 810 530 846 δηλοῦσαι
546 811 592 838 καὶ
614 811 664 847 τὴν
678 812 757 847 νίκην
778 812 825 839 τοῦ
839 821 886 838 ru-

88 855 191 887 ρὰννου
209 855 257 881 καὶ
273 855 320 882 τοῦ
340 855 414 891 ᾅδου,
428 856 505 882 αὐτοὶ
520 856 746 892 ἐλευθερωθέντες
759 857 808 892 τῆς
823 858 890 884 ὲκεί-

91 908 146 926 νων
154 901 315 935 τυραννίδος
324 902 358 936 τῇ
369 901 417 928 τοῦ
428 901 546 937 Χριστοῦ
555 903 665 938 νικητοῦ
678 903 802 939 δυνάμει.
812 903 890 935 Τίνες

92 946 117 972 οι
131 946 302 980 προάγοντες
314 955 321 979 ;
336 947 475 982 Προφῆται
491 948 516 973 οι
528 947 637 974 δίκαιοι.
647 949 727 980 Τίνες
739 950 763 975 ol
776 949 888 976 ἀκολου-

94 990 205 1022 θοῦντες
216 999 224 1023 ;
243 991 396 1024 ἀπόστολοι,
413 992 460 1018 καὶ
472 993 551 1028 ἡμεῖς
561 994 586 1019 οι
599 994 628 1026 ἐξ
641 993 726 1020 ἐθνῶν
744 994 812 1029 μετὰ
826 994 889 1021 τοὺ-

938 407 1007 432 sus,
1029 399 1076 434 qui
1105 399 1173 426 nihil
1202 398 1276 425 aliud
1305 402 1367 431 est,
1395 405 1477 432 quam
1498 397 1582 424 divini
1608 398 1642 425 de
1660 399 1732 426 calo

939 445 1020 473 Verbi
1045 453 1106 473 sese
1133 445 1166 472 ad
1187 452 1238 472 nos
1252 443 1486 472 accommodanda
1503 443 1635 478 illapsus?
1660 444 1732 476 Quid

939 491 992 518 sibi
1006 491 1090 518 velint
1119 491 1236 525 oleagini
1255 489 1346 518 rami?
1373 489 1400 516 hi
1427 492 1492 517 sunt
1512 489 1731 516 misericordium

939 536 1048 563 animae.
1074 535 1140 568 Qua:
1154 537 1197 563 via
1220 537 1257 563 sit
1271 536 1299 563 iu
1320 543 1374 570 qua
1392 534 1529 570 prolectas
1546 542 1562 561 a
1582 534 1732 562 virtutibus

939 581 1063 608 actiones
1089 581 1224 616 praeclare
1241 583 1440 614 consternunt,
1457 583 1484 607 et
1498 584 1618 606 veterem
1642 579 1733 606 homi-

939 635 1000 654 nem
1013 627 1133 654 exuunt?
1147 626 1217 659 Quid
1239 626 1276 653 illi
1297 626 1451 660 palmarum
1469 621 1538 653 rami
1556 625 1630 654 sint!
1645 625 1733 652 Nimi-

939 681 999 700 rum
1015 673 1123 700 sinccra
1138 672 1278 706 justorum
1292 671 1376 699 corda
1388 692 1395 704 ,
1411 679 1472 706 quae
1488 672 1640 707 palmarum
1657 679 1734 699 more

939 718 1097 750 ﬂorescunt,
1115 723 1143 746 et
1159 721 1188 745 ut
1203 717 1277 745 cedri
1293 717 1391 745 Libani
1410 717 1638 752 multiplicantur,
1654 718 1734 752 plan-

940 769 1003 792 tatae
1027 765 1054 791 in
1081 764 1164 791 domo
1187 763 1315 797 Domini,
1340 771 1372 791 ac
1398 763 1603 798 germinantes;
1619 771 1735 798 quaeque

940 816 1051 838 sursum
1068 813 1167 837 erectae
1183 817 1274 837 veram
1294 809 1328 837 ad
1355 809 1474 845 palmam
1492 809 1654 844 respiciunt.
1676 809 1735 836 Ευ-

940 856 1000 884 dem
1016 863 1098 890 porro
1116 859 1282 890 reportatum
1298 855 1331 883 de
1350 859 1468 891 tyranno
1483 860 1510 883 et
1529 855 1625 884 inferis
1647 856 1735 883 victo-

940 901 1008 929 riam
1036 901 1213 936 signiﬁcant:
1230 908 1284 936 qua
1311 901 1338 928 in
1367 901 1519 929 libertatem
1544 903 1642 930 asserti
1659 907 1734 934 Sunt.

940 952 967 975 et
982 948 1095 974 victoris
1110 947 1212 974 Christi
1230 947 1351 982 potentia
1367 947 1476 974 illorum
1505 948 1649 982 tyrannide
1672 956 1735 982 per-

941 992 1039 1019 functi.
1066 991 1183 1025 Quinam
1201 991 1311 1019 demum
1338 992 1393 1019 sint
1411 992 1468 1024 illi,
1498 993 1543 1027 qui
1561 993 1736 1028 praecedunt?

93 1044 147 1062 των
163 1038 371 1069 πιστεύσαντες.
390 1038 421 1064 'H
436 1038 464 1064 δὲ
480 1038 567 1070 πόλις,
583 1039 600 1074 ή
617 1039 674 1066 ἄνω
693 1039 871 1076 Ἰερουσαλήμ
881 1049 889 1056 ·

944 1037 1017 1066 Sunt
1041 1038 1059 1065 ii
1085 1045 1150 1065 vero
1171 1037 1308 1073 propheta:
1330 1045 1437 1071 omnes,
1461 1045 1494 1066 ac
1517 1038 1595 1072 justi.
1617 1038 1736 1071 Quinam

95 1082 124 1108 τὸ
141 1083 171 1109 δὲ
188 1083 270 1118 ἱερὸν,
285 1085 301 1118 ἠ
320 1083 442 1118 βασιλεία
456 1084 511 1111 τῶν
531 1084 665 1120 οὐρανῶν,
681 1085 710 1118 ἐξ
723 1083 757 1120 ἦς
771 1085 889 1121 Χριστὸς

101 1127 245 1159 Ἰουδαίους
256 1128 294 1159 ὡς
308 1129 433 1160 ἀναξίους
445 1129 588 1164 ἐξήγαγεν.
602 1130 680 1157 Οὕτω
689 1131 723 1158 τὰ
733 1131 782 1166 τῆς
795 1131 891 1167 ἑορτῆς

96 1181 143 1200 σου
157 1173 253 1209 νόησον
263 1182 269 1189 ·
283 1174 354 1201 οὕτω
367 1175 398 1201 τὺ
418 1175 465 1202 τοῦ
482 1176 618 1203 Δεσπότου
640 1178 790 1212 μυστήριον
805 1177 891 1211 φύλα-

97 1219 150 1252 ξον.
167 1219 281 1251 Πάντως
296 1220 324 1246 δὲ
344 1221 391 1247 καὶ
411 1220 446 1247 τὰ
459 1221 510 1256 τῆς
533 1222 630 1257 ἑορτῆς
647 1231 694 1248 σου
711 1223 756 1233 “‘
772 1222 891 1258 Συνδρά-

98 1272 194 1299 μωμεν
222 1265 291 1300 μετὰ
317 1265 442 1300 ἀγγέλων
464 1266 633 1302 χορεύοντες,
654 1267 723 1301 μετὰ
745 1267 793 1293 τοῦ
812 1267 891 1302 ὄχλου

98 1310 267 1346 κροτούντων
281 1310 349 1345 (77),
367 1311 437 1346 μετὰ
450 1311 497 1338 τοῦ
512 1311 602 1338 πώλου
626 1311 801 1348 σκιρτῶντες,
822 1312 892 1347 μετὰ

100 1356 228 1391 μητέρων
244 1356 437 1391 θαυμάζοντες,
454 1358 513 1393 μετ’
528 1358 685 1385 ἀποστόλων
700 1358 890 1394 κηρύττοντες,

98 1402 145 1428 καὶ
168 1402 280 1438 Χριστῷ
303 1403 483 1435 ὑπαντῶντες
504 1403 554 1439 τὴν
585 1404 762 1440 Ἰερουσαλὴμ
786 1404 892 1431 ἐπιϐαῖ-

97 1455 180 1479 νοντι,
194 1447 342 1479 αἰνοῦντες,
354 1448 539 1482 εὐλογοῦντες,
559 1449 674 1476 Ὡσαννὰ
684 1449 819 1484 λέγοντες.
834 1451 893 1477 Εὐ-

97 1493 267 1527 λογημένος
280 1495 297 1520 ὁ
312 1493 419 1527 ἐλθὼν,
438 1495 485 1520 καὶ
507 1494 587 1521 πάλιν
610 1495 757 1530 ἐρχόμενος
775 1495 810 1522 ἐν
825 1496 891 1522 ὀνό-

96 1547 166 1573 ματι
182 1539 295 1573 Kt'plov
313 1540 404 1574 κρῖναι
418 1539 464 1566 τὸν
477 1541 577 1576 κόσμον
591 1541 685 1568 αὑτοῦ.
702 1541 781 1576 Αὑτῴ
797 1543 814 1577 ὴ
828 1541 891 1574 δόξα.

97 1583 206 1620 τῴ(78)
231 1584 330 1620 Ila-:91,
354 1585 401 1612 καὶ
423 1585 461 1615 τῶ
477 1586 616 1622 Πνεύματι
630 1587 670 1619 εἰς
693 1587 756 1619 τοὺς
779 1587 890 1619 αἰῶνας.

104 1629 132 1656 Ἀ
137 1630 204 1665 μήν.

942 1083 1160 1118 subsequentes‘l
1171 1083 1293 1118 Apostoli
1310 1083 1456 1116 nimirum;
1471 1084 1594 1118 adeoque
1607 1091 1658 1112 nos
1671 1084 1736 1119 ipsi,

942 1129 990 1164 qui
1005 1137 1068 1156 cum
1084 1129 1139 1156 illis
1161 1136 1176 1157 e
1198 1129 1340 1164 gentilium
1355 1136 1470 1156 numero
1484 1128 1661 1157 credidimus.
1675 1128 1735 1157 Jam

942 1175 1040 1203 civitas
1068 1175 1128 1210 ipsa
1155 1174 1277 1203 caelestis
1306 1179 1349 1202 est
1380 1174 1571 1208 Hierusalem;
1592 1175 1736 1210 templum,

943 1221 1055 1249 cmleste
1078 1228 1215 1256 regnum,
1240 1228 1255 1248 a
1283 1228 1338 1256 quo
1357 1220 1486 1249 Christus
1513 1219 1643 1253 Iudaeos,
1663 1221 1737 1249 velut

943 1268 1089 1303 indignos.
1111 1268 1318 1296 exterminavit.
1342 1267 1383 1295 Ad
1405 1268 1481 1296 hune
1496 1269 1608 1295 modum
1636 1267 1736 1295 festum

945 1313 1012 1341 illud
1026 1317 1105 1341 tuum
1122 1313 1332 1348 contemplator.
1354 1313 1393 1340 Ita
1406 1313 1578 1341 Dominicum
1594 1313 1660 1341 illud
1680 1321 1737 1352 my.

943 1360 1059 1388 sterium
1077 1364 1196 1388 servato.
1216 1359 1334 1388 Prorsus
1350 1360 1423 1387 enim
1452 1363 1480 1387 et
1503 1367 1565 1394 quae
1587 1360 1621 1387 ad
1638 1358 1738 1386 festum

947 1406 1014 1433 illud
1033 1409 1110 1433 tuum
1128 1426 1153 1434 ..
1167 1426 1174 1434 .
1188 1426 1195 1433 .
1213 1406 1399 1434 Accurramus
1419 1412 1482 1432 cum
1509 1405 1613 1441 angelis
1639 1405 1738 1432 choros

943 1451 1076 1479 ducentes
1088 1471 1096 1484 ,
1115 1459 1176 1479 cum
1191 1451 1271 1479 turba
1292 1451 1453 1486 plaudentes
1466 1470 1474 1482 .
1491 1457 1554 1478 cum
1581 1450 1656 1485 pullo
1671 1451 1739 1480 sul)-

942 1497 1083 1529 silientcs,
1100 1505 1162 1524 cum
1179 1496 1312 1524 matribus
1334 1496 1503 1524 admirantes
1514 1515 1521 1528 ,
1546 1503 1608 1523 cum
1627 1500 1737 1530 aposto-

943 1543 977 1570 lis
995 1543 1175 1578 praadicautes
1185 1562 1193 1575 ,
1207 1542 1314 1570 obviam
1331 1542 1444 1570 Christo
1458 1541 1656 1576 procedentes,
1674 1540 1739 1568 dum

943 1588 967 1615 is
979 1587 1196 1623 Hierosolymam
1210 1587 1379 1622 ingreditur;
1397 1586 1558 1618 laudantes,
1577 1585 1738 1613 benedicen-

945 1637 1007 1666 tes,
1026 1633 1154 1662 llosanna
1182 1633 1321 1666 dicentes:
1349 1633 1507 1660 Benedictus
1531 1633 1576 1668 qui
1600 1631 1688 1663 venit,
1714 1633 1739 1657 el

99 1672 199 1702 iterum
216 1676 306 1704 veniet
321 1676 348 1703 in
363 1677 467 1706 nomine
482 1677 599 1712 Domini,
614 1679 740 1714 judicare
760 1678 892 1707 mundum
912 1686 1005 1707 suum.
1023 1679 1076 1714 ipsi
1091 1680 1178 1715 gloria
1203 1687 1266 1706 cum
1281 1678 1380 1711 Patre,
1412 1683 1440 1707 ct
1473 1678 1577 1714 Spiritu
1596 1682 1690 1705 sancto
1714 1676 1740 1702 in

101 1721 212 1748 saecula.
227 1723 325 1750 Amen.

894 1815 947 1842 νη.

227 1879 319 1905 Sancti
337 1877 477 1912 Epipliauii
498 1878 610 1912 episcopi
631 1876 794 1904 Constantia:
812 1876 893 1912 Cypri
909 1876 995 1902 oratio
1011 1875 1039 1901 in
1056 1878 1177 1901 sanctam
1194 1871 1294 1899 Chriin
1311 1871 1527 1898 resurrectione»!
1543 1871 1610 1906 (79).

137 1940 216 1968 Nune
227 1943 396 1966 mortuorum
410 1939 500 1966 luctus
513 1938 658 1970 exsulavit,
673 1941 700 1965 et
712 1937 890 1965 resurrectio-
904 1940 925 1969 C
943 1935 1108 1971 perfidorum
1136 1941 1235 1966 ausus;
1266 1931 1470 1967 suspenderunt
1485 1938 1546 1958 eum
1558 1950 1565 1962 ,
1583 1930 1630 1965 qui
1652 1933 1736 1957 totam

103 1987 145 2014 nis
170 1987 262 2013 lumen
285 1985 406 2016 all‘ulsit,
424 1986 452 2011 in
466 1991 521 2018 quo
538 1991 645 2011 summa
669 1983 714 2010 Dei
734 1985 760 2010 in
779 1991 828 2010 nos
845 1983 894 2010 de-

103 2035 276 2059 monstratur
290 2030 421 2058 charitas.
440 2029 508 2056 Nam
531 2034 647 2056 mortem
671 2037 752 2064 quam
779 2029 895 2056 debebat

104 2079 203 2109 homo,
219 2084 279 2104 eam
292 2076 412 2103 moriens
423 2075 562 2103 destruxit
572 2075 711 2107 Christus,
727 2075 894 2109 redemptio-

103 2124 146 2151 nis
173 2122 291 2157 pretium
307 2121 376 2149 dans
393 2128 442 2156 pro
461 2121 568 2151 anima,
594 2128 626 2148 ac
647 2128 749 2155 corpus
765 2128 814 2156 pro
832 2128 894 2147 cor-

103 2176 187 2204 pore,
219 2172 361 2202 totumque
391 2166 528 2193 hominem
555 2173 605 2201 pro
631 2166 758 2197 homine,
788 2173 821 2193 ac
847 2173 896 2200 pro

102 2218 192 2241 morte
207 2217 334 2239 mortem.
354 2211 385 2238 Et
395 2211 457 2246 quis
475 2219 596 2246 unquam
608 2211 700 2245 justus
712 2216 838 2238 mortuus
854 2215 896 2238 est

103 2267 152 2294 pro
163 2257 286 2292 injusto?
301 2257 368 2290 Quis
383 2260 458 2292 pater
483 2265 533 2292 pro
546 2257 620 2284 lilio?
638 2262 664 2284 et
679 2258 742 2291 quis
757 2265 805 2291 pro
821 2261 895 2291 patre

103 2306 175 2332 (ilius
190 2303 269 2330 morti
284 2311 313 2330 se
328 2303 426 2330 obtulit
437 2302 530 2336 ‘lquod
545 2302 655 2337 quidem
672 2310 721 2337 pro
736 2302 816 2328 nobis
831 2302 896 2328 fecit

105 2348 257 2376 Dominus:
273 2355 326 2374 non
351 2346 431 2373 modo
450 2354 498 2374 sua
528 2355 577 2374 nos
607 2355 690 2373 manu
718 2346 841 2373 formans
868 2346 896 2373 in

103 2393 201 2426 Adam,
226 2391 274 2419 sed
289 2391 413 2418 etiamin
429 2399 479 2418 sua
505 2399 554 2419 nos
577 2391 706 2426 passione
730 2399 896 2426 regeneratus

104 2446 151 2473 per
171 2437 308 2473 spiritum.
326 2436 483 2472 lmpiusque
497 2436 654 2464 Iudaeorum
678 2437 795 2471 populus
814 2444 895 2463 suum

103 2483 192 2519 ipsius
215 2481 350 2509 interfecit
375 2482 575 2510 benefactorem
590 2501 596 2513 ,
621 2489 670 2516 pro
687 2482 766 2510 bonis
784 2483 807 2509 ei
824 2482 896 2509 mala

105 2529 268 2564 rependens,
285 2535 318 2555 ac
332 2535 382 2562 pro
395 2527 494 2562 gaudio
512 2527 726 2558 tribulationem,
742 2532 766 2554 et
779 2535 828 2562 pro
839 2528 895 2554 vita

105 2579 229 2601 mortem.
245 2572 298 2606 Qui
311 2573 384 2601 enim
401 2573 509 2600 illorum
527 2572 702 2600 resnscitavit
719 2578 854 2604 mortuos,
868 2577 895 2600 c:

947 1980 1090 2015 suspendit
1115 1983 1232 2010 terram;
1248 1978 1320 2012 ligno
1337 1977 1480 2005 allixcrunt
1506 1978 1594 2009 illum,
1611 1978 1656 2013 qui
1672 1978 1738 2005 soli-

945 2027 1020 2054 davit
1035 2025 1184 2058 mundum;
1198 2028 1224 2051 et
1236 2024 1323 2051 mensi
1339 2027 1403 2051 sunt
1417 2031 1479 2051 eum
1493 2024 1540 2059 qui
1555 2025 1666 2051 metitur
1682 2031 1739 2051 cu:-

946 2072 988 2099 los
999 2091 1006 2103 ,
1024 2071 1199 2106 ligarunlque
1215 2070 1291 2097 illum
1303 2069 1351 2104 qui
1369 2069 1450 2096 solvit
1471 2073 1629 2104 peccatores
1640 2091 1648 2103 ,
1667 2074 1693 2097 ct
1709 2070 1737 2097 iu

947 2117 992 2145 siti
1009 2120 1140 2152 potarunt
1154 2119 1233 2143 aceto
1245 2115 1333 2147 illum,
1344 2115 1391 2149 qui
1407 2123 1455 2150 pro
1466 2119 1529 2150 potu
1542 2115 1643 2150 praebet
1653 2115 1737 2147 justi--

946 2162 1022 2194 tiam,
1041 2165 1067 2188 et
1083 2161 1110 2187 in
1126 2167 1218 2188 escam
1238 2159 1372 2187 dederunt
1389 2158 1424 2186 τοι
1440 2159 1464 2186 ei
1476 2178 1483 2190 ,
1504 2158 1551 2193 qui
1570 2158 1642 2186 l'ovet
1655 2158 1739 2193 justi-

946 2208 1023 2238 tiam,
1039 2206 1318 2239 contaminaruntque
1334 2212 1432 2231 manus
1456 2211 1488 2231 ac
1505 2205 1587 2239 pedes
1600 2204 1671 2238 ejus,
1690 2204 1737 2239 qui

947 2261 1044 2281 manus
1060 2253 1181 2287 ipsorum
1195 2251 1320 2282 sanavit,
1335 2253 1485 2285 coegerunt
1499 2250 1594 2277 oculos
1609 2249 1738 2276 claudere

947 2301 1040 2332 illum,
1055 2299 1102 2334 qui
1123 2299 1210 2325 visum
1229 2297 1297 2331 ipsis
1311 2296 1436 2331 aperuit,
1462 2296 1683 2330 sepelieruntque
1704 2296 1738 2322 il-

947 2347 1013 2377 lum,
1030 2345 1077 2380 qui
1091 2348 1214 2371 mortuos
1228 2343 1260 2370 ad
1277 2343 1359 2370 vitam
1372 2342 1521 2370 revocavit.
1537 2343 1560 2368 0
1577 2344 1737 2384 mysterium

946 2399 1047 2418 novum
1063 2395 1090 2418 et
1105 2389 1267 2417 miraculum
1282 2389 1464 2424 stupendum!
1482 2389 1622 2424 judicatus
1634 2395 1675 2417 est
1689 2390 1736 2424 ju-

946 2437 998 2464 dcx
1018 2441 1045 2464 et
1075 2436 1189 2471 ligatus,
1215 2436 1261 2470 qui
1287 2436 1369 2463 solvit
1385 2436 1508 2466 vinctos,
1527 2435 1696 2470 adactusque
1708 2436 1737 2464 in

946 2489 1055 2508 crucem
1068 2486 1126 2513 est,
1143 2481 1189 2516 qui
1204 2481 1320 2508 llrmavit
1337 2485 1454 2512 terram.
1470 2485 1497 2508 et
1514 2489 1664 2516 suspensus
1684 2487 1736 2515 est,

946 2527 992 2562 qui
1010 2527 1167 2555 universum
1179 2526 1322 2562 suspendit
1342 2527 1485 2554 mundum.
1499 2527 1673 2556 Mensuratus
1683 2532 1736 2560 est,

946 2573 992 2608 qui
1008 2573 1120 2600 metitur
1144 2573 1245 2605 cmlos,
1272 2577 1423 2608 pastusque
1440 2577 1482 2600 est
1501 2573 1578 2605 felle,
1593 2574 1639 2608 qui
1663 2575 1734 2609 pavit

104 2620 211 2646 curavit
223 2619 331 2650 turbas,
344 2618 562 2654 Illuminavitquc
575 2627 674 2651 caecos,
698 2619 770 2646 hunc
783 2609 890 2646 occide-
908 2624 928 2652 υ
943 2620 1040 2653 vitam;
1055 2623 1179 2646 mortuus
1202 2623 1246 2646 est
1269 2619 1315 2654 qui
1332 2623 1432 2646 cuncta
1459 2619 1589 2654 produxit
1605 2620 1677 2649 viva.
1693 2627 1733 2647 se-

105 2670 168 2692 runt
184 2665 385 2699 suspendentes
407 2665 433 2691 in
448 2665 530 2700 ligno.
547 2664 643 2692 Videte
659 2673 741 2698 nunc,
755 2665 890 2697 homines,

106 2712 203 2742 ridete,
217 2710 340 2745 inquam,
356 2715 460 2738 cunctae
479 2716 583 2746 gemes,
601 2719 687 2739 novos
699 2710 890 2746 inauditosquc

149 2799 194 2828 77)
210 2798 238 2824 F.
251 2797 419 2832 κροτοῦντες.

150 2834 194 2868 78)
211 2831 290 2860 DccSt
305 2831 363 2859 σύν.

944 2666 1091 2701 pullosque
1107 2669 1150 2693 est
1169 2666 1216 2700 qui
1236 2665 1351 2693 mortuis
1374 2665 1458 2692 vitam
1474 2665 1602 2692 reddidit.
1620 2663 1736 2691 Domino

944 2720 1060 2745 namque
1087 2719 1221 2746 suspenso
1248 2711 1275 2738 in
1301 2711 1384 2747 ligno.
1411 2715 1585 2739 monumenta
1609 2709 1735 2743 disrupta

946 2833 961 2860 ι
981 2798 1036 2858 (7.9)
1053 2797 1174 2826 Gcrardo
1188 2798 1284 2826 Vossxo
1297 2799 1458 2834 interprete;
1471 2799 1563 2826 Grmca
1581 2804 1633 2824 non
1645 2799 1734 2824 εχειισ

958 2841 998 2859 ’λιιι
1015 2852 1021 2859 .

958 2841 1021 2859 till“.
