1929 3038
169 167 220 195 507

796 161 900 190 DUBIA
919 161 990 189 AUT
1008 160 1147 188 SPURIA.

1748 164 1802 193 508

168 229 250 257 sunt,
265 224 391 252 infernus
410 227 520 259 apertus
535 228 592 257 est,
615 228 642 252 et
658 230 869 252 resurre-xct'unt
885 232 958 251 tnor—
973 229 998 256 Α
1012 232 1073 251 sum
1095 224 1223 252 Christus
1238 223 1292 251 vita
1309 227 1410 251 vestra.
1428 223 1487 256 Quo
1500 223 1593 251 audito
1609 223 1735 252 infernus
1754 232 1800 252 so-

169 272 230 303 lui,
255 270 464 306 etingeruntque
490 270 604 302 animze,
633 274 660 297 et
689 275 875 305 apparuerunt
917 272 954 299 ibi

169 317 249 345 multi
264 325 297 344 ex
317 317 350 343 iis
374 317 420 350 qui
435 320 614 343 surrexerunt
638 317 664 342 in
689 315 876 348 lherusalem,
893 316 957 343 dum

169 363 223 390 hoc
238 362 341 389 Christi
359 361 523 396 adimpletur
549 361 718 397 mysterium.
735 363 765 388 ln
783 369 865 389 cruce
885 361 959 388 enitn

170 408 299 436 exaltavit
315 415 436 441 carnem,
452 411 480 434 ut
497 408 583 435 clavis
598 407 706 434 confixa
722 412 866 443 appareret
883 415 959 439 caro,

170 460 198 483 et
213 455 264 483 sub
284 455 398 489 pedibus
413 455 505 482 carnis
529 462 602 482 mors
622 454 745 489 subjecta
771 459 822 482 est.
839 455 917 482 Tune
934 455 960 481 in

171 501 380 528 admirationem
396 501 466 535 rapti
480 505 545 527 sunt
562 501 669 535 angeli,
685 501 857 536 virtutesque
868 501 963 528 obstu—

171 550 290 581 puerunt
305 546 431 573 caelestes
447 554 530 580 super
547 546 675 581 passione
689 546 801 573 Christi.
816 546 963 574 Pcrterrita

171 595 253 625 atque
268 593 382 619 attonita
399 591 449 618 fuit
466 597 592 619 creatura
604 614 610 626 ,
625 592 721 620 dicens
735 603 741 620 :
758 593 827 626 Quid
838 593 895 628 jam
911 593 964 621 sibi

171 643 271 663 novum
289 636 361 663 istud
379 637 437 663 vult
455 637 632 672 mysterium?

208 681 296 708 Judcx
310 681 450 716 judicatur
466 687 492 710 ct
516 687 598 715 tacet,
615 683 662 718 qui
680 683 824 711 invisibilis
840 688 882 711 est
899 691 966 711 cou-

173 727 298 761 spicitur,
323 731 350 754 et
375 735 430 754 non
458 727 647 760 confunditur,
682 728 968 763 incomprehensibilis

174 773 389 807 apprehenditur
401 777 429 800 et
443 780 498 800 non
527 773 695 809 indignatur,
714 774 760 808 qui
782 776 839 809 ipse
855 775 969 802 immen-

174 827 222 846 sus
233 823 274 846 est
293 827 429 846 mensurte
444 819 601 854 subjicitur,
615 823 642 847 et
659 828 714 847 non
736 820 852 851 resistit,
870 820 970 856 impas-

174 864 263 891 sihilis
285 865 398 898 patitur,
417 867 444 891 et
461 872 514 891 non
533 865 679 897 retribuit,
705 865 868 892 immortalis
884 866 969 892 mori-

1009 270 1082 297 Intus
1104 274 1155 302 est,
1173 274 1313 304 pomoque
1327 269 1387 304 ejus
1410 277 1487 296 terea:
1502 269 1638 301 contritas,
1661 273 1690 297 et
1710 274 1802 298 vectes

1010 316 1092 343 ferrei
1108 315 1242 342 confracti
1259 319 1335 345 sunt,
1349 314 1559 349 eﬂ'ugeruntque
1572 319 1730 342 sanctorum
1744 316 1803 343 ani-

1010 371 1071 394 mas,
1085 366 1232 397 sequentes
1257 362 1372 396 vestigia
1396 361 1510 389 Christi.
1538 361 1670 395 Tuncque
1691 362 1802 397 impleta

1012 414 1054 436 est
1076 408 1237 443 Scriptura:
1253 408 1294 435 lbi
1308 408 1486 434 contriuerint!
1506 413 1597 442 portas
1617 416 1701 435 terea:
1720 413 1746 435 et
1764 417 1805 435 ve-

1013 461 1065 482 ctes
1085 455 1184 489 ferreos
1202 455 1385 490 court-egerunt
1397 456 1418 481 ¹.
1434 455 1568 482 Clamavit
1582 459 1674 482 autem
1693 459 1720 482 et
1732 460 1805 483 terra

1013 502 1110 530 dicens
1123 511 1130 528 :
1147 502 1270 533 Domine,
1284 502 1370 529 libera
1383 509 1448 528 mea
1459 502 1546 531 malis.
1559 501 1634 536 eripe
1646 509 1689 529 me
1703 502 1739 528 ab
1752 502 1804 534 ira,

1015 548 1092 575 solve
1107 555 1150 575 me
1162 555 1177 574 a
1195 547 1396 578 maledictione,
1416 554 1466 581 pro
1482 547 1581 582 quibus
1599 547 1763 582 sanguinem
1779 550 1806 574 et

1016 593 1136 620 humana
1166 600 1282 627 corpora
1307 592 1427 626 suscepi,
1455 593 1510 619 imo
1535 596 1562 618 et
1588 596 1664 619 tuum
1691 599 1805 626 corpus,

1017 647 1033 666 ο
1050 639 1175 670 Domine,
1195 637 1300 672 recepit
1314 641 1403 665 autent
1421 642 1498 664 tuum
1512 637 1657 664 Adamum.
1679 636 1807 664 Surrexit

1017 692 1083 720 ergo
1100 684 1232 711 Dominus
1249 684 1322 710 intra
1341 682 1473 714 triduum,
1497 683 1600 710 docens
1623 690 1674 710 nos
1697 683 1725 709 in
1746 682 1808 709 uni-

1018 733 1074 757 tate
1097 729 1212 756 adorare
1236 728 1408 755 Trinitatem.
1437 728 1550 755 Cuncta:
1577 731 1667 755 autem
1698 727 1810 754 Christo

1019 775 1130 803 salvata:
1155 777 1220 801 sunt
1239 777 1344 808 gentes.
1369 773 1447 800 Unus
1471 772 1689 808 enimjudicatus
1705 777 1758 804 est,
1783 777 1810 799 et

1020 821 1119 849 inﬁniti
1136 820 1232 848 salvati
1242 827 1349 851 sumus,
1368 819 1498 854 quoniam
1517 826 1565 854 pro
1574 818 1701 846 omnibus
1717 818 1810 845 Domi-

1021 875 1073 895 nus
1089 871 1214 894 mortuus
1226 869 1276 893 est.
1296 865 1336 892 Ad
1349 865 1478 892 eumdem
1492 865 1572 900 plane
1586 864 1707 896 modum,
1723 868 1810 892 totum

175 913 228 938 tur.
247 914 274 936 et
295 910 404 942 tolerat,
417 910 463 944 qui
487 910 514 936 in
535 910 613 937 cmlis
630 910 737 938 habitat
751 912 900 945 sepulturtc
913 915 968 937 tra—
985 904 1007 931 Β
1022 914 1134 940 indutus
1154 912 1303 944 hominem,
1330 910 1502 938 altitudinem
1520 910 1641 945 pervasit
1664 910 1811 941 ccelorum,

173 955 259 988 ditttr,
273 959 299 982 et
319 956 447 982 sustinet.
466 955 500 981 Et
516 963 648 990 quorsum
663 965 762 984 novum
793 957 864 985 istud
883 966 968 992 genus

175 1001 317 1035 mysterii,
348 1001 401 1028 nisi
432 1003 546 1030 omnino
573 1008 683 1038 propter
710 1003 869 1031 hominem?
895 1003 970 1032 Mors

175 1053 242 1073 vero
257 1047 374 1074 alienata
386 1068 393 1079 ,
411 1048 462 1075 sub
479 1048 593 1083 pedibus
608 1049 708 1076 Christi
726 1054 861 1084 prostrata
885 1049 968 1084 jacet,

175 1093 362 1128 subactusque
378 1098 420 1122 est
439 1095 563 1130 captivus
574 1095 601 1122 in
615 1095 781 1129 triumphum
793 1095 928 1128 infernus,
944 1099 971 1123 et

177 1139 312 1165 universae
328 1139 400 1167 illius
414 1141 542 1175 potentiae
557 1142 761 1174 abscesserunt,
771 1142 862 1169 statim
878 1142 970 1169 audita

176 1190 244 1210 voce
258 1183 372 1217 Christi,
389 1186 619 1219 quemadmodum
638 1185 780 1221 Scriptura
799 1187 837 1213 ait
853 1197 858 1214 ;
876 1186 970 1214 Vocem

177 1229 315 1256 verborum
330 1230 388 1264 ejus
406 1231 519 1258 audistis
529 1232 549 1258 ¹.
567 1231 625 1258 Non
639 1233 711 1259 enint
725 1234 831 1268 aspexit
845 1233 970 1264 infernus

179 1274 278 1302 faciem
291 1274 409 1307 Domini,
427 1276 474 1303 sed
496 1283 590 1304 vocem
609 1277 695 1312 ipsius
706 1277 838 1305 duntaxat
852 1280 969 1314 audivit,

179 1320 297 1347 dicentis
315 1330 321 1347 :
338 1320 518 1356 Egredimini,
543 1330 559 1349 ο
579 1324 688 1356 animae,
709 1323 737 1350 in
757 1325 854 1351 umbra
873 1329 969 1355 mortis

178 1365 297 1393 vinculis
321 1367 497 1400 constrictae,
529 1368 612 1396 vitam
633 1369 711 1397 vobis
744 1372 897 1405 annuntio,
920 1380 971 1407 ego

220 1445 228 1460 ¹
241 1445 318 1472 Deut.
335 1452 372 1478 tv,
388 1446 431 1473 12.
469 1448 479 1462 ι
492 1446 565 1474 Psal.
581 1455 636 1480 ert,
654 1448 696 1475 16.

1022 958 1203 993 ascenditque
1217 958 1244 984 in
1259 957 1430 984 altitudinem
1448 956 1543 991 gloria
1554 955 1632 990 regni
1645 955 1743 990 ipsius,
1760 955 1811 982 do-

1021 1012 1085 1032 num
1104 1003 1177 1031 Patri
1208 1003 1341 1035 referens,
1366 1010 1421 1029 non
1442 1009 1551 1034 aurutn,
1577 1009 1632 1028 non
1656 1004 1812 1036 argentum,

1022 1059 1111 1086 neque
1131 1050 1248 1085 lapidem
1263 1049 1426 1084 pretiosum,
1442 1047 1489 1076 sed
1505 1047 1655 1078 hominem,
1683 1055 1764 1082 quem
1779 1046 1814 1073 ad

1023 1097 1168 1132 imaginem
1183 1096 1226 1123 sui
1248 1095 1336 1122 ﬁnxit.
1354 1095 1432 1122 llunc
1454 1101 1519 1121 vero
1538 1093 1617 1120 Pater
1638 1094 1764 1121 eXaltans
1779 1093 1814 1120 ad

1023 1145 1161 1172 dexteram
1177 1151 1253 1170 suam
1270 1143 1298 1169 in
1315 1141 1425 1169 sublimi
1441 1141 1540 1167 throno
1553 1139 1708 1170 collocavit.
1727 1139 1815 1166 donec

1022 1194 1161 1224 ponantur
1175 1188 1278 1215 inimici
1292 1187 1379 1222 ipsius
1393 1186 1444 1213 sub
1456 1185 1570 1220 pedibus
1589 1185 1660 1219 ejus.
1675 1184 1816 1212 Venturus

1022 1239 1064 1262 est
1079 1235 1152 1261 enim
1165 1233 1251 1260 .ludex
1267 1233 1391 1260 vivorum
1414 1235 1442 1258 et
1464 1234 1649 1262 mortuorum,
1672 1230 1755 1264 cujus
1772 1238 1816 1257 re-

1021 1280 1066 1315 gni
1089 1286 1142 1306 non
1164 1279 1216 1306 erit
1239 1278 1312 1306 linis.
1336 1276 1471 1310 Quoniam
1494 1275 1580 1311 gloria
1605 1279 1647 1303 est
1678 1274 1766 1308 Patri,
1787 1280 1819 1303 et

1022 1325 1103 1357 Filio,
1116 1329 1145 1353 et
1160 1324 1275 1360 Spiritui
1288 1327 1395 1356 sancto,
1409 1329 1482 1350 nunc
1496 1326 1523 1350 et
1542 1329 1663 1357 semper,
1683 1325 1711 1350 et
1726 1322 1755 1350 in
1768 1330 1818 1351 tu:-

1022 1373 1085 1400 cttla
1101 1373 1274 1400 saeculorum.
1293 1372 1388 1399 Amen.

185 1493 1808 1516 gmw—Bg

721 1577 790 1603 ΤΟΥ
809 1577 856 1604 ΕΝ
893 1577 1006 1603 ΑΓΙΟῘΣ
1023 1577 1159 1603 ΠᾹΤΡΟΣ
1178 1577 1277 1603 ΗΜΩΝ

547 1660 974 1718 ΕΠΙΦΑΝΙΟΥ
1001 1660 1466 1718 ΕΠΙΣΚΟΠΟΥ

474 1771 701 1814 ΠΟΛΕΩΣ
738 1771 972 1813 ΚΩΝΣΤΛἘ

1022 1771 1121 1813 ῚΑΣ
1158 1772 1267 1814 ΤΗΣ
1306 1772 1536 1815 ΚΥΠΡΟΥ

710 1865 804 1892 ΠΕΡΙ
821 1864 890 1890 ΤΩΝ
903 1865 924 1890 Α
929 1865 964 1890 ΡΙ
966 1864 1068 1890 ΘΜΩΝ
1083 1865 1112 1890 Μ
1120 1865 1163 1891 ΥΣ
1167 1865 1309 1892 ΊΙΙΡΙΩΝ.

797 1974 922 2002 SANCTI
939 1968 1068 2002 PATRIS
1088 1974 1215 2003 NUSTRI

344 2063 661 2109 EPIPHANH
704 2061 978 2108 EPISCOPI
1018 2061 1416 2107 CONSTANTL/E
1460 2062 1637 2108 CYPRI

586 2156 823 2188 TllACTATUS
844 2157 897 2187 DE
918 2156 1172 2188 NUMERORUM
1194 2157 1421 2190 MYSTERHS.

522 2288 557 2315 De
584 2287 645 2322 ﬁde.

226 2340 251 2366 l.
259 2338 340 2366 Fides
351 2341 392 2364 est
402 2335 531 2371 quiddam
542 2336 613 2369 quod
623 2332 827 2366 Deumspcctat;
838 2331 883 2365 qui
893 2338 981 2366 neque

190 2383 366 2414 contrectari,
379 2390 467 2416 neque
481 2377 688 2414 comprehendi,
707 2384 795 2411 neque
810 2377 981 2411 contempla-

190 2432 265 2458 tione
289 2429 407 2465 percipi,
426 2435 514 2462 ucque
530 2426 639 2454 curiosa
655 2422 884 2458 pervestigatione
899 2423 958 2458 capi
970 2442 978 2455 ,

191 2485 280 2513 neque
301 2475 440 2510 explorari
471 2477 576 2508 potest;
603 2471 651 2499 sed
679 2470 788 2497 silentio
810 2469 910 2496 colitur
925 2491 932 2503 ,
956 2473 983 2497 et

192 2527 283 2550 tuente
299 2522 437 2549 adoratur.
457 2519 523 2546 Fixa
537 2519 616 2546 sedes
638 2517 754 2549 animae;
775 2517 981 2544 fundamentum

193 2570 272 2600 vitae,
287 2568 348 2594 viva
364 2566 450 2598 radix,
464 2573 556 2592 ratnus
577 2565 764 2599 incorruptus,
791 2563 983 2590 immortalita-

194 2616 228 2643 tis
250 2615 373 2646 l'ructus,
395 2612 587 2647 spei-undarum
603 2619 689 2638 rerum
708 2609 857 2637 substantia
871 2631 879 2643 ,
905 2617 985 2644 argu-

194 2666 310 2688 mentum
323 2669 374 2688 uon
389 2659 571 2695 apparentia":
589 2659 615 2693 ';
632 2662 790 2686 sanctorum
808 2656 930 2684 omnium
943 2655 986 2690 ju-

195 2707 336 2735 stitieatio.

233 2785 335 2812 ‘llebr.
351 2793 388 2819 xt,
407 2786 430 2812 Ι,

1313 2288 1384 2322 Περὶ
1400 2289 1541 2320 πίστεως.

1067 2337 1105 2363 A'.
1128 2335 1222 2366 Πίστις
1235 2334 1303 2363 ἐστι,
1319 2335 1415 2366 Πίστις
1427 2334 1455 2360 δὲ
1469 2335 1485 2369 ἡ
1501 2334 1539 2365 εἰς
1550 2333 1616 2359 Θεὸν
1628 2333 1745 2368 πρᾶγμα
1755 2333 1811 2368 ἀψη
1824 2350 1833 2356 .

1033 2383 1168 2418 λάφητον,
1188 2381 1390 2416 ἀκατάληπτον,
1416 2380 1586 2415 ἀθεώρητον,
1611 2378 1827 2414 ἁπολυπραγμό-

1034 2437 1122 2464 νητον,
1143 2427 1333 2463 ἀκαστορητὴς
1351 2426 1418 2462 (80),
1442 2427 1531 2461 σιωπῇ
1547 2425 1710 2460 τιμώμενον,
1730 2424 1776 2450 καὶ
1792 2423 1828 2457 νῷ

1034 2474 1281 2510 προσκυνούμενον,
1304 2473 1370 2509 ἕδρα
1389 2472 1488 2508 ψυχῆς,
1513 2471 1637 2507 θεμέλιον
1662 2470 1747 2505 ζωῆς,
1767 2470 1827 2506 ῥίς]

1037 2521 1122 2554 ζῶσα,
1139 2521 1234 2552 κλάδος
1248 2520 1416 2555 ἀμάραντος,
1435 2518 1541 2553 καρπδς
1565 2516 1728 2547 ἀθανασίας,
1744 2515 1830 2542 ἐνιπα-

1038 2563 1164 2599 ζομένων
1170 2564 1348 2599 πραγμάτων
1355 2564 1521 2596 ὑπόστασις
1526 2584 1533 2595 ,
1542 2562 1668 2597 ἔλεγχος
1672 2561 1708 2588 οὺ
1712 2559 1828 2593 ,βλεπο-

1034 2612 1144 2646 μένων,
1160 2611 1268 2638 πάντων
1282 2609 1336 2638 τῶν
1353 2610 1439 2645 ἁγίων
1454 2609 1604 2641 δικαίωσις.

240 2863 297 2900 (80)
317 2864 380 2892 For.
415 2863 606 2899 ἀνιστόρητον,
636 2862 676 2889 vel
706 2860 881 2891 ἀνείκαστον,
908 2857 1037 2892 ἇρρητον.
