1929 3038
71 154 125 184 509

278 218 348 253 Περὶ
363 217 418 252 τῆς
433 217 521 253 ἁγίας
538 219 670 253 Τριάδος.

110 276 149 303 B’.
171 276 260 312 Τριὰς
287 277 376 311 ἁπλῆ,
402 276 565 309 ἀσύνθετος,
592 275 802 310 ἀσυνείκαστος,
827 277 874 303 ἀν-

73 324 242 360 ἐκφραστος,
259 324 416 358 ἀδιήγητος,
426 323 582 359 ἀδιόρεστος
596 323 651 358 (81)
663 331 669 338 ·
681 322 787 358 Πατὴρ,
798 323 872 354 Υἱὸς,

74 369 155 404 ἆγιον
174 368 288 404 Πνεῦμα
300 378 306 384 ·
319 368 461 404 ὸμοούσιος
475 368 546 395 κατὰ
558 369 655 401 πάντα,
673 368 745 394 κατὰ
762 377 875 403 συμφω-

73 416 147 448 νίαν,
165 416 236 442 κατὰ
253 415 379 451 δύναμιν,
404 416 463 441 κατ’
484 414 633 450 ἐνέργειαν,
653 414 724 441 κατὰ
747 414 872 449 θεότητα,

73 462 149 489 κατὰ
177 461 303 497 μέγεθος,
320 462 348 487 ὲν
372 461 529 493 ὑποστάσει,
549 461 595 487 καὶ
608 460 721 496 ὀνόμασι
739 460 819 495 μόνον
840 460 875 486 δι-

74 508 216 544 ῃρημένη,
225 509 254 534 ἐν
266 507 391 542 δυνάμει,
405 506 452 533 καὶ
462 506 621 542 πράγμασιν
636 506 772 542 ἡνωμένη.
789 505 872 541 Τριὰς

74 553 130 588 πρὸ
143 552 251 580 αἰώνων
263 553 434 588 ὑπάρχουσα,
448 553 574 587 ἄναρχος,
587 552 710 587 ἄχρονος,
724 552 872 587 ἁγήρατος,

74 600 222 631 ἀθάνατος,
239 599 426 632 ἁτελεύτητος,
437 599 486 625 οὐκ
502 598 602 630 ἄξουσα
613 598 681 634 (82),
693 598 722 624 οὐ
739 598 871 633 λήγουσα,

75 646 120 672 ἀεὶ
133 645 206 671 κατὰ
225 645 256 670 τὸ
276 644 343 671 αὐτὸ
362 645 400 676 ὼς
415 644 502 676 αὕτως
522 644 703 679 τυγχάνουσα,
722 644 752 670 οὐ
765 643 814 670 νῦν
830 643 875 669 εὑ-

77 691 198 726 ρεθεῖσα,
214 691 258 717 ἀεὶ
279 690 308 717 δὲ
325 689 561 726 προσκυνουμένη,
578 690 630 716 ὑπὸ
652 689 808 716 ἀποστόλων
822 697 873 724 κη-

76 737 241 772 ρυττομένη,
266 736 318 762 ὑπὸ
341 736 503 771 Ἐκκλησίας
527 736 626 771 πιστῆς
645 735 850 771 μεγαλυνομένη
865 743 872 750 ·

75 782 294 817 παντοδύναμος,
325 781 554 813 παντεπίσκοπος,
577 781 752 818 δημιουργὸς,
777 781 873 817 φιλάν-

76 829 198 865 Θρωπος,
212 829 313 865 ἀγαθὴ,
333 828 496 864 ἀπροσδεὴς,
510 827 609 854 τελεία.

78 972 145 1000 Ὀτι
169 972 220 999 καὶ
242 973 259 999 ὁ
275 972 398 1007 ἀριθμὸς
412 971 466 1006 τῆς
492 972 610 1005 Τριάδος
630 971 726 1005 αὐτῆς
753 972 769 997 d
793 969 874 1007 παρὰ

112 1008 179 1040 ταῖς
192 1005 434 1042 θεΙαιςΤράφαῑς
447 1008 649 1042 ἐμφερόμενος
661 1005 873 1041 μυστηριώδης

111 1043 180 1071 ἐστι
193 1043 244 1070 καὶ
259 1042 367 1078 θαῦμα.

111 1100 149 1127 Γ’.
168 1100 267 1135 Τρίτον
282 1099 317 1126 τὰ
342 1098 491 1134 χερουϐεὶμ
510 1097 541 1124 τὸ
554 1097 660 1132 Ἄγιος,
677 1096 771 1130 ἅγιος,
790 1094 874 1129 ἅγιος

76 1147 188 1179 Κύριος
203 1146 328 1182 ἁνυμνεῖ.
344 1145 414 1180 Τρία
427 1144 462 1171 τὰ
481 1143 586 1180 μεγάλα
607 1144 727 1178 στοιχεῖα
739 1151 745 1157 ·
761 1141 873 1177 οὐρανὸς

77 1194 125 1220 καὶ
138 1194 208 1228 ὴγῆ,
221 1193 268 1219 καὶ
277 1192 409 1218 θάλασσα.
423 1191 492 1226 Τρία
501 1190 533 1216 τὰ
542 1190 571 1216 ἐν
581 1190 658 1225 ἡμῖν’
671 1188 743 1220 νοῦς,
755 1187 872 1223 πνεῦμα,

77 1238 166 1272 λόγος.
192 1238 273 1273 Τρεῖς
299 1237 434 1273 πατέρες,
457 1235 552 1272 Ἀδὰμ,
576 1233 642 1269 Σὴθ,
673 1233 773 1268 Ἐνώχί
793 1232 875 1268 Τρεῖς

78 1284 260 1320 πατριάρχαι,
283 1283 420 1318 Ἀϐραὰμ,
441 1281 544 1313 Ἰσαὰκ,
560 1278 668 1306 Ἰακώϐ.
686 1279 767 1315 Τρεῖς
791 1278 875 1312 ἄγγε-

77 1330 117 1357 λοι
139 1330 214 1365 παρὰ
231 1329 331 1364 σκηνὴν
353 1328 488 1363 Ἀϐρααμ.
505 1327 586 1362 Τρεῖς
598 1325 699 1361 ἡμέραι
716 1325 766 1360 τῆς
779 1324 874 1355 θυσίας

77 1376 124 1403 τοῦ
137 1375 275 1411 Ἀὕραὰμ,
296 1374 365 1411 Τρία
392 1373 478 1408 μέτρα
496 1372 662 1407 σεμιδάλεως
677 1371 692 1406 ή
713 1371 807 1406 Σάρρα
824 1369 874 1396 λα-

78 1420 165 1448 ϐοῦσα
179 1422 244 1452 τοὺς
262 1419 395 1454 ἀγγέλους
410 1419 466 1454 (85)
483 1418 633 1453 παρέθηκε.
658 1416 738 1452 Τρεῖς
761 1415 875 1451 ῥάϐδους

78 1467 178 1494 Ἰακὼό
194 1465 340 1496 πελεκίσας
359 1465 419 1495 ταῖς
440 1465 530 1499 ληνοῖς
546 1463 600 1489 τῶν
624 1461 806 1497 ποτιστηρίων
832 1462 875 1488 ὲν-

78 1513 172 1548 έθηκε.
182 1512 262 1546 Τρεῖς
273 1510 383 1541 δεκάδες
392 1510 533 1541 ἐνιαυτῶν,
550 1509 597 1535 καὶ
610 1508 665 1543 (84)
674 1508 733 1534 τότε
750 1507 875 1542 βασιλεὺς

524 158 735 188 TRACTATUS
752 158 796 186 DE
814 158 1038 188 NUMERORUM
1060 159 1253 188 MYSTERIIS.

1675 161 1726 189 5M

1170 221 1208 248 De
1219 225 1312 249 sancta
1329 223 1467 255 Trinitata.

960 277 993 304 ll.
1013 277 1133 305 Trinitas
1149 279 1263 314 simplex
1277 299 1284 310 ,
1303 279 1414 307 minime
1433 283 1584 316 composita
1597 303 1604 316 ,
1630 291 1712 319 quant

924 325 999 351 nulla
1025 325 1182 359 conjectura
1208 326 1338 360 assequi,
1367 326 1439 353 nulla
1465 329 1603 363 explicare
1628 331 1714 364 possit

924 372 1012 398 oratio
1025 391 1032 402 ,
1049 371 1242 399 inenarrabilis
1253 393 1260 403 ,
1283 372 1459 399 interminata
1470 393 1477 405 ,
1494 373 1574 402 Pater
1586 394 1593 406 ,
1618 374 1713 409 Filius,

926 417 1045 452 Spiritus
1060 421 1186 451 sanctus;
1201 419 1449 446 consubstantialis
1463 419 1490 446 in
1504 420 1642 453 omnibus,
1653 428 1715 448 con-

924 463 1072 493 sensione.
1098 464 1143 495 vi,
1170 465 1294 496 actione,
1321 465 1482 498 divinitate,
1510 466 1715 501 magnitudine,

924 508 1064 544 hypostasi
1083 510 1172 537 solum
1196 518 1227 537 ac
1243 511 1400 538 nominibus
1417 511 1566 545 distincta;
1594 512 1618 539 vi
1634 519 1716 546 porro

924 560 1007 589 atque
1029 555 1134 583 etl'ectis
1155 556 1313 590 conjuncta.
1333 556 1454 584 Trinitas
1478 557 1578 584 arcula
1605 561 1717 584 antece-

924 601 992 628 dens
1005 602 1106 633 omnia,
1118 602 1253 636 principio
1267 610 1376 634 carens,
1397 602 1528 637 temporis
1545 609 1576 630 ac
1590 608 1717 630 senectu-

924 647 960 675 tis
986 655 1106 682 expers;
1133 648 1316 681 immortalis,
1347 648 1426 676 linem
1454 649 1560 676 nullum
1592 649 1714 682 habens,

924 701 1013 728 neque
1027 701 1170 726 crescens,
1186 702 1275 729 neque
1289 694 1418 722 desinens
1428 715 1435 727 ,
1454 702 1564 729 semper
1577 695 1672 723 eodeni
1689 695 1716 722 iu

924 743 1016 772 statu,
1043 740 1138 767 eodem
1159 740 1240 767 modo
1266 740 1432 768 consistens.
1463 740 1529 773 Quae
1553 748 1607 767 non
1636 740 1717 767 modo

924 790 1051 820 reperta,
1081 786 1130 813 sed
1147 783 1257 820 semper
1283 785 1413 818 adorata;
1436 785 1623 820 apostolorum
1649 792 1717 814 voce

924 831 1089 866 prmdicata;
1105 832 1139 859 ab
1151 831 1272 859 Ecclesia
1288 831 1405 859 ﬁdeliter
1421 831 1608 867 magniﬁcata;
1624 832 1716 859 omni-

925 879 1033 910 potens,
1052 876 1144 903 omnia
1163 876 1334 912 prospiciens
1345 896 1352 908 ,
1367 876 1469 911 opifex,
1486 876 1614 912 benigna,
1632 876 1716 909 bona,

925 921 965 949 rei
982 922 1085 949 nullius
1101 929 1195 956 egens,
1213 921 1347 957 perfecta.

926 977 1002 1011 Quod
1026 982 1051 1005 et
1076 977 1217 1004 Trinitatis
1241 977 1325 1012 ipsius
1350 985 1487 1008 numerus,
1506 978 1551 1012 qui
1578 978 1604 1004 in
1631 977 1716 1004 sacris

959 1012 1067 1053 Litte_rt's
1087 1012 1245 1046 exprimitur
1258 1033 1265 1045 ,
1284 1013 1437 1047 mysterium
1461 1017 1486 1038 et
1510 1012 1716 1040 admirationem

960 1052 1086 1075 continet.

962 1103 1003 1131 lll.
1021 1103 1180 1131 Cherubimi
1200 1103 1281 1130 tertio
1299 1103 1466 1137 pne-dicant:
1493 1102 1608 1130 Sanctus
1620 1122 1628 1134 ,
1654 1109 1717 1129 san-

925 1154 994 1181 clur.
1010 1154 1118 1176 sanctus
1133 1149 1262 1176 Dominus
1273 1152 1292 1175 '.
1307 1148 1371 1176 Tria
1385 1153 1449 1176 sunt
1461 1149 1594 1176 elementa
1608 1155 1715 1183 magna,

925 1195 1035 1227 cozlum,
1054 1198 1137 1226 terra,
1154 1202 1238 1222 mare.
1254 1194 1318 1221 Tria
1335 1195 1414 1222 nobis
1429 1195 1527 1226 insita,
1544 1202 1621 1221 mens
1632 1214 1639 1226 ,
1658 1193 1716 1228 spi-

926 1239 1007 1271 ritus,
1023 1240 1103 1267 ratio.
1120 1239 1187 1266 Tres
1204 1242 1269 1266 sunt
1287 1242 1389 1274 patres,
1405 1239 1503 1268 Adam.
1521 1238 1598 1270 Seth,
1611 1238 1715 1266 EItOL'h.

927 1285 994 1314 Tres
1009 1285 1183 1320 patriarchae,
1199 1285 1348 1318 Abraham,
1363 1284 1449 1315 Isaac,
1472 1283 1567 1311 Jacob.
1586 1283 1655 1311 Tres
1669 1290 1718 1310 an-

925 1333 977 1368 geli
991 1331 1024 1358 ad
1035 1330 1185 1357 Abrahami
1204 1329 1364 1356 tentorium.
1382 1328 1449 1356 Tres
1470 1329 1618 1356 Abrahami
1633 1328 1719 1355 sacri-

928 1377 982 1404 ticii
1009 1377 1077 1404 dies.
1098 1375 1167 1403 Tres
1197 1374 1295 1402 similte
1321 1381 1464 1401 mensuras
1489 1373 1572 1400 Sarra
1603 1372 1718 1407 angelis,

926 1430 996 1458 quos
1013 1425 1167 1456 exceperat,
1186 1420 1323 1456 apposuit.
1340 1419 1408 1447 Tres
1431 1420 1522 1454 virgas
1536 1418 1719 1445 dccorticatas

926 1467 1011 1495 Jaeob
1026 1466 1182 1497 canalibus,
1200 1465 1300 1500 quibus
1312 1472 1410 1500 pecora
1428 1464 1636 1498 adaquabantur
1646 1483 1654 1495 ,
1669 1463 1720 1490 im-

927 1513 1014 1540 misit.
1044 1511 1113 1538 Tres
1139 1518 1273 1538 annorum
1311 1510 1454 1542 decuriae;
1484 1510 1585 1544 quibus
1614 1508 1719 1535 exactis

78 1558 189 1592 Ἰωσήφ.
203 1557 284 1592 Τρεῖς
300 1556 386 1590 μῆνας
409 1555 483 1590 παρὰ
501 1556 556 1585 τοῖς
578 1553 702 1588 γονεῦσιν
717 1552 873 1588 κρυπτόμε-

930 1556 1057 1596 [Pharao]
1077 1564 1122 1584 rex
1141 1555 1430 1592 [Egyptiﬂoscphum
1442 1554 1601 1591 [provexit].
1618 1554 1719 1581 Tribus

77 1613 122 1636 νος
141 1603 274 1638 Μωϋσῆς.
290 1602 356 1637 Τρὶς
369 1602 442 1637 τρεῖς
456 1602 533 1627 ἐννέα
546 1600 600 1626 τῶν
614 1599 769 1633 Αἰγυπτίων
782 1599 809 1625 αἱ
827 1598 874 1633 μά-

79 1658 180 1684 στιγες.
198 1649 278 1685 Τρεῖς
307 1648 394 1683 μῆνας
412 1647 441 1679 ἐξ
466 1646 616 1680 Αἰγύπτου,
644 1645 690 1672 καὶ
706 1644 768 1670 τότε
792 1644 874 1679 νόμος

78 1696 199 1732 ὲγρὰςρη,
213 1695 260 1721 καὶ
274 1694 377 1725 πλάκες
398 1693 525 1727 ἐξὴλεων.
540 1692 609 1727 Τρία
630 1690 738 1725 τάγαθὰ
750 1691 799 1726 τῆς
813 1690 875 1725 ἐρή-

79 1750 146 1778 μου·
171 1740 255 1776 ὕδωρ,
275 1739 479 1775 ὀρτυγομήτρα,
503 1737 534 1764 τὺ
561 1737 658 1772 μάννα.
677 1736 767 1771 Τρεῖς,
795 1735 872 1770 φησὶ,

79 1788 192 1822 καιροὺς
206 1786 325 1820 Meo-33?];
336 1783 414 1819 ὤφθη
430 1783 544 1809 ἐνώπιον
558 1782 670 1818 Κυρίου.
683 1782 764 1817 Τρεῖς
779 1782 873 1816 ἱερεῖς,

78 1833 211 1868 Μωῦσῆς,
227 1830 343 1867 Ἀαρὼν,
360 1828 496 1865 Σαμουὴλ.
510 1828 591 1863 Τρεῖς
607 1828 754 1862 στρατηγοὶ
768 1826 874 1860 θαυμα-

81 1881 146 1912 στοὶ,
163 1877 270 1914 Ἰησοῦς
295 1878 309 1903 6
332 1876 422 1911 Ναυῆ,
447 1874 538 1901 Χάλεδ
558 1873 673 1909 Ὶεφονὴ,
700 1873 746 1900 κοιλ¹
769 1872 871 1904 Φινεές.

79 1927 159 1962 Τρεῖς
182 1926 206 1954 οἱ
226 1923 297 1951 κατᾶ
311 1922 437 1958 Ἀμαλὴκ
453 1921 499 1948 ἐπὶ
522 1921 571 1955 τῆς
591 1920 693 1956 πέτρας
716 1917 870 1953 ἱστάμενοι·

79 1972 210 2007 Μωῢσῆς,
232 1969 349 2006 Ἰησοῦς,
366 1970 427 2004 Ὤρ.
451 1968 532 2003 Τρεῖς
558 1967 649 2002 κριταὶ
671 1965 806 1998 δυναστοὶ,
824 1965 873 1991 Γε-

78 2017 155 2049 δ;ὼν,
173 2015 292 2050 Ἰεφθάε,
317 2014 446 2050 Σαμψών.
460 2014 542 2050 Τρεῖς
565 2012 717 2048 πρεσϐῦται
733 2011 787 2038 τῶν
807 2010 873 2037 υἱῶν

79 2063 189 2100 Ἰσραήλ
201 2072 207 2078 ·
228 2062 357 2097 ὶιωῡσῆς,
372 2060 444 2093 Ἰὼϐ,
467 2059 576 2094 Δανιὴλ.
594 2059 675 2094 Τρεῖς
694 2057 840 2093 ἐϐδομὰδες
857 2058 873 2093 ή

79 2109 192 2146 νηστεία
210 2108 258 2135 τοῦ
273 2107 382 2143 Δανιήλ.
403 2107 484 2142 Τρεῖς
500 2108 524 2133 ot
541 2106 635 2138 παῖδες
650 2106 673 2132 οἱ
689 2106 722 2140 τῇ
744 2105 827 2131 εἰκόνι
840 2105 873 2139 τῇ

80 2157 166 2192 χρυσῇ
190 2155 229 2191 μὴ
251 2154 503 2190 προσκυνήσαντες·
525 2151 635 2188 Σιδρὰχ,
654 2151 758 2186 Μισὰχ,
780 2151 874 2178 Ἀϐδε-

80 2211 163 2237 ναγω.

114 2293 163 2320 Διὰ
178 2291 264 2327 τριῶν
283 2290 386 2317 σείεται
400 2290 416 2325 ἡ
431 2289 478 2324 γῆ,
497 2289 535 2320 ὡς
556 2288 632 2322 ἔλεγε
656 2286 781 2322 Σολομὼν
793 2296 800 2302 ·
825 2286 873 2312 ἐὰν

81 2340 198 2374 οἰκέτης,
215 2338 292 2373 φησὶ.
306 2336 464 2371 βασιλεύσῃ,
481 2335 528 2362 καὶ
539 2334 634 2370 ἄφρων
649 2333 755 2369 πλησθῇ
771 2333 874 2364 σιτίων,

83 2386 125 2412 καὶ
139 2383 243 2420 μισητὴ
256 2382 325 2418 γυνὴ
336 2382 383 2409 ἐὰν
396 2381 465 2418 τύχῃ
479 2381 573 2416 ἀνδρὸς
584 2379 698 2414 ἀγαθοῦ.
710 2379 779 2414 Τρία
790 2379 874 2410 ἐστὶν,

83 2431 98 2459 5.
112 2431 168 2466 (85)
185 2429 365 2466 ἐμπίπλαται,
378 2428 456 2464 ᾅδης,
469 2427 539 2463 ἔρως
552 2425 690 2460 γυναικὸς,
703 2425 739 2460 γῆ
750 2425 874 2460 ψαφαρὰ.

80 2477 149 2514 Τρία
164 2476 240 2503 ἐστὶν
255 2475 450 2510 ἀκατάληπτα·
468 2473 528 2509 ἴχνη
544 2472 624 2499 ἀετοῦ
643 2471 803 2506 πετομένου,
817 2471 877 2503 ὁδὸς

81 2527 167 2558 ὂψεως
184 2522 232 2550 ἐπὶ
252 2522 366 2557 πέτρας,
379 2520 470 2556 τρίὸος
488 2518 706 2554 ποντοπορούσης
722 2517 794 2553 νηός.
808 2517 876 2553 Τρία

84 2570 154 2596 ἐστὶν
186 2568 257 2603 ἅπερ
285 2567 384 2598 εὺὸὂως
414 2564 595 2601 πορεύονται·
625 2563 744 2598 σκύμνος
769 2562 877 2594 λέοντος

86 2614 257 2650 ἰσχυρότερος
279 2611 398 2648 κτηνῶν,
420 2611 543 2646 ἀλέκτωρ
564 2609 760 2646 ἐμπεριπατῶν
778 2610 806 2636 ἐν
827 2608 875 2645 οη-

121 2691 193 2720 'lsa.
209 2699 246 2724 vr,
263 2691 290 2719 5.
328 2692 337 2706 '
350 2690 431 2718 Prov.
445 2696 538 2722 xxxw,
551 2688 596 2720 22,
612 2688 657 2716 9.3.
697 2687 706 2704 ³
719 2687 785 2715 ibid.
804 2687 844 2714 15.

130 2771 174 2806 8t)
191 2771 254 2798 Cor.
270 2768 492 2806 i5t§ptsvo;_._vel
509 2768 670 2806 ἀδιαίρετος.

130 2773 168 2799 δι’
191 2773 254 2798 Cor.
270 2773 432 2806 ἀδιόριστος.
450 2773 492 2797 vel
509 2773 670 2804 ἀδιαίρετος.

119 2773 175 2843 282;
195 2807 260 2834 Cor.
278 2804 406 2837 αῠξουσα.
422 2804 484 2832 Mox
498 2814 504 2832 :
523 2805 566 2831 ἀεὶ
579 2804 648 2830 κατὰ
662 2802 692 2830 τὸ
707 2801 773 2828 αὐτὸ
787 2800 876 2827 ὡσαύ-

88 2851 178 2910 ἰωάξὸ)
195 2876 259 2904 Cor.
276 2877 331 2908 τοῖς
345 2875 479 2910 ἀγγέλοις.

928 1602 1069 1631 mensibus
1086 1603 1192 1638 Mo‘yses
1218 1601 1289 1636 apud
1314 1605 1442 1636 parentes
1466 1601 1556 1627 latuit.
1571 1600 1718 1634 Tt‘iplicalﬂ

929 1655 970 1678 ter
982 1649 1173 1685 Egyptiqrum
1199 1647 1304 1682 ﬂagella
1332 1655 1427 1674 n0vem
1447 1648 1636 1674 coniecerunt.
1656 1646 1720 1674 Post

928 1701 984 1725 tres
1001 1697 1034 1723 ab
1051 1696 1212 1731 Aigyptiaca
1229 1694 1393 1729 migratione
1411 1701 1519 1722 menses
1547 1694 1649 1728 scripta
1678 1693 1720 1719 lex

927 1747 988 1774 est,
1016 1746 1041 1768 et
1070 1741 1170 1767 tabula:
1281 1738 1345 1765 Tria
1374 1738 1532 1766 solitudinis
1556 1738 1719 1765 commoda:

928 1795 1014 1821 aqua,
1040 1787 1166 1813 coturnix
1181 1805 1188 1817 ,
1212 1793 1322 1812 manna.
1339 1784 1456 1817 Tribus,
1474 1785 1510 1810 ait
1524 1804 1531 1816 ,
1552 1785 1721 1818 temporibus

929 1833 1017 1861 Moses
1025 1841 1116 1860 coram
1127 1831 1241 1858 Domino
1249 1833 1384 1866 apparuit.
1396 1829 1463 1857 Tres
1471 1830 1546 1857 fuere
1552 1830 1720 1862 sacerdotes,

928 1880 1043 1915 Moyses,
1058 1879 1158 1910 Aaron,
1177 1877 1298 1904 Samuel.
1310 1875 1378 1903 Tres
1392 1875 1514 1910 insignes
1527 1875 1623 1905 duces,
1640 1874 1721 1902 Jcsus

926 1925 1000 1952 Nave
1019 1925 1101 1956 lilius,
1114 1923 1214 1950 Chaleb
1229 1922 1351 1957 Jephone
1365 1921 1447 1953 (ilius,
1465 1925 1492 1947 et
1510 1920 1636 1948 Phinces.
1653 1919 1722 1948 Tres

928 1971 1060 1998 adversus
1077 1970 1187 1997 Amalec
1204 1969 1231 1996 in
1254 1968 1324 1995 colle
1341 1971 1446 1995 stantes
1459 1987 1466 1999 ,
1491 1967 1597 2002 Moyses
1608 1987 1615 1998 ,
1630 1966 1721 1998 Jcsus,

927 2015 974 2044 Or.
994 2016 1063 2044 Tres
1094 2015 1262 2050 potentiores
1287 2013 1411 2048 judiees,
1441 2011 1570 2043 Gedeon.
1594 2012 1720 2050 Jcphtlic,

929 2061 1076 2096 Sampson.
1089 2059 1158 2086 Tres
1178 2067 1259 2086 senes
1272 2059 1473 2085 interventores
1490 2057 1607 2084 liliorum
1624 2046 1720 2087 lsrabl,

928 2106 1034 2142 Moyses
1049 2125 1055 2137 ,
1073 2105 1140 2137 Job,
1168 2103 1273 2131 Daniel.
1296 2103 1398 2130 Tribus
1420 2102 1600 2130 hebdomadis
1626 2101 1720 2129 Daniel

926 2152 1060 2188 jejunium
1077 2150 1224 2186 pertexuit.
1241 2149 1310 2177 Tres
1325 2150 1412 2184 pueri,
1428 2149 1475 2183 qui
1499 2155 1611 2175 aureum
1635 2149 1720 2176 simn-

930 2200 1033 2226 lacrum
1057 2199 1174 2225 adorare
1189 2197 1354 2224 noluerunt:
1372 2195 1505 2227 Sidrach,
1525 2194 1627 2222 Misach
1640 2214 1647 2227 ,
1665 2194 1719 2221 Ab-

890 2237 911 2264 Ῑ)
926 2243 1042 2278 denago.

962 2289 1078 2324 Propter
1106 2288 1160 2316 tria
1185 2288 1344 2316 concutitur
1369 2291 1459 2320 terra,
1498 2288 1537 2315 ait
1566 2287 1721 2314 Salomon:

926 2345 989 2365 cum
1013 2344 1110 2364 servus
1141 2339 1248 2370 regnat,
1271 2342 1333 2362 cum
1351 2333 1444 2362 fatuus
1459 2334 1529 2362 cibis
1542 2334 1674 2365 satiatur,
1695 2336 1722 2358 ct

927 2382 1022 2409 odiosa
1038 2381 1136 2408 mulier
1154 2379 1264 2416 quando
1278 2380 1366 2407 virum
1377 2379 1479 2407 bonum
1497 2379 1640 2407 sortitur'.
1657 2377 1722 2405 Tria

928 2433 1004 2460 sunt,
1023 2435 1084 2462 qure
1107 2427 1202 2454 satiari
1224 2430 1366 2461 nequeunt
1383 2435 1390 2453 :
1407 2425 1544 2457 infernus,
1562 2432 1639 2451 amor
1659 2432 1722 2451 mu-

933 2474 1019 2506 lieris,
1035 2473 1112 2500 arida
1127 2477 1155 2500 et
1180 2472 1297 2499 friabilis
1321 2475 1393 2499 terra
1404 2471 1424 2499 ³.
1443 2470 1508 2498 Tria
1526 2469 1722 2505 comprehendi

930 2527 984 2546 non
1004 2522 1121 2554 possunt
1140 2527 1146 2546 :
1164 2517 1279 2552 vestigia
1291 2517 1410 2544 volantis
1423 2516 1531 2551 aquila,
1548 2516 1590 2543 via
1610 2523 1723 2550 serpen-

929 2564 965 2591 tis
982 2571 1064 2598 super
1078 2567 1195 2599 petram,
1212 2562 1309 2590 semita
1325 2562 1403 2589 navis
1419 2562 1446 2589 in
1462 2561 1532 2588 mari
1546 2561 1605 2589 vela
1622 2561 1723 2587 facien-

930 2609 966 2636 tis
975 2609 997 2636 ⁸.
1016 2608 1080 2636 Tria
1103 2612 1167 2651 sunt
1183 2615 1244 2643 qua:
1267 2608 1399 2643 praeclare
1421 2607 1600 2643 gradiuntur;
1615 2607 1723 2636 catulus

884 2686 969 2714 ‘ibid.
988 2686 1031 2715 19.

966 2764 1119 2800 (8.4)νῡοίιει
1135 2764 1288 2799 quidpiam.
1315 2768 1433 2792 tortasse
1449 2761 1654 2799 μετεμέμψστο,
1672 2763 1720 2789 au!

931 2799 1033 2833 aliquid
1048 2799 1194 2833 ejusmodi.
1212 2800 1346 2834 Corrupta
1364 2807 1424 2827 vox.

967 2834 989 2870 (λ
1040 2835 1116 2861 Deest
1132 2834 1191 2860 οὐκ.
