1929 3038
70 195 122 224 515

515 193 726 222 TRACTATUS
745 194 790 221 DE
809 193 1035 223 NUMERORUM
1062 193 1260 222 MYSTERllb.

1654 200 1708 228 εει

69 254 129 282 ὅλον
144 253 175 280 τὺ
208 251 333 289 φύραμα,
354 251 426 278 κατὰ
442 251 472 278 to
498 252 699 288 γεγραμμένον,
717 252 868 289 ὲζύμωσεν.

926 252 1104 284 abscondens,
1121 257 1217 286 totam,
1232 257 1262 280 ut
1277 253 1411 289 scriptum
1427 259 1470 283 est
1483 257 1503 289 ',
1517 263 1635 284 massam
1653 255 1709 286 fee-

71 353 132 380 Ὅτι
153 351 205 379 καὶ
229 352 246 378 ὁ
268 350 392 385 ἀριθμὸς
416 350 457 382 ὡς
480 349 576 385 διπλῆ
598 351 680 384 τριὰς
705 349 755 385 sit!
775 348 865 384 μεγαί-

105 389 169 415 λων
189 383 380 421 πραγμὶὶτὰης,
401 385 435 411 ἐν
454 383 491 418 τῇ
520 386 584 419 θείᾳ
612 383 720 419 Γραφῇ
741 383 865 418 παρατε-

106 424 242 456 τήρητιιι.

106 468 145 496 Δ’.
173 468 217 494 Ἐν
234 466 264 499 ἒξ
280 466 398 502 ἡμέραις
413 466 428 492 ὁ
439 465 505 497 Θεὸς
517 465 564 492 τὸν
578 465 681 500 κόσμον
699 465 867 493 κατεσκεύα-

73 524 129 543 σεν.
148 515 254 549 Ἕκτην
266 513 372 549 ἡμέραν
386 513 486 540 ἔπλασε
501 513 548 539 τὸν
568 512 662 547 ’Δδάμ.
677 512 780 548 Ἔκτην
792 512 867 548 ὥραν

74 560 255 597 γυμνωθέντα
271 559 346 595 παρὰ
361 559 410 594 τῆς
427 558 567 594 ἁμαρτίας
590 557 674 593 δήλης
691 556 747 592 (88)
766 557 867 592 ἐζήτη-

73 616 130 634 σεν.
160 607 261 633 Ἕκτον
289 605 367 640 ὤφθη
390 605 430 640 τῷ
456 604 597 640 Ἀϐραάμ”
625 604 697 637 ἅπαξ
723 605 762 634 εἰς
790 602 867 638 Χαρ-

75 653 126 689 ρὰν
147 655 157 664 "
174 653 183 662 '
198 653 209 663 ‘
231 651 325 687 τρίτον
355 650 416 677 καθ’
443 650 561 682 ὕπνους·
586 649 716 686 τέταρτον
745 650 791 676 ἐπὶ
818 649 868 684 τῆς

74 697 238 734 προσθήκης
252 696 299 723 τοῦ
322 697 488 732 γράμματος
512 696 559 722 τοῦ
576 696 706 731 ὀνόματος
717 702 724 710 ·
743 695 868 730 πέμπτον

74 745 122 772 ἐπὶ
147 744 200 778 τῆς
223 742 346 778 Μαμϐρῆ
366 741 552 777 μεσημϐρίας,
568 741 651 776 ἕκτην
670 741 761 777 ὤραν·
789 740 869 768 ἕκτον

75 791 121 817 ἰπὶ
133 791 186 825 τῆς
203 788 299 820 Θυσίας
320 788 368 815 τοῦ
386 787 548 824 μονογενοῦς
564 787 593 814 ἐν
608 787 646 822 τῷ
660 787 728 823 ἥρει.
754 786 803 819 Ἓξ
821 786 868 822 ἔτη

74 835 214 862 δουλεύειν
244 834 379 870 Ἑϐραίοις
409 833 605 870 παρήγγειλεν.
626 834 717 868 ’Ἐκτῳ
740 833 806 869 μηνὶ
825 832 870 859 τὸν

75 880 198 916 Γαϐριὴλ
230 880 299 915 πρὸς
324 880 374 915 τὴν
403 879 545 915 Παρθένον
570 879 740 907 ἀπέστειλεν.
768 879 816 910 Εἰς
841 877 871 910 ἓξ

77 925 189 961 ὑδρείας
213 925 245 952 τδ
263 924 336 961 ὕδωρ
352 922 424 952 οἶνον
451 924 596 960 πεποίηκε.
624 924 729 960 Ἔκτην
743 923 817 959 ὥραν
835 924 868 959 τῇ
885 939 906 968 Β

77 970 255 1006 Σαμαρείτιδι
268 970 345 1005 παρὰ
367 970 399 996 τὸ
414 969 504 1006 φρέαρ
519 969 651 1005 ὡμίλησε.
677 969 736 1006 Πρὸ
753 969 783 1002 ἒξ
799 969 869 1004 ήμε-

78 1016 133 1052 ρῶν
147 1015 196 1043 τοῦ
216 1016 313 1051 Πάσχα
328 1015 375 1042 τὸν
391 1015 517 1050 Λάζαρον
533 1015 654 1051 ἤγειρεν.
672 1015 776 1051 Ἒκτην
796 1015 869 1050 ὥραν

76 1061 115 1097 τῷ
143 1062 231 1097 λῃστῇ
266 1060 469 1096 σταυρούμενος
494 1060 637 1095 ὲφιλιώθη.
663 1059 762 1087 Ἕκτον
790 1059 870 1095 ὤφθη

79 1106 150 1142 μετὰ
162 1106 194 1132 τὸ
210 1105 265 1132 ἀπὸ
281 1105 385 1141 νεκρῶν
407 1105 571 1141 ἐγερθῆναι·
598 1106 661 1138 ταῖς
681 1105 816 1141 γυναιξὶν,
832 1105 871 1141 τῷ

78 1152 210 1188 Κλεὼπᾳ,
227 1153 284 1184 τοῖς
308 1152 444 1188 μαθηταῖς
465 1152 550 1188 χωρὶς
569 1152 615 1179 τοῦ
632 1152 729 1188 Θωμᾶ,
744 1154 802 1185 τοῖς
820 1161 872 1188 μα-

77 1197 175 1233 θηταῖς
191 1196 261 1232 μετὰ
277 1197 324 1224 τοῦ
344 1196 441 1231 suos.
460 1197 558 1232 Πέτρῳ
581 1198 629 1224 καὶ
657 1197 766 1233 Ἰωάννῃ
788 1197 819 1224 τὸ
833 1197 873 1224 δί-

79 1252 161 1271 κτυον
184 1242 291 1270 ὲλοῦσιν
318 1242 385 1278 (89),
413 1244 446 1278 τῇ
464 1242 610 1278 τελευταίᾳ
631 1243 681 1278 τῆς
700 1243 871 1278 ἀναλήψεως.

81 1289 191 1321 Ἕκτον,
209 1288 247 1320 ὡς
261 1288 336 1323 λέγει
355 1288 471 1319 Παῦλος,
485 1287 572 1323 ἐφάνη
593 1289 650 1320 τοῖς
666 1287 790 1322 ἀδελφοῖς
801 1296 808 1302 ·
833 1287 874 1322 τῷ

80 1334 175 1369 Κηφᾷ,
191 1334 250 1365 τοῖς
263 1333 339 1365 δέκα,
362 1335 419 1364 τοῐς
439 1332 640 1364 πεντακοσίοις,
664 1333 707 1367 ἐφ’
725 1332 798 1365 ἅπαξ
820 1333 874 1359 Ἰα-

81 1379 174 1415 κώϐῳ.
189 1380 247 1411 τοῖς
266 1378 427 1410 ἀποστόλοις
447 1379 542 1409 πᾶσιν,
557 1377 632 1413 αὐτῴ
647 1377 703 1413 (90)
720 1377 760 1412 τῷ
774 1376 874 1412 Παύλῳ

80 1417 245 1452 τελευταῖονξ
262 1423 312 1456 Ἐξ
328 1423 381 1458 (ἐνί
392 1423 607 1459 αὑτῶν)μεγόιλα
625 1423 762 1458 μυστήρια
777 1422 874 1457 ὲποίη-

80 1479 127 1497 σεν
151 1471 166 1497 ὁ
192 1470 296 1505 Κύριος
332 1469 411 1504 ἡμῶν
440 1469 543 1504 Ἰησοῦς
570 1468 705 1503 Χριστὸς,
734 1468 772 1500 ὡς
800 1467 875 1502 λέγει

82 1515 202 1547 Παῦλος·
224 1514 388 1551 Ἐπληρώθη
410 1515 440 1541 ὲν
461 1514 555 1550 σαρκὶ,
579 1513 725 1549 ἐδικαιώθη
742 1515 771 1541 ὲν
793 1513 874 1552 πνεύ-

83 1561 247 1597 ματι,ὢφθη
255 1560 393 1595 ἀγγέλοις,
402 1560 540 1596 ἐκηρύχθη
555 1561 583 1587 ἐν
597 1560 714 1591 ἔθνεσιν,
726 1559 875 1594 ἐπιστεύθη

81 1608 111 1634 ιν
126 1607 235 1642 κόσμῳ,
251 1605 390 1642 ἀνελήφθη
411 1606 441 1633 ἐν
456 1605 530 1641 δόξῃ.
551 1606 589 1632 Δι’
605 1605 635 1638 ἒξ
653 1605 826 1641 γραμμάτων
839 1604 873 1631 τὰ
887 1619 908 1648 C

84 1653 192 1689 μεγάλα
214 1652 336 1688 ὀνόματα
360 1651 511 1687 γράφεται·
535 1651 647 1684 ἁδωναῖ,
673 1650 794 1683 σαϐαὼτ),
822 1651 874 1687 Ἰηυ

82 1699 158 1732 οοῦς,
174 1698 288 1735 Κύριος,
307 1698 410 1734 ἰατρὸς,
427 1697 540 1732 ἀγαθὸς,
559 1697 670 1732 νεφέλη,
688 1697 813 1734 Μαριάμ.

211 1754 278 1780 ὀτι
292 1753 340 1780 καὶ
358 1754 375 1780 ὁ
389 1752 464 1780 ἐπι-ὰ
478 1752 592 1785 τέλειος
611 1752 743 1787 ἀριθμός.

117 1808 158 1836 E'.
183 1807 302 1844 Ἐϐδόμῃ
323 1807 416 1843 ἡμέρᾳ
438 1807 611 1834 κατέπαυσεν
630 1806 684 1833 ἀπὸ
699 1806 808 1833 πάντων
822 1807 875 1833 τῶν

83 1853 173 1889 ἔργων
187 1853 268 1880 αὑτοῦ
287 1855 302 1880 ὸ
319 1853 394 1885 θεός.
427 1852 513 1880 Ἐπτά
535 1852 714 1887 ὲκδικοὺμενα
736 1852 875 1888 παρέλυσε

83 1899 129 1926 τὸν
158 1899 229 1926 Κάῖν
252 1899 366 1926 ἀνελὼν.
397 1899 484 1926 Ἑπτὰ
510 1898 565 1934 γὰρ
582 1898 719 1934 ἁμαρτίας
739 1899 754 1924 ὁ
778 1898 875 1934 μιαρὸς

84 1944 284 1981 ἐργασάμενος,
312 1944 420 1980 φθόνον,
438 1944 523 1977 δόλον,
542 1945 621 1979 φόνον
643 1944 769 1979 ἀδελφοῦ,
788 1944 876 1979 φόνων

83 1991 245 2024 διδάσκαλος
269 1991 389 2027 πρῶτος,
410 1990 495 2026 μῦσος
512 1990 568 2026 (9i)
587 1991 656 2027 (τοῦ)
674 1990 744 2018 οὕτω
765 1991 814 2026 βίῳ
831 1999 877 2026 γε-

82 2038 208 2073 νόμενος,
231 2039 319 2072 γονεῖς
349 2037 492 2073 λυπήσας,
520 2036 652 2072 ἐψεύσατο
677 2037 752 2064 θεόν.
790 2035 876 2063 Ἑπτὰ

85 2084 132 2111 καὶ
161 2083 309 2120 τιμωρίαις
339 2084 478 2110 ὑπέπεσε·
509 2082 575 2118 ᾤκει
603 2083 799 2119 κατηραμένην
827 2082 877 2118 τὴν

83 2129 156 2164 γῆν,
182 2127 343 2164 εἰργάζετο,
372 2127 481 2164 ἀφορῶν
511 2128 637 2160 ἔστενεν,
666 2128 798 2163 ἔτρεμεν,
828 2127 876 2154 ἀπ’

85 2175 174 2209 Meo);
191 2172 236 2210 ἢν,
251 2173 356 2209 ἠγωνία
373 2174 418 2200 τὸν
437 2174 579 2209 παριόντα,
598 2175 709 2209 σημεῖον
725 2171 781 2208 εἶχε
794 2173 877 2208 δημο-

87 2219 176 2247 σιεῦον
192 2219 284 2246 αὐτόν.
300 2219 435 2254 ’Ἕϐδομος
459 2219 554 2254 Ἑνὼχ,
579 2219 648 2255 μετὰ
669 2219 714 2246 τὸν
736 2219 831 2254 Ἀδὰμ,
848 2219 876 2251 ὃς

85 2265 254 2301 εὐηρέστησε
275 2265 314 2300 τῷ
339 2265 409 2301 Θεῷ.
429 2266 475 2292 καὶ
499 2265 537 2297 ὡς
563 2266 635 2297 σῖτος
659 2265 797 2297 ζιζανίων.
822 2264 877 2291 τῶν

86 2296 194 2337 ἀσεϐῶν
211 2296 358 2346 ἐχωρίσθη.
386 2296 478 2338 ¹Ἰῖτιτὸι
497 2310 526 2337 τὸ
548 2296 669 2345 πρῶτον,
684 2296 730 2336 καὶ
751 2309 821 2336 ἑπτὰ
847 2308 877 2335 τὸ
893 2296 914 2323 D

85 2355 212 2391 δεύτερον
233 2356 280 2392 ἔτη
302 2356 367 2392 περὶ
388 2356 489 2392 Ῥαχὴλ
517 2355 615 2382 Ἰακὼϐ
634 2355 671 2390 τῷ
689 2355 782 2382 Λάϐαν
805 2353 879 2380 ἐδού-

85 2401 190 2429 λευσεν.
214 2401 300 2429 Ἑπτὰ
319 2402 463 2437 προϐάτων
485 2402 587 2436 ἀμνοὺς
609 2401 735 2437 ’Λϐραὰμ
750 2400 789 2436 τῷ
809 2400 880 2427 Ἀσι-

88 2447 172 2483 μέλεχ
198 2447 346 2482 ἐχαρίσατο
369 2447 418 2482 τῆς
440 2446 487 2473 τοῦ
505 2446 621 2482 φρέατος
637 2445 796 2477 δεσποτείας
812 2453 879 2481 μαρο

87 2493 191 2529 τύριον.
226 2492 313 2520 Ἑπτὰ
342 2493 402 2528 βόες
429 2492 502 2519 στίλε
531 2491 612 2528 λιμοῦ
638 2491 709 2526 (92),
739 2491 786 2533 καὶἔ
808 2491 878 2518 ἑπτὰ

89 2541 202 2575 στάχυες
216 2539 329 2571 πίνακες
344 2539 472 2574 εὐθηνίαν
489 2538 649 2574 διέγραψαν,
664 2537 711 2564 τοῦ
731 2537 831 2572 Φαραὼ
848 2537 879 2564 τὸ

87 2585 223 2612 ὶνὺπνιον.
246 2584 331 2611 Ἐπτὰ
344 2584 497 2619 σάλπιγγας
513 2584 590 2619 ἱερὰς
605 2583 755 2610 ἐϐάστασεν
776 2583 878 2619 Ἰησοῦς

87 2630 162 2658 δτσῦ
187 2630 278 2666 Ναυῆ,
303 2631 422 2666 ὁπηνίκα
443 2631 493 2666 τῆς
522 2631 627 2666 Ὶεριχῶ
651 2629 686 2658 τὰ
710 2629 786 2665 τείχη
810 2639 878 2656 κατ-

88 2675 213 2711 ήνεγκεν.
237 2675 359 2712 Ἑϐδόμῳ
375 2676 432 2702 ἔτει
447 2675 497 2710 τῆς
516 2676 638 2709 δουλείας
658 2676 800 2712 Ἑϐραίους
815 2676 880 2704 ἀπο-

123 2755 226 2783 |lCor.
239 2763 267 2789 ν,
285 2755 312 2783 6.
350 2755 384 2782 Ἰ
401 2755 471 2783 Tim.
494 2756 596 2788 "1,16.

123 2835 178 2870 (88)
194 2834 226 2863 F.
242 2834 342 2870 δείλης.

135 2869 179 2898 δθλ
197 2869 228 2897 F.
241 2869 374 2898 ἕλκουσιν.

133 2907 176 2941 90)
193 2905 253 2933 lluc
268 2912 367 2933 revoca
379 2907 521 2941 sequentia
533 2907 572 2934 ινι
583 2907 682 2935 αὐτῶν.

915 299 1056 326 mentavit.

917 352 993 386 Quod
1018 352 1171 387 duplicatus
1201 353 1269 380 idem
1299 356 1432 382 tertiarius
1449 356 1476 382 in
1500 357 1584 384 sacris
1601 356 1709 386 Litteris

1094 389 1264 426 maximisqin
1279 389 1355 416 rebus
1373 390 1532 418 observetur.

954 462 998 489 ιν.
1015 462 1068 490 Sex
1087 463 1186 491 diebus
1204 463 1337 491 mundum
1359 465 1431 492 Deus
1448 465 1605 492 fabricavit.
1629 465 1710 493 Sexta

917 507 962 535 die
974 507 1102 535 format-it
1116 508 1213 534 Adam.
1229 507 1312 536 Sexta
1331 510 1398 537 hora
1416 510 1549 536 nudatum
1566 517 1581 536 a
1600 516 1711 544 peccato
1740 528 1747 529 κ

918 553 971 580 sub
997 561 1141 588 vesperam
1172 554 1308 588 quasivit.
1337 554 1432 583 Sexies
1459 555 1613 583 Abrahamo
1635 556 1712 584 visus

918 603 960 626 est
977 608 984 626 :
1001 600 1119 634 primum
1148 599 1176 626 in
1202 600 1402 627 Char-ram...
1431 601 1511 628 tertio
1537 600 1564 627 in
1589 601 1710 633 somnis;

919 649 1019 680 quarto
1033 652 1096 672 cum
1113 645 1232 672 litteram
1247 645 1280 672 ad
1297 645 1357 680 ejus
1373 653 1473 673 nomen
1484 647 1603 680 adjecit:
1616 646 1713 681 quinto

919 690 953 716 ad
968 697 1099 725 quercum
1122 689 1243 717 Mambre
1268 690 1321 717 sub
1344 691 1497 724 meridiem,
1526 691 1593 718 hora
1618 697 1712 723 sexta;

920 739 1058 770 postremo
1082 735 1109 761 in
1135 735 1210 762 unici
1235 734 1282 761 ﬁlii
1307 735 1465 768 sacrificio,
1486 736 1514 763 in
1533 739 1636 763 monte.
1660 735 1714 763 Sex

921 781 1002 809 annis
1018 780 1149 808 Hebratos
1167 782 1272 808 servire
1287 781 1382 809 voluit.
1396 781 1480 809 Sexto
1492 790 1585 809 mense
1600 783 1716 810 Gabrie-

920 827 973 855 lem
991 827 1066 854 misit
1082 826 1116 854 ad
1133 826 1285 862 Virginem.
1304 827 1357 854 Sex
1375 827 1403 855 in
1420 828 1524 863 hydriis
1536 820 1634 863 aquam
1653 835 1716 855 ver-

921 873 954 900 tit
974 873 1002 900 in
1020 873 1125 899 vinum.
1143 871 1227 900 Sexta
1246 873 1312 900 hora
1330 881 1392 900 cum
1411 873 1582 900 Samaritana
1605 873 1638 900 ad
1663 881 1714 908 pn-

922 922 995 945 teum
1017 918 1172 944 collocutus
1188 922 1240 945 est.
1261 917 1332 944 Ante
1349 924 1398 944 sex
1416 917 1476 944 dies
1498 917 1611 945 Pascha:
1631 917 1716 944 Laza-

921 972 982 992 rum
999 964 1139 991 exeitavit.
1158 963 1231 991 llora
1246 967 1323 991 sexta
1342 963 1370 990 in
1383 971 1466 991 cruce
1483 963 1596 991 suffixus
1615 963 1715 990 latroni

921 1009 1086 1036 conciliatus
1100 1012 1153 1036 est.
1175 1007 1282 1039 Sexics,
1300 1012 1444 1043 postquam
1461 1015 1475 1034 a
1492 1008 1608 1034 mortuis
1621 1015 1716 1034 resur-

920 1055 1001 1086 rexit,
1019 1054 1168 1081 videndum
1183 1062 1213 1081 se
1227 1054 1360 1088 prarbuit;
1376 1053 1539 1080 mulieribus
1550 1073 1558 1085 ,
1577 1053 1719 1088 Cleophm.

921 1100 1069 1135 discipulis
1079 1100 1194 1127 absente
1202 1099 1306 1127 Thoma
1317 1108 1324 1132 ;
1343 1099 1440 1127 iisdem
1449 1099 1554 1126 Thema
1566 1104 1698 1134 praesente
1709 1108 1716 1132 ς

921 1147 1002 1175 Petro
1020 1151 1046 1174 et
1058 1146 1157 1174 Joanni
1172 1154 1235 1174 cum
1257 1152 1314 1174 rete
1329 1147 1468 1181 cepissent
1486 1155 1493 1173 :
1512 1150 1651 1181 postremo
1669 1145 1717 1172 de-

922 1194 1070 1229 niquedie,
1086 1201 1141 1228 quo
1157 1194 1184 1220 in
1204 1193 1303 1220 malum
1321 1196 1482 1228 assumptus
1493 1196 1545 1219 est.
1565 1191 1672 1223 Sexies,
1688 1193 1721 1217 ut

924 1239 961 1266 ait
981 1238 1102 1271 Paulus,
1123 1238 1258 1265 fratribus
1277 1237 1423 1273 apparuit;
1445 1237 1560 1272 Cephaa.
1579 1237 1672 1264 decem
1685 1245 1719 1263 ex

925 1285 991 1317 illis,
1010 1285 1179 1319 quingentis.
1197 1284 1282 1312 semel
1299 1283 1419 1312 Iacobo;
1436 1283 1569 1318 apostolis
1579 1282 1718 1313 onmilms,

924 1330 979 1366 ipsi
1009 1330 1128 1364 denique
1153 1329 1248 1356 Paulo.
1281 1328 1334 1356 Sex
1359 1335 1374 1355 a
1396 1328 1514 1355 Domino
1539 1332 1634 1355 nostro
1654 1327 1720 1356 ,Ιυειι

920 1376 1034 1404 Christo
1051 1376 1173 1411 ingentia
1194 1378 1258 1402 sunt
1271 1374 1391 1410 perfecta
1407 1374 1550 1409 mysteria,
1567 1378 1596 1401 ut
1616 1374 1719 1401 Paulus

923 1422 1064 1450 testatur'
1082 1420 1232 1456 :lmpletus
1249 1424 1290 1448 est
1313 1420 1342 1448 in
1365 1427 1465 1452 carne;
1488 1419 1658 1455 jnstilicatus
1677 1425 1720 1448 est

924 1467 952 1495 in
976 1467 1094 1502 spiritu;
1119 1467 1194 1494 visus
1218 1471 1261 1494 est
1285 1467 1408 1502 angelis;
1435 1467 1601 1502 praedicatus
1624 1470 1666 1493 est
1691 1466 1719 1493 in

925 1513 1069 1548 gentibus;
1095 1511 1219 1540 creditus
1239 1517 1281 1540 est
1304 1513 1331 1539 in
1353 1512 1476 1546 mundo;
1500 1517 1659 1547 assumptus
1678 1518 1720 1539 est

925 1566 988 1586 cum
1004 1559 1102 1594 gloria.
1124 1559 1177 1587 Sex
1196 1559 1297 1587 litteris
1314 1567 1410 1594 magna
1425 1559 1532 1586 nomina
1543 1559 1719 1592 scribuntur;

924 1604 1041 1637 Adonai,
1058 1603 1191 1636 Sabaoth,
1207 1604 1321 1640 Ἰησοῦς,
1331 1605 1442 1640 Κύριος,
1455 1604 1584 1632 Dominus
1596 1613 1606 1631 :
1618 1604 1718 1640 ἰατρός,

924 1651 1043 1678 medicus
1058 1658 1068 1678 :
1084 1651 1197 1686 ἀγαθός,
1216 1651 1299 1679 bonus
1312 1659 1322 1678 :
1336 1651 1453 1687 νεφέλη,
1473 1653 1552 1679 nubes
1566 1660 1575 1678 :
1591 1651 1719 1687 Μαριάμ,

926 1695 1030 1723 Maria.

998 1751 1075 1786 Quod
1091 1756 1115 1779 et
1130 1752 1295 1786 septenarius
1313 1752 1443 1787 perfectus
1462 1752 1494 1779 sit
1513 1760 1648 1780 numerus.

962 1806 994 1834 ν.
1013 1805 1136 1842 Septimo
1152 1807 1196 1834 die
1210 1807 1345 1842 requievit
1365 1807 1436 1835 Deus
1451 1808 1486 1835 ab
1505 1808 1634 1835 omnibus
1651 1815 1717 1843 ope-

927 1855 1005 1882 ribus
1020 1854 1089 1882 suis.
1108 1853 1216 1889 Septem
1234 1853 1350 1881 ultiones
1362 1854 1478 1882 exsolvit
1489 1854 1522 1886 is,
1539 1855 1585 1889 qui
1597 1854 1714 1883 Caiuum

927 1899 1075 1928 interfecit.
1091 1900 1201 1934 Septem
1221 1900 1294 1927 enim
1315 1903 1428 1935 peccata
1443 1899 1567 1928 nefarius
1580 1900 1625 1928 ille
1641 1909 1719 1928 com-

928 1945 1056 1979 miserat;
1083 1944 1210 1977 invidiat,
1235 1945 1310 1978 doli,
1331 1944 1472 1980 parricidii
1499 1945 1614 1974 fraterni
1635 1955 1642 1974 :
1661 1951 1719 1974 tum

927 1989 1000 2026 quod
1029 1989 1136 2025 primus
1165 1989 1307 2017 homicidii
1335 1991 1476 2026 magister,
1505 1994 1588 2026 atque
1621 1997 1718 2019 auctor

927 2036 1090 2064 mortalibus
1113 2036 1235 2064 exstitit:
1259 2036 1418 2070 parentibus
1446 2044 1591 2064 interm-em
1612 2039 1719 2071 attulit;

928 2082 983 2110 Deo
998 2082 1129 2110 mentitus
1150 2085 1203 2109 est.
1224 2081 1285 2109 Ideo
1306 2086 1409 2117 septem
1430 2082 1469 2109 illi
1490 2091 1577 2118 parum
1596 2088 1661 2110 sunt
1678 2084 1721 2110 in-

927 2129 1009 2156 ﬂictae
1028 2138 1034 2156 :
1051 2137 1114 2156 nam
1140 2133 1168 2157 et
1188 2129 1360 2157 maledictam
1382 2134 1482 2156 terram
1503 2130 1634 2163 incoluit;
1662 2134 1720 2156 tum

928 2174 1051 2202 eamdem
1067 2174 1190 2202 exercuit
1208 2183 1214 2201 :
1233 2174 1343 2201 intuens
1358 2174 1483 2209 lugebat,
1500 2175 1643 2207 tremebat,
1660 2183 1720 2202 sese

928 2221 1051 2247 omnium
1067 2220 1240 2248 subducebat
1251 2221 1351 2251 oculis.
1363 2228 1529 2256 quocunque
1541 2225 1720 2256 praetereunte

929 2266 1083 2300 trepidabat
1097 2267 1210 2299 anxius;
1228 2271 1305 2294 certo
1326 2266 1444 2301 denique
1459 2267 1537 2300 signo
1553 2267 1661 2302 publice
1679 2271 1720 2293 est

930 2311 1051 2346 agnitus.
1070 2310 1210 2346 Septimus
1231 2310 1325 2338 Enoch
1347 2311 1381 2338 ab
1402 2310 1508 2338 Adamo
1524 2311 1626 2346 placuit
1651 2310 1719 2342 Deo,

930 2364 963 2384 ac
983 2357 1056 2384 velut
1076 2356 1200 2383 triticum
1215 2363 1230 2382 a
1247 2357 1362 2384 zizaniis
1375 2361 1519 2392 separatus
1531 2361 1582 2384 est.
1598 2355 1720 2383 Prinunn

929 2411 1017 2430 annos
1029 2406 1149 2438 septem;
1167 2402 1231 2430 inde
1249 2407 1352 2438 septem
1370 2393 1496 2431 alios‘ob
1517 2402 1661 2431 liachclem
1676 2401 1721 2430 Ja-

929 2449 981 2476 cob
997 2449 1091 2477 serviit
1106 2448 1212 2476 Laban.
1238 2449 1347 2484 Septem
1369 2449 1460 2476 ovium
1488 2457 1572 2484 agnos
1595 2449 1720 2476 Abraha-

930 2503 991 2523 mus
1007 2495 1187 2522 Abimelccho
1202 2495 1317 2531 largitus
1329 2500 1381 2528 est,
1394 2496 1421 2523 in
1437 2495 1622 2523 testimonium
1637 2495 1720 2529 juris.

932 2541 1005 2576 quod
1022 2542 1048 2568 in
1063 2545 1175 2576 puteum
1197 2541 1324 2569 habebat.
1353 2542 1462 2577 Septem
1483 2542 1566 2570 boves
1587 2542 1721 2577 strigosat,

932 2586 1051 2622 famem;
1067 2591 1170 2622 septem
1183 2587 1266 2622 spica:
1283 2587 1379 2623 plenae,
1393 2587 1560 2615 fertilitatem
1574 2588 1601 2615 in
1615 2588 1723 2615 somnio

933 2632 982 2660 illo
1002 2632 1155 2661 Pharaonis
1175 2633 1385 2662 adumbrabnnt.
1407 2634 1515 2669 Septem
1531 2634 1611 2662 tubas
1628 2641 1722 2661 sacras

932 2677 1013 2707 Jesus
1027 2679 1102 2708 Nave
1117 2680 1191 2710 lilius
1203 2680 1273 2713 tulit,
1291 2680 1401 2716 quando
1411 2679 1617 2709 Jerichuntinos
1627 2686 1723 2706 muros

965 2835 1021 2869 (9|)
1037 2834 1099 2870 llaec
1117 2839 1245 2870 corrupta
1259 2839 1334 2862 sunt.

950 2871 1022 2932 t(92)
1040 2869 1067 2897 Ρ.
1093 2869 1306 2905 λεπταὶλιμοῦ.
1333 2869 1456 2904 Sequens
1483 2869 1596 2899 πίνακες
1624 2873 1718 2895 corru-

930 2913 946 2940 p
961 2913 1018 2932 um.
