1929 3038
188 169 238 196 515

191 226 311 262 disiecit.
330 225 412 254 Anno
430 225 548 261 septimo
562 223 649 252 εἷυάεεὶ
665 223 795 254 Ilebrmos
815 233 829 252 a
851 223 986 253 servitute
1001 226 1023 252 Α

192 273 297 301 liberos
310 274 450 300 cmituml.
466 272 486 299 Α
496 272 540 299 die
552 280 586 299 xv
596 280 683 307 usque
695 272 727 299 ad
740 279 798 305 xxI,
814 276 917 306 septem
929 271 988 297 dies

192 323 271 346 erant
286 318 363 351 festi,
384 318 485 352 quibus
503 317 591 345 Judazi
608 317 713 345 Pascha
727 318 914 345 celebrabant.
939 316 989 343 Se-

192 369 266 399 ptem
281 364 383 391 Judaeis
406 364 432 390 in
460 365 621 391 servitutem
636 365 763 392 nationes
787 364 902 391 tradidit
916 363 988 390 Deus

192 411 374 440 Chananzeos.
391 409 539 441 Chcttzcos,
556 409 732 441 Pherezaeos,
749 410 920 445 Gergezaeos,
936 409 989 436 He-

192 463 283 488 vzeos,
308 455 449 483 Jebusteos
464 475 470 487 ,
497 455 681 483 Amorrhmos.
702 455 810 490 Septem
833 464 849 482 a
869 455 988 482 tentoria

191 501 289 528 diebus
303 507 345 529 est
362 506 488 536 separata
513 502 613 538 Moysis
634 510 723 529 soror.
746 502 854 537 Septem
875 501 988 529 funibus

191 547 320 582 alligatus
336 552 378 574 est
395 547 532 583 Sampson
545 568 553 580 ,
570 552 597 575 et
611 556 658 576 eos
673 549 747 575 velut
765 553 889 583 spartum
904 547 989 575 disci-

190 593 239 620 dit.
253 593 363 628 Septem
379 594 544 628 capillorum
556 595 645 621 cirros
656 602 751 622 sacros
766 595 874 627 habuit;
888 594 987 629 quibus

190 639 313 666 detonsis
330 639 370 666 vis
384 640 474 666 omnis
504 647 535 666 ac
557 640 640 666 robur
651 641 774 667 evanuit.
792 639 902 674 Septem
914 639 988 666 oeuli

191 688 266 717 sunt,
280 685 325 719 qui
342 685 369 712 in
383 686 540 713 universam
558 691 659 713 terram
674 687 857 721 prospiciunt.
879 686 986 721 Septem

192 729 337 763 infusoria,
364 736 526 767 septemque
547 733 712 760 candelabra
743 732 890 760 Zacharias
909 733 985 760 vidit.

192 776 302 812 Septem
321 786 335 804 a
353 777 408 805 Deo
431 782 496 805 sunt
519 779 644 812 spiritus.
670 778 779 813 Septem
805 779 877 806 dona
898 779 988 806 sancti

192 820 332 856 Spiritus;
350 822 466 857 spiritus
479 823 633 858 sapientiae,
650 823 765 857 spiritus
785 824 986 858 intelligentia,

191 868 307 902 spiritus
340 867 468 900 consilii,
505 869 620 902 spiritus
653 869 843 901 fortitudinis,
873 870 987 904 spiritus

191 913 327 945 scicntize,
358 914 470 948 spiritus
501 915 630 949 pictatis,
656 915 771 950 spiritus
795 916 902 943 timoris
928 915 984 943 Dei.

192 958 300 993 Septem
326 958 464 985 columnis
487 959 695 987 tabernaculum
725 968 805 987 suum
835 960 924 988 fulciit
943 968 987 988 sa-

191 1002 304 1037 pientia.
323 1001 434 1037 Septem
459 1003 590 1030 mulieres
616 1004 688 1037 apud
712 1003 810 1031 Isaiam
838 1013 924 1032 unum
938 1005 988 1032 do-

191 1050 295 1077 minum
321 1050 456 1085 rogabunt
480 1050 523 1077 his
547 1050 638 1077 verbis
655 1059 661 1077 :
682 1049 783 1077 Panem
803 1055 923 1077 nostrum
944 1059 989 1077 co-

191 1095 323 1123 medemus
334 1115 342 1128 ,
365 1101 390 1123 et
408 1096 568 1123 vestimentis
583 1097 683 1123 nostris
698 1097 855 1131 aperientur.
879 1096 989 1123 Verum-

192 1146 279 1169 tamen
304 1150 397 1169 nomen
422 1147 496 1169 tuum
521 1143 658 1170 invocetur
677 1151 756 1177 super
767 1143 926 1177 nauattfer
938 1143 990 1170 int-

191 1189 341 1222 properium
353 1193 472 1215 nostrum
487 1189 509 1216 ¹.

1004 901 1024 928 Β

229 1270 339 1306 Septem
356 1272 429 1300 enini
444 1273 505 1300 libri
520 1273 554 1301 de
567 1274 679 1302 Christo
695 1275 879 1302 testiﬁcantur
891 1297 898 1308 ,
916 1276 990 1310 quod

191 1324 276 1343 carne
296 1322 424 1352 suscepta
443 1319 573 1352 probrum
595 1319 718 1354 ipsorum
739 1320 917 1347 absterserit:
937 1320 992 1348 Gc-

192 1362 279 1394 nesis,
293 1362 414 1394 Exodus,
429 1362 581 1394 chiticus,
601 1363 726 1396 Numeri,
737 1364 990 1398 Deuteronontium,

193 1406 286 1440 Josuc,
306 1407 427 1437 Iudices.
445 1408 503 1436 Nisi
524 1410 597 1436 enim
615 1409 697 1437 homo
711 1410 800 1438 iactus
816 1415 911 1444 esset,
933 1418 992 1439 tan-

193 1462 276 1490 quam
292 1454 412 1482 i'abulosi
428 1455 621 1490 rejicerentur.
636 1455 703 1482 Nam
715 1460 742 1483 et
753 1457 814 1484 Sine
826 1458 992 1486 mactatioue

193 1505 330 1529 mactatus
343 1506 403 1534 est,
421 1506 449 1528 ul
465 1500 544 1528 lsaac
555 1520 562 1532 ,
579 1505 606 1528 et
623 1504 682 1529 sine
700 1503 878 1537 perpessione
894 1511 992 1538 passus

194 1551 252 1581 est;
269 1551 296 1575 et
313 1555 391 1575 suam
409 1548 467 1582 ipse
483 1555 592 1575 erucem
610 1548 734 1576 humeris
750 1554 872 1584 portans,
888 1558 949 1585 quae
963 1550 991 1577 in

196 1594 313 1622 Genesis
330 1593 401 1621 libro
423 1597 488 1621 sunt
508 1595 612 1628 scripta
633 1595 818 1622 conﬁrmavit.
837 1595 906 1623 Tum
926 1603 992 1624 vero

195 1643 331 1673 quatenus
348 1639 471 1674 virgineo
480 1645 574 1667 ventre
583 1645 710 1676 receptus
721 1642 847 1669 eumdem
860 1642 991 1670 divinita-

195 1685 231 1712 tis
247 1693 304 1713 sua:
321 1685 382 1721 igne
395 1693 448 1712 non
470 1687 660 1722 consumpsit,
680 1687 779 1715 rubum
795 1688 871 1715 illum
886 1688 993 1716 descri-

195 1731 267 1766 psit,
287 1739 368 1766 quem
387 1732 506 1764 arsisse,
530 1740 586 1759 non
609 1733 782 1761 combustum
801 1742 863 1762 esse
877 1738 993 1762 testatur

195 1777 315 1804 Exodus.
329 1776 407 1811 Quod
421 1781 512 1805 autem
528 1778 730 1813 pontiﬁcatum,
744 1782 875 1815 tanquam
887 1782 991 1815 Aaron,

195 1823 292 1859 gessit,
305 1827 332 1851 et
349 1824 420 1852 inter
432 1831 483 1852 nos
496 1832 528 1852 ac
542 1823 628 1852 Deum
645 1829 789 1860 sequester
801 1825 863 1859 fuit,
877 1834 919 1859 ea,
932 1835 994 1862 quae

194 1870 223 1896 in
240 1869 365 1898 Levitico
376 1870 568 1904 continentur,
580 1871 728 1906 expressit.
743 1871 803 1899 Jam
814 1879 876 1900 eum
887 1870 992 1901 Novum

195 1915 403 1943 Testamentum
428 1916 520 1944 Veteri
553 1918 710 1952 copulavit,
746 1926 778 1946 ac
810 1919 852 1947 sic
883 1920 992 1948 edixit:

195 1962 303 1990 Dictum
326 1968 364 1990 est
385 1963 502 1998 antiquis
517 1971 527 1990 :
543 1962 606 1990 Non
621 1963 791 1992 mage/laberis
808 1971 818 1991 :
843 1973 891 2000 ego
906 1970 992 1994 autem

197 2009 256 2036 dico
269 2009 341 2036 vobis
351 2030 359 2041 ,
375 2009 445 2044 quod
462 2010 546 2036 omnis
562 2010 607 2045 qui
624 2011 761 2038 mulierem
775 2011 881 2045 aspicit,
893 2018 921 2039 ut
935 2021 994 2040 cum

197 2063 229 2081 ea
251 2054 402 2086 mttchetur,
414 2055 475 2089 jam
498 2055 640 2083 mou/tatus
657 2061 696 2083 est
721 2057 748 2083 in
767 2057 845 2084 corde
866 2066 914 2085 suo
927 2059 947 2085 ¹.
964 2060 996 2086 lit

198 2108 296 2129 rursus
315 2110 320 2127 :
336 2100 441 2127 Dictum
470 2105 508 2128 est
537 2102 678 2137 antiquis:
695 2101 808 2130 Oculum
832 2110 879 2137 pro
907 2105 993 2138 oculo,

198 2145 302 2172 dentem
325 2154 372 2180 pro
392 2145 491 2173 dente:
519 2154 565 2181 ego
587 2154 673 2174 autem
688 2148 747 2174 dico
760 2148 843 2178 vobis.
859 2157 910 2177 non
928 2151 995 2177 resi-

199 2197 266 2218 stere
283 2192 354 2218 malo
366 2200 376 2219 :
391 2192 436 2219 sed
446 2193 492 2227 qui
503 2199 527 2220 te
539 2194 656 2221 verberat
668 2194 695 2220 in
709 2195 830 2221 dextram
844 2195 995 2229 maxillam,

199 2238 301 2266 obverte
316 2237 357 2265 illi
370 2243 394 2265 et
403 2239 541 2265 sinistrum
552 2240 562 2255 ³
575 2246 657 2267 :cum
669 2240 737 2272 haec,
755 2241 878 2276 inquam,
890 2249 993 2276 praece-

199 2283 249 2318 pit,
266 2291 328 2319 qute
352 2284 377 2311 iu
391 2283 602 2312 Deuteronomio
623 2286 907 2319 comprehenduntur,
927 2287 1006 2317 alte-,

851 159 954 188 DUBLX
974 161 1045 189 AUT
1066 161 1205 189 SPUlilA.

1784 157 1842 187 516

1038 219 1146 246 λύουσιν
1177 219 1311 246 Ἰουδαῖοι.
1337 218 1404 246 ’Λπὺ
1427 219 1670 256 πεντεκαιδεκάτης
1686 219 1740 253 ἕως
1761 221 1843 256 πρώ-

1038 274 1089 300 της
1107 265 1224 296 εἰκάδος,
1242 266 1270 291 ὲν
1281 262 1325 297 αἷς
1341 264 1495 291 ὲπετελεῐτο
1514 265 1545 291 τὸ
1569 266 1665 300 Πάσχα
1686 266 1741 293 τῶν
1771 266 1840 293 Ἰου-

1038 310 1132 341 δαίων,
1150 310 1220 337 ἑπτὰ
1236 310 1286 345 τῆς
1307 310 1404 345 ἑορτῆς
1428 310 1540 345 ἡμέραι.
1571 310 1656 337 Ἑπτὰ
1677 311 1759 337 δοῦλα
1779 312 1840 342 τοῖς

1046 356 1184 388 Ἰουδαίοις
1201 355 1264 391 ἔθνη
1282 354 1454 390 κατέγραψεν
1466 356 1480 382 ὁ
1496 356 1573 388 Θεὸς,
1594 357 1648 383 τῶν
1664 357 1840 389 Χαναναίων,

1038 402 1092 428 τῶν
1104 401 1254 433 Χετταὶων,
1273 402 1319 428 καὶ
1332 401 1512 435 (Papae-calori,
1526 402 1579 428 τῶν
1589 402 1840 437 Γεργεσαίων,τιῖη

1039 449 1157 480 Εὐαίων,
1171 447 1225 474 τῶν
1240 447 1420 478 Ἰεϐουσαίων,
1439 448 1493 474 τῶν
1517 447 1653 483 ’Λϐραίων
1669 448 1733 483 (95).
1751 448 1841 475 Ἑπτὰ

1038 495 1088 530 τῆς
1109 495 1212 529 σκηνῆς
1232 494 1384 529 πεποίηκεν
1401 493 1452 529 (ἒξ)
1469 494 1576 530 ἡμέρας
1597 495 1614 530 ἡ
1630 495 1732 530 ἀδελφὴ
1755 496 1842 522 Μωῦ-

1040 541 1108 572 σέως
1143 540 1332 576 ἀφορισοεῑσα.
1370 540 1457 566 Ἐτετά
1492 540 1630 576 κλήμασιν
1659 541 1736 576 ἐδέθη
1761 542 1840 576 Σαμ-

1038 586 1097 621 ψὼν
1107 585 1175 621 (94),
1185 586 1233 612 καὶ
1245 585 1369 620 διέκοψεν
1394 585 1464 612 αὐτὰ
1475 586 1512 616 ὡς
1527 586 1667 621 σπαρτίον.
1686 586 1772 612 Ἑπτὰ
1791 586 1840 620 βο-

1040 632 1171 668 στρύχους
1195 632 1284 667 ἱεροὺς
1298 629 1355 666 εἶχε
1368 631 1468 666 τριχῶν
1479 640 1486 646 ·
1502 628 1540 657 ὧν
1559 632 1575 666 ἡ
1594 631 1680 666 κουρὰ
1693 631 1743 667 τὴν
1759 633 1840 667 ἰσχὺν

1039 677 1128 704 αὐτῶν
1148 677 1196 704 καὶ
1217 677 1332 712 δύναμιν
1362 677 1555 711 ἐφυγάδευσεν.
1585 677 1671 703 Ἑπτὰ
1701 677 1839 712 ὀφθαλμοὶ

1039 725 1109 750 εἰσιν
1134 724 1158 750 οἱ
1182 722 1376 754 ὲπιϐλέποντες
1394 723 1442 748 ἐπὶ
1467 723 1558 749 πᾶσαν
1582 723 1631 758 τὴν
1656 723 1718 758 γῆν.
1751 723 1839 750 Ἑπτὰ

1039 769 1252 804 ὲπαρυστρίδας,
1265 769 1312 795 καὶ
1332 768 1403 794 ἑπτὰ
1423 769 1538 804 λύχνους
1557 766 1612 804 (ἦν)
1629 768 1734 804 ἑώρακε
1751 770 1840 803 Ζαχα-

1040 816 1111 851 ρίας,
1137 817 1177 842 ὅτι
1203 815 1274 843 ἑπτὰ
1298 815 1442 850 πνεύματα
1460 815 1537 851 παρὰ
1560 814 1637 842 Θεοῦ.
1676 815 1765 841 Ἑπτὰ
1787 815 1837 841 τοῦ

1039 862 1118 896 ἁγίου
1141 861 1299 896 Πνεύματος
1327 861 1359 887 τὰ
1384 860 1559 896 χαρίσματα·
1583 859 1692 895 πνεῦμα
1728 860 1837 894 σοφίας,

1039 908 1149 942 πνεῦμα
1171 907 1316 938 συνέσεως,
1337 906 1448 942 πνεῦμα
1471 906 1579 942 βουλῆς,
1599 906 1707 941 πνεῦμα
1732 906 1836 941 ἰσχύος,

1039 953 1148 988 πνεῦμα
1170 952 1308 988 γνώσεως,
1323 953 1432 987 πνεῦμα
1452 952 1605 984 εὐσεϐείας,
1622 951 1732 987 πνεῦμα
1751 951 1838 985 φόϐου

1039 997 1118 1024 Θεοῦ.
1142 997 1228 1024 Ἑπτὰ
1243 997 1355 1029 στύλους
1369 998 1536 1032 ὑπεστήρισε
1552 997 1602 1032 τῆς
1614 997 1718 1028 οἰκείας
1733 997 1840 1032 σκηνῆς

1039 1044 1056 1078 ἡ
1077 1043 1168 1077 σοφία.
1191 1042 1276 1070 Ἑπτὰ
1296 1044 1426 1077 γυναῖκες
1446 1043 1521 1077 παρὰ
1543 1042 1582 1078 τῷ
1602 1042 1702 1078 Ἠσαῖᾳ
1721 1042 1768 1068 τὸν
1790 1043 1840 1069 ἕνα

1039 1092 1134 1124 κύριον
1145 1089 1336 1124 δυσωπήσουσι
1349 1088 1476 1122 λέγουσαι
1486 1096 1493 1103 ·
1515 1088 1570 1116 Τὸν
1579 1088 1672 1122 ἄρτον
1682 1088 1768 1122 ἡμῶν
1781 1097 1840 1122 φα-

1039 1134 1164 1170 γώμεθα,
1173 1135 1223 1162 καὶ
1237 1135 1273 1162 τὰ
1281 1135 1382 1170 ἱμάτια
1391 1135 1475 1169 ἡμῶν
1488 1135 1739 1169 περιϐαλλώμεθα.
1751 1137 1796 1162 Πλ
1802 1135 1840 1169 ὴν

1040 1182 1072 1207 τὸ
1092 1181 1187 1216 ὄνομά
1208 1189 1266 1208 σου
1296 1181 1455 1215 κεκλήσθω
1480 1181 1526 1216 ἐφ’
1548 1180 1643 1215 ἡμᾶς·
1664 1181 1759 1215 ἄφελε
1786 1181 1840 1208 τὸν⁴

1042 1227 1214 1262 ὀνειδισμὸν
1226 1227 1321 1262 ἡμῶν.

1083 1273 1168 1298 Ἑπτὰ
1188 1273 1242 1307 γὰρ
1262 1272 1349 1307 βίϐλοι
1366 1273 1475 1308 νομικαὶ
1493 1274 1531 1309 τῷ
1547 1274 1659 1310 Χριστῷ
1679 1274 1839 1310 μαρτυροῦ-

1043 1326 1102 1350 σιν,
1132 1318 1173 1344 ὅτι
1199 1318 1244 1344 τὸν
1272 1318 1425 1354 ὀνειδισμὸν
1452 1319 1542 1346 αὐτῶν
1571 1320 1724 1356 σαρκωοεὶς
1757 1321 1842 1352 αὐτὸς

1043 1365 1189 1399 παρεῖλεν·
1218 1364 1337 1397 Γένεσις,
1367 1365 1487 1398 Ἐξοδος,
1513 1366 1666 1398 Λευῖτικὸν,
1703 1366 1838 1402 Ἀριθμοὶ,

1043 1410 1264 1446 Δευτερονόμιον,
1296 1411 1410 1445 Ἰησοῦς,
1437 1412 1547 1447 Κριταί.
1573 1412 1604 1438 Εἰ
1631 1413 1668 1448 μὴ
1689 1412 1744 1447 γὰρ
1761 1414 1842 1448 ἐνην-

1043 1454 1200 1490 θρώπησεν,
1218 1455 1256 1486 ὡς
1279 1455 1393 1490 μυθικαὶ
1415 1456 1635 1492 παρεγράφοντο.
1660 1457 1758 1488 Τυθεὶς
1773 1457 1841 1484 ἀθύ-

1042 1510 1108 1533 τως,
1126 1501 1164 1533 ὡς
1189 1501 1290 1533 Ἰσαὰκ,
1308 1501 1356 1528 καὶ
1368 1501 1461 1528 παθὼν
1479 1502 1602 1534 ἀπαθῶς,
1618 1503 1721 1529 καὶτὸν
1738 1504 1840 1530 οἰκεῖον

1045 1547 1184 1582 βαστάσας
1209 1548 1252 1574 ἐπ’
1273 1547 1357 1583 ὤμων
1375 1548 1501 1584 σταυρὸν,
1520 1548 1554 1575 τὰ
1576 1549 1604 1575 ἐν
1624 1550 1657 1584 τῇ
1682 1548 1767 1584 βίϐλῳ
1781 1549 1841 1575 xz!-

1044 1603 1114 1630 μενα
1124 1595 1174 1630 τῆς
1189 1594 1325 1626 Γενέσεως
1337 1595 1513 1623 ἐϐεϐαίωσεν.
1534 1596 1578 1622 Ἐν
1591 1594 1742 1630 παρθενικῇ
1752 1596 1844 1630 χωρή-

1043 1649 1093 1672 σας
1121 1641 1237 1677 γαστρὶ,
1262 1642 1311 1668 καὶ
1343 1642 1381 1677 μὴ
1406 1641 1604 1673 καταναλώσας
1631 1641 1670 1677 τῷ
1693 1642 1763 1677 πυρὶ
1789 1642 1842 1677 τῆς

1043 1685 1171 1722 θεότητος
1193 1687 1242 1722 τὴν
1268 1687 1464 1723 βαστάζουσαν,
1479 1688 1530 1724 τὴν
1549 1688 1711 1723 καιομένην,
1735 1688 1782 1714 καὶ
1802 1687 1842 1722 μὴ

1043 1733 1267 1768 κατακαιομένην
1285 1733 1376 1768 βάτον,
1396 1734 1445 1770 τὴν
1459 1735 1488 1760 ἐν
1508 1735 1540 1769 τῇ
1561 1733 1643 1768 βίϐλῳ
1661 1734 1711 1768 τῆς
1732 1732 1842 1764 Ἑξὸδου

1044 1777 1185 1813 κειμένην,
1206 1779 1364 1814 διέγραςεν.
1389 1779 1593 1815 Ἀρχιερεύσας,
1618 1779 1656 1811 ὡς
1674 1778 1791 1814 Ἀαρὼν,
1806 1780 1843 1806 τὰ

1044 1822 1112 1859 πρὸς
1130 1823 1196 1850 Θεὸν
1212 1824 1374 1859 μεσιτεύσας
1397 1825 1473 1860 ἡμῖν,
1492 1825 1527 1851 τὰ
1543 1826 1571 1851 'sv
1585 1824 1624 1860 τῷ
1647 1825 1780 1860 Λευῖτικῴ
1796 1834 1843 1860 γε·

1045 1869 1194 1906 γραμμένα
1219 1870 1387 1906 παρέστησε.
1403 1870 1442 1906 Τῇ
1466 1871 1573 1906 Παλαιᾷ
1588 1871 1638 1906 τὴν
1660 1872 1763 1907 Καινὴν
1776 1873 1843 1899 Ata—

1045 1917 1133 1952 θήκην
1146 1915 1278 1951 συνάψας,
1296 1916 1343 1943 καὶ
1357 1916 1444 1951 λέγων
1454 1925 1461 1932 ·
1484 1916 1601 1950 Έῤῥέθη
1613 1916 1675 1949 τοῖς
1686 1916 1840 1951 ἀρχαίοις*

1048 1964 1089 1989 οὐ
1104 1963 1294 1997 μοιχεύσεις-ο
1312 1962 1370 1998 ἐγὼ
1385 1962 1420 1989 δὲ
1435 1962 1512 1996 λέγω
1527 1962 1608 1997 ὑμῖν,
1629 1962 1673 1989 ὅτι
1684 1962 1744 1996 πᾶς
1763 1964 1779 1989 ὀ
1793 1963 1842 1997 ἐμ-

1046 2009 1165 2037 ϐλέπων
1180 2009 1298 2045 γυναικὶ
1317 2008 1392 2043 πρὸς
1410 2008 1444 2035 τὸ
1465 2008 1625 2043 μοιχεῦσαι
1649 2007 1756 2042 αὐτὴν,
1780 2008 1841 2043 ἤδη

1046 2056 1225 2091 ἐμοίχευσεν
1243 2056 1279 2083 ἐν
1292 2052 1329 2089 τῇ
1344 2052 1451 2088 καρδίᾳ
1468 2053 1577 2080 αὐτοῦ·
1597 2053 1644 2080 καὶ
1657 2053 1739 2079 πάλ.ν
1749 2062 1756 2068 ·
1778 2054 1844 2087 Έῤ-

1043 2102 1116 2137 ρέθη
1134 2102 1196 2135 τοῖς
1220 2099 1371 2136 ἀρχαίοις·
1396 2099 1564 2134 Ὀφθαλμὸν
1579 2099 1647 2126 ἀντὶ
1670 2100 1840 2133 ὀφθαλμοῦ,

1047 2147 1097 2174 καὶ
1126 2146 1235 2174 ὀδόντα
1261 2146 1328 2173 ἀντὶ
1360 2145 1415 2172 τοῦ
1443 2145 1585 2178 ὀδόντος·
1617 2144 1674 2179 ἐγὼ
1701 2144 1736 2171 δὲ
1763 2145 1844 2179 λέγω

1047 2193 1130 2229 ὑμῖν,
1147 2192 1191 2228 μὴ
1215 2192 1391 2226 ἀντιστῆναι
1412 2191 1452 2224 τῷ
1467 2191 1600 2225 πονηρῷ,
1615 2191 1689 2218 ἀλλ’
1704 2190 1791 2223 ὅστις
1807 2199 1845 2217 σε

1044 2240 1165 2274 paulo?)
1182 2237 1232 2266 ἐπὶ
1249 2238 1307 2273 τὴν
1322 2238 1427 2270 δεξιὰν
1446 2237 1584 2272 σιαγόνα,
1607 2238 1742 2272 στρέψον
1762 2236 1846 2269 αὐτῷ

1048 2284 1097 2311 καὶ
1113 2284 1170 2318 τὴν
1186 2284 1303 2318 ἄλλ-τιν’
1319 2283 1353 2310 τὰ
1369 2285 1398 2310 ὲν
1412 2283 1450 2318 τῷ
1464 2283 1665 2318 Δευτερονομίῳ
1684 2282 1847 2317 παρέδωκεν

201 2338 260 2357 rum
279 2330 306 2357 in
324 2329 530 2357 Testamentum
543 2331 676 2362 contulit.
698 2336 725 2357 et
746 2332 823 2358 utilia
838 2332 864 2358 in
879 2340 911 2359 eo
923 2340 991 2368 quaa-

1048 2328 1177 2365 δευτέρας
1205 2329 1278 2364 (95),
1305 2329 1352 2356 καὶ
1378 2327 1556 2355 ἐπαναλαϐὼν
1577 2327 1612 2354 τὰ
1632 2327 1772 2362 ὠφέλιμα.
1797 2328 1847 2358 Εἰς

200 2384 253 2411 que
280 2376 401 2411 collegit.
426 2375 568 2408 Quatenus
592 2380 683 2403 autem
712 2384 805 2402 veram
826 2376 852 2403 in
875 2377 996 2411 requiem

201 2429 287 2458 genus
307 2426 434 2448 nostrum
452 2423 615 2453 transtulit,
639 2425 667 2449 ct
682 2421 806 2449 diversas
825 2422 903 2450 nobis
921 2431 999 2450 nian-

201 2468 292 2496 sicues
309 2469 334 2494 in
351 2467 422 2494 cwlo
442 2468 622 2502 przeparavit,
642 2475 673 2495 ea
691 2475 750 2502 quae
769 2468 796 2494 in
813 2467 995 2496 Numerorum

202 2515 271 2541 libro
288 2517 353 2540 sunt
368 2513 484 2547 aperuit.
505 2514 573 2541 Cum
590 2513 740 2541 Jordanem
758 2513 900 2549 ingressus
913 2519 956 2542 est
970 2519 996 2543 et

201 2569 288 2596 aquas
309 2561 507 2592 sanetiticavit;
530 2566 562 2586 ac
582 2559 732 2595 fugientem
752 2560 838 2587 solem
863 2560 889 2587 in
915 2568 998 2588 cruce

202 2614 334 2634 revocans
347 2606 499 2640 duplicavit
517 2605 600 2637 diem,
617 2613 648 2632 ea
661 2613 722 2640 qu:e
742 2606 769 2633 in
791 2606 860 2633 libro
871 2605 936 2634 Jesu
951 2607 997 2634 ﬁlii

202 2651 275 2678 Nave
289 2651 468 2677 continentur
482 2650 617 2684 expressit
629 2670 636 2681 ,
655 2650 677 2678 si
697 2651 759 2685 quis
775 2655 878 2678 attente
898 2651 942 2677 illa
961 2651 999 2678 le-

202 2695 281 2731 gerit.
297 2695 366 2722 Cum
381 2700 474 2722 autem
489 2695 680 2723 charissimam
705 2703 784 2724 suam
806 2696 926 2723 animam
948 2704 999 2732 pro

239 2774 248 2790 ¹
260 2773 312 2802 lsa.
326 2782 362 2807 Iv,
379 2773 404 2800 l.
459 2774 469 2789 ‘
488 2773 581 2801 Matth.
597 2782 621 2805 ν,
638 2774 683 2807 27,
698 2775 742 2802 ‘28.
782 2775 792 2791 ³
807 2774 874 2802 ibid.
890 2775 934 2808 58,
956 2775 1001 2802 59.

239 2833 297 2870 (93)
315 2833 375 2870 ἔδοι·
391 2833 573 2870 Ἀμρρῥιιίιιξνο

236 2868 295 2905 (94)
310 2868 373 2896 Jud.
385 2877 439 2903 XVI,
455 2868 480 2901 7,
497 2868 595 2903 legitur
609 2871 738 2902 νευριαίς.

1047 2374 1097 2410 τὴν
1113 2374 1242 2410 ἀληθινὴν
1261 2375 1433 2402 κατάπαυσιν
1446 2374 1602 2409 εἰσαγαγὼν
1617 2374 1648 2400 τὸ
1660 2373 1740 2408 γένος
1753 2374 1846 2409 ἡμῶν,

1049 2419 1096 2447 καὶ
1117 2420 1264 2456 διαφόρους
1288 2422 1372 2456 μονὰς
1395 2422 1425 2447 ἐν
1446 2423 1502 2452 τοῖς
1521 2421 1658 2456 οὐρανίοις
1677 2420 1847 2455 εὐτρεπίσας

1049 2467 1126 2502 ἡμῖν,
1148 2467 1183 2493 τὰ
1204 2469 1232 2493 ὲν
1248 2466 1331 2502 βίϐλῳ
1356 2467 1409 2493 τῶν
1436 2467 1573 2502 Ἀριθμῶν
1586 2466 1774 2501 ἀπεκάλυψεν.
1797 2467 1848 2498 Εἰς

1049 2513 1094 2539 τὸν
1121 2513 1256 2548 Ἰορδάνην
1271 2513 1410 2545 εἰσελθὼν,
1427 2513 1475 2540 καὶ
1492 2513 1609 2546 ἁγιάσας
1624 2512 1658 2539 τὰ
1679 2512 1775 2544 ὕδατα,
1797 2514 1848 2539 καὶ

1049 2558 1096 2584 ἐπὶ
1120 2557 1166 2584 ¹τοῦ
1194 2559 1313 2594 σταυροῦ
1336 2559 1457 2594 φυγόντα
1476 2559 1521 2585 τὸν
1541 2559 1616 2594 ἥλιον
1637 2558 1848 2594 ἀνακαλεσάμεο

1051 2612 1105 2635 νος,
1127 2604 1174 2630 καὶ
1196 2604 1294 2640 διπλῆν
1317 2605 1375 2631 ἀνθ’
1403 2605 1493 2641 ἁπλῆς
1517 2605 1624 2641 ἡμέρας
1644 2606 1847 2640 ἐργασάμενος,

1051 2650 1086 2676 τὰ
1103 2651 1131 2677 ἐν
1150 2652 1183 2686 τῇ
1204 2650 1288 2686 βίϐλῳ
1308 2651 1396 2686 Ἰησοῦ
1413 2651 1460 2678 τοῦ
1475 2652 1553 2687 Ναυῆ
1566 2653 1623 2683 τοῖς
1639 2651 1676 2687 μὴ
1699 2651 1849 2687 παρέργως

1053 2697 1289 2732 ἀναγινώσκουσιν
1304 2699 1496 2735 ὲζωγράφησε.
1523 2699 1578 2734 Τὴν
1597 2699 1784 2735 ἠγαπημένην
1795 2698 1849 2734 ψυ-

1087 2836 1142 2873 (95)
1160 2837 1224 2866 For.
1241 2838 1368 2874 δευτέρᾳ.
