1929 3038
113 161 162 188 fit?
832 151 1082 183 PHYSIOLOGUS.

1692 161 1746 190 518

118 219 168 256 χὴν
184 218 268 246 αὐτοῦ
295 218 366 254 ὑπὲρ
390 217 467 253 ἡμῶν
488 217 634 249 τεῦεικὼς.
666 217 713 243 καὶ
740 216 820 242 δώσει
845 215 925 251 (96)Α

964 214 1035 241 ιουίε
1048 214 1192 249 exposuit;
1209 222 1293 249 seque
1307 215 1396 249 ipsum
1411 216 1624 252 redemptionem
1645 219 1746 245 multov-

114 265 211 292 ἑαυτὸν
237 264 335 300 λύτρον
356 264 417 291 ἀντὶ
440 263 555 296 πολλῶν,
579 263 615 290 τὰ
640 264 668 290 ὲν
690 264 722 298 τῇ
746 262 828 297 βίϐλῳ
850 261 904 288 τῶν

115 309 223 346 Κριτῶν
246 308 418 344 ἡρμήνευσεν
429 315 437 322 ο
459 306 674 342 ὁλοκαυτώματα
695 305 750 340 γὰρ
764 305 811 331 καὶ
824 305 839 331 ὁ
856 305 904 331 Ἰε-

115 355 182 390 φθάε
206 354 277 390 ὑπὲρ
295 354 342 380 τοῦ
359 353 424 380 λαοῦ
447 353 486 388 τῷ
508 352 568 388 Θεῷ
589 353 638 388 τὴν
662 352 798 387 Θυγατὲρα
821 359 904 386 προσ-

114 402 240 436 ήνεγκεν.
276 399 363 426 Ἑπτὰ
391 399 493 426 παίδων
521 399 613 434 πατὴρ
643 397 737 424 Ὶεσσέ.
769 397 904 432 Ἕϐδομος

114 445 168 472 ἀπὸ
196 444 324 479 Ἀϐραὰμ
344 445 358 471 ό
381 444 513 479 Μωῦσῆς.
538 444 577 470 Δι’
592 443 662 470 ἑπτὰ
682 443 854 478 γραμμάτων
873 442 904 468 τὸ

120 491 245 517 Ἰωάννου
268 490 364 525 ὄνομα.
394 490 433 516 Δι’
456 489 528 516 ὲπτὰ
553 490 726 525 γραμμάτων
747 489 793 515 καὶ
817 489 834 524 ὴ
855 488 903 514 τοῦ

113 535 234 570 Χριστοῦ
248 535 430 570 προσηγορία.
455 535 542 561 Ἑπτὰ
555 535 672 562 διάκονοι
694 534 768 570 παρὰ
786 533 841 560 τῶν
857 542 904 569 μα-

114 581 204 616 θητῶν
229 581 269 612 si;
285 580 421 607 διακονίαν
443 580 498 607 τῶν
516 580 688 616 Χριστιανῶν
706 579 902 615 ἐξελέχθησαν

113 627 262 662 Στέφανος,
291 627 438 659 Φίλιππος,
462 627 609 662 Πρόχορος,
632 626 771 661 Νικάνωρ,
798 626 902 661 Τίμων,

113 673 277 709 Παρμενᾶς,
297 672 441 703 Νικόλαος.
468 672 553 699 Ἑπτὰ
573 672 667 703 παῖδες
690 672 739 707 τὴν
769 672 903 706 Ἀντιόχου

113 718 260 754 τυραννίδα
284 718 466 753 κατήνεγκαν.
490 718 545 745 Καὶ
568 718 708 753 συντόμως
728 715 805 744 εἷπον
827 717 901 752 (97),

112 761 190 796 οὗτός
212 765 286 790 ἐστιν
302 763 442 796 ἐπαινετὸς
453 765 467 790 ὁ
481 764 609 799 ἀριθμὸς,
620 765 666 790 καὶ
681 764 831 797 Θαυμάσιος
842 772 848 778 '
863 764 903 790 ὅτι

113 810 195 841 αὐτὸς
208 809 312 836 ἄνωοεν
322 810 336 836 ὁ
357 809 495 845 Δεσπότης
511 810 658 846 ἐγγράφως
679 809 728 844 βοᾷ
738 817 745 824 ”
765 810 836 844 Τίμα
848 809 905 842 τὴν

112 854 296 889 ἡμέραντώ
317 854 480 884 Σαϐϐιὶτου.
496 855 545 881 καὶ
571 855 700 889 ἁγίασον
722 855 835 890 aonie“
859 855 903 882 ὅτι

957 268 1018 287 tum
1035 260 1144 292 obtulit,
1159 269 1190 288 ea
1207 260 1365 292 declaravit,
1378 269 1437 296 quae
1452 261 1576 291 Iudicum
1590 264 1658 291 liber
1670 272 1746 292 coma

957 306 1095 340 plectitur.
1110 305 1177 333 Nam
1191 310 1218 334 et
1231 305 1347 341 Jepbthe
1365 307 1447 333 tiliam
1465 307 1519 335 Deo
1534 316 1582 343 pro
1595 310 1683 337 salute
1697 317 1745 344 po-

958 352 1013 386 puli
1030 352 1057 378 in
1071 352 1261 379 holocaustum
1277 353 1387 379 obtulit.
1407 351 1515 387 Septem
1536 354 1653 381 ﬁliorum
1669 361 1746 389 pater

956 396 1049 430 Jesse,
1065 398 1199 432 septimus
1223 397 1257 424 ab
1282 397 1437 425 Abraliamo
1452 403 1613 426 numeratur
1627 399 1744 435 Moyses.

958 443 1065 478 Septem
1084 443 1183 471 litteris
1196 443 1311 472 Joannis
1334 452 1433 471 nomen
1463 445 1604 473 scribitur.
1636 446 1744 480 Septem

958 489 1056 516 litteris
1082 489 1164 516 etiam
1190 488 1292 517 Christi
1320 498 1420 517 nomen
1448 494 1566 518 constat.
1599 490 1707 526 Septem
1731 499 1746 519 a

957 533 1101 568 discipulis
1117 534 1225 561 diaconi
1241 535 1273 562 ad
1287 535 1507 562 Christianorum
1526 536 1687 571 obsequium
1701 536 1746 564 dc-

957 579 1020 606 lecti
1036 583 1116 607 sunt:
1134 580 1289 615 Stephanus
1300 601 1306 611 .
1331 580 1472 616 Philippus
1483 602 1490 614 ,
1513 581 1683 614 Prochorus,
1700 582 1747 609 Ni-

957 631 1052 656 canor,
1069 624 1165 652 Timon
1176 647 1183 658 ,
1200 625 1365 658 Parmenas,
1385 626 1526 655 Nicotaus.
1542 627 1651 661 Septem
1670 627 1747 662 pueri

957 671 1084 699 Antiochi
1118 672 1289 707 tyrannidem
1319 673 1487 707 deiecerunt.
1505 673 1611 708 Atque,
1635 679 1664 700 ut
1693 680 1747 700 uno

958 717 1041 744 verbo
1058 718 1237 753 complectar,
1254 718 1298 746 hic
1317 722 1359 746 cst
1373 719 1599 751 commendatus,
1615 723 1643 746 et
1663 719 1748 746 admi-

958 763 1054 790 rabilis
1083 764 1127 790 illc
1143 772 1275 792 numerus
1301 774 1308 791 :
1338 764 1559 799 quandoquidem
1586 765 1698 792 disertis
1719 765 1747 792 in

959 809 1101 844 Scriptura
1123 811 1214 838 verbis
1239 810 1303 837 olim
1330 811 1382 837 ista
1400 811 1568 838 vociferatur
1594 811 1746 838 Dominus:

960 854 1068 882 llonoru
1080 855 1149 882 diem
1164 854 1284 887 Sabbati,
1304 859 1329 882 et
1342 855 1479 889 sancti/ica
1501 855 1604 889 ipsam;
1623 853 1748 888 quoniam

111 901 147 927 ὲν
169 899 248 935 αὐτῇ
277 900 470 927 κατέπαυσεν
497 899 556 927 ἀπὸ
584 899 705 927 πάντων
733 900 793 927 τῶν
811 898 925 935 ἔργων-1

964 899 1027 927 Deus
1043 901 1068 927 in
1086 900 1134 926 illa
1146 900 1270 935 requievit
1285 899 1317 926 ab
1333 900 1454 926 omnibus
1470 899 1591 934 operibus
1608 900 1675 930 suis,
1690 906 1749 932 quw

112 946 207 973 αὑτοῦ
233 947 249 973 ὁ
274 946 346 979 Θεὸς
368 943 412 972 ὧν
430 945 541 981 ἤρξατο
566 945 761 980 ἁποποιῆσαι.
792 945 869 981 Αὐτῷ
886 947 903 982 ἡ

112 992 176 1025 δόξα
198 993 238 1024 εἰς
252 992 316 1023 τοὺς
330 992 431 1023 αἰῶνας
447 991 502 1018 τῶν
516 991 633 1019 αἰώνων.
656 990 743 1026 Ἀμήν

149 1050 158 1064 ¹
180 1048 267 1076 Exod.
286 1056 363 1081 xui,
387 1048 430 1080 15,
447 1047 490 1075 l7.

152 1108 207 1142 l96)
221 1107 253 1135 F.
266 1107 338 1140 δούς.

958 946 1043 980 facere
1056 952 1167 980 mperat
1181 949 1199 975 ί.
1220 945 1270 973 Cui
1295 945 1380 980 gloria
1408 945 1435 972 in
1458 946 1558 972 szecula
1573 945 1747 973 surculorum.

957 994 1053 1020 Amen.

998 1106 1053 1141 (97)
1072 1105 1101 1132 F.
1119 1106 1216 1132 εἰπεῖν.

113 1195 1744 1220 W

112 1284 264 1342 ΤΟΥ
292 1286 392 1342 ΕΝ
429 1283 691 1341 ΛΓΙΟΙΣ
730 1282 1037 1339 ΠΑΤΡΟΣ
1067 1282 1290 1339 ΗΜΩΝ
1324 1279 1751 1338 ΕΠΙΦΑΝΙΟΥ

609 1388 811 1418 ⁸ΛΙΙΣΚΟΠΟΥ
830 1387 1098 1415 ΚΩΝΣΤΔΝΤΕΙΔΣ
1117 1387 1262 1414 ΚΥΠΡΟΥ

202 1469 255 1501 Εἰς
269 1469 323 1496 τὸν
337 1469 526 1501 Φυσιολότον·
547 1467 603 1494 τὸν
619 1446 815 1499 διεξελθόντα
836 1464 905 1527 πεέὶ
919 1464 981 1504 τῆς.
988 1465 1118 1492 ἑκάστου
1135 1465 1255 1500 φύσεως
1268 1465 1328 1492 τῶν
1352 1463 1461 1500 θηρίων
1485 1474 1516 1492 τε
1540 1465 1587 1492 καὶ
1603 1465 1663 1492 τῶν

883 1508 1014 1527 ετεινων.

883 1508 1014 1527 ετεινων.

545 1610 609 1674 S.
662 1611 733 1673 P.
783 1612 856 1673 N.
902 1559 1302 1674 ΙΞΡΙΡΗΑΝΙΙ

670 1727 824 1756 EPISCOPI
843 1727 1075 1756 CONSTANTIIE
1093 1727 1196 1754 CYPlll

163 1817 207 1848 Ad
222 1817 460 1856 Physiologum,
477 1816 533 1856 qui
548 1816 588 1847 de
604 1815 857 1854 uniuscujusque
872 1812 997 1852 generis
1011 1812 1148 1842 ferarum
1162 1820 1199 1842 ac
1213 1810 1375 1842 volucrum
1390 1811 1500 1840 natura
1514 1808 1641 1839 locutus
1651 1811 1710 1840 est.

447 1911 526 1938 ΚΕΦ.
547 1911 586 1936 A‘.

124 1959 157 1987 Ὅ
176 1958 362 1992 Φυσιολότος
376 1956 497 1990 ἄρχεται
517 1957 619 1991 λέγειν
636 1955 703 1990 περὶ
714 1955 767 1982 τοῦ
780 1955 914 1988 λέοντος.

161 2015 324 2051 ’Δρξώμεῦα
337 2014 453 2048 λαλῆσαι
471 2013 536 2049 περὶ
562 2013 610 2040 τοῦ
635 2012 752 2045 λέοντος,
770 2012 816 2038 τοῦ
841 2012 916 2047 βασι-

1303 1909 1380 1937 CAP.
1397 1911 1418 1937 1.

1109 1953 1285 1989 I’Itysiologus
1295 1954 1327 1981 de
1341 1955 1414 1983 leone
1425 1954 1478 1991 ag'it
1488 1956 1613 1992 primunt.

1002 2008 1040 2036 De
1059 2009 1137 2036 leone
1160 2009 1278 2037 ferarum
1299 2015 1380 2046 atque
1401 2011 1558 2039 animalium
1579 2019 1643 2048 rege
1665 2013 1755 2041 dicere

116 2063 188 2093 λέως
212 2061 267 2088 τῶν
286 2061 389 2096 θηριων
413 2060 473 2095 ἤτοι
496 2059 550 2085 τῶν
566 2058 660 2091 ζώων·
683 2058 797 2093 καὶγὰρ
818 2058 914 2085 Ἰακὼῦ

967 2055 1149 2090 incipiamus:
1163 2055 1249 2083 Jacob
1259 2057 1332 2084 enim
1351 2057 1515 2085 benedicens
1530 2057 1607 2085 Iudae
1620 2067 1626 2085 :
1641 2058 1754 2085 Calulm

115 2107 241 2140 εὐλογῶν
254 2106 299 2132 τὸν
319 2105 418 2132 Ἰούδαν
436 2105 527 2139 λέγει·
549 2105 688 2139 Σκύμνος
699 2103 825 2136 λέοντος
846 2103 916 2131 Ἰού-

115 2153 167 2185 δα,
181 2152 229 2179 υἰέ
241 2160 302 2186 μου
314 2151 348 2178 ἐκ
361 2151 504 2184 βλαστοῦ
514 2159 520 2166 ·
535 2150 584 2177 καὶ
599 2150 634 2176 τὰ
646 2149 720 2184 ἑξῆς.

300 2208 408 2244 Πρώτη
425 2209 479 2236 τοῦ
492 2209 617 2241 λέοντος
632 2207 737 2242 φύσις.
788 2206 792 2210 ’

156 2268 221 2294 Ὅτε
234 2267 382 2302 περιπατεῖ
395 2266 424 2292 ὲν
435 2264 473 2299 τῷ
484 2265 553 2301 ὄρει,
569 2265 617 2292 καὶ
632 2264 742 2301 ἔρχεται
752 2263 827 2300 αὑτῷ
841 2264 913 2300 ὀσμὴ

967 2101 1059 2133 leonis,
1074 2101 1123 2134 ait,
1144 2101 1229 2134 Juda,
1253 2110 1285 2129 e1:
1296 2103 1421 2138 germine,
1446 2104 1488 2138 [ili
1506 2105 1574 2136 mi‘,
1597 2109 1623 2131 ct
1639 2112 1698 2139 qua:
1715 2112 1754 2132 se-

965 2151 1097 2182 quuntnr.

1178 2203 1271 2231 Prima
1289 2204 1372 2232 leonis
1384 2204 1540 2239 proprietas.

999 2259 1068 2287 Cum
1082 2260 1125 2288 leo
1146 2261 1173 2287 in
1192 2264 1284 2288 monte
1301 2261 1429 2293 oberrat,
1453 2264 1480 2288 et
1503 2266 1659 2288 venatorem
1681 2261 1752 2289 odo-

112 2314 165 2341 τοῦ
182 2312 314 2348 κυνηγοῦ,
333 2313 365 2348 τῇ
385 2312 454 2348 οὐρᾷ
475 2311 660 2347 συγκαλύπτει
672 2311 706 2337 τὰ
720 2311 795 2346 ἴχνη·
815 2311 858 2338 ἵνα
875 2310 912 2346 μὴ

964 2309 1051 2339 ratur,
1076 2314 1125 2334 sua
1146 2306 1232 2341 ipsius
1257 2307 1370 2341 vestigia
1392 2306 1479 2334 cauda
1506 2306 1618 2341 obtegit,
1643 2315 1677 2334 ne
1698 2307 1752 2335 illis

111 2359 331 2390 ἀκολουθοῦντες
345 2359 400 2390 τοῖς
417 2357 518 2394 ἴχνεσιν
531 2358 556 2384 οἱ
567 2357 816 2393 κυνηγοὶ,εὖρωσιν
829 2357 911 2384 αὐτοῦ

964 2350 1124 2379 insistentes
1149 2355 1294 2380 venatores
1326 2353 1443 2380 lustrum
1476 2352 1634 2386 inveniant,
1671 2357 1752 2389 atque

108 2405 167 2440 τὴν
181 2404 310 2440 ποίμνην,
324 2403 372 2430 καὶ
387 2403 576 2430 καταλάὸωσιν
591 2402 684 2429 αὐτόν,

433 2460 460 2486 Ἐ
459 2460 568 2494 ρμηνεί
570 2469 588 2486 a
593 2480 600 2486 .

153 2506 262 2534 οὕτως).
272 2507 320 2533 καὶ
332 2507 346 2533 ὁ
359 2507 462 2542 Κύριος
477 2506 556 2541 ἡμῶν
573 2504 677 2541 Ἰησοῦς
690 2505 815 2541 Χριστὸς,
828 2506 842 2532 ὁ
856 2514 912 2532 νοε-

102 2553 164 2590 Pb;
177 2552 250 2579 λέων
259 2553 374 2588 νικήσας
385 2553 416 2579 ὲκ
431 2552 517 2587 φυλῆς
541 2552 635 2583 Ἰούδα,
648 2552 665 2587 ἡ
683 2552 728 2578 τοῦ
743 2551 824 2578 Δαυῒδ
837 2550 909 2587 ῥίζα,

963 2398 1052 2432 ipsum
1066 2399 1184 2434 cupiant.

1249 2465 1446 2499 Interpretatio.

998 2508 1043 2536 Sic
1068 2509 1201 2538 Dominus
1228 2515 1322 2538 noster
1346 2511 1426 2539 Jcsus
1452 2510 1578 2539 Christus
1601 2513 1751 2547 spiritualis

962 2554 1004 2581 leo
1021 2555 1067 2590 qui
1083 2556 1149 2583 ricit
1170 2564 1202 2583 ex
1221 2557 1293 2583 tribu
1309 2556 1396 2588 Iudae,
1414 2558 1489 2584 radix
1516 2557 1611 2590 David,
1639 2567 1654 2586 a
1671 2558 1751 2587 Patre

96 2598 283 2630 ἀποσταλεὶς
296 2599 350 2626 ἀπὺ
363 2598 410 2625 τοῦ
428 2598 545 2633 Πατρδς,
561 2599 595 2625 τὰ
614 2598 694 2634 νοερὰ
709 2598 792 2625 αὑτοῦ
813 2598 911 2625 ἐκάλυ-

964 2601 1076 2632 missus,
1095 2602 1137 2629 sui
1156 2602 1243 2637 ipsius
1256 2603 1410 2638 spiritualia
1427 2604 1569 2638 cooperuit
1583 2605 1707 2640 vestigia.
1724 2605 1750 2632 id

98 2648 126 2680 ᾖ,
134 2652 166 2670 εν
180 2644 252 2679 ἴχνη,
269 2644 393 2671 τουτέστι
407 2645 456 2679 τὴν
467 2644 580 2679 θεότητα
592 2644 644 2676 ἕως
656 2644 704 2679 τῆς
715 2643 909 2674 κατελεύσεως.

965 2652 1017 2677 est.
1036 2647 1206 2675 divinitatem
1229 2656 1325 2681 suam;
1346 2656 1376 2677 se
1398 2649 1470 2677 enim
1488 2650 1649 2683 exinanivit,
1674 2656 1701 2677 et
1723 2650 1750 2677 in

97 2689 244 2724 Κατ’ἠλοε
260 2690 314 2725 γὰρ
325 2690 364 2721 εις
378 2689 427 2725 τὴν
437 2690 487 2725 τῆς
500 2689 608 2724 Μαρίας
619 2689 711 2725 νηδὺν,
724 2690 770 2716 τοῦ
785 2690 870 2717 σῶσαι
882 2691 912 2716 τὸ

965 2691 1055 2720 Maria‘
1070 2697 1191 2721 ventrem
1213 2694 1364 2728 descendit,
1388 2699 1418 2721 ut
1433 2695 1549 2723 salvarct
1564 2695 1658 2723 fraude
1672 2694 1750 2723 dece—

95 2735 327 2770 πεπλανημένον
340 2735 511 2771 ἀνθρώπινον
523 2735 610 2769 γένος.
624 2735 678 2762 Καὶ
694 2737 709 2762 d
727 2736 821 2770 Λόγος
833 2735 910 2770 σὰρξ

965 2742 1041 2772 ptum
1058 2739 1198 2766 hominum
1215 2748 1310 2774 genus.
1331 2740 1364 2767 Et
1386 2740 1497 2768 Verbum
1514 2750 1576 2768 caro
1588 2741 1686 2776 factum
1699 2746 1748 2772 est,

89 2779 246 2816 ἐγένετο.
272 2781 321 2808 καὶ
343 2781 520 2814 ἐσκήνωσεν
543 2781 578 2806 ἐν
602 2780 684 2814 ἡμῖν.
694 2781 741 2808 Ἐκ
767 2780 862 2808 τούτου
885 2782 910 2808 οἱ

964 2787 988 2810 et
1004 2783 1132 2811 habitavit
1149 2785 1175 2812 in
1193 2785 1266 2812 nobis
1291 2786 1302 2801 '
1319 2795 1325 2814 :
1340 2791 1506 2821 quapropter
1523 2786 1561 2814 illi
1578 2787 1625 2821 qui
1643 2786 1749 2820 ignora-

150 2850 160 2867 ¹
173 2849 243 2878 Gen.
265 2858 340 2884 nix,
362 2851 389 2879 9.
429 2850 530 2878 ηοω.
546 2858 564 2884 ι,
582 2851 625 2877 M.
