1929 3038
162 98 173 111 β

68 123 117 151 ἲὶἳΙ

755 133 1007 161 l‘llYSlf)l.0GUS.

1637 124 1690 154 522

69 190 114 216 νυς
128 180 157 206 δὲ
172 180 189 215 ἡ
206 180 287 216 ἡδονὴ
301 180 346 206 τοῦ
366 180 433 215 βίον).
444 179 659 216 Ἑμπλεκόμενος
682 180 696 205 ὁ
715 179 856 214 ἄνθρωπος

916 179 971 206 vita:
987 180 1163 214 voluptatem,
1176 188 1229 215 qua
1246 181 1394 217 implicitus
1408 184 1488 211 homo
1504 184 1582 212 fidem
1607 185 1692 220 uegli~

69 226 107 256 εἰς
121 223 172 256 τὰς
188 225 284 260 ἡδονὰς
293 226 339 251 τοῦ
357 225 414 260 βίου
434 225 528 260 ἀμελεί
551 225 599 260 τῆς
624 224 749 255 πίστεως.
760 225 856 258 Ἐπερ-

70 271 185 305 χομένου
201 271 230 298 δὲ
243 272 291 298 τοῦ
306 271 439 307 κυνηγοῦ,
454 271 575 298 τουτέστι
592 271 726 304 διαϐόλου,
742 271 789 297 καὶ
812 271 852 296 εὐ-

70 315 209 349 ρέα-κοντος
228 317 310 343 αὑτὸν
328 317 560 351 συμπλεκόμενον,
577 316 623 342 καὶ
642 315 792 350 ἀμελοῦντα
807 315 857 349 τῆς

69 362 194 394 πίστεως,
210 363 405 398 κατακυριεύει
422 362 514 389 αὑτοῦ.

395 417 473 443 ΚΕΦ.
493 418 530 442 Δν.

297 461 367 495 Περὶ
388 462 440 488 τοῦ
453 462 627 496 ἐλέφαντος.

105 519 183 545 ’Ἔστι
202 518 257 554 γὰρ
279 519 293 545 ὁ
316 518 414 553 ἐλέφας
430 519 556 554 μέγιστον
586 520 666 552 ζῶον,
694 521 859 556 προϐοσκίδα

70 563 137 598 ἔχων
164 563 211 590 τοῦ
241 563 396 599 διαφθεῖραι
419 564 454 591 τὰ
485 565 657 600 ἐπερχόμενα
681 567 756 602 αὐτῷ
780 566 857 598 ζῶα·

70 609 167 643 ὁμοίιος
179 609 226 635 καὶ
246 609 295 644 τὴν
317 608 417 644 βρῶσιν
438 610 484 636 καὶ
502 610 551 645 τὴν
566 610 644 638 πόσιν
666 611 710 638 διὰ
721 612 771 646 τῆς
790 621 858 646 προ-

71 654 192 685 ϐοσκίδος
207 654 290 680 αὺτοῦ
307 654 488 689 κυϐερνᾶται·
505 655 536 681 οὺ
556 655 609 691 γὰρ
632 656 688 691 ἔχει
706 657 856 693 ἀρμοσίας·

71 699 115 726 καὶ
127 699 217 734 κύψας
229 700 351 735 νέμεται,
365 701 412 727 καὶ
424 700 454 726 οὐ
473 701 593 735 κάμπτει
608 702 718 736 γόνατα.
734 703 766 729 Ἠ
777 702 859 738 θῆλυς

70 745 96 771 δὲ
110 746 188 780 ζητεῖ
206 745 322 781 βοτάνην
348 746 397 782 τὴν
416 747 565 782 λεγομένην
591 749 790 783 μανδραγόραν,
812 750 859 776 xa‘t

73 791 274 825 μεταλαμϐάνει
300 791 329 825 ὲε
357 792 453 827 αὐτῆς,
477 793 524 818 καὶ
543 793 643 825 εὐθέως
665 794 796 829 πυροῦ-ται
813 794 859 821 καὶ

906 224 955 259 git.
971 223 1091 252 Venator
1109 225 1201 261 igitur,
1219 226 1271 253 hoc
1293 232 1335 254 est
1352 228 1489 261 diabolus,
1507 230 1583 257 illum
1600 238 1692 265 aggre-

907 269 995 302 ditur,
1019 277 1100 304 queui
1129 271 1312 306 voluptatibus
1340 274 1532 308 mancipatum,
1558 275 1693 310 fidemque

908 314 1087 349 negligentem
1116 316 1265 348 inveniens,
1283 318 1309 344 in
1336 326 1412 345 suam
1435 323 1593 353 potestatem
1620 321 1693 348 redi-

867 394 869 401 l
909 358 954 392 git.

1225 416 1300 443 CAP.
1329 416 1373 443 IV.

1206 461 1242 487 De
1257 462 1400 495 elcphante.

945 515 1059 549 Elephas
1077 517 1222 544 maximum
1247 523 1289 546 est
1315 519 1425 551 animal,
1451 521 1696 558 proboscidemque

910 559 1000 591 habet,
1013 568 1067 595 qua
1079 569 1138 596 qua:
1147 562 1234 596 ipsum
1249 563 1411 590 adoriuntur
1419 565 1559 597 animalia,
1568 568 1695 600 percutit.

909 603 966 631 Hac
980 605 1070 632 cibum
1085 610 1112 633 et
1131 612 1223 641 potum
1251 608 1303 635 sibi
1321 610 1531 644 subministrat;
1550 620 1604 639 non
1622 613 1698 640 enim

910 649 992 677 habet
1018 659 1174 686 compages,
1206 661 1412 689 propensusque
1446 658 1580 690 pascitur,
1609 665 1696 693 genua

910 696 982 723 haud
1002 697 1158 725 incurvans.
1173 697 1288 726 Femina
1305 700 1417 728 herbam
1433 709 1493 736 qua:
1515 702 1696 737 mandragora

909 743 1021 776 dicitur,
1046 745 1153 778 quzerit,
1179 753 1261 780 quant
1288 751 1391 781 gustat,
1414 748 1530 775 coeundi
1548 748 1698 783 cupiditate

910 797 1037 821 accensa,
1053 790 1086 817 ad
1104 798 1262 825 maremque
1278 799 1429 826 properans
1453 792 1525 818 illam
1541 793 1592 827 ipsi
1607 793 1696 820 offert.

71 836 215 872 πορεύεται
245 837 313 872 πρὸς
340 837 385 864 τὴν
411 838 523 873 ἄρρενα,
557 839 604 865 καὶ
631 839 860 874 παραπεζεύουσα

916 835 968 862 Μοε
996 843 1061 862 vero
1088 840 1116 862 ut
1139 836 1268 869 comedit,
1291 838 1366 864 ardet
1389 837 1510 869 libidine,
1537 843 1565 866 et
1592 839 1698 867 femina:

71 882 177 916 κομίζει
198 882 273 917 αὐτῷ
295 883 345 919 τὴν
365 882 490 919 βοτάνην,
508 885 554 910 καὶ
571 885 774 921 μεταλαμϐάνει
785 887 799 912 ὁ
814 887 858 922 ἇρ-

72 927 119 960 ρην
133 927 162 958 ἐξ
179 927 276 962 αὐτῆς,
290 927 338 954 καὶ
358 927 459 960 εὐθέως
479 929 622 964 πυροῦται,
635 931 682 956 Xa).
703 931 858 965 συγγίνεται

72 971 101 1005 τῇ
129 970 217 1006 θήλει.
237 972 435 1006 Ἐπερχομένου
459 972 487 998 δὲ
509 972 555 999 τοῦ
580 973 675 1009 καιροῦ
694 973 741 999 τοῦ
757 975 857 1004 τεκεῖν,

71 1015 200 1042 εἰσϐαίνει
217 1017 257 1047 εἷς
275 1024 335 1042 τινα
348 1016 445 1052 λίμνην
458 1017 504 1043 τοῦ
522 1017 626 1050 ὓδατος,
646 1018 675 1045 τὸ
692 1018 763 1053 ὕδωρ
779 1027 859 1045 κατα-

73 1059 209 1095 μετροῦνσα
225 1061 263 1092 ὡς
278 1061 324 1087 τοῦ
338 1061 486 1097 πλησιάσαι
503 1064 558 1094 τοῖς
574 1065 696 1098 μαστοῖς,
714 1064 760 1090 καὶ
773 1063 859 1099 ταύτῃ

72 1107 160 1140 γεννᾷ.
191 1106 242 1132 Ἦν
263 1105 317 1141 γὰρ
332 1107 442 1142 τέξηται
462 1107 508 1133 ἐπὶ
525 1108 575 1142 τῆς
595 1108 655 1142 γῆς.
669 1108 830 1143 ἀδυνατήσει
845 1109 860 1134 ὁ

74 1151 192 1186 σκύμνος
209 1151 354 1187 ἐγερθῆναι
372 1153 493 1188 ἀμοιρῶν
506 1153 655 1189 ἀρμοσιῶν.

384 1209 549 1244 Ἑρμηνεία.

74 1311 88 1344 ἡ
108 1310 165 1336 Εὕα
177 1309 225 1336 τοῦ
240 1310 289 1345 τῆς
315 1312 456 1346 παρακοῆς
478 1311 555 1344 ξύλου
571 1313 765 1348 προεγεὺσατο,
781 1323 860 1350 πορι-

75 1355 171 1391 ζομένη
183 1357 231 1382 καὶ
242 1356 281 1391 τῷ
294 1356 392 1392 ἑαυτῆς
405 1358 523 1394 γαμὲτῃ,
537 1358 611 1390 ὅστις
627 1359 696 1394 μετὰ
710 1359 757 1394 τὴν
768 1359 861 1393 γεῦσιν

74 1400 172 1433 εὐθέως
187 1401 236 1427 τοῦ
256 1403 479 1438 παραϐεϐηκέναι
502 1403 610 1439 ᾔσθετο.
628 1404 659 1430 Τί
676 1404 704 1431 δὲ
716 1405 860 1440 ὲγέννησέ;

74 1445 101 1471 τὸ
116 1446 148 1481 δὴ
165 1447 251 1481 δήπου
279 1448 310 1474 τὸ
336 1449 512 1485 ἁμαρτάνειν.
535 1450 582 1481 Τίς
597 1450 650 1485 γὰρ
665 1451 682 1485 ὴ
700 1451 749 1486 τῆς
766 1451 863 1484 γέννας

74 1489 151 1526 λίμνη
161 1500 168 1523 ;
189 1492 203 1517 ὁ
214 1493 387 1528 παράδεισος.

398 1550 475 1576 ΚΕΦ.
498 1551 534 1576 E'.

326 1596 395 1629 Περὶ
410 1596 465 1630 τῆς
479 1596 605 1630 ἐλάφου.

109 1652 188 1678 Ἔστι
200 1652 228 1678 δὲ
242 1652 258 1686 ἡ
272 1651 371 1686 ἔλαφος
383 1653 525 1688 μόρφωσιν
540 1652 638 1687 ἔχουσα
654 1652 753 1687 ἀγρίας
766 1652 863 1688 δορκά-

75 1696 131 1728 δος·
149 1696 180 1722 τὸ
200 1696 228 1722 δὲ
252 1697 337 1732 κέρας
358 1698 443 1733 αὐτῆς
458 1698 598 1733 τρίαρχον,
625 1697 695 1724 κατὰ
715 1697 764 1729 τὰς
788 1698 863 1732 τρεῖς

75 1742 269 1774 ἁνακαινίσεις.
284 1744 321 1778 Ζῇ
335 1743 364 1769 δὲ
387 1743 434 1778 ἔτη
459 1744 637 1779 πεντήκοντα,
659 1744 706 1769 καὶ
725 1743 863 1778 διατρὲχει

74 1790 110 1822 ὠς
128 1791 212 1822 καλὸς
226 1790 342 1826 δρομεὺς
357 1791 407 1823 τὰς
422 1791 510 1822 νάπας
525 1791 578 1817 τῶν
592 1790 672 1822 ὑλῶν,
689 1791 735 1817 καὶ
749 1791 798 1821 τὰς
812 1791 863 1824 φά-

77 1844 179 1870 ραγγας
198 1832 260 1862 τῶν
275 1837 371 1872 ὀρέων,
389 1837 436 1863 καὶ
460 1836 634 1872 ὀσφραίνεται
649 1836 698 1868 τὰς
721 1836 790 1868 ὀπὰς
808 1835 864 1862 τῶν

75 1882 205 1917 ἑρπετῶν,
228 1882 274 1908 καὶ
298 1883 344 1908 τὸν
366 1882 428 1917 ὅφιν
448 1882 557 1917 ὅπηπερ
579 1882 748 1918 διατρίϐοντα
771 1890 862 1915 παρα-

75 1929 167 1964 χρῆμα
183 1928 341 1962 γιγνώσκει,
356 1927 404 1953 καὶ
417 1927 519 1957 εὐθέως
530 1927 620 1960 τίθησι
639 1925 688 1961 τὴν
703 1927 762 1961 ῥῖνα
778 1926 863 1961 αὐτῆς

76 1974 120 2000 ἐπὶ
135 1975 185 2010 τὴν
201 1974 286 2008 θύραν
302 1973 352 2007 τῆς
366 1972 446 2007 ὀπῆς,
463 1972 510 1999 καὶ
524 1973 630 2007 ἀναιρεῖ
643 1972 692 2006 τὴν
707 1971 801 2006 πνοὴν,
815 1972 863 1997 καὶ

75 2022 152 2054 ἐξιὼν
163 2024 177 2048 ὁ
191 2022 253 2056 δφις
275 2021 405 2047 εἰσῦαίνει
423 2020 464 2051 εις
477 2019 522 2046 τὸν
541 2019 666 2054 λάρυγγα
681 2019 731 2054 τῆς
749 2018 861 2052 ἐλάφου,

76 2069 92 2103 ἠ
109 2068 136 2094 δὲ
151 2067 296 2094 καταπίνει
308 2066 400 2094 αὐτόν.
415 2065 465 2092 Διὰ
478 2065 557 2091 τοῦτο
576 2064 673 2099 ἔλαφος
690 2064 862 2099 ὀνομάζεται,

75 2113 117 2140 διὰ
131 2114 162 2139 τὸ
183 2113 252 2139 ἑλεῖν
269 2113 331 2143 τοὺς
351 2112 428 2145 ὄφεις
449 2112 481 2137 ὲκ
496 2111 544 2138 τοῦ
565 2110 671 2145 βάθους.
690 2110 788 2145 Τρέχει
809 2110 864 2145 γὰρ

76 2161 119 2186 ἐπὶ
135 2160 185 2191 τὰς
203 2160 295 2194 πηγὰς
310 2158 365 2185 τῶν
388 2159 501 2190 ὑδάτων,
519 2158 566 2184 καὶ
582 2158 615 2192 ἢν
637 2157 674 2193 μὴ
695 2159 769 2192 τρεῖς
788 2157 864 2193 ὥρας

76 2205 205 2240 γεύσηται
220 2204 268 2230 τοῦ
286 2203 391 2236 ὓδατος,
407 2203 520 2238 τελευτᾷ
532 2211 539 2217 '
553 2203 577 2229 εἰ
590 2203 618 2229 δὲ
633 2202 701 2239 εὕρῃ
716 2202 799 2238 ὕδωρ,
812 2203 864 2229 πά-

76 2251 116 2277 λιν
130 2251 163 2286 ζῇ
179 2250 225 2285 ἐτη
244 2250 422 2284 πεντήκοντα.
436 2249 485 2275 Διὰ
495 2248 574 2275 τοῦτο
589 2247 664 2275 εἶπεν
676 2249 690 2275 ὁ
703 2250 862 2285 προφήτης-

79 2297 130 2323 Ὃν
144 2297 258 2331 τρόπον
281 2294 418 2322 ἐπιποθεῖ
439 2295 458 2327 ’ἡ
483 2294 597 2327 ἔλαφος
618 2294 668 2320 ἐπὶ
689 2294 743 2327 τὰς
766 2295 864 2329 πηγὰς

77 2341 132 2368 τῶν
149 2341 278 2373 ὑδάτων,
296 2341 390 2372 οὕτως
409 2339 546 2366 ἐπιποθεῖ
560 2339 578 2372 ἠ
600 2339 686 2374 ψυχή
703 2349 763 2374 μου
788 2340 864 2374 πρὸς

78 2387 122 2419 σὲ,
137 2389 153 2414 ὀ
175 2387 258 2418 οειςς.

390 2495 479 2529 Ἐρμη
485 2495 558 2521 rein.

112 2554 162 2582 Καὶ
177 2555 210 2581 σὺ
219 2551 276 2586 οὖν,
292 2552 370 2587 νοητὲ
379 2552 515 2588 ἄνθρωπε,
528 2551 602 2586 τρεῖς
614 2550 663 2585 μὲν
682 2549 864 2580 ἀνακαινίσεις

77 2599 160 2634 ἔχεις·
174 2599 275 2625 τούτων
287 2599 302 2632 ἡ
318 2598 366 2632 μὲν
378 2597 434 2623 ἐστι
448 2596 477 2622 τὸ
486 2596 626 2630 βάπτισμα
633 2593 683 2629 τῆς
697 2593 863 2628 ἀφθαρσίας,

75 2645 93 2680 ἡ
108 2645 136 2671 δὲ
150 2645 180 2672 τὸ
192 2646 315 2679 χάρισμα
329 2643 378 2677 τῆς
401 2641 548 2672 υῑοοεσίας,
561 2640 608 2667 καὶ
622 2640 639 2674 ἡ
657 2639 796 2674 μετάνοια.
810 2638 866 2664 Καὶ

76 2687 121 2713 ὅτε
142 2687 224 2723 εὕρῃς
246 2686 292 2712 τδν
309 2685 370 2720 ὅφιν
386 2687 414 2712 ὲν
432 2686 464 2720 τῇ
487 2684 586 2720 καρδίᾳ
607 2692 652 2709 σου
666 2682 799 2718 (τουτέστι
816 2681 865 2716 τὴν

78 2732 236 2767 ἁμαρτίαν),
252 2732 380 2767 δρομαῖος
395 2730 478 2766 χώρει
494 2729 541 2756 ἐπὶ
560 2729 608 2760 τὰς
628 2727 718 2764 πηγὰς
733 2727 786 2754 τῶν
801 2727 865 2754 ὑδά-

115 2813 124 2827 ¹
140 2815 212 2845 l‘sal.
231 2825 288 2848 n.1,
304 2817 331 2844 2.

199 2865 333 2894 Parnm"
353 2863 410 2892 (in.
433 2859 543 2891 XLI".

911 882 1051 908 miscetur.
1071 881 1131 908 Jam
1155 889 1217 909 cum
1244 883 1328 910 instat
1342 884 1463 918 pariendi
1484 890 1590 920 tempus
1609 885 1696 912 lacum

912 927 1079 962 ingreditur,
1100 932 1289 963 pertentatque
1304 937 1420 964 aquam;
1451 939 1504 965 qua
1534 933 1698 960 mammillas

913 981 999 1007 usque
1027 974 1197 1008 perlingeule
1212 974 1292 1008 parit.
1312 973 1340 1000 Si
1358 977 1429 1001 enim
1445 976 1471 1002 in
1492 980 1596 1003 terraur
1605 977 1699 1005 ederet

913 1019 1013 1050 fetum,
1038 1019 1107 1046 haud
1140 1019 1239 1046 clcvari
1267 1024 1382 1054 posset,
1417 1029 1478 1048 eum
1514 1023 1696 1050 membrorum

913 1064 1091 1099 compagibus
1107 1068 1207 1090 careat.

887 1198 933 1230 ’ἔρ
1203 1210 1398 1246 Interpretatio.

106 1264 243 1299 Πρόδηλον
255 1264 284 1290 δὲ
298 1265 339 1291 ὅτι
349 1265 362 1291 ό
378 1265 590 1300 πρωτόπλαστος
610 1267 694 1302 Ἀδὰμ
708 1268 756 1303 οὐχ
767 1268 860 1305 ὥσπερ
907 1262 910 1265 ’

949 1265 1121 1294 Manifestum
1133 1270 1184 1298 est,
1197 1267 1314 1301 primum
1329 1271 1469 1302 parentem
1485 1268 1628 1301 Adamum,
1643 1277 1699 1297 non

915 1315 945 1337 ut
954 1310 1036 1336 Evam
1048 1309 1237 1337 inobedientia:
1247 1311 1349 1345 lignum
1358 1317 1556 1347 praegustasse;
1573 1313 1618 1340 illa
1626 1314 1699 1342 enitn

915 1355 989 1384 dedit
1006 1355 1084 1388 viro;
1104 1355 1151 1390 qui
1163 1359 1193 1383 ut
1207 1356 1336 1389 comedit,
1367 1357 1438 1385 ensit
1457 1363 1623 1394 praeceptum
1644 1359 1699 1387 Do<

916 1400 982 1427 mini
1006 1405 1208 1435 transgressum
1230 1408 1301 1429 esse.
1324 1401 1392 1434 Quis
1412 1402 1497 1438 igitur
1512 1405 1624 1438 partus?
1638 1413 1698 1439 peo-

916 1449 1006 1473 catum
1021 1454 1028 1478 ;
1045 1450 1072 1473 et
1088 1446 1165 1473 locus
1186 1446 1232 1473 ubi
1245 1447 1350 1482 peperit
1365 1448 1445 1483 quis?
1458 1450 1611 1484 paradisus.

877 1519 900 1550 C

1243 1554 1319 1581 CAP.
1340 1553 1373 1582 ν.

1229 1597 1268 1625 De
1293 1607 1378 1626 cervo.

948 1653 1052 1681 Cervus
1067 1652 1166 1681 similis
1181 1657 1224 1681 est
1239 1653 1357 1681 silvestri
1373 1661 1479 1688 caprae;
1499 1655 1573 1682 illius
1597 1663 1700 1683 cornua

912 1700 1001 1728 tribus
1017 1700 1103 1727 ramis
1118 1699 1334 1735 distinguuntur,
1351 1705 1382 1728 ut
1405 1706 1432 1728 et
1448 1700 1545 1736 triplex
1568 1706 1611 1729 est
1635 1703 1695 1737 ejus

912 1745 976 1772 vitm
982 1743 1204 1780 reparati‘oNivit
1212 1745 1284 1772 enim
1294 1752 1379 1772 annos
1389 1745 1595 1781 quinquaginta,
1606 1752 1701 1774 nemn-

913 1797 1029 1825 rumque
1044 1790 1139 1821 silvas,
1158 1794 1185 1817 et
1199 1791 1332 1817 montium
1349 1790 1443 1823 valles,
1465 1795 1494 1817 ut
1512 1792 1701 1820 velocissimus

913 1842 1011 1863 cursor
1032 1839 1161 1862 contento
1186 1835 1272 1870 gradu
1299 1835 1456 1870 perlustrat,
1478 1836 1701 1871 serpentiumque

914 1888 1045 1908 cavernas
1058 1881 1142 1907 odore
1155 1880 1276 1913 indagat,
1288 1884 1315 1907 et
1327 1880 1414 1907 sicubi
1430 1887 1543 1914 serpens
1554 1880 1699 1912 delitescit,

914 1931 929 1950 e
946 1924 1062 1958 vestigio
1085 1923 1280 1955 subodoratur,
1301 1924 1448 1959 statimque
1465 1933 1545 1953 nares
1565 1925 1599 1952 ad
1619 1927 1699 1953 limen

914 1975 1037 1996 caverna;
1049 1968 1183 2000 admovet,
1193 1969 1358 2004 halitumque
1370 1970 1468 2002 trahit;
1481 1971 1599 2005 prodens
1614 1971 1698 2006 igitur

914 2020 1027 2047 serpens
1052 2013 1080 2040 in
1096 2012 1190 2040 fauces
1205 2014 1277 2041 cervi
1299 2021 1361 2043 sese
1387 2015 1495 2050 ingerit,
1520 2016 1565 2044 ille
1589 2017 1698 2044 obvium

914 2058 1037 2091 devorat,
1053 2066 1108 2093 qua
1129 2058 1163 2086 de
1181 2065 1265 2087 causa
1280 2061 1488 2094 appellationem
1511 2061 1624 2090 sortitus
1647 2067 1699 2094 est,

914 2104 1040 2131 videlicet
1067 2104 1140 2139 quod
1163 2112 1197 2132 ex
1222 2105 1277 2132 imo
1292 2109 1432 2140 serpentes
1453 2106 1486 2133 ad
1513 2114 1544 2134 se
1569 2107 1697 2134 attrahat.

915 2147 1063 2183 Postquam
1080 2151 1171 2176 autem
1189 2154 1346 2184 serpentem
1372 2157 1406 2177 ex
1427 2151 1552 2179 cavernis
1568 2153 1650 2187 cepit,
1665 2153 1701 2179 il'

880 2182 902 2208 ί)
917 2194 970 2221 lico
989 2182 1023 2221 ad
1046 2201 1178 2229 aquarum
1204 2182 1292 2222 fontes
1315 2194 1454 2223 decurrit:
1479 2197 1552 2232 quod
1575 2182 1699 2225 si-trium

916 2239 1046 2266 horarum
1066 2239 1154 2274 spatio
1169 2247 1238 2274 aqua
1254 2248 1284 2268 se
1298 2241 1406 2276 explere
1429 2249 1482 2269 nou
1499 2247 1599 2277 potest,
1618 2244 1701 2270 mori-

915 2287 979 2317 ttr;
994 2284 1037 2312 sin
1056 2289 1146 2312 autem
1163 2292 1241 2320 aqua:
1256 2290 1335 2320 potus
1351 2287 1484 2322 obtingat,
1502 2288 1534 2314 ad
1552 2295 1639 2315 annos
1653 2289 1700 2315 dc-

915 2337 971 2358 nuo
985 2330 1184 2365 quinquaginta
1205 2331 1289 2358 vitam
1306 2332 1451 2366 protrahit.
1471 2331 1548 2359 Unde
1568 2333 1700 2368 propheta

916 2376 1020 2403 David:
1038 2376 1113 2404 Sicut
1133 2377 1264 2405 desiderat
1284 2386 1373 2405 cervus
1393 2379 1427 2405 ad
1450 2379 1533 2413 fontes
1559 2389 1699 2415 aquarum,

915 2422 953 2448 sic
970 2422 1103 2449 desiderat
1117 2424 1207 2450 anima
1222 2432 1279 2450 mea
1295 2423 1329 2451 ad
1342 2428 1375 2456 te,
1390 2423 1458 2451 Deus
1476 2426 1494 2450 '.

1209 2480 1405 2515 lnterpretatio.

951 2536 991 2563 Tu
1007 2536 1099 2571 igitur.
1115 2537 1267 2571 spiritualis
1282 2538 1373 2569 homo,
1391 2542 1446 2566 tres
1467 2538 1550 2566 habes
1564 2544 1686 2567 restaura
1697 2554 1709 2558 -

916 2581 1024 2608 tiones:
1043 2581 1208 2616 baptismum
1235 2583 1339 2610 scilicet
1363 2583 1588 2618 iueorruptiouis,
1611 2585 1702 2612 filialis

916 2625 1068 2661 adoptionis
1092 2628 1217 2662 gratiam,
1233 2631 1314 2662 atque
1329 2629 1525 2662 paenitentiam.
1549 2629 1576 2656 Si
1592 2631 1701 2666 quando

916 2676 1081 2707 serpentem,
1100 2672 1126 2699 id
1146 2677 1188 2699 est
1204 2677 1356 2707 peccatum,
1374 2673 1445 2700 intra
1469 2674 1561 2702 cordis
1574 2681 1700 2702 recessus

917 2717 1141 2752 deprehenderis,
1165 2717 1198 2745 ad
1229 2718 1318 2746 fontes
1343 2727 1486 2753 aquarum,
1514 2721 1565 2747 hoc
1590 2723 1644 2751 est,
1665 2718 1700 2745 ad

1507 2860 1542 2888 1‘1
