1929 3038
213 140 263 168 59.3

856 147 958 175 DUBIA
972 146 1042 175 AL"?
1063 145 1126 176 ST‘U
1133 148 1197 176 Rh.

1782 147 1835 176 524

212 199 414 235 Scripturarum
432 199 613 233 scaturigines
625 198 714 226 statim
732 198 857 234 confuge,
875 204 997 227 sanetam

1054 209 1112 233 των,
1128 201 1211 236 ἧγουν
1225 203 1267 229 ἐπὶ
1283 203 1344 235 τοὺς
1356 204 1485 239 κρουνοὺς
1502 204 1553 231 τῶν
1567 204 1680 238 Γρηῐὶη
1694 205 1776 239 (κατὰ
1787 207 1834 237 τὰς

211 245 336 273 videlicet.
360 244 474 280 gratiam
494 243 733 279 (quemadmodum:
751 245 890 280 praphrtie
915 245 1000 272 inter-

211 291 364 326 pretantur)
379 290 466 317 hauri.
482 289 550 317 Nam
566 290 588 317 si
605 290 792 325 paenitentiam
801 291 900 325 egeris,
913 291 947 319 ab
957 299 999 324 ea,

212 337 309 364 lterum
326 335 413 363 deleto
426 335 535 370 penitus
551 340 674 370 peccato,
694 335 877 370 reparaberis.

536 433 611 459 CAP.
633 433 675 460 Vl.

529 478 567 505 De
587 479 688 513 aquila.

247 535 344 570 Aquila
359 535 502 562 volucrum
519 536 624 570 regina,
639 543 655 562 a
670 535 831 571 longissima
845 535 901 563 vita
918 534 1001 562 deno-

212 580 388 607 minalionem
401 579 517 615 accipit;
530 580 596 606 vivit
611 580 682 607 enim
697 588 782 608 annos
796 584 915 608 centum.
930 579 999 607 Cum

212 633 276 652 vero
295 625 430 656 senescit,
450 629 569 653 rostrum
587 626 610 652 ei
635 627 804 658 ineurvatur,
827 625 1000 661 caligantque

211 670 294 702 oculi.
312 670 348 697 ita
364 674 393 697 ut
413 677 462 697 nec
480 669 571 698 ridere
595 670 694 705 possit,
708 677 759 697 nec
780 670 870 697 cibum
890 676 997 704 capere.

211 717 295 752 Igitur
312 717 340 744 in
363 717 447 744 altum
465 724 525 744 sese
542 717 652 749 attollit.
676 720 704 744 et
727 717 755 744 in
779 720 943 751 pi-zeruptam
970 723 1000 743 se

212 760 321 795 projicit
341 768 446 795 rupem,
464 761 497 788 ad
515 768 597 796 quam
614 765 734 789 rostrum
751 761 847 795 allidit,
864 765 891 789 et
907 768 937 788 se
951 760 1000 787 fri-

211 805 282 839 gidis
295 804 526 840 immergitaquis,
542 804 728 840 adversusque
743 805 847 833 solarcs
863 804 955 832 radios
970 811 1000 831 se

211 849 335 885 opponit,
358 853 478 884 tuncque
495 858 526 876 ex
553 850 640 878 oculis
663 850 766 878 cadunt.
788 850 945 885 lippidines,
965 857 998 876 ac
1015 870 1036 897 Β

212 897 311 924 iterum
325 896 487 931 iuvenescit.

512 985 706 1020 Interprelult’a.
957 1010 960 1012 .

248 1033 287 1060 Tn
304 1033 395 1068 igitur,
416 1041 432 1060 ο
454 1032 605 1067 spiritualis
629 1033 719 1062 homo,
740 1039 803 1058 eum
824 1031 997 1059 multitudine

210 1081 384 1113 peccatorum
407 1077 491 1104 fueris
517 1083 677 1111 oppressus,
703 1075 730 1102 in
761 1075 845 1102 altum
869 1076 996 1108 ascende,

210 1124 262 1150 hoc
287 1126 329 1149 est
349 1121 376 1148 in
396 1125 470 1148 tuam
495 1121 581 1155 ipsius
600 1120 806 1152 conscientiam,
826 1125 907 1155 atque
925 1123 950 1147 te
963 1120 997 1147 ad

211 1173 338 1201 petram,
362 1167 466 1195 scilicet
492 1166 524 1193 ad
560 1165 639 1192 fidem
673 1156 864 1192 orthodoxam.
883 1165 996 1199 projicc,

211 1215 279 1241 delle
304 1202 475 1247 peccatorum
499 1215 607 1238 tuorum
626 1210 838 1242 multitudinem,
858 1216 883 1237 et
900 1218 997 1245 perpe-

209 1259 263 1286 tuis
278 1262 304 1285 te
320 1258 408 1293 aquis,
426 1257 451 1284 id
470 1261 511 1284 est
527 1256 666 1291 lacrymis,
686 1256 855 1289 abstergens,
870 1256 936 1282 solis
953 1263 998 1282 ra-

210 1303 262 1331 diis
276 1303 420 1335 incalesce,
439 1303 489 1329 hoc
503 1305 545 1329 est
565 1301 593 1328 in
612 1305 683 1328 coetu
700 1300 828 1332 ﬁdelium,
842 1304 868 1327 et
887 1300 914 1327 in
932 1295 996 1328 san-

211 1351 256 1374 rto
281 1347 383 1382 Spiritu
405 1347 438 1374 ad
454 1347 571 1374 calorem
596 1345 761 1380 pamitentia:
776 1352 901 1380 propera,
919 1345 997 1380 lippi-

209 1391 300 1424 dines,
315 1392 396 1421 idest.
423 1396 534 1428 peccata
556 1391 654 1426 abjice,
676 1390 768 1418 statim
786 1391 858 1418 enim
880 1398 997 1423 renova-

210 1439 284 1467 bitur
309 1444 338 1466 ut
365 1439 463 1474 aquila:
481 1438 610 1473 juventus
627 1441 683 1469 tua,
703 1441 730 1464 et
745 1436 837 1471 justus
856 1436 997 1464 vocaberis

211 1486 282 1521 apud
298 1485 379 1513 Deum
386 1505 392 1511 .

528 1527 602 1556 CAP.
623 1527 677 1555 Vll.

512 1572 550 1599 De
571 1573 679 1601 vulture.

250 1631 348 1658 Vultur
363 1630 468 1658 cunctis
485 1629 581 1657 avibus
598 1629 723 1657 voracior
741 1634 783 1657 est
797 1638 803 1663 ;
819 1629 998 1666 quadraginta

213 1676 284 1703 enim
301 1675 396 1702 diebus
416 1675 477 1702 cibo
498 1674 625 1707 abstinet,
640 1682 720 1709 quem
743 1682 805 1701 eum
821 1674 934 1707 invenit,
950 1679 999 1702 tot-

213 1720 283 1758 idem
310 1727 338 1746 se
363 1726 396 1746 ex
420 1718 466 1746 illo
488 1718 565 1746 libris
589 1717 746 1753 ingurgitat,
765 1718 856 1753 itaque
881 1719 999 1754 quadra-

212 1765 348 1800 genariam
364 1764 556 1792 abstinentiam
568 1764 783 1799 quadragenaria
798 1764 917 1799 ingluvie
929 1772 998 1792 com-

212 1814 317 1844 pensat.

504 1864 535 1892 In
541 1865 702 1899 terpretutio.

247 1910 287 1937 Tu
310 1909 402 1945 igitur,
426 1909 577 1944 spiritualis
595 1910 686 1942 homo,
701 1909 747 1944 qui
771 1909 796 1936 in
822 1909 998 1945 quadragesi-

211 1955 274 1981 iaali
289 1954 393 1989 jejunio
416 1953 583 1982 Dominicam
596 1955 821 1982 resurrectionem
844 1959 997 1990 exspectas,

212 1999 267 2026 noli
296 1999 383 2026 ventri
409 1998 480 2026 finde
510 1998 666 2033 indulgere,
695 2006 728 2025 ne
754 1998 998 2035 quadragesimalis

212 2046 382 2074 abstinentia:
399 2045 524 2073 meritum
539 2045 646 2080 perdas.

526 2101 601 2128 (ΞΜ).
620 2100 687 2127 ῊῖΙ.

525 2147 560 2172 De
575 2147 704 2181 pelicauo.

247 2193 305 2221 Prae
335 2194 463 2221 omnibus
490 2193 645 2220 volucribus
676 2192 815 2226 pelicanus
845 2193 929 2227 prolis
956 2197 998 2220 est
1015 2204 1034 2230 ι)

213 2246 318 2270 amans,
341 2239 439 2266 l'ennna
468 2238 532 2265 nido
552 2237 673 2270 incubat,
702 2238 789 2272 pullos
816 2246 881 2265 suos
906 2242 998 2265 custo-

212 2284 300 2317 diens,
322 2284 451 2319 ipsosque
475 2283 549 2314 fovet
571 2282 826 2317 complectiturque.
854 2288 880 2309 et
907 2282 997 2310 nimiis

212 2329 314 2357 osculis
333 2329 445 2360 sauciat,
469 2327 589 2363 perforat
604 2322 704 2362 itaque
729 2327 836 2354 illorum
856 2327 950 2359 latera,
971 2332 998 2355 et.

213 2376 251 2403 illi
268 2376 430 2403 moriuntur.
448 2374 513 2402 Post
527 2378 582 2402 tres
599 2381 664 2402 vero
677 2373 736 2401 dies
759 2373 864 2400 accedit
877 2381 934 2401 mas
953 2381 997 2408 pe-

213 2422 329 2453 lieanus,
347 2425 373 2448 et
390 2424 511 2448 mortuos
527 2419 629 2447 invertit
643 2419 741 2453 pullos,
756 2423 782 2445 et
795 2418 871 2445 valde
890 2419 999 2453 angitur

213 2466 360 2500 doloreque
389 2465 521 2500 impulsus
547 2465 685 2500 proprium
722 2464 791 2491 latus
824 2464 939 2498 percutit
967 2471 998 2492 ac

213 2512 340 2543 terebrat,
354 2515 516 2545 emanalque
536 2510 657 2545 sanguis,
679 2518 757 2545 quem
777 2517 859 2544 super
878 2515 998 2538 mortuo-

214 2564 272 2583 rum
287 2555 422 2590 pnllorum
438 2555 549 2582 vulnera
566 2554 690 2586 instillat,
710 2554 756 2589 qui
778 2554 817 2581 sic
840 2554 901 2581 vita:
918 2554 998 2581 resti-

214 2607 335 2628 Illllllllll'.

510 2743 705 2778 lnlerprclalio.

250 2788 295 2816 Sic
313 2788 442 2818 Dominus
462 2794 554 2817 noster
571 2789 650 2818 Jesus
667 2789 804 2821 Christus,
829 2787 907 2821 cujus
928 2787 997 2813 latus

215 2832 305 2861 lancea
320 2835 438 2868 aperuit,
449 2835 631 2869 continuoque
651 2833 761 2868 sanguis
777 2837 802 2859 et
818 2838 888 2866 aqua
903 2831 995 2864 exivit,

1050 247 1252 282 ἑρμηνευούσας
1268 250 1456 285 προφητείας),
1474 251 1520 276 καὶ
1541 250 1584 276 πίε
1602 251 1669 286 ὕδωρ
1684 251 1749 283 ζῶν,
1759 260 1837 278 τουτ-

1052 293 1108 319 ἐστι
1130 293 1161 320 τὸ
1189 294 1265 328 ἅγιον
1289 295 1384 330 δῶρον.
1408 296 1550 323 Κοινωνῶν
1569 296 1622 332 γὰρ
1638 297 1666 322 ὲν
1690 297 1833 333 μετανοίᾳ,

1051 338 1191 374 ἁνανεώσῃ
1203 340 1301 366 σαυτὸν
1314 340 1407 367 λοιπὸν
1422 340 1468 368 διὰ
1482 341 1531 376 τῆς
1544 342 1639 377 αὐτῆς,
1655 342 1702 369 καὶ
1722 342 1840 370 τεθανα-

1051 384 1200 420 τωθήσεται
1212 386 1228 420 ὴ
1243 386 1376 422 ἁμαρτία.

1372 443 1450 470 xm.
1471 445 1518 477 qn

1316 487 1386 521 Περὶ
1402 487 1456 514 τοῦ
1469 487 1567 514 ἀετοῦ.

1086 531 1163 558 Ἔστι
1180 531 1235 567 γὰρ
1249 532 1263 558 ὁ
1278 530 1356 563 ἀετὸς
1372 532 1495 567 βασιλεὺς
1507 533 1559 559 τῶν
1570 532 1679 568 ὀρνέων.
1697 534 1789 566 ’Δετδς
1807 535 1836 562 δὲ

1051 577 1171 604 καλεῖται
1184 577 1228 604 διὰ
1242 578 1291 614 τὴν
1308 577 1451 604 πολυετίαν
1472 579 1568 605 αὑτοῦ·
1586 577 1661 610 οὗτος
1677 580 1726 614 μὲν
1741 580 1774 615 ζῇ
1787 580 1835 616 ἔτη

1049 624 1156 651 ἑκατόν.
1181 624 1236 650 Καὶ
1260 624 1430 659 γηράσαντος
1449 624 1600 659 γρυποῦται
1624 625 1638 651 ὁ
1660 625 1836 660 προμυκτὴρ,

1050 670 1096 696 καὶ
1110 669 1331 705 ἀμϐλυώττουσιν
1350 670 1374 696 οἱ
1391 669 1524 704 ὀφθαλμοὶ
1540 669 1631 701 αὑτοῦ,
1647 670 1692 696 τοῦ
1706 670 1744 705 μὴ
1757 670 1835 705 ὁρᾷν,

1050 715 1097 741 καὶ
1112 715 1161 741 οὐκ
1179 714 1263 749 ἰσχύει
1284 716 1391 748 φαγεῖν.
1411 714 1565 750 ’Λνέρχεται
1582 715 1610 741 δὲ
1629 715 1668 746 εἰς
1682 715 1748 749 ὕψος
1762 715 1835 745 λίαν,

1050 759 1096 786 καὶ
1112 760 1200 795 ῥίπτει
1215 759 1309 786 ἑαυτὸν
1323 759 1368 786 ἐπὶ
1381 759 1535 795 ἀκροτόμου
1551 760 1663 794 πέτρας,
1679 760 1820 794 προσκρού
1830 776 1837 780 -

1051 814 1098 837 σας
1113 806 1181 841 αὐτῇ
1204 805 1235 831 τὸ
1259 805 1376 840 ῥάμφος,
1401 805 1448 832 καὶ
1471 804 1577 832 λούεται
1599 806 1638 837 εἰς
1661 805 1711 841 τὴν
1728 805 1838 840 ψυχρὰν

1049 851 1157 886 λίμνην,
1173 852 1220 878 καὶ
1242 851 1358 887 κάθηται
1382 851 1452 878 κατὰ
1474 851 1505 878 τὺ
1528 851 1638 887 ἡλιακὸν
1657 851 1768 887 θερμόν.
1787 850 1838 877 Πί-

1050 905 1146 924 πτουσι
1169 896 1197 923 δὲ
1211 897 1318 928 λεπίδες
1335 896 1388 923 ἀπὸ
1405 896 1458 923 τῶν
1472 896 1629 932 ὀφθαλμῶν,
1649 897 1696 923 καὶ
1712 897 1794 924 πάλιν
1808 897 1838 928 ἐς

1049 941 1124 974 νέους
1143 941 1228 968 τελεῖν
1241 941 1363 977 ἄρχεται.

1360 987 1528 1022 Ἐρμηνείιι.

1083 1033 1138 1060 Καὶ
1160 1033 1192 1060 σὺ
1214 1031 1271 1066 οὖν,
1283 1033 1361 1069 νοητὲ
1377 1033 1514 1069 ἄνθρωπε,
1532 1034 1595 1060 ὅταν
1611 1033 1695 1060 πολλὰ
1715 1033 1838 1069 ἁμαρτή-

1050 1085 1109 1112 σῃς,
1124 1078 1219 1105 ἄνελθε
1235 1079 1274 1110 εἰς
1295 1078 1372 1112 ὕψος,
1386 1079 1524 1104 τουτέστιν
1537 1079 1576 1110 εἰς
1590 1079 1620 1105 τὸ
1639 1079 1757 1110 συνειδὸς
1776 1088 1837 1111 σου,

1049 1125 1095 1150 καὶ
1113 1124 1190 1159 ptem
1208 1125 1237 1151 σὲ
1257 1124 1328 1151 κατὰ
1353 1124 1464 1159 πέτραν,
1480 1125 1565 1159 ἤγουν
1576 1125 1616 1156 εἰς
1634 1125 1683 1160 τὴν
1695 1125 1838 1159 ὀροόδοξω

1048 1169 1148 1201 πίστιν,
1168 1170 1282 1196 κλαῦσον
1305 1169 1335 1196 τὸ
1358 1169 1459 1204 πλῆθος
1474 1170 1527 1197 τῶν
1541 1171 1681 1206 ἁμαρτιῶν
1703 1179 1763 1197 σου.
1790 1170 1838 1197 Ἕν

1047 1216 1080 1250 τῇ
1093 1215 1173 1250 λίμνῃ
1189 1215 1369 1250 καθαρίσθητι
1383 1216 1443 1247 ταῖς
1455 1215 1617 1250 δακρυροαῖς
1641 1224 1698 1242 σου.
1714 1216 1839 1251 Θερμάν-

1048 1256 1109 1292 θητι
1124 1257 1195 1284 κατὰ
1220 1257 1265 1284 τὸν
1287 1258 1372 1293 ἥλιον,
1395 1259 1478 1294 ἥγηυν
1498 1259 1570 1285 κατὰ
1590 1260 1639 1294 τὴν
1660 1260 1836 1295 Ἐκκλησίαν,

1048 1302 1181 1329 καὶκατὰ
1203 1302 1233 1329 τὸ
1254 1303 1331 1337 ἅγιον
1354 1303 1478 1339 Πνεῦμα,
1499 1304 1615 1330 σπεῦσον
1637 1304 1688 1340 τὴν
1702 1305 1838 1340 ταχίστην

1048 1347 1093 1373 ἐπὶ
1109 1347 1158 1382 τὴν
1174 1347 1277 1383 θέρμην
1296 1349 1345 1383 τῆς
1359 1349 1512 1384 μετανοίας.
1539 1349 1630 1384 Ῥίψον
1646 1350 1701 1377 ἀπὸ
1717 1351 1764 1376 σοῦ
1787 1351 1837 1382 τὰς

1047 1393 1168 1425 λεπίδας,
1181 1394 1229 1426 τὰς
1248 1395 1394 1430 ἁμαρτίας,
1414 1396 1462 1422 καὶ
1475 1396 1555 1423 πάλιν
1568 1395 1835 1432 ἀνακαινισθήσεται,

1047 1439 1085 1471 ὡς
1103 1439 1192 1472 ἀετοῦ,
1207 1441 1224 1475 ἡ
1245 1440 1338 1475 νεότης
1358 1449 1416 1474 σου,
1433 1442 1479 1469 καὶ
1500 1442 1602 1474 δίκαιος
1625 1442 1747 1478 ὀνομάσῃ
1759 1443 1836 1478 παρὰ

1047 1485 1085 1521 τῷ
1100 1486 1169 1521 Θεῷ.

1332 1555 1336 1558 .
1376 1534 1454 1561 ΚΕΦ.
1474 1536 1511 1562 Ζ”.

1306 1577 1376 1612 Περὶ
1396 1578 1448 1606 τοῦ
1463 1579 1568 1613 γυπός.

1090 1632 1118 1659 '0
1137 1632 1192 1667 γὺψ
1207 1632 1300 1668 δρνεόν
1316 1633 1374 1660 ἐστι
1384 1634 1417 1669 τῇ
1430 1634 1498 1669 ἥττῃ
1508 1633 1559 1669 τῆς
1571 1634 1688 1670 γαστρὸς
1701 1634 1735 1662 τὰ
1746 1635 1834 1662 πάντα

1049 1675 1269 1714 ὑπερακοντίζον.
1295 1675 1378 1711 Οὗτος
1399 1679 1535 1706 ἀπαστίαν
1554 1680 1615 1714 ἄγει
1630 1681 1836 1716 τεσσαράκοντα

1048 1723 1102 1750 τῶν
1123 1722 1246 1758 ἡμερῶν,
1268 1719 1303 1759 ἢν
1322 1723 1351 1749 δὲ
1376 1722 1466 1757 λαχὼν
1499 1723 1562 1757 τὺψι
1595 1724 1655 1759 (δίο)
1676 1725 1834 1760 ἐδέσμασιν,

1049 1767 1132 1795 ἐσθίει
1156 1768 1251 1804 λίτρας
1262 1768 1474 1804 τεσσαράκοντα,
1490 1768 1536 1795 καὶ
1554 1769 1705 1804 ἀναπληροῖ
1715 1769 1764 1804 τὴν
1777 1770 1834 1797 τῶν

1047 1813 1250 1850 τεσσαράκοντα
1265 1814 1375 1850 ἡμερῶν
1387 1815 1506 1841 ἀσιτίαν.

1366 1872 1532 1906 Ἐρμηνεία.

1085 1915 1138 1942 Καὶ¹
1151 1915 1193 1947 σὺ,
1208 1917 1286 1950 νοητὲ
1302 1916 1439 1951 ἄνθρωπε,
1454 1916 1483 1948 ὃς
1495 1917 1630 1944 ἀπαστίαν
1645 1915 1712 1952 ἦγες
1728 1917 1838 1953 ἡμέρας

1048 1960 1260 1996 τεσσαράκοντα,
1278 1961 1432 1996 προκρίνων
1444 1962 1494 1997 τὴν
1503 1962 1549 1989 τοῦ
1563 1962 1665 1996 Κυρίου
1676 1963 1834 1994 ἀνάστασιν,

1050 2005 1087 2041 μὴ
1111 2004 1191 2042 θέλῃς
1208 2006 1416 2042 γαστριμαργίᾳ
1443 2006 1593 2041 σχολάζειν,
1612 2007 1655 2033 ἵνα
1673 2006 1710 2042 μὴ
1731 2008 1838 2034 ἀποϐά-

1049 2051 1098 2088 λῃς
1111 2050 1160 2087 τὴν
1173 2050 1227 2078 τῶν
1246 2051 1451 2087 τεσσαράκοντα
1467 2051 1576 2087 ἡμερῶν
1591 2051 1725 2087 νηστείαν.

1372 2108 1451 2134 ΚΕΦ.
1472 2108 1513 2134 ﬂ'.

1274 2151 1344 2186 Περὶ
1359 2152 1415 2186 τῆς
1430 2151 1604 2185 πελεκᾶνος.

1086 2197 1163 2223 Ἔστι
1190 2196 1244 2231 γὰρ
1267 2197 1283 2232 ἡ
1315 2196 1434 2223 πελεκὰν
1459 2196 1614 2231 φιλότεκνον
1640 2197 1734 2232 ὄρνεον
1759 2199 1836 2234 παρὰ

1050 2241 1138 2268 πάντα
1149 2241 1184 2268 τὰ
1199 2241 1290 2276 ὄρνεα.
1310 2241 1342 2268 'H
1355 2241 1383 2268 δὲ
1401 2241 1496 2277 θήλεια
1512 2241 1656 2274 καθέζεται
1669 2243 1698 2269 ἐν
1711 2244 1745 2278 τῇ
1762 2252 1839 2270 νεοτο

1049 2287 1097 2321 τιᾷ
1122 2286 1295 2321 φυλάσσουσα
1323 2286 1358 2313 τὰ
1383 2287 1477 2320 τέκνα,
1506 2287 1554 2314 καὶ
1578 2287 1741 2322 περιθάλπει
1765 2289 1837 2316 αὐτὰ

1049 2331 1225 2366 ἀσπαζομένη
1251 2332 1298 2358 καὶ
1323 2331 1507 2366 κολαφίζουσα
1534 2333 1563 2359 ὲν
1593 2332 1736 2368 φιλήματι,
1763 2333 1837 2365 ὀπὰς

1047 2378 1108 2408 ταῖς
1132 2377 1263 2412 πλευραῖς
1289 2377 1498 2412 κατεργάζεται,
1526 2378 1574 2404 καὶ
1597 2378 1752 2405 τελευτῶσι.
1780 2379 1837 2405 Καὶ

1049 2421 1109 2456 μεθ’
1123 2422 1229 2457 ἡμέρας
1250 2423 1334 2458 τρεῖς,
1351 2422 1574 2457 παραγενομένου
1591 2422 1637 2448 τοῦ
1654 2422 1768 2457 ἄρρενος
1786 2431 1836 2448 πε-

1048 2466 1168 2498 λεκιίνος,
1185 2466 1232 2493 καὶ
1251 2465 1422 2501 εὑρίσκοντος
1437 2465 1507 2492 αὐτὰ
1526 2465 1685 2501 τεθνηκότα,
1703 2466 1835 2501 ὀλοφύρε-

1047 2519 1091 2537 ται
1106 2511 1156 2546 τὴν
1172 2510 1286 2545 καρδίαν
1308 2510 1378 2537 λίαν.
1397 2510 1591 2546 Πεπληγμένος
1614 2510 1642 2537 δὲ
1666 2510 1714 2537 τοῦ
1739 2511 1833 2542 πόνου,

1048 2555 1186 2589 κολαφίζει
1212 2555 1263 2590 τὴν
1281 2555 1348 2582 ἰδίαν
1372 2555 1502 2589 πλευρὰν,
1529 2555 1577 2582 καὶ
1599 2555 1668 2588 ὀπὰς
1692 2556 1760 2591 αὐτῇ
1781 2556 1834 2591 ἑμ-

1048 2602 1128 2632 ποιεῖ,
1146 2601 1192 2627 καὶ
1211 2601 1345 2636 καταρρεῖ
1366 2598 1446 2636 αἷμα,
1464 2601 1616 2633 ἐπιστάζων
1633 2601 1679 2627 ἐπὶ
1694 2601 1745 2633 τὰς
1762 2601 1835 2636 πλην

1047 2645 1098 2679 γὰς
1131 2645 1185 2672 τῶν
1211 2645 1379 2680 τεθνηκότων
1410 2645 1543 2679 νεοσσῶν,
1570 2647 1616 2673 καὶ
1652 2646 1738 2677 οὕτως
1767 2646 1835 2678 {uno

1049 2690 1202 2718 ποιοῦνται.

1363 2747 1530 2781 Ἐρμηνεία.

1083 2789 1160 2816 Οὕτω
1177 2791 1223 2817 καὶ
1239 2792 1253 2817 ὁ
1270 2790 1371 2826 Κύριος
1384 2792 1462 2827 ἡμῶν
1484 2792 1588 2827 Ἰησοῦς
1603 2792 1730 2828 Χριστὸς,
1748 2791 1833 2828 λόγχη

1048 2834 1096 2868 τὴν
1111 2835 1229 2869 πλευρὰν
1249 2835 1331 2863 αὐτώ
1349 2836 1449 2869 ἦνοιξε,
1467 2837 1512 2864 καὶ
1524 2836 1624 2868 εὐθέως
1639 2836 1750 2869 ἐξῆλθεν
1765 2835 1835 2866 αἷμα
