1929 3038
65 154 117 181 5‘25

745 156 997 185 I’IIYSIOLOGUS.

1631 155 1647 180 5
1650 155 1684 180 Et.

63 211 108 238 καὶ
122 211 207 246 ὕδωρ.
234 210 396 243 Ἐπέσταξεν
416 211 446 238 τὺ
463 207 532 246 αἷμα
547 211 592 237 ἐπὶ
610 212 672 243 τοὺς
689 211 850 247 τεθνηκότας

909 222 982 248 ιυρῡτ
998 218 1120 241 mortuos
1130 213 1210 246 ﬁlios,
1231 213 1282 240 hoc
1295 217 1334 240 est
1351 211 1480 239 Adamum
1494 217 1521 240 et
1540 212 1622 240 Evam
1633 220 1683 240 caeL

62 257 325 291 νεοσσοὺς,τουτέστι
334 256 380 282 τὸν
403 256 497 291 Ἀδὰμ,
513 257 560 283 καὶ
573 257 620 292 τὴν
634 257 714 290 Εὕαν,
729 259 775 285 καὶ
788 259 851 291 τοὺς

64 303 177 333 λοιποὺς
186 302 339 337 προφήτας,
358 302 405 329 καὶ
413 302 460 328 ἐπὶ
468 302 572 334 πάντας
586 303 647 335 τοὺς
656 303 794 336 θανόντας,
805 305 851 331 καὶ

64 348 182 381 ἐφώτισε
195 347 245 382 τὴν
256 346 429 381 οἰκουμένην,
442 347 491 374 καὶ
500 346 681 383 ἐζωοποίησεν
695 348 792 381 αὐτοὺς
807 350 851 376 διὰ

62 393 112 428 τῆς
135 393 288 428 τριημέρου
317 393 424 427 ταφῆς,
450 393 498 419 καὶ
520 393 656 429 ὲγέρσεως
680 394 773 421 αὐτοῦ.
801 395 851 422 Διὰ

62 438 141 465 τοῦτο
157 438 272 474 ὲλάλησε
289 438 332 465 διὰ
345 438 392 465 τοῦ
412 437 552 475 Προφήτω
563 447 569 454 ·
588 440 751 476 Ὧμοιώοην
763 443 850 468 πελε-

64 484 130 512 κᾶνι
149 483 288 520 ἐρημικῷ.

387 542 466 568 ΚΕΦ.
486 541 525 568 Θι.

306 587 375 621 Περὶ
393 586 449 620 τῆς
463 586 610 621 πέρδικος.

100 631 195 658 Ἔστιν
219 632 236 667 ὴ
260 632 355 668 πέρδιξ
379 632 552 664 πολύτεκνος.
578 632 850 667 Νεοττοποιησαμένη

63 678 90 704 δὲ
112 677 260 713 πορεύεται
283 679 300 714 ὴ
325 678 418 713 θῆλυς,
434 678 480 704 καὶ
494 678 578 713 γεννᾷ
599 677 634 704 τὰ
655 677 696 704 ὡὰ
712 678 772 704 καθ’
788 679 852 705 ἑκά-

65 731 147 758 στην·
173 724 221 750 καὶ
236 724 286 750 οὐκ
302 724 384 759 ἀρκεῖ
399 724 468 759 αὐτῇ
484 723 534 757 τῆς
558 723 625 755 ἰδίας
646 724 764 759 γαστρὸς
780 724 794 750 ὁ
808 724 852 750 τό-

64 777 119 801 κος,
134 769 204 796 ἀλλὰ
230 769 383 795 κλέπτουσα
408 768 442 795 τὰ
466 768 507 795 die:
525 768 579 795 τῶν
599 769 757 804 ἀλλοτρίων,
775 769 851 804 φέρει

64 815 132 842 αὐτὰ
147 815 194 842 ἐπὶ
210 815 260 850 τὴν
273 815 395 842 νεοττιὰν
411 815 508 850 αὐτῆς.

380 870 544 905 Ἐρμηνεία.

99 916 155 942 Καὶ
172 916 205 942 σὺ
222 913 279 947 οὖν,
306 916 385 950 νοητὲ
410 915 547 950 ἄνθρωπε,
567 916 630 943 ὅταν
654 916 753 948 πολλὰς
774 916 851 952 ἐλεη-

67 960 185 996 μοσύνας
199 961 325 996 ποιήσῃς,
342 960 382 999 ,μὴ
396 960 534 995 ἀρκέσωσί
556 969 607 993 σοι,
622 961 689 988 ἀλλὰ
701 962 787 997 δράμε
812 963 852 994 εὶς

65 1006 160 1040 ἑτέρας
176 1006 297 1039 ἐντολὰς,
312 1006 360 1032 καὶ
375 1004 510 1039 πλήθειον
533 1006 634 1041 σφόδρα
657 1007 706 1042 τὴν
731 1008 851 1033 νεοττιάν

64 1060 128 1078 σου·
145 1052 281 1083 τουτέστι,
307 1052 417 1085 ἅγνισον
439 1051 488 1087 τὴν
503 1053 614 1088 καρδίαν
630 1061 687 1084 σου,
706 1053 753 1079 καὶ
771 1053 852 1088 σκλή-

67 1105 144 1132 ρυνον
158 1097 218 1123 λίαν
242 1097 273 1123 σὲ
287 1097 357 1124 κατὰ
373 1097 428 1124 τῶν
444 1098 572 1124 ἐναντίων
585 1098 733 1133 δυνάμεων.

383 1154 473 1188 arm.
495 1154 524 1181 ι’.

301 1198 370 1232 Περὶ
386 1196 440 1232 τῆς
460 1198 615 1233 τρυγόνος.

102 1245 182 1271 Ἔστι
195 1245 212 1279 ἡ
228 1243 336 1279 τρυγὼν
355 1243 497 1279 φίλανδρον
512 1244 605 1279 δρνεον
623 1244 699 1279 παρὰ
714 1244 802 1271 πάντα
818 1244 854 1271 τὰ

66 1290 187 1323 πετεινὰ,
203 1290 253 1317 καὶ
268 1289 428 1325 πορεύονται
440 1289 599 1325 ἀμφότεροι,
616 1290 700 1325 ἄρρεν
714 1290 760 1316 καὶ
774 1289 851 1326 θῆλυ,

67 1337 113 1364 καὶ
135 1335 371 1363 νεοσσοποιοῦσιν·
397 1334 618 1370 ἀποζευχθέντων
636 1335 665 1362 δὲ
688 1335 788 1367 αὐτῶν,
803 1343 851 1370 φυ-

67 1381 194 1409 λάσσουσι
220 1381 271 1416 τὴν
301 1379 469 1416 μονογαμίαν
510 1379 564 1412 ἕως
583 1379 676 1411 τέλους
706 1379 755 1414 τῆς
779 1379 853 1415 ζωῆς

67 1427 164 1455 αὐτῶν.

382 1472 547 1506 Ἐρμηνεία.

100 1520 158 1546 Καὶ
181 1520 214 1546 σὺ
235 1516 291 1550 οὖν,
308 1517 386 1552 νοητὲ
404 1517 541 1553 ἄνθρωπε,
563 1517 628 1544 ὅταν
650 1516 772 1552 πλησθῇς
789 1516 851 1543 ἀνο-

69 1564 148 1600 μιῶν,
169 1564 217 1591 καὶ
229 1563 293 1600 δόξῃ
306 1572 346 1589 σοι
359 1564 453 1599 καιρὸς
468 1562 516 1589 τοῦ
529 1563 702 1598 μετανοῆσαι,
717 1562 851 1589 ἀπόϐαλλε

67 1609 97 1636 τὺ
108 1609 285 1645 κακουργεῖν,
299 1608 345 1634 καὶ
370 1609 407 1643 μὴ
424 1607 576 1644 περιπέσῃς
595 1608 634 1639 εἰς
651 1607 742 1642 ἕτερον
756 1607 851 1642 ῥύπον,

71 1655 208 1682 τουτέστιν
231 1654 271 1685 εἰς
289 1653 385 1689 ἑτέραν
409 1653 556 1688 ἁμαρτίαν,
577 1652 644 1680 ἀλλὰ
666 1652 784 1687 φύλασσε
805 1651 853 1688 τὴν

72 1699 240 1735 μονογαμίαν
257 1706 315 1730 σου,
325 1698 446 1725 τουτέστι
458 1698 504 1724 τὸν
516 1698 578 1733 ὅρον
590 1697 639 1733 τῆς
653 1697 780 1732 γυναικός
795 1705 853 1729 σου,

69 1745 112 1773 ἵνα
128 1746 212 1781 εὕρῃς
229 1743 312 1779 μονὴν
326 1745 354 1771 ὲν
369 1745 401 1779 τῇ
419 1744 533 1779 δευτέρα
549 1743 695 1778 παρουσίᾳ.

393 1799 472 1826 ΚΕΦ.
493 1794 547 1825 1Α’.

309 1843 380 1878 Περὶ
395 1843 447 1870 τοῦ
465 1843 610 1877 φοίνικος.

102 1889 192 1922 Φοῖνιξ
206 1889 254 1916 τοῦ
276 1889 378 1921 ταῶνος
397 1887 550 1924 ὼραιοτέρα
574 1888 700 1923 ὑπάρχει.
732 1888 760 1914 '0
782 1887 854 1914 ταὼν

68 1936 123 1972 γὰρ
144 1935 247 1971 χρυσίῳ
259 1934 315 1962 ὂιαὶ
337 1935 461 1970 ἀργυρίῳ
478 1933 670 1963 καταπετάσας
683 1932 732 1964 τὰς
756 1931 855 1967 πτέρυ-

68 1989 121 2015 γας
147 1980 297 2015 κέκτηται·
336 1980 354 2014 ἡ
378 1978 407 2005 δὲ
434 1978 533 2012 φοῖνιξ.
558 1977 685 2004 ὑακίνθου
711 1977 759 2004 καὶ
785 1985 856 2011 opa-

70 2025 169 2061 ράγδου
188 2024 235 2051 καὶ
246 2024 327 2050 λίθων
342 2023 504 2050 πολυτελῶν.
521 2023 624 2058 Τιάραν
637 2023 691 2057 γὰρ
711 2022 788 2057 φέρει
809 2021 855 2048 ὲπὶ

68 2071 116 2106 τὴν
141 2069 272 2105 κεφαλὴν,
292 2070 339 2097 καὶ
363 2069 468 2104 σφύρας
492 2068 603 2103 κατέχει
629 2068 675 2094 ἐπὶ
696 2068 754 2098 τοῖς
775 2068 854 2093 ποσὶν

68 2116 165 2151 αὐτῆς.
193 2115 227 2141 Ἠ
252 2114 341 2149 φοῖνιξ
365 2114 415 2150 τῆς
448 2114 543 2145 Ἰνδίας
569 2114 653 2148 ἐγγὺς
686 2113 853 2145 κοιτάζεται,

70 2162 116 2188 καὶ
130 2161 202 2196 ἀμφὶ
215 2160 250 2186 τὰ
270 2160 434 2187 πεντακόσια
448 2159 494 2194 ἐτη
507 2159 553 2186 τὸν
572 2159 628 2194 βίον
642 2159 730 2193 διάγει
749 2159 789 2190 είς
804 2158 854 2191 τὰς

900 263 1028 294 terosque
1036 259 1192 294 proph‘etas,
1201 262 1228 286 et
1239 265 1320 293 super
1328 265 1423 285 omnes
1432 263 1564 291 mortuos,
1574 260 1685 294 sangui-

901 313 963 333 nem
979 313 1057 333 suum
1075 305 1154 336 fudit,
1169 305 1380 338 universumque
1403 304 1533 331 mundum
1547 304 1683 332 illumina~

900 351 950 384 vit,
972 356 999 379 et.
1021 359 1069 386 per
1086 351 1238 378 triduanam
1264 351 1431 385 sepulturam
1458 357 1490 377 ac
1510 350 1686 378 resurrectio-

901 403 962 423 nem
987 403 1064 424 suam
1089 395 1122 423 ad
1142 395 1224 423 vitam
1246 395 1305 422 illos
1324 395 1440 422 reduxit.
1457 394 1624 428 Quapropter
1638 401 1687 428 per

900 438 1061 472 Prophetam
1073 440 1142 473 dixit
1157 449 1163 468 :
1181 440 1286 467 Similis
1302 440 1389 474 factus
1411 447 1469 466 sum
1487 438 1606 473 pelicnno
1621 438 1686 466 soli-

902 486 1000 513 tudinis
1012 486 1031 512 '.

1212 540 1298 569 CAP.
1316 540 1362 568 IX.

1214 586 1252 613 De
1267 586 1381 621 perdite.

935 630 1034 659 Perdix
1048 631 1132 667 prolis
1149 631 1263 660 fecunda
1279 635 1332 660 est.
1345 630 1510 659 Constructo
1525 630 1598 658 enim
1610 627 1689 666 nido,

902 677 1016 713 singulis
1030 678 1126 706 diebus
1140 685 1191 705 ova
1209 677 1290 713 parit.
1315 676 1370 704 Nec
1386 685 1450 704 vero
1467 676 1568 711 proprii
1584 677 1689 703 ventris

902 723 1000 751 sufficit
1028 723 1117 757 fetus;
1147 731 1241 751 verum
1266 723 1381 750 aliarum
1413 723 1504 750 avium
1530 722 1686 749 discurrens

902 767 1051 795 sutluratur
1067 775 1128 799 ova,
1144 771 1171 795 et
1184 767 1218 794 ad
1233 767 1326 795 nidum
1344 775 1425 796 suum
1440 768 1485 794 illa
1502 766 1600 794 defert.

1197 867 1394 902 Interpretatio.

938 912 983 940 Sic
998 917 1037 946 tu,
1056 913 1206 948 spiritualis
1228 914 1319 945 homo,
1334 914 1356 942 si
1386 913 1485 941 ntultas
1503 912 1600 940 feceris
1617 912 1688 940 cleo-

902 965 1040 993 mosynas,
1068 965 1118 985 nec
1144 958 1192 985 tibi
1217 960 1283 986 satis
1306 966 1367 986 esse
1392 963 1481 994 putes,
1506 958 1553 985 sed
1578 957 1611 985 ad
1635 957 1688 984 alia

902 1009 1035 1039 prmeepta
1058 1003 1165 1035 festina,
1192 1008 1219 1031 et
1249 1004 1343 1032 nidum
1365 1009 1441 1032 tuum
1464 1004 1572 1032 abunde
1595 1004 1686 1038 imple,

903 1050 954 1077 hoc
977 1053 1030 1082 est,
1053 1056 1101 1076 cor
1123 1052 1199 1077 tuum
1220 1051 1311 1085 expia,
1335 1054 1362 1078 et
1378 1054 1405 1078 te
1425 1050 1557 1078 adversus
1580 1052 1688 1077 contra-

902 1095 959 1122 rias
974 1095 1216 1134 potestateshvalde
1236 1096 1322 1122 muni.

1234 1151 1309 1178 CAP.
1325 1151 1358 1178 Χ.

1217 1197 1255 1224 De
1271 1202 1381 1224 turture.

938 1241 1011 1270 Inter
1035 1250 1132 1272 omnes
1156 1250 1230 1276 aves,
1255 1243 1380 1278 conjugis
1403 1249 1500 1270 amans
1524 1246 1566 1270 est
1589 1246 1688 1270 turtur.

904 1287 962 1316 Mas
988 1292 1015 1316 et
1042 1288 1144 1316 femina
1168 1296 1221 1316 una
1244 1289 1337 1316 volant
1356 1289 1500 1324 pullosrpre
1526 1294 1690 1323 procreant;

904 1332 928 1360 si
947 1340 1013 1361 vero
1037 1337 1126 1361 morte
1155 1339 1328 1369 separantur,
1348 1333 1382 1361 ad
1408 1333 1487 1361 tinem
1516 1341 1603 1368 usque
1630 1334 1691 1361 vim

903 1378 1065 1408 viduitatem
1082 1379 1251 1409 custodiunt.

1201 1468 1397 1503 Interpretatio.

941 1514 987 1541 Sic
1002 1519 1040 1545 tu,
1057 1513 1207 1548 spiritualis
1232 1514 1322 1546 homo,
1341 1522 1403 1541 eum
1429 1515 1547 1549 peccatis
1563 1519 1689 1545 onustus.

907 1563 1014 1594 tempus
1037 1560 1099 1586 Esse
1126 1558 1274 1594 pmnitendi
1297 1559 1473 1594 judicaveris,
1499 1560 1586 1594 abjice
1609 1568 1690 1595 prava

903 1612 996 1640 opera,
1018 1611 1067 1632 nec
1093 1604 1171 1631 novis
1192 1608 1218 1631 te
1237 1603 1375 1636 sordibus,
1390 1604 1416 1632 id
1435 1608 1476 1632 est
1492 1605 1621 1639 peccatis,
1642 1606 1692 1632 im-

903 1651 999 1685 plices,
1013 1650 1061 1677 sed
1076 1649 1157 1677 unico
1171 1649 1300 1685 conjugio
1322 1656 1467 1679 contentus
1481 1655 1551 1684 esto,
1567 1651 1692 1679 videlicet

904 1696 975 1723 intra
989 1694 1092 1730 proprii
1107 1694 1159 1721 tori
1175 1694 1275 1722 limites
1291 1698 1317 1723 te
1334 1696 1453 1729 contine,
1473 1702 1502 1724 ut
1520 1697 1549 1724 in
1571 1697 1693 1725 secundo

904 1741 1020 1768 adventu
1035 1739 1203 1767 mansionem
1222 1739 1356 1768 invenias.

1229 1796 1303 1824 CAP.
1322 1796 1366 1823 Χρί.

1212 1845 1249 1872 De
1263 1844 1387 1878 phamice.

939 1888 1052 1916 thnix
1065 1891 1123 1917 avis
1135 1898 1238 1925 pavone
1253 1890 1394 1924 pulchrior
1406 1893 1457 1917 est.
1473 1890 1545 1917 Pavo
1555 1891 1627 1918 enim
1644 1898 1693 1918 au.

905 1939 964 1959 reas
979 1938 1173 1969 argenteasque
1184 1935 1265 1963 habet
1275 1935 1352 1968 alas;
1370 1935 1481 1969 phcenix
1492 1942 1556 1962 vero
1575 1935 1674 1971 hyacin
1685 1951 1692 1957 -

905 1977 993 2006 thinas
1003 1982 1029 2005 et
1039 1980 1235 2015 smaragdinas,
1247 1981 1482 2015 prctiosorumque
1492 1981 1610 2016 lapidum
1620 1982 1694 2009 colo—

905 2023 981 2051 ribus
992 2024 1146 2057 distinctas,
1172 2033 1300 2053 coronam
1314 2032 1402 2053 autem
1416 2026 1495 2054 habet
1511 2027 1537 2054 in
1549 2028 1647 2062 capite,
1663 2033 1692 2055 et

906 2068 934 2095 in
947 2069 1061 2103 pedibus
1074 2070 1223 2098 malleolos.
1236 2070 1325 2106 Prope
1341 2071 1445 2099 Indiam
1461 2071 1532 2107 degit
1544 2082 1551 2105 ;
1569 2073 1634 2100 vivit
1645 2081 1693 2101 au-

906 2117 959 2140 tem
979 2121 1065 2142 annos
1081 2115 1253 2151 quingentos,
1269 2120 1296 2144 et
1318 2116 1346 2144 in
1367 2116 1455 2145 cedris
1477 2117 1571 2145 Libani
1589 2118 1693 2153 absque

906 2158 969 2186 cibo
979 2163 1007 2186 et
1019 2164 1095 2194 potu,
1111 2166 1191 2188 vento
1202 2162 1333 2196 pascitur,
1349 2167 1377 2190 at
1393 2167 1455 2198 post
1469 2163 1633 2198 quingentos
1648 2171 1693 2190 an-

69 2205 182 2240 κέδρους
195 2205 243 2232 τοῦ
257 2205 373 2232 Λιϐάνου
387 2203 509 2239 ἄϐρωτος
527 2203 573 2230 καὶ
589 2202 699 2236 ἄποτος,
724 2202 852 2237 τρέφεται

909 2210 956 2231 nos
979 2204 1037 2232 alas
1064 2205 1230 2234 aromatibus
1252 2205 1357 2241 implet,
1383 2212 1410 2235 et
1435 2215 1497 2234 cum
1521 2207 1693 2243 Heliopoleos

69 2249 96 2276 δὲ
110 2251 144 2276 ὲκ
157 2249 322 2284 πνεύματος.
340 2249 395 2275 Καὶ
411 2248 481 2283 μετὰ
493 2248 527 2274 τὰ
542 2247 708 2274 πεντακόσια
729 2247 777 2282 ἔτη
789 2248 854 2274 ἀνα-

71 2294 175 2329 μέστας
205 2295 314 2329 ἐμποιεῖ
339 2293 388 2325 τὰς
413 2292 553 2327 πτέρυγας
576 2292 660 2327 αὐτῆς
689 2292 854 2327 ἀρωμάτων,

70 2339 116 2365 καὶ
139 2338 205 2365 ὅταν
221 2339 330 2374 σημάνῃ
347 2339 361 2364 ὁ
380 2338 468 2373 ἱερεὺς
484 2337 534 2371 τῆς
556 2337 761 2369 Ἡλιουπόλεως,
782 2337 855 2372 ἐγεί-

71 2392 147 2418 ρεται
163 2384 196 2409 ὲκ
211 2383 258 2410 τοῦ
278 2383 341 2409 ἰδίου
355 2382 450 2415 τόπου,
477 2381 524 2409 καὶ
552 2381 697 2417 πορεύεται
723 2382 792 2417 πρὸς
809 2382 856 2409 τὸν

71 2429 156 2464 ἱερέα,
177 2429 223 2455 καὶ
241 2429 418 2464 εἰσερχομένη
445 2429 485 2460 εἰς
500 2428 545 2455 τὺν
569 2428 632 2455 ναὸν
658 2428 727 2462 μετὰ
749 2428 796 2454 τοῦ
818 2428 856 2454 ιε-

71 2474 150 2510 ρέως,
180 2475 221 2505 είς
246 2475 277 2501 τὸ
301 2475 378 2508 ἆγιον
400 2474 608 2509 θυσιαστήριον,
636 2473 684 2499 καὶ
709 2473 799 2500 πάντα
820 2474 856 2501 τὰ

906 2249 1034 2276 sacerdos
1061 2250 1194 2278 sacrificia
1218 2251 1350 2284 inchoat,
1373 2260 1388 2279 c
1418 2252 1527 2287 proprio
1555 2253 1693 2287 egreditur

906 2292 981 2325 nido,
998 2294 1032 2321 ad
1056 2296 1225 2323 sacerdotem
1246 2297 1343 2332 pergit,
1369 2305 1476 2332 unaque
1496 2297 1624 2332 templum
1651 2298 1692 2324 in-

906 2339 1029 2374 greditur
1044 2348 1131 2375 usque
1160 2342 1193 2370 ad
1217 2343 1381 2374 sacrarium,
1398 2347 1425 2371 et
1448 2344 1475 2371 in
1496 2344 1615 2372 cinerem
1635 2348 1691 2371 tota

906 2385 1093 2420 consumitur;
1107 2388 1231 2422 sequenti
1252 2393 1342 2416 autem
1362 2389 1407 2417 die
1423 2390 1474 2417 alis
1497 2390 1598 2418 renatis
1615 2399 1692 2426 repe-

906 2430 993 2464 ritur;
1007 2432 1086 2459 tertia
1101 2441 1166 2461 vero
1181 2434 1224 2461 die
1239 2434 1296 2469 jam
1317 2435 1421 2470 integra
1434 2437 1604 2465 sacerdotem
1620 2439 1691 2465 salu-

906 2480 956 2508 tat,
972 2482 1180 2514 restaurataquc
1193 2480 1288 2508 iterum
1302 2482 1335 2508 ad
1353 2483 1493 2517 proprium
1505 2477 1594 2510 locum
1611 2485 1691 2512 rediti

73 2520 141 2556 μέλη
160 2521 246 2556 αὐτῆς
265 2520 360 2552 σποδὸς
383 2520 497 2554 γίνεται.
515 2519 572 2566 Τῇ.
589 2519 619 2545 δὲ
639 2518 865 2566 ἑπιοιόσῃγὴμέρᾳ.
881 2521 1004 2557 εὑρίσκει
1028 2524 1113 2559 αὐτὴν
1148 2524 1460 2562 πτερυγουμένηνοῦσαν
1484 2537 1491 2544 .
1514 2530 1547 2564 τῇ
1563 2530 1642 2566 τρίτῃ
1666 2531 1694 2557 δὲ

72 2566 306 2602 ἀναπεπλησμένη
331 2566 475 2601 πτερύγων
502 2564 653 2597 ἀσπάζεται
683 2563 729 2591 τὸν
762 2565 856 2600 ἱερέα,
875 2567 922 2594 καὶ
942 2569 1170 2605 ἀνακαινιζομένη
1192 2570 1341 2606 ἀπέρχεται
1360 2572 1441 2600 πάλιν
1466 2575 1506 2606 εἰς
1628 2563 1694 2602 ξδιον

71 2613 164 2641 τόπον.
170 2642 173 2646 ,

386 2669 546 2703 Ἐρμηνεία.

106 2715 162 2742 Καὶ
180 2715 239 2746 πῶς
264 2713 310 2742 οὖν
334 2715 358 2741 οἱ
380 2715 532 2751 παράνομοι
558 2714 676 2740 Ἰουδαῖοι
700 2713 854 2748 ἠπίστησαν

71 2759 121 2795 τὴν
138 2762 286 2796 τριήμερον
302 2760 446 2787 ἀνάστασιν
473 2759 520 2786 τοῦ
543 2759 645 2794 Κυρίου
665 2759 742 2794 ἡμῶν
769 2758 854 2793 Ἰησοῦ

107 2839 116 2856 ¹
132 2837 204 2868 Psal.
223 2847 260 2872 et,
277 2839 302 2866 7.

1203 2670 1398 2706 Interpretatio.

942 2714 998 2742 Cur
1013 2715 1095 2750 igitur
1107 2714 1192 2744 ιυόωί
1206 2716 1293 2752 iniqui
1309 2717 1415 2746 Domini
1433 2719 1518 2748 nostri
1531 2719 1595 2747 Jesu
1610 2720 1692 2749 Chri-

908 2759 942 2787 sti
957 2760 1109 2789 triduanam
1125 2763 1350 2791 resurrectionem
1363 2771 1417 2792 non
1433 2765 1616 2797 crediderunt,
1629 2771 1692 2790 cum
