1937 3039
223 132 278 162 πῃ
874 128 976 156 ouum
994 132 1001 155 ε

1060 128 1062 134 ¹
1081 127 1217 156 SPURIA.
1795 132 1854 159 5‘23

223 197 280 223 avis
293 195 376 223 triqu
392 194 498 222 dierum
515 193 604 228 spatio
616 192 674 228 ipsa
692 199 721 218 se
737 189 868 219 suscitet?
879 196 927 218 aut
938 197 1001 226 quo-

1060 189 1187 225 Χριστοῦ,
1198 190 1315 226 ἐπείπερ
1333 191 1363 219 τὸ
1379 191 1470 227 ὔρνεον
1486 191 1528 219 διὰ
1541 191 1623 228 τριῶν
1639 192 1751 228 ἡμερῶν
1764 192 1850 225 ἐζωο-

219 243 301 269 modo
318 242 437 277 seipsum
454 248 469 267 a
484 239 599 266 mortuis
615 237 748 266 suscitare
763 245 816 264 non
832 236 929 271 potuit,
944 243 1001 262 cum

1060 235 1170 270 ποιήοη,
1191 237 1238 263 καὶ
1264 237 1278 262 ὁ
1303 236 1405 272 Κύριος
1431 237 1510 273 ἡμῶν
1536 238 1637 274 Ἰησοῦς
1664 238 1782 274 Χριστὸς
1804 241 1848 274 τῷ

217 290 252 317 de
277 289 324 315 illo
345 288 445 315 dixerit
471 284 737 321 Propheta:Juslua
767 288 795 310 ut
820 282 923 317 phariis:
949 281 1001 316 ﬂo—

1060 282 1150 317 τρὸπῳ
1169 283 1218 309 οὐχ
1236 283 1346 310 ἐδύνατο
1371 285 1475 320 ἐγεῖραι
1497 284 1577 312 αὐτὸν
1595 285 1626 311 ὲκ
1647 284 1770 325 νεκρῷν;
1797 286 1854 312 Διά

214 331 279 358 nbit
301 334 326 361 εξ

532 419 608 448 CAP.
631 419 688 447 XII.

524 465 563 493 De
580 473 692 500 pavone.

248 513 321 540 Pavo
338 513 410 539 inter
421 519 516 540 omnes
530 512 654 539 volucres
676 511 734 539 avis
754 514 796 539 est
817 509 1003 545 jactabunda;

213 559 339 593 torporis
361 559 434 586 enim
455 558 540 585 forma
557 561 639 593 alque
660 559 710 586 alis
723 559 839 594 pulcher
854 562 907 586 est.
935 557 1003 584 Cum

214 603 344 635 ambulat,
360 610 390 630 se
412 599 471 637 ipse
487 603 577 630 laetitia
593 604 735 631 exsultans
760 604 891 635 intuetur,
905 603 1003 630 demit-

213 649 245 675 tit
260 657 323 677 vero
339 653 431 684 caput,
455 653 482 676 et
506 649 532 675 in
557 653 658 676 terram
679 649 774 676 oculos
795 649 923 683 conjicit;
941 656 1002 675 cum
1027 677 1029 679 1

213 698 301 721 autem
331 702 396 722 suos
415 695 551 730 conspicit
576 694 659 729 pedes
685 695 804 730 graviter
825 695 1001 726 vociferatur,

211 739 315 767 scilicet
329 740 401 775 quod
417 740 455 767 illi
478 740 585 767 caeteris
604 740 728 775 corporis
746 740 788 767 sui
808 741 930 775 partibus
948 748 1001 766 non

211 784 404 820 respondeant.

500 829 698 864 Interpretatio.

244 875 285 902 Tu
312 875 404 911 igitur,
424 876 576 911 spiritualis
599 876 691 908 homo,
716 880 850 911 przecepta
878 879 905 902 et
930 875 999 903 bona
1018 866 1038 892 Β

208 926 254 948 tua
272 921 379 953 videns,
391 921 528 949 delectare
551 926 578 949 et
601 922 722 954 exsulta;
740 930 801 949 eum
819 929 883 949 vero
907 915 998 957 pedes,

208 967 234 993 id
247 971 289 994 est
307 971 429 1001 peccata,
450 967 601 1001 aspexeris,
614 966 776 997 vociferare,
790 971 816 994 et
838 974 930 993 eorum
946 966 1000 993 Deo

207 1011 275 1038 deﬂe
291 1016 372 1046 atque
387 1011 451 1039 odio
474 1011 542 1038 habe
555 1015 708 1045 peccatum,
724 1011 953 1046 quemadmodum
973 1017 998 1039 et

207 1065 276 1092 pavo
287 1057 379 1092 pedes,
394 1061 422 1083 ut
434 1064 535 1092 sponso
544 1057 638 1092 justus
655 1065 798 1092 appareas.

522 1145 600 1174 CAP.
614 1146 685 1174 Xlll.

514 1191 553 1219 De
563 1198 690 1226 serpente.

241 1236 285 1262 Ait
301 1236 428 1264 Christus
444 1236 471 1263 in
487 1235 635 1271 Evangelia
648 1246 654 1263 :
671 1236 762 1263 Εειοιε
776 1236 916 1269 prudentes
931 1237 998 1264 sicut

207 1287 345 1317 serpentes,
362 1287 386 1309 et
404 1283 535 1317 simplices
557 1283 624 1309 sicut
639 1282 767 1309 columba:
782 1282 802 1308 ’.
819 1281 1000 1317 Physiologus

208 1328 235 1355 iu
254 1332 379 1362 serpente
399 1328 492 1362 plures
518 1328 609 1355 inesse
632 1331 736 1354 naturae
754 1327 934 1362 proprietates
950 1329 998 1355 ait.

395 1427 490 1454 Prima
505 1427 633 1460 serpentis
652 1427 814 1462 proprietas.
984 1459 986 1462 ρ

242 1474 310 1503 Cum
325 1475 402 1502 senio
420 1477 558 1509 gravatur,
574 1474 692 1509 caligapt
717 1473 755 1500 illi
773 1473 862 1506 oculi;
885 1477 912 1501 et
936 1480 998 1500 cum

207 1521 305 1549 iterum
319 1521 498 1556 juvenescere
517 1524 604 1554 parat,
624 1519 802 1554 quadraginta
821 1519 918 1547 diebus
937 1519 999 1546 cibo
1012 1533 1034 1561 ο

208 1568 338 1596 abstinet.
356 1571 383 1594 et
410 1566 519 1593 tandem
543 1566 663 1593 emollita
688 1570 760 1598 cute,
782 1566 878 1601 quaerit
895 1570 998 1601 petram

210 1619 257 1647 per
270 1612 350 1646 cujus
367 1611 488 1638 foramen
505 1619 602 1647 magno
623 1613 685 1640 nisu
700 1612 868 1640 contendens
884 1619 1000 1646 pronus-

210 1666 264 1694 que
278 1658 396 1686 transire
413 1658 520 1690 nititur,
537 1663 683 1692 cutemque
707 1657 793 1690 exuit,
808 1664 861 1692 qua
876 1657 1000 1692 deposita

211 1704 320 1740 gaudet,
337 1707 418 1739 atque
437 1703 534 1731 iterum
545 1703 708 1739 juvenescit.

505 1792 702 1828 Interpretatio.

245 1838 279 1867 Et
297 1843 336 1872 tu,
357 1839 508 1874 spiritualis
530 1839 622 1873 homo,
645 1839 669 1866 si
691 1845 738 1873 per
752 1841 895 1872 angustam
911 1841 938 1865 et
956 1845 1000 1864 ar-

210 1890 283 1913 ctam
297 1887 499 1913 viamveterem
512 1885 606 1912 mundi
620 1889 785 1912 senectutem
797 1885 932 1919 deponere
947 1884 998 1916 vis,

210 1939 311 1967 corpus
340 1935 416 1958 tuum
439 1930 544 1965 jejunio
573 1937 703 1957 macera:
725 1929 774 1956 Est
800 1930 869 1956 enim
885 1933 1000 1964 angusta

210 1982 286 2011 partu
300 1982 324 2004 et
341 1982 415 2003 arcta
431 1978 472 2003 ria
496 1984 554 2011 quae
568 1976 641 2002 ducit
659 1975 692 2002 ad
715 1983 822 2010 regnum
840 1974 998 2002 caelorum‘.

523 2063 600 2092 CAP.
616 2063 686 2091 XIV.

388 2110 511 2139 Secunda
521 2111 649 2145 serpentis
664 2110 823 2144 proprietal.

245 2156 314 2184 Cum
329 2164 443 2192 serpens
455 2156 582 2184 vestitum
595 2156 731 2183 hominem
751 2155 897 2191 conspicit,
909 2159 998 2191 pavet,

211 2203 354 2238 ipsumque
370 2203 454 2238 fugit;
469 2202 542 2237 quod
558 2202 582 2230 si
602 2202 704 2229 nudum
725 2203 810 2236 videt,
832 2203 909 2230 illum
922 2203 999 2238 petit.
1016 2197 1038 2224 D

508 2289 705 2324 lnterpretatio.

248 2336 282 2363 Et
308 2341 338 2363 tu
365 2335 544 2371 spiritualiter
568 2334 721 2366 considera,
738 2334 811 2369 quod
829 2342 890 2362 cum
909 2339 1002 2363 uoster

214 2390 312 2418 parens
336 2382 457 2409 Adamus
479 2385 554 2409 veste
572 2387 587 2407 a
611 2380 665 2408 Deo
684 2385 809 2408 contexta
827 2382 855 2408 in
876 2383 1002 2416 paradiso

216 2428 326 2455 indutus
346 2427 405 2460 fuit,
421 2427 497 2454 illum
513 2426 614 2453 adoriri
629 2426 755 2454 diabolus
770 2435 823 2454 non
839 2429 935 2462 potuit,
955 2429 1002 2456 sed

216 2474 310 2508 proeul
327 2473 360 2500 ab
373 2481 406 2500 eo
421 2473 505 2508 fugit;
527 2480 589 2499 cum
603 2480 668 2500 vero
682 2478 814 2508 prmcepta
839 2475 886 2502 Dei
913 2479 1004 2502 trans-

216 2527 328 2555 gressus
342 2519 431 2547 nudus
445 2519 556 2552 mansit,
573 2523 639 2546 tunc
655 2519 719 2547 vicit
733 2520 808 2547 illum
822 2520 956 2549 diabolus.

534 2608 609 2636 CAP.
628 2609 684 2637 XV.

375 2683 380 2686 _
405 2654 493 2681 Tertia
509 2656 635 2689 serpentis
654 2656 811 2690 proprietas.

253 2695 282 2724 Si
296 2699 405 2733 quando
415 2707 527 2735 serpens
547 2702 582 2728 ab
603 2701 713 2728 homine
733 2701 844 2736 petitur,
861 2706 944 2737 caput
960 2703 1004 2731 ille

213 2751 318 2776 tantum
333 2745 461 2778 custodit,
477 2747 609 2782 reliquum
625 2747 747 2782 corporis
759 2747 879 2775 exhibet.

517 2845 527 2859 '
547 2845 639 2871 Matth.
657 2853 682 2875 κ.
700 2845 741 2872 16,

256 2842 347 2871 'Psal.
362 2853 415 2876 xct,
440 2846 480 2871 l3.
517 2845 527 2859 '
547 2845 639 2871 Matth.
657 2853 682 2875 κ.
700 2845 741 2872 16,
796 2847 806 2862 ³
823 2846 917 2874 Matth.
932 2856 980 2876 vn.
999 2851 1039 2877 14.

1057 327 1136 354 τοῦτο
1152 328 1243 363 ἔλεγεν
1265 329 1278 355 ὁ
1292 329 1455 365 Προφήτης·
1476 330 1594 363 Δίκαιος
1620 330 1660 363 ὡς
1673 329 1774 364 φοῖνιξ
1792 330 1850 357 ἀν-

1057 372 1153 404 θύσει.

1373 420 1454 448 ΚΕΦ.
1476 421 1526 448 lB'.

1301 465 1372 501 Περὶ
1396 467 1450 493 τοῦ
1470 466 1593 500 ταῶν-ος.

1093 507 1187 534 Ἔστιν
1200 509 1215 535 ὁ
1228 508 1300 541 ταὼς
1317 511 1484 547 τερπόμενον
1505 511 1597 546 ὄρνεον
1610 512 1683 547 παρὰ
1704 513 1793 539 πάντα
1810 511 1850 538 τὰ

1055 553 1182 580 πετεινά·
1197 554 1253 581 ἐστι
1269 555 1297 581 δὲ
1312 557 1489 592 μορςρόχροος,
1505 558 1552 583 καὶ
1564 558 1705 592 πτερύγων
1722 558 1847 594 ὡραίων.

1055 598 1218 633 Περιπατῶν
1233 600 1287 636 γὰρ
1301 601 1352 637 ὁρᾷ
1368 603 1447 629 αὑτὸν
1464 603 1641 639 τερπόμενον,
1659 604 1848 639 ἐγκεκυφυίαν

1054 643 1082 670 δὲ
1097 644 1166 679 ἔχων
1178 645 1228 681 τὴν
1250 647 1370 683 κεφαλὴν
1389 648 1546 677 ὑποϐλέπει.
1574 650 1658 676 Ὅταν
1676 650 1705 676 δὲ
1721 650 1763 686 ἴδῃ
1781 651 1847 683 τοὺς

1054 689 1138 721 πόδας
1157 691 1251 725 αὑτοῦ,
1270 694 1354 726 φωνεῖ
1374 694 1487 729 ἀγρίως,
1507 695 1605 727 αὐτοὺς
1620 695 1754 730 ἀνομοίως
1771 696 1847 731 ἔχειν

1054 735 1122 770 πρὸς
1136 736 1166 763 τὸ
1184 736 1276 764 λοιπὸν
1296 739 1379 775 μέρος
1392 740 1438 766 τοῦ
1457 740 1581 776 σώματος
1596 741 1717 776 φάσκων.

1366 826 1534 861 Ἐρμηνειά.

1087 868 1142 895 Καὶ
1170 870 1202 895 σὺ
1230 867 1288 902 οὖν,
1313 870 1391 906 νοητὲ
1417 871 1554 906 ἄνθρωπε,
1570 871 1642 906 ὁρῶν
1659 871 1707 903 τὰς
1733 872 1846 904 ἐντολάς

1053 922 1099 940 σου
1121 915 1170 942 καὶ
1189 916 1224 942 τὰ
1248 916 1339 950 ἀγαθά
1357 925 1414 949 σου,
1434 917 1535 952 τέρπου
1556 917 1604 944 καὶ
1624 918 1760 951 ἀγάλλου·
1779 919 1846 945 ὅταν

1049 959 1078 986 δὲ
1096 960 1154 997 ἴδῃς
1169 962 1232 993 τοὺς
1248 962 1330 994 πόδας
1345 971 1403 996 σου,
1421 963 1456 989 τὰ
1474 963 1662 998 ἁμαρτήματά
1675 972 1735 996 σου,
1751 963 1845 999 φώνη-

1050 1017 1107 1039 σον,
1127 1008 1175 1033 καὶ
1198 1007 1313 1034 κλαῦσον
1334 1008 1402 1043 πρὸς
1426 1008 1471 1034 τὸν
1490 1008 1566 1040 Θεὸν,
1587 1009 1634 1035 καὶ
1658 1009 1773 1044 μῖσησον
1792 1011 1846 1045 τὴν

1050 1055 1197 1090 ἁμαρτίαν,
1210 1054 1303 1091 ὥσπερ
1318 1056 1333 1081 ό
1345 1055 1417 1087 ταὼς
1431 1055 1494 1087 τοὺς
1515 1056 1608 1088 πόδας,
1626 1057 1668 1083 ἵνα
1683 1057 1787 1089 δίκαιος
1802 1058 1846 1092 τῷ

1051 1101 1160 1136 νυμφίῳ
1175 1101 1271 1135 φανῇς.

1372 1144 1451 1171 ΚΕΦ.
1473 1145 1523 1172 ΙΓ’.

1314 1190 1384 1224 Περὶ
1398 1190 1452 1217 τοῦ
1467 1191 1573 1225 ὄφεως.

1082 1235 1123 1268 φο
1146 1235 1264 1271 Χριστὸς
1288 1233 1364 1262 εἶπεν
1388 1237 1417 1262 ὲν
1445 1236 1484 1271 τῷ
1508 1237 1684 1272 Εὐαγγελίῳ·
1714 1237 1844 1264 Γίνεσθε

1049 1282 1187 1316 φρόνιμοι
1218 1282 1258 1314 ὼς
1276 1283 1302 1308 οι
1319 1281 1412 1316 ὄφεις,
1435 1282 1484 1309 καὶ
1501 1283 1632 1317 ἀκέραιοι
1654 1284 1695 1316 ὡς
1717 1285 1746 1311 al
1763 1290 1844 1317 περι-

1050 1327 1165 1360 στεραί.
1191 1327 1220 1353 '0
1240 1327 1397 1362 φυσιολόγος
1420 1327 1494 1360 ἔλεξε
1520 1329 1585 1364 περὶ
1607 1329 1654 1357 τοῦ
1677 1328 1777 1364 ὄφεως,
1800 1331 1844 1356 ὅτι

1051 1372 1148 1399 πολλαὶ
1164 1372 1258 1407 φύσεις
1275 1373 1343 1400 εἰσὶν
1359 1374 1388 1400 ὲν
1402 1373 1487 1409 αὐτῷ.

1244 1428 1344 1464 Πρώτη
1361 1430 1454 1464 φύσις
1470 1430 1523 1457 τοῦ
1540 1431 1645 1466 ὄφεως.

1086 1474 1170 1500 Ὅταν
1184 1474 1312 1511 γηράσκῃ
1325 1495 1332 1507 ,
1351 1476 1532 1510 ἀμϐλύνονται
1550 1477 1631 1503 αὑτοῦ
1652 1478 1676 1504 ol
1695 1477 1843 1514 ὀφθαλμοὶ.

1050 1519 1098 1545 καὶ
1119 1519 1167 1545 ὲὰν
1189 1520 1350 1551 ἀνανεάζειν
1364 1521 1459 1548 ἑαυτὸν
1476 1521 1614 1557 βούληται,
1631 1523 1757 1557 νηστεύει
1772 1525 1842 1559 ἡμέ-

1052 1573 1100 1601 ρας
1111 1565 1326 1600 τεσσαράκοντα,
1339 1565 1390 1598 ἕως
1404 1566 1437 1593 ἂν
1449 1567 1478 1593 τὸ
1495 1567 1579 1602 δέμας
1602 1568 1684 1594 αὐτοῦ
1703 1569 1842 1604 χαυνωθῇ,

1051 1610 1098 1636 καὶ
1118 1609 1240 1645 εὑρίσκει
1258 1611 1372 1646 πέτραν,
1396 1612 1443 1638 καὶ
1468 1613 1672 1646 ραγαδαστεύει,
1699 1615 1843 1650 προκύψας

1051 1655 1081 1681 δὲ
1099 1654 1143 1681 διὰ
1159 1656 1210 1690 τῆς
1237 1655 1308 1691 ὀπῆς
1321 1656 1432 1682 ὠθεῖται
1456 1658 1583 1692 περᾶσαι,
1601 1658 1647 1684 καὶ
1664 1658 1790 1685 ἐκϐάλλει
1812 1660 1844 1685 τὸ

1050 1701 1149 1736 γῆρας,
1162 1701 1210 1728 καὶ
1225 1700 1370 1731 ἀποϐαλὼν
1388 1702 1452 1728 αὐτὸ
1466 1703 1609 1738 τερπωλὴν
1623 1703 1739 1738 παρέχει
1753 1705 1843 1730 νεανί-

1052 1755 1135 1774 σκων.

1364 1793 1532 1829 Ἐριιηνεία.

1086 1837 1141 1864 Καὶ
1159 1838 1201 1870 σὺ,
1217 1838 1296 1874 νοητὲ
1309 1839 1448 1874 ἄνθρωπε,
1472 1840 1519 1866 ἐὰν
1532 1840 1613 1876 θέλῃς
1630 1840 1661 1867 τὸ
1675 1840 1760 1876 πάλ-αι
1778 1845 1846 1870 ποτέ

1050 1883 1139 1917 γῆρας
1153 1883 1201 1909 τοῦ
1217 1884 1320 1919 κόσμου
1345 1885 1541 1918 ἀποσαλέσθαι,
1561 1886 1606 1913 διὰ
1616 1886 1667 1921 τῆς
1683 1889 1781 1922 στενῆς
1796 1889 1844 1913 καὶ

1049 1927 1233 1963 τεθλιμμένης
1245 1929 1318 1961 ὁδοῦ,
1332 1929 1377 1956 διὰ
1395 1932 1536 1965 νηστείας,
1560 1931 1590 1957 τὸ
1605 1932 1684 1967 σῶμα
1700 1933 1842 1967 μάστισον.

1051 1973 1146 2008 Στενὴ
1161 1973 1216 2009 γάρ
1231 1974 1319 2001 ἐστιν
1329 1975 1449 2010 ήπύλη,
1467 1976 1517 2002 καὶ
1537 1977 1721 2012 τεθλιμμένη
1739 1978 1758 2010 ἠ
1773 1978 1844 2011 ὁδὸς
1893 1969 1899 1972 ”

1051 2019 1070 2052 ἠ
1084 2019 1247 2054 ἀπάγουσα
1262 2021 1306 2053 εις
1323 2021 1380 2054 τὴν
1393 2021 1558 2053 ,βασιλειαν
1569 2021 1630 2049 τῶν
1644 2023 1791 2056 οὐρανῶν.

1367 2066 1448 2094 ΚΕΦ.
1474 2067 1524 2094 1Δ’.

1227 2112 1354 2147 Δευτέρα
1378 2113 1471 2147 φύσις
1486 2113 1541 2140 τοῦ
1558 2113 1663 2148 ὄφεως.

1092 2156 1201 2193 Ὀφθεὶς
1224 2158 1264 2193 τῷ
1289 2158 1349 2193 ὄφει
1367 2160 1381 2185 ὁ
1406 2158 1547 2194 ἄνθρωπος
1561 2159 1746 2194 ἐνδεδυμένος,
1766 2159 1843 2195 φοϐεῖ

1052 2203 1133 2229 αὑτὸν
1148 2203 1183 2229 τὰ
1210 2203 1327 2238 μάλιστα
1348 2204 1395 2230 καὶ
1417 2203 1611 2239 διαδιδράσκει,
1629 2204 1740 2241 ὁραθεὶς
1753 2206 1782 2232 δὲ
1797 2215 1843 2240 γυ-

1055 2248 1119 2283 μνὸς
1134 2248 1303 2285 καταϐαρρεί
1316 2249 1411 2276 αὑτοῦ.
1564 2274 1566 2277 .

1362 2296 1529 2330 Ἑρμηνειά.

1089 2339 1144 2366 Καὶ
1162 2340 1195 2366 σὺ
1209 2341 1310 2375 νοητῶς
1330 2341 1465 2376 ἐννόησον,
1482 2342 1523 2368 ὅτι
1544 2342 1623 2378 ἡνίκα
1644 2343 1658 2369 ὁ
1682 2343 1774 2379 πατήρ
1797 2352 1844 2370 σου

1053 2386 1067 2411 ὁ
1089 2385 1174 2420 Ἀδὰμ.
1198 2383 1233 2420 ἦν
1262 2388 1291 2413 ὲν
1315 2386 1354 2421 τῷ
1381 2387 1536 2422 παραδείσῳ
1558 2388 1776 2423 ἀναϐαλλόμενος
1794 2382 1846 2424 τὴν

1053 2431 1121 2457 Θεοῦ
1135 2432 1252 2465 ὑφαντὸν
1264 2432 1370 2467 στολὴν,
1381 2433 1432 2459 οὐκ
1445 2434 1537 2468 ἴσχυσε
1550 2433 1679 2469 ἐμπεσεῖν
1689 2434 1729 2469 τῷ
1743 2435 1843 2469 ἐχθρῷ,

1053 2476 1122 2503 ἀλλὰ
1146 2476 1244 2512 ἔφευγε
1271 2478 1380 2514 μακρὰν
1403 2479 1451 2505 ἀπ’
1474 2479 1573 2505 αὑτοῦ·
1600 2480 1665 2506 ὅταν
1688 2479 1718 2506 δὲ
1742 2481 1844 2514 γυμνὸς

1054 2522 1155 2557 ἔμεινε,
1172 2523 1222 2558 τὴν
1240 2523 1350 2558 ἐντολὴν
1363 2524 1410 2550 τοῦ
1430 2524 1498 2551 Θεοῦ
1522 2524 1660 2560 παραϐὰς,
1681 2524 1742 2551 τότε
1763 2525 1777 2551 ὀ
1794 2526 1845 2551 llo-

1054 2576 1086 2602 νη
1090 2567 1136 2603 pb;
1152 2568 1303 2604 ἐκράτησεν
1317 2570 1408 2596 αὐτόν.

1374 2613 1452 2641 ΚΕΦ.
1475 2613 1524 2641 IE'.

1260 2660 1344 2693 Τρίτῃ
1364 2660 1456 2694 φύσις
1471 2660 1524 2687 τοῦ
1539 2661 1640 2695 ὄφεως.

1091 2704 1144 2730 Τοῦ
1168 2705 1312 2742 ἀνθρώπου
1337 2706 1417 2732 αὐτὸν
1441 2707 1652 2743 ἀποκεραμῆσαι
1683 2708 1846 2743 ιχνεὺοντας,

1055 2750 1117 2777 δλον
1133 2750 1163 2776 τὸ
1183 2750 1261 2785 σῶμα
1283 2751 1459 2786 παραδίδωσι,
1481 2752 1531 2788 τὴν
1547 2753 1668 2788 κεφαλὴν
1686 2755 1772 2789 μόνην
1793 2762 1843 2785 ςυ-

1058 2795 1161 2823 lasset.
