1937 3039
112 167 164 195 K35

619 156 661 184 DE
677 156 756 186 LlTU
762 156 841 186 RGIA
860 155 1274 185 Pii/ESANCTll’lCATORUM.

1692 160 1746 188 δδι

111 221 261 256 ἀνθρώπου
280 222 305 249 εί
321 222 394 250 ἔστιν
411 223 450 255 είς
466 223 592 256 Θάνατον,
606 223 771 259 ἀποστρέφει
788 222 843 250 ἀπὸ
858 223 905 251 τοῦ

963 223 1092 258 aegritudo
1110 223 1216 257 letalis,
1236 227 1410 258 prospectum
1433 230 1512 251 suum
1534 222 1698 250 charadrius
1711 224 1748 252 ab

112 268 257 299 νοσοῦντος
274 268 305 294 τὸ
322 268 468 303 πρόσωπον
482 268 565 295 αὑτοῦ
581 269 596 295 ὁ
608 268 765 304 χαράδριος·
782 268 829 296 ἐὰν
846 268 874 295 δὲ
890 269 906 303 ή

112 311 190 342 νόσος
211 311 279 347 πρὸς
294 310 367 347 ζωήν
383 312 469 343 ἐστιν,
487 312 604 344 ἀτενίζει
619 312 665 339 τὸν
679 311 811 340 νοσοῦντα
827 314 841 339 ὀ
858 322 908 348 χα-

112 356 235 391 ράδριος,
251 357 300 383 καὶ
313 356 328 383 ὁ
341 356 426 383 νοσῶν
440 356 486 383 τὸν
498 357 590 384 αὐτόν.

427 412 595 447 Ἐρμηνεία.

146 457 241 489 Οὕτως
264 458 280 485 ὁ
296 457 399 492 Κύριος
424 457 502 492 ἡμῶν
529 457 646 493 Χριστὸς
670 458 812 490 όλόλευκός
836 459 905 490 ἐστι,

113 502 250 538 μηδεμίαν
265 502 395 538 μελανίαν
409 502 456 529 τοῦ
470 502 573 538 κόσμου
584 502 664 538 ἔχων,
677 503 707 535 ὃς
724 503 773 538 μὲν
788 503 842 530 ἀπὸ
852 503 907 529 τῶν

110 548 306 583 ἀπολουμένων
322 547 454 583 πρόσοψιν
474 548 570 575 ἑαυτοῦ
590 548 752 584 ἀποτρέπει,
768 549 799 581 ὃς
812 549 840 576 δὲ
852 549 906 576 τῶν

110 593 197 626 ἁγίων
218 594 259 624 είς
280 593 311 619 τὸ
334 593 479 628 πρόσωπον
493 592 597 627 βλέπει.
616 593 693 627 Ἄγε,
711 594 783 628 ἐρεῖς
797 602 853 629 μοι,
865 594 905 620 ὅτι

109 638 258 673 λαράδριος
271 637 428 673 ἀκάθαρτος
438 638 506 670 ἐστι,
519 638 566 665 καὶ
580 639 640 671 πῶς
654 639 767 675 φέρεται
776 640 816 671 είς
827 639 907 674 πρόσ-

107 691 185 710 ωπον
199 683 247 709 τοῦ
265 683 399 718 Χριστοῦ;
425 683 593 720 Ἀκάθαρτος
612 685 642 712 δέ
662 686 720 711 ἐστι
737 685 784 712 καὶ
800 685 814 711 ὁ
832 685 904 719 ὄφις,

109 728 157 754 καὶ
179 728 371 763 ἐμαρτύρησεν
397 728 478 756 αὑτὸν
500 729 514 755 ὁ
538 729 656 765 Χριστὸς
678 730 775 764 λέγων’
801 730 905 763 Καθὼς

110 773 217 807 Egimus
241 773 351 808 Μωσῆς
382 775 437 801 τὸν
456 775 526 809 ὅφιν
548 775 584 802 ἐν
607 775 644 809 τῇ
667 775 776 811 ἐρήμῳ,
811 776 905 808 οὕτως

108 820 127 846 ὑ
132 819 268 854 ιῐλωθῆναι
282 819 330 846 δεῖ
340 819 393 846 τὸν
410 819 479 847 Υίὸι·
490 820 544 847 τοῦ
556 821 723 856 ἀνθριίλπου.

426 876 503 902 ΚΕΦ.
524 877 587 904 ΚΔ¹.

303 921 371 955 Περὶ
389 922 444 948 τοῦ
459 922 710 957 δενδροκόλοπος.

150 977 180 1004 '0
197 977 384 1013 δενδροκόλωψ
400 978 492 1016 ὅρνεόν
504 980 561 1007 ἐστι
573 980 705 1013 ποικίλον,
717 979 842 1016 καθάπερ
856 982 904 1008 καὶ

107 1022 121 1047 ὁ
134 1020 259 1053 διάϐολος
272 1023 392 1054 ποικίλος
406 1024 474 1050 ἐστί.
487 1024 637 1060 Πορεύεται
650 1025 679 1052 δὲ
691 1026 704 1052 ὁ
718 1026 904 1062 δενδροκόλωψ

108 1066 151 1093 διὰ
167 1066 223 1093 τῶν
239 1067 286 1093 τοῦ
297 1068 403 1104 δρυμοῦ
416 1069 498 1103 ὑλῶν,
510 1070 557 1096 καὶ
571 1070 609 1105 τῷ
622 1072 800 1107 προμυκτῆρι
817 1072 903 1104 παίει,

108 1112 155 1138 καὶ
172 1113 228 1144 τοῖς
249 1112 316 1139 ὠσὶν
334 1114 476 1149 ἀκροᾶται·
496 1115 543 1141 καὶ
556 1116 580 1142 εἰ
598 1116 648 1151 μέν
669 1116 728 1142 ἐστι
750 1116 841 1151 κωφὸν
857 1117 904 1144 καὶ

108 1157 240 1192 ἀκάρδιον
257 1158 288 1184 τὸ
308 1159 426 1195 δένδρον,
451 1160 580 1187 ἐκκόπτει
595 1161 642 1188 καὶ
656 1161 686 1193 ἐς
701 1161 767 1188 αὐτὸ
783 1161 904 1198 εἰσέρχε-

108 1211 163 1229 ται·
180 1204 205 1230 εἰ
220 1204 248 1230 δὲ
263 1204 419 1240 ὑλοκάρδιὸν
434 1207 520 1237 ἐστιν,
536 1207 676 1242 ἐκφεύγει,
699 1207 805 1235 ἐκεῖθεν
819 1209 905 1244 ἀπερ-

109 1249 223 1283 χόμενος
239 1250 280 1283 είς
297 1250 390 1286 ἕτερον
404 1251 523 1288 δένδρον.

425 1306 594 1342 Ἐρμηνεία.

143 1361 239 1393 Οὕτως
256 1362 300 1388 ὅτε
317 1361 441 1394 διάϐολος
463 1362 506 1390 διὰ
526 1363 630 1399 δρυμοῦ
653 1364 809 1400 πορεύεται,
828 1374 905 1393 τουτ-

108 1408 180 1439 έστι,
196 1408 240 1435 διὰ
262 1408 313 1443 τῆς
334 1409 389 1435 τῶν
406 1409 558 1445 ἀνθρώπων
573 1410 693 1445 φύσεως,
712 1412 760 1438 καὶ
781 1412 828 1439 ἐπὶ
849 1414 905 1445 τοῖς

108 1453 230 1489 δένδροις
243 1453 402 1487 καθέζεται,
419 1455 503 1489 ἤγουν
517 1456 573 1486 τοῖς
586 1456 752 1491 ἀνθρώποις,
771 1457 906 1492 μεταϐάλ-

958 270 1005 297 illo
1019 270 1134 302 avertit;
1147 269 1191 297 sin
1205 276 1269 297 vero
1281 269 1394 296 morbus
1413 269 1475 296 vita:
1489 269 1663 296 securitatem
1680 275 1742 303 pro-

958 315 1059 348 mittat,
1076 319 1143 343 tunc
1165 315 1328 343 charadrius
1346 315 1373 342 in
1387 322 1488 350 :cgrum
1509 313 1626 342 intendit
1643 314 1746 346 visum,

958 365 985 387 et
1003 361 1125 389 vicissim
1140 368 1212 395 aeger
1228 361 1255 388 in
1272 361 1458 388 charadrium.

1255 417 1453 452 Inlerpretatt‘o.

994 462 1040 490 Sic
1059 462 1188 491 Christus
1204 462 1337 490 Dominus
1350 467 1445 491 noster
1458 461 1592 489 candidus
1608 464 1650 488 est
1662 464 1747 494 totus,

958 509 1062 544 absque
1082 509 1136 536 ulla
1167 508 1308 536 mundana
1335 508 1485 543 nigredine,
1508 508 1554 543 qui
1584 515 1598 534 a
1627 506 1749 541 reprobis

958 554 1062 581 vultum
1079 561 1159 581 suum
1175 554 1284 586 avertit,
1316 554 1344 581 in
1366 558 1526 581 sanctortun
1542 557 1632 579 autem
1652 552 1747 579 faciem

958 593 1079 634 respicﬂ.
1107 598 1173 633 Age,
1197 597 1345 633 quomodo,
1369 598 1487 633 inquies,
1504 605 1569 626 cum
1585 596 1748 624 charadrius

959 644 1066 679 iinpura
1084 643 1120 671 sit
1139 643 1208 675 avis,
1226 651 1373 678 personam
1385 643 1487 670 Christi
1505 642 1645 670 sustinet?
1659 641 1747 676 lmpu«

958 696 1005 716 rus
1026 688 1136 723 quidem
1155 692 1182 715 ct
1204 695 1329 723 serpens,
1355 696 1436 724 quem
1455 692 1545 715 tamen
1570 688 1597 714 in
1621 688 1746 715 testimo-

958 736 1034 761 nium
1061 733 1180 760 adduxit
1207 734 1346 767 Christus,
1375 734 1493 762 dicens:
1518 732 1747 766 Quemadmodum

957 777 1086 806 exultavit
1101 778 1189 806 Moses
1213 783 1358 813 serpentem
1380 779 1408 805 in
1433 780 1548 812 deserto,
1573 778 1612 805 ila
1632 777 1748 805 exaltari

957 830 1058 859 oportet
1079 823 1180 851 Filium
1194 825 1307 851 hominis
1321 824 1340 852 '.

1259 879 1336 906 CAP.
1354 878 1448 907 XXIV.

1291 924 1328 950 De
1343 925 1410 958 piro.

990 978 1073 1007 Picus
1099 979 1159 1007 avis
1181 982 1223 1007 est
1242 978 1313 1006 varii
1337 978 1449 1011 coloris,
1471 978 1703 1013 quemadmodum
1721 983 1748 1004 ct

953 1025 1079 1053 diabolus
1102 1024 1257 1060 versipellis
1277 1028 1336 1057 est;
1356 1024 1476 1052 nemoris
1501 1024 1602 1051 fruteta
1626 1023 1746 1058 ingredi-

953 1075 1009 1104 tur,
1022 1073 1167 1106 rostroqu'e
1188 1070 1267 1106 petit,
1291 1077 1384 1097 aurem
1401 1069 1435 1097 iis
1445 1069 1595 1096 admovens
1610 1078 1618 1096 :
1634 1069 1706 1104 quod
1722 1069 1745 1097 ei

954 1117 1072 1144 siderata
1085 1115 1208 1143 lnanisve
1223 1115 1305 1142 arbor
1320 1114 1412 1147 fuerit,
1430 1115 1504 1141 illam
1521 1114 1624 1141 excidit
1639 1134 1646 1146 ,
1664 1119 1746 1150 atque

953 1162 1075 1190 excisam
1090 1165 1222 1196 occupat;
1237 1169 1333 1188 verum
1350 1160 1374 1188 si
1387 1160 1502 1188 solidam
1518 1159 1743 1195 deprehenderit,

954 1207 1084 1235 intactam
1097 1206 1269 1242 relinquens,
1285 1207 1376 1234 avolat
1390 1210 1474 1241 atque
1487 1205 1570 1233 aliam
1583 1205 1696 1234 invadit.

1246 1308 1278 1337 In
1283 1309 1446 1344 tei'pretalio.

986 1366 1045 1394 Non
1059 1366 1140 1393 aliter
1153 1365 1280 1394 diabolus
1295 1365 1403 1398 silvam,
1431 1368 1537 1392 natura:
1548 1364 1678 1392 videlicet
1692 1364 1744 1392 hu-

952 1419 1050 1443 mana}.
1069 1412 1164 1440 intrat.
1179 1415 1262 1446 atque
1278 1411 1304 1438 in
1329 1410 1478 1438 arboribus
1491 1409 1618 1437 considet
1634 1409 1744 1436 :homi-

952 1458 1006 1490 nis,
1019 1458 1141 1492 inquam,
1151 1464 1200 1484 eor
1213 1457 1246 1484 ad
1262 1457 1408 1484 inhonesta
1420 1457 1578 1487 traducens,
1591 1455 1652 1482 fet-it
1662 1459 1747 1488 atque.

109 1498 162 1526 λων
183 1498 234 1530 τὰς
254 1499 368 1534 καρδίας
389 1500 479 1526 αὐτῶν
500 1501 540 1531 είς
559 1501 608 1536 τὴν
624 1501 805 1537 ἀκαθαρσίαν,
828 1504 904 1530 παίει

963 1507 1054 1530 tltente
1074 1503 1209 1529 observat.
1229 1501 1257 1528 Si
1275 1502 1366 1536 itaque
1388 1501 1527 1528 hominem
1552 1507 1614 1527 esse
1648 1499 1746 1526 invali«

109 1544 155 1570 καὶ
171 1543 212 1579 τῷ
225 1543 277 1571 ὡτὶ
291 1545 393 1571 ἀκούει.
410 1546 466 1572 Καὶ
475 1545 508 1580 ἢν
521 1546 571 1581 μὲν
585 1546 601 1573 ὁ
616 1546 759 1583 ἅνθρωπος
769 1548 861 1583 κωφός
872 1557 903 1576 τε

963 1544 1018 1572 lum
1036 1548 1119 1580 atque
1139 1545 1284 1572 excordem
1301 1544 1512 1576 animadvertat,
1524 1544 1613 1579 ipsum
1629 1543 1746 1577 invadit,

110 1589 158 1615 καὶ
175 1589 306 1624 ἀκάρδιός
321 1589 405 1622 ἐστιν,
421 1591 449 1617 ὲν
462 1591 537 1626 αὐτῷ
549 1591 741 1627 εἰσερχόμενος
757 1593 905 1621 νεοσσεύει.

963 1594 982 1619 ει
995 1591 1024 1618 in
1046 1598 1079 1617 eo
1093 1590 1188 1617 nidum
1205 1597 1287 1617 suum
1300 1590 1457 1622 construit;
1473 1589 1546 1624 quod
1562 1589 1585 1617 si
1606 1588 1686 1617 firmo
1703 1588 1747 1616 iu-

109 1631 142 1666 ἢν
158 1631 188 1657 δὲ
209 1631 375 1667 ὁλοκάρδιος,
399 1633 505 1669 ταχέως
524 1635 665 1670 ἐκφεύγει,
680 1636 728 1664 καὶ
742 1637 783 1669 είς
797 1637 908 1674 ἐτέρους

110 1677 312 1713 ἐπανακάμπτε
317 1687 335 1706 ι.

426 1737 505 1765 ΚΕΦ.
525 1738 589 1765 KE'.

349 1782 418 1816 Περὶ
434 1783 488 1810 τοῦ
504 1784 666 1818 πελαργοῦ,

149 1839 228 1865 Ἐστι
243 1838 272 1864 δὲ
286 1839 300 1865 ὁ
315 1838 450 1874 πελαργὸς
467 1840 613 1875 ἁγνότατον
630 1841 732 1877 ὄρνεον·
751 1841 813 1868 οὔτε
827 1842 882 1878 γὰρ
893 1844 907 1869 ὁ

112 1885 201 1919 ἇρρην
214 1884 264 1918 τὴν
277 1884 389 1920 θήλειαν
404 1884 563 1922 θελγήτροις
577 1887 643 1922 πρὸς
655 1887 704 1922 τὴν
716 1887 807 1922 ὀχείαν
822 1888 906 1914 ὲκκα-

112 1931 162 1960 ).ίί,
183 1931 243 1957 οὐδὲ
262 1930 308 1965 βίᾳ
331 1931 507 1958 συνάπτεται.
524 1932 561 1958 Τὸ
583 1931 638 1967 γὰρ
658 1931 750 1968 ὄρνεον
768 1931 848 1958 τοῦτο
861 1932 907 1958 τὸν

113 1977 220 2012 πατέρα
243 1977 291 2003 καὶ
312 1977 362 2012 τὴν
389 1977 494 2013 μητέρα
516 1977 599 2004 αὑτοῦ
618 1978 744 2013 εὐσεϐείᾳ
767 1977 907 2013 θαυμασία

112 2021 287 2057 γηροὸοσκεῖ.

427 2066 595 2102 Ἔρμηνεία.

149 2123 230 2150 Οὕτω
245 2122 292 2149 καὶ
305 2123 380 2158 ἡμᾶς
394 2123 440 2150 δύο
455 2123 529 2155 οείας
543 2123 653 2155 ἐντολὰς
673 2122 833 2158 ὲπιπληρεῖν
856 2123 906 2155 δεῖ,

114 2169 239 2196 τουτέστι
263 2169 398 2195 ἐκκλίνειν
424 2168 478 2196 ἀπὸ
499 2169 546 2195 τοῦ
567 2169 665 2203 κακοῦ,
688 2170 736 2196 καὶ
756 2170 787 2195 τὸ
805 2169 907 2204 ἀγαθὸν

956 1640 1088 1672 tegroque
1110 1643 1173 1664 esse
1193 1635 1276 1664 corde
1301 1636 1414 1669 sentiat,
1439 1635 1508 1671 fugit
1530 1635 1636 1668 statim,
1662 1638 1690 1663 ct
1712 1635 1747 1663 ad

943 1687 968 1707 ~a
975 1682 1027 1710 tios
1047 1681 1166 1710 accedit.

1263 1729 1340 1757 CAP.
1361 1727 1408 1756 XX
1414 1729 1443 1757 V.

1267 1775 1307 1801 De
1323 1775 1436 1801 ciconia.

992 1831 1107 1859 Cic0nia
1119 1831 1178 1860 avis
1194 1835 1236 1860 est
1256 1830 1431 1862 castissima;
1448 1837 1506 1857 mas
1518 1830 1591 1856 enim
1604 1836 1654 1856 nec
1671 1828 1748 1856 femi-

958 1885 1020 1904 nam
1036 1877 1171 1905 illecebris
1193 1877 1227 1904 ad
1252 1877 1354 1904 coitum
1380 1879 1520 1910 provocat,
1545 1882 1596 1902 nec
1615 1874 1669 1909 ipsi
1692 1874 1746 1901 vim

957 1921 1053 1949 infert.
1072 1921 1173 1949 Deinde
1194 1922 1289 1949 eadem
1315 1921 1374 1948 avis
1388 1919 1508 1947 mirabili
1525 1919 1626 1955 pietate
1643 1923 1747 1948 utrum-

958 1975 1011 2002 qtte
1026 1971 1166 2002 parentem
1183 1967 1211 1994 in
1232 1961 1377 1995 senectute
1392 1965 1451 1992 alit.

1255 2065 1452 2100 Inlerprelalio.

995 2124 1042 2152 Sic
1061 2127 1088 2152 et
1112 2130 1163 2151 nos
1179 2122 1235 2150 duo
1261 2122 1308 2149 illa
1331 2121 1424 2149 divina
1448 2123 1585 2155 przeeepta
1601 2119 1748 2154 adimplere

959 2172 1085 2205 oportet;
1101 2168 1154 2195 hoc
1171 2170 1225 2199 est,
1246 2173 1262 2194 a
1286 2165 1360 2193 malo
1383 2165 1531 2197 divertere,
1548 2168 1575 2192 et
1592 2164 1694 2192 bonum
1710 2164 1749 2190 fa-

115 2215 213 2246 ποιεῖν,
230 2213 325 2249 ὥσπερ
340 2213 477 2249 γέγραφεν
492 2215 506 2240 ὁ
520 2214 658 2249 βασιλικὸς
674 2214 832 2250 Προφήτης.
851 2215 905 2241 Καὶ

963 2222 1030 2247 cere,
1041 2211 1271 2248 quemadmodum
1283 2211 1374 2245 regius
1393 2210 1529 2245 Propheta
1539 2209 1650 2244 scripsit
1658 2209 1684 2235 '.'
1692 2208 1747 2236 Sed

116 2260 216 2296 ὁμοίως
230 2260 259 2286 δὲ
275 2260 304 2287 ἐν
316 2260 460 2296 Δεκαλόγῳ
470 2260 633 2296 προστάττει
642 2260 656 2286 ὁ
667 2260 770 2296 Κύριος
781 2260 852 2287 οὕτω
863 2260 907 2288 λέ-

117 2315 182 2340 γων·
207 2305 279 2340 Τίμα
294 2306 348 2333 τὸν
366 2306 479 2341 πατέρα
501 2312 559 2333 σου
575 2305 624 2333 καὶ
639 2305 697 2341 τὴν
709 2306 824 2341 μητέρα
838 2314 908 2339 σου,

117 2353 163 2380 xui.
178 2350 267 2384 αὖθις·
280 2352 332 2386 Μὴ,
345 2352 528 2387 μοιχεύσεις.

960 2263 987 2287 et
1002 2258 1133 2286 Dominus
1146 2256 1308 2285 similiterin
1323 2255 1457 2290 Decalogo
1469 2254 1558 2289 jubet,
1569 2255 1609 2281 sic
1632 2253 1728 2280 dicens
1742 2262 1748 2279 :

964 2304 1073 2332 llonora
1087 2307 1189 2338 patrem
1202 2306 1277 2328 tuum
1289 2304 1315 2328 et
1326 2305 1437 2327 matrem
1455 2304 1529 2326 tua»:
1538 2298 1598 2332 ’,οι
1609 2305 1706 2326 rursus
1717 2297 1728 2314 ⁵
1740 2305 1748 2325 2

965 2350 1027 2378 Non
1042 2349 1224 2378 mwclmberis.

155 2427 251 2456 ‘Joan.
268 2413 307 2458 lii,
326 2429 367 2456 Η.
408 2428 418 2445 ⁸
434 2428 507 2456 Psal.
521 2436 619 2462 χχχιιι,
633 2429 676 2456 l5.
712 2429 722 2444 '
737 2427 822 2456 Exod.
840 2435 887 2461 xv,
904 2437 905 2442 η

984 2427 995 2442 ⁵
1015 2425 1081 2454 ibid.
1098 2426 1142 2454 14.
1163 2445 1166 2448 «

122 2516 1753 2540 ΞΜ

333 2597 405 2630 -DE
425 2596 567 2628 SANCTI
590 2596 795 2627 EPIPHANII
817 2595 1009 2628 LITURGIA
1035 2593 1519 2641 PRESANCTIFICATOBUM.

157 2714 178 2743 Ι.
192 2714 284 2750 Nuper
297 2721 325 2750 p.
341 2715 376 2743 95
390 2715 539 2743 memoravi
554 2715 642 2744 sancti
657 2715 803 2752 Sophronii
817 2717 984 2753 patriarchae
1000 2717 1239 2753 llierosolymitani
1253 2716 1342 2744 Missa:
1354 2714 1512 2743 Grtceorum
1519 2711 1750 2749 explanationem,

121 2767 204 2795 quam
218 2760 313 2788 Graece
327 2765 391 2788 ante
408 2761 458 2788 hos
470 2768 558 2789 annos
573 2769 606 2789 ex
622 2761 756 2790 Vaticano
771 2763 867 2791 codice
883 2763 986 2797 extuli;
1004 2770 1091 2798 eoque
1109 2763 1201 2791 libello
1217 2761 1360 2790 commode
1385 2768 1458 2789 usus
1473 2767 1534 2788 sum
1558 2759 1590 2786 ad
1609 2758 1750 2785 illustran-

122 2806 173 2835 das
190 2807 326 2842 quasdam
340 2808 510 2835 sacrosancti
528 2808 651 2844 mysterii
665 2808 771 2837 nobiles
788 2808 922 2845 picturas.
936 2808 995 2836 Jam
1009 2817 1077 2837 vero
1091 2817 1105 2836 a
1122 2809 1194 2837 dicto
1208 2807 1376 2844 Sophronia.
1393 2807 1464 2834 inter
1477 2813 1524 2833 eos
1540 2810 1610 2838 quos
1626 2799 1749 2828 nominat

123 2851 298 2887 liturgiarnm
317 2857 375 2886 post
395 2852 543 2885 apostolica
564 2857 685 2887 tempora
711 2858 847 2886 auctores,
867 2862 900 2890 pr

963 2862 974 2881 s
1000 2854 1110 2889 ponitur
1125 2855 1138 2880 ὀ
1154 2854 1183 2880 ἐν
1202 2853 1289 2886 ἁγίοις
1309 2852 1444 2887 ἐπιφανὴς
1463 2848 1627 2883 Ἑπιφὰνιος,
1640 2850 1746 2873 sanctus
