1937 3039
202 130 256 159 535
849 122 952 152 DUBIA
971 124 1041 152 AUT
1057 115 1191 151 SPURIA.
1773 129 1830 157 555

203 186 318 214 illustris
340 186 521 221 Epiphanius;
540 194 621 221 quam
638 194 689 219 ego
706 194 778 213 ttunc
793 187 929 219 notitiam,
947 187 1013 214 dum
1033 187 1061 214 in
1083 187 1126 214 his
1144 186 1251 222 paginis
1270 194 1328 215 rem
1346 183 1502 220 liturgicam
1521 191 1618 219 tracto,
1635 185 1831 221 negligentiam

203 238 319 267 prorsus
335 240 388 259 non
414 232 518 266 judico.
536 232 576 258 En
599 236 690 259 antem
707 231 853 267 Sophronii
872 233 924 260 sub
944 233 1024 260 initio
1047 233 1131 260 libelli
1155 237 1323 265 contextum,
1344 241 1424 269 quem
1447 241 1521 260 nunc
1536 233 1662 260 Latinum
1677 240 1711 259 ex
1729 231 1830 259 Graeco

204 279 349 307 exhibebo.
366 278 511 305 Faciebant
536 279 649 312 apostoli
671 287 758 312 preces
776 281 959 313 mysteriorum
979 280 1062 307 divini
1083 280 1223 315 sacriﬁcii,
1235 285 1313 314 prout
1326 289 1433 315 qua’que
1447 288 1509 315 gens
1523 278 1593 315 ferre
1611 283 1725 314 poterat,
1741 284 1768 306 et
1780 285 1833 312 pro

205 325 339 359 adjunctis
355 330 498 359 temporum
511 330 534 351 ct
547 331 742 359 persecutorum
763 327 878 352 insidiis.
909 326 940 352 Et
952 327 1071 360 precibus
1084 327 1198 362 quidem,
1216 332 1293 362 atque
1306 327 1545 354 exclamationibus
1574 328 1661 362 (prout
1674 327 1703 352 in
1715 325 1833 358 liturgia

203 371 381 404 appellantur)
394 370 508 404 fortasse
523 371 591 397 inter
604 379 631 397 se
651 371 825 405 differebant;
843 372 888 399 sed
907 376 994 398 tamen
1007 372 1159 399 traditionis
1176 373 1361 407 mysteriorum
1376 373 1462 407 fornta
1474 372 1544 407 apud
1557 380 1644 399 omnes
1659 372 1758 405 absque
1770 370 1832 396 ulta

203 417 328 444 varietate
349 416 543 450 perﬁciebatur,
560 417 638 443 sicuti
653 425 712 443 eam
728 417 856 444 Domitius
873 423 961 444 noster
978 417 1057 444 Iesus
1076 417 1200 445 Christus
1229 418 1388 445 tradiderat.
1408 418 1474 445 Post
1492 418 1632 452 Deiloquos
1654 422 1742 444 autem
1765 424 1832 449 apo-

203 460 296 490 stolos,
311 460 432 486 nonnulli
451 465 601 486 sanctorum
623 460 736 487 Patrum
751 469 797 495 per
810 469 838 488 se
857 462 965 496 quisque
984 462 1143 496 singillatim
1166 470 1254 495 preces
1276 467 1302 488 et
1322 462 1538 493 exclamationes,
1558 463 1713 496 plenumque
1734 468 1832 488 sacro-

204 507 289 532 sancti
307 506 374 533 ritus
389 506 507 539 ofﬁciunt
520 511 737 540 composuerunt;
755 506 834 533 veluti
846 513 955 534 sanctus
970 507 1084 534 illustris
1102 506 1276 541 Epiphanius,
1288 512 1313 534 et
1333 515 1443 542 magnus
1467 507 1593 537 Basilius.
1607 512 1630 534 et
1645 507 1720 533 divus
1741 505 1832 540 Chry-

203 559 346 579 sostomus.
360 552 447 579 Simul
459 561 517 580 vero
532 553 619 579 cuncti
632 552 664 580 de
679 553 805 580 scatebris
820 552 915 588 vivﬁci
928 554 1011 588 fontis
1025 553 1164 580 Paracleti
1177 554 1313 580 doctrinas
1328 562 1391 581 suas
1403 555 1548 580 hauserunt
1560 562 1568 580 :
1580 562 1646 588 quas
1662 554 1831 580 orthodoxa-

202 606 260 624 rum
279 597 409 630 Ecclesia,
424 603 550 632 tanquam
565 597 598 624 ab
612 598 667 631 ipso
685 597 790 624 Christo
801 597 887 624 dictas
908 598 1046 632 [actosque
1060 598 1167 631 recepit.
1184 596 1221 623 Et
1234 605 1314 630 nunc,
1327 605 1383 631 prce
1397 598 1470 629 aliis,
1487 597 1605 632 liturgite
1616 598 1668 624 diui
1688 597 1791 624 Basilii
1803 602 1831 624 et

203 643 317 670 Joannis
332 643 513 678 Cltrysostouti
528 643 738 677 frequentantur,
751 650 811 668 cum
825 643 874 669 illa
891 641 1195 676 Prwsanctificatorum,
1213 650 1293 677 quam
1313 642 1361 669 alii
1374 650 1431 670 esse
1444 641 1539 669 Jacobi
1557 641 1658 675 dicunt,
1678 643 1723 677 qui
1742 643 1831 677 frater

202 688 309 715 Domini
324 688 451 714 vocitatus
464 693 513 721 est,
529 688 577 714 alii
590 687 664 714 Petri
679 687 820 722 coryphtzi,
835 689 883 715 alii
894 689 954 715 aliis
970 689 1117 724 assignant.

239 733 269 760 ΙΙ.
284 733 447 768 Priusquam
465 740 530 760 vero
547 740 598 760 nos
613 733 646 759 ad
673 732 856 768 Epiphaniam
873 734 1026 764 velliantus,
1045 737 1140 761 notatu
1165 733 1248 769 digna
1270 733 1408 761 credimus
1432 733 1580 767 Sopltronii
1601 733 1658 761 haec
1682 738 1825 769 postrema

200 780 282 806 verba
306 780 340 806 de
361 779 469 814 liturgia
486 786 533 806 seu
549 778 632 806 Missa
655 778 946 806 Pratsanctilicatorunt
972 779 1066 806 Jacobi
1092 779 1133 805 vel
1159 779 1242 811 Petri,
1273 780 1319 813 Qui
1344 780 1538 806 nonnullarum
1560 779 1668 814 quidem
1688 780 1820 810 aliarum.

205 833 266 860 qua:
281 829 399 856 exstant,
416 828 548 859 putantur
568 827 698 859 parentes
715 824 901 859 liturgiarum,
917 824 1029 851 mininte
1051 831 1116 851 vero
1137 823 1227 851 Missa:
1250 824 1553 851 Prmsanctilicatorum.
1576 824 1628 852 Sed
1649 829 1740 852 tamen
1755 832 1823 853 cccc

202 870 310 897 Marcus
329 869 494 904 evangelista
507 869 606 896 dicitur
623 868 912 895 Praesanct‘tlicatorum
924 868 1012 896 Missae
1025 872 1118 896 auctor
1134 869 1160 895 in
1178 868 1330 903 fragmento
1351 869 1492 896 Basiliana:
1503 869 1740 905 liturgizeinserto,
1754 871 1828 906 apud

200 915 334 943 Albisium
354 915 536 942 Assemanum
551 913 615 941 Cod.
631 914 723 948 liturg.
742 918 762 940 t.
782 913 839 946 νει,
856 922 883 949 p.
906 915 949 946 75,
971 915 1091 949 itemque
1107 914 1178 948 apud
1199 913 1402 941 Renaudotium
1421 913 1523 949 Liturg.
1539 923 1579 942 or.
1596 918 1617 941 t.
1634 914 1655 946 l,
1673 922 1699 949 p.
1717 915 1762 946 79,
1779 916 1826 949 qui

200 961 327 988 notitiam
343 960 510 995 insperatam
532 960 558 986 in
574 959 647 986 notis
661 966 687 993 p.
707 959 770 987 541.
784 960 912 987 miratur.
929 960 995 993 Alii,
1015 964 1044 986 ut
1060 963 1155 986 notum
1173 964 1226 991 est,
1243 959 1385 994 liturgiam
1396 961 1468 986 hanc
1482 960 1553 995 (qua:
1568 960 1637 994 apud
1653 960 1766 987 Latinos
1783 964 1829 988 est

202 1006 286 1034 Missa
303 1006 378 1033 ferite
395 1010 478 1033 sextce
491 1013 596 1040 magnae
613 1004 791 1038 Parasceves)
807 1003 836 1031 S.
858 1004 990 1039 Gregorio
1009 1002 1121 1039 l’papze
1141 1004 1342 1038 ascripserunt,
1360 1004 1403 1031 cui
1427 1004 1568 1031 sentcntiae
1588 1004 1754 1031 contradicit
1772 1004 1828 1032 Leo

201 1054 318 1081 Allatius
332 1054 358 1080 in
375 1054 466 1088 priore
480 1052 591 1080 dissert.
609 1051 647 1079 De
660 1051 824 1086 prtesanctif.
841 1055 902 1085 post
917 1059 986 1086 opus
1002 1051 1038 1077 De
1051 1059 1189 1082 consensu,
1202 1059 1228 1085 p.
1246 1050 1327 1077 i55l.
1341 1050 1464 1077 Smithtts
1480 1051 1588 1077 domum
1601 1051 1643 1076 vir
1663 1051 1762 1077 domus
1771 1051 1828 1078 An-

202 1102 263 1136 glus
276 1099 313 1126 De
321 1099 382 1126 had.
393 1103 456 1127 stat.
474 1098 546 1125 Eccl.
560 1096 607 1125 Gr.
616 1097 659 1125 ed.
670 1097 785 1124 Londin.
796 1105 822 1131 p.
833 1096 877 1127 98,
897 1101 1022 1123 sanctum
1038 1097 1204 1123 Germanum
1222 1096 1558 1130 Constatttinopolitanum
1570 1096 1658 1123 Missae
1677 1097 1760 1131 hujus
1780 1105 1828 1124 au-

200 1150 304 1172 ctorem
322 1144 408 1171 fuisse
426 1143 576 1170 ltariolatus
591 1147 645 1181 est:
670 1143 753 1176 Atqui
770 1142 887 1176 inclytus
901 1141 979 1167 card.
992 1140 1065 1168 Bona
1083 1140 1143 1167 Rer.
1155 1141 1248 1175 liturg.
1265 1141 1310 1167 lib.
1329 1147 1410 1175 Icap.
1429 1141 1473 1172 15,
1485 1141 1512 1172 6,
1525 1149 1587 1168 cum
1603 1141 1702 1174 Allatio
1711 1142 1826 1169 dissert.

204 1193 232 1222 2.
254 1192 380 1227 p.1595,
400 1194 463 1218 ante
481 1191 624 1217 dimidium
637 1194 712 1217 certe
729 1189 820 1224 quarti
837 1188 930 1215 saeculi
951 1188 1092 1216 exstitisse
1116 1188 1186 1216 hanc
1208 1188 1347 1222 liturgiam
1371 1188 1487 1222 judicat,
1502 1196 1534 1215 ex
1553 1196 1658 1215 canone
1672 1188 1706 1215 49
1727 1188 1828 1215 Laodi-

201 1245 270 1265 cetto
284 1238 310 1263 in
325 1244 379 1270 qtto
391 1236 513 1263 sancitur
536 1243 587 1262 non
600 1239 719 1269 oportere
734 1234 761 1260 in
785 1233 997 1266 Quadragesima
1017 1240 1111 1266 pattem
1122 1231 1227 1265 offerre,
1254 1232 1307 1258 nisi
1323 1231 1440 1258 Sabbato
1456 1237 1481 1258 et
1496 1232 1538 1258 die
1555 1232 1693 1259 Dominico
1711 1237 1827 1259 tantum.

203 1284 236 1310 Et
253 1290 346 1310 revera
363 1281 450 1308 Graci
467 1281 564 1308 saltem
581 1279 748 1314 antiquiores
768 1277 997 1313 quadragesimali
1032 1281 1165 1312 tentporc,
1182 1278 1297 1313 reliquis
1310 1278 1422 1312 (praeter
1446 1277 1516 1305 duos
1539 1278 1639 1314 dictos)
1657 1278 1757 1306 diebus
1773 1287 1828 1306 non

204 1327 415 1360 consecrabant,
432 1326 478 1354 sed
494 1326 640 1353 utebantur
667 1323 906 1351 Pracsanctilicatis
922 1323 965 1350 die
981 1322 1125 1349 Dominico
1148 1323 1335 1357 prmcedente;
1354 1331 1415 1358 quae
1434 1324 1540 1351 scilicet
1558 1328 1600 1351 est
1623 1324 1680 1359 ipsa
1704 1325 1826 1359 liturgia.

202 1375 237 1402 de
255 1381 308 1409 qua
328 1373 479 1406 loquimur,
499 1369 807 1398 Prsesanctiﬁcatorum.
833 1368 912 1395 Nunc
929 1368 967 1395 ad
996 1372 1111 1395 caeteros
1135 1368 1224 1395 Missae
1246 1368 1328 1402 hujus
1354 1373 1549 1396 controversas
1568 1373 1695 1397 auctores
1719 1370 1827 1397 acet-dit

203 1421 285 1447 etiam
298 1418 416 1455 Cyprius
432 1417 602 1452 Epiphanius
618 1426 624 1443 :
638 1416 738 1443 etenim
755 1415 864 1449 liturgia
888 1415 914 1441 in
933 1414 1029 1442 codice
1046 1414 1189 1446 Vaticano,
1204 1418 1233 1440 ut
1253 1422 1315 1440 mox
1331 1413 1466 1446 dicemus,
1482 1414 1547 1442 huic
1565 1415 1709 1449 inscripta,
1729 1423 1827 1450 reapse

203 1463 496 1492 Prtesanct'tlicatorum
513 1467 565 1489 est.

239 1511 283 1538 Ill.
301 1510 369 1537 Cum
384 1510 467 1544 igitur
484 1516 515 1535 ex
531 1515 590 1535 meo
609 1507 764 1542 Sopltronio
781 1506 939 1534 didicissent
954 1515 1054 1534 novum
1067 1508 1182 1542 liturgia:
1199 1508 1269 1537 (sive
1284 1507 1438 1534 communis
1456 1515 1505 1541 por
1524 1515 1638 1538 annum,
1654 1507 1712 1535 sive
1728 1507 1824 1534 saltem

204 1553 511 1588 Pratsattctilicatorum)
524 1557 663 1580 auctorem
682 1553 769 1580 fuisse
790 1553 984 1587 Epiphanium,
1000 1553 1142 1588 stupebam
1162 1554 1299 1588 equidem,
1317 1560 1417 1580 nomen
1437 1553 1521 1587 hujus
1543 1553 1569 1579 itt
1591 1552 1675 1579 nttllis
1695 1560 1827 1586 apparere

204 1601 325 1636 liturgiis
343 1600 400 1626 sive
417 1599 489 1633 apud
504 1599 547 1627 Al.
567 1599 747 1626 Assentanum
774 1600 801 1626 in
817 1601 945 1635 liturgico
968 1601 1074 1632 codice,
1092 1601 1150 1627 sive
1173 1600 1244 1635 apttd
1268 1599 1481 1630 Renaudotium,
1507 1599 1564 1627 sive
1588 1600 1615 1626 in
1642 1603 1681 1626 tot
1707 1599 1827 1634 liturgiis

204 1647 396 1679 Orientalium,
429 1645 523 1673 Graeco
543 1645 617 1672 fonte
638 1645 798 1680 plerumque
823 1646 965 1678 derivatis,
984 1653 1054 1681 quas
1072 1649 1291 1672 commemorant
1309 1645 1375 1672 Abr.
1392 1644 1580 1671 Eccltellensis
1597 1644 1631 1670 ad
1652 1644 1825 1675 Ebedicsum,

205 1697 232 1719 et
242 1691 299 1719 Jos.
315 1693 483 1720 Assemanus
496 1691 597 1725 passim
614 1691 641 1717 in
659 1691 824 1717 Bibliotheca
838 1691 978 1724 Orientali,
995 1691 1096 1725 quibus
1109 1690 1177 1717 adde
1192 1691 1348 1725 catalogttm
1361 1689 1543 1724 quadraginta
1557 1689 1729 1724 lltnrgiarum
1745 1689 1827 1715 ChaL

205 1739 346 1766 daicarum
360 1745 376 1764 a
389 1737 562 1772 Schultingio
576 1737 645 1763 Bibl.
662 1737 725 1763 eccl.
745 1741 765 1763 t.
780 1735 823 1769 ΙΙΙ,
838 1745 864 1772 p.
882 1738 942 1768 lOO,
959 1741 1128 1764 contextum.
1158 1736 1212 1763 Sed
1231 1744 1266 1763 ne
1282 1743 1332 1770 ego
1352 1735 1463 1770 quidem
1485 1736 1512 1762 in
1532 1734 1614 1762 editis
1633 1743 1647 1761 a
1673 1743 1716 1761 me
1728 1735 1826 1762 Arabi-

205 1791 314 1817 corum.
329 1782 519 1818 Syriacorum,
537 1782 790 1817 Cophticorumqtte
805 1783 930 1810 codicum
945 1782 1007 1809 Vat.
1022 1782 1164 1817 catalogis.
1181 1782 1226 1809 ubi
1249 1782 1342 1808 multm
1361 1781 1522 1809 referuntur
1541 1781 1667 1815 liturg'ne,
1681 1780 1824 1816 Epiphanii
1850 1779 1852 1782 ’

204 1836 305 1856 nomen
318 1828 499 1863 reperiebam.
519 1827 648 1860 Quittimo
661 1835 774 1863 operum
800 1829 888 1855 sancti
907 1829 955 1855 viri
977 1828 1107 1858 editores,
1125 1833 1151 1854 et
1175 1828 1356 1862 bibliographi
1377 1827 1498 1861 plurimi,
1516 1827 1568 1853 hoc
1586 1826 1730 1861 Epipltattii
1754 1828 1824 1854 scri-

204 1880 291 1909 ptunt,
310 1873 425 1908 ejusque
445 1873 513 1900 adeo
530 1874 686 1900 memoriam
704 1874 830 1908 ignorare
842 1874 978 1901 videntur.
999 1875 1125 1901 Attantcn
1147 1873 1337 1908 supradictum
1357 1873 1503 1907 Sopltronii
1522 1873 1708 1900 testimonium
1726 1873 1824 1901 classi-

204 1927 267 1946 cum
280 1919 529 1954 gravissimumque
543 1923 595 1946 est.
610 1919 676 1952 Quae
693 1927 755 1947 cum
771 1921 808 1947 ita
825 1928 854 1948 se
869 1921 1012 1952 haberent,
1027 1921 1149 1948 converti
1168 1928 1211 1948 me
1229 1920 1263 1947 ad
1285 1920 1455 1947 bibliotheca:
1478 1927 1581 1954 magna:
1596 1919 1735 1946 Vaticana:
1751 1919 1823 1946 Grat-

205 1972 254 1992 cos
272 1964 402 1997 codices;
419 1965 546 1999 factaque
562 1969 591 1991 ut
607 1966 682 1999 potui
698 1966 923 2000 perlnstratione,
940 1966 1052 1993 unicttm
1066 1967 1184 2000 denique
1197 1967 1284 2001 reperi
1305 1966 1430 1993 Graecum
1450 1965 1584 1997 codicem,
1603 1966 1729 1999 pitu-uice
1745 1967 1823 2000 plane

205 2010 348 2042 rariorem,
364 2010 416 2037 sub
439 2017 553 2037 numero
571 2010 649 2040 1215,
671 2010 698 2037 in
716 2011 796 2045 cujus
820 2012 918 2046 pagina
945 2012 979 2038 5'5
1000 2011 1108 2038 titulum
1132 2011 1230 2038 litteris
1252 2012 1417 2046 capitalibus
1442 2012 1518 2039 hunc
1541 2012 1734 2039 lubentissime
1753 2012 1822 2047 legi:

206 2056 229 2082 Η
243 2055 324 2082 ΘΕΙΑ
338 2055 543 2081 ΛΕΙΤΟΥΡΓ-ΙΔ
558 2056 625 2082 ΤΟΥ
642 2056 686 2082 ΕΝ
699 2055 810 2083 ΑΓΙΟΙΣ
823 2057 959 2083 ΠΑΤΡΟΣ
982 2057 1079 2083 ΗΜΩΝ
1094 2057 1376 2084 ΑΡΧΙΕΠΙΣΚΟΠΟΥ
1392 2058 1535 2085 ΚΥΠΡΟΥ
1554 2058 1742 2084 ΕΠΙΦΑΝΙΟΥ
1758 2058 1823 2084 ΤΟΥ

208 2100 372 2127 ΗΕΓΑΔΟΥ
401 2099 542 2127 :DIVINA
562 2100 733 2135 :LITURGlA
773 2101 895 2128 SANC'I’I
922 2102 1047 2130 PATRIS
1079 2102 1205 2130 NOSTHI
1235 2102 1494 2130 ARCHIEPISCOPI
1524 2102 1624 2130 CYPIlI
1655 2102 1814 2130 EPIPIIANI

210 2145 330 2172 MAGNI.
345 2145 415 2177 Quid
431 2153 479 2180 per
495 2153 524 2173 se
540 2146 703 2179 evidentius,
722 2147 821 2182 quidve
833 2147 978 2182 Sopltronii
995 2149 1149 2176 testimonio
1167 2149 1253 2184 magis
1271 2149 1427 2176 conforttte?
1445 2149 1515 2184 Ergo
1534 2146 1663 2177 incensus
1674 2150 1820 2184 cupiditate

207 2187 288 2217 istius
305 2192 406 2225 operis,
428 2191 461 2218 de
474 2199 529 2227 quo
548 2191 604 2225 jam
621 2200 674 2219 non
689 2193 860 2224 dubitabant,
883 2193 1034 2228 Epiphanio
1050 2195 1203 2226 asserendi,
1221 2194 1331 2221 dilatari
1354 2195 1443 2222 adhuc
1461 2203 1544 2222 curas
1560 2203 1636 2222 meas
1653 2196 1820 2229 vestigando,

206 2234 315 2269 legique
330 2236 402 2271 apud
418 2236 520 2264 Bonam
534 2236 594 2264 Rer.
613 2237 704 2273 liturg.
719 2238 766 2265 lib.
786 2246 805 2270 t,
826 2239 852 2270 9,
867 2239 894 2270 6,
914 2239 1051 2271 notitiam,
1070 2248 1153 2274 quam
1179 2248 1211 2267 ex
1232 2248 1265 2267 eo
1289 2241 1436 2276 exscripsit
1457 2245 1552 2276 postea
1569 2240 1758 2268 Renaudotius
1771 2245 1789 2267 t.
1801 2239 1820 2272 l,

206 2288 234 2316 p.
249 2281 311 2312 498,
329 2280 427 2309 Jobum
446 2290 543 2317 nempe
563 2282 717 2313 Lttdoll'um.
744 2291 870 2318 magnum
890 2283 964 2310 illum
992 2284 1212 2318 (Etltiopicarum
1240 2293 1333 2312 rerttm
1351 2286 1526 2321 scriptorem,
1542 2287 1568 2313 in
1585 2286 1665 2313 Prazi'.
1692 2287 1726 2314 ad
1748 2286 1819 2313 ΑΕιΙι.

211 2323 315 2352 ιεεείεοη
331 2326 477 2353 tradidisse
492 2326 617 2353 notitiam
636 2327 753 2361 liturgiae
769 2327 839 2361 apttd
858 2335 917 2354 eam
933 2332 1039 2362 gentem
1053 2333 1167 2356 servata:
1179 2331 1266 2356 sancti
1282 2329 1424 2363 Epic/lanii
1439 2331 1590 2358 orthodoxi.
1606 2331 1665 2358 Mox
1684 2340 1749 2359 vero
1759 2333 1820 2360 meis

209 2369 268 2405 ipse
285 2371 373 2398 oculis
386 2362 613 2406 inspexiisudolﬂ
628 2372 751 2407 ejusdem
768 2373 800 2400 ad
818 2372 999 2410 ZEthiupicant
1025 2374 1167 2401 historiam
1181 2376 1419 2407 commentarium,
1439 2377 1485 2404 ubi
1505 2385 1532 2412 p.
1548 2377 1611 2410 540,
1627 2377 1720 2404 dccem
1739 2378 1822 2404 nomi-

208 2421 312 2442 nantur
327 2416 489 2451 [Ethiopum
504 2418 624 2453 liturgia:
640 2427 646 2444 :
667 2425 784 2453 quarum
803 2419 882 2446 tertia
895 2423 936 2446 est
956 2420 1043 2446 sancti
1059 2419 1203 2454 Epiphanii
1216 2422 1370 2448 orthodoxi.
1390 2422 1528 2449 llabemtts
1546 2423 1629 2457 igitur
1643 2422 1820 2457 Epiphaniani

210 2463 304 2496 scripti
325 2463 460 2498 legitimos
475 2468 563 2491 testes
590 2468 658 2497 tres,
683 2465 713 2491 S.
737 2464 934 2500 Sophronium,
952 2466 1090 2501 litnrgiant
1106 2467 1302 2503 Etltiopicam,
1327 2475 1353 2496 et
1372 2469 1493 2496 codicctn
1509 2469 1632 2496 Grtccuut
1649 2469 1820 2496 Vaticanum.

210 2507 290 2543 (Nam
303 2509 337 2535 de
354 2513 429 2536 textu
447 2508 518 2537 et'de
532 2510 673 2538 codicibus
686 2512 756 2546 apud
773 2519 823 2539 nos
839 2512 1003 2547 [Ethiopicis
1023 2513 1103 2545 alias,
1120 2517 1149 2540 ut
1168 2521 1257 2548 spero,
1270 2515 1399 2549 dicetur.)
1414 2515 1511 2549 incipit
1531 2520 1634 2546 autem,
1651 2521 1713 2549 post
1732 2523 1821 2550 supra-

209 2554 340 2588 scriptum
363 2555 471 2582 titulutn
493 2555 578 2583 codex
598 2555 660 2583 Vat.
678 2557 717 2584 sic
732 2566 738 2584 :
760 2557 789 2584 '0
803 2557 880 2590 Θεὸς.
897 2559 911 2585 ὸ
926 2558 974 2585 Θεὸ

1055 2558 1093 2589 ὒν,
1108 2560 1122 2585 ὁ
1136 2559 1278 2591 ὑπῄδειξας
1292 2561 1357 2595 ἡμῖν
1373 2560 1402 2586 τὸ
1424 2561 1496 2595 μέγα
1518 2560 1597 2586 τοῦτο
1612 2561 1769 2595 μυστήριον,
1793 2560 1820 2586 ab

210 2599 341 2625 ἱκάνωσον
355 2600 428 2634 ἡμᾶς
441 2596 633 2636 προσένεγκεῖν
650 2609 690 2628 σοι
705 2602 800 2628 θυσίαν
817 2603 1050 2638 προηγιασμένην,
1063 2603 1102 2634 εἰς
1119 2603 1197 2636 δόξαν
1213 2612 1271 2635 σου,
1285 2604 1332 2629 καὶ
1347 2603 1507 2638 μονογενοῦς
1521 2612 1567 2629 σου
1585 2603 1661 2635 Υεοῦ,
1676 2604 1724 2630 καὶ
1742 2603 1821 2630 Ilvati-

211 2644 296 2680 ματός
313 2653 359 2670 σου
375 2645 423 2671 τοῦ
438 2645 516 2679 ἁγίου
530 2653 536 2659 ·
555 2646 635 2678 Deus,
652 2646 722 2673 Deus
737 2652 833 2681 noster,
850 2648 895 2682 qui
911 2649 961 2674 hoc

1071 2657 1195 2683 magnum
1213 2649 1366 2684 mysterium
1382 2649 1532 2680 ostendisti,
1553 2653 1578 2675 tu
1597 2658 1643 2675 nos
1659 2649 1703 2683 fac
1721 2650 1820 2677 idoneos

209 2688 244 2715 ad
257 2687 420 2723 offerendum
435 2689 482 2715 tibi
493 2690 745 2724 prtesanctiﬁcatutn
759 2692 930 2726 sacrificium,
947 2693 978 2719 ob
991 2693 1028 2719 tui
1040 2693 1163 2727 gloriam.
1180 2698 1204 2719 et
1216 2694 1341 2728 unigeniti
1359 2693 1424 2720 Filii
1437 2695 1484 2725 tui,
1500 2699 1524 2720 et
1539 2694 1654 2728 Spiritus
1670 2696 1708 2721 tui
1723 2697 1814 2722 sancti.

244 2734 289 2762 IV.
306 2735 383 2768 Quod
401 2735 536 2770 reliquum
550 2741 619 2767 erat,
634 2737 796 2764 confirmato
808 2738 864 2771 jam
878 2739 968 2769 titulo.
982 2740 1084 2766 contuli
1102 2740 1190 2774 ipsum
1209 2741 1371 2774 opusculum
1397 2741 1514 2775 liturgiae
1535 2741 1818 2769 Prtesanctilicatortntt

207 2788 270 2807 cum
295 2780 471 2813 editionibtm,
491 2790 551 2816 qua:
571 2783 641 2817 apud
666 2791 709 2810 me
735 2789 824 2814 erant,
847 2784 873 2810 id
898 2789 939 2812 est
958 2785 1055 2812 Veneta
1073 2794 1104 2812 ex
1124 2785 1261 2812 llellcnica
1284 2787 1463 2825 typographia
1487 2787 1550 2813 anni
1580 2787 1662 2819 l859;
1678 2787 1742 2814 item
1764 2796 1817 2815 cum

213 2825 336 2853 liumana
350 2826 473 2860 ejusdem
495 2829 558 2855 anni
578 2828 624 2855 Gr.
641 2828 737 2862 Arab.;
752 2837 903 2866 rursusque
919 2838 980 2858 cum
1006 2831 1058 2858 alia
1075 2830 1154 2858 Rom.
1173 2831 1219 2857 Gr.
1240 2839 1284 2858 an.
1311 2832 1396 2866 1754;
1412 2837 1437 2860 et
1455 2840 1517 2859 cum
1541 2833 1585 2859 illa
1609 2832 1728 2868 denique
1747 2841 1818 2869 quam
