1937 3039
88 173 138 201 537
708 176 882 205 PIIECATIO
897 176 941 205 ET
962 176 1197 205 EXORCISMUS.
1675 177 1730 205 5758

91 240 265 275 Euchologio
280 239 398 267 inseruit
413 237 532 265 Goarius
546 246 552 265 :
571 237 804 273 deprehendique,
819 241 935 272 exr'epto
953 236 1048 264 ordine
1061 241 1088 265 et
1103 236 1299 264 minutioribus
1318 237 1452 271 partibus.
1473 236 1634 264 Vaticanum
1651 236 1730 263 codi-

91 295 151 316 cem
176 295 238 314 cum
250 287 395 323 impressis
411 294 583 322 congruere;
600 294 682 322 quam
704 286 854 314 solemnem
872 285 1047 319 liturgiarum
1063 284 1241 312 concordiam
1262 283 1367 318 jamdiu
1391 291 1443 310 nos
1460 283 1591 311 docuerat
1611 282 1730 310 Albitius

92 337 120 360 In
136 333 231 368 priore
247 333 357 361 dissert.
371 339 432 366 cap.
444 332 479 360 20
493 332 536 359 his
549 332 641 360 verbis
655 341 661 359 :
677 332 719 358 An
735 339 794 358 vero
809 332 898 358 eodem
912 332 965 357 ritu
975 339 1063 357 omnes
1079 330 1214 365 liturgiam
1227 329 1370 362 celebrant,
1389 338 1439 364 quo
1454 329 1516 356 olim
1529 329 1731 356 celebrabatur?

93 379 123 407 Si
137 387 192 406 rem
207 379 292 413 ipsam
312 379 473 410 consideres,
493 379 664 415 tat/sacriﬁcii
680 379 872 409 substantiam,
903 377 1024 404 omnibus
1045 378 1099 404 ritu
1121 376 1213 404 erco
1231 375 1435 406 celebrantibus,
1451 374 1518 402 idem
1536 383 1618 401 unum
1638 382 1730 402 conve-

93 425 164 451 nisse
176 429 276 451 certum
292 428 350 451 est:
367 425 391 450 si
408 432 497 458 preces
512 429 537 451 et
553 432 612 459 quw
628 425 662 450 ad
676 429 801 451 ornatum
815 424 945 458 sacriﬁcii
958 427 1132 457 pra'sttmtur,
1149 421 1368 458 quemadmodum
1381 427 1406 448 et
1418 423 1443 448 in
1458 421 1543 448 Missa
1566 421 1669 454 integra
1687 421 1729 455 fa-

93 475 164 497 ctum
181 475 231 501 est,
246 479 297 496 non
309 474 347 497 est
363 478 378 496 a
393 470 536 496 verosimili
550 470 676 500 alienum,
693 478 745 497 non
760 469 850 496 eadem
866 474 944 496 attate
960 473 1074 500 tantum,
1091 468 1135 496 sed
1151 468 1211 496 aliis
1225 473 1302 504 atque
1315 468 1377 494 aliis
1406 467 1565 502 temporibus
1574 467 1670 498 multa,
1683 474 1730 500 pro

93 518 133 544 rei
154 517 365 551 opportunitate,
390 517 532 543 immutata
553 516 647 551 fuisse.
670 516 798 550 Idemque
814 516 930 543 Allatius
954 523 1014 550 cap.
1037 516 1054 542 4
1071 524 1077 542 :
1097 515 1171 541 Illud
1194 515 1274 542 etimit
1295 515 1414 546 observo,
1437 513 1730 547 Prwsanctiﬁcatorum

94 565 234 598 liturgiam
248 572 300 591 non
314 572 394 590 unam
409 568 486 598 alque
502 563 620 590 eamdem
637 562 707 597 apud
719 571 807 590 omnes
823 563 916 597 fuisse.
933 562 977 589 sed
992 562 1181 598 pro.varietale
1199 561 1380 588 Ecclesiarum
1397 566 1422 587 et
1440 565 1597 594 temporum.
1615 560 1730 586 variam.

94 609 124 636 In
145 609 334 644 Epiphaniana
348 609 458 644 quidem
471 609 536 636 illud
553 609 627 643 quod
645 609 824 643 ascripsimus
841 609 947 635 initium
965 609 999 635 ab
1018 608 1100 636 editis
1121 607 1240 642 Iiturgiis
1259 607 1360 634 dill‘ert.
1375 607 1476 634 Preces
1496 606 1578 633 etiam
1595 613 1644 640 pro
1659 605 1732 640 regi-

95 657 159 688 bus.
177 657 313 687 exercitu.
333 657 474 692 episcopo,
492 660 519 683 et
540 656 648 683 caeteris
666 655 798 683 Ecclesia:
817 655 962 687 ministris,
979 655 1106 682 nonnihil
1128 655 1237 682 variare
1254 654 1429 682 videbantur.
1448 654 1542 681 Oratio
1563 657 1653 680 autem
1671 659 1733 687 qua:

95 703 194 738 incipit
211 713 218 730 :
240 704 268 730 '0
282 704 349 735 Θεὸς
360 704 374 729 ὁ
395 703 623 738 ἐπισκεψάμενος,
640 704 769 738 congruit
790 710 852 729 cum

965 702 1037 729 ηειιί
1056 701 1166 736 liturgia
1190 709 1272 735 quam
1300 702 1433 728 habemus
1456 701 1526 735 apud
1550 699 1730 726 Assemanum

95 747 160 776 Cod.
181 749 223 775 tit.
234 741 260 775 ἰ.
280 748 336 780 VII,
352 755 378 783 p.
393 748 437 776 87.
455 747 508 775 Nec
525 748 603 783 plura
620 748 728 777 dicam:
742 748 810 776 satis
821 748 893 774 enim
907 747 1031 774 Vaticani
1043 747 1150 774 codicis
1164 747 1362 774 continentiam
1374 746 1439 773 mihi
1455 745 1548 773 videor
1559 745 1732 780 exposuisse.

129 794 166 822 ν.
183 794 314 829 Superest
331 799 360 821 ut
376 795 529 825 videamus,
551 802 616 820 num
639 794 721 820 etiam
743 802 774 820 ex
793 792 937 827 Epiphanii
962 792 1080 826 cognitis
1103 792 1182 819 libris
1205 795 1399 827 argumentum
1419 791 1530 826 aliquod
1554 791 1626 818 adsit
1643 798 1691 825 pro
1707 790 1732 818 ei

95 839 277 871 vindicanda,
295 841 337 867 vel
352 847 443 870 secus.
461 840 514 867 hac
538 839 659 874 litnrgia.
676 839 704 866 In
722 839 818 866 haeresi
834 838 879 871 79,
895 839 921 868 5,
937 838 1005 864 dicit
1025 837 1208 872 Epiphanius,
1231 837 1383 872 apostolos,
1406 845 1477 871 quos
1498 836 1569 863 inter
1587 835 1732 868 Jacobnm,

96 885 256 920 μυστηρίων
271 885 436 920 ἀρχηγέτας,
455 886 641 920 mysteriorum
666 890 788 912 auctores
808 885 861 911 illis

973 887 1026 912 est.
1047 887 1077 909 ut
1095 887 1169 909 recte
1187 882 1362 917 intelligitur.
1376 882 1476 910 divinte
1497 882 1614 917 liturgia:
1637 883 1733 910 condi-

95 935 183 957 tores.
201 930 271 962 Quid
288 930 367 957 inde?
380 930 449 957 Ecce
464 932 633 957 Asscmanus
647 930 713 957 Cod.
731 931 772 957 tit.
792 933 813 956 t.
831 929 852 956 ν
867 929 952 964 proeli,
964 936 1008 963 pp.
1025 928 1070 961 26,
1086 928 1130 959 55.
1149 929 1196 960 57,
1209 936 1243 956 ex
1261 929 1314 955 hoc
1328 928 1473 963 Epiphanii
1490 929 1563 956 dicto
1580 930 1734 956 bariolatur

96 976 187 1002 sancti
212 974 308 1002 Lit-ubi
335 976 476 1011 Iiturgiatn
502 975 536 1002 ad
560 976 680 1011 Cyprum
703 984 813 1010 quoque
830 976 1011 1010 pertinuisse.
1026 975 1105 1002 Cur?
1122 975 1194 1007 Quia
1220 982 1318 1009 nempe
1334 974 1453 1010 Cyprus,
1472 975 1615 1002 Assemani
1630 976 1731 1006 'mtate,

95 1024 198 1056 partim
216 1021 292 1057 Syris
308 1023 484 1056 patriarebis,
516 1023 614 1057 pm'tim
631 1023 712 1050 etiam
727 1023 821 1049 Sancti
840 1022 966 1057 Sepulcri
985 1020 1171 1048 Franciscano
1197 1022 1306 1048 custodi
1324 1022 1453 1065 suberat;
1475 1022 1497 1048 is
1510 1021 1642 1049 hodierna
1664 1026 1733 1050 tem-

96 1076 166 1102 pora
188 1070 222 1094 ad
238 1068 351 1102 antiqua
366 1068 504 1095 immerito
521 1068 703 1098 transferens,
720 1068 888 1095 existimavit
906 1067 1185 1102 Ilierosolymitanam
1203 1067 1342 1102 Iiturgiam
1364 1067 1445 1103 Cypri
1462 1076 1571 1103 quoque
1588 1068 1709 1103 riguisse
1725 1079 1732 1096 :

96 1122 158 1148 qua:
174 1122 220 1141 res
237 1118 428 1148 argumentum
452 1114 618 1145 inlirmaret.
642 1114 715 1149 quod
734 1113 902 1148 Epiphanius
923 1113 1042 1148 Cyprius
1067 1113 1296 1149 archiepiscopus
1324 1114 1464 1149 liturgiam
1489 1115 1629 1150 propriam
1652 1115 1734 1142 insti—

97 1161 195 1193 tuerit,
214 1161 272 1187 sive
288 1160 423 1194 integram
448 1160 507 1188 sive
532 1159 653 1188 fortasse
674 1160 757 1187 etiam
776 1160 983 1194 particular-em,
1001 1159 1159 1193 cuiusmodi
1178 1164 1221 1187 est
1243 1160 1300 1186 hrrc
1320 1159 1627 1188 Prmsanctil‘tcatorum.
1650 1162 1733 1196 Atqui

97 1216 153 1235 non
172 1207 318 1242 ignorabat
336 1207 507 1233 Assemanus
521 1206 604 1241 Cypri
619 1206 685 1233 olim
708 1207 877 1241 provinciam
894 1206 980 1232 fuisse
993 1205 1142 1238 ἀκέφαλον,
1162 1206 1188 1233 id
1201 1211 1243 1233 est
1259 1207 1300 1234 sui
1311 1207 1394 1240 juris,
1411 1207 1613 1243 archiepiscopi
1630 1208 1736 1235 nullius

96 1252 222 1280 extranei
239 1256 285 1279 aut
304 1251 467 1286 patriarcha:
483 1252 649 1279 ordinationi
668 1252 834 1287 subjectam.
860 1252 975 1280 Frustra
996 1253 1081 1288 igitur
1104 1253 1274 1280 Assemanns
1298 1252 1575 1289 Ilierosolymitanam
1595 1255 1734 1289 liturgiam

97 1297 239 1325 veteribus
253 1297 361 1332 Cypriis
377 1296 485 1323 videtur
501 1296 659 1324 obtrudere.
679 1297 716 1324 De
739 1297 893 1333 Epiphanio
910 1306 963 1325 non
979 1298 1089 1333 quidem
1106 1298 1254 1330 scribente.
1274 1299 1321 1326 sed
1336 1299 1492 1327 celebrante
1503 1300 1653 1334 liturgiam,
1669 1309 1736 1327 nar—

99 1345 169 1371 ratio
193 1348 236 1370 est
264 1344 290 1370 in
313 1344 373 1378 ejus
395 1343 488 1370 Graeca
503 1342 564 1370 Vita
580 1344 635 1376 (ed.
661 1343 754 1372 Pctav.
770 1348 790 1371 t.
810 1345 842 1376 Il,
860 1353 885 1380 p.
901 1345 964 1379 551)
998 1354 1059 1380 cap.
1081 1346 1126 1378 58,
1143 1345 1189 1372 ubi
1211 1346 1249 1372 ait
1266 1346 1446 1380 biographns,
1464 1346 1648 1381 Epiphaniam
1664 1355 1737 1374 tutn-

97 1398 182 1424 quam
202 1390 229 1416 in
249 1389 331 1417 Missa
349 1389 479 1424 perlicere
504 1390 614 1417 solitum
639 1390 724 1417 fuisse
745 1391 912 1419 oblationem
935 1397 1081 1427 antequam
1104 1392 1257 1424 visionem,
1289 1392 1435 1425 ὀπτασίαν,
1455 1393 1581 1420 vidisset.
1597 1393 1652 1421 Res
1671 1401 1737 1421 sane

99 1437 180 1468 mira.
196 1441 223 1464 ct
241 1441 337 1463 sancto
351 1436 410 1463 viro
424 1435 520 1470 digna!
533 1436 612 1469 cuius
628 1444 677 1470 par
692 1438 848 1471 evemplnm
867 1438 964 1472 legitur
980 1438 1014 1465 de
1028 1439 1081 1464 alio
1107 1438 1238 1473 episcopo
1251 1438 1323 1473 apud
1339 1437 1419 1465 Joan.
1438 1438 1579 1466 Moschum
1596 1447 1656 1473 cap.
1673 1439 1734 1471 150,

99 1484 222 1518 itemque
237 1483 264 1509 in
287 1482 355 1509 Vitis
374 1482 487 1509 Patrum
505 1483 578 1517 apud
599 1482 774 1510 Rosweidum
800 1483 848 1510 lib.
870 1492 890 1516 I,
909 1491 936 1518 p.
955 1484 1018 1516 199,
1042 1488 1157 1511 sanctus
1179 1484 1298 1511 Basilius
1325 1483 1438 1511 Missam
1458 1483 1614 1512 celebrasse
1636 1484 1737 1512 dicitur

104 1529 264 1558 clarissimo
281 1528 384 1555 lumine
407 1532 434 1555 et
448 1529 555 1563 angelis
571 1529 772 1560 circumdatus,
793 1534 876 1564 prout
901 1530 983 1557 etiam
1006 1531 1033 1556 in
1054 1530 1172 1564 picturis
1189 1538 1278 1565 nuper
1292 1538 1306 1557 a
1322 1531 1402 1558 nobis
1421 1519 1559 1558 enarratis
1577 1530 1669 1557 videre
1684 1536 1735 1558 est.

99 1572 133 1599 Ει
151 1573 262 1608 quidem
280 1574 307 1600 in
323 1574 422 1608 quinta
443 1573 533 1604 icone.
552 1573 597 1601 ubi
616 1574 800 1609 arcltangelus
825 1575 967 1602 diabolum
991 1583 1005 1601 a
1024 1575 1111 1603 Missm
1127 1576 1260 1611 mysterio
1283 1577 1441 1611 tempIOquc
1462 1577 1558 1611 abigit.
1579 1585 1737 1612 quanquam

103 1619 253 1654 epigraphe
279 1620 390 1646 nonnisi
408 1619 548 1646 diabolutn
570 1620 623 1655 piis
642 1620 800 1648 astantibus
826 1620 1001 1648 insidiantem
1024 1621 1150 1653 denotat,
1173 1621 1355 1649 nihilominus
1376 1623 1527 1657 signiﬁcari
1544 1627 1609 1658 pulo
1622 1630 1739 1657 encrgu-

101 1673 246 1692 Inenorum
259 1666 399 1699 praecipue
415 1666 618 1700 cxpulsionem,
636 1674 706 1700 quos
722 1666 871 1701 Dionysius
889 1666 960 1693 Eccl.
978 1667 1108 1694 Itierarclt.
1127 1675 1189 1702 cap.
1205 1669 1232 1700 ὅ,
1248 1676 1310 1695 cum
1327 1669 1535 1696 catccltumenis
1559 1673 1585 1696 et
1603 1670 1740 1704 pmnitenu

101 1711 176 1738 tibus
191 1711 279 1738 arceri
296 1719 310 1737 a
328 1712 493 1739 sacramenti
511 1716 625 1747 aspectu
640 1712 814 1746 ccclesiaqne
836 1712 946 1739 excludi
965 1713 1064 1740 solitos
1088 1718 1193 1740 narrat.
1217 1714 1341 1748 Denique
1361 1714 1406 1741 aio
1430 1719 1548 1742 cunctas
1569 1723 1616 1743 eas
1633 1716 1737 1748 icones,

101 1757 254 1784 secundum
270 1758 416 1792 quamdam
432 1758 568 1786 visionem
588 1763 615 1786 et
629 1753 773 1793 mysticam
793 1759 951 1793 allegoriam
967 1759 1054 1787 fuisse
1071 1759 1206 1794 depictas.
1224 1769 1277 1795 qua
1301 1761 1402 1788 malum
1416 1768 1478 1788 cum
1497 1765 1569 1787 terra
1582 1762 1739 1795 copulatur.

102 1803 128 1830 id
143 1808 188 1830 est
203 1803 335 1831 Christus
352 1803 378 1830 in
409 1804 562 1832 sacerdote.
587 1803 708 1830 ministri
734 1804 856 1831 tninorcs
881 1804 907 1830 in
925 1804 1031 1838 angelis
1047 1808 1293 1839 reprtcsenlantur,
1309 1805 1352 1832 vel
1374 1805 1407 1832 iis
1431 1805 1642 1840 permiscentur,
1666 1806 1739 1832 felici

103 1849 171 1876 artis
188 1849 334 1884 phantasia
351 1853 378 1876 et
396 1849 540 1884 theologia:
552 1849 691 1876 doctrina.
709 1849 761 1876 Sed
780 1850 841 1877 linis
856 1850 902 1881 sit,
921 1850 1075 1884 prteserlim
1089 1850 1153 1885 quia
1172 1851 1290 1885 pictura:
1304 1851 1357 1877 illa:
1373 1851 1445 1877 haud
1457 1851 1490 1876 ad
1506 1850 1651 1885 Epipbanii
1665 1851 1740 1878 codi-

102 1903 160 1923 cem
179 1896 354 1929 liturgiamvc
374 1896 527 1929 pertinent;
547 1903 631 1930 super
641 1904 696 1930 qua
711 1896 780 1923 satis
791 1897 846 1930 jam
864 1896 1012 1922 verborum
1031 1900 1191 1923 nostrorum
1207 1895 1322 1924 ﬂuxisse
1335 1896 1460 1930 videtur;
1471 1900 1498 1924 et
1515 1896 1633 1923 aliorum
1648 1896 1741 1931 potius

102 1940 203 1968 indicia
215 1941 401 1975 exspectanda
415 1948 572 1967 censemus.

102 2032 1730 2053 M

635 2121 843 2166 SANCTI
881 2121 1200 2166 EPIPHANII

335 2217 508 2245 PRECATIO
528 2217 572 2245 ΕΤ
593 2217 814 2246 EXURCISMUS
834 2217 880 2245 AD
899 2216 1090 2247 IMMURDUM
1111 2217 1275 2246 SPIRITUM
1296 2219 1512 2248 EJlCIENDUM.

417 2267 424 2285 I

812 2298 1038 2339 [Fragmenta]

602 2386 720 2416 (lauare,
739 2384 844 2417 Catalog.
857 2383 913 2409 cod.
924 2385 1004 2410 Gram.
1017 2382 1120 2414 Matrit.,
1133 2391 1157 2416 p.
1170 2383 1239 2417 423.)

139 2504 268 2532 Precatio
285 2503 382 2539 incipit
397 2512 404 2530 ε
421 2501 640 2536 Ἑπικαλοὺμεοά
654 2509 695 2532 σε,
709 2501 758 2528 Θεὲ
771 2501 961 2538 παντοκράτορ
968 2502 1056 2538 Κύριε
1071 2501 1158 2538 ’1ησοῦ
1168 2502 1271 2538 Χριστὲ
1282 2503 1392 2539 οὐράνιε
1402 2502 1526 2538 βασιλεῦ·
1541 2504 1746 2542 ὲπικαλούμεθά

104 2561 134 2579 σε
144 2553 188 2579 τὸν
197 2552 349 2587 ποιήσαντα
359 2551 404 2577 τὸν
418 2550 531 2584 οὐρανὸν
546 2550 593 2576 καὶ
605 2549 655 2584 τὴν
668 2549 730 2583 γῆν.
746 2549 869 2577 Exoreisr

983 2559 998 2577 o
1010 2551 1105 2586 incipit
1119 2560 1126 2578 :
1147 2551 1296 2586 Ἐξορκίζω
1308 2560 1350 2584 σε,
1369 2551 1479 2586 πνεῦμα
1489 2552 1656 2588 ἀκάθαρτον,
1672 2554 1745 2582 κατὰ

104 2599 150 2626 τοῦ
161 2600 242 2634 λόγου
252 2598 320 2625 Θεοῦ
329 2598 375 2625 τοῦ
386 2599 548 2633 ποιήσαντος
561 2597 606 2624 τὸν
618 2597 733 2632 οὐρανὸν
748 2598 795 2624 καὶ
804 2597 854 2634 τὴν
862 2598 923 2633 γῆν.
938 2598 1054 2631 Desinit,
1063 2598 1197 2635 φοϐήθητι
1211 2599 1257 2626 τὸν
1265 2599 1481 2635 ἀναϐαλλόμενον
1498 2601 1556 2635 φῶς
1565 2601 1602 2633 ὡς
1621 2603 1727 2637 ἱμάτιον
1737 2611 1744 2619 ⁸

105 2647 151 2673 τὸν
165 2647 247 2683 μόνον
264 2646 360 2681 ἔχοντα
375 2645 526 2672 ἀθανασίαν
540 2645 587 2671 καὶ
605 2644 663 2679 φῶς
677 2645 824 2680 ἀπρόσιτον
838 2653 845 2660 ·
861 2642 883 2679 ᾧ
897 2647 914 2682 ὴ
931 2646 996 2678 δόξα
1012 2646 1060 2673 καὶ
1078 2647 1108 2673 τὺ
1123 2647 1224 2683 κράτος
1239 2648 1279 2678 εἰς
1297 2648 1360 2678 τοὺς
1371 2647 1483 2679 αἰῶνας.
1505 2649 1603 2684 Ἀμήν.

141 2703 270 2730 Precatio
290 2706 318 2730 et
332 2703 504 2730 exorcismus
521 2702 565 2729 hic
582 2706 639 2729 tum
658 2710 672 2729 a
687 2702 716 2729 S.
733 2702 877 2737 Epipltanii
897 2702 1016 2738 Operum
1037 2704 1213 2736 editionibns,
1232 2709 1289 2732 tum
1305 2713 1320 2731 a
1338 2704 1433 2732 Goarii
1460 2705 1623 2740 Eucltologio
1645 2707 1746 2741 pariter

107 2748 217 2774 absunt.
238 2747 425 2775 Nihilominus
451 2752 541 2775 tamen
557 2747 700 2776 Fabricius
716 2748 842 2776 Bibliolli.
857 2748 959 2781 Crte-ca:
975 2751 1030 2776 vol.
1050 2749 1118 2782 VIII,
1137 2758 1197 2785 pag.
1221 2751 1266 2782 95.
1285 2751 1378 2778 laudat
1403 2751 1527 2780 codicem
1547 2751 1745 2778 Barocrianunt

108 2792 174 2825 VIII,
191 2794 219 2821 in
238 2801 293 2828 quo
310 2797 337 2821 et
354 2793 510 2829 Epiphanii,
526 2798 553 2822 ct
571 2795 687 2822 aliorum
705 2794 755 2823 SS.
772 2795 885 2822 Patrum
901 2795 1096 2831 Adjurationes
1111 2797 1168 2824 sive
1184 2796 1338 2824 Exorcistni
1354 2798 1490 2832 ejusmodi
1515 2798 1653 2833 leguntur.
1666 2797 1745 2829 Quod

106 2849 160 2869 non
190 2842 243 2870 levi
271 2846 434 2876 argumento
458 2846 500 2870 est
520 2842 594 2871 hunc
610 2842 640 2872 S.
659 2843 802 2879 Epiphanii
821 2844 945 2879 aliosque
966 2844 1081 2871 aliorum
1109 2843 1231 2876 Patrum,
1258 2845 1399 2873 nonnullis
1415 2845 1504 2873 adhuc
1524 2844 1551 2871 in
1571 2842 1747 2871 bibliothecis

107 2896 173 2918 mss.
190 2889 362 2918 delitescere.
