1937 3039
775 175 944 204 AI‘PENDIX
965 177 1272 206 DlSSElH’A'IIOhUM.

1777 181 1825 210 520

474 286 1407 300 _.__———_______————._—_~——————_—____
1133 296 1407 300 _——

955 290 1816 304 Ἤ

434 371 831 436 APPENDIX
870 374 1591 442 DISSERTATIONUM.

523 527 575 556 DE
593 527 849 559 IIOMANOIKUM
883 530 1175 562 IMPERATORUM
1203 533 1500 563 CIIRONOLOGIA.

674 608 727 643 (Cl‘.
746 613 805 636 not.
822 611 867 647 57,
884 609 918 637 ad
937 610 984 638 lib.
1003 609 1042 637 De
1057 612 1197 643 mensuris,
1215 612 1268 639 col.
1290 613 1366 647 258.)

243 722 314 750 Εἶτα
327 724 468 756 ,ϐασιλεῖς
488 724 642 759 Ῥωμαίων.
670 725 853 753 Romanorum
874 728 990 763 impera-

1079 728 1227 761 Κλαύδιος
1242 729 1294 762 ἐτη
1311 731 1355 763 ιγ’.
1374 729 1454 764 Atqui
1472 729 1604 758 Eusebius
1625 734 1723 764 printer
1741 737 1830 758 annos

207 773 297 795 torum
313 770 357 803 qui
374 770 497 804 sequitur
521 770 658 797 lndiculus
672 772 759 799 altero
775 773 821 799 illo
835 774 991 810 castigatior

203 818 244 841 est
259 835 266 846 ,
292 823 371 849 quem
399 815 426 841 in
443 815 576 842 Ancoralo
589 836 596 848 ,
621 825 648 843 n.
666 817 710 846 60.
727 819 886 852 proposuit;
905 828 991 855 neque

205 864 294 886 tamen
319 860 419 895 ubique
436 861 504 888 satis
531 866 678 890 accuratus
700 869 750 891 est.
774 865 862 897 Quare
882 873 991 900 operam

205 905 330 931 navaturi
346 906 479 938 videmur,
496 907 519 933 si
540 907 566 933 in
586 908 711 942 singulos
729 910 924 944 imperatorum
940 921 990 939 an-

205 958 255 977 nos
267 970 274 982 ,
300 951 346 985 qui
362 953 471 986 quidem
495 954 653 987 quzestionis
670 955 775 990 aliquid
795 957 914 989 habent,
930 958 992 986 dili-

203 997 311 1030 gentilis
328 998 508 1032 inquiramus.
532 999 560 1026 Id
587 1000 659 1027 enim
677 1008 739 1028 cum
763 1003 795 1029 ad
811 1002 991 1039 Epiphaninm

205 1042 418 1075 illustrandum,
437 1046 493 1070 tum
519 1043 552 1071 ad
569 1045 719 1073 Romanam
746 1046 889 1074 historiam
907 1050 991 1077 stabi—

204 1086 320 1113 liendam
345 1088 531 1115 necessarium
546 1089 669 1123 videtur;
693 1097 755 1118 eum
784 1094 934 1126 praesertim
964 1095 991 1122 in

203 1133 257 1158 illis
273 1133 475 1167 quamplurima
499 1135 554 1161 sint
565 1154 573 1168 ,
592 1143 653 1170 quae
666 1136 796 1172 majorem
817 1145 832 1165 ιι
847 1139 993 1167 chronolo-

201 1177 244 1211 gis
260 1177 338 1205 iidem
356 1179 532 1214 studiumque
545 1186 711 1210 mereantur.

238 1223 412 1257 Αὔγουστος
429 1225 480 1258 ἐτη
496 1229 553 1257 rg’.
574 1226 611 1254 De
628 1228 707 1255 annis
731 1228 832 1262 quibus
850 1230 991 1264 imperavit

204 1267 356 1302 Angustus,
368 1270 558 1304 copiosissime
572 1272 674 1299 dictum
689 1279 732 1301 est
748 1274 782 1301 ad
798 1275 865 1303 haer.
880 1276 924 1304 51.
941 1277 991 1306 llic

204 1312 344 1346 sexaginta
362 1321 408 1340 sex
437 1315 570 1342 duntaxat
587 1318 776 1352 ennmeravit;
802 1325 899 1354 praeter
921 1330 991 1356 quos

206 1357 338 1386 Eusebius
374 1366 421 1386 sex
455 1368 564 1389 menses
589 1361 677 1390 addit.
703 1363 811 1392 Initium
837 1367 871 1393 ab
902 1367 934 1394 U.
958 1368 988 1396 C.

204 1410 276 1430 anno
293 1403 353 1437 711,
380 1404 406 1431 id
430 1410 471 1432 est
490 1406 614 1440 proximo
631 1415 646 1434 a
672 1416 738 1436 nece
760 1409 833 1438 Julii.
852 1411 918 1439 Nam
942 1413 989 1441 Jo-
1007 1397 1028 1425 Β

204 1449 321 1483 sephus,
348 1450 394 1484 qui
420 1451 454 1478 ab
472 1451 531 1486 ipso
546 1451 662 1480 Juliana:
678 1454 760 1483 Caedis
777 1463 849 1483 anno
866 1458 988 1492 deduxit,

204 1503 291 1522 manus
305 1496 351 1522 dat
365 1497 489 1530 Augusto
502 1505 565 1530 Lvu,
579 1507 686 1526 menses
702 1508 738 1531 vi,
760 1502 818 1529 dies
837 1511 864 1530 ιι.

241 1541 280 1566 Οὔ
300 1549 380 1573 τινος
404 1541 439 1567 ἐν
459 1538 500 1574 τῷ
515 1545 757 1578 τεσσαρακοστῷ.
781 1547 859 1573 Anno
874 1548 989 1576 Ca‘saris

205 1586 317 1620 Augusti
336 1594 388 1612 xi.”
403 1586 540 1613 Christum
558 1588 584 1614 in
603 1589 689 1615 lucem
715 1590 816 1617 editum
843 1599 904 1620 esse
926 1601 987 1620 cuin

205 1631 319 1658 liusehio
338 1637 431 1659 censet
449 1633 634 1667 Epiphanius,
655 1636 758 1669 periodi
778 1636 892 1664 Juliana:
907 1639 988 1671 4712,

202 1677 311 1705 Juliano
327 1686 400 1709 κων,
422 1678 531 1705 biennio
547 1679 601 1707 fere
619 1684 682 1707 ante
700 1689 870 1710 communem
888 1684 989 1712 Christi

204 1723 332 1750 natalem.
349 1722 416 1750 Nam
434 1731 458 1750 vi
472 1723 595 1752 Januarii
609 1729 702 1752 natum
719 1727 868 1755 existimat.
886 1728 923 1756 De
935 1737 989 1764 quo

204 1769 236 1794 a-l
252 1768 316 1794 Ilml'.
336 1768 381 1795 5|.

242 1813 369 1847 Τιϐέριος
391 1814 442 1849 Ern
469 1818 523 1850 κγ’.
542 1815 651 1843 Tiberio
678 1825 745 1844 xxm
771 1826 859 1846 annos
888 1819 989 1847 solidos

205 1861 320 1893 imputat
343 1859 496 1893 Eusebius,
523 1869 556 1888 ex
581 1869 668 1897 eoque
696 1868 817 1891 noster:
845 1872 900 1891 non
931 1866 990 1892 sine

203 1912 305 1931 errore.
323 1904 444 1932 Dicerem
466 1910 493 1932 et
509 1906 551 1932 hic
563 1925 570 1937 ,
591 1911 617 1933 et
633 1908 660 1933 in
678 1907 800 1942 Angusto
812 1928 819 1938 ,
843 1910 988 1936 rotundum

205 1958 346 1977 numerum
365 1955 536 1978 consectatus
555 1959 632 1985 csso,
657 1953 708 1979 nisi
731 1953 758 1980 in
776 1954 837 1981 aliis
853 1955 990 1990 plerisque

206 2003 312 2022 menses
332 2003 363 2022 ae
380 1996 438 2023 dies
463 1996 643 2031 adiecissent;
660 2005 730 2033 quos
744 1999 856 2033 proinde
871 2000 897 2027 in
910 2001 990 2028 Tibe—

204 2041 245 2065 rio
271 2041 440 2074 przetcrmitti
459 2049 512 2068 non
537 2043 667 2076 oportuit.
689 2043 812 2071 Mortuus
831 2049 872 2071 est
895 2046 989 2080 Augu-

1045 782 1105 806 χιιι,
1124 781 1233 801 menses
1249 774 1364 809 imputat
1382 783 1418 806 ix,
1435 775 1493 802 dies
1504 783 1598 802 xxvm.
1615 775 1662 802 Dio
1677 783 1766 803 annos
1781 777 1831 803 tri-

1043 820 1101 847 buit
1123 828 1180 852 xm,
1201 828 1308 848 menses
1323 829 1381 852 vm,
1399 822 1458 849 dies
1480 829 1523 848 xx.
1549 821 1622 848 (lbiit
1642 820 1786 852 Claudius,
1801 827 1830 848 ut

1042 869 1139 893 auctor
1152 869 1194 893 est
1206 865 1363 898 Suetonius,
1378 866 1473 894 Asinio
1489 866 1626 898 Marcello,
1639 867 1726 894 Acilio
1735 867 1830 894 Aviola

1042 919 1128 941 c055,,
1145 918 1173 938 ιιι
1191 911 1228 937 ld.
1242 910 1303 938 Oct.
1331 911 1371 937 Ab
1398 915 1459 939 ante
1471 911 1541 939 diem
1556 920 1604 939 VH!
1620 911 1733 940 Kalend.
1748 912 1829 939 Febr.

1042 956 1105 982 anni
1121 956 1150 982 M
1176 955 1345 991 Dionysiani.
1363 964 1416 990 quo
1439 956 1586 991 imperium
1610 957 1769 991 auspicatus
1788 963 1831 985 est

1041 999 1183 1031 Claudius,
1203 1000 1236 1027 ad
1252 1008 1300 1026 xm
1320 1000 1446 1033 Octobris
1461 1001 1524 1027 anni
1550 1001 1600 1033 51,
1621 1001 1647 1027 in
1667 1009 1749 1036 quem
1765 1001 1831 1029 Asi-

1042 1045 1103 1072 nius
1116 1044 1260 1072 lllareellns
1271 1049 1298 1072 et
1311 1045 1405 1072 Aviola
1422 1052 1495 1072 coss.
1514 1046 1648 1077 incidunt,
1664 1047 1729 1074 anni
1746 1047 1833 1074 inter-

1042 1090 1141 1116 cedunt
1156 1090 1235 1117 solidi
1254 1098 1314 1119 xm.
1338 1099 1399 1117 eum
1416 1091 1514 1118 diebus
1531 1098 1630 1124 cctxn,
1649 1093 1706 1119 sive
1725 1093 1832 1119 mensi-

1041 1134 1092 1162 bus
1115 1133 1232 1161 Julianis
1259 1142 1326 1166 vni,
1345 1134 1442 1161 diebus
1466 1142 1500 1161 xx
1522 1144 1530 1162 :
1553 1139 1619 1169 qnot
1646 1139 1720 1162 recte
1748 1135 1830 1162 colli-

1041 1179 1079 1214 git
1093 1178 1151 1206 Dio.

1076 1225 1177 1259 Νέρων
1195 1225 1247 1258 ἐτη
1264 1228 1310 1259 ιγ’.
1329 1224 1463 1252 Eusebius
1477 1232 1564 1252 annos
1584 1224 1708 1251 attribuit
1729 1224 1832 1251 Neroni

1042 1278 1101 1302 xm,
1119 1277 1226 1298 menses
1244 1279 1293 1300 vn.
1313 1271 1371 1298 dies
1390 1278 1474 1297 xxvm
1490 1269 1559 1303 ;l)io
1573 1278 1659 1298 annos
1677 1277 1739 1301 xm,
1754 1277 1830 1297 men-

1041 1324 1085 1343 ses
1100 1323 1158 1343 vm.
1193 1316 1302 1343 Initium
1331 1316 1444 1344 Neronis
1466 1320 1508 1343 est
1540 1324 1585 1343 xw
1616 1315 1746 1343 Octobris
1764 1317 1831 1342 anni

1042 1361 1199 1396 Dionysiani
1227 1361 1281 1395 54;
1307 1369 1322 1388 ιι
1337 1369 1391 1396 quo
1414 1361 1499 1396 putati
1520 1361 1584 1387 anni
1603 1361 1744 1392 tredecim,
1767 1368 1830 1387 eum

1043 1408 1184 1435 mensibus
1200 1411 1273 1440 octo,
1291 1407 1420 1434 desinunt
1438 1407 1465 1433 in
1478 1414 1526 1434 xm
1545 1407 1654 1434 circiter
1663 1405 1739 1433 Junii
1761 1407 1828 1433 anni

1044 1452 1199 1486 Dionysiani
1211 1451 1257 1479 68.

1079 1496 1197 1529 Γαλϐιῖς
1223 1496 1323 1531 μῆνας
1340 1495 1372 1526 ζ’.
1390 1496 1418 1522 In
1443 1497 1575 1524 Ancoran
1593 1502 1648 1524 tres
1671 1504 1686 1524 e
1715 1504 1832 1523 numero

1043 1540 1219 1574 imperatores
1235 1541 1377 1575 expunxit,
1399 1541 1470 1567 haud
1491 1548 1557 1568 sane
1579 1541 1686 1568 merito.
1705 1540 1831 1573 Quorum

1043 1587 1146 1620 primus
1170 1586 1254 1613 Galba
1287 1587 1404 1621 septimo
1428 1586 1534 1620 imperii
1559 1594 1652 1614 mense
1675 1588 1832 1615 trucidatus

1042 1638 1093 1662 est.
1111 1636 1138 1658 ut
1152 1632 1233 1658 refert
1244 1631 1391 1658 Suetonius
1402 1636 1428 1658 et
1440 1631 1584 1659 Eusebius.
1599 1632 1647 1659 Dio
1664 1641 1689 1659 Ix
1708 1633 1733 1660 ei
1754 1641 1832 1659 men-

1043 1684 1096 1707 ses,
1115 1677 1174 1703 dies
1189 1684 1247 1708 xm.
1265 1676 1401 1704 concedit.
1421 1677 1492 1703 Otho
1504 1685 1552 1704 xcv
1573 1678 1678 1711 imperii
1691 1678 1737 1705 dic
1757 1687 1833 1705 llmr-

1043 1725 1106 1748 tuus
1119 1725 1170 1752 est,
1185 1725 1296 1747 auctore
1316 1720 1466 1754 Suetonio;
1486 1722 1537 1753 vel,
1558 1727 1586 1749 ut
1605 1722 1663 1754 Dio,
1682 1731 1723 1750 xc.
1743 1723 1831 1751 Vitr-lo

1044 1766 1095 1793 lius
1104 1774 1205 1792 annum
1218 1774 1301 1792 unum
1314 1766 1467 1800 imperavit,
1480 1767 1571 1794 decem
1588 1768 1684 1795 diebus
1691 1771 1828 1804 exceptis,

1042 1811 1079 1838 ait
1097 1811 1154 1838 Dio.
1173 1811 1346 1846 Colliguntur
1355 1812 1389 1839 ab
1403 1813 1478 1839 obitu
1486 1813 1602 1841 Neronis
1614 1815 1677 1840 anni
1694 1815 1759 1845 duo.
1771 1817 1832 1844 dies

1042 1856 1161 1890 quinque
1177 1866 1182 1882 :
1199 1857 1244 1891 qui
1262 1857 1390 1884 desiliunt
1409 1857 1437 1884 in
1456 1865 1557 1885 annum
1574 1859 1675 1887 Christi
1695 1861 1739 1892 70,
1756 1861 1831 1888 Junii

1044 1902 1098 1928 fere
1112 1909 1189 1928 xvm.
1207 1903 1287 1936 Atqui
1311 1902 1471 1936 jamdudum
1487 1903 1611 1932 Vitellius
1631 1905 1745 1932 obierat.
1767 1906 1833 1933 Fal—

1042 1954 1101 1974 sum
1114 1951 1156 1974 est
1175 1948 1256 1982 igitur
1278 1948 1372 1974 tandiu
1398 1946 1510 1976 Galbam
1531 1957 1563 1977 ac
1590 1951 1724 1978 Vitellium
1743 1953 1832 1986 impe-

1043 2001 1128 2031 rasse.
1157 1993 1305 2021 Suetonius
1329 1993 1465 2021 Vitellium
1486 1997 1523 2021 ait
1546 2000 1639 2023 natum
1660 2005 1722 2025 esse
1742 1997 1834 2026 Druso

1042 2045 1068 2067 et
1086 2039 1212 2067 Norbano
1223 2048 1307 2073 coss.,
1324 2040 1398 2075 Sept.
1419 2050 1467 2073 vn,
1497 2042 1538 2068 vel
1560 2051 1631 2070 xxw.
1646 2044 1671 2071 Is
1685 2048 1727 2071 est
1741 2051 1833 2073 annus

205 2090 264 2112 5mg
279 2086 386 2113 duobus
407 2086 497 2114 Sextis
510 2095 594 2119 c055,.
611 2095 684 2115 anno
700 2088 864 2125 Dionysium)
880 2090 927 2122 14,
938 2071 992 2126 υρο-
1005 2071 1025 2099 C
1041 2085 1156 2112 Juliana:
1183 2085 1276 2112 forma:
1301 2086 1346 2117 60,
1359 2086 1460 2114 Christi
1479 2087 1520 2114 I5.
1540 2088 1656 2115 l‘eriisse
1670 2097 1735 2116 vero
1758 2099 1833 2118 anno

206 2131 273 2157 riodi
287 2131 400 2159 Julian-.1:
412 2132 491 2165 47:27,
507 2141 550 2160 xiv
565 2133 624 2160 Kal.
639 2133 725 2169 Sept.,
743 2139 772 2162 ut
783 2136 821 2163 ait
834 2135 989 2164 Suetonius.

205 2176 330 2204 'i‘iberins
350 2185 414 2205 vero
428 2179 542 2205 moritur
558 2187 612 2206 xvn
633 2179 748 2207 Kalend.
763 2181 891 2217 Apr.,Cn.
909 2182 992 2210 Acer—

206 2223 283 2250 ronio
299 2223 414 2250 l’rorulo
425 2228 452 2251 et
466 2224 497 2251 C.
513 2224 609 2252 Pontio
625 2233 710 2259 coss.,
729 2234 801 2253 anno
828 2227 992 2263 Dionysiano

205 2269 249 2299 S7,
264 2277 320 2304 per.
338 2268 391 2296 Jul.
406 2270 485 2297 4750.
502 2270 676 2298 Intervallum
698 2280 830 2299 annorum
849 2281 916 2305 xxn.
931 2274 991 2302 die-

207 2322 265 2341 ium
277 2323 349 2347 θοις,
368 2315 417 2342 hoc
433 2320 476 2342 est
493 2317 625 2344 mensium
647 2316 702 2344 fere
724 2325 771 2344 vn.
793 2317 870 2350 Quod
886 2323 992 2354 tempus

204 2365 247 2387 est
260 2360 395 2388 Tiberiani
413 2361 528 2396 imperii.
544 2361 598 2389 Nec
612 2367 683 2389 recte
699 2362 747 2389 Dio
761 2362 909 2396 imperasse
923 2365 991 2391 scri-

206 2406 245 2432 bit
261 2411 358 2440 pl‘mler
372 2414 459 2434 annos
475 2415 541 2438 un,
559 2415 666 2434 menses
680 2415 728 2438 vn.
746 2415 777 2434 ae
791 2408 849 2436 dies
867 2409 989 2437 totidem.

207 2451 273 2478 Nam
294 2453 352 2479 dies
372 2459 431 2478 ccux
456 2461 517 2479 eum
533 2453 742 2480 cxvurrentibus
760 2454 825 2481 iisce
850 2456 990 2485 mensibus

207 2505 239 2523 ae
254 2497 359 2529 diebus,
374 2506 463 2532 neque
475 2498 501 2524 in
512 2498 619 2525 Juliana
635 2499 733 2532 forma,
749 2507 837 2535 neque
849 2501 875 2527 in
889 2501 990 2535 lunari,

208 2547 255 2570 ant
270 2543 429 2578 Egyptiaca
442 2544 579 2578 adzequari
599 2549 724 2578 possunt.
823 2544 828 2548 “

243 2588 333 2620 Γάιος
346 2590 397 2622 ἐτη
415 2592 448 2624 τ’.
463 2588 597 2618 Eusebius
615 2597 702 2618 annos
711 2591 736 2618 ei
745 2592 910 2627 tribuittres,
928 2601 990 2621 cum

208 2633 348 2660 mensibus
364 2642 401 2668 x;
418 2634 466 2662 Dio
483 2643 570 2663 annos
582 2644 623 2668 ιιι,
637 2643 744 2665 menses
758 2644 796 2668 Ix,
812 2637 870 2665 dies
886 2646 988 2672 xxvm;

208 2678 356 2705 Suetonius
382 2686 489 2706 menses
505 2687 519 2706 x
531 2699 537 2710 ,
553 2679 612 2707 dies
631 2687 688 2706 vni.
713 2680 754 2707 Ab
769 2684 833 2707 ante
851 2681 922 2708 diem
945 2689 989 2708 xvi

1042 2133 1130 2160 aetatis
1146 2140 1200 2160 Lvn
1214 2140 1222 2164 ;
1235 2132 1307 2167 quod
1321 2136 1348 2159 et
1361 2131 1472 2160 Tacitus
1487 2141 1519 2160 eo
1533 2143 1537 2158 |
1551 2135 1656 2168 prohat.
1671 2134 1699 2162 Si
1716 2135 1768 2162 hoc
1785 2144 1831 2164 ve-

1044 2187 1102 2206 rum
1118 2182 1170 2209 est,
1183 2178 1241 2205 iniit
1262 2186 1350 2205 annus
1368 2178 1427 2212 ejus
1444 2186 1495 2205 Lvn
1526 2178 1634 2206 Juliano
1652 2180 1713 2213 H6,
1725 2180 1831 2209 Christi

1044 2227 1086 2254 71.
1101 2226 1180 2258 Quod
1199 2225 1220 2252 si
1239 2229 1298 2259 post
1318 2224 1429 2252 Kalend.
1443 2224 1504 2252 Jan.
1521 2225 1600 2255 obiit.
1621 2226 1737 2261 contigit
1754 2234 1831 2254 mors

1042 2271 1102 2306 ejus
1127 2271 1227 2298 Christi
1250 2270 1294 2297 72.
1318 2271 1398 2305 Atqui
1421 2270 1579 2305 Vespasiani
1604 2271 1711 2297 initium
1732 2272 1831 2299 incidit

1043 2316 1071 2343 in
1086 2317 1186 2344 Christi
1204 2316 1248 2346 69.
1260 2315 1469 2348 Julianumiu,
1486 2321 1516 2343 ut
1533 2318 1614 2351 paulo
1633 2321 1694 2350 post
1711 2317 1830 2345 dicetur.

1044 2361 1139 2390 Verior
1156 2365 1198 2389 est
1227 2362 1318 2396 itaque
1346 2361 1441 2389 Dionis
1471 2362 1595 2394 historia,
1625 2362 1671 2396 qui
1692 2362 1831 2390 Vitellium

1043 2415 1116 2435 anno
1134 2408 1222 2435 :etatis
1249 2414 1292 2434 LIV
1309 2410 1446 2434 mortuum
1471 2414 1531 2433 esse
1558 2407 1664 2434 scribit.
1685 2407 1742 2434 lloc
1757 2409 1831 2434 enim

1043 2454 1124 2481 modo
1140 2453 1168 2480 ili
1189 2460 1291 2479 annum
1321 2452 1423 2479 Christi
1443 2451 1487 2484 69,
1514 2451 1652 2479 Julianum
1676 2452 1739 2484 IH,
1756 2461 1832 2480 mors

1043 2498 1116 2526 illius
1138 2497 1294 2525 incurrerit.
1316 2496 1368 2523 Sed
1398 2496 1482 2523 trium
1503 2496 1611 2523 illorum
1633 2496 1831 2531 imperatorum

1043 2549 1098 2570 tam
1110 2543 1198 2576 initia,
1218 2549 1299 2577 quam
1310 2542 1400 2568 exitus
1417 2541 1577 2576 perobseuri
1592 2545 1666 2575 Sunt,
1678 2541 1714 2570 de
1729 2542 1833 2577 quibus

1044 2589 1110 2616 alias
1119 2588 1289 2616 enucleatius
1306 2591 1413 2622 agetur.

1079 2633 1307 2665 Οὐεσπασιανὸς
1331 2633 1383 2666 ἐτη
1401 2633 1434 2660 θ’.
1465 2631 1600 2660 Eusebius
1621 2636 1720 2668 praeter
1742 2639 1834 2663 annos

1044 2680 1168 2712 totidem,
1186 2679 1281 2707 tribuit
1296 2686 1403 2706 nienses
1412 2683 1540 2712 przeterea
1554 2685 1592 2711 XI,
1611 2678 1670 2706 dies
1686 2686 1760 2710 xxu;
1780 2687 1834 2707 nec

206 2723 320 2752 Kalend.
337 2726 401 2759 Apr.
414 2732 467 2759 quo
487 2725 629 2760 imperium
650 2725 722 2758 iniit,
737 2733 808 2753 anno
824 2725 986 2762 Dionysiano
1007 2734 1029 2761 ι)
1046 2727 1124 2761 longe
1143 2725 1220 2752 abest
1240 2724 1300 2756 Dio,
1334 2724 1380 2759 qui
1403 2723 1552 2758 imperasse
1576 2723 1673 2751 scribit
1696 2731 1786 2752 annos
1805 2732 1832 2756 ι,

208 2778 311 2801 xxxvii,
330 2771 364 2798 ad
381 2779 406 2798 ix
424 2770 482 2797 Kal.
498 2770 575 2798 Febr.
593 2772 656 2798 anni
672 2772 716 2804 41,
736 2779 790 2806 quo
814 2772 992 2808 interemptus

208 2820 249 2842 est
266 2815 359 2848 Caius,
375 2816 437 2842 anni
458 2821 521 2843 sunt
540 2816 617 2843 solidi
632 2824 670 2846 ιιι,
687 2824 748 2843 cum
766 2816 862 2844 diebus
878 2825 970 2844 eccsn'
986 2827 990 2844 :

207 2863 267 2888 alii:
289 2862 427 2890 mensibus
441 2862 556 2890 Jalianis
578 2871 593 2888 x
610 2871 668 2888 (\lill
687 2863 781 2891 rliebns
800 2870 856 2888 vm.

1044 2769 1136 2798 minus
1169 2770 1264 2798 diebus
1289 2777 1326 2797 vt.
1355 2769 1502 2797 Suetonius
1525 2773 1619 2796 natum
1647 2777 1710 2796 esse
1741 2770 1834 2804 prodit

1046 2817 1240 2852 Vespasianum
1270 2824 1303 2842 xv
1322 2815 1436 2842 Kalend.
1454 2814 1579 2842 Deccmb.
1593 2813 1625 2847 Q.
1647 2814 1764 2850 Sulpitio
1783 2815 1834 2843 Ca-

1044 2863 1157 2892 melino,
1171 2861 1198 2887 C.
1216 2861 1323 2895 l’oppeo
1335 2861 1435 2887 Sabino
1455 2860 1736 2894 ross.,quinqnennio
1754 2865 1834 2887 aute-
