1937 3039
114 194 163 222 541

594 191 637 218 DE
653 190 871 219 ROMANORUM
892 192 980 221 turr.
1002 191 1260 222 CHRONOLOGIA.

1695 192 1750 220 δη

114 258 196 286 quam
223 250 362 284 Augustus
391 248 544 275 ειεοιιοΐειι
570 247 620 275 "lc
634 252 675 275 εει
695 255 783 275 almus
801 247 901 284 Diony-
918 252 937 279 Α
953 258 1024 277 anno
1038 250 1073 277 58
1089 250 1202 277 ineunte
1213 246 1353 279 Januario,
1372 255 1436 275 cum
1463 247 1553 275 adhuc
1567 247 1626 275 Caii
1643 247 1750 282 primus

115 297 212 325 sianus
225 295 253 323 9.
269 295 349 321 Addit
363 293 464 322 vixisse
482 301 568 321 annos
589 301 664 324 uix.
685 301 795 321 menses
811 301 859 325 VII,
876 301 908 321 ae

115 343 174 370 dies
189 350 237 369 vn.
253 341 305 374 Qui
331 348 346 366 a
371 339 533 367 Novembris
549 347 603 366 xvn
616 339 660 367 die
675 339 739 366 anni
756 339 822 366 noni
833 347 909 366 como

116 388 216 422 putati,
241 387 371 414 desinunt
398 385 425 412 in
454 389 517 411 ante
542 384 614 411 diem
629 392 655 410 ix
682 383 796 411 Kalend.
811 383 907 415 Julias,

118 433 176 460 sive
186 440 252 459 xxiii
266 431 351 463 Junii,
370 437 426 464 quo
447 429 491 456 die
509 430 664 457 exstinctus
680 430 714 456 ab
731 429 827 457 eodem
841 430 910 457 dici-

118 481 174 509 tur,
195 477 260 504 anni
277 477 380 504 Christi
397 476 442 506 70,
458 474 561 502 Iuliani
578 475 636 502 IN.
655 475 739 510 Igitur
750 482 823 502 anno
835 475 910 502 Chri—

119 523 155 549 sti
169 522 204 548 79
236 526 362 548 mortuus
389 524 431 548 est
453 519 652 554 Vespasianus.
675 519 734 546 Jam
757 527 822 547 vero
847 527 909 547 cum

119 567 227 601 imperii
247 566 354 601 primus
368 566 427 594 dies
444 573 478 592 ex
498 565 531 591 A.
555 564 587 591 1).
606 565 721 592 Kalend.
741 564 795 591 Jul.
814 572 911 592 nume-

120 609 174 636 rari
186 613 294 644 coeptus
306 609 353 640 sit,
367 608 464 636 eodem
479 612 592 635 auctore
609 607 752 639 Suetonio,
762 615 794 635 ac
805 608 909 638 decem.

120 655 217 689 paucis
235 655 358 688 exceptis
377 653 488 682 diebus.
508 660 596 680 annos
615 652 786 687 impleverit;
805 652 827 678 si
839 659 911 679 anno

119 699 226 727 Christi
242 700 276 727 79
289 699 428 727 aKalend.
444 698 525 726 Juliis
539 698 658 726 initurus
671 699 752 725 Fuerit
767 705 855 724 annus
873 705 910 731 xI,

119 745 227 779 primus
238 744 399 779 Vespasiani
412 751 502 771 annus
519 743 665 770 inchoatus
680 747 723 771 est
743 751 815 769 anno
830 742 911 770 Chri-

119 789 155 815 sti
182 788 227 819 69,
251 787 360 815 Juliano
375 788 435 819 tu,
452 791 513 822 post
527 794 641 818 annum,
661 792 687 814 et
705 787 808 821 aliquot
823 786 880 813 dics
897 793 912 812 a

119 834 238 861 Neronis
263 834 350 861 obitu.
380 833 432 861 Sed
458 832 584 860 Vitellius
600 836 662 867 post
684 833 792 860 initium
810 831 912 867 Vespa-

120 880 192 907 siani
208 880 301 914 plures
320 887 430 907 menses
447 879 579 907 traduxit.

961 295 1110 326 laberetur,
1140 301 1230 321 annus
1255 292 1342 327 ipsius
1358 299 1402 319 Lvt
1427 292 1538 327 incipiet
1553 293 1587 319 ab
1608 291 1750 320 Decembri

960 348 1054 367 mense
1079 339 1143 367 anni
1173 339 1219 371 92,
1247 343 1308 373 post
1323 338 1432 365 initium
1448 337 1513 364 anni
1536 345 1575 365 xu
1593 337 1749 365 Domitiani.

961 386 1050 418 Quare
1062 390 1091 412 ut
1103 385 1241 412 scribendi
1253 386 1332 411 tinem
1344 383 1438 410 fecerit
1454 383 1566 410 Octobri
1580 391 1673 411 mense
1686 384 1750 410 anni

961 432 1006 462 93.
1022 431 1048 457 id
1064 431 1194 458 acciderit
1211 438 1284 457 anno
1302 430 1363 456 vita:
1379 436 1436 456 sua:
1454 436 1508 461 Lvi,
1526 429 1670 455 Domitiani
1686 436 1753 455 vero

962 483 1020 502 xui.
1037 475 1087 502 Eat
1106 483 1180 502 nunc
1196 482 1258 502 eum
1269 475 1376 501 illosuo
1386 473 1598 508 epiphonemate
1613 472 1751 506 Scaliger:

963 522 1007 549 Ita
1022 523 1137 557 quotidie
1152 521 1326 556 periclitando
1338 521 1525 556 ﬁdemnoatras
1540 519 1666 551 met/todi,
1685 519 1751 546 alie-

961 575 1009 594 nos
1024 575 1125 594 errores
1138 567 1365 600 deprehendimus.

1003 613 1055 639 Ἐν
1089 613 1184 645 τούτῳ
1206 612 1247 644 τῷ
1279 612 1388 645 χρόνῳ.
1422 610 1508 638 Valde
1534 610 1676 642 ἰδιωτικῶς
1704 610 1756 638 hoe

962 658 1031 685 dixit
1058 657 1237 692 Epiphanius,
1269 657 1323 684 Titi
1351 661 1474 691 tempore
1501 656 1755 691 Hierosolymorum

962 703 1098 729 excidium
1129 702 1269 729 incidisse.
1308 702 1385 734 Quod
1409 702 1536 729 excusari
1561 702 1653 736 aliquo
1673 703 1756 729 modo

964 750 1063 781 potest.
1085 750 1114 773 ut
1138 746 1300 778 rr‘Aorruxth,
1320 746 1368 773 hoc
1381 751 1506 780 tempore,
1523 746 1548 773 id
1564 752 1606 774 est
1622 747 1674 774 sub
1696 747 1756 774 istis

964 791 1177 826 imperatoribus
1189 811 1196 821 .
1218 799 1316 826 nempe
1335 791 1387 818 sub
1406 790 1587 825 Vespasiano.
1608 792 1758 827 contigisse

964 837 1043 867 velit;
1058 845 1121 863 nam
1138 835 1298 870 Vespasiani
1320 844 1393 863 anno
1409 836 1532 863 secundo
1543 843 1558 863 a
1570 837 1632 863 Tito
1649 840 1756 864 vastata

964 887 1030 909 sunt
1042 881 1246 916 Hierosolyma:
1263 885 1292 908 ut
1306 881 1376 908 inter
1388 885 1502 908 czeteros
1511 882 1613 909 diserte
1621 882 1757 916 .Ioseplius

158 929 243 961 Τίτος
253 919 304 962 δέη
316 927 381 954 δύο.
409 927 510 954 Practer
529 927 669 955 bienniqu
692 927 816 962 duosque
838 934 914 954 men-
930 917 950 944 Β
965 927 1081 954 allirmat
1096 927 1143 954 lib.
1163 935 1200 959 \'l,
1224 934 1284 961 cap.
1299 927 1351 959 27;
1381 927 1508 959 alterum,
1531 928 1603 962 quod
1621 930 1755 962 sequitur.

120 981 177 1004 ses,
192 973 337 1008 imperarit
356 973 454 1008 viginti
470 977 601 1007 przeteroa
615 972 690 1005 dies;
709 979 771 999 nam
787 975 913 999 mortuus

120 1024 163 1046 est
175 1018 214 1045 ld.
231 1018 318 1053 Sept.,
334 1018 386 1045 hoc
399 1023 441 1046 est
455 1026 503 1045 xni
515 1018 559 1046 die
577 1018 698 1050 mensis;
712 1018 812 1052 quibus
827 1018 913 1045 additi

125 1069 231 1099 septem
250 1064 352 1091 residui
365 1064 400 1091 de
417 1063 500 1090 Junio
520 1063 585 1090 anni
603 1063 647 1095 79,
668 1063 728 1090 dics
740 1063 834 1097 viginti
846 1070 913 1090 con-

124 1110 222 1136 licittnt
233 1115 318 1143 supra
331 1109 483 1142 biennium,
495 1113 522 1136 et
533 1116 641 1136 menses
650 1108 729 1135 duos.
739 1107 813 1135 Obiit
825 1107 914 1142 itaque

122 1163 196 1182 anno
213 1155 317 1190 Christi
338 1154 383 1186 81,
397 1154 506 1182 Juliano
525 1154 585 1181 126.
602 1151 680 1181 Unde
697 1153 805 1180 initium
823 1153 914 1180 Domi-

122 1201 190 1228 tiani
219 1200 373 1234 consurgit.
404 1199 590 1235 Castigandus
611 1207 676 1227 vero
694 1203 736 1227 est
756 1198 913 1234 Eutropius,

121 1246 170 1282 qui
194 1253 305 1273 menses
321 1249 394 1279 octo,
410 1245 468 1273 dies
485 1245 582 1280 viginti
603 1252 686 1280 supra
705 1244 845 1272 biennium
862 1244 914 1272 iiu-

122 1297 213 1328 putat.

158 1337 332 1372 Δομιτιανὸς
341 1336 392 1370 ἔτη
404 1336 447 1363 ιε’.
461 1334 601 1367 Μριιιίοεο,
614 1338 643 1362 ιιι
655 1338 681 1362 et
690 1334 833 1365 Eusebius.
843 1334 915 1369 quod

123 1383 155 1410 ad
171 1391 280 1410 menses
293 1382 456 1415 attinet.pro
469 1380 570 1415 quibus
581 1380 671 1408 scribe
686 1380 792 1416 ἡμέρας
809 1383 839 1406 ε’.
848 1379 914 1406 Nam

123 1429 270 1464 imperavit
292 1428 372 1456 annis
396 1427 570 1462 quindecim,
601 1427 699 1455 diebus
725 1427 857 1461 quinque,
879 1427 916 1452 ait

124 1475 184 1502 Itin.
212 1474 362 1502 Suetonius
379 1481 406 1502 et
437 1473 584 1508 Eutropius
604 1480 676 1500 anno
697 1473 792 1508 quinto
811 1473 916 1500 decimo

128 1519 237 1554 imperii
255 1523 391 1547 ntortuum
405 1526 465 1546 esse
486 1522 609 1545 narrant.
628 1518 651 1544 Δ
666 1526 710 1544 xiv
721 1518 764 1544 die
778 1517 915 1552 Septemb.

126 1564 259 1598 postridie
275 1571 357 1598 quant
386 1563 465 1590 Titus
493 1567 661 1594 excesserat,
680 1563 712 1590 ad
739 1571 783 1589 xiv
800 1562 914 1589 Kalend.

124 1610 250 1642 ‘trtobh,
265 1610 317 1637 hoc
332 1613 374 1637 est
391 1610 422 1636 ad
438 1617 504 1636 xviii
535 1609 687 1644 Septemb,
704 1616 758 1643 quo
772 1609 816 1636 dic
832 1608 916 1635 inter-

126 1656 214 1682 iectus
225 1659 268 1682 est
282 1654 463 1687 Domitianus,
479 1653 538 1681 dies
551 1658 614 1681 sunt
636 1661 695 1684 sex,
710 1653 822 1681 excluso
842 1660 914 1680 mor-

126 1701 161 1727 tis
175 1700 231 1728 dic.
247 1699 372 1727 Totidem
389 1700 461 1726 ultra
479 1699 583 1726 solidos
597 1706 686 1726 annos
701 1706 850 1726 excurrere
869 1706 916 1725 ne‘

125 1754 204 1774 cosse
219 1751 270 1777 cst,
288 1754 340 1773 non
367 1753 474 1773 menses
494 1745 588 1773 diesve
612 1745 717 1779 plures.
742 1744 775 1770 At
795 1743 917 1779 Scaliger

127 1793 173 1819 lib.
189 1800 204 1818 v
221 1791 257 1818 De
270 1790 372 1818 emend.
381 1795 460 1825 temp.
475 1790 669 1820 Domitianum.
682 1794 779 1817 contra
795 1797 918 1816 commu-

127 1844 188 1863 nem
204 1836 326 1863 omnium
336 1835 510 1867 sententiain,
521 1843 609 1863 annos
619 1835 751 1862 duntaxat
769 1834 918 1869 imperasse

128 1884 205 1914 putat
227 1880 433 1914 quattuordecim
461 1887 523 1907 cum
548 1880 646 1907 diebus
665 1880 796 1914 quinque,
820 1883 848 1906 et
871 1879 916 1913 qui

127 1928 206 1954 aliter
218 1929 351 1958 statuant,
374 1926 466 1953 minus
479 1933 526 1953 eos
538 1925 685 1960 prudenter
700 1924 789 1951 facere
802 1924 916 1958 judicat.

128 1973 184 1998 lino
201 1979 268 1998 vero
284 1978 380 2006 parum
400 1971 444 1998 ille
472 1978 539 1998 sane
559 1971 717 2005 prudenter.
737 1969 828 2003 Neque
845 1969 916 1996 enim

128 2018 220 2053 negari
239 2021 338 2051 potest,
367 2017 434 2051 quin
459 2015 631 2044 Domitianus
655 2022 743 2042 annos
761 2015 916 2049 quindecim

127 2063 291 2097 expleverit,
309 2069 340 2089 ac
360 2063 393 2089 de
409 2066 487 2089 sexto
502 2061 608 2089 decimo
626 2068 726 2096 paucos
743 2061 800 2088 dies
818 2060 919 2088 libave-

129 2109 180 2140 rit;
195 2107 237 2134 vel
267 2107 382 2141 ipsemet
404 2110 516 2134 auctore
536 2106 686 2141 Scaligero.
706 2105 823 2133 Occisus
845 2105 917 2133 enim

128 2155 170 2179 est.
194 2151 227 2178 C.
244 2150 357 2178 Valente
375 2155 403 2177 et
430 2150 550 2178 Antistio
568 2149 666 2177 Vetere
687 2157 773 2181 coss.,
789 2149 918 2184 Eutropio

128 2201 156 2223 et
179 2196 320 2231 Xiphilino
337 2196 466 2226 testibus.
480 2200 510 2223 ut
525 2199 552 2223 et
567 2195 688 2230 Scaliger
710 2195 737 2222 in
758 2194 919 2223 Eusebiauis

130 2243 204 2270 notis
230 2241 340 2269 asserit.
369 2241 470 2268 Ilorum
496 2248 561 2269 vero
575 2242 736 2269 consulatus
751 2241 867 2268 incurrit
891 2241 918 2268 in

129 2297 232 2316 annum
246 2287 326 2316 Urbis
346 2296 378 2315 ex
407 2287 576 2315 Varroniana
593 2287 785 2322 supputatione
797 2287 859 2316 849.
876 2294 916 2322 pe

130 2334 199 2362 riodi
211 2334 327 2362 Juliante
344 2334 424 2364 4809.
443 2333 546 2361 Christi
559 2333 605 2364 96,
616 2332 753 2360 lulianum
768 2333 828 2364 Mt,
841 2333 918 2367 cyclo

130 2382 201 2408 lunze
231 2389 260 2407 ιι.
289 2380 330 2407 Ab
345 2387 417 2408 anno
441 2379 544 2407 Christi
565 2379 609 2411 8|,
626 2384 654 2407 et
668 2386 712 2405 xiv
725 2378 770 2406 die
793 2378 868 2414 Sept.
883 2379 915 2405 ad

130 2434 196 2453 xvni
232 2427 306 2460 Sept.
339 2426 403 2453 anni
432 2425 466 2453 96
498 2425 562 2455 anni
582 2428 647 2453 sunt
665 2425 834 2460 quindecim,
859 2424 917 2452 dies

129 2472 261 2506 quinque.
276 2471 356 2497 Errat
370 2471 482 2505 insuper
500 2469 631 2504 Scaliger.
651 2469 716 2496 dum
730 2478 756 2504 p.
767 2469 819 2496 A76
841 2469 916 2496 .lose~

130 2517 214 2552 phum
229 2517 340 2552 arguit;
356 2516 402 2551 qui
415 2516 503 2543 influe
514 2516 564 2551 τῆς
586 2516 811 2550 Ἀρχαιολογίιις
825 2519 916 2542 natum

130 2570 160 2590 se
168 2562 238 2590 dixit
247 2569 318 2589 anno
328 2562 416 2596 primo
422 2561 480 2589 Caii
490 2570 497 2594 ;
509 2566 591 2596 atque
599 2569 668 2596 opus
677 2568 755 2589 suum
768 2561 918 2589 absolvisse

131 2616 203 2637 anno
229 2616 279 2636 xiii
307 2608 466 2640 Domitiani,
481 2608 571 2635 aetatis
597 2615 653 2636 stuc
675 2615 728 2634 LVI.
747 2607 807 2642 lpsc
827 2610 916 2634 autem

132 2662 186 2681 uno
201 2662 274 2681 anno
303 2655 396 2681 minus
419 2654 523 2681 dixisse
544 2652 691 2688 Josephum
720 2652 857 2679 existimat
873 2657 918 2680 :ct

131 2707 184 2728 L\'tt
196 2707 284 2727 annos
304 2699 432 2727 debuisse
451 2707 606 2727 numerare.
625 2699 654 2726 In
672 2706 726 2733 quo
752 2698 853 2725 frustra
866 2704 916 2726 est.

131 2746 214 2774 Caius
228 2746 299 2773 enim
314 2746 373 2773 iniit
388 2753 458 2773 anno
469 2746 569 2774 Christi
583 2745 626 2777 37,
640 2744 761 2772 Januarii
777 2752 854 2778 xxiv;
868 2743 918 2771 Do-

132 2789 237 2816 mitiani
250 2797 314 2817 vero
329 2789 451 2818 decimus
465 2791 561 2817 tertius
575 2790 658 2824 coepit
674 2797 745 2817 anno
755 2789 857 2816 Christi
874 2789 918 2819 93.

131 2843 163 2862 ex
178 2835 222 2863 die
239 2844 283 2862 xw
314 2836 450 2870 Septemb.
479 2835 625 2870 Fingamus
652 2840 820 2862 natumessc
844 2834 919 2862 Josc-

134 2881 214 2914 phum
237 2888 308 2907 anno
331 2881 389 2916 ipso
413 2881 445 2907 37
468 2881 580 2913 Christi,
599 2879 736 2908 liccenibri
759 2886 860 2911 mense,
880 2879 917 2906 \cl

963 973 1166 1000 excusationem
1183 980 1292 1000 omnem
1308 972 1447 999 excludit:
1474 973 1602 1000 nimirum
1624 974 1758 1001 accidisse

964 1018 1068 1045 cladem
1095 1017 1168 1044 illam
1196 1020 1258 1051 post
1283 1024 1384 1044 annum
1411 1024 1426 1042 τι
1441 1016 1573 1044 Passione
1589 1017 1695 1044 Domini
1709 1017 1758 1050 65,

964 1071 1026 1090 cun
1046 1063 1143 1090 diebus
1172 1063 1286 1097 aliquot.
1318 1062 1400 1097 Atqui
1417 1062 1552 1090 Eusebius
1569 1063 1595 1089 in
1616 1062 1756 1094 Chronico,

965 1117 979 1135 a
995 1109 1090 1143 quinto
1108 1108 1215 1136 decimo
1229 1116 1302 1135 anno
1321 1107 1436 1141 Tiberii,
1453 1112 1480 1136 et
1497 1108 1531 1135 ab
1545 1109 1658 1135 exordio
1672 1117 1758 1136 cvan-

965 1155 1057 1189 gelicae
1071 1154 1274 1189 prtedicationis
1299 1162 1388 1182 annos
1407 1162 1461 1181 xi."
1477 1155 1584 1189 elapsos
1602 1162 1662 1182 esse
1675 1154 1757 1187 dicit;

966 1200 1035 1226 libro
1048 1207 1110 1226 vero
1119 1207 1150 1226 ιιι
1162 1199 1244 1230 11ἱιι.,
1257 1207 1318 1234 cap.
1329 1200 1354 1232 7,
1371 1207 1386 1226 a
1399 1199 1530 1227 Passione
1545 1199 1652 1226 Domini
1669 1207 1759 1227 annos

966 1244 1070 1272 solidos
1083 1253 1125 1271 xi..
1145 1245 1231 1277 Quem
1249 1246 1337 1272 locum
1351 1246 1454 1273 frustra
1470 1245 1497 1272 iu
1513 1245 1759 1272 animadversioni-

966 1289 1017 1317 bus
1033 1289 1195 1317 Eusebianis
1212 1291 1388 1325 interpolavit
1401 1291 1539 1326 Scaliger:
1565 1295 1593 1318 ct
1612 1295 1756 1326 postquam

968 1334 1150 1363 Euscbianum
1171 1336 1198 1362 in
1217 1340 1375 1364 contextum
1397 1337 1480 1364 verba
1498 1337 1622 1371 quaidam
1637 1337 1758 1367 iutrusit,

966 1388 1027 1416 quin
1043 1379 1139 1408 falsam
1158 1382 1322 1409 sententiain
1344 1383 1538 1417 exprimerent,
1556 1383 1582 1409 in
1602 1382 1759 1414 Eusebium,

966 1427 1045 1460 quasi
1060 1427 1122 1460 ejus
1139 1431 1291 1459 auctorem,
1307 1428 1407 1463 stylum
1422 1429 1566 1455 convertit.
1586 1429 1692 1455 Etenim
1710 1428 1760 1455 lib.

968 1472 1013 1499 illo
1037 1480 1066 1499 ιιι
1089 1472 1123 1500 de
1143 1472 1392 1508 llierosolymitana
1413 1474 1490 1501 clade
1514 1475 1654 1502 scribens.
1668 1474 1760 1501 Ταῦτα

966 1517 1012 1548 δὲ.
1035 1517 1139 1551 inquit,
1162 1518 1196 1544 ἂν
1217 1519 1260 1552 εἴη
1280 1518 1382 1545 δίκαιον
1401 1518 1551 1550 ἐπιθεῖναι,
1577 1519 1595 1546 ἃ
1608 1519 1714 1553 γένοιτο
1726 1519 1760 1546 ἄν

967 1563 1158 1597 παραστατικὰ
1169 1563 1373 1598 φιλανθρωπίας
1383 1564 1434 1598 τῆς
1447 1564 1606 1598 παναγὰθου
1619 1565 1758 1600 προνοίας,

968 1608 1174 1644 τεσσαράκοντα.
1188 1609 1231 1644 ἐφ’
1248 1609 1320 1641 ὅλοις
1335 1609 1407 1636 ἔτεσι
1425 1610 1494 1644 μετὰ
1508 1611 1558 1645 τὴν
1573 1610 1691 1645 Χριστοῦ
1698 1611 1760 1636 τόλ-

970 1663 1022 1689 μαν
1043 1654 1088 1680 τῖιν
1117 1655 1175 1681 κατ’
1193 1655 1283 1681 αὐτῶν
1303 1654 1414 1689 ὄλεθρον
1438 1655 1672 1691 ὑπερτιθεμένης⁶
1696 1657 1761 1683 llam

969 1703 1118 1737 adjicienda
1134 1702 1226 1729 merita
1241 1705 1321 1732 sunt;
1335 1708 1368 1727 ea:
1381 1701 1474 1735 quibus
1489 1701 1594 1734 optimm
1609 1701 1682 1728 illius
1698 1709 1761 1736 pra-

968 1749 1089 1775 cidentiw
1104 1748 1250 1782 benignitas
1268 1750 1409 1780 appareat,
1436 1754 1495 1779 qum
1510 1747 1572 1773 lati:
1583 1746 1761 1781 quadraginta

969 1794 1045 1820 annis
1061 1798 1118 1827 post
1137 1793 1307 1819 commixsum
1325 1793 1351 1818 in
1375 1791 1511 1819 Christum
1530 1792 1634 1825 facinus
1651 1792 1760 1818 illorum

968 1839 1077 1865 exitium
1095 1837 1209 1864 distulit.
1240 1837 1288 1863 llic
1303 1837 1427 1863 mendam
1444 1844 1507 1863 esse
1524 1836 1680 1870 suspicatur
1693 1835 1759 1863 Sca-

970 1882 1046 1915 liger.
1056 1886 1083 1909 ct
1093 1882 1202 1915 quidem
1218 1881 1441 1909 vetustissimam.
1454 1887 1514 1913 quae
1531 1884 1557 1906 et
1574 1881 1732 1914 agnoscitur
1746 1889 1761 1907 a

970 1927 1077 1953 Rutilio.
1089 1926 1154 1952 Nam
1167 1931 1228 1960 post
1242 1926 1284 1960 ἐφ’
1295 1925 1377 1956 ὅλοις.
1391 1925 1487 1952 deesse
1500 1925 1555 1951 vult
1568 1925 1692 1957 δυσίν,ιιι
1705 1933 1760 1953 xLii

969 1979 1056 1999 annos
1068 1970 1221 1998 aPassione
1237 1971 1348 1998 ﬂuxisse
1363 1970 1506 2005 scripserit
1518 1970 1664 1998 Eusebius.
1679 1971 1760 2002 Tum,

971 2016 1096 2049 Oportet,
1119 2016 1223 2051 inquit,
1243 2015 1318 2043 valde
1336 2016 1362 2042 in
1386 2015 1550 2043 Iletlenisnio
1570 2017 1680 2043 tironem
1694 2025 1760 2046 esse.

969 2061 1013 2096 qui
1029 2069 1080 2088 non
1097 2060 1181 2087 videat
1197 2068 1332 2087 numerum
1350 2060 1437 2088 deesse
1453 2061 1479 2087 in
1495 2061 1542 2087 illa
1557 2061 1664 2090 lacuna.
1681 2069 1761 2095 quam

969 2107 1131 2142 reliquimus.
1145 2106 1179 2133 At
1192 2114 1242 2141 ego
1254 2106 1331 2134 valde
1343 2107 1465 2142 κακοήθη
1478 2111 1604 2140 oportere
1615 2107 1689 2133 illum
1701 2115 1762 2134 esse

970 2154 1044 2186 dico,
1057 2153 1104 2187 qui
1120 2152 1302 2187 scriptoribus
1319 2153 1441 2188 antiquis
1456 2153 1548 2180 invitis
1562 2160 1594 2180 ac
1611 2153 1762 2179 reclaman-

971 2200 1044 2226 tibus
1068 2206 1132 2226 suos
1149 2206 1258 2226 errores
1278 2198 1387 2234 attingat
1400 2220 1407 2231 ,
1430 2207 1492 2226 nam
1509 2198 1574 2234 quid
1594 2199 1646 2225 ista
1662 2198 1763 2232 depra—

936 2253 956 2279 ι)
971 2244 1080 2272 vatione
1096 2251 1166 2278 opus
1183 2244 1243 2271 est?
1257 2245 1350 2271 Annos
1376 2248 1449 2273 totos
1467 2253 1501 2271 xi.
1517 2252 1532 2271 a
1551 2245 1680 2272 Passiune
1695 2244 1762 2271 dila-

969 2294 1022 2316 tam
1037 2295 1099 2316 csse
1113 2288 1217 2315 cladem
1231 2288 1304 2315 illam
1320 2289 1444 2316 atlirinat.
1460 2288 1488 2315 Ιιι
1505 2297 1559 2323 quo
1576 2288 1628 2316 sibi
1643 2288 1763 2315 maxime

968 2337 1170 2361 consentaneus
1185 2338 1237 2360 est.
1253 2333 1281 2360 In
1293 2333 1435 2366 Chronico,
1449 2338 1476 2361 et
1490 2334 1516 2360 in
1532 2334 1578 2360 lib.
1592 2341 1598 2359 ι
1612 2333 1681 2360 "ist.
1697 2339 1760 2367 cap.

969 2380 1013 2411 10,
1024 2379 1163 2407 Christum
1177 2387 1250 2406 anno
1267 2388 1300 2407 xv
1313 2379 1415 2408 Tiberii
1433 2381 1598 2414 baptizatum
1614 2387 1686 2410 essu.
1700 2387 1763 2414 pas.

968 2432 1029 2452 sum
1055 2432 1120 2452 vero
1140 2433 1205 2452 xvui
1229 2430 1323 2453 censet
1340 2426 1481 2453 Eusebius.
1511 2426 1551 2452 Ad
1575 2433 1640 2452 xvui
1657 2425 1760 2452 Tiberii

969 2477 1069 2497 annum
1088 2470 1228 2505 ascriptus
1239 2474 1280 2498 cst
1293 2470 1394 2498 Christi
1412 2478 1497 2498 xxxii.
1511 2472 1544 2498 At
1561 2478 1625 2498 vero
1638 2469 1763 2498 Hieroso-

969 2515 1128 2550 lymitanum
1145 2515 1282 2543 excidium
1302 2523 1375 2543 anno
1392 2515 1553 2551 Vespasiani
1573 2517 1591 2543 ἓ
1618 2524 1762 2551 compara.

969 2564 1013 2587 tur
1031 2560 1058 2587 in
1075 2559 1230 2588 Eusebiano
1248 2559 1377 2587 Chronico
1402 2568 1464 2588 cmn
1490 2569 1562 2589 anno
1587 2561 1691 2589 Christi
1718 2561 1763 2589 7t-

969 2605 1104 2633 l)etractis
1124 2606 1158 2633 de
1176 2606 1219 2638 7|,
1247 2606 1328 2634 annis
1341 2607 1387 2638 52,
1415 2607 1513 2641 reliqui
1537 2611 1601 2634 sunt
1619 2607 1663 2634 39.
1691 2605 1763 2641 Ergo

970 2659 1042 2679 anno
1057 2651 1092 2679 40
1106 2659 1121 2678 a
1138 2651 1281 2684 Passionc,
1299 2659 1331 2678 ex
1347 2651 1455 2679 Eusebii
1471 2657 1573 2685 mente,
1583 2652 1679 2680 diruta
1696 2655 1762 2678 sunt

971 2697 1169 2733 llierOSonma.
1210 2698 1272 2726 Ideo
1302 2698 1428 2726 Clemens
1455 2698 1656 2725 Alexandrinus
1681 2697 1728 2723 lib.
1752 2703 1760 2723 I

971 2743 1082 2774 Strom.,
1105 2743 1152 2778 qui
1180 2750 1252 2771 anno
1264 2751 1298 2771 xv
1319 2743 1421 2771 Tiberii
1449 2743 1607 2771 l’assionem
1628 2741 1758 2775 assignat,

971 2790 1050 2816 annis
1068 2797 1134 2820 xui.
1155 2790 1295 2818 mensibus
1318 2790 1407 2818 tribus
1426 2794 1517 2824 postea
1537 2788 1586 2822 τὴν
1600 2787 1699 2814 ἅλωσιν
1714 2793 1759 2813 εις-

971 2835 1072 2862 cidisse
1093 2839 1179 2869 putat.
1200 2835 1377 2870 Epiphanius,
1395 2839 1423 2863 ιιι
1439 2835 1472 2862 ad
1485 2835 1548 2860 lurr.
1567 2833 1598 2859 5|
1618 2835 1758 2858 ostensum

972 2885 1021 2912 ist,
1036 2879 1193 2907 P-bSlOllClll
1219 2882 1247 2906 in
1268 2889 1328 2908 eum
1353 2887 1453 2907 annum
1470 2877 1595 2907 contulit,
1611 2883 1664 2910 quo
1676 2873 1756 2902 Tibe-
