1937 3039
193 173 247 200 M3

760 165 930 193 APPENDIX
951 166 1262 196 DISSERTATIONUM.
1772 163 1827 190 ’ἐκ

190 224 252 253 rius
266 223 285 250 ν
305 228 330 251 et
344 223 459 257 Sejanus
480 230 551 250 coss.
569 221 662 248 fuere;
691 223 738 256 qui
754 221 922 258 Dionysiano
937 231 979 250 re—
993 227 1016 254 Α
1030 223 1107 250 dekai
1130 223 1157 250 iu
1172 224 1307 258 Computo
1322 226 1472 258 percenset.
1500 221 1602 248 Scribit
1615 221 1687 248 enim
1706 229 1737 248 se
1748 228 1827 248 anno

191 270 306 304 spondet
318 270 362 296 5i.
383 269 450 296 Cum
466 268 548 303 igitur
562 267 628 295 urbs
639 275 734 295 eversa
747 269 783 296 sil.
795 276 867 295 anno
883 269 981 304 Diony-

192 312 270 343 sia—no
283 316 325 346 70,
338 322 426 341 annus
437 314 577 341 Passionis
590 313 625 340 ab
635 314 742 341 excidio
755 311 979 350 quadragesimus

191 365 243 389 est.
264 360 448 394 Corrigendus
463 359 546 394 igitur
557 359 736 394 Epiphanius.
753 360 817 387 dum
831 368 882 387 va
893 368 979 388 annos

193 404 383 432 intercessisse
398 403 483 430 dixit:
500 403 572 437 quod
589 411 677 437 neque
693 411 708 430 a
720 403 877 436 Nativitate,
893 412 981 439 neque

191 457 206 475 a
220 449 361 480 Passioue,
381 448 498 475 deducto
508 456 631 480 numero,
647 453 736 483 potest
754 450 880 477 obtineri.
904 450 980 482 Quod

191 493 225 520 ad
246 502 378 525 mensem,
396 494 531 528 diemque,
556 502 611 528 quo
638 495 767 529 tetnplum
780 499 808 522 et
834 496 899 523 urbs
915 497 975 530 ipsa

191 543 297 566 vastata
319 544 398 571 sunt,
423 541 537 567 attinet:
569 540 690 574 Scaliger
713 540 760 567 lib.
778 548 794 567 v
815 540 854 567 De
877 541 978 568 emend.

191 589 297 619 statuit,
313 588 429 622 Augusti
446 596 461 614 x
482 589 611 622 templum
631 588 773 615 incensum
788 595 860 620 esse,
884 589 980 616 urbem

192 641 257 661 vero
270 632 439 668 Septembris
451 641 510 666 vut,
534 640 566 660 ac
581 640 710 667 praeterea
725 632 820 660 eodem
834 633 881 660 illo
896 640 979 665 anno,

193 687 238 706 xw
254 679 348 710 Nisan,
372 679 430 706 sive
452 678 557 706 Pascha
583 679 611 706 in
636 679 736 713 Aprilis
763 687 809 706 xw
830 679 979 712 incidisse;

191 725 265 760 quod
277 725 313 752 ob
329 725 486 752 methodum
503 732 582 752 suam
599 724 835 752 accommodatum
852 732 914 752 esse
928 724 980 750 mi—

192 770 269 796 rilice
284 769 446 804 triumphat.
470 769 523 796 Sed
550 770 608 796 haec
630 770 721 796 omnia
738 769 979 796 liallucinationum

192 819 220 841 et
230 815 399 841 somniorum
421 815 501 850 plena
517 819 590 842 sunt.
621 814 687 841 Nam
702 814 775 849 quod
789 814 821 842 de
836 814 919 842 Nisan
934 813 980 841 Jo-

193 859 308 894 sephum
327 864 424 887 testem
446 860 529 894 citat,
554 868 608 887 non
625 860 801 887 mediocriter
816 860 934 887 aberrat.
955 859 980 887 Is

192 904 267 930 enim
287 903 335 931 lib.
357 911 373 931 v
389 903 438 938 τῆς
456 903 604 936 Ἄλώσεως
620 912 680 938 cap.
699 905 727 930 ll
745 905 780 931 ita
795 904 906 931 scribit:
923 904 974 930 Λω-

193 948 328 983 φήσαντος
342 948 370 974 δὲ
387 947 455 982 πρὸς
468 948 554 984 βραχὺ
569 948 616 974 τοῦ
635 948 735 984 θύραζε
755 949 884 983 πολέμου,
900 949 981 975 πάλιν

193 994 267 1020 ἔνδον
281 995 298 1029 ἡ
311 993 405 1025 στάσις
420 994 593 1030 ὲπηγείρετο,
612 995 660 1021 καὶ
674 995 722 1029 τῆς
734 994 788 1021 τῶν
796 995 858 1026 Ἀζύ
863 1003 920 1030 μων
938 996 982 1021 ὲν-

194 1041 297 1075 στάσης
309 1039 425 1075 ἡμέρας,
447 1040 728 1076 τεσσαρεσκαιδεκάτῃ
741 1040 873 1068 Ξανθικοῦ
886 1041 980 1076 μηνὸς,

192 1084 222 1110 ὲν
267 1084 390 1111 δοκοῦσιν
402 1084 523 1111 Ἰουδαῖοι
536 1084 582 1111 τὸν
596 1085 704 1120 πρῶτυν
717 1085 905 1120 ἀπαλλαγῆναι
922 1095 982 1113 χαι-

193 1130 240 1165 ρὸν
255 1130 420 1164 Αἰγυπτίων.
448 1129 612 1165 Azymorum
633 1129 704 1156 dicm
729 1130 824 1157 iniisse
847 1130 914 1158 dicit
936 1139 982 1158 xw

193 1174 288 1207 Nisan,
300 1183 353 1210 qua
366 1175 410 1202 die
424 1175 533 1202 liberati
545 1175 610 1202 olim
625 1175 658 1202 ab
671 1175 832 1210 [Egyptiaca
850 1175 982 1203 servitute

193 1220 308 1247 fuerant.
323 1219 438 1248 Ruﬁnus
461 1220 573 1256 Josephi
586 1220 748 1255 depravator
761 1221 810 1248 lib.
826 1229 863 1252 vt,
879 1228 940 1255 cap.
953 1221 981 1253 4,

193 1266 293 1297 Aprilis
309 1274 352 1293 xw
376 1266 509 1298 reddidit;
536 1267 616 1301 idque
633 1265 782 1300 Scaligero,
805 1266 936 1297 Calvisio,
955 1271 982 1293 et

193 1312 253 1338 aliis
265 1312 404 1346 imposuit.
432 1311 485 1339 Sed
500 1320 580 1339 nemo
592 1316 633 1339 est
650 1312 734 1339 hebes
749 1312 828 1344 adeo,
845 1312 890 1347 qui
907 1311 983 1340 Josc—

194 1357 278 1392 phum
303 1364 357 1384 non
388 1357 477 1384 videat
499 1358 534 1384 de
559 1357 646 1384 lunari
666 1364 770 1388 mense,
797 1364 852 1384 non
874 1356 982 1384 Juliano

194 1411 227 1430 ac
242 1403 296 1430 fixo
311 1403 395 1437 loqui,
418 1410 481 1430 eum
497 1402 593 1430 eodem
613 1402 658 1429 die
672 1401 739 1429 illud
755 1403 879 1430 evenisse
897 1402 981 1434 dicat,

193 1456 248 1484 quo
259 1448 343 1475 Judzni
361 1449 500 1483 quondam
514 1456 547 1475 ex
563 1447 682 1483 Egypto
700 1448 895 1482 migraveraut.
925 1448 982 1475 lloc

194 1503 258 1522 vero
279 1503 323 1521 xw
341 1493 423 1521 Nisan
442 1494 557 1527 lunaris,
584 1494 641 1520 sive
658 1493 801 1529 ἀκριϐοῦς,
823 1501 870 1521 seu
893 1493 982 1521 civilis

193 1538 445 1566 iueiderat.Deinde
461 1538 584 1573 quamvis
592 1538 730 1565 Juliauum
744 1547 865 1567 mensem
876 1539 983 1567 intelle-

193 1585 267 1612 xisse
274 1583 422 1619 Josephum
435 1584 630 1617 existimemus,
641 1585 750 1612 minime
768 1586 790 1612 is
806 1589 895 1612 tamen
904 1586 981 1620 Apri-

195 1630 229 1657 lis
251 1630 314 1662 erit,
340 1630 387 1657 sed
413 1630 534 1657 Martius.
560 1630 665 1657 Etenim
683 1629 849 1658 Macedonici
873 1639 981 1658 menses

194 1676 274 1704 aliter
289 1681 456 1711 usurpantur
471 1683 487 1703 a
501 1675 630 1711 Josepho,
648 1684 730 1711 quam
748 1684 762 1703 a
775 1676 878 1704 Graecis
890 1681 982 1712 posto-

194 1721 326 1753 rioribus,
343 1720 599 1756 Syromacedonici:
619 1726 661 1749 est
676 1722 785 1761 quidem
804 1728 981 1758 utrorumque

193 1767 288 1794 eadem
301 1768 464 1802 appellatio;
479 1767 528 1796 sed
542 1767 709 1795 Macedonici
726 1776 844 1800 menses,
857 1776 918 1795 cum
937 1769 980 1796 [ixi

194 1817 280 1845 sunt,
315 1822 370 1840 uno
390 1821 484 1841 mense
508 1813 772 1849 Syromacedouicos
798 1814 979 1847 antecedunt;

193 1859 221 1886 id
238 1859 308 1894 quod
327 1859 451 1894 pluribus
466 1860 498 1885 ad
522 1859 586 1886 hucr.
607 1859 638 1886 51
655 1860 822 1887 declaratum
839 1864 890 1888 cst.
908 1859 981 1887 Xan-

192 1905 284 1931 thieus
297 1908 337 1931 est
354 1912 404 1931 usu
419 1905 678 1939 Syromacedonum,
690 1908 717 1931 et
727 1905 883 1932 Graacorum
894 1906 979 1940 Aprili

194 1951 342 1985 respondet
354 1958 361 1982 ;
379 1950 451 1978 Lous
464 1950 588 1985 Augusto
600 1959 607 1983 ;
624 1951 814 1979 Macedonicus
828 1960 893 1979 vero
905 1952 979 1980 Xan-

193 1996 285 2024 thicus
302 1996 398 2023 Martio
413 1997 502 2031 potius
516 2005 597 2032 quam
612 1997 714 2031 Aprili;
735 1997 808 2025 Lous
823 1997 905 2025 Julio.
925 1999 978 2025 Ita-

193 2048 247 2075 que
259 2041 342 2068 Nisan
354 2042 425 2076 apud
439 2041 586 2077 Josephum
600 2050 662 2069 cum
676 2042 822 2075 Xanthico,
835 2043 908 2070 Lous
917 2052 978 2071 cum

195 2086 236 2113 Ab
259 2087 420 2114 confertur:
448 2095 463 2114 e
494 2087 594 2122 quibus
613 2087 696 2114 Nisau
721 2088 824 2116 lunaris
848 2089 978 2123 majorem

196 2131 285 2158 Martii
305 2136 420 2166 partem,
436 2132 507 2160 Lous
519 2133 593 2163 Julii.
607 2133 657 2160 sibi
672 2133 798 2161 vindicat.
816 2134 977 2162 Utrutunam

195 2187 260 2215 vero
271 2179 504 2206 Macedonicorum
517 2179 648 2206 mensium
660 2180 855 2213 appellationes
865 2181 897 2207 ad
911 2182 978 2208 lixos

1030 268 1145 295 Judaico
1161 268 1230 296 5299
1247 269 1275 295 in
1289 268 1373 295 variis
1399 274 1596 302 syaagogarum
1622 266 1722 294 tabulis
1737 266 1827 293 adut»

1030 317 1115 340 talum
1131 314 1265 348 reperisse
1276 333 1284 346 ,
1310 313 1374 340 alibi
1401 316 1591 340 contractuum
1611 319 1712 338 annum
1729 311 1826 345 1859;

1031 367 1045 386 a
1059 359 1227 386 desolatione
1244 359 1337 394 templi
1351 359 1434 391 1169,
1454 359 1518 385 alibi
1532 362 1723 384 contractuum
1740 357 1826 390 1850,

1030 403 1205 431 desolationis
1223 403 1308 436 M70;
1328 403 1391 430 alibi
1405 406 1596 430 contractumu
1619 401 1698 433 1851,
1711 401 1826 428 desola-

1030 449 1113 476 tionis
1125 448 1203 475 M72.
1222 449 1325 475 Auctor
1337 448 1394 482 ipse
1407 455 1508 475 annum
1519 446 1662 474 Judaicum
1681 447 1750 474 5299
1761 453 1827 474 esse

1031 498 1108 529 putat
1124 501 1139 520 a
1154 493 1327 521 desolatione
1351 493 1431 520 M70.
1460 493 1530 520 Tum
1546 492 1632 523 addit,
1648 499 1663 518 a
1676 491 1760 523 Tisri,
1777 492 1827 525 qui

1031 538 1124 572 templi
1152 538 1331 565 vastationem
1357 537 1479 572 proxime
1513 536 1657 570 sequitur,
1682 535 1826 562 numerari

1031 591 1119 611 annos
1146 583 1267 611 Semitah
1301 587 1328 610 et
1349 582 1493 610 Jubiltnos:
1522 582 1590 609 adeo
1618 585 1648 608 ut
1663 588 1751 607 annus
1766 581 1825 612 ille,

1030 630 1111 664 cujus
1123 629 1196 656 Tisri
1214 629 1411 657 desolationem
1431 629 1549 663 excepit,
1565 627 1648 654 fuerit
1666 627 1728 653 noni
1743 625 1825 652 Jubi-

1031 675 1073 702 ltei
1097 675 1219 702 decimus
1243 674 1364 709 quintus.
1395 674 1490 700 Annus
1511 672 1643 700 Iudaicus
1668 672 1736 698 5299
1762 672 1826 697 ἰιιὶιι

1031 727 1102 746 anno
1117 719 1220 754 periodi
1233 719 1348 746 Juliana:
1356 719 1420 746 625l
1429 740 1436 751 ,
1446 719 1548 746 Christi
1564 718 1644 749 1558,
1657 717 1691 744 de
1704 724 1760 752 quo
1776 716 1826 743 de-

1031 767 1126 793 tractis
1138 766 1206 793 M70
1222 769 1363 793 remanent
1378 765 1422 792 68.
1443 764 1533 797 Quare
1545 771 1577 791 ex
1595 764 1669 790 illitis
1685 763 1823 790 sententia

1031 812 1102 839 Tisri
1117 812 1181 838 anui
1206 811 1277 846 ejus,
1304 811 1332 837 in
1361 819 1440 845 quem
1466 809 1543 837 urbis
1557 809 1693 836 excidium
1714 808 1823 840 incidit,

1031 858 1113 892 coepit
1125 864 1198 884 anno
1207 857 1310 884 Christi
1322 857 1367 888 68,
1379 860 1405 883 et
1421 855 1544 891 sequenti
1557 855 1592 882 69
1603 856 1734 890 templum
1749 862 1826 882 ever-

1031 911 1101 936 sum,
1116 910 1188 930 anno
1203 902 1367 929 Salibatico:
1395 909 1458 928 nam
1471 905 1554 935 caput
1571 908 1632 927 terte
1653 900 1728 927 illius
1744 907 1759 926 a
1774 899 1825 927 de-

1031 949 1176 980 solatione,
1195 948 1324 975 convenit
1339 947 1411 975 Tisri
1438 948 1502 974 anni
1522 946 1680 981 Dionysiani
1695 946 1740 976 69.
1762 949 1826 980 post

1032 995 1162 1030 templum
1176 995 1308 1022 dirutum.
1330 993 1391 1021 Uno
1406 993 1489 1028 igitur
1504 993 1612 1020 aberrat
1627 999 1711 1019 anno.
1722 991 1824 1019 Verius

1031 1041 1165 1072 sentiunt,
1189 1047 1258 1074 quos
1275 1043 1371 1066 auctor
1392 1039 1437 1066 ille
1452 1038 1548 1066 scribit
1563 1046 1665 1065 annum
1677 1036 1824 1063 Judaicum

1030 1085 1099 1113 5299
1112 1092 1256 1112 numerare
1277 1092 1292 1110 a
1310 1083 1478 1111 desolatioue
1494 1084 1574 1111 1169.
1598 1083 1735 1111 Detractis
1749 1083 1824 1110 enim

1031 1132 1064 1159 de
1078 1131 1148 1159 5299
1162 1132 1241 1159 annis
1255 1131 1322 1158 1469
1339 1134 1421 1157 restat
1436 1137 1526 1157 annus
1540 1129 1627 1162 5830;
1652 1129 1733 1163 cujus
1751 1128 1824 1156 Tisri

1033 1177 1117 1212 cwpit
1137 1184 1209 1204 anno
1223 1176 1326 1203 Christi
1343 1175 1387 1208 69,
1403 1183 1458 1210 quo
1471 1175 1528 1209 jam
1553 1175 1702 1202 inclinante
1718 1173 1823 1201 Christi

1031 1230 1103 1249 anno
1114 1221 1325 1256 septuagesimo,
1339 1224 1444 1248 vastata
1456 1224 1519 1247 sunt
1530 1219 1730 1254 Hierosolyma,
1747 1225 1823 1245 anno

1032 1268 1120 1303 primo
1139 1267 1273 1294 Semitah.

1065 1313 1197 1347 Νερούας
1223 1312 1291 1345 ἔτος
1305 1312 1349 1339 ἓν.
1375 1311 1497 1339 Pessime
1522 1311 1550 1338 in
1574 1311 1707 1337 Ancorato
1727 1311 1775 1346 ἐτη
1790 1311 1821 1338 δ’.

1031 1359 1167 1386 Eusebius
1189 1359 1246 1389 ita,
1271 1361 1300 1384 ut
1326 1358 1377 1385 hoc
1400 1358 1475 1391 loco,
1494 1364 1594 1384 annutn
1617 1365 1701 1384 unum
1714 1365 1823 1384 menses

1031 1410 1147 1440 quatuor
1158 1406 1296 1440 assignat;
1313 1404 1361 1431 Dio
1376 1411 1472 1431 novem
1485 1404 1543 1430 dies
1559 1403 1634 1430 addit
1647 1412 1654 1435 ;
1671 1402 1822 1438 Eutropius

1031 1455 1105 1478 octo.
1121 1451 1142 1477 A
1160 1451 1204 1477 die
1223 1457 1289 1477 xvut
1312 1450 1387 1484 Sept.
1406 1449 1470 1476 anni
1485 1449 1585 1475 Christi
1602 1448 1635 1475 96
1650 1448 1683 1475 ad
1700 1455 1727 1475 vr
1745 1449 1788 1476 vel
1807 1456 1822 1475 ν

1031 1496 1144 1524 Kalend.
1163 1495 1324 1529 Febr.,sive
1342 1494 1464 1522 Januarii
1488 1495 1645 1527 xxvn,anni
1658 1495 1703 1526 98,
1727 1494 1822 1521 Nerva:

1032 1546 1138 1577 tempus
1154 1541 1220 1568 illud
1230 1540 1382 1568 intercedit.
1393 1540 1465 1568 Obiit
1478 1540 1569 1574 itaque
1580 1547 1652 1566 anno
1662 1539 1763 1567 Christi
1777 1539 1821 1572 98,

1034 1586 1136 1621 periodi
1152 1585 1265 1613 Juliau;e
1282 1585 1360 1618 1511,
1376 1585 1453 1620 cyclo
1466 1585 1536 1612 lunze
1551 1592 1588 1612 tv.
1618 1584 1734 1611 Fallitur
1748 1585 1820 1612 enim

1034 1632 1164 1667 Scaliger,
1187 1632 1232 1666 qui
1256 1639 1318 1658 cum
1340 1631 1366 1658 in
1382 1631 1496 1658 exordio
1512 1630 1616 1662 Nervae,
1641 1622 1723 1665 attiue
1743 1631 1818 1658 obitu

1033 1670 1178 1704 Domitiani
1203 1677 1390 1712 consignando
1413 1677 1449 1705 sit
1480 1676 1674 1708 hallucinatus,
1698 1677 1820 1704 eamdem

1032 1724 1059 1751 iu
1075 1723 1169 1751 Nerva:
1181 1723 1266 1754 exitu,
1291 1728 1372 1757 atque
1396 1723 1474 1750 initio
1489 1722 1601 1757 Trajani
1616 1722 1723 1756 culpam
1744 1729 1821 1749 com-

1032 1771 1116 1798 misit.
1136 1770 1237 1797 Scribit
1251 1769 1322 1797 enim
1345 1769 1392 1796 lib.
1409 1777 1425 1796 v
1448 1769 1487 1796 De
1497 1769 1597 1796 emend.
1613 1774 1689 1802 temp.
1705 1767 1820 1795 Nervam

1031 1816 1133 1843 abiisse
1151 1816 1228 1851 cyclo
1253 1816 1269 1841 3
1291 1822 1365 1842 anno
1379 1813 1562 1841 Nabonassari
1586 1813 1648 1846 8H,
1680 1814 1821 1841 ueomenia

1031 1862 1208 1890 Phamenoth.
1231 1861 1279 1888 Est
1304 1861 1347 1888 hic
1371 1868 1459 1888 annus
1475 1868 1532 1895 per.
1550 1859 1604 1888 Jul.
1627 1859 1707 1890 4810,
1719 1859 1820 1886 Christi

1031 1908 1075 1940 97,
1099 1908 1177 1943 cyclo
1202 1906 1273 1933 lunte
1289 1914 1330 1932 Ill.
1351 1907 1432 1940 Atqui
1450 1913 1499 1932 nos
1517 1905 1639 1940 proxime
1651 1905 1820 1932 demonstra-

1031 1953 1129 1984 vimus,
1156 1952 1350 1983 Domitianum,
1371 1951 1465 1978 Vetere
1478 1955 1505 1978 et
1517 1950 1630 1978 Valente
1640 1958 1703 1978 coss
1717 1969 1725 1981 .
1738 1950 1821 1976 inter-

1031 1998 1131 2026 fectum
1150 2006 1211 2025 esse
1226 2005 1298 2024 anno
1312 1996 1413 2023 Christi
1439 1995 1484 2028 96,
1499 2003 1556 2031 per.
1576 1995 1630 2022 Jul.
1648 1995 1729 2026 4809,
1746 1994 1820 2030 cyclo

1030 2045 1099 2072 lunae
1115 2052 1144 2071 ιι.
1170 2043 1254 2078 Igitur
1269 2050 1331 2069 cum
1355 2041 1443 2069 Nerva
1466 2049 1519 2068 non
1544 2041 1604 2076 plus
1629 2048 1702 2067 anno
1722 2048 1777 2067 uno
1790 2047 1820 2066 ac

1031 2089 1171 2117 mensibus
1209 2092 1327 2123 quatuor
1356 2091 1384 2114 et
1414 2087 1510 2114 diebus
1543 2094 1639 2113 novem
1670 2085 1819 2120 imperarit,

1029 2135 1141 2163 desierit
1156 2135 1208 2161 hoc
1222 2138 1330 2168 tempus
1345 2139 1459 2159 necesse
1469 2131 1546 2159 estin
1561 2138 1659 2158 annum
1669 2129 1818 2159 Christi98.

1031 2181 1137 2217 cyclum
1155 2180 1226 2206 lunae
1243 2187 1280 2210 tv,
1299 2177 1468 2213 periodiJul.
1485 2177 1566 2203 4711.

194 2225 354 2251 etJulianos
368 2225 538 2251 transtulerit
550 2224 695 2258 Joscphus,
710 2225 822 2252 alterius
835 2227 885 2253 loci
900 2232 926 2254 et
938 2228 978 2254 in-
995 2230 1016 2257 ι)
1068 2224 1272 2253 Absurdissima
1292 2230 1358 2250 vero
1375 2227 1418 2249 est
1434 2221 1558 2256 ejusdem
1584 2220 1717 2256 Scaligcri
1739 2221 1821 2247 casti-

195 2270 284 2296 stituti
310 2270 426 2304 quzeslio
453 2274 503 2296 est.
532 2269 588 2297 Nos
609 2275 746 2304 utcunque
761 2279 791 2298 se
806 2279 849 2298 res
875 2272 981 2306 habeat,

195 2322 326 2349 negamus
341 2314 505 2342 Xautliieum
531 2315 602 2350 apud
621 2315 769 2350 Jnsepltum
786 2317 903 2351 Aprilem
924 2326 984 2345 esse

193 2358 342 2388 Juliauutn.
379 2360 432 2387 Sed
458 2361 613 2396 Scaligero,
641 2365 669 2388 et
697 2365 759 2389 ante
787 2363 859 2389 hunc
886 2362 984 2391 ltulino

194 2405 350 2433 ercorum
367 2410 393 2434 et
406 2407 655 2441 Syromacedonum
674 2415 739 2434 usus
755 2407 842 2434 fraudi
860 2408 921 2440 fuit,
937 2411 983 2444 qui

194 2450 275 2477 aliter
286 2459 318 2477 ac
331 2450 492 2478 Macedones
508 2450 642 2478 mensium
655 2451 778 2479 ordinem
793 2453 981 2480 instituerunt.

196 2493 264 2522 Vide
279 2502 339 2529 qua:
354 2494 388 2521 ad
404 2495 480 2522 illum
496 2495 586 2522 locum
602 2496 666 2523 haer.
682 2496 712 2523 51
731 2497 843 2525 uberius
856 2499 983 2533 exposui-

194 2548 266 2567 mus.
283 2540 464 2573 Quamobrem
479 2549 540 2567 cum
552 2540 685 2576 Josephus
701 2545 737 2569 ait
755 2544 801 2571 lib.
818 2552 853 2576 vi,
870 2546 981 2580 cap.26,

194 2586 302 2613 decimo
323 2585 367 2612 die
384 2585 432 2612 Loi
456 2587 558 2614 mensis
586 2589 716 2622 templum
733 2589 915 2624 dellagrasse,
950 2592 983 2618 ad

193 2631 295 2659 Julium
319 2632 429 2666 potius,
465 2640 546 2666 quam
573 2633 723 2668 Augustum
750 2637 885 2670 pertinere
907 2641 981 2671 puto,

194 2676 424 2712 quemadmodum
453 2682 480 2704 et
509 2686 570 2705 cum
602 2683 696 2706 narrat
720 2688 780 2715 cap.
797 2681 850 2714 47,
867 2682 982 2717 Gorpitei

195 2723 298 2750 mensis
312 2729 359 2750 vtu
374 2723 467 2750 urbem
485 2732 545 2751 esse
562 2725 733 2758 subversam,
759 2727 882 2763 Augusto
897 2729 983 2763 magis

195 2776 277 2805 quam
293 2768 446 2804 Septembri
459 2771 606 2798 convenire
618 2773 753 2807 suspicor.

232 2815 406 2843 Hebraeorum
423 2816 456 2844 dc
476 2824 547 2844 anno
566 2817 745 2846 dcsolationis
770 2819 862 2855 templi
879 2819 985 2847 discre-

197 2865 293 2893 pantes
309 2866 374 2890 sunt
395 2863 545 2897 sententiae,
570 2872 638 2899 quas
657 2863 689 2892 li.
704 2865 830 2894 issacbar
845 2865 896 2893 bcn
911 2865 982 2893 Mor-

1035 2271 1118 2306 gatio,
1132 2277 1186 2304 qua
1201 2268 1368 2296 Onufrianos
1388 2267 1485 2294 Fastos
1499 2267 1648 2301 redarguit,
1661 2266 1733 2301 quod
1747 2266 1819 2301 paria

1035 2317 1176 2344 consulum
1206 2316 1261 2342 duo
1285 2314 1381 2342 Nerva).
1406 2314 1522 2349 imperio
1550 2314 1673 2340 tribuant
1695 2321 1701 2339 :
1737 2311 1818 2338 Unum

1034 2363 1114 2394 enim,
1130 2361 1235 2396 inquit,
1250 2365 1353 2387 tantum
1372 2368 1422 2395 par
1440 2367 1509 2387 coss.
1528 2358 1742 2394 interjicieudum
1756 2359 1819 2384 inter

1034 2408 1140 2435 initium
1156 2406 1260 2437 Nervm.
1277 2411 1301 2434 et
1312 2415 1356 2433 eas
1369 2405 1578 2438 Kal.Januarii,
1595 2405 1689 2440 quibus
1701 2404 1816 2431 decessit.

1035 2456 1069 2481 At
1084 2453 1161 2480 Fasti
1177 2453 1263 2480 Siculi
1285 2460 1368 2480 unum
1388 2456 1491 2478 tantum
1510 2459 1560 2485 par
1583 2456 1650 2478 recte
1665 2450 1816 2477 attribuant.

1035 2498 1192 2534 Corrigendi
1212 2499 1293 2533 igitur
1310 2497 1397 2524 Fasti.
1420 2497 1454 2524 At
1475 2497 1534 2531 ipse
1555 2496 1736 2530 corrigendus
1757 2502 1817 2522 sane

1034 2545 1136 2579 potius.
1156 2543 1384 2577 Quandoquidem
1399 2543 1473 2569 enim
1485 2541 1572 2569 Nerva
1589 2549 1662 2568 anno
1677 2540 1776 2567 Christi
1786 2539 1816 2567 96

1034 2593 1149 2617 exeunte
1164 2589 1258 2624 etrapit,
1272 2595 1298 2617 et
1312 2590 1422 2616 ineunte
1435 2589 1480 2619 98,
1495 2588 1547 2615 hoc
1558 2592 1600 2615 est
1611 2595 1637 2614 vr
1665 2586 1724 2614 Kal.
1739 2585 1815 2613 Febr.

1034 2635 1101 2662 obiit
1112 2644 1119 2669 ;
1132 2635 1186 2662 duo
1203 2635 1277 2670 paria
1296 2642 1370 2662 coss.
1385 2633 1508 2668 ejusdem
1520 2633 1636 2667 imperio
1646 2634 1814 2664 congruunt:

1034 2680 1163 2708 nimirum
1180 2687 1252 2707 anno
1263 2679 1309 2712 97,
1323 2687 1377 2714 quo
1408 2678 1479 2713 apud
1493 2677 1649 2707 Onul’rium,
1661 2681 1688 2703 et
1702 2676 1729 2703 in
1743 2675 1815 2703 Sicu-

1039 2727 1073 2754 lis
1091 2725 1179 2753 Fastis
1195 2733 1267 2752 coss.
1286 2713 1473 2751 mcmorantur
1488 2722 1575 2750 Nerva
1599 2722 1629 2749 lll
1643 2726 1670 2749 et
1682 2721 1814 2756 Virginius
1850 2713 1853 2717 λ

1035 2772 1122 2799 Rufus
1138 2771 1171 2798 ll.
1186 2772 1252 2797 item
1271 2778 1342 2797 anno
1359 2771 1406 2802 98,
1421 2769 1508 2796 Nerva
1529 2767 1562 2795 IV
1580 2771 1608 2795 et
1631 2767 1767 2801 Trajanus
1783 2766 1812 2798 ll;

1035 2826 1115 2853 quem
1131 2823 1234 2843 annum
1254 2816 1347 2842 libavit
1364 2815 1462 2842 Nerva.
1475 2814 1568 2849 Neque
1580 2814 1664 2840 Siculi
1677 2812 1751 2840 Fasti
1764 2812 1813 2839 tlis-

1037 2865 1137 2895 sidcnt,
1152 2868 1197 2890 aut
1213 2862 1291 2889 aliter
1308 2866 1388 2894 atque
1402 2861 1534 2890 Ouuftius
1552 2860 1666 2891 iaciunt,
1679 2859 1731 2887 nisi
1746 2861 1812 2893 thtl
