1937 3039
106 136 158 164 {itii

577 132 621 159 DE
640 130 860 159 ROMANOIIUM
882 130 972 158 IMPI‘.
994 130 1248 158 CIIRONOMJGIA.

1684 134 1714 161 55-5
1721 133 1736 161 ὃ

107 192 257 227 Trajanutn
273 191 360 218 solum
374 190 514 217 consulem
526 191 578 217 hoc
589 198 661 216 anno
672 189 789 217 reddunt
807 198 812 215 :
826 188 897 224 quod
914 193 934 221 Α
952 197 1016 216 ιιυιιι
1029 189 1182 217 conﬂictus.
1203 189 1304 216 Statuit
1319 190 1480 223 Adiiunnm,
1496 201 1529 220 cx
1546 194 1692 230 Spartiano
1709 200 1736 223 rt

106 238 236 265 videIiCet
250 245 312 264 cum
327 236 423 272 paucis
432 236 529 264 diebus
542 237 715 264 consulatum
731 235 819 263 Nerva
834 242 896 270 ges-

107 284 203 316 sisset,
234 285 310 310 solus
328 282 356 309 in
372 290 404 309 eo
421 282 531 309 relictus
547 285 589 309 est
603 281 750 316 Trajanns.
773 281 839 308 Mira
856 285 899 308 est

107 330 192 364 igitur
209 327 350 362 ἀλογιστία
379 326 520 361 Scaligcri,
546 327 591 362 qui
610 333 663 353 tam
688 334 783 354 crasso
804 333 899 353 errore

108 382 169 401 sese
184 373 316 400 traduxit.
341 372 450 399 Atenim
467 371 580 399 Menelai
598 371 756 398 observatio
773 370 896 406 quaedam

107 425 149 447 est
177 419 248 454 apud
273 418 449 445 Ptolemaeum
473 418 521 445 lib.
547 425 597 449 vn,
617 425 644 452 p.
668 417 730 449 170,
753 417 800 452 qui
826 424 897 444 anno

109 467 200 501 primo
212 465 322 498 Traiani
339 464 431 491 Romae
445 464 537 491 lunam
555 472 616 491 cum
636 464 711 498 spica
723 463 897 498 conjunctatn

110 512 228 542 notavit,
248 517 320 537 anno
335 509 519 538 Nabonassari
536 509 598 541 845’,
613 509 714 536 Mcchir
729 517 773 542 xv,
786 517 900 544 sequen<

109 561 137 584 te
153 565 209 585 xvi.
225 556 360 591 Congruit
381 560 488 591 tempus
503 562 575 583 anno
590 554 696 582 Domini
712 555 755 587 98,
772 563 829 590 per.
843 554 898 582 Jul.

110 602 191 634 4711,
211 601 334 628 Januarii
352 608 378 632 ιι,
402 604 533 635 seanente
551 607 590 626 xl.
615 599 683 627 Cum
706 599 787 634 igitur
811 599 898 627 Nerva

110 647 221 675 normisi
250 655 302 673 xxv
327 645 438 673 circiter
453 645 576 672 Januarii
598 645 766 677 decessu’it;
785 645 809 673 si
828 652 899 672 anno

111 693 215 721 Christi
239 692 273 719 98
296 696 436 719 mortuum
458 699 520 719 esse
542 691 675 724 dicamus,
701 691 899 718 observationis

111 739 185 765 illius
201 742 324 771 tempore
339 736 459 763 nondum
481 736 586 770 primus
601 735 712 771 Trajani
729 744 818 763 annus
830 737 899 762 inie-

111 788 165 810 rat.
187 783 278 816 Quare
293 782 401 809 videtur
416 789 488 808 anno
508 781 611 808 Christi
641 781 673 808 97
697 782 814 816 ecepisse
833 781 900 807 Tra-

110 829 212 865 janus:
234 821 400 864 cujus'anno
415 828 504 862 primo
515 831 642 860 exeunte,
655 826 777 854 Januarii
793 827 899 858 xt,die-

949 234 1102 270 X'philino,
1117 243 1203 261 annos
1224 236 1374 270 imperasse
1390 245 1446 268 xxi,
1468 246 1574 267 menses
1593 249 1630 268 ιιι.
1648 241 1737 274 Quare

949 280 1005 306 sine
1023 288 1122 310 errore,
1151 279 1250 314 inquit,
1274 288 1412 313 possumus
1436 281 1477 308 illi
1499 283 1629 317 imputare
1652 295 1736 314 annos
1758 286 1765 295 ’

950 333 1017 352 xxu.
1036 325 1072 352 De
1096 325 1235 360 Xiphilino
1257 326 1353 352 falsum
1376 330 1428 353 est.
1445 326 1537 362 Neque
1557 330 1628 356 enim
1650 338 1737 359 annos

949 379 1005 402 xxt.
1022 371 1069 399 sed
1085 380 1120 398 xx
1136 372 1268 399 duntaxat
1290 372 1427 399 attribuit.
1452 373 1537 401 Porro
1558 375 1668 410 Trajani
1685 378 1737 404 ob-

951 416 1018 443 itum
1048 421 1075 444 et
1093 417 1200 444 initium
1221 417 1333 444 Adriani
1351 417 1456 445 confert
1474 418 1500 445 in
1516 426 1616 446 annum
1636 420 1736 448 Christi

951 462 1013 494 117,
1021 462 1103 498 Nigro
1113 467 1140 489 et
1149 463 1307 497 Aproniano
1318 471 1404 496 coss.,
1426 463 1537 491 Adriani
1549 473 1613 492 vero
1623 470 1737 493 mortem

951 512 979 536 et
991 509 1122 536 Antonini
1141 510 1284 536 exordium
1303 510 1330 537 in
1345 517 1446 537 annum
1461 510 1563 538 Christi
1580 511 1648 544 157;
1666 512 1739 546 quod

951 558 978 581 et
994 562 1055 589 pag.
1072 555 1125 581 ‘200
1148 555 1255 589 repetit.
1290 554 1318 582 In
1338 563 1393 590 quo
1410 555 1520 583 biennio
1542 560 1597 583 toto
1617 556 1740 591 logistice

951 601 1024 628 illius
1045 600 1163 628 aberrat.
1186 600 1292 628 Etenim
1315 608 1369 636 quo
1390 608 1463 628 anno
1482 601 1592 629 Juliano
1614 606 1739 629 mortuus

950 651 992 674 est
1009 647 1157 679 Adrianus,
1182 647 1278 675 eodem
1296 655 1398 675 annum
1422 656 1501 679 χχιιι,
1524 652 1585 682 post
1606 648 1738 679 mensem,

951 692 1143 726 anspicaturns
1158 687 1238 719 erat:
1256 692 1390 727 siquidem
1412 700 1520 720 menses
1533 700 1558 718 ιιι
1589 700 1671 727 supra
1689 699 1740 719 an-

951 746 1015 765 num
1035 746 1080 765 xxt
1098 739 1251 773 imperavit.
1267 738 1369 766 Demus
1381 739 1462 774 igitur
1476 746 1548 766 anno
1560 738 1664 766 Christi
1677 739 1739 771 117,

951 783 1069 818 Augusti
1085 784 1189 811 mensis
1205 792 1244 816 ιι,
1261 784 1397 819 imperare
1410 785 1546 819 coepisse;
1564 792 1654 811 annus
1672 785 1741 812 vice-

952 829 1038 856 simus
1050 829 1199 860 secundus,
1213 830 1322 864 expleto
1338 838 1394 862 xxi,
1407 830 1468 856 iniit
1480 837 1552 857 anno
1563 829 1666 857 Christi
1680 831 1739 861 138,

113 876 164 902 bus
177 879 240 902 ante
256 874 369 902 secundi
387 874 495 901 initium
512 881 558 900 xtv
571 882 578 906 ;
593 872 730 900 Menelaus
743 873 814 900 enim
832 873 901 900 luna:
917 870 937 896 Β
953 873 1031 907 cujus
1046 882 1072 900 xI
1091 875 1193 901 mensis
1209 874 1291 902 desiit
1304 881 1377 901 anno
1392 874 1452 906 159,
1468 873 1531 901 Julii
1548 883 1574 907 χ,
1590 883 1645 910 quo
1656 876 1740 902 mori-

112 919 336 956 conjunctionem
347 919 512 946 observavit.
524 918 562 945 Ita
575 917 707 953 Scaliger.
719 917 797 951 Quod
809 919 898 953 ipsum

111 971 154 995 est
180 967 299 1002 perleve.
326 965 464 993 Menelaus
487 965 558 992 enim
585 964 704 998 primum
722 963 832 998 Trajani
853 972 901 990 an—

111 1021 179 1040 num
197 1020 212 1039 a
233 1011 362 1039 Kalendis
379 1010 517 1038 Januariis
535 1010 760 1037 antecedentibus
778 1011 900 1036 ltomano
920 1044 924 1050 .

112 1065 190 1086 more
204 1058 361 1091 auspicatus
377 1060 431 1090 est,
447 1064 501 1084 non
518 1057 552 1083 ab
568 1056 670 1091 epocha
686 1056 745 1091 ipsa
759 1064 822 1091 prter
833 1057 882 1084 ise.

151 1103 292 1137 Τραϊανὸς
303 1102 356 1135 ἐτη
373 1103 416 1128 (θ’.
433 1101 515 1128 Addit
527 1101 661 1129 Eusebius
676 1109 784 1128 menses
797 1109 836 1134 Ix;
853 1101 901 1128 Dio

113 1157 224 1177 menses
239 1157 275 1180 vr,
288 1149 348 1176 dies
362 1157 412 1175 xv:
426 1148 592 1182 astipulatul‘
603 1152 630 1174 et
641 1147 798 1181 Eutropius.
810 1147 902 1173 Victor

113 1203 202 1232 annos
224 1195 268 1221 dat
285 1202 368 1229 prope
386 1194 491 1228 viginti.
517 1194 610 1228 Itaque
627 1200 689 1219 cum
710 1200 783 1219 anno
798 1193 901 1220 Christi

113 1241 158 1273 98,
176 1249 208 1267 ex
223 1241 256 1266 A.
271 1239 301 1266 D.
314 1248 340 1266 v1
357 1238 470 1266 Kalend.
483 1238 562 1265 Febr.
576 1238 705 1272 cmpcrit:
724 1242 848 1265 mortuus
860 1242 902 1265 est

113 1294 187 1313 anno
207 1285 266 1318 117,
281 1285 408 1312 inchoato
420 1285 474 1319 jam
489 1291 560 1310 anno
574 1292 608 1310 xx
624 1292 631 1310 :
647 1283 728 1318 cujus
742 1291 850 1310 menses
864 1291 900 1314 τι,

113 1332 173 1359 dies
194 1340 240 1362 xv,
255 1339 269 1358 a
285 1339 311 1357 vr
329 1330 442 1357 Kalend.
471 1329 551 1357 Febr.
579 1329 612 1356 ad
631 1337 658 1356 tv
690 1329 729 1357 Id.
755 1329 824 1364 Aug.
846 1329 902 1364 jam

114 1378 201 1413 elapsi
218 1377 337 1404 fuerant.
354 1376 490 1404 Postridie
510 1376 582 1402 enim
603 1375 739 1403 Adrianus
759 1375 903 1410 imperium

114 1424 188 1450 iniit.
207 1422 326 1449 Omnino
341 1422 423 1456 igitur
441 1429 513 1448 anno
531 1421 631 1448 Christi
648 1421 709 1453 117,
726 1421 830 1455 periodi
847 1419 902 1447 Jul.

115 1469 198 1503 4850,
217 1469 286 1496 obiit
301 1468 448 1502 Trajanus,
471 1468 494 1495 si
513 1472 551 1495 tot
565 1469 654 1500 annis,
676 1472 743 1503 quot
759 1468 841 1502 vulgo
854 1476 904 1494 nu-

115 1519 269 1547 merantur,
285 1514 443 1549 imperavit;
458 1522 512 1541 non
527 1514 609 1545 4829,
630 1518 661 1542 ut
678 1518 754 1548 putat
769 1512 903 1547 Scaliger;

114 1561 188 1596 apud
210 1569 290 1596 quem
307 1569 451 1596 perperam
472 1566 498 1588 et
519 1560 636 1592 librarii,
660 1563 690 1587 ut
709 1560 814 1594 opinor,
839 1560 904 1586 vitio

116 1615 205 1635 minus
221 1607 323 1634 Christi
341 1607 390 1634 117
402 1607 521 1641 ponitur,
538 1613 587 1640 pro
604 1601 664 1632 116.
683 1605 733 1633 Hic
744 1606 815 1633 enim
833 1605 905 1640 peri-

115 1654 161 1682 odi
183 1653 299 1680 Julianae
313 1660 384 1679 anno
398 1652 467 1679 4829
483 1651 642 1686 respondet.

152 1699 237 1727 Μετὰ·
248 1699 391 1733 Τραϊανὸν
411 1698 563 1732 Ἁδριανὸς
577 1698 629 1732 ἐτη
642 1701 697 1724 κα’.
718 1697 815 1725 Mirum
828 1698 905 1726 valde

117 1749 160 1774 est
183 1745 366 1779 chronologos
398 1752 532 1771 annorum
556 1748 638 1778 atque
660 1743 765 1770 exordii
791 1743 903 1770 Adriani

118 1792 292 1827 imperatoris
304 1791 487 1826 explicatione
499 1795 554 1817 tam
569 1790 664 1817 leviter
677 1797 737 1817 esse
749 1789 902 1817 defunctos.

63 1875 68 1878 .
116 1838 200 1872 Atqui
214 1837 286 1864 haud
303 1838 360 1864 scio
375 1844 408 1863 an
421 1837 523 1863 nullius
539 1835 711 1871 imperatoris
724 1840 831 1870 tempus
847 1843 905 1862 ma-

115 1883 203 1918 jorem
217 1890 250 1910 ac
270 1882 447 1910 ditliciliorem
458 1881 637 1916 quaastionem
647 1881 755 1908 habeat.
769 1880 904 1913 Quocirca

117 1929 275 1956 necessario
291 1935 340 1954 nos
353 1927 380 1954 in
395 1926 422 1954 id
437 1927 638 1957 incumbamus,
654 1930 685 1952 ut
697 1925 720 1952 si
733 1925 821 1951 minus
838 1932 905 1951 con-

117 1974 279 2001 troversiam
296 1973 425 2000 tollamus
445 1979 564 2004 omnem,
584 1974 658 1998 certe
672 1977 744 2001 eam,
761 1970 803 1996 Vel
820 1969 905 1997 dissi-

117 2019 288 2049 mulantibus
303 2018 344 2046 vel
371 2026 425 2045 non
452 2016 733 2044 animadvertentibns
755 2017 903 2051 plerisque,

117 2068 313 2092 monstremus.
328 2063 412 2099 Igitur
428 2063 590 2098 Spartianus
605 2062 633 2089 in
645 2062 764 2089 Adriano
779 2069 868 2089 annos
879 2061 904 2088 ci

117 2110 215 2137 trilmit
234 2118 289 2141 xxi,
303 2117 411 2136 menses
431 2117 469 2136 xl.
487 2108 636 2144 Eutropius
653 2115 740 2134 annos
757 2115 813 2139 xxi,
832 2114 905 2134 men-

117 2163 163 2184 ses
179 2163 207 2188 κ,
220 2155 278 2182 dies
290 2163 336 2182 xx.
352 2156 386 2182 At
403 2154 496 2182 Victor
512 2162 600 2182 annos
612 2163 657 2185 xx,
671 2162 780 2181 menses
794 2161 820 2180 xt
835 2161 842 2186 ;
862 2156 904 2179 to-

952 924 995 946 tur
1012 919 1162 952 Adrianus,
1179 927 1241 947 cum
1257 920 1348 947 adhuc
1362 921 1465 948 mensis
1483 929 1553 948 unus
1567 921 1600 948 ad
1620 929 1676 948 xxu
1692 928 1740 947 an-

952 973 1020 992 num
1038 966 1203 999 explendum
1220 965 1345 999 deesset;
1362 970 1391 993 ut
1407 973 1485 998 xxnt,
1499 967 1614 1001 Augusti
1629 974 1668 996 χι,
1688 966 1740 993 hoc

951 1014 992 1037 est
1019 1018 1048 1037 ιιι
1077 1010 1117 1037 Id.
1131 1011 1274 1046 inciperet.
1292 1010 1436 1046 Perperam
1463 1011 1544 1046 igitur
1554 1011 1666 1038 Adriani
1692 1018 1737 1038 ex-

951 1056 1005 1083 itus
1024 1055 1051 1082 in
1079 1064 1179 1082 annum
1196 1056 1247 1083 157
1263 1056 1420 1090 conjicitur.
1441 1056 1493 1083 Sed
1508 1056 1637 1091 tnajorctn
1652 1056 1740 1083 risum

952 1101 1086 1136 ejusmodi
1103 1103 1340 1135 argumentatione
1358 1103 1438 1129 tollit.
1456 1102 1558 1134 Annua,
1578 1102 1624 1135 ait,
1641 1101 1740 1129 Christi

954 1148 1004 1175 157
1026 1152 1063 1175 est
1087 1149 1188 1183 primus
1206 1148 1344 1179 Antonini,
1365 1153 1389 1175 et
1406 1148 1457 1175 158
1477 1156 1557 1183 usque
1574 1148 1608 1174 ad
1628 1156 1740 1175 mensem

952 1194 1100 1229 Augustum
1114 1199 1153 1220 est
1168 1193 1237 1221 idem
1251 1202 1359 1221 currens
1376 1195 1517 1226 Antonini;
1536 1194 1568 1220 de
1585 1202 1635 1228 quo
1655 1194 1679 1220 si
1696 1194 1741 1219 de-

954 1240 1113 1266 traxerimus
1132 1247 1215 1266 annos
1229 1239 1275 1271 22,
1299 1239 1442 1266 remanebit
1464 1248 1548 1266 annua
1571 1239 1656 1266 obitus
1674 1239 1741 1266 Trn-

949 1286 1010 1320 jani
1037 1286 1088 1312 117
1115 1285 1225 1319 Christi,
1250 1285 1335 1320 Nigro
1358 1290 1382 1313 et
1405 1286 1559 1320 Aproniano
1576 1294 1645 1312 coss.
1662 1285 1741 1312 Anno

954 1332 1057 1360 Christi
1084 1331 1135 1358 153
1162 1331 1246 1366 cmpit
1268 1331 1399 1358 Antonini
1424 1331 1579 1364 secundus;
1603 1331 1741 1358 Adriath

954 1382 1044 1405 autent
1059 1377 1141 1412 periit
1157 1385 1230 1404 anno
1248 1378 1297 1404 157
1312 1386 1319 1404 :
1333 1381 1360 1404 et
1372 1382 1462 1404 tamen
1477 1377 1510 1404 ad
1523 1376 1742 1411 investigandum

955 1423 1063 1451 initium
1077 1423 1201 1454 Adriani,
1226 1423 1259 1450 de
1275 1423 1355 1450 annis
1378 1423 1427 1450 I58
1444 1423 1537 1458 viginti
1562 1422 1631 1450 duos
1650 1423 1746 1450 detrr.

955 1469 1008 1503 bit;
1026 1468 1098 1504 quod
1113 1469 1147 1496 de
1166 1469 1227 1501 157,
1244 1469 1300 1495 imo
1316 1468 1349 1495 de
1363 1468 1415 1495 556
1430 1467 1583 1495 faciendum
1604 1472 1674 1499 erat,
1687 1475 1743 1502 quo

956 1515 1072 1549 cmpisse
1087 1514 1188 1541 dicitur
1198 1514 1313 1541 Adriani
1328 1514 1451 1541 ultimus.
1469 1513 1587 1541 Detrahe
1608 1513 1642 1540 de
1660 1515 1741 1541 armis

961 1561 1006 1588 157
1021 1580 1027 1591 ,
1049 1559 1146 1595 viginti
1169 1563 1226 1586 tres
1253 1559 1338 1595 (nam
1362 1559 1398 1586 25
1428 1559 1540 1586 Adriani
1572 1559 1741 1586 inchoandus

955 1609 1014 1633 erat
1030 1613 1103 1632 anno
1123 1605 1186 1640 157)
1212 1609 1376 1639 supererunt
1400 1605 1460 1631 114.
1482 1604 1554 1639 Ergo
1574 1604 1625 1631 115
1639 1603 1741 1631 Cln'istt

955 1659 1028 1678 anno
1044 1650 1128 1686 etrapit
1143 1649 1255 1677 Adriani
1273 1650 1389 1683 primus,
1411 1650 1530 1677 triennio
1551 1654 1615 1677 ante
1629 1649 1742 1685 Trajani

955 1697 1070 1727 obitum,
1087 1702 1167 1730 quem
1184 1694 1308 1729 Scaliger
1322 1695 1380 1729 ipse
1399 1695 1506 1722 confert
1519 1695 1547 1722 in
1560 1703 1662 1723 annum
1680 1697 1741 1728 117,

954 1741 1038 1776 Nigro
1060 1746 1086 1768 et
1103 1740 1262 1775 Aproniano
1285 1747 1356 1767 coss.
1378 1739 1438 1772 Quo
1456 1740 1524 1766 nihil
1546 1745 1589 1768 est
1612 1734 1740 1776 ineptius.

955 1786 1090 1819 Quocirca
1108 1793 1163 1813 non
1185 1788 1277 1820 potest
1294 1784 1432 1811 Adrianus
1450 1792 1537 1812 annos
1555 1786 1649 1821 viginti
1675 1791 1741 1818 tres.

956 1839 1011 1858 uno
1025 1838 1118 1858 tnense
1136 1831 1229 1858 minus
1246 1830 1390 1864 attigisse:
1407 1837 1457 1856 nec
1477 1831 1594 1864 amplius
1613 1838 1693 1865 quam
1708 1840 1742 1858 xx

956 1883 1043 1903 annos
1055 1883 1165 1903 menses
1179 1883 1205 1902 ιι
1219 1875 1372 1910 imperavit,
1384 1875 1423 1901 uti
1439 1874 1488 1901 Dio
1499 1879 1581 1909 atque
1594 1875 1743 1911 Eutropius

956 1922 1090 1947 atlirmant
1101 1931 1108 1948 :
1121 1928 1154 1947 ex
1168 1920 1269 1955 quibus
1280 1920 1369 1947 caeteri
1387 1927 1482 1947 omnes
1497 1921 1650 1955 corrigendi
1666 1927 1740 1950 sunt.

954 1967 1087 1994 Creterum
1106 1965 1250 2000 Traianus,
1262 1964 1345 2000 Nigro
1357 1968 1383 1992 et
1399 1964 1554 1999 Aproniano
1571 1973 1655 1998 coss.,
1670 1975 1742 1993 anno

954 2011 1058 2041 Christi
1077 2011 1125 2037 117
1142 2010 1260 2037 excessit
1271 2017 1287 2037 e
1304 2010 1375 2037 vivis
1391 2010 1514 2045 Augusto
1529 2019 1633 2038 mense.
1666 2011 1742 2039 [inde

955 2059 1061 2086 initium
1088 2057 1202 2084 Adriani
1226 2057 1370 2091 consurgit
1391 2064 1423 2084 ex
1445 2061 1509 2083 ante
1529 2057 1600 2084 diem
1624 2066 1654 2084 ιιι
1678 2057 1742 2085 Idus

954 2103 1078 2138 Augusti.
1111 2102 1171 2135 Quo
1192 2110 1224 2130 ex
1250 2102 1294 2129 die
1313 2103 1399 2137 putati
1422 2103 1485 2130 anni
1505 2111 1550 2135 xx,
1574 2111 1682 2131 menses
1702 2112 1741 2137 xv,

955 2149 1084 2189 desinunt
1097 2148 1124 2174 in
1140 2155 1166 2174 vt
1186 2147 1226 2174 Id.
1239 2146 1294 2174 Jul.
1312 2148 1377 2174 anni
1392 2148 1454 2180 158,
1471 2148 1575 2182 periodi
1589 2147 1643 2175 Jul.
1660 2149 1741 2180 4851,

117 2202 202 2229 tidem
225 2201 283 2228 Dio.
308 2200 385 2234 Quod
411 2201 501 2228 verius
527 2205 554 2227 et
576 2203 628 2231 est,
651 2203 678 2226 et
701 2207 714 2225 a
737 2198 902 2226 Casaubono
917 2202 939 2229 ι)
954 2195 1030 2230 cyclo
1045 2194 1116 2220 luna:
1131 2201 1167 2221 vt.

117 2247 250 2278 creditur,
268 2247 296 2273 in
313 2245 391 2281 Notis
407 2246 441 2271 ad
459 2244 641 2280 Spartianum.
662 2243 783 2278 Scaliger
798 2248 852 2270 tam
874 2243 903 2270 in

119 2294 166 2321 lib.
180 2301 195 2319 v
212 2292 249 2318 De
270 2292 400 2319 emendat.
421 2297 593 2326 temp.,quam
616 2291 643 2318 in
662 2290 845 2316 Animaduers.
868 2287 903 2315 ad

120 2338 274 2369 Eusebium,
290 2337 387 2364 miscet
406 2344 438 2363 ac
450 2336 589 2370 perturbat
604 2335 707 2362 omnia.
722 2334 820 2362 Censet
830 2333 904 2361 enim

119 2385 269 2411 Adrianum
283 2390 370 2409 annos
383 2390 442 2410 xxu
458 2389 512 2409 uno
524 2389 616 2408 mense
632 2381 722 2407 minus
737 2380 903 2414 imperasse;

120 2431 190 2458 libro
207 2438 222 2456 v
239 2429 276 2456 De
285 2429 417 2456 emendat.
437 2432 513 2461 temp.
536 2434 597 2462 pag.
613 2427 676 2459 459,
701 2426 845 2460 imperium
867 2425 905 2452 ait

119 2475 219 2502 iniisse
239 2481 312 2501 anno
334 2472 439 2507 periodi
462 2470 578 2499 Juliana:
596 2470 677 2503 4829,
703 2475 729 2497 et
755 2471 905 2505 imperasse

119 2527 207 2547 annos
227 2526 284 2551 xxI,
302 2525 410 2545 menses
430 2525 468 2544 ιιι.
496 2517 548 2550 Qui
571 2516 707 2543 numerati
727 2524 760 2543 ex
778 2515 809 2542 A.
826 2515 858 2543 D.
878 2524 904 2543 IV

120 2564 158 2591 Id.
176 2565 246 2599 Aug.
265 2564 329 2590 anni
351 2563 432 2595 1829,
455 2563 583 2590 desinunt
604 2563 630 2589 in
647 2562 678 2589 A.
696 2561 727 2588 D.
749 2569 774 2588 vt
794 2561 831 2588 Id.
848 2561 903 2588 Jul.

119 2610 181 2636 anni
192 2608 271 2635 4850.
286 2609 381 2635 Annus
392 2608 472 2639 4829,
485 2607 586 2635 Christi
597 2606 776 2642 Dionysianus
787 2611 828 2634 est
843 2607 903 2634 H6.

120 2654 154 2681 At
170 2654 251 2684 1850,
274 2659 316 2681 est
335 2654 394 2681 157.
418 2654 507 2687 Quare
523 2653 665 2688 perspicua
685 2656 727 2680 est
744 2652 903 2688 ἁπροσεξία.

122 2700 187 2726 Nam
209 2700 232 2727 si
256 2707 344 2726 annos
360 2707 417 2731 xxI,
436 2707 544 2726 menses
560 2707 588 2725 ιιι
620 2706 747 2726 numeres
765 2698 800 2725 ab
818 2705 845 2724 ιι
861 2697 905 2725 die

121 2743 236 2779 Augusti
261 2743 325 2770 anni
343 2743 442 2770 Christi
460 2743 520 2774 116,
536 2743 662 2770 desinent
680 2743 707 2770 in
723 2751 739 2770 x
754 2743 825 2770 diem
839 2741 904 2769 Julii

121 2790 183 2816 anni
204 2789 264 2819 I38,
280 2789 336 2815 s’ive
351 2787 454 2822 periodi
473 2787 587 2815 Juliana:
599 2788 678 2815 1851.
699 2789 730 2814 In
742 2787 903 2815 Euscbianis

123 2833 398 2860 Animadrersionitms
413 2840 472 2868 pag.
493 2833 538 2860 191
557 2833 643 2868 major
657 2836 697 2862 est
714 2833 904 2863 liallalcinatiov

988 2239 1065 2272 Quod
1080 2239 1167 2273 ipsum
1190 2243 1218 2265 et
1241 2246 1274 2266 ex
1291 2238 1370 2266 annis
1392 2239 1492 2274 quibus
1515 2239 1582 2266 vixit
1605 2239 1742 2266 Adrianus

953 2284 1106 2312 deducitur.
1129 2284 1214 2311 Natus
1226 2288 1267 2311 est
1282 2285 1364 2316 enim,
1379 2289 1491 2311 auctore
1510 2285 1663 2319 Spartiano,
1688 2284 1742 2311 Ve-

953 2330 1080 2365 spasiano
1097 2329 1141 2356 VII
1167 2334 1194 2357 et
1212 2329 1273 2356 Tito
1287 2328 1308 2356 V
1321 2337 1406 2361 coss.,
1431 2336 1503 2356 anno
1522 2328 1602 2356 Urbis
1616 2329 1678 2361 8‘29,
1694 2327 1742 2356 Ju-

953 2377 1025 2403 liano
1040 2376 1099 2407 £21,
1115 2375 1217 2403 Christi
1231 2375 1275 2407 76,
1288 2383 1345 2410 per.
1361 2375 1416 2402 Jul.
1433 2375 1515 2406 4789,
1534 2383 1561 2401 ix
1585 2374 1643 2400 Kal.
1661 2373 1740 2402 Febr.

955 2421 1029 2449 Vixit
1041 2425 1130 2449 autem
1144 2429 1230 2448 annos
1244 2429 1310 2453 Lxu,
1328 2428 1436 2449 menses
1448 2429 1475 2452 v,
1492 2421 1550 2448 dies
1570 2429 1628 2452 xxx,
1653 2426 1682 2447 ut
1702 2421 1741 2449 ait

957 2468 1124 2502 Xipbilinus.
1137 2466 1330 2495 Emendandus
1347 2468 1420 2494 enim
1443 2471 1485 2495 est
1504 2467 1675 2502 Spartianus,
1694 2469 1740 2502 qui

954 2509 1040 2541 ann'os
1071 2522 1143 2541 Lxxn
1173 2518 1309 2546 numerat,
1335 2522 1398 2540 cum
1424 2513 1573 2548 Eutropius
1597 2517 1624 2540 et
1648 2513 1741 2541 Victor

955 2559 1131 2594 sexagenario
1146 2559 1275 2593 majorem
1293 2559 1394 2586 obiisse
1408 2563 1568 2586 memorent.
1590 2559 1659 2585 Anni
1673 2567 1741 2592 Lxu,

955 2613 1063 2633 menses
1078 2613 1103 2636 ν,
1120 2605 1178 2632 dies
1198 2612 1252 2637 xtx,
1268 2612 1299 2632 ex
1309 2604 1451 2632 antediem
1461 2612 1488 2631 ιιι
1505 2604 1564 2632 Kal.
1579 2604 1659 2632 Febr.
1676 2611 1741 2631 ann.

954 2651 1056 2679 Christi
1078 2651 1111 2678 76
1129 2651 1214 2685 putati
1233 2650 1358 2677 incidunt
1380 2651 1406 2677 in
1425 2649 1490 2677 Julii
1504 2658 1552 2683 xu,
1571 2651 1647 2678 volux
1665 2650 1738 2685 (nam

954 2697 1013 2724 dies
1034 2697 1167 2724 duntaxat
1194 2704 1249 2723 xvn
1266 2696 1428 2732 Spartianus
1454 2696 1574 2732 arrogat)
1597 2696 1660 2723 anni
1677 2695 1738 2722 138.

955 2743 1089 2776 Quocirca
1123 2743 1276 2770 communis
1297 2747 1340 2770 est
1361 2743 1482 2770 omnium
1510 2742 1566 2770 tere
1589 2740 1736 2769 sententia,

956 2793 1069 2815 mortem
1086 2788 1199 2815 Adriani
1222 2789 1368 2816 convenire
1390 2789 1417 2815 in
1441 2796 1540 2815 annum
1556 2785 1657 2814 Christi
1675 2784 1738 2815 133,

957 2834 1037 2861 Urbis
1058 2834 1124 2866 891,
1142 2833 1287 2863 Camerino
1302 2839 1328 2862 et
1345 2834 1441 2864 Magno
1458 2841 1529 2862 coss.
1560 2832 1611 2859 Sed
1630 2829 1692 2857 huic
1709 2829 1736 2854 in
