1937 3039
194 129 244 156 517

755 124 924 152 Μ’]ἸΞΝΒΙΧ
946 123 1197 152 DISSERTATION
1204 125 1260 152 [ΠΙ.

1768 128 1821 156 548

193 189 290 224 primi;
306 188 465 215 l'tolemrcus
483 186 658 215 adversatur;
683 184 728 218 qui
751 188 777 209 et
794 183 840 209 illo
857 187 978 217 tempore
995 184 1014 210 A
1031 180 1180 208 Februario
1213 190 1305 209 mense
1332 190 1392 208 culti
1415 190 1486 209 anno
1509 183 1610 210 Christi
1638 184 1688 210 15‘.)
1709 192 1820 220 compa-

192 233 270 264 Vixit,
287 236 314 259 et
326 232 429 266 aliquot
450 228 657 256 observationes
675 227 785 254 Adriani
807 227 887 253 annis
910 234 976 252 eon-

193 279 315 313 signatas
334 275 443 310 reliquit
467 283 473 301 :
493 282 525 301 ex
546 273 647 308 quibus
671 272 761 304 aliter,
787 281 818 299 ac
840 272 920 306 vulgo
937 272 976 304 tit,

192 325 226 351 de
238 323 312 350 illius
325 321 437 349 exordio
449 320 621 347 sentiendum
634 318 750 345 videtur.
762 318 866 345 Etenim
881 319 927 345 lib.
941 327 977 350 ιν,

192 374 252 403 eap.
267 368 295 399 9,
311 366 438 394 editioriis
455 364 556 391 Graeca:
571 371 633 399 pag.
653 363 714 394 109.,
730 365 842 398 primum
854 371 868 389 a
887 371 916 390 se
934 370 980 390 no-

193 419 276 442 tatam
291 412 414 447 eclipsim
435 411 506 437 lunae
523 409 605 436 refert
621 417 693 436 anno
714 409 825 436 Adriani
843 417 914 436 nono
930 409 979 445 (ita

193 461 220 487 in
238 457 342 485 Latinis
361 457 514 488 codicibus,
536 463 624 491 neque
645 456 723 483 aliter
737 455 922 482 mathematici
948 463 980 483 ac

197 504 359 539 chronologi
373 504 506 530 hactenus
521 502 587 534 fere.
604 502 643 529 liti
658 501 831 539 Buntingius,
846 501 978 535 Scaliger,

194 552 330 579 Calvisius
349 558 432 578 :cum
449 550 476 576 in
493 549 588 576 Crarco
603 555 656 575 non
674 555 774 580 nonus,
795 547 842 575 sed
866 551 980 574 octavus

195 597 307 624 Adriani
328 597 375 628 sil,
395 596 434 631 τῷ
447 595 472 632 η’
487 595 542 621 ἔτει
564 593 715 629 Ἀδριανοῦ,
731 593 803 628 quod
816 600 980 628 magnopere

195 643 338 678 demiror),
356 643 465 669 Pachon
483 649 549 672 xvn,
569 644 700 675 sequente
715 648 791 671 xvnt,
810 640 870 666 hor.
885 639 911 670 8,
926 639 979 670 ἓν.

195 697 210 716 a
229 689 353 718 meridie,
370 695 441 715 anno
460 686 643 714 Nabonassari
666 685 728 713 872.
749 685 881 719 Congruit
909 691 980 710 anno

195 743 252 768 per.
272 734 325 761 Jul.
349 734 429 763 4853,
456 733 556 759 Christi
579 731 639 763 125,
665 732 730 765 Apr.
748 739 776 761 v.
795 730 861 757 feria
874 738 910 757 tv.
929 729 979 757 Se-

195 780 286 807 eundo
310 779 381 813 apud
409 778 535 805 eumdem
567 777 741 804 Ptolemaeum
770 783 831 810 cap.
860 776 888 808 6,
916 783 979 810 pag.

197 825 298 852 Graecae
312 824 379 851 edit.
396 823 440 854 98,
459 823 602 850 observata
622 827 665 849 est
679 820 790 856 eclipsis
805 821 890 847 altera
909 828 981 848 anno

1034 229 1119 253 ratur.
1160 226 1247 261 llujus
1283 234 1348 261 ergo
1380 228 1442 254 anni
1481 228 1657 262 primordium
1691 232 1823 258 convenit

1034 279 1105 299 auno
1119 272 1180 304 158,
1198 273 1319 307 adeoque
1335 273 1440 307 primus
1462 274 1522 300 iniit
1543 282 1614 302 anno
1633 272 1700 302 157?
1714 275 1823 309 Quibus

1034 319 1143 353 reliqua
1163 319 1369 347 observationes
1400 325 1591 348 consentaneae
1619 327 1692 349 sunt.
1717 322 1822 355 Quam-

1037 364 1131 392 obrem
1152 365 1176 392 si
1193 372 1327 392 armorum
1342 369 1413 392 nota:
1427 365 1497 393 bona
1513 366 1564 394 [ide
1583 375 1598 394 a
1612 367 1766 400 Ptolemaro,
1780 369 1822 396 vel

1035 411 1152 438 librariis
1168 411 1280 439 redditae
1293 416 1357 439 sunt
1374 421 1380 439 :
1399 412 1433 439 de
1447 420 1502 447 quo
1525 413 1571 440 vix
1592 418 1634 441 est
1652 419 1681 441 ut
1704 415 1823 449 pruden-

1034 461 1075 483 ter
1087 456 1240 484 addubitari
1268 458 1374 492 possit;
1393 465 1455 484 cum
1471 458 1498 485 in
1515 463 1554 485 tot
1580 459 1822 488 observationibus

1034 503 1085 530 sibi
1102 503 1161 537 ipse
1175 507 1293 536 constet,
1319 511 1432 531 necesse
1446 507 1488 532 est
1503 504 1610 532 initium
1625 505 1741 532 Adriani
1765 513 1824 533 uno

1034 556 1106 575 anno
1122 549 1289 581 submoveri,
1303 549 1368 576 etin
1387 557 1488 576 annum
1504 549 1606 577 Christi
1629 550 1680 577 116
1697 552 1799 586 conjici
1813 561 1822 581 ;

1034 594 1156 628 ejusdem
1175 601 1239 621 vero
1265 598 1380 622 mortem
1406 599 1433 622 et
1452 595 1558 621 initium
1574 595 1703 623 Antonini
1727 597 1754 623 in
1772 605 1821 624 an-

1036 647 1102 666 num
1119 639 1180 666 1'57.
1199 639 1256 666 lloc
1272 647 1337 667 vero
1358 640 1508 667 constituto
1519 661 1526 672 ,
1548 641 1582 668 de
1599 641 1678 668 annis
1695 641 1820 677 Trajani,

1035 686 1076 714 vel
1091 686 1238 713 Domitiani
1269 686 1457 720 excerpendus
1476 695 1546 714 Imus
1562 687 1613 714 erit
1629 696 1635 714 ξ
1658 691 1687 714 ιιι
1706 690 1748 715 vel
1769 690 1823 717 iste

1036 738 1080 758 xiv
1095 729 1226 757 duntaxat
1251 738 1348 762 annos,
1367 731 1406 756 vel
1419 730 1464 757 ille
1478 731 1628 758 octodecim
1640 732 1744 760 solidos
1758 741 1819 759 cum

1035 776 1243 804 excurrentibus
1260 776 1401 802 mensibus
1425 776 1582 810 expleverit,
1601 776 1738 805 Adrianus
1757 785 1822 804 vero

1035 830 1069 848 xx
1099 829 1161 848 cum
1188 821 1330 848 mensibus
1356 829 1396 847 xi.
1422 820 1576 847 Domitiano
1592 829 1646 848 non
1662 826 1705 849 est
1725 826 1754 848 ut
1775 822 1821 849 dc-

196 870 307 896 Adriani
322 877 388 899 ιςνιι,
404 867 487 902 l’ayni
512 867 614 894 mensis
635 874 681 899 xx,
702 870 834 900 sequente
854 873 910 896 xxi.
933 865 981 893 ho-
998 860 1019 887 Β
1034 867 1195 894 trahendum
1212 866 1315 900 aliquid
1341 867 1508 900 existimem,
1523 875 1584 893 eum
1605 875 1658 894 non
1681 868 1763 894 modo
1787 868 1820 895 de

195 916 235 942 ris
250 915 292 946 11,
312 915 351 941 'lb'
365 922 379 940 a
398 911 708 942 meridiedabonassari
726 911 788 942 880,
809 918 881 937 anno
902 911 982 938 Chri-

196 962 231 988 sti
262 961 324 991 153,
344 967 402 994 per.
429 957 484 984 Jul.
508 957 589 989 4816,
602 956 664 982 Maii
685 963 721 987 γι,
741 956 807 982 feria
827 964 866 983 ιιι.
888 956 982 983 Tertio

195 1006 289 1033 eadem
309 1013 369 1040 pag.
385 1004 497 1039 eclipsis
515 1003 570 1029 alia
589 1003 705 1037 contigit
721 1002 832 1029 Adriani
853 1011 910 1034 xix,
927 1001 983 1028 Na-

196 1051 339 1078 bonassari
354 1051 417 1083 882,
432 1049 535 1076 Choiac
552 1057 582 1081 ιι,
600 1049 675 1076 horis
695 1049 725 1075 11
741 1056 756 1074 a
774 1048 894 1075 meridie.
911 1049 984 1075 Con-

199 1097 272 1124 venit
287 1104 344 1131 per.
359 1095 413 1122 Jul.
428 1103 500 1122 anno
510 1095 591 1126 4847,
606 1094 708 1121 Christi
724 1094 785 1126 151,
797 1093 925 1121 Octobris
936 1102 984 1126 xx,

197 1141 266 1168 leria
282 1149 322 1167 ιιι.
341 1141 446 1172 Quarta
464 1139 573 1174 eclipsis
598 1138 692 1166 incidit
718 1138 744 1165 in
765 1146 867 1165 annum
890 1138 984 1165 Adria-

197 1187 224 1213 ni
237 1194 283 1218 xx,
298 1185 404 1212 Nabon.
425 1186 488 1216 885,
505 1184 664 1211 l’harmnthi
681 1193 738 1215 χιιι,
755 1184 830 1210 horis
853 1192 897 1211 xvi
923 1188 985 1218 post

197 1232 356 1263 meridiem;
373 1238 446 1258 anno
465 1231 567 1258 Christi
583 1229 643 1263 156,
659 1237 719 1264 per.
739 1229 793 1256 Jul.
811 1230 892 1263 4819,
912 1230 984 1257 Mar-

198 1277 229 1303 tii
249 1285 285 1303 \‘I.
302 1277 372 1303 Sunt
396 1280 424 1303 et
447 1276 507 1302 alia:
524 1275 595 1310 apud
614 1275 739 1302 eumdem
766 1275 984 1303 observationes.

199 1322 278 1349 Velut
289 1323 336 1348 lib.
348 1330 387 1354 ιιι,
398 1329 458 1356 pag.
472 1321 514 1354 77,
528 1321 588 1347 Lat.
599 1320 664 1347 edit.
682 1320 729 1346 lib.
745 1328 784 1351 ιιι,
800 1328 860 1355 cap.
876 1321 902 1353 8,
916 1329 987 1348 attito

202 1368 317 1395 Adriani
333 1375 400 1399 xvu,
419 1375 493 1393 anno
521 1366 631 1393 Nabon.
654 1365 717 1397 880,
740 1365 828 1400 Athyr
844 1373 890 1397 vn,
907 1366 988 1400 tequi-

200 1413 322 1441 noctium
337 1412 496 1440 autumnale
509 1412 683 1439 observatum
702 1418 717 1437 a
727 1410 872 1437 Ptolemaeo
889 1420 895 1438 :
914 1412 987 1446 quod

198 1463 309 1492 tempus
331 1458 459 1493 congruit
479 1465 552 1484 anno
567 1457 667 1484 Christi
692 1456 751 1488 152,
771 1457 845 1491 Sept.
871 1465 931 1484 xxv.
947 1457 987 1484 Ad

201 1506 258 1531 ha-c
275 1505 321 1531 lib.
336 1513 361 1535 v,
378 1511 438 1538 cap.
456 1504 483 1534 5,
501 1503 600 1530 Graeca.-
612 1503 678 1530 edit.
689 1510 751 1537 pag.
768 1502 794 1533 5,
812 1509 885 1529 anno
899 1502 986 1529 Antt-

201 1550 259 1578 nini
275 1558 304 1580 ιι.
320 1549 425 1576 Nabon.
442 1548 504 1580 886,
518 1557 551 1575 xv
564 1547 733 1575 Phamcnoth
747 1548 909 1575 anomaliam
920 1549 989 1576 luna:

203 1594 396 1630 deprehendit;
427 1601 499 1621 anno
531 1594 635 1621 Christi
664 1594 726 1625 159,
749 1602 807 1628 per.
832 1594 888 1622 Jul.
909 1595 990 1628 4852,

201 1638 343 1667 Februarii
372 1647 409 1666 ix.
433 1640 498 1668 Item
530 1639 577 1667 lib.
608 1648 635 1672 x,
664 1647 725 1674 cap.
752 1640 780 1672 4,
811 1647 872 1675 pag.
904 1640 989 1667 Gra-c.

203 1684 272 1712 edit.
285 1685 349 1717 2M,
367 1692 439 1712 anno
457 1685 587 1712 Antonini
616 1693 646 1717 ιι,
670 1685 738 1720 Tybi
756 1693 833 1716 xxrx,
861 1690 991 1720 sequente

202 1735 268 1760 xxx,
284 1729 426 1755 observata
446 1729 535 1757 Venus
561 1734 621 1762 est;
639 1737 712 1756 anno
729 1730 831 1757 Christi
859 1730 921 1763 158,
942 1730 991 1758 De-

202 1772 321 1801 cembris
348 1782 404 1807 xvi,
440 1781 498 1808 per.
523 1774 576 1800 Jul.
594 1774 676 1800 1851.
703 1774 837 1801 Praeterea
868 1774 915 1801 lib.
946 1783 990 1805 ιιι,

201 1825 264 1852 cap.
285 1819 313 1851 2,
343 1828 404 1855 pag.
425 1820 460 1846 62
484 1819 584 1846 (iratae
608 1819 686 1851 edit.,
705 1827 777 1846 anno
794 1819 924 1846 Antonini
949 1827 988 1851 ιιι,

202 1866 396 1904 :equinoctium
424 1865 582 1892 autumnale
609 1865 811 1899 deprehensum
836 1865 923 1900 Athyr
951 1874 989 1897 ix.

202 1923 275 1942 anno
290 1913 392 1940 Christi
409 1911 472 1943 159,
487 1918 545 1946 per.
562 1910 618 1937 Jul.
631 1910 713 1941 4852,
733 1909 901 1944 Septembris
916 1918 989 1937 xxvi.

204 1959 326 1993 Denique
338 1957 385 1984 lib.
412 1964 450 1988 ix,
466 1963 527 1991 cap.
544 1956 590 1988 10,
607 1962 668 1990 pag.
685 1955 732 1982 Gr.
753 1955 818 1982 edit.
839 1954 901 1986 ‘256.
918 1962 990 1982 anno

203 2003 334 2031 Antonini
355 2011 384 2034 ιι,
409 2001 514 2028 Nabon.
537 2000 599 2031 886,
623 2000 719 2035 Epiphi
743 2008 773 2032 ιι,
801 2004 931 2034 sequente
946 2007 988 2032 ιιι,

204 2050 360 2084 periodicus
384 2047 508 2074 Mercurii
539 2051 630 2073 motus
653 2046 814 2072 observatas
841 2049 894 2076 est,
918 2053 990 2073 anno

204 2095 307 2122 Christi
321 2094 382 2126 159,
396 2092 456 2119 Maii
472 2091 515 2123 17,
535 2099 594 2126 per.
609 2090 664 2118 Jul.
681 2090 762 2117 4852.
777 2089 906 2125 Ileliquas
923 2098 991 2125 prm-

204 2140 337 2167 termitto.
355 2137 395 2164 Ex
414 2137 514 2172 quibus
534 2136 661 2164 omnibus
681 2135 793 2163 evidens
811 2139 863 2169 est,
881 2136 988 2163 initium

205 2185 317 2212 Adriani
330 2192 385 2212 non
403 2184 429 2210 in
441 2191 542 2209 annum
563 2182 664 2209 Christi
680 2182 739 2215 117,
753 2182 799 2209 sed
819 2182 869 2209 116
881 2182 989 2214 cadere,

207 2232 263 2258 sive
276 2230 406 2265 cpoeham
423 2235 556 2255 annorum
572 2226 683 2254 Adriani
701 2227 735 2253 ab
749 2227 863 2261 Augusti
879 2235 904 2254 xi
931 2228 991 2254 Pto-

206 2277 316 2304 lemants
339 2275 492 2305 deduxerit,
518 2273 589 2300 unde
612 2272 755 2307 imperium
779 2280 894 2300 exorsus
923 2278 988 2300 est:

221 2322 290 2349 ivea
314 2320 452 2347 neomeuia
475 2319 563 2346 'l‘hoth
586 2318 750 2353 Aigyptiaci,
768 2326 827 2352 qua:
854 2319 901 2345 illo
924 2323 992 2345 tem-

207 2372 273 2402 pore
292 2367 318 2393 in
335 2366 435 2393 Julium
453 2365 621 2392 incurrebat.
641 2363 708 2390 Nam
728 2363 751 2390 si
762 2370 851 2391 annus
877 2363 991 2390 Adriani

206 2421 263 2443 :vu
280 2421 341 2440 cum
364 2420 436 2439 anno
453 2411 556 2438 Christi
578 2409 641 2442 152,
663 2408 816 2442 Septembri
842 2416 947 2440 mense,
965 2413 992 2436 et

212 2467 270 2488 :um
289 2460 351 2490 155,
372 2458 442 2485 Maio
456 2456 605 2487 concurrit,
626 2461 738 2481 necesse
754 2457 797 2481 est
816 2461 917 2481 annum
936 2454 993 2497 pri-

209 2513 282 2532 mum
301 2504 395 2530 iniisse
417 2501 520 2529 Christi
545 2500 606 2527 116.
630 2498 708 2531 Quod
729 2498 799 2525 idem
822 2498 991 2533 reliquorum

206 2549 321 2577 Adriani
339 2555 472 2575 annorum
495 2554 558 2574 eum
577 2545 680 2572 Christi
702 2544 781 2572 annis
802 2552 941 2573 concursu
960 2551 993 2572 ac

209 2593 397 2629 complexione
412 2593 558 2627 colligitur.
576 2590 655 2618 Velut
670 2591 742 2625 quod
758 2598 847 2618 annus
865 2599 954 2618 nonus
966 2595 994 2625 et

212 2639 337 2667 decimus
350 2639 461 2667 Octobri
476 2646 567 2666 mense
584 2641 743 2665 numeretur
759 2638 822 2664 anni
845 2637 906 2669 154,
920 2637 992 2664 vice-

209 2686 296 2714 simus
312 2689 402 2712 autem
420 2685 516 2712 Martio
535 2693 628 2712 mense
664 2684 729 2710 anni
751 2683 812 2711 156.
835 2683 897 2710 lla2e
919 2683 991 2710 enim

209 2732 339 2767 explicari
356 2732 433 2760 aliter
447 2736 594 2766 nequeunt,
608 2739 689 2766 quam
704 2735 732 2757 ut
746 2731 863 2765 primum
877 2731 992 2764 cmpisse

210 2789 334 2816 dicamus
350 2797 423 2816 anno
442 2788 502 2815 116.
522 2788 641 2823 ldipsum
661 2794 687 2816 et
704 2798 736 2817 ex
760 2788 840 2815 annis
863 2787 992 2813 Antonini

210 2834 386 2869 perspicuum
401 2840 451 2862 est.
470 2833 574 2869 Quippe
596 2842 683 2861 annus
707 2833 836 2860 Antonini
859 2831 993 2860 secundus

1033 913 1107 940 illius
1122 912 1210 943 annis,
1229 919 1325 939 verum
1340 916 1366 938 et
1379 912 1412 939 de
1428 919 1500 939 coss.
1513 912 1613 946 quibus
1629 918 1756 940 mortuus
1768 917 1822 944 est,

1033 959 1140 993 egregie
1168 966 1263 985 omnes
1295 958 1367 984 inter
1398 966 1427 986 se
1456 959 1638 985 consentiant.
1669 959 1820 986 Videndum

1037 1013 1130 1039 porro,
1147 1009 1238 1031 utrum
1253 1004 1373 1038 'l‘rajano
1394 1012 1461 1031 xvnt
1481 1004 1614 1031 duntaxat
1634 1013 1696 1031 cum
1721 1007 1822 1032 mensi-

1035 1051 1085 1077 bus
1100 1057 1197 1077 novem
1218 1049 1318 1076 ascribi
1338 1048 1453 1076 debeant
1471 1058 1477 1076 :
1494 1050 1586 1084 sicque
1607 1058 1660 1076 non
1686 1049 1771 1085 Nigro
1797 1055 1822 1076 et

1035 1095 1193 1130 Aproniano
1210 1102 1298 1127 coss,
1314 1101 1386 1121 anno
1401 1094 1504 1121 Christi
1522 1095 1582 1127 117,
1606 1096 1652 1122 sed
1666 1095 1778 1123 JEliano
1792 1104 1823 1121 ac

1036 1140 1144 1172 Vetere,
1160 1147 1232 1167 anno
1247 1139 1298 1166 116
1312 1139 1449 1174 Trajauus
1469 1140 1629 1167 excesserit.
1653 1140 1730 1167 Unde
1746 1146 1773 1167 et
1789 1141 1822 1168 dc

1035 1193 1168 1212 annorum
1185 1191 1310 1217 numero,
1327 1184 1427 1218 quibus
1444 1185 1546 1212 vixisse
1565 1185 1652 1211 fertur
1671 1185 1822 1218 Adrianus,

1037 1230 1206 1258 tleseeandus
1228 1237 1300 1256 unus
1325 1229 1422 1262 fuerit;
1448 1234 1495 1256 aut
1511 1234 1585 1257 certe
1606 1238 1660 1257 non
1686 1230 1732 1257 illo
1749 1238 1822 1257 mss.

1039 1276 1205 1311 Vespasiano
1221 1275 1266 1302 Vll
1278 1283 1310 1302 ac
1323 1275 1385 1302 Tito
1405 1274 1438 1307 V,
1462 1275 1514 1303 hoc
1531 1280 1578 1303 est
1599 1276 1699 1303 Christi
1719 1276 1762 1308 76,
1777 1277 1823 1304 sed

1037 1330 1110 1350 anno
1125 1321 1303 1348 antecedente
1321 1325 1401 1349 natus
1413 1325 1455 1348 est
1471 1330 1478 1348 :
1493 1321 1544 1348 nisi
1558 1321 1621 1356 quid
1634 1322 1661 1348 in
1678 1318 1821 1350 consulum

1038 1368 1119 1400 serie,
1134 1367 1206 1402 quod
1218 1370 1387 1402 postremum
1409 1371 1463 1399 est,
1485 1367 1700 1402 perturbationis
1719 1368 1824 1396 incide-

1038 1414 1084 1441 rit.
1115 1413 1151 1441 De
1182 1421 1234 1448 qua
1258 1420 1288 1440 re
1320 1413 1354 1440 ad
1384 1413 1554 1440 eruditorum
1592 1417 1619 1440 et
1654 1414 1824 1449 antiquitatis

1038 1459 1226 1487 consultorum
1242 1458 1381 1484 hominum
1392 1458 1493 1492 judicia
1509 1466 1700 1493 provocamus.

1081 1503 1147 1531 Ἀπὸ
1168 1502 1225 1531 οὖν
1245 1503 1422 1537 Αὐγούστου
1446 1503 1500 1535 ἕως
1531 1503 1690 1536 Ἀδριανοῦ.
1709 1502 1737 1530 Si
1760 1511 1826 1531 con-

1040 1553 1135 1584 ceptos
1151 1550 1184 1576 ah
1199 1549 1349 1583 Epiphanio
1367 1555 1496 1575 numeros
1521 1549 1669 1580 subducas,
1685 1557 1773 1576 annos
1792 1549 1825 1576 ab

1039 1598 1161 1630 Augusto
1180 1595 1300 1629 reperies
1319 1595 1380 1627 180,
1402 1602 1464 1621 cum
1491 1595 1633 1621 mensibus
1654 1603 1701 1628 ru,
1728 1595 1825 1623 diebus

1039 1649 1098 1674 xxi;
1125 1641 1148 1668 si
1175 1648 1284 1668 menses
1317 1641 1479 1668 tricenarius
1507 1644 1632 1672 statuas,
1670 1649 1758 1676 usque
1793 1642 1824 1668 ad

1040 1686 1151 1714 Adriani
1177 1686 1269 1713 tinem.
1296 1685 1355 1713 Jam
1384 1690 1464 1714 antea
1494 1687 1688 1713 censtituinius
1717 1687 1826 1714 initium

1039 1732 1156 1767 Augusti
1173 1740 1205 1759 ex
1223 1730 1367 1766 Epiphanii
1379 1737 1470 1760 mente
1480 1732 1507 1759 in
1520 1740 1622 1759 annum
1634 1732 1733 1760 cadere
1743 1732 1826 1759 Julia-

1039 1785 1106 1804 num
1122 1778 1243 1810 tertium,
1259 1777 1341 1805 Urbis
1355 1785 1387 1804 ex
1407 1777 1576 1804 Varroniana
1591 1777 1697 1804 ratione
1711 1778 1773 1811 711,
1788 1778 1826 1804 al-

1039 1826 1128 1849 terum
1140 1822 1174 1849 ab
1189 1830 1256 1850 nece
1271 1822 1346 1849 Julii.
1362 1821 1386 1849 ls
1406 1828 1446 1849 est
1459 1823 1484 1849 in
1500 1823 1610 1857 periodo
1623 1823 1730 1850 Juliana
1744 1823 1824 1850 4671.

1039 1865 1152 1892 Adriani
1181 1866 1272 1893 obitus
1298 1866 1380 1901 vulgo
1401 1866 1547 1901 conjicitur
1574 1867 1601 1893 in
1628 1875 1727 1893 annum
1745 1866 1827 1894 Chri-

1039 1910 1074 1938 sti
1098 1910 1161 1942 158,
1183 1911 1288 1945 periodi
1314 1910 1369 1938 Jul.
1396 1911 1476 1938 4851.
1504 1912 1544 1938 Ab
1573 1918 1646 1938 anno
1662 1912 1744 1947 igitur
1758 1913 1824 1940 4671

1040 1955 1074 1981 ιιι]
1091 1955 1177 1987 4851,
1199 1955 1264 1982 anni
1283 1955 1364 1983 solidi
1384 1960 1516 1990 putantur
1531 1956 1582 1983 180
1602 1961 1629 1984 et
1650 1965 1760 1984 menses
1777 1958 1827 1984 ali-

1041 2005 1108 2035 quot
1119 2020 1130 2038 ,ν
1155 2001 1194 2028 ita
1221 2005 1250 2028 ut
1276 2003 1442 2029 centesimus
1465 2003 1648 2037 octogesimus
1665 2004 1770 2037 primus
1787 2005 1826 2030 in-

1040 2048 1103 2074 ierit
1116 2055 1188 2075 anno
1204 2051 1263 2082 ipso
1280 2048 1361 2075 1831.
1371 2048 1471 2076 Vellera
1487 2049 1634 2077 indicasset
1648 2048 1825 2084 Epiphanius.

1040 2098 1158 2126 quanam
1177 2099 1210 2119 ex
1233 2092 1278 2119 die
1305 2093 1420 2127 Augusti
1448 2093 1628 2128 primordium
1657 2094 1781 2126 duceret.
1798 2101 1826 2122 ut

1041 2137 1185 2169 sciremus,
1214 2145 1265 2164 cur
1291 2143 1389 2172 praeter
1411 2138 1514 2166 solidOs
1541 2146 1627 2166 annos
1651 2139 1702 2166 180
1720 2147 1826 2167 menses

1042 2187 1174 2217 quatuor,
1202 2183 1294 2210 minus
1329 2184 1426 2211 diebus
1457 2192 1500 2217 ιιι,
1533 2184 1719 2219 imputavcrit.
1757 2185 1826 2212 Obiit

1042 2228 1179 2255 Adrianus
1199 2236 1226 2255 vt
1251 2228 1289 2255 ld.
1305 2228 1372 2260 Jul.,
1390 2237 1405 2255 a
1428 2237 1482 2264 quo
1499 2230 1542 2257 die
1560 2230 1582 2257 si
1606 2236 1677 2257 reno
1700 2239 1826 2259 muneres

1042 2282 1150 2301 menses
1168 2279 1235 2307 tres,
1265 2274 1323 2302 dies
1349 2283 1407 2308 xxI,
1425 2276 1564 2310 pervenies
1591 2276 1624 2302 ad
1650 2284 1696 2303 xxi
1721 2277 1824 2310 Martii;

1042 2320 1070 2347 in
1084 2328 1137 2354 quo
1148 2320 1285 2348 Nicmnum
1307 2322 1451 2348 concilium
1475 2322 1619 2353 πολιτικῶς
1636 2323 1824 2357 aequinoctium

1042 2366 1136 2393 deﬁxit
1158 2375 1165 2393 :
1184 2371 1281 2400 estque
1304 2366 1348 2392 hic
1370 2366 1428 2394 dies
1453 2367 1595 2394 neomenia
1620 2367 1700 2401 primi
1725 2367 1826 2394 mensis

1044 2412 1190 2447 paschalis,
1205 2412 1250 2446 qui
1270 2420 1301 2439 ex
1322 2412 1496 2446 paschalibus
1524 2412 1646 2439 terminis
1662 2417 1779 2443 constat,
1795 2420 1824 2439 ex

1043 2460 1135 2483 mente
1152 2456 1270 2482 Anatolii
1300 2456 1470 2490 aliorumque
1489 2461 1619 2486 veterum,
1637 2460 1664 2481 ut
1681 2455 1714 2481 ad
1730 2455 1792 2481 Iner.
1801 2461 1824 2481 ιι

1043 2501 1172 2528 diximus.
1197 2501 1290 2535 Itaque
1315 2501 1462 2528 verisimile
1486 2506 1538 2532 est,
1560 2500 1740 2535 Epiphanium
1762 2507 1825 2535 epo-

1043 2547 1122 2574 cham
1147 2546 1253 2581 imperii
1277 2547 1393 2582 Augusti
1419 2546 1446 2573 in
1472 2553 1505 2573 eo
1531 2546 1575 2573 die
1601 2546 1750 2577 collocare,
1766 2553 1824 2572 cum

1044 2597 1144 2628 printer
1165 2600 1251 2620 annos
1267 2593 1317 2620 180
1332 2601 1439 2620 menses
1455 2601 1481 2620 Iv
1498 2593 1588 2620 minus
1602 2592 1697 2619 diebus
1712 2600 1738 2620 ix
1753 2591 1825 2618 attri-

1044 2638 1113 2665 buit.

1085 2695 1132 2728 Ὡς
1148 2693 1222 2722 εἶναι
1241 2695 1299 2722 ἀπὸ
1320 2697 1432 2730 χρόνου
1454 2696 1509 2730 ’τῆς
1523 2695 1689 2730 ἑρμηνείας.
1704 2695 1726 2722 Λ
1739 2694 1825 2723 Ptole-

1045 2741 1103 2768 maei
1121 2740 1287 2775 Philadelphi
1303 2749 1374 2769 anno
1391 2744 1506 2777 septimo
1523 2741 1555 2768 ad
1573 2742 1698 2768 ultimum
1714 2740 1824 2776 Cleopa-

1046 2791 1093 2812 tr-.c
1121 2785 1280 2812 munerabat
1307 2786 1474 2822 Epiphanius
1499 2795 1585 2814 annos
1609 2787 1680 2819 2'19;
1705 2794 1768 2813 cum
1786 2793 1824 2812 re-

1047 2840 1108 2858 vera
1125 2833 1176 2859 silli
1192 2832 1340 2860 secundum
1359 2834 1433 2860 illum
1453 2834 1516 2861 9.59.
1534 2833 1640 2861 llursus
1657 2834 1691 2861 ab
1711 2833 1823 2869 Augusti
