1937 3039
96 143 146 171 39

537 143 580 170 DE
603 143 820 171 ROMANOKUM
843 142 932 170 l.\lPP.
954 144 1210 174 CllltONOLOGlA.

1665 151 1717 179 550

92 203 182 239 primo
201 202 234 229 ad
253 210 291 229 nt
309 201 432 235 Adriani,
449 202 512 228 anni
537 206 601 229 sunt
626 201 686 234 vl'll,
707 209 815 228 menses
836 209 884 232 vn,
902 201 922 229 A
938 200 1091 230 Turbonem
1107 211 1232 237 repressa
1244 203 1360 231 videtur.
1378 203 1725 239 l‘ostct'iot'motus,itlettt-

93 250 153 276 dies
166 256 224 276 ut.
243 248 319 281 Quos
332 249 355 276 si
371 256 433 275 cum
447 248 500 276 259
516 248 703 283 conjunxcris,
723 247 885 282 colligentur

94 294 159 321 anni
175 294 240 326 430,
260 301 369 321 menses
381 302 430 326 νιι,
444 293 503 321 dies
513 302 558 320 ut
568 302 575 325 ;
587 293 610 320 si
623 293 732 328 quidem
744 301 776 320 ex
789 293 885 320 diebus

94 339 308 366 excurrentibus
325 339 488 366 triet-narios
512 346 620 367 menses
641 338 749 366 feceris.
766 339 887 374 Apparet

94 385 177 420 igitur
191 393 207 412 a
222 385 338 420 septimo
367 386 506 412 Ptolemaei
530 384 709 419 Philadelphi,
731 384 764 411 ad
782 385 884 412 exitum

93 431 256 465 Cleopatrae,
271 438 326 458 non
339 430 404 462 9.49.
420 431 469 459 sed
488 431 542 458 259
565 438 652 458 annos
673 431 812 465 imputari.
832 430 884 458 Sed

93 476 212 503 mirifica
241 480 294 508 est.
323 480 349 503 et
372 477 450 504 valde
481 477 602 512 ἰδιωτική
633 477 685 504 ista
717 477 832 512 putatio,
861 476 885 505 si

93 522 209 557 perinde
228 526 309 557 atque
332 522 475 557 Epiphanii
499 522 622 550 calculus
647 530 701 557 pne
722 531 751 550 se
771 522 821 550 fert
840 530 886 549 ac-

92 568 187 602 cipere
209 569 344 600 velimus;
367 576 429 595 nam
457 569 518 595 dua:
543 573 607 596 sunt
631 568 744 603 ὁμάδες,
768 576 801 595 cx
822 568 884 603 qui-

93 613 145 640 bus
171 613 224 640 450
248 621 381 640 annorutn
406 621 511 640 sunnna
537 613 696 640 conflatur:
727 613 814 648 prima
840 617 883 641 cst

93 667 108 684 a
131 666 169 684 vn
195 657 365 692 Philadelphi
392 658 425 685 ad
458 659 585 685 ultitnum
609 658 768 693 Cleopatrae,
799 666 885 686 anno~

93 710 154 729 rum
177 703 248 735 “2.59;
265 703 350 732 altera
364 704 398 730 ab
416 704 494 731 initio
513 705 627 739 Augusti
644 705 676 731 ad
693 705 884 732 duodecimum

92 747 222 780 Adriani,
233 756 367 776 annorum
381 748 438 777 fere
450 749 512 776 171.
529 749 589 782 Qua
601 750 707 777 ratione
718 757 832 777 necesse
843 753 885 777 est

93 793 213 827 pritnum
228 802 330 821 annutn
352 794 468 828 Augusti
490 799 552 830 post
577 795 704 822 ttltimtnn
733 796 884 830 Cleopatra:

92 840 245 866 numerari.
263 840 346 875 Atqui
371 840 525 876 Cleopatra;
539 842 653 868 ultimus
669 842 797 876 congruit
811 850 884 869 anno

935 255 989 282 que
1004 248 1160 276 diuturnior
1178 252 1205 276 cl
1227 249 1386 276 horribilior
1408 251 1435 278 itt
1466 260 1511 278 XVI
1532 253 1642 280 Adriani
1658 262 1725 282 con-

937 293 1023 321 fertur
1035 295 1062 321 in
1082 295 1237 322 Eusebiano
1253 295 1394 322 Chronico.
1406 297 1492 331 Cujus
1505 300 1721 331 attctor,(.‘oehe.

935 339 994 370 bas,
1008 341 1066 367 sive
1078 340 1267 368 Barcocltebas
1280 341 1350 368 latro
1361 342 1470 376 quidam
1479 345 1592 372 exstitit.
1606 345 1724 373 Causam

936 386 1000 413 belli
1018 386 1179 420 Spartiantts
1194 386 1279 414 fuisse
1294 387 1372 420 dicit,
1387 388 1456 422 quod
1468 391 1623 417 vetabantur
1643 393 1724 419 ntuli-

937 432 993 459 [αι-ε
1010 433 1149 467 genitalia,
1167 431 1325 468 Xiphilinus
1340 441 1355 461 e
1380 433 1474 466 Dione,
1493 435 1564 469 quod
1580 443 1642 462 cum
1663 436 1725 464 llic-

936 478 1100 513 rosolymam
1132 480 1330 511 inslaurasset,
1363 479 1516 515 ﬁliamque
1545 482 1723 516 nominasset,

935 521 1010 550 Jovis
1026 523 1157 558 templum
1182 524 1209 551 in
1230 524 1325 551 eodem
1347 525 1407 552 loco
1431 526 1565 559 condidit,
1590 526 1635 554 tibi
1657 532 1725 555 tctu-

936 569 1010 603 plum
1023 569 1088 596 olitn
1108 573 1231 597 steterat.
1252 570 1330 598 Unde
1353 572 1474 606 graviter
1488 574 1619 600 commoti
1638 573 1725 600 Judaei

936 620 1015 640 atrox
1031 614 1134 641 bellum
1149 616 1314 649 excitarunt,
1327 617 1408 649 duce,
1426 618 1465 644 uti
1479 618 1580 644 dictum
1594 622 1646 650 est,
1659 618 1726 644 Bar-

936 660 1056 686 cochcba
1072 670 1079 687 :
1097 661 1171 695 quod
1190 660 1316 691 Justinus
1335 663 1362 689 in
1379 663 1490 699 Apo‘log.
1507 668 1632 692 testatur.
1656 664 1725 693 lluic

936 713 1001 733 vero
1015 706 1095 734 linem
1111 707 1267 741 impositunt
1279 708 1517 737 scribitEusebius
1526 717 1598 737 anno
1611 711 1725 738 Adriani

936 759 1002 778 xvnt
1017 760 1023 778 :
1045 752 1117 786 quod
1144 756 1172 779 et
1191 753 1261 780 libro
1278 761 1305 781 tv
1323 754 1395 781 llist.
1413 762 1472 790 cap.
1496 755 1522 787 6,
1540 763 1572 783 ex
1597 756 1726 783 Aristone

937 795 1034 822 Pellam
1045 802 1149 824 narrat.
1163 797 1246 832 Atqui
1259 806 1331 825 anno
1347 799 1394 826 illo
1407 807 1471 826 xvnt
1491 800 1586 834 imper.
1613 801 1725 828 Adriani

936 841 1059 876 ἀκμάσαι
1078 843 1124 868 τὸν
1147 844 1265 878 πόλεμον
1289 845 1382 872 Aristo
1408 846 1567 880 scripserat.
1592 846 1655 873 ideo
1674 847 1727 873 sub

93 885 177 914 Urbis
191 886 253 919 724,
267 885 376 914 Juliano
393 887 499 914 decimo
517 891 605 919 sexto,
629 887 743 922 Augusti
757 895 822 914 vero
834 887 884 913 im—
901 883 920 909 Β
935 887 1047 914 Adriani
1074 887 1154 914 linem
1178 889 1294 916 desiisse
1308 894 1386 924 putat
1410 889 1541 926 Scaliger,
1557 900 1644 926 neqtte
1660 892 1725 919 dttm

92 932 231 966 peratoris
241 932 349 960 decimo
374 938 485 968 quarto.
500 933 686 968 Epiphaniana
698 933 780 967 igitur
789 933 838 959 ltac
852 940 884 959 ex

93 983 172 1013 parte
191 979 270 1012 ratio,
290 984 320 1006 ut
335 979 457 1007 Lttcilius
473 980 520 1010 ait,
534 987 667 1014 perversa,
685 987 740 1006 a’ra
755 979 885 1005 subducta

92 1025 220 1058 improbe.
233 1025 300 1058 Qua:
315 1025 425 1061 quidem
443 1026 480 1052 ita
500 1026 670 1053 restituenda
687 1029 751 1053 sunt
769 1026 884 1052 :Annus

92 1069 265 1105 Philadelphi
286 1072 434 1105 septimus,
458 1076 487 1098 ιιι
516 1079 598 1107 supra
624 1071 884 1102 demonstravimus,

93 1116 223 1143 convenit
236 1124 309 1143 anno
324 1117 428 1152 periodi
448 1117 563 1144 Juliana:
578 1117 666 1149 44-55;
685 1117 797 1143 Adriani
820 1124 885 1143 vero

93 1161 284 1194 duodecimae,
298 1162 401 1190 Christi
416 1163 477 1195 128,
495 1163 599 1197 periodi
615 1162 730 1189 Juliauze
744 1166 786 1189 est
800 1161 881 1188 48H.

93 1207 269 1243 Colligttntur
290 1216 305 1235 a
323 1209 441 1243 septimo
459 1209 629 1244 Philadelphi
645 1209 678 1236 ad
692 1208 884 1236 dttodecinmm

93 1253 218 1285 Adriani,
233 1254 297 1281 anni
312 1255 374 1282 406.
393 1255 479 1282 Annis
501 1255 591 1289 itaque
611 1263 675 1282 xxxv
695 1255 790 1282 solidis
806 1254 886 1280 aber-

95 1305 136 1326 rat
157 1299 302 1334 Epipltanii
318 1299 452 1327 calcttltts.

129 1343 228 1378 οὗτος
251 1344 286 1371 δὲ
312 1346 328 1371 ό
350 1344 514 1378 Ἀδριανός.
539 1345 706 1373 Athanasius
733 1347 766 1374 de
790 1347 884 1374 eodem

96 1391 204 1426 Aquila,
226 1390 274 1417 ἐπὶ
298 1390 437 1425 Ἁδριανοῦ
459 1390 590 1425 βασιλέως
620 1390 666 1416 τοῦ
691 1390 885 1423 λεπτωϋέντος.

96 1435 151 1463 Pro
165 1443 220 1471 quo
237 1435 360 1470 Scaliger
376 1435 563 1471 λεπρωοέντος
581 1436 780 1464 absurdissime
797 1438 882 1464 corri-

96 1483 144 1517 git.
163 1483 232 1509 Cum
252 1482 400 1514 λεπτωοεὶς
416 1490 511 1516 parum
533 1483 596 1509 licet
616 1487 687 1510 tcrse
703 1491 753 1518 pro
770 1484 886 1511 λεπτυν-

96 1529 153 1561 Oet;
172 1528 225 1555 dici
250 1529 378 1563 potuerit.
399 1528 465 1555 Nam
483 1529 545 1556 tabe
564 1530 717 1562 confectus,
736 1535 766 1556 ut
786 1531 824 1557 ait
839 1530 886 1557 Ἦ·

96 1580 167 1606 ctor.
187 1574 323 1602 Adrianus
342 1574 434 1609 periit.
456 1573 524 1601 Vide
541 1573 725 1608 Spartianum.

132 1622 166 1647 υι
181 1621 216 1647 δὲ
232 1620 332 1647 πολλὰ
355 1620 546 1654 κεκμηκότες.
569 1619 743 1654 Xiphilinus:
764 1621 885 1648 Ἐτελεύ-

95 1674 164 1701 τησε
178 1666 264 1700 λέγων
279 1665 326 1692 καὶ
341 1665 409 1700 βοῶν
435 1665 465 1691 τὸ
480 1665 613 1701 θημῶνδες,
633 1666 673 1692 ὅτι
690 1666 782 1693 πολλοὶ
800 1668 886 1702 turpet

97 1711 208 1746 βασιλέα
217 1710 375 1746 ριπώλεσαν.

130 1758 294 1784 Στέλλεται
311 1757 369 1790 τὴν
383 1758 516 1790 πορείαν.
539 1755 625 1784 Nimis
647 1756 704 1784 hare
723 1756 838 1792 abrupte
853 1756 886 1784 de

96 1803 314 1838 peregrinatione
329 1802 456 1836 subjecit,
473 1802 552 1836 qttasi
573 1807 749 1837 posteaquam
769 1803 796 1830 in
812 1810 887 1830 mor-

97 1850 161 1876 bum
176 1848 271 1875 incidit
287 1847 427 1875 Adrianus
444 1848 517 1874 illam
538 1847 702 1882 susceperit.
723 1848 885 1876 Addendum

97 1895 189 1930 itaque
202 1894 340 1921 στέλλεται
351 1893 390 1921 δὲ.
404 1893 518 1920 Multum
536 1900 568 1920 ac
580 1893 626 1920 diu
644 1894 832 1929 peregrinatus
844 1900 886 1923 est

96 1940 245 1972 Adrianus,
262 1942 292 1966 ut
306 1946 339 1966 ex
354 1937 511 1973 Spartiano,
532 1938 673 1973 Xiphilino
689 1939 802 1974 aliisque
819 1948 886 1967 con-

97 1988 163 2016 stat,
184 1990 216 2010 ac
242 1983 342 2018 sapius
369 1981 507 2010 Orientem
534 1981 695 2016 Syriamque
719 1983 883 2017 peragravit.

98 2029 161 2056 "me
177 2033 267 2056 autem
289 2027 429 2063 profectio,
444 2028 478 2055 (le
490 2036 543 2063 qua
555 2028 599 2054 hic
610 2027 777 2062 Epiphanius
795 2029 885 2063 loqui-

98 2078 153 2106 tur,
173 2073 224 2101 sub
245 2073 310 2100 illud
335 2077 444 2107 tempus
469 2072 592 2106 contigit,
618 2079 672 2106 quo
697 2070 885 2106 Hierosolyma

98 2118 272 2146 instauravit.
293 2117 370 2151 Quod
385 2117 561 2152 quandonam
586 2118 686 2145 factum
703 2117 748 2148 sit,
774 2125 829 2144 non
846 2117 886 2144 fa-

98 2163 150 2192 cile
175 2168 218 2191 est
244 2164 412 2191 discernere.
429 2163 487 2190 Non
508 2163 580 2190 cnint
603 2163 686 2190 semel
710 2163 744 2189 ab
764 2163 886 2190 Adriano

937 940 1003 958 xvnt
1019 940 1091 959 attno
1112 934 1252 961 tertninari
1280 936 1411 970 potuisse.
1435 936 1488 963 Sed
1516 937 1602 964 futtilis
1628 942 1671 965 est
1693 946 1728 968 ac.

936 977 1074 1005 levissima
1091 979 1177 1009 ratio;
1193 987 1257 1006 nam
1283 980 1344 1007 belli
1361 981 1402 1007 vis
1426 982 1454 1007 in
1477 981 1604 1008 ultitnttm
1621 991 1723 1010 annmn

937 1024 1095 1052 incumbere
1105 1026 1205 1059 potuit,
1220 1034 1282 1052 etttn
1294 1026 1435 1053 Butlterem
1447 1026 1554 1054 obsedit
1569 1027 1722 1056 Adrianus:

936 1077 989 1105 qua
1004 1070 1030 1096 in
1057 1075 1220 1105 potestatem
1239 1071 1360 1103 redacta,
1378 1073 1479 1100 occisis
1499 1072 1626 1101 factionis
1645 1073 1724 1101 duci—

937 1116 999 1147 bus,
1017 1116 1120 1143 bellutn
1136 1121 1178 1144 est
1190 1125 1271 1144 omne
1292 1118 1466 1145 restinctttm.
1489 1118 1548 1144 Dixi
1568 1118 1725 1154 llicrosoly-
1740 1139 1744 1142 Α

937 1168 1043 1187 morum
1066 1161 1296 1188 instaurationem
1324 1161 1518 1189 nonnullorum
1535 1171 1568 1190 ex
1587 1165 1724 1190 sententia

936 1205 1049 1233 Judaica
1068 1206 1120 1233 ista
1137 1207 1273 1234 seditione
1288 1208 1467 1242 posteriorem
1492 1208 1594 1242 fuisse;
1612 1208 1724 1235 Diom-tn

940 1258 1003 1277 vero
1031 1254 1110 1277 antea
1142 1252 1292 1286 contigisse
1313 1252 1445 1279 scribere.
1470 1252 1498 1279 Si
1525 1258 1588 1280 ante
1615 1253 1726 1280 .lutlxas

936 1303 1108 1330 compressos
1134 1304 1166 1323 ac
1191 1296 1346 1331 proliigatos
1385 1298 1501 1331 accidit,
1527 1299 1579 1326 hoc
1603 1304 1645 1327 est
1673 1299 1725 1327 sub

937 1347 1038 1366 :tnnutn
1057 1340 1170 1367 Adriani
1184 1349 1238 1371 ιιι-ι,
1253 1350 1314 1368 cntn
1331 1343 1367 1369 sit
1382 1350 1471 1369 atttttts
1487 1344 1589 1370 Christi
1607 1344 1667 1377 152,
1684 1346 1726 1371 vel

937 1384 998 1417 155,
1018 1385 1052 1412 ab
1074 1386 1150 1413 urbis
1169 1387 1287 1418 excidio,
1306 1388 1378 1422 quod
1406 1396 1479 1415 anno
1496 1388 1659 1424 Vespasiani
1677 1398 1721 1416 se-

937 1431 1028 1458 cundo
1056 1432 1182 1466 conligit,
1205 1433 1306 1460 Cltristi
1331 1434 1375 1465 τί),
1403 1434 1468 1460 atnti
1492 1438 1557 1461 sunt
1582 1435 1666 1463 ferme
1679 1436 1723 1462 6’5.

937 1475 1050 1503 Duobus
1068 1485 1144 1508 vero,
1161 1478 1283 1505 tribusve
1304 1479 1396 1513 plures
1412 1485 1502 1514 erunt,
1519 1482 1542 1508 si
1559 1482 1635 1508 finito
1653 1482 1725 1509 bello

938 1522 1033 1549 urbem
1047 1522 1185 1550 Adrianus
1210 1524 1350 1551 excitarit.
1367 1524 1501 1556 Quocirca
1517 1534 1570 1553 non
1591 1527 1659 1554 satis
1675 1535 1724 1554 ex-

937 1569 1016 1592 actus
1033 1570 1076 1593 est
1088 1566 1232 1601 Epiphanii
1246 1575 1387 1601 numerus,
1408 1570 1452 1604 qui
1468 1570 1503 1596 47
1527 1578 1616 1598 annos
1632 1571 1665 1598 ab
1679 1572 1724 1599 illo

936 1611 1044 1638 excidio
1061 1612 1176 1648 colligit.
1192 1613 1354 1649 Quanquam
1378 1623 1433 1642 non
1448 1615 1608 1651 Vespasiani
1626 1615 1662 1649 2,
1677 1618 1725 1644 sed

937 1657 1002 1689 Titi,
1018 1663 1203 1694 expugnatam
1221 1660 1314 1687 urbem
1329 1660 1480 1694 existimat,
1499 1669 1515 1688 a
1535 1670 1589 1697 quo
1608 1662 1641 1689 ad
1657 1666 1725 1690 tent-

936 1711 989 1738 pus
1006 1704 1082 1736 illud,
1096 1712 1150 1740 quo
1165 1706 1287 1734 eamdem
1308 1706 1398 1734 dcntto
1416 1707 1553 1735 Adriantts
1571 1710 1670 1741 erexit,
1682 1708 1728 1737 vel

937 1749 971 1775 ad
986 1749 1074 1777 locum
1103 1751 1192 1785 ipsum
1209 1753 1344 1786 pervenit,
1368 1753 1440 1787 qttod
1455 1753 1592 1780 decimum
1618 1760 1725 1782 sextqu

938 1795 1041 1830 aliquot
1056 1795 1136 1824 annis
1155 1797 1316 1824 antecedere
1336 1798 1436 1833 potuit,
1461 1799 1526 1826 anni
1551 1800 1614 1835 plus
1634 1801 1726 1827 minus

938 1848 1010 1868 ιινιι
1027 1841 1142 1877 reperiri
1158 1847 1285 1877 possunt.

975 1887 1031 1913 “llr
1046 1887 1231 1921 κατέστρεψε
1255 1889 1346 1920 Τίτος,
1369 1887 1491 1919 Falsum,
1513 1889 1647 1917 accidisse
1673 1890 1724 1917 sub

937 1931 999 1958 Tito
1018 1941 1025 1958 :
1043 1939 1104 1958 nam
1119 1932 1157 1964 id,
1167 1931 1336 1966 Vespasiano
1352 1932 1513 1967 imperante,
1529 1934 1654 1968 contigit.

972 1976 1026 2003 Kal
1043 1974 1112 2010 εὗρε
1127 1977 1184 2011 τὴν
1205 1977 1298 2004 πόλιν
1322 1976 1435 2004 πᾶσαν.
1454 1977 1579 2012 Plerique
1602 1982 1726 2005 rctcrum

937 2022 1048 2050 Patrum
1070 2022 1260 2058 Hierosolyma
1282 2027 1383 2058 negant
1407 2022 1530 2050 funditus
1545 2031 1559 2050 a
1579 2023 1642 2050 Ttto
1657 2024 1726 2051 sub-

937 2077 1030 2102 versa;
1044 2069 1093 2096 sed
1105 2069 1221 2097 mediam
1234 2069 1310 2096 urbis
1319 2073 1422 2104 partem
1435 2068 1543 2096 exeidio
1555 2070 1727 2104 superfuisse

938 2115 1042 2147 dicunt,
1061 2123 1142 2149 quam
1164 2120 1258 2150 postea
1274 2115 1335 2142 solo
1357 2114 1475 2150 mquavit
1494 2114 1644 2142 Adrianus.
1662 2114 1726 2142 Ideo

938 2161 982 2188 bis
996 2168 1121 2188 ert-rsant
1137 2161 1210 2187 illam
1231 2165 1369 2188 asserunt.
1391 2161 1430 2188 lta
1449 2160 1584 2189 Eusebius
1602 2161 1649 2188 lib.
1675 2169 1725 2189 vttt

98 2210 249 2245 compressi
277 2218 309 2238 ac
328 2210 472 2245 perdomiti
487 2213 550 2237 sunt
563 2209 660 2236 Judaei.
677 2208 800 2236 Primum
814 2216 887 2236 anno
902 2213 924 2241 ο
940 2206 979 2233 De
993 2206 1149 2242 demovit,
1168 2214 1229 2241 cap.
1251 2207 1294 2239 l8,
1313 2207 1506 2242 Hieronymus,
1531 2207 1642 2242 aliique,
1656 2215 1726 2242 quos

99 2256 206 2291 imperii
232 2255 354 2282 secundo
376 2255 540 2282 rebellantes
571 2255 631 2282 illos
655 2254 770 2286 attrivit,
803 2259 831 2281 ut
858 2255 885 2281 in

98 2301 231 2329 Chronico
246 2300 341 2328 scribit
356 2300 500 2328 Eusebius.
518 2299 728 2327 Alexandrinum
738 2300 887 2326 Chronican

100 2347 152 2374 hoc
173 2346 206 2373 ad
222 2353 323 2372 annum
339 2353 368 2373 tu
384 2345 486 2378 refert;
502 2345 631 2380 additque
650 2349 715 2372 tunc
735 2345 886 2372 Adrianum

100 2391 316 2427 Hierosolymam
333 2391 452 2422 venisse,
467 2394 495 2418 et
509 2391 597 2425 captis
610 2389 710 2419 Iudaeis
722 2390 756 2417 ad
773 2391 888 2418 terebin-

99 2437 177 2464 thum
192 2437 310 2469 venisse,
321 2437 414 2471 ibique
427 2440 578 2463 mercatum
595 2436 703 2463 illorunt
717 2436 886 2468 instituisse;

100 2486 240 2517 postremo
254 2483 387 2510 subverso
399 2482 501 2516 templo
512 2483 606 2509 urbem
623 2482 802 2513 instaurasse.
817 2489 888 2509 cam-

101 2536 155 2563 que
168 2529 202 2556 de
218 2536 269 2556 suo
288 2528 398 2556 nomine
414 2528 518 2556 Aftiam
534 2527 696 2562 appellasse.
708 2527 774 2559 Qum
789 2528 887 2561 partim

101 2574 170 2602 falsa
194 2579 270 2606 sunt,
286 2575 385 2610 partim
409 2575 499 2602 alieno
523 2578 645 2608 tempore
661 2573 760 2608 posita.
780 2572 887 2601 Falsum

101 2625 152 2652 est,
171 2619 323 2646 Adrianum
340 2619 470 2654 templum
486 2618 652 2648 Judzeorum.
664 2618 736 2652 quod
753 2625 888 2652 nusquam

102 2668 159 2691 tum
180 2668 250 2696 erat,
264 2664 422 2692 demolitum
437 2671 507 2692 esse.
524 2663 606 2691 Urbis
619 2668 708 2691 autent
726 2663 888 2690 instauratio

103 2708 148 2735 diu
165 2713 259 2743 postea
285 2708 408 2744 contigit.
429 2708 519 2736 Prima
539 2708 694 2736 Iudaeorum
721 2708 813 2735 clades
837 2708 888 2735 sub

102 2754 234 2788 Adriano,
261 2755 373 2782 ineunte
396 2755 469 2782 illius
491 2754 606 2790 imperio
629 2755 737 2788 accidit,
763 2759 791 2781 ut
817 2758 888 2782 recte

104 2800 225 2835 Scaliger
250 2802 277 2827 in
301 2800 482 2828 Animadvers.
502 2801 535 2828 ad
565 2807 609 2827 an.
639 2800 709 2827 29.4
742 2800 885 2833 observat,

103 2846 212 2882 querulo
238 2845 398 2873 seditionem
416 2846 599 2879 concitarunt,
615 2852 676 2880 qua:
696 2853 744 2880 per
761 2845 886 2873 Martium

937 2253 1004 2279 citat
1038 2260 1070 2279 ac
1086 2252 1186 2280 refellit
1207 2253 1328 2288 Scaliger
1349 2252 1381 2280 ad
1397 2261 1498 2279 annum
1519 2253 1628 2280 Eusebii
1644 2253 1725 2280 ‘2”0.

938 2297 1013 2324 llanc
1026 2305 1091 2324 vero
1107 2297 1255 2324 secundam
1274 2297 1350 2324 urbis
1373 2297 1557 2324 calamitatem
1575 2298 1656 2324 iitlent
1686 2298 1727 2324 illi

938 2348 999 2378 post
1013 2342 1156 2370 Judaicam
1176 2343 1249 2370 illam
1270 2343 1432 2370 seditionem
1445 2350 1460 2370 ξι
1481 2342 1605 2370 Coclteba
1622 2342 1726 2369 emilla-

937 2393 1003 2421 tam,
1019 2389 1202 2423 cumdemquc
1221 2394 1347 2415 necatum
1368 2388 1499 2416 incidisse
1513 2395 1674 2419 memorant.
1693 2396 1726 2415 ac

939 2441 995 2462 lllm
1012 2434 1120 2462 demum
1134 2441 1229 2462 eversa
1259 2434 1369 2469 penitus
1392 2435 1469 2467 urbe,
1493 2434 1594 2461 Etiam
1612 2442 1646 2461 ex
1663 2426 1733 2470 ejus'

938 2481 1027 2509 ruinis
1040 2481 1196 2508 excitatam.

974 2527 1028 2563 Ego
1049 2535 1113 2554 vero
1137 2526 1215 2554 Dioni
1241 2535 1356 2562 prorsus
1383 2526 1532 2559 assentior,
1555 2527 1601 2562 qui
1623 2526 1725 2554 Eliam

939 2577 1002 2602 ante
1017 2572 1161 2612 Iudaicum
1179 2573 1256 2600 illutn
1278 2577 1380 2600 motmn
1398 2573 1432 2600 ab
1453 2573 1573 2599 Adriano
1588 2573 1726 2600 conditam

939 2619 1054 2647 aliirmat
1068 2629 1074 2646 :
1092 2619 1172 2653 cujus
1185 2619 1268 2645 etiam
1285 2619 1430 2646 occasione
1452 2618 1600 2646 rebellasse
1615 2618 1727 2646 Judazos

939 2663 1033 2697 refert,
1049 2671 1111 2691 cum
1125 2663 1152 2690 in
1167 2671 1200 2690 ea
1216 2663 1291 2691 Jovis
1304 2663 1450 2698 Capitolini
1468 2663 1597 2698 tetnplum
1615 2669 1726 2692 exstru-

939 2709 1034 2737 xissct.
1052 2709 1107 2736 Nec
1125 2708 1190 2736 illud
1204 2709 1358 2744 approbare
1374 2715 1498 2743 possum,
1513 2709 1629 2735 medi-am
1648 2707 1726 2735 urbis

939 2758 1044 2790 partem
1063 2754 1148 2789 priori
1166 2753 1204 2780 illi
1219 2753 1289 2780 cladi
1306 2753 1480 2788 superstitem
1498 2753 1591 2780 fuisse.
1608 2751 1666 2778 Non
1683 2755 1724 2778 ta-

940 2808 1000 2827 tncn
1017 2799 1172 2833 neo'andutn
1197 2801 1248 2830 est,
1268 2798 1334 2832 quin
1351 2804 1440 2831 parrze
1456 2797 1578 2831 qutcdam
1601 2795 1724 2828 rcliquia:

940 2846 973 2873 ad
996 2844 1108 2872 Adriani
1137 2849 1259 2878 tempora
1287 2842 1480 2877 perstitcrint:
1508 2841 1581 2875 qttod
1608 2840 1723 2867 nimium
