1937 3039
259 106 310 133 553
820 102 989 130 APPENDIX
1009 103 1323 131 DlSSERTATIONUM.

1830 112 1880 138 533

255 165 371 200 Σευῆροις
394 163 483 196 ἄλλος.
505 163 538 190 Et
551 171 627 190 num.
647 162 678 188 Π
695 162 905 191 Tlieodotionem
923 165 960 191 ait
977 172 1027 200 περ

1095 164 1207 192 buisset.
1224 164 1289 191 Nam
1317 164 1350 192 de
1376 163 1446 190 LXX
1464 163 1622 191 Senioribus
1634 181 1642 194 ,
1672 169 1742 196 quos
1758 162 1880 190 omnium

252 212 302 247 τὴν
316 211 362 238 τοῦ
377 210 504 246 δευτέρου
524 209 667 244 Κομμὸὄου
689 208 826 243 βασιλείαν
849 209 977 243 edidisse,
993 210 1040 244 qui

251 258 335 292 priori
349 255 498 283 Commodo
518 254 659 282 successit.
674 255 742 281 Cum
766 254 823 282 duo
843 255 897 282 sint
919 263 950 282 er
976 255 1039 290 Fpi—

252 302 343 333 υιιίιιιίὶ
362 304 450 327 mente
461 299 612 332 Commodi,
629 299 795 334 totidemque
815 299 924 330 Severi,
942 300 1038 327 horum

250 348 324 381 prior
340 346 515 381 posteriorem
531 345 708 373 Commodum
725 346 882 374 antecessit.
899 346 968 381 Ergo
992 350 1039 374 aut

249 399 291 421 est
311 393 344 420 Μ.
363 392 491 419 Aurelius
506 391 604 422 Verus.
624 396 670 419 aut
694 391 794 419 Lucius
808 391 973 419 Commodus
988 391 1035 419 Ve-

250 445 306 463 rus.
329 436 387 462 Non
404 440 491 471 polcst
508 436 551 462 hic
571 443 642 467 esse,
667 436 730 471 quia
752 436 868 464 Severus
887 437 960 471 prior
983 442 1036 464 tam

250 481 284 508 ab
299 485 412 516 utroque
433 480 582 507 Commodo
613 488 693 514 quam
723 487 738 507 a
764 481 914 515 posteriore
937 480 1037 508 Severo

249 526 421 553 discernitur.
438 525 496 552 Non
513 527 582 552 alius
600 530 642 553 est
658 526 749 560 igitur.
764 533 844 560 quam
861 525 896 553 Μ.
910 526 1036 554 Aurelius

248 571 345 600 Verus.
358 572 486 607 Σευῆρος,
504 572 623 606 inquam,
639 580 688 606 pro
702 572 806 607 Οὑῆρος
829 573 863 598 ah
886 571 1036 606 Epiphanio

249 617 428 652 philosophus
443 617 492 643 iste
508 616 666 643 nominatus
682 620 733 643 est.
747 615 823 648 Quod
835 615 942 650 quidem
957 614 1036 650 paulo

248 667 310 689 ante
332 666 466 697 corrupta:
488 661 614 688 lectionis
633 661 746 696 vestigia
761 661 949 688 demonstrant.
964 669 970 687 :
988 661 1036 692 Ὃς

247 708 295 734 καὶ
310 707 423 742 Μάρκος
436 707 569 743 Αὐρήλιος
584 706 671 742 Σουὴρ
685 706 802 740 ἐλέγετο.
819 705 872 734 Pro
895 713 949 740 quo
963 705 1035 740 Οὑῆ-

249 763 294 788 ρος
311 754 344 780 ad
366 762 440 780 oram
457 753 598 788 legendum
620 753 809 787 ascripsimus.
825 751 903 779 Nunc
918 752 1035 787 Σευῆρος

248 798 338 824 malim
352 807 360 825 ι
375 806 423 825 nec
437 798 510 824 aliud
527 796 705 832 Epiplianium
719 797 852 830 voluisse,
864 797 909 831 qui
931 800 1034 823 attente

1093 210 1292 238 vetustissimos
1308 218 1368 238 esse
1380 210 1507 237 convenit
1521 230 1528 242 ,
1545 217 1594 236 cur
1610 209 1727 235 alienum
1744 207 1772 234 in
1790 208 1878 234 locun:

1092 255 1209 289 conjecti
1222 255 1286 286 sint,
1305 255 1338 281 ab
1347 255 1500 290 Epiphanio
1515 254 1585 281 ratio
1596 254 1641 280 illa
1658 252 1792 279 traditur:
1809 251 1879 286 quod

1091 307 1185 335 eorum
1202 299 1401 335 interpretatio,
1418 303 1510 334 utpote
1525 303 1684 325 cteterarum
1704 296 1812 330 regula,
1826 299 1880 322 tne-

1090 334 1164 370 di.um
1182 343 1244 378 jure
1260 334 1349 370 locum
1370 343 1530 377 occuparit,
1553 345 1582 369 ut
1604 341 1664 368 alia:
1680 347 1742 367 eum
1756 347 1789 367 ea
1804 347 1879 366 eom-

1090 389 1178 424 parari
1192 389 1363 417 commodius
1378 393 1499 424 possent.
1525 388 1581 415 Cur
1603 388 1684 422 igitur
1698 385 1879 412 Theodotioni

1089 434 1258 469 antepositus
1270 435 1304 461 sit
1318 434 1499 469 Symmachus
1510 453 1517 465 ,
1533 441 1567 460 ne
1591 431 1653 467 tingi
1667 431 1779 466 quidem
1797 437 1880 457 causa

1088 479 1173 507 altera
1195 483 1306 514 potest,
1333 479 1387 506 nisl
1413 479 1484 514 quod
1511 481 1591 505 aelate
1619 478 1670 504 iste
1695 476 1878 512 przecesserit.

1088 524 1166 557 Quod
1183 525 1256 551 enim
1284 525 1448 560 quibusdam
1477 525 1584 559 placet,
1612 522 1673 550 ideo
1700 523 1880 556 posteriorem

1088 570 1268 598 Theodotioni
1283 571 1411 597 tributam
1427 578 1487 597 esse
1505 569 1606 601 sedem,
1623 573 1651 595 ut
1667 567 1737 594 LXX
1755 567 1881 595 Seniori-

1087 615 1148 648 bus,
1167 616 1394 650 quemadmodum
1413 615 1609 650 interpretandi
1624 621 1723 649 genere
1735 634 1742 645 ,
1767 613 1808 640 sic
1834 620 1879 640 or-

1086 661 1150 688 dine
1173 662 1342 696 propinquus
1365 665 1453 693 esset,
1475 661 1531 688 leve
1560 665 1618 691 est,
1641 660 1696 687 imo
1716 659 1878 686 ridiculum.

1086 706 1153 734 Cum
1179 707 1250 734 enim
1277 707 1427 742 principem
1456 706 1523 733 LXX
1555 706 1699 734 Seniorum
1727 705 1877 732 editionem

1086 752 1166 780 ambo
1187 752 1225 779 illi
1245 752 1319 779 velut
1348 753 1494 787 stipatores
1514 759 1547 778 ac
1571 751 1706 778 laterones
1724 751 1876 781 cinxerint.

1086 802 1175 824 utram
1191 797 1218 824 in
1245 802 1350 832 partem
1370 797 1565 824 Theodotionis
1581 795 1664 823 editio
1691 793 1876 826 conferretur,

246 851 306 878 qua:
327 844 382 870 dixi
406 843 586 878 perpenderit,
614 850 720 870 mecum
743 842 918 869 existimabit.
944 841 1036 876 Neque
1052 838 1072 865 Β
1089 841 1155 868 nihil
1172 841 1205 868 ad
1223 842 1454 877 propinquitatem
1468 841 1602 868 interfuit.
1620 840 1646 867 Id
1660 840 1751 875 ipsum
1768 844 1877 868 veteres

245 891 321 917 solus
345 890 395 917 hoc
416 890 583 924 Epiphanius
606 888 755 921 commisit,
780 891 810 914 ut
833 887 961 914 Severum
985 895 1034 922 pro

247 935 315 963 Vero
328 939 464 967 sumeret;
482 936 528 962 sed
544 939 570 962 et
585 935 642 966 alii,
660 938 714 961 tam
725 933 810 961 Graeci
828 942 908 968 quam
923 933 1031 960 Latini:

244 981 329 1009 Graeci
344 981 453 1017 quidem
472 981 602 1016 plerique.
624 979 663 1007 Ex
683 979 788 1007 Latinis
804 988 866 1007 rero
888 979 1033 1008 Cassiodo~

245 1036 291 1055 rus
306 1027 358 1055 sub
370 1028 512 1055 consulatu
531 1026 623 1054 Severi
635 1030 662 1054 et
678 1025 854 1058 llerenniani,
872 1026 923 1054 ism
943 1025 1031 1060 subji-

243 1074 301 1101 cit:
320 1073 370 1100 llis
394 1082 461 1100 coss.
490 1072 587 1099 Lucius
613 1071 716 1098 Annius
745 1071 894 1098 Antoninus
923 1070 1031 1098 Severus

243 1127 312 1146 anno
335 1119 406 1153 regni
426 1117 563 1145 undecimo
587 1118 654 1144 inter
670 1116 845 1144 Concordiam
867 1120 892 1143 et
913 1116 1030 1142 Altinum

243 1164 362 1198 apopleIi
398 1165 542 1191 exstinctus
578 1167 627 1190 est.
657 1162 882 1197 Quandoquidem
914 1161 1031 1189 Severus

243 1211 327 1245 prior,
344 1217 377 1237 ex
392 1209 536 1244 Epiphanii
552 1209 698 1240 sententia,
716 1207 752 1235 Μ.
771 1207 897 1234 Aurelius
909 1211 961 1238 est.
975 1215 1030 1234 non

242 1255 266 1282 is
283 1254 329 1290 qui
344 1254 478 1281 Pertinaci
493 1260 525 1280 ac
537 1252 646 1280 Juliano
660 1252 794 1279 successit
807 1261 813 1278 :
826 1255 936 1286 apparet
951 1252 1030 1286 Sym-

242 1299 381 1330 machum,
393 1298 440 1333 qui
456 1298 506 1325 sub
522 1297 612 1332 priore
637 1297 684 1324 illo
706 1296 806 1324 Severo
825 1296 860 1324 ab
880 1296 1030 1332 Epiphanio

241 1345 400 1377 collocatur,
423 1350 594 1378 nequaquam
615 1343 648 1370 ad
668 1343 828 1378 posterioris
847 1342 939 1370 Severi
959 1347 1029 1370 tetu-

242 1397 307 1425 pora
323 1389 417 1417 referri
433 1399 439 1416 :
456 1389 527 1423 quod
544 1396 640 1416 omnes
656 1388 788 1416 hactenus
814 1388 938 1416 arbitrati
952 1392 1027 1419 sunt,

240 1435 286 1470 qui
300 1439 327 1462 et
340 1434 486 1470 pugnantia
502 1433 576 1468 loqui
595 1433 772 1468 Epiphanium
786 1434 924 1465 dixerunt,
936 1438 960 1460 et
979 1441 1028 1468 po-

240 1482 382 1509 steriorem
415 1479 500 1507 fuisse
531 1479 716 1506 Theodotione
750 1479 943 1515 Symmachum
975 1487 1027 1506 non

240 1526 320 1552 aliam
343 1525 379 1552 ob
401 1531 511 1551 causam
532 1527 679 1558 putarunt,
712 1531 792 1558 quam
813 1523 884 1557 quod
910 1522 1014 1558 Epipha

240 1571 302 1598 nius
329 1569 542 1597 Tlieodotionem
566 1569 617 1596 sub
643 1569 808 1599 Commodo,
833 1569 1027 1603 Symmachum

239 1616 291 1642 sub
313 1614 413 1642 Severo
434 1615 626 1650 interpretatos
640 1622 700 1642 esse
714 1614 877 1649 prodiderat.
894 1613 948 1648 Ego
964 1621 1028 1640 vero

239 1661 366 1687 aberrare
380 1659 488 1695 quidem
508 1659 686 1695 Epiphanium
710 1666 808 1694 negare
831 1667 885 1686 non
904 1667 1025 1694 possmn,

238 1707 283 1741 qui
305 1705 426 1733 Seruum
443 1713 492 1740 pro
509 1705 573 1732 Vero
594 1713 733 1740 perperam
750 1706 940 1741 usurpaverit:
958 1713 1026 1733 con-

238 1751 338 1778 sentire
369 1755 458 1778 autem
482 1758 574 1778 secum
601 1751 707 1786 ipsum,
732 1755 758 1778 et
789 1752 816 1778 in
840 1759 932 1779 errore
953 1759 1026 1779 con-

237 1800 353 1824 stantem
380 1804 441 1824 esse
463 1796 600 1841 defendo:
616 1804 670 1823 uno
696 1801 785 1824 tamen
808 1804 936 1832 peccasse
958 1805 1026 1832 pra:-

237 1847 321 1874 terea,
334 1842 406 1878 quod
420 1850 480 1878 pag.
498 1843 560 1874 172,
577 1850 639 1870 cum
654 1847 714 1878 post
735 1842 902 1870 Pertinacem
926 1847 952 1869 et
976 1842 1025 1870 Se-

237 1896 329 1916 verum
343 1888 400 1916 haec
414 1888 553 1915 subdidit:
575 1888 618 1915 Ἐν
637 1890 692 1920 τοῖς
714 1888 760 1914 τοῦ
782 1889 900 1924 Σευήρου
919 1889 1024 1924 χρόνοις

236 1933 382 1969 Σύμμαχός
398 1941 448 1965 τις,
467 1938 531 1965 etin,
548 1940 602 1960 non
619 1935 685 1960 satis
696 1934 840 1967 expressit,
858 1934 891 1960 de
905 1940 1022 1968 quonam

236 1979 337 2007 Severo
360 1979 525 2013 loqueretur,
540 1985 601 2005 cum
624 1979 692 2006 duos
717 1983 968 2011 commemorasset,
982 1979 1022 2005 vi-

235 2031 337 2059 susque
353 2028 395 2050 est
411 2023 482 2049 haud
497 2023 632 2050 immerito
650 2023 825 2058 posteriorem
846 2023 1021 2055 intellexisse,

230 2071 277 2097 cui
295 2070 416 2105 proxime
430 2068 482 2095 ista
500 2068 647 2096 subtexuit.

249 2107 251 2110 ⁴
270 2116 311 2142 Ab
330 2115 381 2141 hac
401 2112 546 2148 Epiphanii
565 2114 777 2142 hallucinatione
791 2122 951 2142 revocemus
966 2114 1023 2141 ani-

1086 886 1180 914 Patres
1200 887 1428 914 animadvertisse
1447 886 1588 918 videntur,
1605 886 1650 921 qui
1667 887 1692 912 in
1706 893 1878 914 commemo-

1085 934 1179 960 randis
1194 933 1248 961 illis
1267 933 1462 968 interpretibus
1479 933 1658 960 Theodotioni
1679 932 1876 968 Symmachum

1084 982 1270 1014 anteponunt,
1299 986 1362 1006 raro
1387 978 1603 1006 Theodotionem
1627 977 1802 1014 Symmacho.
1821 978 1877 1005 Nec

1083 1031 1116 1051 eo
1129 1024 1225 1051 ordine
1239 1024 1373 1051 duntaxat
1389 1024 1544 1060 appellant,
1558 1031 1619 1051 cum
1635 1031 1669 1051 ex
1686 1024 1813 1059 Origenis
1828 1031 1878 1051 co-

1082 1070 1190 1098 dicibus
1203 1070 1372 1105 depromptis
1386 1071 1542 1098 eorumdeni
1560 1071 1725 1098 testimoniis
1740 1074 1858 1097 utuntur
1868 1091 1876 1101 ,

1082 1116 1129 1143 sed
1147 1120 1205 1144 tum
1230 1123 1340 1151 quoque
1365 1123 1426 1143 cum
1447 1116 1619 1152 singulorum
1643 1116 1677 1143 τὰ
1694 1116 1877 1151 ἱστορούμενα

1082 1161 1220 1197 sigillatim
1245 1165 1395 1196 exponunt.
1427 1161 1493 1188 Nam
1517 1161 1603 1196 primo
1622 1162 1681 1189 loco
1701 1161 1774 1188 LXX
1789 1161 1876 1188 Inter—

1082 1213 1172 1242 pretes
1187 1208 1371 1239 constituunt,
1390 1207 1491 1242 quibus
1508 1206 1645 1242 Aquilam,
1662 1206 1874 1242 Symmachum,

1082 1253 1296 1280 Theodotionem
1312 1253 1470 1288 subjiciunt.
1495 1252 1542 1280 Sic
1560 1253 1727 1280 Athanasius
1756 1253 1784 1279 in
1801 1252 1875 1288 Syn-

1080 1299 1140 1333 opsi
1176 1299 1341 1326 anteriorem
1385 1298 1471 1326 fuisse
1505 1297 1699 1334 Synunachuin
1728 1297 1874 1324 afﬁrmat:

1080 1345 1158 1379 cujus
1177 1345 1325 1372 editionem
1342 1351 1385 1371 LVI
1410 1349 1472 1379 post
1490 1345 1595 1379 Aquil:e
1621 1344 1774 1371 versionem
1793 1344 1876 1370 annis

1080 1391 1219 1418 exstitisse
1235 1394 1340 1417 narrat.
1356 1389 1395 1423 Si,
1416 1395 1445 1417 ut
1460 1396 1554 1417 auctor
1571 1395 1612 1418 est
1628 1389 1815 1425 Epiphanius,
1834 1397 1874 1416 III

1079 1435 1192 1462 Adriani
1207 1442 1279 1463 anno
1292 1435 1397 1470 Aquilae
1417 1435 1604 1470 interpretatio
1621 1435 1742 1469 prodiit,
1762 1435 1809 1469 qui
1830 1439 1875 1461 est

1081 1489 1168 1508 annus
1185 1481 1286 1508 Christi
1304 1481 1354 1507 128
1367 1500 1374 1511 ,
1389 1482 1430 1508 vel
1458 1480 1492 1507 ab
1506 1489 1538 1507 eo
1553 1481 1695 1515 proximus
1708 1500 1716 1512 ,
1732 1481 1874 1515 quinqua-

1079 1528 1200 1561 gesimus
1216 1526 1250 1552 ab
1275 1526 1322 1552 illo
1339 1531 1366 1553 et
1381 1531 1475 1553 sextus
1496 1533 1585 1553 annus
1605 1525 1700 1552 incidit
1718 1526 1744 1552 in
1767 1532 1873 1551 annum

1079 1571 1189 1598 circiter
1205 1571 1266 1603 184,
1283 1571 1424 1598 Commodi
1442 1575 1582 1606 quartum,
1600 1572 1641 1598 vel
1661 1571 1802 1606 quintum.
1817 1570 1873 1597 Sed

1078 1624 1219 1652 perperam
1235 1616 1306 1643 idem
1330 1615 1488 1651 Synopseos
1511 1622 1608 1644 auctor
1620 1617 1671 1643 sub
1691 1616 1794 1643 Severo
1814 1616 1873 1643 cdi-

1078 1667 1132 1688 tam
1150 1669 1211 1689 esse
1227 1661 1320 1689 refert.
1343 1660 1411 1688 Nam
1431 1661 1548 1688 subinde
1563 1661 1780 1688 Tlieodotionem
1803 1662 1873 1688 sub-

1078 1712 1183 1740 texens,
1202 1707 1374 1743 Ἠρμήνευσε
1393 1707 1439 1734 καὶ
1453 1707 1552 1739 αὑτός,
1571 1707 1678 1742 inquit,
1695 1707 1741 1733 ἐπὶ
1757 1707 1874 1742 Κομμόο

1075 1753 1120 1780 δου
1133 1752 1180 1779 τοῦ
1197 1752 1327 1788 βασιλέως
1341 1753 1371 1779 ὲν
1386 1752 1461 1788 αὑτῷ
1471 1753 1509 1788 τῷ
1525 1753 1623 1789 χρόνῳ.
1645 1752 1743 1779 Eodem
1756 1757 1873 1786 tempore

1075 1804 1100 1825 el
1117 1799 1171 1832 ipse
1187 1797 1234 1825 sub
1251 1797 1395 1826 Commodo
1419 1799 1605 1833 interpretatus
1629 1804 1679 1826 est.
1702 1798 1761 1825 Non
1787 1799 1872 1833 igitur

1075 1844 1145 1870 alter
1170 1843 1222 1871 sub
1249 1843 1359 1871 Severo.
1399 1843 1438 1870 Ita
1468 1847 1577 1879 propter
1607 1846 1721 1872 exoticm
1747 1845 1872 1872 historia:

1076 1890 1227 1923 neglectum
1243 1890 1403 1925 plerumque
1427 1891 1593 1930 sanctissimi
1608 1890 1703 1918 Patres
1721 1891 1872 1918 inextrica-

1075 1936 1176 1963 bilibus
1193 1943 1253 1963 sese
1266 1936 1372 1970 laqueis
1384 1936 1541 1971 implicant:
1552 1935 1723 1971 Epiphanius
1736 1936 1869 1971 denique,

1074 1988 1105 2007 ex
1132 1988 1187 2016 quo
1207 1981 1354 2008 contraria:
1377 1982 1521 2008 sententia:
1537 1982 1648 2008 unicum
1673 1987 1701 2009 et
1728 1982 1871 2017 singulare

1075 2026 1274 2053 ﬁrmamentum
1297 2026 1506 2053 Alexandrinum
1533 2026 1683 2054 Chronicou
1708 2035 1739 2054 ac
1773 2036 1870 2055 recen-

1079 2071 1162 2098 tiores
1187 2071 1354 2102 hauseiunt,
1391 2071 1478 2106 palam
1513 2079 1546 2099 ae
1571 2072 1630 2099 sine
1653 2073 1769 2107 ambage
1785 2072 1867 2108 Sym-

1074 2116 1200 2142 machum
1213 2115 1402 2144 Tlieodotione
1420 2117 1536 2152 priorem
1551 2117 1692 2145 exstitisse
1707 2119 1866 2149 continuat,

233 2169 308 2199 mpm
325 2161 359 2187 ad
380 2167 550 2188 communem
566 2159 600 2187 de
613 2152 756 2194 utriusque
773 2159 928 2194 interpretis
944 2165 1022 2188 aetate
1038 2172 1061 2200 ι)
1074 2165 1155 2195 atque
1174 2160 1246 2188 hunc
1257 2162 1308 2188 sub
1321 2161 1472 2188 Commodo
1485 2182 1494 2195 ,
1511 2162 1586 2189 illum
1603 2162 1655 2189 sub
1669 2162 1741 2189 Vero
1754 2182 1762 2195 ,
1781 2163 1807 2190 id
1824 2168 1867 2191 est

234 2207 410 2234 sententiam.
427 2205 590 2232 lnvcteravit
604 2205 676 2232 enim
694 2205 750 2239 jam
769 2206 838 2240 apud
855 2207 1022 2234 recentiores

233 2261 330 2281 onmes
346 2253 403 2280 haec
422 2252 532 2288 opinio:
557 2251 750 2287 Symmachum
775 2255 836 2286 post
855 2251 1021 2280 Theodotio-

234 2308 294 2327 nem
309 2299 460 2328 exstitisse.
479 2298 516 2326 De
532 2306 586 2333 quo
603 2305 669 2325 sane
688 2298 733 2325 diu
752 2302 794 2325 est
817 2298 889 2333 quod
904 2299 997 2326 dubito
1012 2309 1018 2326 :

233 2354 296 2373 nam
321 2345 426 2372 nullum
445 2344 518 2372 aliud
547 2343 708 2379 προλήψεως
734 2343 812 2371 istius
830 2351 1019 2379 argumentum

233 2391 333 2424 \ideo,
352 2398 432 2425 quam
467 2389 610 2424 Epiphanii
635 2389 820 2416 testimonium
851 2389 936 2422 illud,
965 2398 1020 2425 quo

234 2436 426 2471 Symmachum
443 2436 495 2462 sub
512 2435 623 2465 Severo.
642 2433 855 2462 Tlieodotionem
873 2436 923 2463 sub
939 2437 1020 2463 Corn-

233 2482 313 2509 inodo
323 2482 467 2516 scripsisse
485 2481 588 2508 docuit.
603 2480 660 2508 [Ioc
674 2489 738 2508 vero
751 2481 806 2515 jam
823 2487 930 2509 extorto
942 2502 948 2514 ,
964 2491 1019 2517 quo

232 2527 342 2555 demum
371 2527 431 2554 freti
451 2526 664 2554 Thcodotionem
693 2527 868 2555 vetustiorem
886 2536 948 2556 esse
968 2537 1018 2564 pu-

232 2572 376 2607 gnabunt?
392 2573 426 2599 At
442 2581 456 2599 e
471 2573 611 2599 contrario
641 2573 796 2609 Symmachi
823 2574 940 2608 priorem
960 2574 1018 2601 edi-

231 2620 331 2647 tionem
346 2627 416 2651 esse,
430 2621 506 2654 plura
525 2620 588 2646 mihi
605 2620 777 2655 persuadent.
795 2621 931 2655 Inprimis
948 2621 1017 2648 ordo

232 2666 276 2692 ille
288 2686 294 2697 ,
308 2673 386 2700 quem
404 2665 430 2691 in
450 2665 592 2692 codicibus
609 2665 737 2700 Origenes
757 2665 894 2693 instituit:
912 2666 938 2692 in
955 2666 1016 2701 qui—

231 2710 281 2737 bus
297 2715 355 2744 post
366 2709 492 2743 Aquilam
511 2713 640 2744 perpetuo
653 2709 832 2745 Symmachus
849 2714 913 2737 ante
927 2709 1017 2737 Theo-

230 2755 369 2782 d'itionem
387 2755 508 2790 ponitur.
525 2755 613 2788 Quod,
635 2755 688 2782 nisi
708 2755 845 2790 antiquior
857 2759 930 2783 esset
956 2755 1014 2789 ille,

230 2808 283 2829 cur
295 2802 332 2830 ita
353 2800 510 2837 disponeret
525 2800 656 2836 Origenes
669 2821 676 2834 ,
707 2808 819 2829 causam
847 2801 950 2828 nullam
967 2801 1015 2830 ha-

1073 2206 1106 2233 Μ.
1125 2207 1245 2238 Aurelio,
1263 2207 1407 2242 scripsisse
1425 2217 1431 2234 :
1453 2215 1533 2241 quem
1552 2207 1654 2235 fmstra
1676 2208 1802 2235 Sererum
1819 2218 1866 2244 ap-

1073 2252 1165 2287 pellat,
1182 2252 1308 2287 idemque
1326 2257 1355 2279 ut
1372 2253 1473 2280 faceret
1486 2253 1643 2288 Synopseos
1658 2254 1743 2285 illius.
1760 2255 1802 2281 vel
1817 2263 1865 2290 ap-

1073 2298 1196 2332 pcndieis
1227 2298 1405 2333 Synopseos,
1437 2306 1499 2334 qua:
1531 2299 1683 2326 Athanasio
1711 2300 1863 2331 tribuitur,

1072 2348 1209 2370 auctorem
1222 2344 1338 2370 induxit.
1349 2344 1395 2371 Est
1407 2344 1480 2370 enim
1497 2344 1553 2371 haec
1565 2345 1663 2372 lacinia
1677 2353 1862 2381 nequaquam,

1071 2394 1100 2416 ut
1117 2391 1228 2424 opinor,
1245 2390 1408 2422 Athanasii,
1434 2390 1482 2417 sed
1498 2391 1644 2425 scriptoris
1660 2392 1776 2419 alterius
1789 2413 1796 2423 ,
1817 2394 1861 2426 qui

1069 2443 1102 2462 ex
1121 2435 1273 2470 Epiphanio
1295 2436 1346 2462 ista
1369 2435 1541 2468 describens,
1573 2437 1685 2470 perinde
1707 2442 1791 2472 atque
1808 2439 1859 2469 ille,

1032 2485 1035 2487 '
1070 2488 1120 2515 pro
1137 2480 1207 2508 Vero
1231 2481 1363 2509 Severum
1390 2482 1543 2516 usurpavit.
1573 2481 1666 2514 Quare
1687 2483 1761 2517 quod
1781 2483 1860 2518 Sym-

1070 2527 1195 2554 machum
1212 2527 1263 2554 sub
1278 2526 1380 2554 Severo
1395 2527 1546 2554 Pertinacis
1562 2535 1725 2555 successore
1741 2529 1860 2556 edidisse

1068 2572 1150 2607 vulgo
1164 2571 1264 2604 ferunt,
1277 2576 1414 2607 quatenus
1427 2581 1459 2600 ex
1471 2573 1624 2608 Epiphanio
1636 2574 1708 2600 istud
1720 2581 1858 2606 asserunt.

1070 2623 1173 2645 mutent
1195 2618 1326 2653 deinceps
1352 2619 1514 2645 sententiain
1532 2627 1644 2648 omnes.
1661 2624 1706 2651 ct,
1736 2620 1760 2647 si
1790 2620 1859 2647 hunc

1068 2668 1208 2691 auctorem
1236 2665 1313 2700 sequi
1342 2665 1478 2699 cupiunt,
1507 2664 1540 2690 ad
1566 2664 1649 2691 Marci
1677 2666 1781 2692 Aurelii
1799 2665 1856 2692 Veri

1068 2714 1188 2743 tempora
1216 2710 1406 2737 sulnnoveanl.
1439 2710 1579 2737 Ccdrenus
1604 2711 1801 2745 Symmachum
1826 2720 1856 2738 ex

1067 2756 1177 2784 Eusebii
1213 2756 1264 2784 ﬁde
1293 2756 1448 2784 Pertinacis
1477 2761 1608 2791 tempore
1631 2756 1717 2783 fuisse
1750 2758 1853 2784 scribit.

1067 2802 1144 2835 Quod
1161 2810 1212 2837 ego
1226 2803 1297 2837 apud
1315 2802 1462 2830 Eusebium
1479 2801 1601 2830 nondum
1619 2803 1726 2837 reperi;
1751 2811 1812 2830 nam
1827 2802 1851 2828 in
