1937 3039
213 124 268 154 ἲὶὕξδ

211 179 326 204 necatus
337 178 389 203 est.
405 173 546 202 Caracalla
564 180 640 207 vero,
656 173 742 201 Dione
757 177 837 205 teste,
855 173 1000 208 imperarit

210 228 298 248 annos
310 227 346 250 vt.
365 227 474 247 menses
494 227 525 252 tt,
540 227 603 246 cutn
617 219 713 253 diebus
726 227 752 246 v.
774 217 848 246 Obiit
861 218 999 246 Praesente

208 271 236 292 ct
253 263 391 292 Extricato
408 273 492 297 coss.
511 272 584 292 anno
601 265 768 300 Dionysiano
783 265 845 292 217.

249 311 301 338 Ἐν
314 310 348 337 δὲ
362 310 402 343 τῷ
417 311 530 345 ἑϐδόμῳ
543 310 646 337 αὐτοῦ.
657 309 725 338 Vide
739 310 887 338 Eusebium
897 311 945 338 lib.
960 319 996 338 ιι.

209 354 353 383 Athanasii
374 356 510 390 interpres
528 354 617 386 πίθοις
634 355 775 390 proprium
790 355 882 390 oppidi
897 363 996 383 nomen

208 409 270 429 esse
290 401 416 428 credidit.

246 446 341 473 Τὸνδὲ
347 446 547 480 Καράκαλλον
554 445 730 480 διαδέχεται.
741 445 902 478 Macrinum,
915 455 995 482 qucm

210 493 238 520 in
253 493 387 520 Ancoralo
400 496 539 527 posuerat,
552 492 597 519 hic
613 492 714 519 outisit.
731 493 781 525 Qui
798 496 858 527 post
873 493 997 520 Caracal-

210 539 263 565 lam
277 538 418 573 imperavit
433 545 534 563 annum
550 544 569 569 ι,
584 543 693 563 menses
707 536 762 563 i'ere
779 544 808 563 ιι.
825 537 903 563 Hunc
916 544 996 571 pseu-

209 584 415 611 do-Antoniuus
440 582 608 618 Alagabalus
636 583 753 616 excepit.
777 582 827 609 Cui
858 589 946 609 annos
971 590 996 609 tv

210 629 306 657 tribuit
324 628 472 661 Eusebius;
492 627 640 663 Eutropius
655 635 741 656 annos
758 636 788 660 tt,
810 636 917 655 menses
930 635 995 660 vttt;

210 674 304 702 Victor
319 674 345 700 in
363 673 515 701 Cwsaribus
533 681 641 701 menses
652 681 727 706 xxx;
750 673 778 700 itt
796 673 917 707 Epilome
934 673 996 700 toti-

209 721 270 748 dem
297 724 363 755 quot
391 719 548 754 Eutropius.
583 719 638 747 Sed
663 724 690 746 et
715 718 889 753 Lampridius
913 725 997 753 prope

209 765 328 793 triennio
347 764 422 791 illum
449 763 600 798 imperasse
623 762 728 789 scribit.
748 761 876 789 Omnium
901 762 996 796 largis-

211 811 278 838 sime
294 810 464 838 Herodianus
481 818 505 836 νι
522 816 609 836 annos
619 809 750 844 assignat.

244 855 324 882 Μετὰ
344 855 449 881 τοῦτον
470 853 669 881 ἐϐασίλευσεν
689 853 897 887 Ἀλέξανδρος.
913 851 994 880 Occi-

210 907 257 927 sus
272 904 313 927 est
328 907 353 926 Vl
369 899 406 926 id.
422 899 501 926 Mart.
520 906 535 925 a
553 899 685 926 militibus
696 898 869 934 Alagabalus,
886 899 945 933 ipso
959 898 994 925 IV

209 949 236 973 et
251 945 407 972 Alexandro
430 945 538 972 Caesare
553 951 627 971 coss.
643 943 698 971 Nec
722 944 755 971 de
778 952 850 970 anno
875 944 995 971 dubitari

209 996 308 1026 potest.
323 990 371 1018 Est
387 990 461 1018 enim
475 990 576 1025 insigni
590 990 748 1017 charactere
759 990 860 1016 nobilis
878 999 883 1016 :
900 997 997 1025 nempe

209 1037 282 1072 quod
300 1044 373 1063 anno
390 1036 480 1071 primo
502 1035 661 1068 Alexandri,
679 1039 709 1062 ut
733 1039 849 1062 testatur
867 1035 996 1070 llippoly-

209 1088 254 1110 tus
272 1082 301 1108 in
321 1081 429 1108 Canone
452 1080 590 1113 Paschali,
604 1079 711 1108 decima
735 1083 832 1114 quarta
857 1079 996 1106 Paschalis

209 1128 322 1163 contigit
336 1127 374 1156 id.
388 1126 454 1161 Apr.
473 1125 593 1153 Sabbato
607 1136 613 1154 :
631 1125 743 1161 proinde
770 1125 847 1160 cyclo
866 1126 933 1153 solis
946 1133 994 1157 vn,

210 1175 281 1200 lunas
300 1180 355 1204 xtv,
377 1179 450 1199 anno
467 1172 571 1199 Christi
591 1171 760 1206 Dionysiano
773 1171 836 1201 222,
859 1171 900 1196 lit.
918 1169 995 1197 Dom.

210 1219 240 1245 ι’.
275 1218 406 1245 Onufrius
417 1218 490 1244 hunc
501 1225 601 1244 annum
617 1217 722 1244 Christi
737 1216 801 1242 facit
813 1216 876 1246 225,
889 1220 998 1250 propter

209 1264 386 1297 anticipatam
400 1270 455 1289 uno
475 1269 547 1289 anno
571 1261 764 1297 Dionysiattam
781 1261 931 1296 epoeltant;
947 1268 998 1287 cte-

211 1310 262 1336 teri
281 1309 344 1336 224.
362 1308 484 1340 Quorum
504 1307 755 1335 metacitronismus
775 1314 807 1333 ex
825 1307 877 1333 hoc
902 1306 998 1333 chara-

210 1359 284 1382 ctere
298 1354 486 1390 deprehensus
505 1353 713 1388 castigationem
730 1357 861 1380 meretur.
879 1352 998 1387 Impera-

211 1401 249 1427 vit
264 1399 419 1428 Alexander
438 1406 526 1426 annos
545 1406 606 1431 xttt,
622 1398 682 1426 dies
695 1407 734 1431 ιι,
753 1399 790 1425 ait
809 1397 997 1432 Lampridius;

211 1446 376 1481 astipulatur
409 1448 436 1472 et
461 1443 628 1478 Eutropius,
652 1450 760 1470 necnon
795 1442 896 1470 Victor.
923 1442 998 1470 Unus

212 1491 382 1519 Herodianus
400 1497 488 1518 annos
508 1497 554 1516 xtv
570 1489 709 1524 assignat;
731 1487 804 1523 quod
824 1488 930 1516 scilicet
953 1495 998 1514 xtv

210 1538 265 1571 jam
281 1537 421 1564 numerari
434 1540 540 1571 coeptus
555 1539 639 1563 esset.
654 1534 728 1562 Obiit
743 1535 826 1569 igitur
837 1541 909 1561 anno
919 1534 1000 1560 Chri-

212 1583 246 1609 sti
261 1583 324 1614 255,
340 1582 442 1609 Severo
457 1586 483 1608 et
497 1580 646 1614 Quintiano
661 1587 734 1607 coss.

252 1628 303 1654 Ἐν
316 1627 478 1654 Νικοπόλει
494 1625 531 1660 τῇ
545 1625 619 1659 πρὸς
638 1625 749 1658 Ἀκτίᾳ.
765 1624 910 1659 Perperam
928 1623 999 1658 apud

213 1673 311 1699 Atltan.
332 1673 364 1707 τῇ
381 1672 450 1707 πρὸς
468 1671 602 1707 ἀρκτιοις.
618 1670 695 1698 Unde
710 1671 844 1705 interpres
859 1669 1000 1702 :Nicopoli

213 1716 421 1750 septentrionali.
433 1715 499 1751 Leg.
514 1716 547 1751 τῇ
564 1715 632 1751 πρὸς
651 1715 746 1750 Ἀκτίᾳ
760 1715 800 1742 vel
818 1714 927 1749 Ἀκτίῳ.

245 1762 327 1789 Μετὰ
347 1762 456 1789 τοῦτον
473 1761 642 1794 βασιλεύει.
661 1760 827 1787 Maximinus
851 1758 1000 1786 triennium

212 1814 273 1833 cum
290 1806 387 1833 diebus
402 1805 506 1839 aliquot
521 1805 677 1840 imperavit,
692 1808 722 1831 ut
743 1803 825 1831 refert
839 1803 998 1838 Eutropius.

209 1852 303 1884 Quare
323 1851 441 1878 moritur
457 1857 529 1877 anno
550 1849 652 1877 Christi
668 1849 732 1876 258.
754 1849 790 1877 De
807 1849 888 1876 annis
912 1849 999 1876 tribus

210 1898 386 1926 consetttiunt
401 1901 427 1924 et
441 1897 497 1929 alii,
518 1902 545 1922 ut
558 1895 662 1923 Victor.
676 1896 709 1922 At
726 1895 858 1923 Onuirius
873 1896 900 1922 itt
915 1895 999 1922 Cliro-

213 1945 273 1971 nico
287 1951 374 1970 annos
385 1943 432 1970 dat
446 1947 552 1969 tantum
567 1941 636 1969 duos
651 1949 713 1968 cum
739 1942 844 1976 aliquot
858 1940 999 1968 mensibus

209 1994 238 2017 et
255 1990 370 2023 diebus;
391 1994 418 2016 et
434 1990 554 2016 occisqu
569 1988 636 2015 facit
648 1995 721 2015 coss.
742 1986 876 2021 Perpetuo
891 1989 917 2013 et
929 1984 998 2012 Cor-

210 2035 330 2067 neliano,
343 2034 386 2061 cui
400 2041 501 2060 annum
516 2032 630 2060 ascribit
647 2031 728 2059 Urbis
742 2031 804 2063 990,
818 2031 919 2057 Christi
934 2029 997 2061 258,

210 2082 257 2116 qui
273 2088 366 2108 revera
383 2084 426 2108 est
440 2079 508 2112 257;
526 2079 552 2106 in
579 2078 670 2105 Fastis
687 2085 751 2104 vero
769 2084 842 2103 anno
855 2075 936 2102 Urbis
948 2074 995 2102 99l

211 2127 387 2154 Maximinum
407 2125 581 2152 interiectum
598 2131 659 2151 esse
673 2126 776 2154 narrat,
790 2121 837 2156 qui
850 2125 893 2148 est
908 2128 998 2148 annus

210 2180 270 2200 a-ra:
278 2171 452 2207 Dionysianae
461 2177 555 2197 revera
570 2170 633 2201 258,
643 2169 724 2204 Ulpio
736 2172 763 2195 ct
776 2167 911 2194 Pontiano
922 2175 995 2195 coss.

210 2220 270 2252 Quo
286 2225 358 2245 anno
374 2217 472 2243 librum
487 2223 566 2243 suttnt
585 2215 755 2242 Censorinus
768 2214 951 2245 elucubravit,
968 2217 998 2240 ttt

209 2271 243 2291 ex
260 2262 383 2298 ejusdem
397 2261 443 2288 illo
454 2261 515 2287 loco
532 2263 649 2291 constat,
667 2259 715 2294 qui
726 2259 815 2286 atlerri
830 2259 908 2292 vulgo
919 2259 996 2291 solet,

210 2314 307 2343 estque
327 2306 511 2341 cltronologia:
538 2306 750 2338 munimentum,
769 2308 795 2331 et
816 2303 926 2338 ἐλεγχος
948 2303 998 2338 τῆς

210 2353 373 2389 διαστροφῆς
391 2351 445 2378 τῶν
465 2351 578 2386 χρόνων.

249 2400 359 2426 Τοῦτον
373 2397 539 2432 διαδέχεται
550 2395 724 2430 Γορδιιινύς.
737 2393 915 2422 Ριεηιειιιιίεἱῐ
930 2393 999 2421 Gor-

210 2446 307 2473 dianos
320 2448 347 2471 et
363 2444 507 2470 Maximum
528 2450 559 2469 ac
592 2441 743 2473 Balbinum,
760 2441 805 2476 qui
831 2441 892 2468 vivo
908 2441 998 2468 adhuc

211 2491 360 2517 Maximino
379 2489 464 2516 creati
482 2487 600 2514 fuerant.
624 2486 779 2514 Gordianus
795 2490 885 2513 autent
901 2485 998 2514 Junior

212 2542 299 2561 annos
318 2533 374 2560 fere
394 2541 420 2559 \‘l
436 2532 580 2567 imperium
598 2531 695 2559 tenuit.

245 2579 325 2607 Μετὰ
335 2579 443 2606 τοῦτον
450 2578 608 2610 ,βασιλεύει
620 2577 776 2611 Φίλιππος.
791 2577 937 2612 Eutropius
950 2585 998 2604 an-

211 2633 261 2652 nos
275 2625 320 2652 dat
334 2633 359 2656 v,
369 2623 534 2657 totidemque
546 2622 637 2650 Victor
649 2632 656 2656 ;
668 2623 837 2658 Epiphanius
849 2623 996 2651 Eusebium

211 2676 321 2700 secutus
337 2674 388 2698 est.
399 2669 466 2697 Vide
483 2670 650 2697 Baronianos
668 2670 795 2697 Annales.
808 2669 998 2697 Ouufriusan-

211 2724 356 2746 nosvcum
367 2715 509 2743 tucusibus
525 2716 628 2750 aliquot
645 2715 751 2742 tribuit.
768 2714 928 2750 lnsignittttn
946 2715 998 2743 fuit

211 2763 396 2798 l’ltilipporum
406 2761 548 2796 imperium
558 2761 826 2793 smcuiaribusludis,
838 2761 883 2796 qui
891 2762 997 2796 expleto

210 2809 264 2844 iam
277 2807 430 2836 millcnat'io
446 2807 526 2835 Urbis
546 2815 618 2834 anno
637 2807 767 2834 celebrati
794 2811 869 2840 sunt,
890 2807 940 2835 hoc
955 2813 997 2836 est

780 117 955 146 APPENDIX
976 117 1292 149 DlSSERTATIONUM.

1016 176 1037 204 Α
1055 174 1120 202 1001
1137 175 1170 202 ab
1182 175 1255 203 Urbe
1267 176 1387 210 condita,
1415 175 1541 212 Philippo
1557 176 1591 204 lll
1607 182 1634 205 et
1650 176 1778 213 Philippo
1791 178 1846 206 ﬁlio

1051 216 1072 243 li
1088 225 1174 251 coss.,
1189 227 1242 245 non
1258 219 1407 247 Aimiliano
1421 224 1447 248 et
1455 221 1585 255 Aquilitto
1602 229 1688 254 coss.,
1703 228 1733 249 ut
1748 223 1844 250 scribit

1051 261 1175 290 Cassiod.
1200 263 1296 290 Annus
1316 264 1360 292 ille
1374 268 1416 292 est
1442 265 1545 293 Christi
1564 266 1628 298 248,
1655 274 1711 293 ιιοιι
1730 267 1796 299 219,
1817 273 1846 295 ιιι

1050 312 1091 334 est
1111 308 1137 334 itt
1154 309 1312 336 Annalibus.

1087 351 1137 378 Ubi
1163 352 1308 386 dupliciter
1330 358 1468 389 peccatur.
1492 354 1584 382 Primo
1604 356 1675 390 quod
1699 356 1846 384 millesimo

1050 397 1110 431 ipso
1127 398 1235 426 labente
1258 400 1483 436 saaculares_ludi
1504 401 1642 428 commissi
1670 401 1846 436 refcrantur;

1050 441 1174 477 Philippo
1197 447 1274 478 patre
1299 442 1321 470 ll
1345 448 1371 471 et
1401 444 1456 471 lilio
1480 445 1490 471 l
1516 452 1590 472 coss.
1618 452 1680 472 cum
1699 446 1848 473 millesimo

1046 484 1102 518 jam
1125 487 1242 522 expleto,
1269 488 1320 515 ltoc
1342 493 1384 516 est
1409 489 1476 516 1001
1505 490 1627 523 ineunte,
1642 491 1745 525 peracti
1773 492 1847 525 sint;

1048 531 1172 567 Pltilippo
1186 537 1261 567 patre
1272 533 1305 559 ill
1316 538 1343 561 et
1356 534 1410 561 ﬁlio
1426 534 1447 561 ll
1462 542 1547 567 coss.,
1569 536 1606 562 uti
1620 540 1724 563 veteres
1739 537 1847 564 nummi

1049 576 1128 604 ﬁdem
1146 578 1258 611 iaciunt,
1275 587 1344 614 quos
1366 579 1510 613 Onulrius,
1535 581 1641 615 ipsique
1662 581 1742 615 adeo,
1769 583 1846 617 quod

1048 623 1146 650 tuirtttn
1162 628 1220 658 est,
1236 625 1350 652 Annales
1367 631 1574 661 repraesentant.
1601 627 1701 655 Deinde
1722 628 1798 663 quod
1816 629 1849 655 il-

1049 669 1102 696 lum
1119 669 1207 704 ipsum
1224 670 1299 698 urbis
1316 671 1487 698 millesimum
1508 680 1569 699 cum
1586 680 1658 700 attno
1675 673 1780 701 Christi
1795 675 1848 702 9.49

1048 722 1212 742 concurrere
1226 720 1334 750 putant.
1353 716 1458 744 Etenim
1475 718 1497 745 si
1517 717 1550 744 de
1564 719 1643 746 annis
1663 718 1767 747 Christi
1787 719 1849 747 Dio-

1048 760 1170 794 nysianis
1186 769 1277 788 sermo
1296 761 1342 793 sit.
1361 766 1391 789 ut
1405 766 1449 789 est
1464 771 1572 795 revera,
1590 765 1690 791 usitato
1707 765 1755 791 illo
1770 765 1847 792 hien-

1048 805 1086 831 uii
1112 805 1341 832 ntetacltronismo
1373 806 1494 834 rationes
1529 809 1705 835 conturbant.
1739 809 1850 843 Quippe

1014 841 1036 869 Β
1052 858 1140 878 annus
1158 850 1239 878 Urbis
1259 852 1431 883 millesimus,
1458 860 1490 879 ex
1512 852 1679 880 Varroniana
1702 841 1849 888 computa-

1052 897 1136 928 tione,
1148 904 1229 931 quam
1245 898 1362 925 Annales
1379 903 1542 933 sequuntur,
1557 900 1685 927 convenit
1697 907 1759 926 cum
1774 907 1848 928 anno

1049 943 1150 971 Cltristi
1172 944 1337 979 Dionysiano
1355 945 1417 972 217.
1435 945 1513 978 Quod
1532 954 1565 972 ex
1581 946 1625 978 iis,
1641 954 1703 981 qua:
1726 946 1846 980 sparsim

1049 989 1076 1015 in
1098 990 1140 1017 Itis
1157 989 1434 1017 Animadversionibus
1457 995 1585 1018 annotata
1603 996 1678 1024 sunt,
1694 992 1847 1019 manifesto

1048 1037 1154 1061 constat
1169 1043 1175 1061 :
1191 1039 1270 1069 atque
1295 1035 1364 1062 inter
1385 1036 1437 1062 alia
1453 1044 1485 1063 ex
1509 1037 1618 1071 egregio
1634 1037 1680 1064 illo
1697 1036 1845 1064 Ceusorini

1049 1077 1108 1104 loco
1121 1085 1181 1113 pag.
1197 1079 1242 1111 17,
1258 1079 1302 1106 ubi
1319 1087 1419 1106 annum
1435 1080 1520 1112 illum,
1540 1088 1594 1115 quo
1612 1080 1708 1116 Ulpius
1723 1086 1749 1108 et
1769 1080 1846 1107 Pon-

1049 1127 1128 1151 tanus
1150 1131 1224 1152 coss.
1246 1125 1420 1157 exstiterunt,
1446 1133 1500 1160 quo
1516 1126 1550 1153 ab
1569 1126 1728 1162 Olympiade
1757 1126 1846 1161 prima

1049 1170 1210 1197 millesimus
1224 1174 1250 1198 ct
1265 1171 1503 1205 quartusdecimus
1519 1179 1552 1199 ex
1568 1173 1664 1199 diebus
1679 1173 1784 1200 mslivis
1802 1174 1846 1200 in—

1048 1216 1162 1243 choatus
1177 1220 1230 1249 est,
1245 1215 1330 1244 fuisse
1347 1217 1443 1243 scribit
1457 1217 1491 1244 ab
1507 1216 1580 1244 Urbe
1593 1218 1704 1244 condita
1723 1225 1846 1251 nongen-

1049 1263 1176 1289 tesimum
1195 1262 1401 1296 nonagesimum
1417 1263 1532 1296 primum
1547 1271 1580 1290 cx
1596 1262 1748 1294 Parilibus;
1762 1263 1847 1290 Julia-

1050 1315 1114 1334 nunt
1129 1315 1194 1334 vero
1206 1307 1268 1334 283.
1281 1307 1340 1334 Non
1357 1312 1446 1343 potest
1456 1308 1479 1335 is
1495 1308 1565 1335 alius
1581 1316 1670 1335 annus
1679 1316 1751 1340 esse,
1763 1316 1847 1343 quant

1048 1353 1100 1379 258
1126 1352 1319 1388 Ilionysianus,
1340 1353 1417 1389 cyclo
1440 1354 1511 1380 luna:
1532 1361 1568 1386 tu,
1587 1353 1654 1380 solis
1669 1361 1747 1386 xxttt,
1767 1358 1796 1380 ttt
1812 1360 1846 1380 ex

1049 1398 1251 1433 Olympiadum,
1263 1397 1446 1430 Julianorum,
1461 1398 1730 1426 Nabonassarcorum
1746 1406 1778 1425 ac
1789 1406 1846 1425 cte-

1049 1447 1168 1469 terorum
1196 1451 1330 1470 annorum
1357 1444 1560 1478 comparatione
1586 1444 1734 1478 colligitur.
1761 1443 1847 1478 Igitur

1013 1503 1034 1533 ο
1051 1497 1112 1515 cutn
1130 1496 1218 1517 annus
1235 1488 1316 1517 Urbis
1339 1489 1388 1516 991
1408 1491 1513 1525 cyclum
1531 1489 1628 1516 habeat
1644 1490 1714 1516 lunae
1733 1497 1773 1521 XI,
1791 1489 1848 1524 pri-

1051 1542 1112 1561 tntts
1136 1533 1217 1562 Urbis
1241 1542 1329 1562 anuus
1353 1534 1552 1567 Varronianus,
1571 1542 1651 1569 quem
1675 1534 1848 1562 Censorinus

1051 1580 1234 1615 amplectitur,
1252 1581 1279 1608 in
1293 1581 1400 1615 cyclum
1423 1581 1494 1608 lunae
1517 1589 1542 1608 Ix
1568 1581 1674 1614 incidit,
1695 1581 1764 1608 solis
1785 1588 1846 1607 χιιι.

1051 1625 1168 1653 Proinde
1186 1626 1349 1653 millesimus
1367 1626 1401 1653 ab
1422 1625 1494 1653 Urbe
1510 1626 1620 1654 condita
1645 1627 1737 1661 cyclos
1762 1627 1847 1661 exigit

1051 1671 1122 1698 luuzr
1135 1671 1243 1705 quidem
1259 1679 1277 1703 ι,
1290 1671 1356 1699 solis
1372 1679 1397 1698 tv
1414 1681 1419 1698 :
1436 1672 1481 1706 qui
1496 1679 1568 1698 anno
1585 1671 1687 1699 Christi
1705 1671 1758 1698 247
1771 1678 1848 1698 com-

1051 1721 1156 1752 petunt.
1173 1715 1245 1751 Ergo
1258 1716 1281 1743 is
1296 1721 1338 1744 est
1355 1725 1388 1744 ex
1408 1716 1539 1743 Varronis
1561 1717 1696 1743 sententia
1717 1716 1752 1742 ab
1774 1715 1848 1742 Urbe

1050 1762 1158 1790 condita
1175 1762 1346 1790 millesimus.
1361 1762 1456 1790 Annus
1471 1762 1542 1789 enim
1555 1762 1607 1789 2-19
1625 1763 1717 1797 cycfos
1740 1762 1848 1788 Oblittct

1050 1808 1122 1835 lunae
1149 1815 1189 1840 ιιι,
1215 1808 1281 1836 solis
1306 1815 1343 1835 vt.
1366 1807 1414 1836 llis
1437 1808 1473 1834 ita
1494 1809 1665 1841 constitutis,
1684 1808 1731 1842 qui
1758 1815 1847 1834 annos

1050 1852 1183 1888 Pltilippis
1202 1853 1355 1880 attribuunt
1369 1861 1395 1885 ν,
1414 1861 1475 1880 cum
1499 1853 1606 1880 illorttm
1624 1853 1732 1879 initiuut
1751 1853 1846 1879 consi-

1051 1904 1149 1934 gnetur
1173 1899 1317 1926 consulattt
1338 1899 1478 1934 Peregrini
1500 1903 1527 1926 et
1549 1899 1701 1931 zEmiliani,
1730 1899 1777 1933 qui
1806 1902 1847 1925 est

1051 1954 1139 1973 annus
1154 1945 1256 1972 Christi
1273 1945 1455 1980 Dionysianus
1471 1945 1534 1978 211,
1554 1951 1666 1972 mortem
1685 1944 1845 1971 eorumiem

1050 1991 1204 2019 attribuunt
1232 1998 1305 2018 coss.
1335 1990 1485 2018 Aitniliano
1509 1996 1535 2018 et
1564 1991 1704 2026 Aquilino,
1732 1990 1779 2024 qui
1804 1994 1846 2016 est

1052 2037 1132 2065 Urbis
1160 2036 1244 2068 1002,
1261 2036 1361 2063 Christi
1384 2036 1445 2063 249.
1465 2036 1502 2063 Ita
1528 2036 1659 2063 Onul'rius
1674 2044 1681 2063 :
1698 2036 1744 2070 qui
1772 2035 1845 2061 ltunc

1049 2082 1138 2117 ipsuut
1163 2085 1288 2109 ttumcrat
1322 2082 1424 2109 Clu-isti
1451 2082 1523 2115 250,
1554 2088 1663 2117 propter
1689 2081 1843 2108 institutam

1050 2128 1153 2155 Christi
1178 2135 1312 2154 annorum
1334 2128 1566 2163 anticipationem,
1589 2128 1622 2155 de
1636 2135 1689 2162 qua
1708 2135 1780 2162 smpe
1802 2127 1845 2154 di-

1013 2170 1034 2196 D
1051 2173 1150 2199 ximus.
1169 2173 1203 2198 At
1221 2172 1321 2207 quibus
1343 2177 1446 2208 septem
1460 2170 1541 2200 annis
1566 2174 1667 2208 placuit
1693 2175 1845 2209 imperasse

1051 2218 1211 2253 Philippos:
1234 2219 1251 2245 ii
1271 2222 1394 2246 tnortuos
1413 2219 1474 2247 illos
1491 2224 1585 2254 putant
1604 2219 1692 2247 Deciis
1710 2221 1844 2247 aiulnbus

1050 2272 1136 2296 coss,
1156 2269 1182 2290 ul
1199 2268 1240 2291 csl.
1259 2264 1329 2299 apttd
1344 2264 1551 2295 Cassiodorum,
1567 2267 1611 2300 qui
1630 2265 1742 2292 Decium
1758 2265 1843 2292 lilium

1051 2309 1167 2344 appellat
1183 2309 1337 2336 Etruscum.
1356 2309 1458 2345 Estque
1476 2311 1499 2338 is
1515 2319 1603 2338 anuus
1620 2310 1700 2337 Urbis
1719 2311 1797 2342 1004,
1820 2315 1848 2336 ut

1050 2354 1166 2382 Orosius
1186 2354 1322 2389 prodidit,
1340 2355 1441 2382 Christi
1465 2356 1647 2391 Dionysiauus
1663 2356 1726 2383 251.
1746 2356 1780 2382 At
1797 2364 1844 2383 vc-

1051 2405 1094 2428 tus
1118 2401 1272 2435 inscriptio,
1287 2409 1347 2436 qua:
1367 2409 1438 2428 anno
1460 2402 1559 2428 Christi
1571 2401 1624 2428 255
1641 2401 1782 2437 Philippos
1798 2409 1844 2429 oc-

1051 2447 1123 2473 cisos
1149 2447 1257 2478 asserit,
1279 2454 1394 2482 qumque
1410 2448 1437 2474 in
1459 2447 1605 2474 Annalibus
1631 2448 1766 2479 refertur,
1786 2448 1844 2475 sine

1049 2492 1133 2519 dubio
1148 2500 1217 2518 vana
1235 2499 1267 2519 ac
1292 2494 1465 2528 supposititia
1489 2497 1541 2525 est,
1563 2493 1678 2528 idecque
1696 2495 1795 2520 merito
1811 2494 1844 2520 ab

1050 2537 1163 2565 Ouul‘rio
1182 2539 1381 2572 praetermissa,
1411 2539 1433 2566 si
1454 2539 1533 2566 tnodo
1557 2547 1615 2566 catn
1642 2539 1720 2566 vidit.
1751 2538 1844 2574 Neque

1049 2584 1121 2611 ettitn
1145 2585 1212 2610 adeo
1238 2589 1343 2611 vetusta
1370 2589 1412 2612 est
1435 2586 1680 2619 computaudorutn
1708 2594 1843 2613 annorum

1049 2630 1128 2660 ratio,
1152 2638 1212 2664 qua:
1228 2638 1242 2657 a
1258 2630 1359 2657 Christi
1384 2630 1470 2657 Natali
1495 2632 1648 2662 deducitur.
1673 2637 1701 2658 ιιι
1718 2633 1842 2660 utuittant

1049 2675 1083 2702 ab
1105 2675 1268 2711 Dionysiana
1293 2676 1420 2703 methodo
1440 2676 1549 2703 biennio
1573 2677 1660 2704 solido
1684 2677 1842 2713 inscriptio-

1049 2730 1110 2749 nem
1127 2721 1199 2747 illam
1223 2721 1380 2749 abhorrere.

1086 2767 1196 2794 Τοῦτον
1211 2767 1363 2800 διεδέξατο
1379 2767 1489 2800 Δέκιος.
1511 2767 1658 2803 Eutropius
1673 2768 1755 2796 Decio
1772 2770 1840 2797 inte—

1049 2818 1112 2846 gros
1129 2818 1216 2839 annos
1240 2811 1310 2839 dttos
1334 2812 1458 2846 imputat,
1475 2817 1504 2839 ut
1519 2816 1545 2840 et
1565 2813 1655 2841 Victor
1679 2814 1706 2841 in
1723 2813 1840 2842 Caesari-

1793 123 1845 151 560
1886 152 1889 154 .
