1937 3039
111 209 160 238 EH

588 209 632 236 DE
650 207 870 236 ROMANORUM
890 208 981 235 lMPP.
1004 207 1264 236 CIIRONOLOGIA.

1683 207 1737 237 56‘!

109 266 168 293 bus.
188 265 222 292 At
241 265 268 292 in
292 264 412 300 Epilome
436 272 543 294 menses
568 275 621 293 xxx
645 268 793 302 imperasse
817 267 898 299 dicit;
916 269 938 297 Α
952 265 1030 293 Tunc
1042 266 1115 293 enim
1133 266 1219 293 multo
1234 272 1315 300 quam
1331 265 1399 292 alias
1416 273 1532 300 unquam
1550 265 1684 294 atrociora
1704 274 1737 293 ac

105 311 289 339 Cassiodorus
307 311 445 338 biennium
470 315 496 338 ct
525 319 633 339 menses
657 321 702 345 iv;
731 312 897 347 Epiphanius

106 356 216 383 Eusebii
235 355 382 382 Chronico»
397 359 507 385 secutus
523 364 624 383 annum
641 365 660 389 ι,
679 365 786 384 menses
803 365 843 384 ut.

145 402 196 427 Ἐν
222 401 257 427 δὲ
280 401 343 433 τοῖς
366 401 488 434 χρόνοις
509 402 624 428 Δεκίου.
645 402 721 429 Gallo
747 403 898 437 imperante

105 447 224 473 moritur
243 446 385 480 Origenes.
402 454 503 472 annum
526 455 609 481 agens
626 455 706 479 thx;
731 451 826 474 auctor
844 446 898 473 Eu-

104 493 199 519 sebius
215 491 264 518 lib.
280 500 328 522 vn,
344 499 368 518 c.
386 492 396 517 i
413 499 420 523 ;
437 491 549 519 llieron.
565 492 591 518 in
610 491 699 518 Catal.
719 490 809 523 Quare
823 490 897 525 quod

107 538 180 563 hunc
200 537 239 563 ait
263 537 431 571 Epiphanius
459 536 583 563 ﬂoruisse
598 544 612 562 a
631 536 705 563 Decii
722 540 843 570 tempore
863 536 898 562 ad

104 578 213 606 Gallum
230 585 256 606 et
274 579 461 610 Volusianum,
480 579 594 606 nimium
614 583 762 614 angustum
778 585 820 606 est
835 587 898 614 spa-

105 625 184 651 tium.
202 624 343 659 Siquidem
357 625 400 652 isti
420 633 474 652 non
491 625 552 659 plus
581 625 691 651 biennio
707 632 739 651 ac
758 625 898 652 mensibus

105 678 130 696 ir
147 670 329 704 imperarunt.
342 670 404 696 Ideo
421 678 469 704 pro
484 669 564 697 Decio
576 670 699 697 Severum
714 670 805 696 dicere
816 677 898 704 opor-

105 716 173 745 tuit;
190 723 253 742 nam
271 716 321 742 sub
335 716 387 742 hoc
403 716 567 750 imperatore
584 715 699 743 celebris
721 719 764 742 est
788 715 898 742 habitus

104 761 249 795 Origenes.
267 760 335 787 Vide
351 760 450 788 Euseb.
475 761 522 788 lib.
536 769 595 793 vnt,
620 768 680 795 cap.
696 761 722 787 3.
747 759 799 786 Sed
824 759 898 794 quod

107 806 177 832 ultra
192 804 262 831 Galli
277 809 304 831 ct
319 805 459 832 VquSiani
477 804 622 839 imperium
637 804 811 838 superstitem
829 803 898 830 Ori—

106 858 201 884 gcuetn
225 849 312 877 fuisse
335 850 432 877 scribit
456 850 644 884 Epiphanius,
670 850 801 876 reclamat
817 848 899 876 Euse-

107 895 177 925 bius.
193 895 240 930 qui
255 894 331 922 Gallo
351 894 446 928 imper.
460 902 492 920 ex
509 894 560 921 hac
575 894 628 922 vita
643 894 777 929 migrasse
796 893 898 921 diserte

106 944 233 967 testatur.
255 939 292 966 De
306 947 358 974 qua
371 947 399 966 re
413 940 446 966 ad
465 939 560 966 haircs.
575 939 609 966 64
625 939 755 966 diximus.

141 985 289 1017 ψαϐιανύς
304 983 338 1010 δὲ
351 984 400 1010 ἐπὶ
416 984 534 1018 Ῥώμης.
558 983 595 1011 De
608 983 730 1010 Fabiano
742 988 769 1011 et
781 983 899 1010 Alexan-

105 1027 157 1056 dro
174 1029 235 1055 vide
252 1028 399 1056 Eusebium
415 1030 460 1057 lib.
478 1037 515 1061 vr,
529 1037 589 1064 cap.
602 1029 648 1056 22.

140 1073 196 1100 Καὶ
211 1073 300 1106 αὐτὸς
314 1073 348 1100 δὲ
360 1075 377 1100 d
391 1074 549 1108 Ὠριγένης.
571 1074 653 1100 Multa
668 1081 717 1107 pro
730 1073 834 1100 Christi
849 1080 899 1100 uo-

106 1118 180 1145 mine
197 1117 315 1145 diversis
332 1120 500 1153 tcmporibus
514 1127 613 1154 passus
626 1124 668 1146 est
680 1117 821 1153 Origenes.
838 1117 898 1144 Pri-

107 1171 179 1190 mum
199 1163 251 1191 sub
263 1163 381 1196 Severo;
405 1172 466 1191 cum
493 1165 591 1199 saepius
607 1165 639 1191 ad
656 1172 750 1192 necem
767 1163 899 1197 qumsitus

105 1215 176 1243 agre
191 1208 277 1235 latuit.
294 1208 332 1235 De
346 1217 400 1243 quo
417 1210 516 1236 Euseb.
533 1209 580 1236 lib.
597 1217 634 1241 v1,
650 1217 711 1243 cap.
725 1209 751 1235 3.
765 1208 833 1234 Tum
846 1208 899 1234 sub

109 1252 281 1285 Alexandro;
300 1261 332 1280 ac
346 1253 443 1281 deinde
458 1254 510 1281 sub
525 1253 607 1281 Decio
623 1262 628 1279 :
642 1262 696 1288 qua
719 1253 745 1280 in
764 1260 893 1287 persecu-

107 1296 179 1323 tione
208 1296 315 1331 lapsuut
341 1297 414 1325 illius
439 1298 573 1326 accidisse
598 1299 694 1325 merito
718 1297 892 1332 conjieimus.

952 312 1155 339 vehementiora
1171 318 1317 346 perpessus
1331 314 1384 338 est.
1397 310 1435 338 De
1451 311 1550 345 quibus
1563 311 1661 339 Euseb.
1673 319 1735 346 cap.

949 357 993 384 59.
1013 356 1044 384 Et
1059 365 1109 384 nos
1130 357 1164 384 ad
1181 356 1405 392 Origenianorum
1423 356 1538 383 lizeresin
1553 357 1676 392 quadam
1692 362 1735 384 at-

948 402 1070 437 tigimus.

982 447 1087 481 Εὐρὼν
1114 447 1148 473 δὲ
1171 446 1226 480 τῆς
1250 446 1386 481 πέμπτης
1408 446 1456 473 καὶ
1475 446 1573 479 ἕκτης.
1609 445 1736 479 Quasnam

950 492 1050 520 fuerint
1066 492 1191 527 Origenis
1211 492 1344 525 Tetrapla.
1364 491 1485 524 llexapla
1503 495 1529 518 et
1550 491 1672 525 Octapla.
1691 499 1739 518 nc-

949 544 994 563 mo
1023 537 1179 563 accuratius
1205 535 1354 570 Epiphanio
1382 535 1504 562 tradidit.
1521 535 1612 567 Quare
1630 543 1663 562 ex
1678 535 1739 570 ejus

949 579 1024 608 fonte
1041 588 1137 608 omnes
1153 581 1315 612 hauserunt,
1330 580 1375 614 qui
1392 580 1500 606 illorum
1515 580 1684 606 voluminum
1696 587 1740 606 ra-

949 627 1050 654 tionem
1075 627 1246 661 explicarunt
1271 635 1277 653 :
1303 630 1330 653 et
1354 630 1445 652 tamen
1475 626 1598 660 plerique
1628 626 1654 652 in
1685 630 1739 652 tam

949 675 1043 705 aperto
1078 670 1221 705 Epiphauii
1248 671 1308 697 loco
1332 670 1447 696 multum
1477 670 1635 696 ballucinati
1662 674 1739 697 sunt.

948 715 1076 742 Omnium
1103 723 1166 742 vero
1192 715 1310 742 maxime
1336 714 1475 742 Marianas
1498 714 1667 746 Victorinus,
1692 715 1739 749 qui

950 760 1144 794 Hieronymum
1169 759 1315 787 recensuit.
1333 759 1385 792 Qui
1411 760 1438 786 in
1459 759 1571 787 scholiis
1595 759 1627 786 ad
1648 759 1694 786 lib.
1720 767 1737 786 ll

949 805 1026 840 Apol.
1056 805 1083 831 in
1108 804 1189 839 Ruﬁ,
1216 813 1291 831 num.
1318 804 1372 836 63,
1406 804 1494 831 credit
1521 803 1647 838 Origenis
1675 803 1737 835 Ἐε-

948 852 1031 879 amid
1043 860 1075 879 ex
1092 851 1195 878 Grzecis
1208 851 1375 878 editiouibus
1391 858 1417 877 vt
1437 850 1522 878 fuisse
1535 855 1663 878 contexta
1679 851 1740 877 :ni-

949 897 1048 923 mirum
1072 896 1142 923 LXX
1158 896 1314 927 Seniorum.
1330 896 1444 931 Aquilae,
1462 895 1631 931 Symmachi,
1649 895 1740 922 Theo-

914 932 934 959 Β
949 941 1081 971 dotionis,
1094 940 1196 973 Quinta
1213 943 1241 968 et
1258 939 1340 968 Sexta
1355 949 1362 966 :
1379 945 1406 967 et
1424 939 1568 967 Erasmum
1585 940 1662 966 aliter
1678 947 1740 965 sen-

949 986 1060 1013 tientem
1081 985 1220 1020 redarguit
1242 993 1274 1013 ex
1290 985 1446 1020 Epiphanii,
1466 989 1495 1011 ut
1514 984 1624 1015 asserit,
1642 989 1739 1010 aucto-

948 1030 1039 1057 ritate.
1062 1029 1140 1062 Quod
1158 1029 1236 1057 valde
1254 1029 1351 1056 miror.
1369 1029 1460 1063 Neque
1484 1029 1556 1056 enim
1583 1028 1739 1063 cujusmodi

948 1074 1084 1101 editiones
1099 1074 1151 1100 illze
1167 1073 1268 1100 fuerint
1278 1073 1447 1108 Epiphanius
1462 1073 1579 1100 obscure
1591 1072 1739 1106 signiﬁcat.

950 1127 1012 1146 cum
1029 1119 1084 1151 hic,
1102 1124 1159 1145 tum
1177 1119 1204 1146 in
1218 1118 1329 1154 Origen.
1347 1119 1456 1150 ha:resi,
1469 1126 1529 1153 quae
1543 1124 1585 1146 est
1600 1118 1644 1149 64,
1663 1126 1691 1144 n.
1711 1118 1739 1147 5,

951 1163 998 1190 sed
1014 1163 1059 1189 hic
1076 1163 1260 1197 potissimum.
1282 1162 1341 1195 Quo
1361 1170 1395 1190 ex
1413 1162 1473 1190 loco
1492 1162 1660 1197 singularum
1685 1161 1740 1187 cdi~

951 1209 1055 1235 tiouum
1068 1208 1191 1235 ordinem
1204 1209 1231 1235 in
1245 1209 1345 1243 triplici
1364 1208 1491 1236 codicum
1503 1216 1602 1244 genere
1616 1208 1740 1243 sequenti

949 1254 1147 1289 diagrammate
1164 1255 1370 1289 proposuimus.

776 1352 916 1371 TETRAPLA
934 1351 1069 1372 On'GENlS.

475 1400 587 1436 Aquila.
662 1400 853 1436 Symmachus.

938 1399 1128 1435 Septuaginta.

1219 1399 1381 1426 Thcodotio.

860 1455 993 1474 ηελλνιλ.

225 1492 355 1520 llebraica
381 1493 498 1527 propriis
570 1492 701 1520 llebraica
720 1492 823 1520 Grauis

205 1528 347 1555 clementis
375 1533 514 1562 concepta.
553 1528 652 1555 litteris
672 1529 838 1563 conscripta.

877 1493 985 1527 Aquila.
1025 1485 1223 1528 Symmachus.
1255 1493 1443 1529 Septuaginta.
1482 1491 1643 1520 Thcodolio.

856 1579 988 1599 OCTAPLA.

108 1617 240 1643 ltebraira
251 1625 313 1651 pro-
324 1617 454 1644 llebraica
464 1617 535 1645 Grze-

125 1651 193 1686 priis
215 1652 313 1678 litteris
350 1653 389 1678 eis
403 1657 536 1687 concepta

123 1691 267 1720 concepta.
351 1687 458 1714 litteris.

577 1618 684 1653 Aquila.
723 1617 913 1653 Symmachus.
927 1617 1103 1652 Septuaginta
1149 1617 1309 1646 Thcodotio.

1368 1617 1389 1644 V
1406 1618 1500 1646 editio.
1570 1618 1601 1646 Vl
1615 1619 1709 1648 editio.

107 1730 176 1758 Ilinc
199 1731 306 1758 illorum
325 1739 403 1758 error
417 1731 529 1765 insuper
544 1731 678 1765 arguitur,
693 1731 739 1766 qui
759 1731 785 1757 in
802 1730 893 1758 Tetra-

950 1733 1000 1760 inv.
1016 1733 1063 1758 uati
1078 1732 1275 1768 ἀντιπαραθεὶς
1294 1732 1420 1767 suam;
1439 1733 1511 1768 μετὰ
1526 1734 1572 1760 καὶ
1586 1734 1672 1769 αὐτῆς
1689 1736 1742 1769 τῆς

105 1776 156 1809 ptis
172 1776 288 1810 primam
304 1776 460 1803 columnam
473 1775 542 1802 LXX
560 1776 721 1804 Senioribus
735 1776 897 1807 attribuunt,

107 1829 177 1856 quos
200 1822 310 1848 tertium
335 1822 362 1848 in
387 1822 474 1849 locum
497 1822 636 1856 conjeclos
661 1821 826 1856 Epiphanius
844 1825 898 1847 tam

107 1867 210 1894 diserte
233 1871 375 1894 memorat.
399 1867 433 1893 At
446 1867 579 1894 Eusebius
597 1867 644 1894 lib.
662 1876 700 1898 vi,
720 1875 781 1902 cap.
801 1867 834 1894 ΓΙ
847 1886 853 1897 ,
871 1867 897 1893 in

108 1912 278 1940 Psalmorum
298 1913 437 1947 llexaplis,
449 1917 511 1948 post
525 1913 645 1948 insignes
662 1921 694 1940 ac
706 1914 785 1940 tritas
801 1912 899 1940 editio-

109 1966 157 1986 nes
176 1962 307 1993 qualuor,
333 1959 420 1993 inquit
435 1967 442 1985 :
459 1959 497 1985 Οὐ
513 1958 592 1993 μόνον
608 1959 749 1994 πέμπτην,
770 1959 838 1984 ἀλλὰ
852 1958 899 1984 καὶ

108 2003 190 2038 ἕκτην
212 2003 259 2030 καὶ
269 2003 386 2039 ἑϐδόμην
401 2003 533 2039 παραθεὶς
546 2005 702 2039 ἑρμηνείαν,
719 2004 765 2030 ἐπὶ
777 2004 841 2038 μιᾶς
851 2002 898 2030 αὗ-

109 2048 150 2079 οις
163 2048 359 2082 σεσημείωται,
376 2048 413 2079 ὼς
434 2049 463 2074 ὲν
483 2048 589 2083 Ἱεριχοί
611 2048 765 2083 εὑρημένης
781 2048 808 2073 ὲν
828 2047 899 2083 πίθῳ

109 2093 179 2119 κατὰ
194 2093 259 2124 τοὺς
273 2093 386 2128 χρόνους
404 2093 562 2120 ’Λντωνενου
575 2093 623 2120 τοῦ
639 2093 697 2119 υἱοῦ
714 2094 843 2127 Σεὸήρου.
860 2093 898 2120 lla

109 2143 213 2173 septem
230 2139 256 2166 in
272 2139 401 2174 Ilezaplis
416 2140 551 2167 editiones
566 2140 678 2171 fuerint,
696 2143 724 2166 ut
743 2147 797 2166 non
814 2139 900 2166 Hexa-

108 2185 151 2217 pla
163 2190 267 2215 essent,
284 2185 331 2212 sed
353 2185 494 2219 Heptapla.
510 2185 638 2218 Qmenam
656 2193 720 2212 vero
734 2185 835 2220 ἑϐδόμη
853 2185 898 2212 illa

111 2230 179 2257 luit?
193 2230 334 2263 Gratcane,
346 2239 378 2258 an
389 2230 537 2258 llebraica?
553 2231 645 2258 Graeca
656 2231 683 2257 in
696 2230 815 2265 Octaplis
825 2231 898 2257 nulla

110 2279 206 2308 praeter
231 2283 278 2302 sex
303 2275 363 2302 fuit.
378 2275 406 2302 Si
424 2275 583 2303 Hebraicam
604 2277 741 2311 intelligit.
758 2284 810 2302 non
825 2275 899 2303 ἐϐδό-

111 2328 164 2354 μην
179 2328 224 2347 tuo
235 2321 274 2353 lo,
290 2322 337 2348 se.l
351 2321 447 2357 ὀγδόην
455 2322 536 2348 etiam
549 2321 576 2348 in
591 2321 709 2356 Octaplis
724 2321 823 2356 adjecit
836 2321 898 2348 Ori-

110 2373 193 2399 genes
210 2375 217 2392 :
235 2374 331 2401 nempe
351 2367 473 2394 eamdem
501 2367 660 2394 llcbraicam
682 2367 784 2394 Graecis
801 2367 898 2394 litteris

110 2416 259 2438 exaratam.
284 2412 311 2439 In
336 2412 464 2446 Ilexaplis
487 2420 551 2440 vero
574 2421 627 2439 non
649 2421 694 2440 sex
710 2412 830 2444 Graecas,
850 2413 896 2440 sed
916 2397 937 2424 Β

110 2460 229 2490 quatuor
242 2457 376 2484 duntaxat
392 2458 524 2484 exhibuit.
540 2457 631 2490 Quare
647 2458 732 2486 mirus
747 2463 789 2486 est
811 2458 897 2486 Euse-

111 2501 145 2527 bii
166 2502 254 2534 locus,
279 2506 315 2533 et,
333 2503 385 2529 nisi
413 2502 502 2534 fallor,
527 2503 686 2530 mendosus.
713 2503 897 2538 Expungenda

111 2546 192 2580 igitur
208 2547 266 2574 haec
280 2547 408 2580 arbitror,
424 2549 471 2574 καὶ
482 2548 610 2583 ἐὸδόμην.
627 2547 746 2575 Tametsi
766 2549 838 2583 apud
852 2548 899 2575 Ni-

82 2594 90 2603 ’
110 2593 258 2626 cephorum
282 2593 364 2619 etiam
389 2594 415 2620 in
433 2594 529 2620 Graeco
540 2594 634 2621 codice
646 2602 698 2622 ms.
716 2593 783 2621 Bibl.
798 2593 895 2622 Vieun.

111 2645 140 2664 ex
157 2636 275 2665 Eusebio
290 2639 420 2665 translata
434 2640 550 2673 reperio.
564 2639 725 2672 Quinetiam
740 2639 838 2667 vitiosa
853 2639 898 2666 illa

111 2690 170 2710 esse
180 2682 354 2715 crediderim,
369 2684 415 2710 ἐπὶ
427 2685 490 2719 μιᾶς
498 2683 585 2716 αὖθις.
597 2685 648 2711 Pro
658 2685 757 2720 quibus
768 2685 896 2718 rescribo,

112 2727 156 2753 ἐπὶ
167 2728 232 2763 μιᾶς
244 2728 379 2763 πέμπτης.
392 2729 490 2762 Quinta
507 2730 579 2756 enim
601 2729 684 2756 editio
699 2729 856 2757 Jerichunte
871 2734 898 2757 In

113 2772 182 2800 dolio
198 2778 239 2801 est
254 2774 363 2801 inventa
376 2784 382 2801 π
394 2775 438 2801 cui
454 2775 504 2802 soli
521 2775 615 2802 titulus
630 2780 689 2803 erat
701 2776 745 2803 ille
759 2776 896 2810 prteiixus.

113 2818 175 2845 Illud
194 2826 277 2854 porro
287 2820 506 2848 consideratione
518 2821 629 2856 dignum
644 2825 696 2853 est.
711 2822 784 2856 quod
799 2823 834 2849 ab
848 2823 898 2848 lCu-

109 2864 186 2892 sabio
208 2869 269 2899 post
288 2865 332 2891 illa
348 2866 427 2892 verba
452 2867 605 2894 subtexitur
626 2877 632 2894 :
649 2867 756 2899 Ταύτας
771 2867 798 2893 δὲ
813 2868 897 2899 αὐτὰς

116 2911 161 2937 επὶ
178 2909 276 2938 ταυτὸν
299 2911 460 2945 συναγαγὼν
475 2913 592 2946 ἁπάσας,
605 2913 698 2942 δι;λ‹ἱ)ν
717 2922 744 2942 τε
764 2913 833 2948 πρὸς
846 2913 898 2939 κώ-

955 1775 1089 1811 Ἐὗραίων
1106 1778 1293 1811 σημειώσεως,
1309 1776 1343 1803 τὰ
1365 1775 1419 1802 τῶν
1431 1776 1584 1811 λεγομένων
1599 1779 1665 1812 ἡμῖν
1681 1779 1740 1811 Ἐξ-

949 1820 1042 1847 απλῶν
1057 1821 1211 1855 ἀντίγραφα.
1226 1821 1429 1848 καταλέλοιπεψ
1444 1821 1500 1848 Has
1512 1829 1601 1848 omnes
1612 1822 1694 1849 editio
1712 1832 1740 1851 es

951 1866 1029 1900 (quas
1047 1870 1149 1900 septem
1164 1868 1388 1900 enumeraverat)
1404 1867 1431 1893 in
1449 1874 1531 1893 unum
1551 1875 1640 1894 omnes
1656 1869 1740 1902 conji-

950 1910 1030 1941 cieus,
1045 1914 1069 1936 et
1080 1917 1126 1943 per
1137 1910 1273 1936 columnas
1285 1910 1414 1942 dividens,
1426 1918 1457 1937 ac
1475 1911 1525 1937 sibi
1540 1911 1649 1938 invitent
1662 1919 1740 1947 oppr»

950 1961 1024 1987 item,
1037 1962 1097 1980 cum
1120 1953 1253 1980 Ilebi'aica
1276 1954 1333 1987 ipsa
1347 1955 1542 1988 signiﬁcatione
1557 1955 1739 1991 Hexaplorum

950 1998 1023 2024 nobis
1049 1998 1211 2031 exemplaria
1235 1999 1350 2034 reliquit.
1368 1999 1474 2032 Quibus
1489 2008 1522 2027 ex
1541 2001 1631 2028 verbis
1653 2002 1741 2036 conji-

949 2050 1011 2069 cere
1025 2043 1097 2074 licet,
1109 2043 1226 2078 ἑϐδόμην
1241 2043 1326 2076 illam,
1341 2044 1363 2070 si
1381 2044 1461 2072 modo
1475 2045 1579 2080 integra
1596 2046 1675 2073 lectio
1686 2052 1738 2075 est.

951 2087 1111 2115 llebraicam
1122 2096 1182 2116 esse
1197 2089 1254 2116 suis
1267 2089 1365 2116 litteris
1375 2090 1570 2125 conscriptam,
1584 2091 1616 2118 ad
1628 2100 1710 2126 quam
1723 2094 1739 2128 ἠ

951 2134 1110 2168 σημειωσις,
1127 2134 1178 2161 hoc
1194 2139 1236 2162 est
1251 2135 1345 2162 eadem
1364 2134 1496 2162 llebraiea
1513 2135 1614 2164 Graecis
1629 2145 1740 2172 expreu

950 2187 980 2206 sa
996 2180 1104 2212 litteris,
1122 2181 1368 2215 accesserit.Atqui
1381 2181 1494 2215 Octapla
1505 2181 1562 2216 jam
1575 2186 1667 2214 erant,
1684 2191 1738 2210 non

953 2224 1085 2260 Ilexapla.
1101 2225 1143 2252 An
1166 2226 1282 2261 Octaplis
1298 2227 1364 2261 ipsis
1384 2225 1565 2261 llexaplorum
1580 2235 1678 2254 nomen
1695 2228 1738 2255 in-

950 2270 1036 2298 ditum
1050 2275 1104 2304 est,
1118 2275 1254 2306 quatenus
1269 2279 1316 2299 sex
1331 2271 1435 2299 Grmcis
1447 2272 1613 2300 editionibus
1628 2277 1739 2300 consta-

950 2315 1036 2342 bant?
1051 2314 1122 2343 Sane
1137 2316 1187 2343 hoc
1200 2317 1288 2351 ipsum
1306 2316 1404 2344 docere
1420 2321 1519 2351 praeter
1533 2317 1681 2345 Eusebium
1699 2319 1739 2345 vi-

950 2361 1030 2388 detur
1046 2361 1212 2396 Epiphanius
1234 2362 1330 2390 lueres.
1357 2362 1392 2389 64
1406 2362 1642 2397 Origenianorum,
1663 2372 1690 2390 η.
1711 2365 1745 2392 5.,

951 2405 1017 2433 Nam
1044 2407 1165 2441 Ilexapla
1188 2407 1255 2435 dicit
1281 2413 1379 2443 praeter
1392 2407 1501 2436 Graecas
1526 2409 1659 2437 editiones
1678 2418 1737 2444 sex,

950 2453 1097 2481 llebraicas
1113 2454 1240 2481 habuisse
1253 2455 1330 2485 duas.
1345 2454 1416 2481 ὥστε
1429 2453 1497 2481 εἶναι
1516 2456 1566 2491 τὴν
1579 2457 1669 2484 πᾶσαν
1683 2459 1739 2484 ﬂa-

949 2499 1028 2526 λαιὰν
1049 2500 1185 2536 Διαθήκην
1206 2500 1240 2527 δι’
1256 2500 1416 2533 Ἐξαπλῶν
1427 2501 1611 2537 καλουμένων,
1626 2503 1674 2530 καὶ
1696 2504 1740 2531 διὰ

949 2546 1004 2573 τῶν
1028 2546 1074 2573 δύο
1095 2546 1247 2582 Ἑϐραϊκῶν
1269 2547 1409 2582 ῥημάτων.
1426 2546 1497 2581 Lege
1513 2549 1644 2575 attentius
1666 2549 1738 2576 hunc

952 2592 1053 2618 locum.
1079 2591 1145 2618 Nam
1172 2591 1349 2626 llexaplorum
1380 2592 1587 2627 appellationem
1617 2593 1736 2629 Ortuplis

952 2637 1033 2664 etiam
1064 2637 1131 2671 ipsis
1157 2638 1365 2664 accommodare
1379 2638 1501 2669 videtur;
1526 2643 1554 2666 et
1580 2639 1689 2674 quidem
1712 2641 1737 2667 in

951 2686 1010 2709 toto
1025 2682 1121 2710 Vetere
1136 2682 1322 2715 Testamento,
1337 2683 1409 2718 quod
1426 2683 1460 2710 de
1473 2683 1607 2712 l’salterio
1626 2686 1684 2712 solo
1699 2689 1737 2711 te-

952 2731 1040 2755 statur
1054 2727 1196 2755 Eusebius.

986 2774 1067 2801 Μετίι
1091 2773 1213 2801 Γάλλον
1244 2774 1294 2800 καὶ
1333 2775 1569 2803 Οὐολουσιανόν.
1595 2775 1735 2802 Biennium

951 2820 1041 2847 caueri
1057 2819 1112 2847 fere
1130 2820 1183 2847 illis
1199 2820 1368 2853 attribuunt;
1385 2820 1543 2854 Eutropius.
1562 2819 1664 2850 Victor.
1680 2826 1734 2847 etc.

951 2866 1085 2893 Eusebius
1098 2873 1204 2892 menses
1219 2870 1348 2900 praeterea
1361 2875 1386 2893 tv
1403 2867 1430 2893 in
1449 2865 1551 2892 Chron.
1572 2866 1599 2892 In
1615 2865 1736 2892 Historia

952 2920 1014 2941 vero
1029 2920 1062 2939 ue
1083 2912 1217 2946 inzegrutu
1229 2911 1339 2946 quidem
1362 2911 1511 2938 biennium.
1528 2910 1562 2938 At
1581 2910 1608 2937 in
1626 2910 1734 2943 ΑιηιαΙ..
