1937 3039
192 203 245 232 553

745 201 856 229 APPFN
862 200 916 228 DIE
939 199 1104 228 DISSERTA
1110 200 1251 228 TIONUM.

1778 199 1836 226 πει

192 264 223 289 Α.
243 261 307 296 ἳῧϐ,
330 271 358 289 ιι.
379 262 424 293 55,
445 265 563 296 quatuor
581 260 752 294 imputantur
772 260 849 291 anni,
866 268 898 287 et
917 259 987 286 anti-

1041 259 1208 286 rrrtcntibus
1221 258 1329 293 imperii
1343 257 1423 284 annis
1437 257 1603 292 respondere
1618 256 1734 283 videtur.
1749 256 1831 289 Quod

192 308 255 342 quis
272 308 390 335 nummis
405 317 412 334 :
428 307 455 333 in
471 305 571 341 quibus
581 304 724 331 tribunitia
735 309 868 339 potestate
882 313 908 331 tv
921 303 988 330 Tre-

194 354 258 381 hon.
274 354 369 381 Gallus
387 353 495 386 legitur.
512 351 579 383 Qua:
604 350 745 377 tribunitia
769 353 890 384 potestas
907 349 988 376 toties

194 397 370 432 multiplicari
389 396 506 427 solebat,
523 400 589 430 quot
607 395 641 422 ad
655 395 798 430 imperium
814 398 987 422 accesserant

194 444 270 474 anni,
288 446 319 469 ut
342 446 460 469 testatur
483 441 541 468 Dio.
559 441 612 468 Sed
640 441 662 468 si
688 440 767 467 Gallo
790 447 823 466 ac
836 440 987 466 Volusiano

194 492 324 522 praeterea
346 487 485 513 biennium
503 487 686 521 arrogantium
704 489 757 517 cst,
772 493 918 513 cotnmunc
934 485 986 512 ltoc

194 534 254 560 istis
276 539 338 559 esse
363 539 425 558 cum
442 531 586 558 Valeriano
614 535 641 558 et
653 531 767 558 Galicno
793 531 872 558 debet
890 540 896 557 :
913 531 986 565 quod

194 578 293 604 mirum
317 581 360 604 est
372 576 406 602 ab
421 577 562 604 historicis
576 584 638 604 esse
651 577 864 604 dissimulatum.
883 576 938 604 Nec
955 577 986 603 il-

195 623 240 648 lud
258 622 361 652 nescio.
381 630 462 655 quam
487 622 568 649 fallax
593 623 753 657 plerumque
766 623 923 656 conjectura
939 623 986 649 illa

195 669 241 697 sit,
255 674 315 701 qua:
330 668 362 693 de
380 668 462 702 impp.
482 668 562 694 armis
571 675 603 693 ex
616 667 764 694 tribunitia:
779 668 920 701 potestatis
932 675 968 694 nu
978 682 985 687 -

194 720 271 739 tttero
293 712 411 746 capitur,
429 712 475 746 qui
493 711 520 738 in
537 711 720 738 marmoribus
734 716 781 737 aut
794 711 914 738 nutnmis
937 719 985 738 ex-

195 758 334 787 hibentur.
351 762 380 784 ιιι
397 758 423 783 in
439 756 535 783 Tacito
550 757 631 791 paulo
643 761 704 790 pest
730 761 755 782 et
766 756 837 783 Caro
849 761 985 783 monstra-

194 804 277 830 bitur.
302 803 460 830 Exstinctus
471 807 513 830 est
533 802 631 829 Decius
652 810 724 829 anno
740 803 842 830 Christi
868 803 932 833 252,
951 811 983 830 ex

193 857 248 884 quo
263 849 331 876 Galli
350 856 382 876 ac
397 848 540 876 Volusiani
557 849 665 876 initium
680 849 834 883 consurgit.

235 895 450 921 Ἐϐασίλευσεν
475 895 685 928 οὺαιλεριανός.
707 894 867 927 Quindecim
896 902 984 922 annos

193 939 329 968 Eusebius
345 941 371 967 in
389 940 521 968 Chronico
536 946 562 967 et
578 941 605 967 in
622 940 743 967 Historia
762 941 855 967 tribuit
869 950 876 968 ε
892 941 917 967 in
932 948 986 974 quo

192 990 307 1013 ctcteros
322 985 407 1013 ferme
425 986 621 1020 suifragatores
645 986 741 1017 habet;
763 994 824 1012 nam
842 985 987 1013 Valeriano

192 1039 219 1058 vi
236 1036 283 1058 aut
301 1039 348 1063 vn,
367 1031 482 1059 Galicno
497 1032 547 1059 soli
570 1039 618 1058 \‘lll
646 1032 687 1058 vel
713 1039 739 1058 ιιι
755 1032 918 1058 concedunt.
935 1032 987 1057 Iui<

193 1077 260 1103 tium
274 1075 411 1103 Valeriani
426 1080 453 1103 et
463 1076 568 1102 Galieni
581 1077 709 1103 convenit
720 1084 792 1104 anno
803 1077 904 1103 Christi
918 1076 985 1109 2254;

192 1123 284 1149 exitus
298 1130 371 1150 anno
392 1123 454 1149 263.
475 1122 542 1148 Nam
565 1130 599 1148 xv
616 1130 718 1149 aunutu
738 1121 868 1150 Galienus
887 1123 985 1157 attigit.

193 1166 295 1194 Tribus
313 1168 393 1194 annis
408 1168 500 1194 minus
515 1168 581 1194 dicit
599 1167 780 1202 Epiphaniﬂs.

234 1213 282 1239 Ἐν
295 1213 335 1246 τῷ
349 1213 444 1246 ἐνάτῳ
457 1212 513 1241 "Evr
532 1213 592 1240 ἔτει
612 1215 730 1240 τούτου.
752 1212 891 1241 Μθιιίρὶιαεί
910 1222 987 1247 gras-

193 1259 328 1286 salionem
351 1259 433 1285 variis
456 1259 536 1286 annis
554 1260 719 1293 consignant
742 1264 845 1286 veteres
860 1260 987 1288 chrono—

195 1305 260 1339 logi.
277 1304 373 1332 Noster
389 1305 432 1331 hic
452 1305 563 1339 quidem
579 1305 684 1331 Galicui
714 1313 788 1331 nono
810 1306 984 1333 collationetn

193 1351 268 1377 illam
282 1350 408 1377 Archelai
425 1358 488 1377 cum
500 1350 607 1378 Manete
623 1351 772 1386 contigisse
790 1352 897 1379 scribit.
912 1353 945 1380 At
958 1353 985 1380 in

194 1395 406 1422 litauit-lucorum
426 1395 533 1427 haeresi,
549 1403 622 1422 anno
632 1396 771 1423 Aureliani
784 1396 840 1424 lere
853 1405 888 1424 tv.
901 1397 985 1433 Vulgo

193 1450 267 1468 coss.
279 1441 367 1468 Probo
379 1449 409 1468 ac
417 1440 542 1474 Paulino,
552 1445 581 1468 ιιι
590 1441 688 1468 ibidem
704 1442 984 1471 latiusdisseruitnus.

229 1489 310 1515 Μετὰ
325 1488 528 1522 οὺαλεριανόν
545 1488 594 1514 καὶ
614 1488 777 1522 Γαλιηνόι·.
800 1488 861 1517 Haec
876 1498 907 1517 ex
930 1491 984 1517 Ett-

194 1535 280 1562 scbio.
300 1534 428 1570 Plerique
441 1542 528 1562 annos
543 1534 612 1561 duos
627 1544 634 1561 :
647 1542 716 1569 quos
736 1535 876 1564 absolutos
889 1537 983 1570 fuisse,

1038 309 1081 331 est
1106 305 1342 332 animadversione
1364 303 1486 338 dignum.
1508 302 1576 330 Vide
1603 303 1673 330 intra
1703 302 1731 329 in
1759 303 1834 330 Caro

1039 351 1212 385 imperatore.

1073 395 1154 422 Μετὰ
1168 395 1277 422 τοῦτον
1293 395 1474 422 ἐϐασίλευσε
1490 394 1611 428 Πρόϐος.
1632 393 1713 421 Probi
1730 393 1831 428 imper.

1038 441 1102 468 anni
1117 441 1198 476 paulo
1213 441 1369 469 accuratius
1384 440 1553 475 expendendi
1572 444 1645 468 sunt.
1660 439 1689 466 In
1706 440 1740 467 iis
1756 435 1833 467 enim

1037 487 1220 521 chronologite
1234 485 1397 514 Christianm
1414 486 1488 512 velut
1504 485 1587 512 cardo
1610 485 1721 519 qttidatu
1743 489 1832 511 verti-

1038 538 1099 565 tur;
1118 537 1201 567 atqtte
1221 540 1254 560 eo
1271 532 1380 560 domum
1398 531 1528 566 perducta
1545 531 1571 557 in
1589 530 1733 557 Annalium
1754 530 1835 557 libris

1036 585 1170 604 annorum
1186 578 1271 605 series
1287 577 1321 604 ab
1331 585 1425 604 errore
1440 577 1467 603 in
1483 577 1555 603 viam
1583 576 1663 610 longo
1680 576 1831 602 intervallo

1037 623 1186 650 reducitur.
1208 623 1376 650 Intellectum
1394 626 1437 648 est
1458 622 1591 648 hactenus
1610 629 1643 648 ex
1662 621 1697 648 iis
1711 628 1834 655 praescr-

1037 669 1096 699 tim,
1109 676 1171 703 qua:
1186 670 1218 696 de
1231 668 1318 694 Natali
1336 668 1437 695 Christi
1454 674 1527 694 anno
1545 666 1579 693 ad
1597 667 1661 693 liter.
1676 667 1706 693 5|
1728 674 1834 701 propo-

1037 714 1154 745 suimus,
1175 715 1330 748 complures
1346 713 1491 740 Annalium
1509 712 1667 740 conditores
1683 713 1709 739 in
1725 713 1833 739 Christi

1037 759 1118 786 annis
1131 767 1194 786 etim
1216 759 1339 786 Romana
1365 759 1406 786 vel
1421 758 1515 785 Grrcca
1536 759 1650 786 historia
1667 766 1834 793 comparan-

1035 807 1089 838 dis,
1105 807 1218 834 biennio
1239 807 1332 841 lapsos
1355 813 1435 838 esse;
1448 806 1517 832 alios
1530 814 1584 832 uno
1600 805 1731 831 duntaxat
1747 812 1833 831 anno.

1033 851 1114 884 Quod
1133 851 1235 877 idcirco
1248 850 1302 877 illis
1320 850 1432 881 accidit,
1447 849 1510 885 quia
1529 849 1713 876 Christianam
1735 856 1832 880 teram,

1036 905 1096 931 qum
1120 897 1146 924 in
1169 904 1272 923 annum
1289 904 1315 923 tv
1329 895 1437 931 Olymp.
1453 895 1514 928 194,
1532 894 1615 922 Urbis
1636 902 1700 921 vero
1719 894 1782 925 753.
1798 902 1832 921 ex

1042 942 1207 969 Varroniana
1235 942 1376 976 putatione
1400 941 1538 971 convenit,
1557 940 1590 967 ad
1616 947 1717 967 annum
1736 939 1833 977 Olym—

1039 987 1126 1022 piadis
1142 988 1215 1014 illius
1236 987 1386 1014 secundum
1412 986 1453 1013 vel
1480 986 1591 1013 tertium
1603 1006 1609 1017 ,
1626 985 1707 1012 Urbis
1725 985 1774 1011 75!
1789 985 1831 1011 vel

1039 1033 1090 1060 752
1105 1033 1295 1060 retrahendam
1309 1035 1449 1067 putarunt.
1465 1031 1534 1058 lline
1550 1031 1632 1058 unius
1657 1031 1698 1058 vel
1713 1030 1833 1057 dttorum

1038 1088 1172 1108 annorum
1191 1079 1440 1106 metachronismus
1461 1078 1680 1113 imprudentibus
1695 1077 1750 1105 illis
1765 1077 1831 1104 inci.

1037 1126 1093 1157 dit;
1108 1125 1180 1160 quod
1192 1133 1208 1152 e
1225 1125 1379 1152 cmlestinm
1395 1123 1617 1152 Observationum
1633 1130 1665 1151 ac
1692 1123 1832 1158 eyelorum

1037 1172 1167 1199 methodo
1197 1171 1273 1198 nttllo
1302 1172 1412 1205 negotio
1439 1169 1662 1204 deprehenditur.
1685 1167 1739 1196 Sed
1764 1176 1834 1204 quo-

1037 1218 1108 1244 niam
1120 1217 1271 1243 doctrinam
1285 1217 1364 1243 istam
1378 1216 1475 1250 partim
1485 1215 1622 1249 ignorant,
1636 1215 1736 1249 partim
1749 1215 1832 1241 etiam

1037 1266 1218 1289 contemnunt
1242 1261 1338 1295 aliqui.
1355 1265 1383 1287 et
1397 1259 1660 1295 opportunissimam
1685 1259 1726 1286 vel
1744 1259 1831 1287 errori

1036 1309 1077 1335 vel
1100 1308 1215 1334 inscitia:
1242 1307 1375 1334 latebram
1399 1306 1521 1341 praebent
1543 1305 1705 1333 Consulares
1722 1306 1831 1332 illorum

1038 1359 1190 1387 temporum
1217 1351 1305 1385 Fasti,
1324 1352 1371 1386 qui
1386 1359 1551 1386 magnopere
1566 1351 1663 1378 incerti
1678 1350 1834 1386 depravati-

1037 1407 1090 1434 qtte
1106 1403 1180 1429 sunt.
1197 1403 1280 1433 atque
1293 1405 1307 1424 a
1325 1406 1355 1425 se
1369 1402 1466 1424 mutuo
1482 1396 1659 1428 dissentiunt,
1675 1403 1730 1422 non
1755 1396 1831 1430 prius

1037 1445 1146 1479 agnitus
1170 1448 1212 1472 est
1236 1451 1329 1475 error,
1343 1451 1424 1478 quam
1450 1443 1483 1470 ad
1508 1443 1643 1478 insignem
1671 1442 1791 1477 aliquam
1807 1446 1834 1468 et

1037 1491 1169 1517 illustrem
1190 1490 1323 1525 epoeham
1348 1493 1510 1524 perventum
1533 1494 1587 1521 est,
1602 1495 1663 1523 quae
1682 1494 1787 1515 eertum
1802 1495 1834 1514 ac

1037 1535 1177 1562 deﬁnitum
1193 1534 1367 1561 intervallum
1385 1532 1535 1560 clauderet.
1553 1532 1694 1567 Ejusmodi
1710 1537 1752 1559 est
1771 1532 1832 1558 Dio-

195 1583 230 1608 ita
256 1586 283 1608 ut
308 1582 416 1608 tertium
441 1581 548 1610 inierit.
570 1581 739 1608 demonstrat
760 1581 904 1610 Baronius.
936 1584 1025 1618 Nec-(3
1045 1580 1152 1607 t‘letiani
1169 1579 1361 1615 primordium,
1379 1579 1451 1613 quod
1475 1586 1549 1605 anno
1574 1585 1634 1605 tera:
1661 1577 1832 1613 Dionysianm

195 1627 309 1654 tttttltum
322 1634 478 1660 repugnent.
488 1625 577 1660 Cmpit
587 1626 718 1653 Claudius
727 1634 799 1653 anno
809 1627 909 1655 Christi
922 1629 985 1660 968.

194 1673 268 1699 circa
286 1680 311 1699 ix
330 1671 390 1698 Kal.
407 1672 486 1707 Aph,
502 1675 532 1698 ut
546 1671 648 1699 indicat
660 1671 823 1700 Trebellius.
841 1673 925 1702 Desiit
939 1683 987 1702 au-

195 1725 232 1745 no
244 1718 308 1745 270.

233 1763 343 1791 Τοῦτον
358 1762 526 1798 διαδέχεται
543 1764 741 1798 Αῠρηλιανός.
753 1764 935 1793 Consentium
960 1767 987 1794 in

195 1811 268 1838 hunc
281 1818 417 1837 annorum
444 1819 589 1838 numerqu
607 1815 705 1846 prteter
723 1811 870 1839 Eusebium
888 1812 989 1840 Eutro-

195 1857 267 1891 pius.
276 1856 379 1888 Victor,
391 1857 584 1889 CaSsiodorus,
596 1862 649 1884 etc.
666 1857 748 1885 Solus
764 1858 908 1884 Annalium
922 1867 991 1886 con—

194 1903 268 1930 ditor
289 1910 377 1930 annos
401 1911 438 1930 vn
463 1903 607 1935 attribuit;
627 1903 698 1938 quod
723 1903 750 1930 in
773 1911 885 1930 nummo
900 1910 990 1932 vetere

195 1949 298 1983 septies
315 1949 459 1976 tribunitia
475 1953 595 1983 potestas
611 1949 758 1984 allingitnr.
773 1949 826 1976 Sed
850 1950 991 1977 nihilomi-

195 2003 250 2023 nus
265 1995 421 2022 communis
439 1994 581 2022 sententia:
598 1995 719 2021 nondum
734 2003 777 2022 me
790 1995 911 2029 poenitet.
931 1995 992 2021 Cm-

195 2039 267 2074 perit
287 2039 452 2066 Aurelianus
476 2046 547 2065 anno
572 2039 636 2070 270,
653 2038 803 2067 Februario
820 2048 923 2072 mense,
941 2040 991 2066 hoc

195 2089 238 2112 est
255 2093 272 2112 ι
287 2083 348 2112 Kal.
369 2084 462 2115 Mart.,
488 2088 517 2111 ιιι
541 2093 573 2112 ex
592 2085 710 2120 Vopisco
737 2085 821 2113 refert
836 2085 989 2119 Onul'ritts;

197 2129 281 2164 periit
296 2137 369 2157 anno
383 2130 447 2160 275,
463 2129 516 2157 sub
538 2130 609 2157 idem
626 2130 682 2158 lere
706 2137 830 2166 tempus;
850 2139 912 2158 nam
931 2136 992 2166 post

196 2177 258 2209 ejus
272 2176 377 2202 obitutn
390 2176 576 2211 interregnum
593 2176 645 2203 fuit
657 2185 704 2203 scit
720 2178 867 2209 mensium.
878 2182 992 2205 auctore

197 2223 316 2257 \‘opisco
331 2230 363 2250 ac
376 2223 494 2254 Victore,
511 2222 544 2249 ad
570 2230 606 2249 ru
621 2222 681 2249 Kal.
703 2224 774 2254 ()ct.,
792 2231 847 2258 quo
871 2227 993 2258 tempore

1038 1627 1091 1654 ‘281
1108 1627 1242 1661 congruit.
1259 1625 1329 1652 Tum
1344 1625 1545 1658 Valentiniani;
1563 1633 1642 1660 quem
1657 1632 1728 1652 anno
1743 1624 1834 1652 bisox—

1040 1674 1091 1703 tili.
1112 1674 1164 1700 hoc
1180 1677 1222 1700 est
1237 1673 1300 1704 564,
1318 1672 1412 1700 iniisse
1424 1676 1541 1699 constat.
1551 1672 1618 1699 Cum
1636 1671 1719 1706 igitur
1731 1671 1765 1696 all
1781 1671 1832 1697 ini-

1041 1719 1078 1744 tio
1096 1719 1153 1750 illo,
1170 1718 1242 1752 quod
1260 1717 1311 1744 sibi
1329 1717 1373 1744 isti
1390 1717 1572 1752 prmlixerant,
1591 1716 1719 1743 nimirum
1737 1716 1772 1742 ab
1787 1723 1833 1742 an-

1040 1773 1076 1791 no
1093 1773 1110 1791 ll
1128 1763 1236 1799 Olymp.
1255 1763 1316 1795 l9l,
1336 1764 1413 1798 cyclo
1441 1763 1513 1790 lunae
1535 1769 1614 1793 xvut,
1637 1762 1704 1790 solis
1728 1770 1783 1793 vti,
1801 1761 1832 1787 ad

1040 1811 1147 1838 initium
1166 1809 1338 1840 Diocletiani,
1353 1809 1397 1836 cui
1420 1809 1514 1844 cyelns
1541 1809 1611 1836 lunae
1628 1816 1685 1840 χιιι,
1702 1808 1772 1835 solis
1786 1815 1832 1833 xtn

1040 1856 1182 1890 competit.
1199 1855 1334 1889 interjecti
1351 1861 1413 1882 esse
1428 1854 1546 1881 debeant
1562 1853 1625 1880 anni
1637 1853 1701 1885 286,
1716 1854 1758 1880 vel
1782 1860 1833 1879 ttuo

1041 1902 1196 1937 pauciores,
1218 1901 1253 1927 ab
1270 1907 1343 1926 anno
1358 1907 1386 1926 nt
1403 1898 1509 1934 Olymp.
1524 1899 1658 1933 ejusdem,
1671 1899 1748 1934 eyrlo
1765 1898 1833 1925 luna:

1042 1955 1098 1976 MK.
1117 1946 1185 1974 solis
1201 1953 1261 1976 vni.
1281 1950 1313 1972 ut
1336 1953 1397 1972 cum
1417 1943 1582 1980 Dionysiaua
1608 1951 1663 1971 tera
1690 1944 1833 1971 chronoloo

1040 1994 1112 2028 giam
1139 2000 1217 2020 suain
1241 1991 1391 2018 conciliare
1415 1995 1537 2025 possent,
1554 1990 1649 2026 utique
1671 1990 1832 2018 Diocletiani

1042 2039 1146 2073 primus
1164 2039 1190 2064 in
1207 2045 1309 2064 annum
1334 2044 1395 2063 terte
1420 2044 1476 2064 suae
1498 2036 1661 2064 Christianae
1674 2036 1728 2064 εει
1754 2036 1832 2064 cade-

1042 2088 1100 2115 ret;
1116 2090 1199 2110 untttn
1215 2087 1260 2109 aut
1276 2082 1391 2109 alterunt
1416 2089 1530 2113 atmtttn,
1549 2081 1716 2116 totidemque
1741 2089 1834 2109 consu-

1042 2130 1147 2156 latuum
1175 2129 1251 2163 paria
1281 2127 1472 2159 sustulerunt;
1495 2128 1578 2162 qttod,
1600 2132 1630 2154 ut
1652 2127 1784 2158 diximus,
1808 2127 1832 2154 in

1043 2175 1088 2201 illa
1105 2174 1170 2200 liece
1185 2172 1300 2199 Romani
1317 2172 1423 2207 imperii
1440 2172 1551 2206 impune
1568 2176 1677 2206 propter
1692 2171 1832 2198 Annalium

1045 2218 1266 2254 pertutbationes
1284 2217 1373 2244 lacere
1389 2218 1476 2244 licuit.
1496 2218 1584 2252 Atque
1607 2218 1677 2245 hanc
1701 2225 1832 2244 annorum

196 2269 363 2304 subrogatus
383 2273 426 2296 est
440 2277 455 2295 a
476 2273 572 2296 senatu
590 2267 713 2296 Tacitus.
732 2269 771 2295 Ita
787 2273 895 2296 sextum
908 2269 987 2304 impc-

1041 2265 1177 2299 jacturam
1203 2263 1346 2298 labemque
1364 2262 1470 2290 Probus
1492 2263 1640 2296 imperator
1659 2262 1738 2290 facile
1756 2263 1834 2290 susti-

198 2315 231 2341 rii
247 2322 349 2342 annum
365 2314 459 2341 leviter
474 2314 563 2349 attigit
592 2313 705 2341 Veteres
727 2314 921 2348 inscriptiones
937 2322 990 2341 non

197 2361 317 2395 amplius
332 2367 413 2395 quam
427 2369 442 2387 v
457 2359 615 2387 tribunitias
636 2362 786 2393 potestates
803 2359 937 2386 referunt.

234 2407 315 2434 Μετὰ
342 2406 450 2434 τοῦτον
475 2406 657 2432 ἐϐασίλευσε
686 2405 817 2438 Τάκιτος.
853 2404 905 2431 Set
933 2405 992 2433 illos

199 2461 309 2481 menses
335 2453 395 2480 iniit
414 2461 446 2480 ex
471 2454 502 2479 Δ.
518 2452 549 2478 D.
565 2461 602 2478 vit
618 2451 676 2477 Kal.
697 2451 757 2478 Oet.
775 2451 839 2477 anni
854 2451 917 2482 275,
932 2459 993 2486 pcr-

197 2498 333 2534 duxitqne
346 2498 380 2525 ad
395 2498 514 2532 Aprilem
535 2497 599 2524 anni
618 2496 681 2523 276.
696 2497 778 2531 Atqui
797 2497 824 2523 in
840 2496 995 2531 inscriptio-

199 2546 282 2573 nibus
297 2544 417 2575 Gruteri.
428 2551 490 2578 pag.
509 2543 573 2574 277,
581 2546 672 2570 exstat
687 2550 750 2574 una,
763 2550 824 2576 qua:
839 2541 936 2570 Tacito
951 2542 995 2569 tri-

199 2591 320 2618 bunitias
339 2593 487 2625 potestates
514 2596 532 2616 ιι
561 2592 678 2623 arrogat.
694 2588 750 2615 Non
768 2588 850 2623 igitur
863 2596 895 2615 ex
912 2588 995 2614 tribu-

200 2638 274 2664 nitim
282 2635 425 2670 potestatis
436 2635 665 2670 tutntcroimpcrii
675 2638 781 2669 tempus
791 2635 993 2662 :cstimandnm.

200 2682 233 2710 Et
251 2685 380 2716 apparet.
401 2681 453 2708 nisi
469 2680 638 2707 tribunitiam
651 2684 812 2715 potestatem
834 2683 897 2706 ante
911 2680 996 2714 impc—

202 2728 272 2754 riutu
294 2732 391 2754 nacttts
412 2726 448 2754 sit
465 2725 588 2758 Tacitus,
605 2725 676 2752 hanc
696 2725 733 2752 illi
749 2725 914 2760 geminatam
934 2731 996 2752 esse

202 2772 426 2801 iucnntcluliano
433 2780 515 2803 anno,
523 2779 555 2799 ac
566 2779 637 2800 nono
643 2772 797 2802 consulatu,
808 2770 876 2798 adeo
884 2775 914 2798 ut
922 2770 997 2805 prior

203 2819 348 2848 tribunitia
361 2823 483 2854 potestas
497 2822 554 2845 tres
568 2818 701 2844 duntaxat
716 2823 822 2843 menses
834 2815 974 2850 occuparit
989 2823 995 2842 :

202 2864 275 2900 quod
294 2869 386 2892 utrum
413 2865 439 2892 itt
463 2865 524 2892 aliis
540 2864 694 2891 factitatum
724 2863 858 2890 aliirmarc
875 2862 995 2888 nondum

203 2908 299 2935 audeo.
317 2908 389 2936 Siue
402 2909 545 2944 potestatis
559 2908 639 2936 istius
655 2907 778 2942 l‘t‘p‘.‘lltl0
795 2914 849 2934 non
865 2908 996 2940 perpetuo

1043 2311 1120 2343 nuit;
1143 2310 1178 2336 de
1200 2309 1280 2344 cujus
1300 2309 1407 2343 imperii
1427 2313 1547 2343 tempore
1568 2309 1698 2335 nonnulla
1715 2313 1757 2336 cst
1770 2310 1834 2335 inter

1043 2355 1188 2391 primarius
1201 2359 1328 2382 auctores
1341 2354 1400 2381 diss
1412 2354 1481 2381 'nsio
1497 2363 1504 2380 :
1520 2361 1583 2380 nam
1601 2353 1738 2389 Vopiscus
1751 2361 1834 2381 annos

1044 2403 1082 2429 illi
1098 2410 1112 2428 v
1127 2401 1262 2429 duntaxat
1279 2400 1420 2432 attribuit;
1436 2399 1525 2426 cteteri
1547 2407 1574 2426 vt
1596 2404 1648 2426 aut
1659 2407 1715 2431 vit;
1730 2400 1782 2427 hoc
1795 2403 1834 2426 est
1868 2427 1872 2430 ,

1045 2455 1133 2475 annos
1155 2447 1259 2474 solidos
1279 2454 1316 2478 vr,
1330 2450 1357 2473 et
1379 2453 1487 2473 menses
1505 2453 1540 2472 tv.
1560 2445 1597 2472 lta
1619 2444 1778 2479 Eutropius,
1794 2444 1834 2471 Vi-

1044 2499 1114 2526 ctor,
1131 2492 1266 2520 Eusebius
1286 2497 1314 2519 et
1341 2499 1374 2519 ex
1394 2491 1512 2519 Eusebio
1534 2496 1629 2518 noster
1646 2500 1651 2517 :
1666 2491 1792 2519 Julianus
1810 2491 1833 2518 itt

1045 2539 1208 2570 Caesaribus,
1227 2537 1421 2569 Cassiodorus.
1445 2537 1490 2564 alii
1509 2536 1594 2564 ferme
1617 2545 1726 2569 omnes,
1741 2540 1834 2572 praeter

1047 2591 1131 2611 unum
1141 2583 1302 2618 Vopiscum.
1315 2583 1499 2616 Quamobrem
1512 2583 1558 2618 qui
1569 2590 1639 2611 suos
1653 2583 1770 2610 Annales
1785 2590 1834 2609 tino

1047 2638 1120 2657 anno
1137 2630 1177 2657 vel
1196 2629 1307 2657 biennio
1327 2629 1460 2657 hactenus
1474 2633 1688 2661 anteverterant,
1711 2628 1834 2656 detractis

1047 2676 1158 2703 totidem
1184 2685 1218 2703 ex
1244 2676 1360 2711 itnperio
1387 2675 1478 2707 Probi,
1506 2683 1569 2702 cttm
1594 2675 1760 2710 Dionysiana
1785 2682 1833 2701 tera

1047 2722 1176 2756 deinceps
1200 2722 1276 2757 paria
1301 2721 1434 2749 fecerunt.
1449 2721 1591 2756 Augustus
1610 2720 1760 2754 imperator
1772 2720 1833 2746 obiit

1047 2768 1155 2795 duobus
1165 2767 1256 2796 Sextis
1271 2775 1357 2799 coss.,
1371 2772 1399 2794 ut
1416 2773 1512 2794 auctor
1530 2771 1572 2794 est
1585 2765 1733 2793 Suetonius
1743 2771 1770 2793 et
1780 2765 1831 2792 Dio.

1048 2813 1152 2841 llorum
1167 2822 1232 2841 vero
1249 2814 1420 2846 consulatus,
1435 2818 1465 2840 ut
1489 2817 1516 2840 et
1539 2820 1615 2840 mors
1629 2811 1754 2846 Augusti,
1772 2819 1833 2839 con-

1048 2859 1122 2894 gruit
1140 2867 1212 2886 anno
1227 2858 1337 2886 Iuliano
1352 2858 1397 2891 59,
1418 2857 1593 2893 Dionysianaa
1607 2863 1668 2884 ante
1681 2862 1724 2883 xw
1743 2866 1750 2883 2
1766 2854 1832 2891 quod

1049 2905 1116 2933 solis
1126 2905 1235 2940 eclipsis
1249 2904 1360 2938 indicat,
1378 2912 1438 2940 qua:
1450 2905 1503 2932 sub
1521 2903 1581 2939 ejus
1596 2906 1712 2930 mortem
1727 2901 1829 2930 accidit'
