1937 3039
107 155 169 183 569

604 156 648 184 DE
667 155 887 186 ROMANORUM
903 157 995 186 ΙΜΡΡ.
1016 158 1271 187 CllllONOLOGlA.

1696 162 1749 191 570

105 214 203 247 putem
223 217 282 246 post
304 212 406 240 obitum
430 213 516 247 patris
540 221 591 241 non
613 214 759 242 extulerit?
776 213 860 250 igitur
877 214 911 241 ab
927 216 948 244 A
964 215 1096 244 Varronis
1111 221 1138 243 et
1159 216 1290 252 Scaligeri
1306 217 1451 249 sententia,
1469 221 1512 246 est
1526 226 1584 253 per.
1597 218 1651 248 Jul.
1669 220 1749 254 5961,

104 267 169 286 uno
197 264 303 286 tantum
319 258 422 286 Carino
440 260 520 286 datos
542 260 605 288 illos
635 269 698 288 esse
715 261 795 288 ludos
812 261 908 288 existi-

103 310 178 333 mat.
192 307 234 332 Ad
250 306 305 333 lucc
321 298 460 340 Olympius
478 305 651 334 Nemcsianus
667 307 739 334 dicat
752 307 909 342 Cynegetica

102 360 160 379 sua
177 351 358 386 Carino,jam
371 357 447 386 patre
462 351 532 379 Caro
548 357 662 385 mortuo,
681 358 709 379 ut
724 353 832 387 ipsemet
851 362 909 380 ver-

105 397 189 424 sibus
203 399 259 424 suis
285 398 399 424 indicat.
432 397 537 425 Virente
560 404 648 425 autent
669 398 834 426 Numeriano
853 399 908 426 lucc

101 443 203 470 cadent
215 451 242 470 se
256 444 396 477 scripsisse
410 443 553 478 signiﬁcat.
566 443 629 472 Hmc
645 445 777 480 Scaliger.
794 445 832 473 Ex
847 446 908 481 qui-

108 489 170 516 bus
188 490 328 525 suspicer,
349 489 544 518 Numerianum
564 495 625 525 post
644 491 706 518 Cari
724 496 839 519 mortem
856 493 906 519 ali-

100 539 178 570 quot
198 536 342 562 mensibus
358 535 530 570 superfuisse
553 536 586 563 ad
605 537 724 571 Aprilem
746 538 810 564 anni
834 538 904 572 281,

100 588 165 615 quo
199 581 344 608 intervallo
386 582 532 617 imperium
560 590 622 609 eum
652 583 736 610 fratre
765 585 904 612 tenuerit:

99 626 233 662 adeoque
257 628 430 654 celeberrimi
460 628 499 655 illi
527 628 583 656 ludi
611 629 758 665 utriusque
784 631 903 663 nomine,

99 673 224 701 absente
256 674 320 701 licet
356 675 465 706 altero,
492 679 558 702 sunt
586 676 711 703 exhibiti.
741 677 903 712 Quanquam

100 719 220 746 tametsi
246 719 423 754 paucissimis
438 719 536 748 diebus
559 725 621 755 post
644 722 704 748 Cari
730 730 823 750 necem
846 722 904 750 Nu-

100 765 250 792 merianus
267 765 394 796 vixisset,
410 769 558 801 utrumque
572 767 731 801 contingere
746 768 854 802 potuit,
873 773 903 795 ut

99 814 130 837 et
147 810 208 837 ludi
230 811 257 837 in
284 810 345 837 illos
363 811 438 845 ipsos
452 811 510 839 dies
529 811 690 843 inciderent,
714 819 741 840 et
758 814 792 839 ab
809 814 903 840 ambo-

102 856 159 884 bus
174 856 334 888 ederentur,
352 864 383 883 ac
398 857 562 892 (Iynegctica
579 865 628 885 sua
645 858 745 885 Carino
764 859 902 886 Nemesin-

100 910 157 930 nus
175 902 355 930 inscriberet.
387 902 479 935 Quare
499 903 562 938 quis
590 903 699 931 demum
724 904 900 932 admirationi

99 953 188 976 tantae
206 949 284 977 locus
302 949 394 981 fuerit,
417 957 471 976 non
493 950 583 978 video.
603 949 698 977 Utrum
715 951 801 981 malit,
820 952 901 986 eligat

101 995 212 1028 lector;
242 995 300 1023 sive
327 996 426 1022 Carum
456 996 573 1023 alterum
602 997 708 1031 imperii
737 1005 838 1024 annum
858 999 900 1025 in-

98 1040 232 1073 choasse,
256 1045 284 1068 et
306 1049 321 1067 a
337 1041 484 1068 Novembri
509 1042 574 1069 anui
600 1041 653 1069 282
679 1043 711 1069 ad
737 1042 898 1070 Januarium

98 1086 141 1113 vel
159 1085 343 1113 Februarium
373 1087 437 1113 anni
461 1087 516 1114 281
541 1087 685 1122 imperium
713 1095 897 1123 prorogasse:

99 1131 183 1159 ludos
207 1140 272 1159 vero
293 1137 437 1166 appetente
462 1140 534 1164 vere,
555 1137 620 1168 puta
646 1133 754 1164 Martio,
781 1134 898 1162 indictos

97 1185 181 1210 esse;
202 1178 260 1205 sive
276 1177 379 1204 Carum
398 1186 471 1205 anno
492 1178 546 1206 285
565 1179 621 1213 jam
641 1184 757 1207 exeunte
775 1188 874 1208 ciosum
889 1200 896 1212 ,

98 1223 299 1250 Numerianum
319 1232 383 1250 vero
399 1232 509 1251 menses
534 1225 639 1259 aliquot
661 1225 823 1259 imperasse.
845 1224 897 1253 Po-

101 1275 207 1295 stremo
233 1268 352 1295 Carinus
380 1274 440 1303 post
477 1270 599 1304 parentis
623 1274 649 1296 et
672 1269 765 1297 fratris
790 1271 895 1298 obitum

98 1319 204 1339 annum
232 1321 317 1340 unum
338 1318 385 1340 aut
416 1315 533 1341 alterum
558 1319 699 1348 superstes
725 1315 792 1347 fuit;
819 1316 894 1343 occi-

97 1366 205 1394 susque
222 1363 265 1386 est
286 1367 300 1386 a
326 1359 508 1392 Diocletiano,
534 1364 564 1387 ut
585 1359 700 1388 Onufrio
715 1362 814 1396 placet,
833 1361 896 1389 Dio-

97 1404 220 1432 cletiano
238 1405 256 1431 ll
274 1409 301 1432 et
315 1406 475 1433 Aristobulo
504 1413 577 1433 coss.
602 1407 653 1433 Alii
668 1408 792 1442 sequenti
810 1416 893 1440 anno,

100 1450 220 1478 Maximo
237 1456 264 1478 et
276 1452 405 1486 Aquilino
421 1461 494 1480 coss.
512 1453 538 1479 id
556 1454 711 1487 assignant.

137 1497 219 1524 Μετὰ
235 1497 344 1524 τοῦτον
356 1499 580 1532 Διοκλητιανός.
599 1498 672 1525 Nihil
690 1503 731 1527 est
747 1500 892 1532 illustrius,

101 1543 168 1569 nihil
184 1543 321 1578 insignius
349 1551 405 1571 tera
428 1544 486 1571 sive
510 1545 589 1571 initio
619 1544 790 1578 Diocletiani,
808 1553 893 1580 aquo

100 1589 252 1616 Christiani
280 1593 388 1617 veteres
415 1594 539 1625 tempora
559 1598 608 1618 sua
634 1595 795 1626 computare
820 1593 893 1619 sole-

101 1636 175 1667 bant,
192 1637 351 1671 priusquam
372 1636 539 1672 Dionysiana
561 1645 614 1664 mra
637 1638 709 1664 illam
726 1638 893 1665 excluderet.

101 1680 133 1708 Et
155 1685 248 1709 tamen
275 1682 437 1710 incredibile
461 1683 537 1709 dictu
565 1686 618 1715 est,
649 1688 783 1718 quantum
809 1685 836 1710 in
862 1692 895 1712 ea

100 1727 275 1755 conﬂictatus
313 1728 348 1755 sit
372 1727 506 1763 Scaliger,
535 1736 673 1763 quamque
700 1729 829 1764 perplexe
862 1738 895 1757 ac

101 1773 214 1801 confuse
237 1773 270 1802 de
292 1782 323 1801 ea
348 1774 489 1809 scripserit
504 1784 510 1802 :
524 1775 592 1802 adeo
608 1779 637 1802 ut
654 1783 687 1803 ne
708 1776 765 1810 ipse
783 1777 893 1811 quidem

100 1814 225 1846 videatur
238 1819 406 1846 intellexisse
418 1828 478 1854 qtne
489 1820 600 1848 diceret.
618 1820 685 1848 Nam
707 1822 794 1849 tribus
808 1823 892 1854 locis,

100 1865 150 1892 hoc
171 1870 214 1893 cst
237 1866 283 1892 lib.
302 1874 319 1892 v
340 1866 377 1893 De
395 1867 514 1893 emendat
535 1872 612 1901 temp.
636 1872 662 1894 et
690 1868 715 1894 in
735 1868 893 1895 Ettsebianis

100 1912 386 1944 11niuuuluersionibus,
409 1921 440 1939 ac
456 1919 594 1948 postremo
609 1914 655 1940 lib.
672 1921 701 1940 ιιι
723 1909 796 1949 [sat].
811 1923 884 1947 can.,

100 1956 149 1982 tria
175 1957 282 1983 divursa
309 1962 431 1992 tempora
454 1957 625 1992 designavit,
649 1967 737 1994 eaque
761 1959 794 1985 ad
818 1959 891 1986 illam

100 2002 231 2036 epoclzam
260 2003 455 2030 illustrandam
486 2004 594 2035 attulit,
631 2011 692 2039 qute
718 2003 891 2031 incertiorem

101 2057 179 2083 quam
195 2054 274 2075 antea
291 2049 419 2076 lectorem
435 2049 615 2077 dimitterent.

135 2094 255 2122 Primum
273 2096 344 2122 cnim
362 2095 408 2122 lib.
429 2095 465 2122 De
486 2095 600 2129 emendi,
624 2104 650 2128 ν,
677 2104 737 2131 pag.
750 2096 812 2127 466,
829 2095 892 2122 Dio-

101 2139 209 2166 cletiani
225 2139 406 2173 primordium
423 2140 535 2173 coniicit
551 2140 578 2166 in
592 2148 694 2167 amnnn
712 2141 815 2167 Christi
826 2141 889 2168 287.

102 2183 152 2210 Sed
176 2183 230 2209 alia
257 2184 381 2218 quicdam
407 2183 492 2215 addit,
518 2192 579 2220 quas
600 2185 665 2212 huic
681 2185 732 2220 ipsi
750 2187 892 2215 sententia:

960 262 1039 297 cyclo
1066 263 1136 288 lun:c
1161 270 1207 292 ix;
1235 269 1324 289 annus
1346 270 1410 290 vero
1432 262 1533 290 Christi
1555 264 1607 291 287
1632 269 1674 292 est
1691 274 1748 300 per.

959 306 1013 334 Jul.
1031 307 1111 339 5000,
1128 307 1206 343 cyclo
1227 307 1299 334 lunae
1320 315 1360 334 ιιι.
1379 307 1420 334 Ab
1438 315 1511 335 anno
1534 309 1599 338 5961
1618 310 1651 336 ad
1669 310 1748 342 5000,

960 360 1015 380 non
1043 354 1138 388 plures
1160 360 1242 388 quam
1268 353 1332 380 anni
1362 353 1430 380 10.10
1450 363 1456 380 :
1475 354 1512 380 ita
1538 359 1565 381 ut
1589 355 1749 384 millesimus

958 400 1187 434 quadragesimus
1212 399 1305 426 inierit
1318 407 1333 426 a
1348 399 1480 426 Palilibus
1496 401 1559 426 anni
1576 401 1678 434 periodi
1693 401 1748 430 Jul.

958 446 1038 478 5000,
1056 445 1157 472 Christi
1173 445 1237 472 287.
1255 445 1314 472 Non
1330 445 1413 479 igitur
1429 445 1474 472 hic
1489 450 1548 472 erat
1566 446 1644 473 1041.
1677 446 1750 475 Prag-

960 495 1034 519 terea
1054 499 1104 518 nec
1120 491 1187 518 illud
1205 499 1296 518 verum
1312 495 1365 523 est,
1383 499 1484 518 annum
1502 491 1583 519 Urbis
1598 491 1748 521 Varronia-

957 546 1022 565 num
1050 538 1116 565 1011
1144 546 1205 565 cum
1232 546 1304 564 anno
1333 538 1456 565 secundo
1480 538 1588 573 ()lymp.
1608 538 1661 566 266
1682 547 1749 567 con-

957 590 1080 610 currere.
1107 582 1204 610 Annus
1230 582 1312 610 Urbis
1339 583 1403 610 1041
1434 586 1476 610 est
1501 591 1559 618 per.
1586 583 1640 611 Jul.
1666 585 1747 616 5001,

956 628 1093 663 cmpitque
1116 635 1189 655 anno
1212 628 1316 655 Christi
1343 628 1407 660 288,
1423 635 1478 662 quo
1493 628 1575 656 desiit
1592 637 1680 657 anuus
1696 634 1749 656 ter-

956 675 1011 703 tius
1034 675 1143 710 Olymp.
1168 674 1233 706 266,
1256 680 1282 702 et
1298 679 1414 709 quartus
1434 675 1504 701 iniit.
1522 674 1746 710 Quandoquidem

954 729 987 748 ex
1005 721 1139 756 Scaligcri
1164 721 1300 748 sententia
1323 721 1429 756 primus
1448 728 1537 749 annus
1555 721 1633 756 iphiti
1651 721 1747 750 incidit

954 766 983 793 in
1007 774 1110 793 annum
1138 766 1242 801 periodi
1265 765 1319 793 Jul.
1347 766 1428 794 3958.
1445 765 1524 794 Unde
1539 766 1619 798 1062,
1638 767 1690 794 hoc
1704 772 1747 794 est

954 810 1094 838 secundus
1121 809 1229 845 Olymp.
1251 811 1315 842 266,
1343 811 1426 845 empit
1457 818 1530 838 anno
1562 811 1667 846 periodi
1690 811 1744 838 Jul.

953 857 1033 884 4999.
1061 856 1199 884 Eusebius
1221 860 1311 883 autem
1330 864 1431 883 annum
1449 857 1569 891 primum
1586 857 1745 884 Diocletiani

952 910 1014 929 cum
1039 901 1209 938 Olympiadis
1237 902 1290 928 266
1316 909 1389 929 anno
1412 903 1512 936 primo,
1529 910 1585 930 non
1610 903 1744 936 secundo,

952 948 1096 983 componit
1122 947 1148 975 in
1171 947 1294 975 editione
1318 948 1376 983 ipsa
1402 948 1543 983 Scaligeri,
1563 953 1616 975 tam
1634 949 1742 982 Latina,

953 1002 1034 1029 quam
1046 993 1151 1021 Graeca.
1167 993 1215 1020 llic
1231 994 1314 1028 igitur
1331 994 1415 1021 multa
1430 998 1494 1021 sunt
1509 993 1626 1021 hominis
1640 998 1740 1022 errata.

949 1040 1004 1067 Nec
1029 1040 1167 1074 pauciora,
1184 1044 1231 1066 aut
1250 1040 1351 1066 leviora
1372 1043 1446 1070 sunt,
1462 1046 1522 1074 quae
1538 1039 1564 1066 in
1583 1039 1742 1067 Euscbianis

949 1086 1230 1113 Animadversionibus
1246 1086 1278 1112 ad
1296 1093 1399 1112 annum
1414 1086 1482 1112 2501
1507 1086 1656 1114 commisit.
1674 1085 1742 1112 Nam

949 1141 1010 1160 cum
1022 1133 1155 1160 Eusebius
1169 1139 1241 1159 anno
1255 1132 1403 1159 Abrahami
1420 1131 1488 1158 2501
1509 1131 1677 1166 Olympiadis
1689 1131 1742 1158 266

949 1179 1047 1213 primo,
1060 1178 1222 1205 Diocletiani
1239 1178 1420 1213 primordium
1435 1177 1577 1206 allixissct.
1590 1177 1742 1204 metachro-

950 1225 1069 1251 nismum
1089 1224 1134 1251 ille
1156 1224 1221 1251 anni
1244 1224 1324 1251 unius
1338 1231 1400 1251 esse
1425 1224 1531 1254 scribit,
1554 1223 1576 1250 si
1596 1231 1610 1249 a
1626 1223 1740 1250 Kalend.

945 1269 1059 1297 Januar.
1073 1277 1266 1296 numeremus:
1280 1274 1306 1295 et
1324 1269 1452 1304 amplius,
1469 1270 1491 1297 si
1507 1277 1568 1296 tera:
1581 1269 1740 1296 Diocletiani

947 1316 1017 1342 ratio
1033 1315 1176 1346 habeatur,
1196 1322 1210 1341 a
1229 1323 1271 1341 xxx
1285 1314 1414 1349 Augusti.
1441 1321 1558 1341 numero
1576 1314 1657 1341 2500.
1677 1313 1742 1341 Inde

946 1361 1015 1387 enim
1029 1366 1067 1388 est
1084 1360 1222 1387 exorditur:
1238 1360 1303 1386 anni
1315 1360 1360 1386 τοῦ
1380 1359 1532 1394 πασχαλίου
1554 1359 1742 1394 Egyptiorum

947 1406 1167 1434 Christianorum.
1194 1405 1246 1432 Sed
1261 1405 1387 1432 Ecclesiw
1403 1405 1498 1432 (ἔνατα
1519 1411 1543 1432 et
1564 1405 1658 1432 Latina
1675 1405 1743 1432 inri-

945 1451 1052 1485 piebant
1081 1460 1164 1478 amws
1189 1451 1353 1478 Diocletiani
1376 1459 1392 1477 a
1417 1449 1517 1477 Martio
1540 1452 1641 1476 numeri
1656 1450 1739 1482 2501,

946 1496 1067 1524 Maximo
1086 1497 1117 1524 ll
1129 1501 1153 1524 et
1166 1497 1291 1530 Aquilino
1301 1505 1370 1524 coss.
1390 1497 1423 1523 At
1438 1495 1558 1532 Afgyptii
1570 1505 1586 1522 a
1601 1504 1665 1523 nix
1683 1497 1737 1522 Au-

945 1544 1016 1578 gusti
1052 1544 1154 1570 numeri
1183 1543 1329 1570 Ensebiani
1359 1543 1429 1570 2500
1458 1542 1623 1569 Diocletiano
1658 1541 1688 1568 11
1715 1548 1746 1575 eL

949 1588 1102 1615 Aristobulo
1117 1596 1184 1615 coss.
1206 1586 1268 1614 Mox
1287 1588 1338 1614 ista
1354 1587 1465 1620 subiicit
1482 1596 1489 1614 :
1510 1586 1582 1613 Sane
1597 1589 1739 1614 secundum

947 1635 1108 1670 Dionysium
1130 1640 1154 1661 et
1182 1634 1308 1660 Ecclesia:
1333 1633 1436 1660 Latina:
1460 1633 1621 1664 institutum,
1638 1633 1671 1660 ab
1691 1633 1740 1660 ln—

946 1681 1102 1708 carnatione
1118 1680 1152 1706 ad
1169 1680 1284 1714 primum
1302 1686 1402 1705 annum
1425 1679 1527 1704 numeri
1548 1679 1622 1705 aurci
1638 1678 1744 1705 Diocle—

947 1727 1039 1758 tianei,
1058 1731 1119 1753 sunt
1132 1726 1196 1752 anni
1206 1725 1259 1751 281
1276 1723 1411 1753 absoluti;
1428 1727 1452 1749 et
1472 1731 1556 1749 annus
1570 1723 1623 1750 285
1632 1728 1669 1750 est
1684 1725 1740 1758 pri-

946 1781 1003 1799 mus
1016 1772 1174 1799 Diocletiani
1187 1780 1202 1797 a
1217 1770 1326 1797 Martio.
1341 1769 1402 1796 llaec
1415 1774 1478 1795 sunt
1489 1769 1736 1803 perturbatissima.

946 1817 1082 1845 Eusebius
1108 1818 1225 1852 primum
1251 1825 1353 1845 anitum
1386 1818 1546 1847 Diocletiani
1573 1817 1682 1846 (oniert
1711 1820 1738 1845 in

946 1872 1048 1890 annum
1067 1863 1214 1889 Ahrahami
1231 1864 1313 1890 2501.
1340 1864 1386 1890 lt‘st
1410 1868 1508 1894 autem,
1532 1863 1632 1898 inquit.
1657 1869 1740 1890 mcta-

945 1909 1112 1936 clzrom'smus
1132 1910 1210 1935 unius
1228 1910 1301 1942 anni,
1314 1910 1337 1936 si
1351 1918 1367 1936 a
1380 1908 1497 1936 Kalend.
1518 1909 1634 1937 Ianuar.
1648 1917 1740 1936 numer-

945 1963 1031 1982 renms
1047 1963 1055 1981 :
1071 1960 1095 1982 et
1110 1955 1236 1989 amplius,
1257 1955 1281 1981 si
1298 1964 1314 1981 a
1329 1963 1392 1982 xxix
1406 1956 1529 1990 Augusti.
1549 1955 1631 1990 igitur
1641 1963 1739 1983 secun-

944 2001 1008 2028 dum
1033 2002 1178 2032 Romanos,
1201 2002 1246 2036 qui
1263 2010 1277 2028 a
1293 2001 1351 2028 Kal.
1370 2001 1429 2028 .lan.
1445 2001 1601 2032 ordiuntur,
1621 2002 1730 2030 initium

946 2048 1104 2074 Diocletiani
1120 2047 1270 2081 quadraret
1284 2047 1438 2074 Eusebiauo
1452 2055 1568 2074 mum-ro
1582 2048 1665 2074 2500.

978 2093 1013 2119 At
1027 2093 1177 2120 secundum
1198 2092 1351 2128 ASgyptios,
1377 2094 1423 2128 qui
1444 2101 1458 2120 a
1478 2093 1559 2125 Toth,
1586 2094 1644 2121 sive
1672 2102 1736 2121 xxix

944 2139 1058 2174 Augusti
1091 2139 1195 2171 ineunt,
1214 2140 1356 2167 conveniet
1373 2147 1485 2167 munero
1506 2140 1582 2168 1299.
1599 2139 1657 2166 Non
1673 2147 1738 2174 ergo

943 2185 1046 2212 Latina:
1063 2193 1095 2212 ac
1118 2185 1221 2213 Grtcea:
1243 2186 1372 2213 Ecclesia:
1388 2194 1403 2212 a
1419 2186 1515 2213 Martio
1538 2186 1645 2213 numeri
1667 2186 1733 2213 2501

103 2229 240 2255 contraria
264 2229 402 2256 videntur.
431 2229 558 2260 Orosius,
580 2230 679 2266 inquit,
700 2231 807 2263 scribit,
824 2239 896 2259 anno
913 2235 934 2262 D
950 2232 1116 2267 incipiebant
1133 2241 1139 2259 :
1157 2232 1257 2267 alioqui
1274 2232 1535 2260 metachronismum
1555 2232 1736 2259 Eusebiauum

102 2275 134 2302 ab
158 2274 229 2302 Urbe.
255 2275 363 2302 condita
397 2275 475 2308 1041,
512 2275 712 2304 Diocletianum
739 2278 888 2313 imperato-

103 2330 155 2348 rem
170 2329 232 2349 esse
247 2321 358 2349 factum.
375 2322 432 2350 [loc
449 2327 502 2354 est,
517 2330 607 2351 annus
622 2322 703 2350 Urbis
721 2324 786 2351 1041
803 2325 890 2351 inibat

103 2368 134 2395 ab
150 2368 203 2396 illis
225 2367 359 2396 Palilibus
383 2368 573 2401 Varronianis,
593 2377 606 2396 a
624 2370 725 2404 quibus
744 2370 890 2399 Diocletia-

103 2423 151 2442 nus
173 2415 317 2449 imperium
330 2423 447 2443 exorsus
463 2420 516 2443 est.
534 2415 605 2451 Ergo
622 2417 667 2445 illc
682 2425 771 2446 annus
790 2418 890 2445 Varro-

104 2462 200 2488 nianus
227 2461 322 2487 incidit
348 2461 373 2487 in
400 2469 445 2488 ut
470 2462 542 2489 dicm
568 2463 679 2497 Aprilis,
701 2464 765 2490 anni
787 2464 889 2491 Christi

103 2507 159 2538 2‘87,
182 2507 287 2541 periodi
309 2506 424 2534 Juliana:
445 2508 525 2540 5000,
545 2513 571 2536 ct
588 2509 703 2536 secundi
720 2509 888 2545 Olympiadis

103 2554 159 2586 266,
181 2554 260 2588 cyclo
277 2554 348 2580 hunc
364 2561 404 2587 ιιι,
428 2554 495 2581 solis
512 2563 565 2581 XVI.
582 2555 672 2587 Quare
688 2555 731 2582 his
743 2562 889 2583 consenta-

105 2607 149 2626 nea
165 2599 261 2626 SCTtlIll
278 2599 422 2631 Eusebius.
446 2607 460 2626 c
478 2600 586 2634 regione
598 2601 662 2627 anui
681 2602 794 2628 secundi
815 2603 886 2636 ejus-

105 2644 170 2674 dem,
192 2643 299 2678 Olymp.
326 2643 396 2675 266,
434 2649 462 2672 et
487 2644 558 2670 Beda
590 2645 636 2671 lib.
661 2654 667 2672 ι
697 2645 768 2672 llist.
795 2647 887 2682 Angl.,

104 2696 159 2724 cap.
177 2689 202 2720 6,
220 2689 266 2715 ubi
289 2697 361 2716 anno
384 2689 532 2717 Dominica:
549 2690 746 2719 incarnationis
760 2692 813 2720 286
830 2692 889 2720 Dio-

105 2734 246 2761 cletianum
263 2734 297 2760 ab
312 2735 435 2762 exercitu
458 2735 496 2762 ait
514 2735 643 2762 electum.
666 2735 727 2763 Habe
746 2736 801 2764 fere
823 2738 889 2765 Sea-

106 2779 175 2815 ligcr.
193 2780 259 2816 Qua:
282 2789 336 2808 non
359 2782 447 2808 solum
469 2782 503 2808 de
527 2782 605 2809 initio
631 2781 793 2810 Diocletiani
820 2784 887 2813 falsa

105 2831 172 2860 sunt,
186 2831 215 2854 ut
230 2826 311 2862 paulo
327 2832 387 2862 post
400 2827 504 2854 dicetur
517 2848 523 2859 ,
542 2836 635 2855 verum
653 2829 734 2856 etiam
751 2830 802 2857 sibi
819 2831 887 2865 ipsis

106 2873 247 2901 contraria.
273 2871 378 2900 Etenim
393 2881 481 2900 annus
496 2873 601 2908 primus
615 2874 730 2902 conditm
745 2873 838 2911 Urbis,
854 2884 885 2903 ex

944 2283 1133 2314 sequerentur,
1151 2279 1224 2314 quod
1238 2287 1290 2305 non
1309 2282 1386 2313 putat
1405 2278 1545 2312 Scaliger;
1575 2277 1621 2305 sed
1638 2285 1653 2304 e
1670 2286 1736 2304 con-

944 2325 1029 2352 trario
1047 2325 1120 2351 hunc
1137 2325 1225 2360 ipsum
1248 2324 1510 2351 metachronismum
1528 2332 1560 2351 ex
1581 2323 1736 2351 Graecorum

943 2375 969 2398 et
983 2371 1143 2398 Latinorum
1156 2365 1259 2405 epocha
1276 2370 1402 2405 castigat.
1422 2369 1524 2397 Deinde
1540 2369 1572 2396 ad
1590 2378 1736 2398 numerum

942 2418 1010 2445 2501
1033 2416 1104 2452 apud
1120 2416 1268 2444 Eusebium
1286 2416 1434 2443 ascribitur
1456 2415 1652 2443 annusChrisli
1671 2416 1735 2448 286,

943 2472 1004 2490 cum
1019 2471 1090 2490 anno
1111 2463 1200 2498 primo
1216 2461 1322 2497 Olymp.
1350 2462 1414 2493 266,
1435 2467 1461 2489 et
1485 2470 1558 2489 coss.
1577 2461 1696 2489 Maximo
1716 2463 1735 2489 ll

943 2515 970 2537 et
983 2510 1120 2544 Aquilino.
1139 2509 1188 2536 Ubi
1203 2509 1229 2535 in
1242 2516 1314 2535 anno
1331 2507 1501 2543 Olympiadis
1517 2509 1609 2535 tlllllllS
1630 2513 1671 2535 cst
1685 2517 1737 2535 me-

943 2554 1205 2582 taehronisnmszsi
1225 2553 1333 2588 quidem
1364 2553 1500 2581 Eusebius
1524 2554 1588 2581 anni
1615 2559 1697 2588 caput
1721 2562 1735 2581 a

943 2601 1025 2628 Nisan
1050 2606 1076 2627 et
1089 2600 1222 2627 Paschate
1234 2603 1347 2634 repetat.
1364 2599 1412 2627 Est
1426 2605 1515 2627 autem
1528 2607 1618 2627 annus
1631 2599 1735 2626 Christi

942 2647 1112 2674 Eusebianos
1126 2647 1189 2678 286,
1207 2646 1379 2681 Dionysiana:
1398 2653 1459 2673 tera:
1472 2645 1544 2678 285‘;
1563 2645 1736 2680 quamleqni-

942 2695 1002 2721 dem
1024 2693 1157 2721 Eusebius
1174 2693 1296 2721 Natalem
1324 2693 1430 2720 Domini
1451 2693 1478 2720 in
1500 2700 1602 2719 annum
1629 2692 1735 2718 confert

942 2740 1048 2775 Olymp.
1072 2739 1122 2766 191
1150 2740 1270 2769 tertium,
1301 2745 1327 2767 et
1354 2747 1409 2767 uno
1441 2747 1513 2766 anno
1537 2737 1731 2772 Dionysianam

941 2793 1022 2813 {cram
1039 2786 1194 2812 antevertit.
1215 2786 1318 2818 Quarto
1337 2786 1446 2812 initium
1474 2783 1636 2810 Diocletiani
1658 2785 1732 2808 rctte

942 2831 1070 2858 tribuitur
1093 2838 1165 2857 anno
1181 2831 1244 2861 2S6,
1267 2831 1369 2858 hoccst
1387 2830 1440 2857 285'
1465 2826 1603 2856 communi
1625 2835 1631 2852 :
1649 2826 1730 2860 cujus

943 2878 976 2905 ab
989 2876 1129 2909 Januario,
1155 2877 1196 2904 vel
1220 2876 1317 2904 Martio
1335 2875 1423 2902 Latini
1441 2871 1599 2900 Diocletiani
1622 2871 1730 2898 initium
