1937 3039
83 173 140 200 573

575 175 617 202 DE
635 174 857 204 ιιοΜΑΝυιιιιιιι
876 175 966 203 ιΜΡΡ.
988 174 1245 205 CHRONOLOGIA.

1667 180 1718 209 57/.

81 235 154 261 simo
183 241 259 261 anno
286 234 489 269 imperatorem,
510 240 609 263 octavo
633 237 774 264 consulem
792 237 878 272 impec
893 239 916 267 Λ
932 237 980 264 lib.
995 245 1013 264 ιι
1032 237 1126 264 scribit
1141 245 1157 264 a
1176 236 1320 264 consulatu
1335 237 1457 271 Chilonis
1485 244 1510 267 et
1528 239 1649 273 Libonii,
1664 247 1718 275 quo

82 287 154 306 rium
184 280 338 308 andicasse.
368 280 403 308 Te
424 289 525 313 rursus,
547 281 646 317 inquit,
670 282 791 309 vicesimo
809 290 877 308 anno

81 327 280 360 imperatorem.
297 330 387 353 octavo
396 327 528 354 consulem
546 328 584 354 ita
601 328 658 360 ipsa
674 327 796 361 amplexu
814 335 878 362 qua-

80 372 143 397 dam
169 379 218 397 suo
241 370 323 397 Runm
348 372 430 398 valuit
449 373 573 399 detinere.
598 373 630 400 Et
652 373 792 400 subinde:
817 372 877 399 Non

80 418 197 450 pomiin
224 418 345 444 resistere
371 422 470 444 sancire
494 418 568 445 illius
584 419 700 452 parentis
716 418 835 452 imperio,
853 423 877 445 et

80 462 180 488 invitus
191 463 250 488 licet
265 463 388 495 paruisti,
401 467 425 488 et
442 467 465 489 te
482 462 536 490 illis
551 463 647 498 vigiliis
664 463 769 497 illisque
794 464 875 496 curia,

80 515 146 542 qua;
161 508 256 541 viginti
271 509 347 534 annis
366 512 488 542 expertus
503 509 604 543 fueras,
622 508 770 536 reddidisti.

113 551 216 578 Annus
234 555 335 582 autem,
349 559 402 586 quo
430 551 613 580 Diocletianus
644 558 670 580 et
693 553 876 580 Maximianus

82 597 231 631 imperium
247 596 441 632 deposuerunt,
458 597 509 624 fuit
523 597 625 625 Christi
644 598 708 628 2501.
731 602 760 624 ut
776 597 876 624 indicat

81 641 222 672 lusimus,
241 650 314 669 coss.
334 642 500 670 Diocletiano
516 642 561 675 IX,
577 647 603 670 et
622 643 785 670 Maximiano
804 643 874 676 Vlll,

81 688 156 721 quod
175 694 202 714 et
219 689 406 723 panegyristes
432 688 584 723 significat,
605 697 665 715 cum
692 689 875 716 Diocletianus

82 734 245 760 vicesimum
261 734 304 760 vix
325 734 473 768 implesset.
490 734 589 767 Quaero
604 735 697 769 igitur,
712 742 774 761 cum
794 735 875 762 tertio

82 787 156 805 anno
171 784 234 813 post
249 779 445 806 Diocletianum
463 780 645 808 Maximianus
671 781 804 815 imperare
817 788 874 807 cre-

82 825 164 858 perit,
182 829 209 851 ct
227 824 322 851 eodem
338 833 392 858 quo
405 825 451 852 illc
471 829 592 859 tempore
613 825 735 856 desierit.
751 825 795 857 qui
818 825 873 852 fieri

82 869 181 903 possit,
201 873 230 895 ut
251 877 284 895 xx
307 876 394 896 annos
415 869 566 904 imperarit.
582 869 694 902 Ferunt,
716 869 833 896 Maximo
846 873 873 896 et

82 912 213 946 Aquilino
224 919 309 945 coss.,
328 913 379 939 hoc
392 917 435 940 est
453 920 525 940 anno
538 913 639 940 Christi
650 913 712 946 286,
732 913 873 940 Maximia-
891 907 909 934 θ

81 965 147 983 num
164 965 180 983 a
197 956 366 984 Diocletiano
381 959 511 993 collegam
527 960 654 986 ascitum.
673 961 694 985 A
708 967 762 994 quo
780 961 812 986 ad
825 968 874 987 an-

80 1010 147 1029 num
171 1003 235 1034 505,
259 1011 312 1038 quo
337 1004 423 1038 Aprili
449 1012 542 1032 mense
566 1005 708 1039 imperium
728 1010 872 1038 exuerunt,

80 1056 172 1075 annus
188 1049 317 1076 currebat
333 1048 488 1076 Maximiani
511 1057 587 1082 xvut,
608 1058 696 1084 neque
714 1051 804 1085 plures
821 1051 872 1085 ipsi

81 1096 108 1122 in
125 1096 309 1122 Alexandrino
325 1095 448 1122 chronica
471 1096 640 1123 tribuuntur.
660 1096 712 1122 Sed
729 1097 752 1123 si
770 1104 802 1122 xx
822 1104 872 1123 an-

80 1150 146 1169 num
166 1142 320 1172 inchoavit.
346 1141 470 1177 proximo
496 1146 556 1176 post
580 1141 776 1168 Diocletianum
799 1150 873 1169 anno

81 1192 228 1222 cooptatus
246 1189 281 1214 sit
306 1191 424 1222 oportet,
450 1191 481 1214 tit
503 1188 698 1222 anticipatione
723 1188 840 1222 quadam
857 1195 872 1214 a

81 1233 139 1260 Kal.
157 1233 220 1260 Jan.
237 1233 300 1259 anni
316 1233 350 1259 50
358 1234 379 1266 ι,
393 1233 541 1260 vicesimus
559 1233 632 1260 illius
647 1234 681 1259 ab
696 1237 805 1260 oratore
822 1241 873 1259 nu-

81 1285 213 1305 meretur.
232 1279 302 1311 Quid
319 1283 409 1306 autem
426 1279 655 1312 tcrgivcrsatnur?
668 1279 740 1306 Ecce
753 1279 801 1306 tibi
815 1280 870 1305 Au-

82 1325 166 1351 relius
181 1323 274 1351 Victor
296 1332 310 1351 a
326 1325 441 1351 Schotto
462 1330 558 1351 nostro
579 1325 744 1359 publicatus,
766 1325 872 1352 Diocle-

81 1370 186 1396 tianutn
206 1369 336 1397 celebran
356 1370 429 1405 regni
451 1370 571 1396 vicesimo
591 1378 660 1396 anno
687 1378 779 1396 curam
799 1370 872 1404 obje-

80 1419 147 1443 τίσει
161 1417 226 1449 reip.
253 1416 357 1450 prodit,
376 1420 401 1442 et
417 1416 444 1442 in
461 1416 615 1442 sententiam
637 1415 790 1442 Herculium
803 1424 871 1450 trgre

81 1462 234 1488 traduxisse
251 1469 260 1488 :
281 1462 323 1488 cui
342 1469 410 1488 anno
435 1461 522 1487 minus
545 1462 661 1495 potentia
686 1461 781 1494 fuerat.
801 1462 869 1495 Ergo

81 1515 126 1534 χιιι
160 1515 248 1534 annos
279 1506 459 1534 Maximianus
491 1506 628 1541 explevit,
662 1507 702 1532 uti
729 1506 870 1533 Diocletia-

81 1560 132 1580 nus
141 1560 178 1579 xx
191 1562 198 1580 :
215 1553 329 1588 ideoque
339 1552 421 1586 coepit
435 1559 507 1579 anno
518 1551 580 1578 285.
595 1552 630 1578 At
644 1552 670 1578 in
682 1552 805 1586 Epitome
821 1559 869 1578 an—

81 1606 180 1625 norum
193 1606 226 1624 xx
243 1598 389 1632 imperator
400 1597 508 1625 dicitur.
526 1597 678 1625 Videndum
696 1597 776 1632 igitur
788 1597 870 1625 etiam

80 1648 163 1678 atque
177 1644 258 1670 etiam
275 1649 367 1671 utrum
386 1643 556 1671 Diocletiano
570 1647 596 1670 et
615 1643 772 1671 Aristobulo
786 1651 870 1674 coss..

80 1697 153 1717 anno
171 1690 230 1724 ipso
245 1689 298 1717 285
318 1689 495 1717 Maximianus
515 1689 618 1717 ascitus
642 1689 733 1721 fuerit,
756 1693 783 1716 et
802 1696 873 1715 anno

80 1737 244 1771 insequente
259 1743 321 1762 cuin
340 1735 507 1763 Diocletiano
522 1735 697 1763 consulatum
721 1735 821 1762 inierit.
835 1733 873 1761 Ita

79 1781 152 1808 enim
168 1788 263 1808 verum
279 1788 341 1808 esse
356 1784 455 1816 potest,
472 1781 545 1816 quod
559 1780 664 1814 antiqui
681 1780 784 1814 lapides
806 1787 872 1813 sug-

79 1829 190 1861 gerunt,
207 1829 236 1852 ut
253 1826 357 1860 primus
381 1825 536 1852 Maximiani
561 1825 722 1852 consulatus
744 1831 806 1850 cum
831 1831 874 1850 sc-

80 1871 172 1898 rundo
201 1871 369 1904 Diocletiani,
391 1875 418 1898 et
437 1870 579 1897 tribunitia
606 1875 727 1904 potestas
750 1876 768 1894 ιι
786 1867 871 1894 Μιιιιι·

79 1916 163 1943 miani
180 1923 241 1942 cum
259 1915 355 1943 eodem
367 1915 512 1942 consulatu
533 1919 684 1950 congruat;
702 1921 732 1940 ac
754 1912 874 1946 denique

79 1962 240 1988 consulatus
255 1968 274 1987 ιι
286 1964 312 1988 et
324 1968 341 1987 ιι
352 1960 465 1995 perinde
477 1960 624 1987 tribunitia
649 1959 808 1986 Diocletiani
824 1966 873 1994 po-

80 2011 164 2034 testas
179 2007 361 2034 consentient.
373 2006 478 2041 Quippe
492 2007 604 2033 incunte
615 2013 686 2032 anno
697 2005 800 2032 Christi
809 2004 872 2035 286,

80 2056 208 2079 currente
219 2051 361 2078 tribunitia
376 2054 510 2085 potestate
537 2058 556 2076 ιι
569 2050 738 2081 Diocletiani,
753 2048 873 2084 lapidum

80 2097 146 2124 alter
171 2097 284 2124 inscribi
317 2097 420 2131 potuit;
457 2096 525 2122 alter
552 2103 616 2123 vero
648 2099 710 2130 post
758 2094 871 2126 Palilia,

79 2150 138 2169 cum
171 2143 229 2176 jam
264 2142 414 2169 secundum
446 2141 551 2176 imperii
585 2149 617 2168 ac
650 2140 799 2168 tribunitiae
826 2147 874 2174 po-

79 2188 185 2215 tcslatis
214 2195 315 2214 annum
341 2187 522 2214 Maximianus
551 2190 622 2214 esset
654 2187 813 2221 ingressus,
847 2189 873 2212 et

79 2235 194 2265 uterque
234 2230 406 2257 consulatum
445 2234 561 2266 gereret.

79 2276 174 2302 tanditt
205 2283 255 2302 nos
293 2276 502 2308 inlunrebimus,
540 2275 604 2302 dum
638 2276 805 2310 exploratius
839 2283 870 2303 ac

79 2322 181 2348 certius
223 2321 324 2356 aliquid
368 2321 441 2348 (loeti
475 2322 598 2349 homines
635 2322 870 2357 excogitavcrint,

79 2367 150 2401 quod
174 2367 201 2393 in
228 2367 476 2401 perturbatissimis
495 2368 550 2395 illis
581 2368 750 2402 temporibus
777 2373 806 2394 ut
830 2372 871 2394 cst

80 2412 195 2443 dillicile,
215 2413 252 2438 ita
266 2413 432 2447 conjiciendi
451 2413 535 2439 multo
561 2412 658 2447 major,
682 2413 774 2440 ntinus
796 2416 871 2440 certe

80 2458 214 2486 invidiosa
233 2458 343 2485 libertas
358 2466 420 2486 esse
433 2458 522 2486 debet.
541 2458 579 2484 Ex
604 2458 638 2485 iis
657 2458 785 2486 omnibus
807 2467 869 2486 cor-

79 2502 207 2538 rigendus
222 2506 265 2530 est
285 2503 400 2530 vitiosus
421 2502 567 2538 Epipltanii
583 2509 723 2533 numerus,
741 2502 786 2536 qui
807 2501 870 2529 Dio-

79 2550 193 2577 cletiano
220 2552 246 2576 et
269 2548 434 2576 Maximiano
462 2548 559 2575 tribuit
590 2555 677 2574 annos
704 2556 763 2574 xlii.
791 2547 868 2580 Quod

79 2595 187 2622 minimc
200 2594 304 2621 librarii
325 2595 411 2629 culpa:
425 2599 511 2628 potest
527 2594 643 2626 ascribi;
661 2601 724 2620 nam
742 2593 869 2620 distincte

79 2649 162 2668 annos
176 2641 213 2667 ita
225 2639 352 2675 partitur,
368 2643 397 2666 ut
414 2643 476 2674 post
492 2648 539 2671 xu,
556 2640 656 2674 quibus
668 2642 792 2673 grassata
808 2646 867 2672 per:

79 2688 181 2714 sccutio
202 2691 254 2717 est.
281 2694 381 2713 annum
408 2695 491 2713 unum
517 2691 579 2713 ante
599 2685 800 2713 abdicationem
818 2685 868 2711 itu-

79 2733 189 2767 perarit.
208 2732 290 2767 Atqui
315 2740 348 2758 xx
371 2739 457 2758 annos
479 2731 583 2759 solidos
603 2731 764 2766 imperaiit';
789 2731 867 2756 nimi-

80 2786 134 2805 rtun
159 2786 175 2805 τι
204 2777 336 2805 Palilibus
353 2777 417 2803 armi
442 2777 495 2803 ‘28i
524 2777 557 2803 ad
586 2776 681 2803 Palilia
711 2777 775 2802 anni
802 2775 865 2802 50.5.

79 2824 175 2853 Eodem
196 2825 269 2852 enim
296 2831 428 2859 tempore,
450 2832 505 2859 quo
525 2829 644 2859 cmpcrat
669 2824 864 2855 Diocletianus.

79 2872 219 2908 imperium
254 2870 360 2907 posuit,
390 2874 418 2897 ut
449 2869 580 2899 Onulrius
618 2870 709 2898 tradit.
739 2869 864 2898 Zosimus

931 281 1050 309 Severus
1069 282 1215 321 smcplares
1242 283 1321 310 ludos
1340 283 1515 317 instauravit,
1536 285 1569 311 ad
1588 287 1718 313 consula-

930 332 986 355 tum
1022 328 1180 356 Diocletiani
1209 337 1246 360 ix,
1274 328 1433 356 Maximiani
1457 337 1517 363 vttt,
1552 339 1639 359 annos
1665 332 1717 359 ilii-

930 373 1002 400 xissc
1017 373 1078 400 101.
1098 373 1134 401 Dc
1153 374 1252 408 quibus
1269 374 1340 401 ludis
1356 375 1524 402 Censorinus
1540 375 1577 402 ita
1597 377 1694 403 scribit
1709 386 1715 404 :

929 418 1041 445 Ormros
1055 419 1226 453 imperatores
1239 418 1391 454 Septimius,
1408 419 1480 447 etM.
1492 421 1616 448 Aurelius
1634 421 1718 448 Anto-

928 464 996 497 nius,
1013 463 1121 491 Chilone
1134 469 1159 491 et
1175 464 1272 491 Libone
1283 473 1362 495 £053.,
1376 473 1445 492 anno
1462 465 1646 500 857.Corrige
1654 465 1717 492 957.

929 508 1109 543 Contigerant
1126 509 1197 535 enim
1219 515 1290 535 anno
1314 508 1396 536 Urbis
1413 509 1621 543 nongentcsimo
1635 509 1718 543 quiti-

927 554 1087 589 quagcsimo
1110 554 1236 588 septimo,
1255 554 1348 582 Severi
1379 561 1451 581 anno
1472 561 1526 585 xit,
1560 558 1590 581 ut
1611 562 1644 581 ex
1664 559 1716 581 vet.

927 599 1051 634 inscript.
1073 604 1200 626 constat:
1218 600 1339 634 adeoque
1365 607 1424 635 per.
1448 599 1504 626 Jul.
1527 599 1606 631 4917,
1619 599 1719 635 Diony-

926 644 1009 671 siana:
1024 652 1084 672 att-:8
1102 645 1165 672 €01.
1188 645 1278 677 Quare
1297 645 1330 671 ad
1351 652 1450 672 annum
1467 645 1529 676 30L
1544 653 1597 679 quo
1611 654 1640 672 sc
1656 645 1720 672 Dio-

926 690 1059 717 cletianus
1075 694 1100 717 et
1115 690 1295 718 Maximianus
1307 690 1481 722 abdicarunt,
1497 691 1560 717 anni
1575 695 1638 719 sunt
1655 691 1716 717 ιυι.

926 735 966 762 Ex
980 744 1034 770 quo
1050 736 1117 764 satis
1139 740 1263 771 apparet,
1284 737 1357 771 quod
1374 744 1445 772 saepe
1458 736 1587 769 diximus,
1605 736 1715 763 biennio

925 780 1041 808 Annales
1054 782 1246 808 ecclesiasticos
1262 789 1322 809 esse
1333 782 1491 809 decurtatos
1506 791 1512 809 :
1527 782 1572 816 qui
1589 789 1642 808 non
1658 781 1719 816 plu-

925 834 978 857 res,
1005 834 1085 860 quam
1116 828 1150 854 99
1174 827 1337 854 consulatus
1367 828 1555 862 interponunt.
1587 826 1663 854 Unde
1691 831 1717 853 ιιι

925 870 1027 898 frustra
1053 871 1181 899 Zosimns
1211 873 1267 899 illic
1300 872 1403 899 erroris
1435 871 1569 907 arguitur.
1596 870 1717 898 Indidem

926 923 1007 950 porro
1020 916 1149 951 Scaligcri
1172 924 1254 951 supra
1269 924 1285 943 a
1302 916 1382 944 nobis
1402 916 1559 944 confutatus
1572 923 1650 943 error
1666 923 1716 942 va-

927 961 1009 988 lidius
1034 961 1169 988 refellitur
1192 971 1199 988 :
1222 962 1270 996 qui
1296 962 1405 989 initium
1435 960 1595 989 Diocletiani
1621 961 1718 988 statuit

926 1012 998 1032 anno
1012 1005 1114 1032 Christi
1135 1005 1200 1035 287.
1224 1006 1265 1032 vel
1286 1005 1350 1033 288.
1380 1005 1459 1033 Unde
1475 1013 1509 1031 xx
1531 1005 1590 1039 ejus
1615 1004 1716 1032 desinit

926 1059 997 1078 anno
1012 1050 1075 1081 507,
1089 1051 1129 1077 vel
1147 1051 1211 1082 308,
1234 1051 1266 1078 ad
1284 1058 1365 1085 quem
1389 1058 1490 1077 annum
1516 1057 1530 1076 a
1548 1057 1586 1076 xu
1612 1049 1717 1082 Severi,

925 1097 982 1123 sive
999 1095 1102 1123 Christi
1119 1095 1182 1128 20L
1199 1096 1261 1122 anni
1275 1100 1340 1123 sunt
1365 1095 1426 1128 104,
1448 1096 1489 1123 vel
1515 1095 1576 1127 105,
1596 1103 1662 1126 non,
1689 1099 1718 1122 ut

926 1141 1062 1170 Zosimus.
1081 1141 1141 1175 ipso
1156 1141 1324 1175 approbante
1347 1140 1497 1175 Scaligero,
1516 1140 1637 1175 scripsit.
1652 1140 1714 1167 101.

966 1187 1024 1220 Ἐφ’
1046 1182 1090 1212 ὧν
1107 1187 1247 1219 κραταιὸς
1261 1186 1398 1221 διωγμός.
1414 1186 1501 1221 Large
1521 1185 1652 1214 adversus
1676 1186 1718 1212 lti-

925 1231 1017 1258 storite
1041 1231 1119 1258 fidem
1142 1231 1186 1258 hic
1207 1236 1349 1265 peccatum
1366 1235 1416 1258 est.
1437 1230 1542 1258 Etenim
1563 1231 1718 1265 persecutio

925 1278 982 1309 illa,
1002 1285 1063 1313 quin
1088 1284 1103 1304 a
1126 1277 1296 1303 Diocletiano
1320 1280 1347 1304 et
1367 1275 1533 1303 Maximiano
1556 1281 1644 1311 empta
1665 1281 1718 1308 est,

924 1333 984 1359 quise
1007 1323 1117 1358 quidem
1137 1322 1266 1357 κραταιὸς
1288 1322 1411 1357 διωγμός
1431 1321 1484 1349 dici
1503 1327 1651 1354 mereatur,
1669 1330 1717 1348 nc-

923 1377 976 1404 que
1007 1377 1044 1395 xii
1077 1375 1165 1395 annos
1197 1367 1294 1397 tenuit,
1322 1374 1410 1401 neque
1442 1366 1476 1393 ab
1509 1366 1718 1402 imperatoribus

923 1414 955 1441 ad
979 1414 1081 1441 exitum
1117 1412 1244 1447 perducta
1276 1415 1318 1439 est
1350 1410 1361 1438 :‘
1391 1419 1454 1438 nam
1487 1411 1550 1438 licet
1578 1415 1635 1438 toto
1663 1410 1719 1439 fere

922 1460 1029 1486 illorum
1067 1458 1173 1493 imperii
1206 1461 1328 1492 tetnporc
1363 1458 1487 1485 szevitum
1513 1458 1549 1484 sit
1573 1457 1598 1484 in
1629 1456 1718 1484 Chri—

922 1505 1040 1535 stianos,
1074 1507 1102 1530 ιιι
1130 1511 1163 1531 cx
1196 1504 1271 1529 Actis
1302 1503 1439 1529 variorum
1481 1507 1630 1537 martyrum
1657 1502 1716 1529 col-

923 1550 979 1583 ligit
1000 1549 1150 1580 Barunius,
1175 1547 1224 1575 fuit
1249 1548 1307 1575 htec
1332 1553 1422 1575 tamen
1455 1547 1575 1575 velitatio
1594 1547 1716 1583 qumdam

924 1603 955 1621 ac
971 1594 1153 1621 rudimentum
1175 1594 1358 1627 crudelitatis,
1372 1601 1433 1628 quo:
1448 1601 1495 1628 per
1511 1594 1616 1628 aliquot
1639 1601 1714 1620 mar-

924 1644 1012 1674 tyrum
1030 1646 1123 1666 necem
1141 1642 1224 1674 atque
1240 1646 1273 1666 ex
1294 1639 1403 1665 militari
1434 1638 1589 1674 praesertim
1608 1638 1716 1671 ordine,

924 1685 957 1711 ad
974 1685 1057 1712 totius
1076 1684 1228 1711 Christiani
1257 1684 1376 1711 nominis
1397 1684 1612 1710 internecionem
1639 1683 1718 1710 effer-

923 1730 991 1757 buit.
1016 1729 1167 1757 Atrocioris
1192 1736 1258 1766 vero
1289 1728 1492 1763 persecutionis
1519 1728 1626 1754 initium
1643 1736 1718 1754 anno

925 1775 1084 1802 Diocletiani
1099 1782 1144 1801 xix
1164 1774 1200 1801 ab
1214 1773 1402 1807 Eusebio,lib.
1417 1781 1477 1801 vin.
1496 1772 1579 1800 Hist..
1604 1781 1665 1807 cap.
1689 1774 1715 1804 5.

923 1820 998 1847 etin
1024 1819 1153 1846 Chronico
1177 1818 1326 1850 tribuitur,
1352 1817 1464 1852 quando
1493 1824 1587 1844 mense
1619 1816 1717 1844 Martio

924 1865 1041 1891 edictum
1057 1864 1225 1898 propositum
1251 1867 1292 1890 est
1316 1862 1350 1890 de
1373 1862 1565 1890 subvertendis
1580 1862 1715 1889 ecclesiis.

924 1908 992 1936 Tum
1006 1908 1078 1935 aliud
1098 1914 1223 1936 secutum
1241 1912 1283 1935 est
1300 1907 1333 1934 de
1359 1907 1522 1942 praesulibus
1537 1908 1718 1942 comprehen-

924 1954 1032 1987 dendis,
1048 1958 1076 1982 et
1096 1953 1130 1981 ad
1149 1953 1284 1981 idolorum
1309 1953 1413 1980 cultum
1439 1953 1568 1981 omnibus
1584 1953 1718 1983 machinis

924 2007 956 2026 ac
979 1999 1147 2026 cruciatibus
1176 1997 1316 2033 adigendis
1342 2007 1349 2025 :
1374 2001 1457 2032 atque
1480 1998 1518 2025 ita
1542 1998 1672 2033 paulatim
1689 1999 1716 2025 in

923 2045 1099 2073 Christianos
1122 2051 1218 2071 omnes
1239 2045 1280 2071 vis
1297 2044 1340 2070 illa
1360 2044 1521 2071 fwdissima‘
1544 2045 1717 2078 tempestatis

924 2090 1058 2118 incubuit.
1081 2089 1182 2117 Horum
1197 2090 1317 2116 omnium
1332 2094 1391 2117 erat
1417 2097 1449 2117 ex
1468 2089 1584 2117 Eusebio
1600 2085 1716 2125 seripio-

924 2137 1063 2171 ribusque-
1080 2136 1186 2163 castoris
1210 2144 1264 2162 non
1293 2140 1346 2162 lam
1374 2135 1503 2171 impedita
1524 2136 1604 2168 ratio,
1619 2140 1648 2162 ut
1663 2144 1716 2163 non

923 2190 983 2210 eam
998 2182 1040 2210 vel
1063 2181 1236 2208 mediocriter
1254 2181 1325 2208 acuti
1349 2181 1475 2208 homines
1497 2181 1638 2215 pet-videre
1652 2189 1716 2215 pos-

607 2230 675 2257 lluic
710 2230 873 2264 conjectum
890 2238 911 2265 ι)
927 2234 996 2256 sent.
1012 2228 1045 2254 At
1061 2227 1197 2262 Joscphus
1214 2227 1339 2262 Scaliger
1351 2227 1481 2262 majorem
1493 2227 1519 2253 in
1533 2227 1642 2254 tnodntn
1657 2235 1716 2261 per-

926 2273 1037 2301 miscuit
1052 2279 1084 2299 ac
1112 2271 1235 2298 confudit
1252 2272 1353 2303 omnia,
1372 2271 1435 2298 dum
1451 2279 1557 2299 ert‘orrs
1577 2272 1716 2299 erroribus

925 2325 1048 2351 nectens,
1061 2327 1093 2346 ex
1112 2318 1240 2346 absurdis
1256 2318 1398 2353 principiis
1419 2317 1580 2345 absurdiora
1598 2318 1711 2354 colligit.

922 2365 989 2392 Cum
1004 2364 1076 2391 enim
1108 2364 1135 2391 in
1159 2363 1317 2391 Diocletiani
1341 2364 1445 2398 cpocha
1467 2364 1544 2391 valde
1560 2363 1647 2398 illutn,
1682 2369 1710 2391 ut

922 2411 1052 2441 vidimus.
1066 2410 1159 2445 opinio
1174 2409 1310 2441 fefellerit,
1331 2410 1427 2445 ingens
1443 2417 1477 2437 cx
1499 2417 1531 2436 co
1554 2418 1634 2445 seges
1655 2411 1713 2437 hal~
1740 2422 1747 2426 ν

923 2457 1119 2484 lucinationum
1144 2456 1170 2482 in
1189 2456 1306 2489 reliqua,
1334 2463 1394 2490 qua:
1414 2463 1476 2482 cum
1499 2456 1544 2482 illa
1569 2455 1716 2490 conjuncta

921 2507 995 2535 sunt,
1013 2503 1155 2530 intervalla
1174 2501 1349 2529 redundavit.
1364 2502 1443 2535 Quod
1461 2502 1512 2530 hoc
1527 2503 1588 2530 loco
1605 2501 1685 2530 facile
1703 2511 1717 2528 a

921 2550 1000 2576 nobis
1016 2549 1104 2576 lector
1117 2547 1258 2582 intelliget.

955 2594 984 2621 in
1000 2594 1070 2620 libro
1083 2601 1100 2619 v
1114 2592 1150 2620 De
1161 2593 1260 2619 emend.
1273 2597 1363 2626 temp.,
1381 2600 1441 2627 pag.
1456 2593 1517 2626 467,
1529 2601 1589 2628 cap,
1600 2592 1637 2621 De
1655 2602 1716 2628 pcr-

920 2640 1059 2667 secutionc
1079 2638 1249 2669 Diocletiani,
1267 2638 1318 2665 ltoc
1339 2639 1411 2665 velut
1429 2639 1635 2666 fnn.lamcnlum
1655 2638 1715 2666 dis-

919 2684 1067 2719 putationis
1082 2683 1171 2718 posuit
1186 2692 1192 2709 :
1210 2682 1318 2710 Decimo
1334 2691 1407 2710 nono
1426 2684 1598 2716 Diocletiani,
1624 2691 1716 2711 incuso

919 2729 1026 2762 Martio,
1041 2729 1068 2755 in
1084 2729 1180 2756 diebus
1200 2728 1322 2760 Pascltm,
1342 2728 1481 2757 Ecciesias
1505 2731 1595 2757 edicto
1623 2730 1709 2763 inipp.

917 2783 979 2803 esse
1006 2775 1164 2806 subversas,
1196 2774 1314 2802 Eusebio
1340 2780 1418 2802 teste.
1438 2775 1477 2802 Ex
1505 2783 1560 2810 quo
1584 2775 1656 2801 hunc
1684 2781 1712 2801 tn

917 2822 1027 2849 modum
1045 2828 1275 2859 argumentatur:
1296 2824 1329 2850 Ut
1350 2823 1452 2850 Pascha
1472 2822 1497 2848 in
1516 2820 1641 2847 Martith
1665 2826 1708 2845 m.

918 2869 1026 2902 Cillﬂ't’l,
1049 2877 1098 2896 non
1115 2870 1203 2904 putuit
1228 2870 1356 2901 accidere,
1376 2868 1427 2895 nisi
1445 2868 1570 2894 terminus
1599 2865 1711 2897 pascha-
