1937 3039
196 166 247 194 575

759 163 931 191 APPENDIK
950 162 1263 192 DISSERTATIONUM.

1767 165 1829 193 576

194 225 227 250 lis
243 223 335 258 fuisset
353 223 380 250 in
402 222 513 250 Martia.
536 223 596 250 Non
618 222 701 257 potuit
719 223 798 257 igitur
828 222 976 256 contingere
994 226 1000 250 ι

1053 222 1086 247 ἴου
1111 221 1212 253 πάθους
1233 223 1330 257 ἑορτῆς
1354 221 1470 249 initium.
1498 221 1590 257 Neque
1618 223 1690 249 enim
1707 230 1831 250 necesse

194 269 266 302 ryclo
283 269 379 303 primo,
406 277 486 303 neque
510 270 604 300 tertio;
625 269 731 302 contigit
755 276 815 301 ergo
841 267 913 301 cyclo
942 275 981 293 se-

194 315 290 341 cundo.
310 314 448 340 Terminus
472 314 604 348 plur/talis
633 322 683 340 xxv
708 304 803 339 Martii
819 321 887 338 anno
907 311 984 338 Cliri-

196 361 231 386 sti
246 360 309 388 505.
324 359 390 392 [cria
409 367 429 390 ι,
448 359 520 393 ryrlo
536 359 598 385 solis
617 366 652 384 \‘l.
675 358 763 390 Quare
781 357 870 383 eodem
900 356 941 382 die
960 361 984 382 et

197 410 318 438 quartam
331 405 459 431 decimam
474 425 481 436 ,
495 409 519 430 et
531 404 629 437 pascha
649 403 812 430 celebrarunt
826 410 834 428 :
848 402 917 436 quod
934 410 985 428 non

198 457 259 475 raro
275 449 354 481 ﬁebat
371 457 400 475 co
413 454 536 482 tempore,
551 454 610 474 ante
624 448 754 474 decretum
772 447 921 474 Nicicnnm.
942 446 986 473 Est

197 501 258 526 ergo
280 492 352 518 locus
376 493 503 522 illustris,
532 501 582 526 quo
610 492 751 526 probamus
779 497 840 518 ante
861 499 987 519 curionem

201 537 338 564 Nicaznnm
362 538 455 572 Πάσχα
472 538 656 572 ἁναστὰσιμον
672 538 834 565 concurrisse
856 545 914 564 cum
936 542 988 563 ter—

200 583 281 609 mino.
308 582 378 608 Tum
410 590 530 609 errorem
561 583 631 616 apud
657 583 803 609 Eusebium
827 590 888 610 esse
912 582 986 608 dicit.

202 626 263 652 Non
275 627 341 652 rni'in
358 634 425 652 anno
439 627 523 660 primo
538 626 643 660 Olymp.
656 627 719 657 271,
736 626 780 661 ιμιί
794 627 898 660 quidem
913 627 989 660 carpit

200 680 215 697 α
228 672 300 705 cyclo
317 671 439 702 secundo,
449 671 493 697 sed
502 672 590 698 eodem
600 680 669 698 anno
677 671 788 698 Iuliano
803 671 852 698 lioc
866 672 986 705 contigit,

202 726 216 742 ﬂ
228 714 304 748 cuius
314 716 404 743 diebus
414 717 511 743 wstivis
525 717 600 751 ca’pit
609 725 693 743 annus
702 718 802 751 primus
813 716 918 751 Olymp.
927 717 989 743 571.

203 762 296 796 Itaque
305 762 420 788 nondum
434 762 572 796 iiictrperat
587 770 671 789 annus
681 770 726 789 xix
742 762 908 788 Diocletiani.
929 761 992 789 Dee-

203 808 324 833 ratenini
337 808 433 834 mensis
450 808 484 834 ad
499 808 608 839 Palilia,
625 807 694 833 unde
705 807 810 833 initium
824 807 992 833 Diocletiani.

204 853 232 879 ln
254 852 531 879 Animadversiunibus
548 860 612 879 vero
632 852 664 878 ad
685 860 786 879 annum
800 852 881 883 9519,
903 861 935 879 ex
960 860 992 879 eo

1033 271 1086 296 est.
1102 266 1174 302 quod
1190 267 1274 300 jactat
1293 266 1421 301 Scaliger,
1443 268 1469 293 in
1485 268 1601 294 termino
1617 267 1676 301 ipso
1697 267 1830 294 celebra-

1035 316 1092 337 tum
1113 311 1197 337 fuisse
1211 311 1327 338 Pascha.
1350 311 1459 339 Festum
1477 316 1567 339 autem
1583 312 1672 346 ipsum
1688 312 1793 346 Aprilis
1808 321 1826 339 v

1035 357 1172 383 convenit.
1189 355 1270 384 \‘illes
1292 364 1373 391 quam
1396 357 1503 392 egregie
1518 358 1608 384 omnia
1625 361 1763 389 constent,
1785 361 1835 384 at—

1035 408 1088 434 que
1103 404 1178 427 extra
1198 401 1397 435 Scaligcrianas
1416 401 1537 429 salebras
1564 402 1717 429 consistam
1733 409 1740 426 :
1761 409 1833 428 nam

1036 445 1196 472 Diocletiani
1213 446 1320 472 initium
1341 447 1499 481 anticipavit
1519 446 1661 478 Eusebius,
1683 451 1709 474 ct
1724 455 1738 472 a
1756 454 1834 473 nco-

1037 491 1125 517 iucnia
1151 491 1244 524 Nisan,
1271 492 1310 517 vel
1339 491 1478 518 Paschalis
1507 492 1609 518 mensis
1635 499 1736 518 annum
1767 492 1835 525 ejus

1037 543 1082 562 χιιι
1101 537 1245 563 anteveitit
1260 546 1265 562 :
1280 536 1326 569 qui
1343 537 1450 570 quidem
1467 537 1550 570 cmpit
1566 544 1579 562 a
1597 536 1727 563 Palilibus
1761 537 1834 563 anni

1037 579 1100 606 509..
1116 580 1193 612 Quod
1209 581 1232 607 si
1247 588 1318 607 anno
1336 581 1394 614 ipso
1409 580 1568 607 Diocletiani
1585 581 1690 607 labente
1708 581 1734 608 id
1752 581 1834 607 acci—

1039 625 1112 652 disse
1138 625 1260 657 velimus,
1283 633 1426 660 possemus
1452 633 1523 652 anno
1549 626 1602 653 305
1631 626 1750 653 tribuere
1772 635 1779 653 :
1804 626 1836 652 iii

1040 678 1093 705 quo
1107 671 1183 706 cyclo
1198 671 1269 698 luna:
1284 679 1341 703 χιχ,
1361 671 1428 698 solis
1448 679 1483 703 iv,
1500 671 1587 698 littera
1602 671 1633 703 C,
1655 671 1835 697 noviluiiiiini

1040 725 1066 743 VI
1080 716 1167 743 Martii
1184 716 1310 743 inciderit
1324 725 1329 743 :
1346 716 1451 743 decima
1464 721 1560 751 quarta
1578 717 1650 746 luna,
1667 715 1756 742 Martii
1772 723 1834 747 xxx,

1041 762 1107 788 feria
1120 770 1156 792 Vl,
1167 761 1269 789 Pascha
1286 761 1374 788 Martii
1391 770 1446 793 XXI,
1463 762 1486 789 si
1504 762 1611 795 quidem
1625 760 1739 787 Judaico
1753 768 1836 787 more

1043 807 1226 833 eniboliniteus
1251 814 1338 833 annus
1359 807 1409 832 iste
1433 814 1486 832 non
1503 805 1601 836 fuerit,
1623 805 1744 839 adeoque
1768 809 1836 832 ante

1043 853 1247 886 mquinoctium,
1265 856 1294 878 ut
1314 859 1508 886 nonnunquam
1525 852 1577 878 illis
1595 851 1765 885 temporibus
1783 851 1836 878 ﬁe-

204 898 274 932 quod
289 905 376 925 annus
390 899 575 926 Antioclicnus
585 899 611 924 in
626 898 734 925 Eusebii
748 897 875 925 Chronico
890 898 939 925 251
954 899 990 926 sit
1006 892 1027 918 Β
1040 897 1096 927 bat,
1125 896 1229 923 Pascha
1256 897 1421 923 celebratum
1452 896 1544 922 fuerit.
1573 894 1625 922 Sed
1654 894 1744 922 verius
1777 898 1836 924 est.

204 943 345 978 appositus
363 943 395 969 ad
411 951 456 969 xu
474 943 646 974 Diocletiani,
660 944 799 970 concludit
817 951 918 970 annum
929 951 990 970 esse

206 988 304 1014 Christi
320 987 513 1023 Dionysianum
532 989 583 1014 505
603 996 688 1014 aureo
704 996 819 1015 numero
844 996 901 1019 nx,
925 989 991 1015 solis

206 1033 282 1068 cyclo
295 1041 331 1059 iv.
347 1032 408 1059 Mox
424 1037 514 1059 autem
532 1033 662 1063 titubans,
682 1037 763 1066 atque
775 1036 904 1064 ﬂ‘sltlﬂlls,
919 1032 990 1066 quod

207 1085 299 1104 mense
316 1077 422 1109 Martio,
447 1081 474 1104 et
497 1078 524 1104 in
549 1077 683 1104 Pascliate
701 1078 726 1104 id
742 1078 876 1104 acridisse
890 1077 993 1104 scribat

209 1122 352 1153 Eusebius,
380 1123 407 1148 in
433 1122 485 1149 501-
522 1122 647 1149 conferre
684 1123 807 1154 videtur;
848 1123 901 1149 imo
930 1131 993 1149 vero

208 1168 288 1195 etiam
305 1168 331 1193 iii
346 1167 408 1194 505.
428 1167 481 1194 Sed
498 1169 552 1199 hic,
575 1172 603 1194 ut
622 1169 648 1194 iii
663 1168 799 1202 plerisque
818 1168 890 1200 aliis,
908 1167 993 1194 Scali-

208 1219 273 1246 gero
283 1212 408 1246 contigit,
424 1215 455 1238 ut
473 1211 590 1239 Eusebio
613 1212 680 1238 falsa
706 1211 829 1245 quaedam
854 1211 993 1246 afﬁngens,

211 1256 251 1282 sic
266 1260 395 1290 tanquam
416 1255 518 1282 larvam
541 1257 686 1290 quamdam
703 1255 859 1288 fabricaret,
878 1264 994 1290 quacum

211 1306 319 1326 manuni
348 1306 522 1331 consereret;
552 1307 614 1326 nam
640 1299 711 1333 quod
737 1299 883 1326 Eusebium
905 1300 996 1327 dicere

212 1344 335 1376 affirmat,
363 1344 459 1370 Martio
476 1352 570 1371 mense
593 1345 651 1378 ipso
667 1343 809 1370 Paschalis
825 1345 940 1371 solemni
953 1345 997 1372 die

213 1390 380 1424 publicatum
403 1390 468 1416 illud
485 1389 617 1421 edictum,
638 1397 772 1423 nusquam
795 1389 847 1416 hoc
864 1389 997 1417 Eusebius

213 1434 334 1469 scripsit.
365 1434 451 1468 Hujus
479 1435 550 1461 enim
575 1433 656 1460 verba
687 1434 738 1461 ista
765 1439 828 1462 sunt
859 1435 907 1462 lib.
937 1443 997 1466 VIII,

213 1489 273 1516 cap.
290 1481 306 1507 5
321 1490 326 1507 :
347 1481 424 1512 Ἔτος
437 1479 515 1506 τοῦτο
527 1479 559 1515 ἦν
574 1480 813 1507 ἐννεακαιδέκατον
825 1481 874 1516 τῆς
888 1482 998 1516 Διοκλη-

214 1525 303 1551 τισινοῦ
319 1525 471 1559 βασιλείας·
487 1525 603 1560 Δύστρος
620 1526 683 1560 μήν.
706 1525 817 1559 Λέγοιτο
833 1526 855 1552 δ’
872 1526 904 1553 ἂν
923 1523 999 1558 οὗτος

215 1571 337 1605 Μάρτιος
360 1570 430 1596 κατὰ
462 1570 628 1605 Ῥωμαίους*
646 1572 674 1596 ἐν
694 1567 715 1604 ᾧ
739 1572 788 1606 τῆς
804 1571 850 1597 τοῦ
867 1572 999 1607 σωτηρίου

217 1616 318 1647 πάοους
332 1616 426 1651 ἑορτῆς
440 1616 646 1651 εἰσελαυνούσης
661 1616 770 1652 ἥπλωτο
784 1617 936 1652 πανταχόσε
954 1617 1000 1652 βα-

219 1661 308 1687 σιλικὰ.
325 1661 484 1697 γράμματα,
504 1666 557 1688 etc.
582 1663 672 1688 Annus
695 1669 751 1688 erat
776 1663 825 1689 iste
845 1662 1002 1690 Diocletiani

220 1714 276 1735 six.
290 1708 385 1733 mensis
405 1708 527 1741 Dystrna,
550 1708 594 1742 qui
617 1707 795 1734 Rnnanorum
821 1709 921 1736 Martio
958 1719 998 1737 re-

220 1752 341 1786 spondet.
357 1751 389 1778 In
402 1761 452 1786 quo
467 1753 612 1787 salutifera:
629 1753 766 1781 Passionis
791 1760 924 1789 appetente
936 1756 1003 1790 [esto

221 1797 313 1832 ubique
328 1797 498 1831 imperatoria
517 1799 603 1825 edicta
619 1800 754 1833 proposita
767 1800 880 1834 fuerant.

256 1842 337 1870 Falso
360 1844 451 1879 itaque
471 1844 518 1872 lib.
537 1853 553 1871 v
571 1845 608 1871 De
625 1845 723 1872 cmend.
753 1847 898 1880 scripsisse
923 1847 1005 1875 refert

222 1888 366 1916 Eusebium
395 1889 445 1924 τῆς
469 1890 565 1924 ἑορτῆς
589 1890 636 1915 τοῦ
665 1891 760 1925 Πάσχα
783 1891 1004 1926 εἰοελαυνούσης,

222 1935 300 1967 quasi
324 1934 427 1962 Pascha
460 1943 570 1962 necesse
599 1936 634 1962 sit
664 1935 690 1962 in
717 1936 841 1963 Martium
867 1938 1005 1966 incidisse.

223 1978 329 2006 Etenim
350 1980 383 2006 de
407 1979 575 2006 solemnibus
600 1980 696 2007 diebus
720 1981 859 2008 Passionis
877 1983 1007 2016 loquitur,

224 2025 281 2051 sive
305 2024 474 2051 hebdomade
500 2025 635 2059 paschali,
663 2032 723 2059 qua:
747 2025 850 2052 Pascha
882 2034 1008 2053 nonnun-

224 2077 306 2103 quam
322 2070 482 2105 appellatur,
498 2075 527 2097 ut
548 2071 581 2098 ad
601 2071 661 2098 lidei
675 2070 886 2105 Pi'ofessionem,
903 2080 963 2107 qua:
981 2074 1006 2099 in

225 2114 300 2142 calce
325 2115 405 2149 primi
423 2116 489 2142 tomi
510 2120 609 2148 exstat,
628 2117 828 2145 adnotavimus.
850 2117 927 2146 Unde
948 2119 1011 2146 licet

226 2158 367 2187 Paschalis
387 2168 484 2187 nomen
509 2160 642 2188 Eusebius
667 2162 841 2196 exprimeret,
867 2171 921 2190 non
951 2164 1011 2192 ideo

1042 951 1113 969 anno
1128 942 1230 969 Christi
1248 942 1301 969 502
1316 943 1476 977 contigisse.
1491 941 1623 969 Caeterum
1644 948 1744 967 annum
1770 940 1838 966 Dio-

1041 989 1149 1014 cletiani
1163 996 1208 1014 ιιι
1222 988 1355 1015 Eusebius
1367 996 1427 1015 cuni
1437 996 1508 1014 anno
1520 992 1617 1022 quarto
1628 986 1733 1022 Olyinp.
1744 994 1838 1013 cccxx

1042 1033 1194 1068 conjunxit,
1211 1041 1264 1060 non
1277 1041 1339 1060 cum
1359 1034 1444 1068 primo
1456 1033 1647 1060 ducentesiqu
1661 1032 1838 1066 septuagesi-

1044 1086 1093 1104 ma!
1108 1078 1210 1112 primm,
1223 1083 1251 1104 iit
1263 1082 1335 1112 putat
1346 1077 1475 1112 Scaliger,
1495 1077 1620 1104 videlicet
1630 1077 1837 1104 imiuer02519.

1043 1123 1138 1150 Annus
1153 1128 1267 1158 quartus
1290 1123 1396 1158 Olyinp.
1411 1123 1464 1150 2'70
1483 1123 1543 1149 iniit
1559 1130 1630 1150 anno
1647 1123 1748 1157 periodi
1771 1122 1830 1149 Jul.

1044 1170 1124 1201 5017,
1146 1170 1248 1207 Christi
1267 1169 1430 1204 Dionysiano
1455 1169 1517 1200 504,
1547 1168 1701 1196 Eusebiano
1717 1169 1781 1198 506.
1807 1173 1839 1194 ιιι

1045 1219 1086 1242 est
1107 1215 1135 1241 in
1154 1215 1345 1242 vetustissimis
1368 1215 1534 1241 editionibus
1548 1234 1555 1245 ,
1586 1221 1690 1240 necnon
1714 1219 1740 1241 et
1762 1213 1839 1240 Pon-

1046 1260 1110 1287 taci.
1136 1260 1163 1287 ln
1182 1261 1364 1295 Scaligcriana
1391 1267 1466 1292 vero,
1496 1259 1557 1286 504.
1583 1260 1634 1287 Sed
1652 1265 1748 1294 praeter
1770 1268 1839 1294 pro-

1047 1306 1233 1332 chronismum
1257 1307 1321 1332 anni
1348 1306 1439 1337 unius,
1461 1313 1514 1340 quo
1542 1305 1734 1340 Dionysianam
1752 1313 1837 1332 aerum

1048 1350 1200 1377 Euscbiana
1216 1351 1354 1384 praecedit,
1372 1357 1459 1377 annus
1483 1351 1551 1377 alter
1567 1351 1719 1376 inculcaius
1738 1354 1791 1381 est,
1809 1356 1840 1377 ut

1050 1394 1093 1420 hic
1114 1401 1202 1420 annus
1220 1399 1291 1420 esset
1313 1394 1374 1424 506,
1391 1395 1436 1428 qui
1461 1394 1513 1421 505
1526 1402 1586 1421 esse
1608 1395 1710 1424 debuit.
1737 1394 1837 1430 Diony-

1050 1439 1144 1466 sianus
1161 1447 1224 1466 vero
1246 1439 1307 1467 504.
1325 1440 1356 1466 Et
1377 1440 1496 1474 alioquin
1520 1440 1652 1466 Eusebius
1678 1440 1839 1467 Diocletiani

1049 1485 1179 1519 epocham
1196 1492 1250 1512 uno
1265 1493 1337 1512 anno
1349 1484 1454 1511 tardius
1468 1489 1658 1519 repraesentat;
1675 1492 1736 1511 nam
1752 1485 1840 1512 ascri-

1013 1548 1035 1576 ε
1052 1530 1091 1557 bit
1108 1537 1208 1556 annum
1233 1530 1306 1557 illius
1333 1531 1449 1564 primum
1479 1530 1512 1556 ad
1539 1530 1642 1565 Olymp.
1665 1529 1718 1556 266
1737 1538 1840 1556 annum

1051 1577 1180 1611 primum,
1196 1575 1242 1610 qui
1260 1583 1318 1610 per.
1339 1574 1394 1602 Jul.
1420 1574 1490 1602 4998
1511 1575 1603 1610 erepit,
1622 1575 1722 1601 Christi
1741 1574 1839 1609 Diony-

1051 1623 1128 1649 siano
1151 1621 1217 1652 285;
1247 1629 1308 1648 cum
1333 1621 1469 1656 superiori
1495 1625 1638 1655 competat.
1663 1628 1736 1646 anno
1761 1621 1840 1646 tertio

1051 1666 1157 1702 Olymp.
1177 1667 1230 1693 265
1245 1667 1361 1697 labente.
1379 1666 1466 1693 tribus
1487 1665 1626 1692 mensibus
1648 1669 1711 1692 ante
1732 1665 1840 1691 initium

1053 1712 1152 1746 quarti.
1170 1711 1246 1739 Unde
1262 1711 1424 1738 Diocletiani
1438 1719 1526 1737 annus
1539 1719 1584 1737 XIX
1600 1718 1661 1737 cum
1676 1717 1748 1736 anno
1763 1710 1840 1736 tertio

1054 1755 1161 1791 Olymp.
1178 1756 1231 1783 270
1248 1760 1432 1790 comparatur,
1452 1757 1498 1791 qui
1515 1763 1576 1782 cum
1606 1755 1726 1782 secundo
1752 1754 1841 1788 potius

1054 1801 1176 1835 copulari
1192 1801 1294 1828 debuit.
1312 1801 1399 1836 Cmpit
1417 1801 1488 1827 enim
1510 1801 1552 1827 hic
1570 1808 1641 1826 anno
1656 1800 1755 1826 thris:i
1776 1799 1840 1831 202,

1057 1847 1143 1873 tribus
1157 1847 1296 1873 mensibus
1312 1848 1416 1873 exactis
1438 1847 1473 1873 ab
1491 1846 1568 1873 initio
1590 1846 1653 1872 anui
1671 1853 1716 1871 ιιιι
1737 1844 1843 1871 Diocle-

1056 1893 1133 1919 tiani.
1153 1891 1204 1919 Sed
1221 1892 1246 1919 in
1276 1893 1353 1920 annis
1368 1892 1467 1919 Christi
1487 1891 1646 1920 Eusebianis
1660 1891 1760 1917 frustra
1779 1898 1842 1916 con<

1057 1932 1206 1970 llic-tamur;
1232 1945 1301 1972 quos
1320 1945 1334 1963 a
1357 1937 1475 1964 librariis
1495 1937 1622 1968 intextas,
1637 1943 1690 1962 non
1707 1936 1740 1962 ab
1757 1935 1842 1963 Eusc-

1058 1983 1102 2010 bio
1124 1983 1192 2018 ipso,
1207 1983 1256 2010 viri
1272 1984 1344 2010 docti
1361 1983 1456 2009 merito
1473 1983 1646 2017 persuadent.

1096 2028 1225 2063 Superest
1251 2035 1339 2055 annus
1366 2028 1569 2059 Antiochenus,
1594 2027 1639 2062 qui
1676 2025 1843 2060 Scaligerum

1061 2074 1128 2100 adeo
1139 2074 1293 2100 conturbat.
1303 2073 1375 2101 [Erae
1388 2074 1561 2101 Antiochense
1571 2072 1748 2107 primordium
1763 2079 1842 2098 uvni

1062 2118 1157 2146 solidis
1175 2118 1253 2145 annis
1267 2118 1457 2153 Dionysianam
1482 2126 1563 2145 atram
1587 2117 1731 2144 antecedit.
1751 2117 1844 2143 Incidit

1062 2163 1133 2190 enim
1154 2164 1180 2190 in
1200 2171 1300 2191 annum
1319 2172 1375 2198 per.
1391 2163 1445 2190 Jul.
1472 2163 1597 2199 4660.“
1615 2163 1765 2197 pesteriore
1783 2161 1844 2188 Sca-

227 2204 326 2232 festum
348 2205 436 2239 ipsum
451 2206 549 2232 Martio
574 2214 665 2233 mense
686 2208 833 2242 contigisse
854 2210 1010 2236 necessario
1026 2207 1049 2236 D
1063 2209 1139 2242 ligeri
1159 2209 1291 2235 sententia
1309 2208 1335 2234 in
1353 2208 1533 2234 Aniinadvcrs.
1550 2212 1576 2234 et
1594 2207 1665 2241 Isag.
1680 2214 1739 2232 cun.
1759 2205 1844 2237 Quare

227 2250 352 2277 concludi
368 2254 470 2285 posset,
487 2253 635 2285 prabsertim
651 2259 712 2277 cum
726 2253 943 2288 εἰσελαυνούσης,
961 2255 1012 2281 hoc

228 2299 269 2322 est
296 2299 437 2328 appetente,
463 2295 698 2328 appropinquante,
725 2295 874 2329 scripserit.
900 2295 927 2322 In
959 2296 1014 2322 fra-

229 2341 356 2376 gmentis,
374 2348 435 2375 qum
453 2340 480 2366 iii
499 2340 545 2367 lib.
560 2348 606 2366 vni
630 2340 661 2366 ad
687 2340 788 2367 calcem
804 2341 925 2375 conjecta
940 2347 1011 2374 sunt,

229 2385 295 2412 edit.
318 2385 386 2411 Rob.
404 2385 498 2419 Steph.
527 2384 574 2411 fol.
599 2384 644 2415 91.
662 2393 722 2419 pag.
743 2385 770 2416 2,
787 2385 857 2412 idem
877 2386 921 2413 ille
939 2388 1014 2415 locus

231 2431 266 2457 ita
281 2430 435 2463 concipitur
449 2440 454 2456 :
471 2430 550 2460 Ἔτος
571 2429 649 2456 τοῦτο
666 2428 699 2465 ἦν
717 2431 951 2457 ἐννεακαιδέκατον
966 2433 1014 2467 τῆς

230 2475 420 2510 Διοκλητιανοῦ
439 2475 586 2509 βασιλείας,
603 2475 731 2507 Ξανῢικὸς
747 2476 811 2512 μὴν,
821 2476 850 2508 ὃς
865 2476 968 2511 λέγοιτο
983 2478 1015 2504 ἂν

238 2520 389 2555 ’Λπρὶλλιος
416 2520 485 2546 κατὰ
504 2521 665 2556 Ῥωμαίους.
682 2520 730 2547 llic
755 2522 840 2556 Aprili
865 2530 958 2550 mense
977 2523 1014 2550 fa-

232 2571 305 2592 ctum
327 2566 391 2592 illud
409 2562 506 2593 asserit
523 2576 530 2594 :
549 2575 644 2601 nempe
663 2567 735 2601 quod
755 2567 901 2596 hebdomas
922 2573 1016 2596 sancta

234 2618 376 2645 utriusque
399 2612 499 2639 mensis
520 2616 624 2646 partem
647 2612 764 2647 aliquam
786 2613 931 2648 decerpsit.
956 2614 1017 2641 Fuit

234 2657 277 2683 hic
294 2665 380 2684 annus
396 2657 496 2684 Christi
509 2658 571 2689 502,
584 2658 659 2693 cyclo
676 2658 746 2685 luna:
761 2667 836 2691 lVlll,
849 2659 964 2691 solisui,
977 2659 1016 2686 lit.

235 2702 267 2733 υ,
282 2703 446 2730 iiovilunium
466 2702 597 2730 Paschalc
616 2702 764 2735 Νἰοῖιειιιιιιι⁷
786 2703 874 2730 Martii
893 2712 947 2730 xw.
966 2704 1017 2731 Sed

235 2747 393 2775 Diocletiani
408 2754 528 2783 tempore
539 2748 626 2775 adhuc
641 2749 763 2776 fortassis
773 2749 894 2776 hazrebat
909 2750 934 2776 in
952 2757 1017 2776 xui.

236 2794 319 2828 Igitur
329 2794 530 2829 quartadecima
542 2793 681 2821 Paschalis
695 2794 782 2821 Martii
792 2795 921 2822 vicesimo
936 2802 1018 2827 nono,

239 2839 387 2873 Dominica,
410 2841 451 2869 vel
475 2841 623 2873 tricesimo,
647 2841 713 2867 feria
735 2849 764 2867 ii.
783 2841 851 2868 llinc
868 2841 914 2868 τοῦ
931 2841 1019 2878 colig--

1065 2262 1137 2281 anno
1157 2263 1212 2287 per.
1231 2253 1284 2281 Jul.
1304 2254 1383 2286 5015,
1399 2254 1499 2281 Christi
1527 2253 1690 2287 Dionysiano
1711 2251 1774 2283 502,
1791 2258 1844 2277 cm-

1066 2299 1104 2332 pit
1119 2306 1207 2325 annus
1221 2297 1450 2325 Antiochenorum
1466 2297 1518 2324 550
1533 2297 1566 2324 ab
1579 2295 1706 2327 Octobri;
1719 2296 1767 2322 551
1784 2303 1844 2321 vero

1067 2351 1138 2370 anno
1161 2343 1324 2378 Dionysiano
1341 2342 1402 2369 505.
1420 2341 1523 2369 Idcirco
1542 2341 1683 2367 manifesta
1700 2343 1742 2367 est
1763 2339 1845 2366 Euse-

1067 2390 1103 2417 bii
1131 2390 1204 2416 labes
1232 2393 1286 2416 tam
1311 2389 1338 2415 in
1362 2396 1415 2415 aera
1432 2388 1589 2415 Diocletiani
1613 2394 1694 2422 quam
1716 2387 1742 2413 in
1756 2387 1844 2413 Antio-

1068 2435 1164 2461 ιιιιριιιι.
1189 2435 1283 2461 Annus
1306 2433 1465 2461 Diocletiani
1484 2441 1530 2460 mi
1551 2433 1634 2467 cmpit
1658 2439 1730 2459 anno
1755 2432 1844 2458 Antio-

1068 2480 1154 2507 clieno
1170 2479 1221 2506 549
1237 2480 1325 2506 adhuc
1344 2479 1459 2510 labente,
1477 2486 1509 2505 ac
1534 2482 1594 2512 post
1618 2484 1723 2504 menses
1746 2476 1798 2503 fere
1821 2484 1844 2502 τι

1070 2524 1129 2550 iniit
1150 2531 1236 2550 annus
1258 2524 1487 2550 Antiochenorum
1516 2522 1575 2548 550.
1603 2521 1650 2547 Est
1675 2521 1756 2555 igitur
1772 2528 1844 2547 unus

1071 2569 1134 2596 anni
1164 2569 1384 2604 prochrouismus
1414 2568 1484 2602 apud
1522 2567 1685 2599 Eusebium,
1715 2566 1761 2600 qui
1791 2574 1844 2592 cum

1071 2623 1141 2642 anno
1159 2622 1203 2640 Xix
1219 2613 1376 2640 Diocletiani
1393 2613 1531 2639 connectit
1545 2619 1646 2637 annum
1664 2611 1725 2638 551.

1105 2661 1144 2687 Ad
1160 2667 1292 2687 summam
1315 2658 1471 2685 Diocletiani
1492 2658 1628 2684 horribilis
1643 2658 1685 2684 illa
1702 2657 1846 2692 persecutio

1071 2705 1235 2740 cmpitanno
1247 2704 1367 2739 ejusdem
1386 2711 1450 2730 xvni
1461 2707 1586 2736 exeunte,
1599 2703 1637 2730 vel
1649 2704 1759 2730 ineunte
1778 2711 1815 2729 Xl\‘
1833 2709 1845 2728 ι

1072 2750 1186 2778 Kalend.
1203 2749 1264 2776 Jan.
1287 2754 1333 2776 aut
1360 2749 1475 2781 Martiis,
1489 2749 1589 2777 Christi
1613 2749 1778 2785 Dionysiano
1793 2749 1844 2775 sos.

1074 2796 1150 2823 Unde
1163 2795 1270 2822 nonnisi
1285 2795 1422 2822 biennium
1435 2795 1618 2822 Diocletianus
1631 2795 1702 2821 illam
1717 2791 1845 2827 excreuiiﬁ

1075 2841 1182 2869 tametsi
1202 2849 1216 2868 a
1236 2841 1343 2868 Galerio
1369 2839 1531 2867 Maximiano
1557 2839 1670 2876 aliisque
1697 2838 1846 2869 Diocletiani
