1937 3039
77 105 128 133 ὅτι

559 105 602 132 DE
622 104 840 133 ROMANORUM
859 105 949 132 IMPP.
968 101 1222 133 CllllONOLOGIA.
1661 108 1694 135 57

76 169 103 190 et
118 161 278 190 Maximiani
298 160 419 189 Herculii
445 161 652 190 successoribus
675 164 821 196 propagata
838 160 874 188 sit
889 163 911 191 Λ
926 165 976 188 est.
993 160 1089 195 Itaque
1111 161 1303 188 Maximianum
1318 161 1474 188 Herculium
1491 169 1553 188 eum
1567 161 1713 190 Maximino

76 209 109 236 ad
123 215 212 235 annos
223 207 326 243 plures,
344 207 394 234 hoc
408 211 449 234 est
464 207 498 234 ad
518 207 581 239 '511,
602 210 632 234 ut
645 207 773 241 opinatur
785 206 870 232 Baro-

78 255 149 282 nius.
176 253 215 281 Ex
230 260 285 289 quo
299 257 407 281 constat
421 260 530 280 errasse
555 256 692 285 nostrum,
705 253 762 286 qui,
782 252 870 286 impe-

77 304 154 327 rante
170 299 350 330 Diocletiano,
369 305 456 326 annos
475 302 546 326 totos
563 305 612 330 xu,
636 298 687 324 hoc
709 302 750 325 est
774 301 871 332 praeter

77 352 174 375 unum,
186 351 283 372 omnes
297 345 370 372 illius
386 344 494 379 imperii
511 351 597 371 annos
613 350 763 377 occupasse
778 343 870 370 tradit.

108 389 167 416 Kal
178 391 303 417 παύεται
317 390 372 424 τῆς
380 390 543 423 βασιλείας
556 389 778 423 οὺαιτρανίσας.
793 389 872 415 Anno

76 435 179 462 (Thristi
210 435 272 467 504,
305 436 365 470 ipso
404 434 440 461 1X
469 439 496 463 et
522 434 688 462 Maximiano
716 433 773 460 Vill
798 441 870 461 coss.

77 481 240 516 Quanquam
260 481 340 508 ambo
366 481 464 509 iterum
487 481 614 509 consules
636 480 721 507 luisse
749 481 871 515 legantur

76 535 148 553 anno
165 527 229 559 308,
248 527 301 554 nisi
321 527 445 555 mendosi
465 527 520 554 sint
543 526 631 558 Fasti,
653 526 726 561 quod
743 525 873 561 quemad-

78 571 189 598 modum
205 571 335 598 acciderit
349 592 355 604 ,
381 579 612 606 supervacaneum
636 575 678 598 est
694 579 824 606 quzercre.
842 571 873 597 Et

78 618 161 644 varize
178 616 361 644 divinationes
379 625 441 644 esse
465 620 589 652 possunt,
605 625 673 652 quas
697 617 764 643 nihil
781 623 872 643 mora-

78 670 148 689 mur.
175 662 351 690 Oliservanda
370 670 452 697 porro
473 670 523 689 vox
547 666 599 693 est,
623 670 676 697 qua
704 662 873 697 Epiphanius

78 709 176 742 utitur,
203 708 405 743 οὺαιτρανίσας,
433 708 505 743 quod
535 708 601 735 nihil
633 708 707 735 aliud
738 708 874 743 signiﬁcat

77 762 159 788 quam
177 757 367 781 veteranorum
385 754 471 781 instar
489 754 660 781 vocationem
678 754 729 781 sibi
753 761 872 785 sumere,

78 807 109 826 ac
125 799 271 832 secedere;
285 799 358 834 quod
377 799 538 827 vocabulum
557 799 689 827 hactenus
709 799 736 826 in
753 799 873 827 Onoma-

79 846 156 872 stieis
172 845 380 872 mislobarburis
395 844 576 872 desideratur.

112 891 301 926 Μαξιμιανὸς
317 891 351 917 δὲ
363 891 446 924 κακῷ
458 892 549 926 μόρῳ.
568 891 604 919 De
625 890 790 918 Maximiano
808 890 874 917 ller-

79 937 151 964 milio
169 937 331 964 Diocletiani
350 937 453 972 collega
480 937 552 972 tequi
569 945 599 964 se
620 937 737 971 putavit,
762 941 788 964 et
809 944 873 963 vero

79 983 173 1010 debuit
189 983 375 1017 Epiphanius;
391 983 437 1010 sed
448 985 520 1017 quod
532 983 583 1009 lioc
593 983 653 1009 loco
665 985 769 1014 narrat,
784 981 873 1008 neutri

81 1028 267 1059 Maximiano,
291 1028 338 1055 sed
363 1027 511 1054 Maximino
529 1028 655 1063 contigit.
682 1027 874 1062 Saepenumero

80 1073 168 1100 (ἰηεοί
186 1073 334 1106 scriptores
347 1071 527 1100 Maximiano;
540 1071 610 1099 duos
627 1071 755 1103 invicem,
774 1075 873 1098 etcum

81 1120 231 1146 Maximino
255 1119 438 1146 confundunt.
462 1118 527 1151 Quae
550 1126 594 1145 res
615 1119 698 1145 etiam
722 1112 874 1144 attentissi4

82 1173 155 1191 iuuiu
170 1165 298 1192 lectorem
328 1164 455 1191 frustrari
471 1164 568 1198 possit.
585 1163 771 1190 Diocletianus
783 1165 809 1189 et
823 1162 875 1188 Ma-

82 1211 220 1237 ximianus
238 1209 382 1237 llerculius
397 1210 588 1237 Constantium
617 1208 747 1235 Chlorum
775 1211 802 1234 et
821 1207 874 1234 Ga-

83 1256 180 1283 lerium
198 1255 393 1282 Maximianum
410 1254 611 1281 Armentarium
627 1253 750 1280 Caesares
763 1257 873 1279 creant:

82 1301 128 1336 qui
144 1306 207 1336 post
219 1301 328 1328 illorum
345 1300 530 1329 secessionem
545 1299 661 1334 Augusti
676 1307 708 1326 ex
719 1298 875 1326 Cmsaribus

83 1348 157 1374 lacti.
176 1347 302 1374 Galerius
317 1347 497 1374 Maximianus
512 1346 580 1373 duos
594 1345 717 1372 Caesares
733 1344 875 1371 constituit

82 1400 210 1420 sororum
236 1393 324 1425 ﬁlios,
347 1393 378 1420 C.
401 1391 540 1419 Galerium
569 1390 765 1420 Maximinum,
794 1397 875 1424 quem

82 1439 189 1466 Orienti
218 1438 358 1474 prafecit,
379 1442 406 1465 et
426 1437 461 1464 M.
483 1437 624 1464 Aurelium
653 1435 783 1463 Severum
797 1456 807 1470 ,ι
832 1434 875 1461 cui

82 1485 261 1513 Occidentem
277 1483 413 1519 permisit.
433 1482 552 1510 Severus
567 1482 659 1509 Caesar
675 1489 688 1507 ιι
702 1480 810 1507 Galerio
824 1479 876 1506 )ila-
888 1497 912 1527 α

79 1531 207 1559 ximiano
223 1534 319 1558 contra
340 1529 506 1556 Maxentium
528 1529 629 1555 missus
645 1526 781 1553 Raveume
800 1525 876 1553 occi-

83 1578 168 1611 ditur,
187 1578 225 1604 ait
246 1576 380 1603 Eusebius
395 1576 421 1603 iu
437 1575 567 1602 Chronico
578 1595 586 1606 ,
609 1573 701 1601 Victor
718 1573 745 1599 in
761 1571 877 1599 Cwsari—

83 1625 142 1656 bus,
168 1627 195 1651 et
215 1623 271 1650 alii.
293 1622 475 1649 Maximianus
497 1620 644 1648 llerculius
666 1623 805 1652 resumpto
826 1618 877 1644 im-

83 1669 171 1701 perio,
194 1674 256 1693 cum
280 1666 393 1693 insidias
409 1665 592 1692 Constantino
607 1670 716 1703 igenero
739 1666 874 1693 strueret,

84 1711 212 1739 Massiliae
224 1715 266 1738 est
277 1712 397 1742 occisus,
412 1718 465 1737 non
481 1709 572 1741 Tarsi,
588 1713 614 1735 ut
628 1708 754 1735 Zosimus
770 1706 874 1734 scribit.

83 1755 212 1783 Galerius
224 1755 405 1782 Maximianus
417 1755 591 1782 Christianos
607 1753 801 1780 crudelissime
819 1760 877 1787 per-

84 1806 208 1833 secutus,
224 1801 396 1836 consumptis
412 1800 577 1835 genitalibus
593 1799 703 1830 deiecit,
720 1798 757 1824 ait
772 1797 875 1824 Victor.

87 1849 174 1883 llujus
191 1847 407 1875 funestissimam
427 1851 541 1873 mortem
565 1853 597 1872 ac
621 1845 754 1872 divinitus
770 1843 874 1870 immis-

85 1903 131 1923 sos
143 1895 282 1923 cruciatus
291 1893 415 1928 pluribus
426 1892 584 1926 exsequitur
597 1890 730 1918 Eusebius
747 1889 794 1916 lib.
814 1896 874 1918 vui.

84 1949 146 1977 cap.
187 1941 240 1972 18,
271 1943 298 1967 ct
333 1939 376 1966 19.
409 1937 535 1965 Galerius
570 1937 734 1963 Maximinus
766 1935 800 1962 ab
832 1933 877 1961 Li-

85 1987 160 2015 cinio
176 1986 267 2014 victus
296 1992 329 2012 ac
346 1985 406 2012 dira
434 1984 495 2011 tabe
519 1986 662 2017 correptus
684 1981 761 2008 Tarsi
784 1980 874 2016 periit.
909 2008 914 2013 ,

85 2030 154 2060 Vide
176 2031 322 2059 Eusebium
341 2031 387 2058 lib.
409 2038 448 2062 1x,
462 2037 523 2065 cap.
539 2028 565 2056 8.
599 2027 649 2055 Ubi
666 2027 738 2062 quod
756 2026 876 2062 Epipha-

85 2078 149 2105 nius
165 2077 213 2108 ait,
231 2075 395 2111 ἐξεὸολϐήθη
413 2075 476 2106 τοὺς
493 2073 660 2109 ὀφθαλμούς,
679 2073 720 2099 sic
740 2076 850 2099 enarrat
867 2077 875 2096 :

85 2122 251 2160 Προπηδῶσι.
271 2123 319 2158 μὲν
333 2121 407 2156 αὐτῷ
418 2121 452 2147 τὰ
468 2120 592 2155 ὄμματα,
607 2118 655 2145 καὶ
671 2118 718 2153 τῆς
737 2117 804 2148 ἰδίας
827 2117 877 2152 λή-

925 207 1095 240 permiscuit.

962 253 1089 285 Τούτους
1115 252 1356 286 τελευτήσαντας
1379 251 1553 286 διαδέχεται.
1581 254 1715 281 Constan-

925 298 982 326 tino
1004 298 1151 343 Chronic?"
1174 298 1285 325 Eusebii
1305 298 1352 325 dat
1372 305 1458 325 annos
1479 306 1542 331 xxx,
1562 308 1668 327 menses
1686 308 1713 326 x.

924 344 958 370 At
971 344 1040 371 idem
1055 344 1190 371 Eusebius
1202 343 1250 370 lib.
1269 351 1294 370 tv
1312 343 1348 370 De
1363 344 1415 369 vita
1428 343 1608 376 Constantini,
1623 351 1649 371 (ι.
1663 346 1715 377 55,

924 390 963 416 ait
974 389 1124 424 imperasse
1139 397 1226 416 annos
1240 396 1327 421 xxxii,
1343 389 1434 415 minus
1450 390 1545 423 paucis
1561 391 1712 418 mensibus:

924 434 1028 461 vixisse
1042 441 1108 461 vero
1134 434 1246 468 duplum
1261 437 1380 468 tempus.
1401 433 1529 461 Socrates
1548 437 1574 461 et
1588 433 1717 462 Sozome-

924 487 976 506 nus
1001 480 1144 514 imperium
1164 479 1243 506 anuis
1266 487 1329 506 xxxi
1362 479 1514 511 definiunt,
1542 479 1624 505 vitam
1647 487 1715 507 va.

925 523 1108 559 Hieronymus
1120 524 1147 550 in
1162 525 1352 558 supplemento
1366 524 1472 558 imperii
1491 532 1563 556 xxxi,
1581 525 1643 551 vitaa
1654 533 1716 551 1.th

925 574 1069 601 numerat,
1095 570 1167 604 quod
1190 577 1223 597 cx
1239 569 1371 604 Eutropio
1395 569 1545 596 transtulit.
1563 569 1636 597 Mors
1657 569 1717 604 ejus

925 615 1079 642 indubitate
1100 615 1258 642 charactere
1283 619 1401 644 notatur,
1425 620 1499 640 anno
1515 614 1618 641 Christi
1647 614 1715 646 357,

926 662 1070 688 undecimo
1083 661 1198 688 Kalend.
1213 659 1298 692 Junii,
1308 661 1368 695 ipso
1377 660 1420 686 die
1435 659 1621 691 Pentecostcs,
1638 661 1716 694 cyclo

926 707 993 734 solis
1014 714 1040 739 x,
1061 707 1151 733 littera
1167 705 1196 738 Β,
1213 705 1352 733 Feliciano
1367 710 1393 732 et
1409 704 1519 731 Titiano
1542 712 1615 732 coss.
1639 704 1717 732 Errat

926 759 990 779 vero
1007 752 1139 787 Scaliger,
1156 752 1201 787 qui
1219 751 1389 778 tricesimum
1405 751 1529 785 explesse
1550 755 1647 785 negat;
1669 751 1716 777 sed

927 804 1014 825 annos
1034 798 1136 825 solidos
1157 798 1289 823 duntaxat
1306 797 1456 831 imperasse
1469 804 1544 828 xxix,
1563 804 1624 822 cuiu
1641 804 1717 823 inen-

925 844 1002 871 sibus
1018 852 1064 875 vn,
1079 843 1176 871 diebus
1187 851 1284 874 xxvui,
1297 850 1332 870 ex
1348 850 1374 869 a.
1391 842 1418 869 d.
1432 850 1478 869 vui
1494 842 1553 868 Kal.
1571 842 1631 869 Oct.
1649 842 1716 876 Ejus

924 896 989 916 vero
1009 888 1118 915 initium
1142 890 1239 916 statuit
1257 888 1283 914 iu
1306 895 1378 914 anno
1396 887 1498 914 Christi
1521 887 1583 914 507.
1609 887 1668 920 Quo
1682 896 1716 915 ex

924 943 1017 963 errore
1029 935 1120 962 caueri
1133 935 1274 970 propagati
1287 939 1350 961 sunt
1361 934 1394 960 de
1406 933 1585 960 indictionum
1599 933 1714 968 origine,

924 980 1012 1014 deque
1025 979 1140 1007 Nica’nze
1152 979 1248 1014 synodi
1264 983 1397 1013 tempore,
1409 985 1468 1012 qua:
1482 983 1545 1004 sunt
1557 978 1627 1013 apud
1641 978 1715 1005 illum

925 1024 1169 1060 depravatissima;
1194 1031 1255 1050 nam
1279 1028 1305 1050 et
1322 1023 1459 1050 Nicwnuui
1476 1023 1623 1049 concilium
1642 1024 1714 1049 cele-

925 1070 1032 1097 bratum
1049 1074 1157 1096 constat
1173 1077 1246 1096 anno
1256 1069 1355 1096 Christi
1365 1069 1427 1099 525,
1443 1068 1554 1094 Paulino
1567 1073 1592 1095 et
1606 1067 1716 1095 Juliano

925 1121 1010 1146 coss.,
1026 1114 1159 1141 eteadem
1173 1121 1256 1145 anno,
1273 1114 1381 1148 expleto
1395 1113 1523 1140 vicesimo
1539 1120 1621 1145 anno,
1641 1113 1716 1140 Cou-

925 1161 1075 1187 stantimuu
1092 1159 1234 1186 Vicnnalia
1259 1159 1422 1186 celebrasse.
1448 1159 1525 1191 Quod
1543 1167 1714 1193 nequaquam

926 1204 1083 1237 accidisset,
1109 1205 1132 1232 si
1154 1211 1228 1231 anno
1249 1204 1358 1231 demum
1381 1203 1482 1231 Christi
1504 1203 1556 1230 507
1577 1204 1715 1238 cmpissct.

927 1249 1055 1276 Socrates
1080 1254 1218 1276 mortuum
1246 1249 1455 1276 Constantinum
1476 1256 1537 1276 esse
1557 1249 1624 1275 dicit
1644 1256 1716 1275 anno

926 1295 1048 1322 secundo
1064 1295 1117 1322 278
1137 1295 1325 1330 Olympiadis;
1345 1294 1536 1322 Constantium
1557 1302 1621 1321 vero
1635 1294 1716 1321 Chlo-

926 1348 987 1367 rum
1003 1340 1107 1367 ohiisse
1125 1348 1198 1367 anno
1213 1341 1302 1374 primo
1316 1339 1423 1375 Olymp.
1439 1339 1502 1371 271,
1518 1338 1584 1366 Julii
1601 1348 1663 1366 xxv.
1683 1339 1714 1366 Ui

927 1385 1009 1419 igitur
1029 1385 1139 1412 ineunte
1159 1384 1319 1419 Olympiade
1341 1383 1392 1410 271
1416 1383 1611 1411 Constantinus
1636 1384 1707 1417 impe

927 1432 997 1458 rium
1014 1432 1128 1466 ceperit,
1153 1438 1215 1457 cum
1237 1433 1354 1457 exeunte
1375 1437 1446 1456 anno
1465 1429 1586 1456 secundo
1608 1428 1715 1464 Olymp.

927 1477 981 1504 278
1001 1483 1128 1504 mortuus
1150 1477 1197 1507 sit,
1220 1476 1340 1502 nondum
1363 1479 1417 1502 Xxx
1441 1482 1528 1501 annos
1551 1474 1716 1508 expleverat.

928 1522 1009 1556 Atqui
1034 1529 1098 1548 xxxi
1117 1520 1246 1548 Socrates
1269 1520 1404 1547 attribuit.
1420 1519 1500 1546 Falso
1523 1519 1605 1554 igitur
1625 1518 1715 1553 Olym-

929 1568 1017 1603 piadis
1038 1567 1090 1594 2ῗὸ
1109 1575 1181 1594 anno
1205 1567 1325 1594 secundo
1347 1567 1453 1594 obitum
1479 1565 1538 1599 ejus
1561 1564 1715 1598 eousignat.

926 1615 1005 1641 Auno
1023 1614 1123 1640 Christi
1148 1613 1211 1645 557,
1231 1613 1287 1640 sive
1306 1620 1365 1647 per.
1379 1611 1431 1638 Jul.
1451 1611 1530 1643 5050,
1547 1610 1606 1636 iniit
1628 1617 1716 1636 anuus

927 1659 1007 1694 lphiti
1028 1659 1109 1689 1115,
1135 1658 1193 1685 sive
1215 1657 1321 1692 Olymp.
1341 1656 1393 1683 279
1419 1656 1524 1691 primus
1552 1660 1614 1682 ante
1636 1662 1715 1689 quem

926 1709 1053 1732 mortuus
1076 1709 1118 1732 est
1137 1703 1345 1734 Constantinus,
1360 1707 1476 1729 exeunte
1494 1706 1590 1736 quarto
1608 1701 1714 1735 Olymp.

925 1750 990 1777 278.
1008 1749 1068 1776 Jam
1093 1757 1157 1776 vero
1176 1749 1198 1776 si
1214 1756 1246 1777 cx
1273 1747 1382 1775 Eusebii
1405 1747 1549 1778 sententia,
1567 1753 1627 1780 quis
1648 1754 1714 1780 pra-

927 1796 1041 1824 l'erenda
1058 1796 1170 1830 reliquis
1188 1793 1303 1826 videtur,
1322 1793 1520 1820 Constantinus
1534 1799 1608 1817 xxxii
1626 1799 1715 1819 annos

926 1843 1024 1878 paucis
1034 1842 1157 1876 exceptis
1173 1840 1326 1871 mensibus,
1340 1838 1503 1873 impleverit,
1517 1837 1585 1864 adeo
1598 1843 1626 1863 ut
1643 1837 1714 1864 vice-

926 1889 1014 1915 simus
1029 1887 1127 1914 tcrtius
1144 1886 1203 1920 ejus
1217 1884 1390 1911 inchoandus
1403 1883 1486 1909 fuerit
1500 1890 1572 1908 anno
1593 1883 1638 1909 illo
1652 1883 1714 1915 557,

926 1941 980 1968 quo
1001 1936 1126 1959 mortuus
1140 1936 1191 1962 est,
1210 1937 1382 1964 consequens
1398 1932 1449 1959 est,
1468 1935 1569 1954 annum
1588 1928 1648 1962 ejus
1664 1929 1721 1963 pri-

926 1985 1000 2005 mum
1015 1977 1114 2004 cadere
1136 1977 1164 2002 in
1182 1983 1283 2002 annum
1298 1974 1401 2001 Christi
1418 1973 1480 2005 305,
1499 1980 1554 2007 quo
1568 1981 1601 2000 ex
1619 1974 1714 2002 diebus

926 2023 1028 2051 aestivis
1054 2022 1136 2057 cmpit
1162 2028 1250 2048 anuus
1274 2020 1379 2054 primus
1403 2018 1572 2053 Olympiadis
1595 2018 1664 2052 271;
1686 2020 1713 2046 iu

926 2077 1006 2105 quem
1024 2067 1150 2095 Socrates
1166 2064 1318 2093 Constantii
1338 2063 1430 2090 Chlori
1452 2067 1567 2089 mortem
1582 2063 1711 2091 contulit.

926 2115 1110 2150 Panegyricus
1127 2111 1291 2140 Maximiano
1301 2114 1327 2137 et
1338 2108 1520 2137 Constantino
1536 2108 1668 2143 Augustis
1679 2109 1713 2136 ab

86 2153 351 2202 gain;di1=onsrr6vm,
374 2153 461 2202 τέηρὺν
476 2153 558 2192 etiam
577 2164 700 2199 ἀφίησιν.
727 2162 806 2189 Haud
821 2161 874 2189 du-

928 2161 1034 2188 incerto
1062 2163 1174 2186 auctore
1201 2158 1291 2185 dictus
1316 2154 1462 2191 signiﬁcat,
1491 2153 1712 2185 Constantinum,

86 2216 130 2242 bia
153 2215 237 2250 igitur
259 2213 404 2248 Epiphanii
430 2215 473 2240 est
499 2211 694 2242 hallucinatio,
721 2209 768 2244 qui
791 2207 875 2235 Maxi-

86 2262 179 2288 miano
196 2259 356 2287 Diocletiani
368 2258 488 2293 collegae,
499 2257 550 2284 hoc
566 2260 609 2284 est
636 2255 763 2283 Herculio
780 2254 875 2281 tribuit

85 2314 147 2342 quae
173 2305 320 2332 Maximino
347 2304 425 2331 Dazze
449 2302 550 2330 Galerii
581 2300 746 2328 Armentarii
771 2300 875 2327 sororis

86 2354 142 2382 lilio
163 2352 350 2386 contigerunt.
366 2349 430 2378 Hmc
443 2357 476 2376 ex
498 2347 614 2379 Victore,
633 2346 758 2379 Zosimo,
777 2345 876 2372 Eutro-

86 2400 143 2435 pio,
165 2397 283 2425 Eusebio
299 2397 414 2431 aliisque
431 2394 601 2429 collegimus.

121 2445 313 2478 Καταλειψας
327 2443 460 2471 Λικίνιον
482 2440 531 2467 καὶ
552 2438 771 2466 Κωνστίὶντιον.
793 2435 875 2471 Atqui

85 2490 278 2519 Constantium
300 2496 362 2515 cum
393 2486 562 2513 Diocletiano
585 2487 611 2511 et
637 2482 801 2509 Maximiano
825 2487 876 2507 xui

86 2543 175 2563 annos
198 2535 350 2569 imperasse
368 2532 481 2559 dixerat.
501 2529 580 2563 Quod
602 2532 631 2555 ιιι
649 2527 760 2554 minime
782 2532 876 2552 verum

86 2586 140 2614 est,
157 2581 194 2608 ita
212 2580 309 2606 falsum
329 2577 424 2605 ambos
435 2576 496 2602 illos
509 2572 749 2609 οὑαιτρανίσαντςις
766 2576 877 2597 succes-

87 2635 163 2655 sores
186 2625 330 2660 reliquisse
359 2622 495 2649 Licinium
525 2624 551 2648 et
577 2617 786 2649 Constantium;
812 2622 875 2642 nam

87 2672 279 2701 Constantium
304 2669 434 2696 Chiorum
468 2671 495 2694 et
517 2665 656 2693 Galerium
681 2661 876 2689 Maxiiuianum

87 2718 138 2746 sibi
157 2716 359 2744 Substituerunt
374 2723 380 2741 ε
395 2712 517 2740 Licinius
531 2714 625 2746 postea
640 2717 654 2736 a
670 2708 778 2735 Galerio
791 2706 876 2733 Maxi-

87 2764 179 2791 miano
206 2762 298 2790 Caesar
318 2761 407 2788 lactus
430 2766 492 2786 cum
523 2756 705 2785 Constantino
732 2753 875 2788 imperium

87 2808 184 2840 tenuit,
208 2815 270 2835 eum
295 2814 381 2842 caque
400 2812 415 2832 a
438 2803 571 2832 moriente
591 2800 740 2828 Maximino
762 2799 876 2826 relictus

927 2212 988 2232 cum
1004 2205 1031 2231 in
1047 2203 1186 2230 Britannia
1201 2206 1308 2229 mortuo
1329 2204 1405 2236 patre
1422 2199 1564 2234 imperium
1577 2201 1649 2225 esset
1664 2198 1712 2225 ad-

926 2255 1016 2286 eptus,
1033 2249 1149 2277 Cwsari‘s
1166 2247 1346 2283 appellatione
1372 2249 1538 2278 contentum,
1555 2244 1667 2279 Augusti
1687 2249 1712 2270 ei

926 2297 1092 2331 imperatoris
1104 2294 1270 2322 abstinuisse
1283 2293 1404 2324 nomine,
1421 2291 1508 2319 donec
1519 2299 1533 2317 a
1546 2290 1712 2317 Maximiano

926 2350 1012 2378 gener
1026 2341 1138 2370 ascitus,
1153 2348 1205 2366 una
1220 2343 1246 2366 et
1262 2338 1374 2373 Augusti
1387 2344 1485 2364 nomen
1497 2335 1639 2362 obtineret.
1659 2333 1711 2362 Cu-

926 2389 979 2421 ius,
1005 2387 1103 2422 inquit,
1126 2390 1200 2412 tanta
1222 2385 1362 2411 maturitas
1378 2388 1431 2415 est,
1446 2386 1474 2409 ut
1492 2390 1550 2409 cum
1571 2381 1618 2408 tibi
1639 2386 1711 2416 pater

927 2434 1065 2468 imperium
1089 2431 1254 2466 reliquisset,
1279 2429 1393 2457 Cwsaria
1425 2433 1509 2455 tamen
1536 2427 1712 2462 appellatione

927 2484 1072 2510 contentus,
1088 2482 1238 2511 exspectare
1252 2476 1387 2504 malueris.
1402 2481 1430 2501 ut
1441 2474 1508 2502 idem
1519 2479 1552 2506 te,
1567 2474 1612 2509 qui
1625 2473 1709 2506 illum,

926 2525 1073 2552 declararet
1086 2525 1242 2558 Augustum.
1258 2521 1336 2554 Quod
1354 2520 1439 2547 altero
1452 2527 1524 2546 anno
1533 2519 1567 2546 ab
1578 2519 1715 2546 Constan-

927 2571 957 2598 tii
976 2574 1063 2597 morte
1077 2568 1200 2601 contigit.
1218 2566 1256 2593 Ex
1272 2574 1327 2600 quo
1344 2565 1444 2599 duplex
1461 2563 1632 2590 Constantini
1647 2571 1718 2590 eou-

928 2616 1011 2649 surgit
1026 2613 1143 2640 initium.
1157 2611 1338 2645 Quamobrem
1354 2609 1502 2637 verisimile
1516 2611 1567 2639 est,
1579 2608 1714 2636 Constan-

928 2661 994 2687 tium
1018 2659 1147 2685 Chlorqu
1170 2657 1322 2684 decessisse
1347 2663 1419 2682 anno
1440 2654 1542 2682 Christi
1557 2654 1619 2685 505,
1641 2661 1714 2680 anno

927 2707 1015 2741 primo
1030 2705 1139 2732 ineunte
1153 2703 1260 2739 Olymp.
1274 2702 1338 2733 271,
1357 2705 1386 2728 ut
1402 2701 1498 2728 scribit
1518 2699 1661 2728 Socrates;
1680 2705 1711 2723 ac

928 2756 984 2778 ttuu
1001 2749 1214 2777 Constantinum
1232 2755 1247 2774 a
1262 2746 1392 2774 militibus
1408 2746 1559 2780 Augustum
1575 2747 1601 2770 et
1625 2743 1710 2774 impc-

928 2802 1045 2825 ratorem
1056 2795 1234 2823 acclamatum
1248 2792 1414 2822 abstinuisse
1429 2796 1518 2818 tamen
1547 2786 1646 2818 sumini
1661 2786 1712 2812 im-
