1937 3039
229 105 281 134 ιῖῡ

776 98 947 126 APPENDIX
968 93 1282 124 DISSERTATIONUM.

1808 93 1873 120 530

228 161 296 196 perii
309 159 408 190 titulis,
430 158 516 185 donec
529 164 603 184 anno
618 159 804 190 consequente
822 163 837 182 a
849 149 1013 182 Maximiano
1030 156 1051 185 Α
1066 154 1105 189 git
1131 160 1225 180 eorum
1246 152 1453 192 imperatorum,
1474 150 1549 185 quia
1561 149 1742 178 Constantino
1761 158 1873 185 magno

226 209 389 233 consecutus
403 209 454 230 est.
467 202 507 228 Ex
517 210 571 237 quo
582 201 683 228 factum
697 205 835 235 putamus,
848 200 929 227 utalii
942 207 1016 226 Itur.

226 251 272 278 alii
283 257 358 277 um
371 256 458 276 annos
469 246 649 275 Constantino
663 246 819 273 tribuerint.
834 245 873 272 Ac
882 244 1015 280 proferto.

225 296 258 326 si.
272 299 300 321 ut
311 293 447 320 Eusebius
459 291 586 322 atﬁrmat,
603 298 692 317 annus
703 289 808 325 imperii
822 297 920 321 xxxut.
935 289 1017 316 (211Γί-

224 341 257 367 sti
274 338 467 366 trecentesimo
486 335 626 363 tricesimo
641 340 739 362 octavo
765 335 936 362 inchoandus
955 335 1015 367 fuit,

227 385 282 412 tieri
298 392 350 410 non
370 387 469 418 potest,
486 382 551 416 quin
572 389 644 409 anno
660 382 713 408 505
727 382 925 408 Constantinus
947 381 1015 408 inie-

226 430 270 456 rit.
280 429 329 456 llic
337 429 428 455 nescio
437 435 496 462 quas
506 428 539 454 de
551 427 646 454 lustris
660 426 777 454 Julianis
787 427 939 453 hariolatur
952 425 1017 452 8(a-

226 475 292 508 Iiger
302 482 309 506 ;
320 482 379 508 quae
391 473 580 508 Oiympiadum
591 473 700 499 nomine
709 472 814 500 censeri
826 480 888 499 cum
897 473 931 499 ab
944 472 1015 503 aliis,

225 524 281 545 tum
299 527 313 544 a
330 519 442 545 Socrate
458 518 588 545 somniat.
607 517 686 550 Quod
705 526 755 545 suo
773 519 832 544 loco
842 518 1015 544 relutabitur.

261 566 452 597 Κώνσταντιι,
477 565 525 591 καὶ
548 564 767 592 Κωνστάντιον.
785 563 959 592 Constantini
982 563 1016 589 li-

227 611 354 638 berorum
380 611 509 637 minimus
536 613 602 636 natu
632 608 683 636 fuit
707 609 854 640 Constans,
882 608 1016 636 maximus

227 656 433 686 Constantinus,
451 655 558 682 medius
571 654 759 682 Constantius.

261 702 326 733 Υἱός
347 699 607 727 Οὑιιλεντινιανοῦ.
628 698 687 726 Non
703 699 786 725 dubia
801 702 842 726 est
858 698 1016 732 conjectura

227 751 331 778 nostra,
351 752 433 780 quam
447 745 480 772 ad
493 751 568 771 oram
584 744 773 777 ascripsimus,
789 744 931 778 legendum
941 743 1015 769 ἁδελ-

229 791 286 825 φός,
311 798 361 825 pro
385 789 432 816 τοῦ
460 789 590 823 ἀδελφοῦ,
620 789 673 816 nisi
702 788 770 816 forte
794 797 842 823 pro
867 787 1015 823 Γρατιανθῦ

229 835 446 863 substituendum
475 834 521 865 sit,
540 834 700 866 Οὐάλεντος.
721 833 784 860 Fuit
801 834 872 860 enim
893 833 1014 860 Valenti-

231 881 326 908 nianus
351 879 446 906 Junior
471 878 593 905 Gratiani
611 878 710 909 frater;
731 878 829 905 Senior
845 882 934 905 autem
959 877 1014 904 γη.

229 925 319 952 tentis.
345 924 397 952 Sed
423 925 606 959 perobscurus
633 924 744 960 quidam
771 925 849 951 locus
875 928 917 951 est
943 923 1015 958 apud

228 969 418 998 Tlremistium.
440 969 563 996 oratione
587 969 630 1001 11,
647 976 727 1003 quam
747 969 842 995 habuit
863 969 890 994 in
911 968 1016 994 tandem

234 1014 411 1041 Valentiniani
425 1013 547 1040 iunioris
570 1022 631 1041 cum
657 1014 828 1041 consulatum
852 1014 968 1045 iniisset,
989 1013 1015 1040 iu

228 1067 282 1094 quo
310 1059 442 1093 collegam
468 1059 564 1085 habuit
581 1059 720 1086 Aurelium
736 1058 880 1085 Victorem.
905 1057 963 1091 Qua
988 1058 1014 1084 in

227 1106 362 1138 oratione,
378 1113 438 1140 βεδε.
454 1105 518 1137 261,
535 1105 666 1132 nonnulla
684 1106 781 1140 injicit,
796 1105 897 1139 quibus
912 1105 1015 1140 signiti-

228 1159 291 1178 care
302 1151 418 1182 videtur,
435 1150 652 1177 Valentinianum
665 1150 806 1177 Juniorem
819 1150 941 1177 Valentis
952 1158 1015 1178 esse

230 1197 312 1223 [ilium
323 1201 350 1224 et
361 1195 541 1223 Valentiniani
558 1196 716 1231 patruelem.
735 1196 803 1223 Vide
815 1204 875 1231 qua:
891 1187 926 1223 ad
938 1196 1014 1223 illum

229 1243 316 1269 locum
332 1243 523 1270 annotavitnus
535 1251 540 1268 :
550 1243 596 1276 qui
610 1243 732 1276 proiecto
744 1243 825 1269 etiam
841 1247 922 1276 atque
932 1242 1014 1270 etiam

229 1287 447 1314 considerandus
468 1294 520 1315 est.

264 1330 320 1358 ⁷ον
337 1332 372 1359 τὰ
389 1332 439 1364 ἐτη
454 1332 539 1367 μέχρι
554 1332 608 1365 τῆς
621 1333 782 1366 Ἀρκαδίων.
802 1333 895 1359 Annos
913 1333 1014 1359 intelli-

1070 198 1104 225 ad
1120 206 1214 226 necem
1232 204 1319 232 usque
1334 196 1517 224 Valentiniani
1533 195 1656 223 Jonioris
1680 197 1875 222 exstiterunt.

1069 243 1096 270 In
1109 250 1164 278 quo
1181 251 1235 269 uno
1249 249 1322 269 anno
1333 242 1428 269 saltem
1441 242 1565 268 calculus
1578 241 1697 268 aberrat.
1711 240 1770 267 NOu
1789 241 1875 267 enim

1068 289 1132 316 anni
1152 295 1219 320 LVII,
1235 288 1284 314 sed
1301 294 1345 313 Lvr
1368 287 1403 313 ab
1422 286 1499 313 obitu
1521 286 1692 313 Constantini
1711 293 1876 312 muneran—

1068 338 1121 361 tur.
1139 334 1244 361 Etenim
1260 341 1349 360 annus
1363 333 1419 363 ille,
1435 340 1490 367 quo
1504 331 1712 359 Valentinianus
1723 333 1759 358 ab
1771 332 1793 357 A
1803 332 1875 358 rbo-

1067 384 1143 414 gaste
1171 383 1284 405 necatus
1305 383 1358 409 est,
1385 378 1485 405 dubius
1503 385 1564 404 esse
1589 385 1643 403 non
1671 381 1772 414 potest,
1802 385 1872 403 eum

1068 429 1122 451 tam
1141 424 1238 459 insigni
1259 423 1416 450 charactere
1432 427 1551 449 notetur.
1572 421 1633 449 Fuit
1648 411 1721 449 enim
1741 423 1768 448 in
1787 430 1871 448 anno

1068 469 1114 496 illo
1130 469 1269 496 Dominica
1285 468 1463 496 Pcutecostes
1479 467 1540 494 Maii
1557 475 1614 494 XVl.
1633 467 1751 494 Proinde
1767 467 1871 493 littera

1069 513 1203 541 Dominic.
1227 514 1258 541 C.
1283 513 1387 541 Pascha
1403 520 1469 539 vero
1489 513 1715 547 quinquagesimo
1732 517 1803 539 ante
1825 513 1873 538 iiie

1067 560 1155 586 Martii
1177 567 1273 586 xxvut.
1298 559 1382 594 Igitur
1403 559 1497 594 cyclus
1522 558 1573 585 fuit
1603 558 1673 584 luna:
1693 565 1759 588 nu,
1788 564 1872 583 anno

1066 606 1168 633 Christi
1187 605 1251 637 592,
1267 605 1342 640 eyclo
1359 605 1426 631 solis
1439 612 1477 630 Ix.
1493 603 1551 630 Jam
1570 610 1634 630 vero
1652 603 1770 628 moritur
1791 603 1873 628 (fou-

1067 651 1203 678 stantinus
1223 658 1296 676 anno
1312 650 1417 677 Christi
1433 650 1495 680 557,
1514 653 1543 676 ut
1558 649 1638 683 paulo
1655 652 1718 675 ante
1732 648 1870 675 declara—

1067 701 1123 723 tum
1148 700 1199 723 est.
1230 695 1259 722 Si
1282 695 1316 722 ab
1337 695 1417 722 annis
1441 695 1494 722 392
1519 695 1638 721 deducas
1663 694 1733 727 556,
1761 694 1870 728 reliqui

1067 747 1147 770 erunt
1163 743 1208 769 56.
1773 755 1777 759 ι

1103 787 1184 814 Κατὰ
1208 787 1242 813 δὲ
1267 787 1423 820 Ἓλληνας
1446 785 1641 820 Ἀρτεμισίου.
1667 784 1697 812 Si
1718 785 1870 811 Artemisii

1069 841 1134 860 mn
1159 833 1217 860 dies
1242 836 1284 860 est
1307 832 1370 859 Maii
1394 830 1494 858 Juliani
1512 839 1566 863 xvr,
1591 830 1675 865 cepit
1691 827 1871 858 Arteatisiits

1068 879 1167 914 Aprilis
1186 887 1258 905 xxiv.
1276 877 1315 905 Ac
1338 881 1395 904 tum
1427 885 1496 904 nova
1521 881 1547 903 rt
1574 876 1694 903 inaudita
1721 876 1868 904 mensium

1067 925 1210 960 dispositio
1226 929 1369 955 nascetur;
1386 931 1447 950 natn
1466 922 1594 958 Ἕλληνες
1615 926 1679 949 sunt
1695 921 1868 956 Syromace-

1067 971 1151 998 dones
1161 974 1189 997 et
1200 970 1373 998 Antiocheni.
1385 969 1505 1002 Quorum
1534 976 1640 994 menses
1662 975 1738 995 mere
1753 966 1866 994 Juliani

1068 1020 1141 1048 sunt,
1159 1015 1262 1044 Graecis
1277 1015 1435 1042 nominibus
1450 1013 1587 1048 appellati.
1607 1012 1708 1039 llorum
1725 1020 1793 1039 vero
1810 1014 1866 1039 Ar-

1067 1060 1194 1089 tetnisius
1220 1060 1290 1087 idem
1314 1063 1356 1087 est
1381 1066 1442 1086 cum
1459 1058 1540 1085 Maio.
1559 1058 1648 1090 Quare
1666 1065 1708 1084 xvi
1731 1057 1797 1084 Maii
1822 1062 1867 1084 est

1067 1106 1205 1134 Artemisii
1220 1106 1375 1132 Grzccorum
1389 1104 1448 1132 sive
1473 1103 1603 1138 Syrorum
1616 1110 1659 1129 xvi
1674 1111 1680 1135 ;
1697 1102 1780 1136 idque
1797 1101 1864 1136 Epi—

1068 1152 1168 1186 phanio
1187 1151 1246 1185 ipso
1262 1150 1442 1185 sutlragante,
1459 1154 1489 1176 ut
1507 1157 1540 1176 ex
1560 1149 1625 1175 liter.
1654 1148 1684 1174 5i
1709 1149 1864 1180 Alogurutn

1067 1201 1185 1224 constat.
1207 1195 1273 1223 Vide
1287 1204 1348 1230 quae
1363 1195 1396 1222 ad
1414 1195 1489 1222 illum
1507 1195 1595 1221 locum
1618 1194 1757 1228 disputata
1783 1197 1863 1223 sunt.

1066 1250 1128 1277 pag.
1154 1242 1215 1269 150.
1242 1241 1291 1268 llic
1317 1241 1399 1276 igitur
1421 1247 1469 1274 pro
1495 1239 1573 1274 τρίτῃ
1601 1239 1647 1264 καὶ
1666 1238 1765 1268 εἰκάδι,
1800 1238 1863 1271 leg.

1065 1288 1133 1324 ἕκτῃ
1157 1289 1202 1314 aut
1221 1287 1330 1323 δεκάτῃ.
1349 1286 1385 1314 De
1399 1285 1583 1313 Valentiniani
1601 1293 1667 1312 nece
1688 1284 1865 1311 Baroniauos

1067 1333 1181 1360 Annales
1193 1333 1316 1361 consule.

261 1409 320 1416 .t._
325 1410 344 1414 _

638 1481 729 1536 DE
767 1479 986 1537 FOLLE
1025 1479 1441 1537 MILIARENSI

479 1583 546 1629 AC
583 1584 940 1631 NUMMORUM
972 1585 1258 1631 MINUTIIS
1294 1582 1603 1628 DIATBIBA.

705 1683 750 1714 (Ct.
765 1683 808 1708 lib.
831 1683 865 1708 De
875 1683 997 1708 mensuris
1007 1686 1030 1709 et
1040 1683 1126 1714 pond.,
1139 1682 1186 1707 col.
1199 1682 1256 1712 285,
1267 1685 1318 1706 not.
1338 1680 1392 1711 86.)

269 1774 379 1808 Φαλῆς.
401 1774 417 1801 ὃ
438 1776 485 1802 καὶ
501 1776 670 1802 ταλάντων.
700 1774 757 1802 Non
773 1779 813 1802 est
830 1774 901 1801 ullus
919 1774 990 1809 apud
1004 1775 1028 1810 Εη

1070 1775 1188 1811 »Ιιᾶῐιὶιιῐῃ
1206 1774 1292 1811 locus,
1312 1781 1392 1811 quem
1411 1774 1597 1811 vehementius
1617 1773 1716 1811 eruditi
1736 1774 1862 1803 homines

236 1811 404 1841 vexaverint,
417 1811 516 1844 quique
538 1811 658 1837 vicissim
673 1811 733 1837 illos
747 1810 838 1836 aerius
855 1811 1006 1836 excreuerit
1027 1809 1041 1836 Ξ
1056 1809 1109 1836 ‘ita
1124 1809 1207 1835 variis
1233 1809 1320 1836 modis
1339 1809 1517 1844 interpolatus
1541 1813 1623 1844 atque
1643 1809 1797 1842 explicatus
1809 1816 1858 1837 est.

235 1847 325 1880 Quam
335 1845 492 1878 opinionum
505 1847 659 1872 varietatem
675 1854 728 1872 non
756 1845 813 1878 ipsa
829 1845 915 1880 solum
935 1845 1077 1879 Epiphanii
1101 1845 1246 1871 verborum
1269 1844 1424 1871 obscuritas
1439 1844 1558 1878 peperit.
1587 1844 1635 1880 sed
1656 1846 1738 1871 etiam
1758 1846 1795 1871 rei
1814 1853 1859 1880 per

235 1887 296 1907 sese
312 1879 470 1906 dillicultas:
487 1881 557 1913 quod
579 1879 613 1906 de
633 1881 694 1906 lOlit‘
709 1880 815 1906 diversa
831 1879 976 1905 admodum
1001 1881 1027 1906 in
1045 1879 1219 1913 antiquorum
1245 1880 1427 1905 monumentis
1443 1886 1570 1912 expressa
1586 1879 1719 1913 legantur.
1740 1880 1779 1905 Ac
1795 1879 1858 1906 mihi

237 1915 315 1948 vulgo
332 1915 454 1941 vocabuli
469 1915 548 1941 istius
565 1915 715 1949 proprietas
732 1915 802 1940 haud
818 1914 883 1940 satis
900 1917 1038 1947 explorata
1065 1914 1188 1945 videtur;
1210 1919 1236 1940 et
1251 1922 1312 1940 cum
1331 1914 1357 1949 in
1376 1921 1435 1940 eam
1455 1914 1667 1947 investigandam
1684 1915 1764 1948 paulo
1778 1922 1858 1940 aeeu»

235 1949 321 1975 ratius
337 1950 530 1978 im-ubulsscm.
558 1948 687 1975 nonnulla
706 1949 790 1983 reperi
807 1956 886 1975 secus
901 1949 935 1974 ab
949 1949 1037 1976 doctis
1051 1953 1078 1976 et
1095 1948 1226 1976 studiosis
1246 1948 1401 1975 hominibus
1419 1949 1562 1982 erplicata,
1574 1956 1668 1983 rquam
1686 1949 1786 1975 veritas
1802 1949 1856 1983 ipsa

233 1988 261 2009 et
277 1988 417 2009 auctorum
440 1987 558 2009 Veterum
582 1982 742 2010 testimonia
762 1988 927 2017 paterentur.
948 1983 1084 2015 Quocirca
1111 1988 1140 2010 ut
1164 1991 1218 2010 non
1242 1983 1304 2009 huic
1317 1988 1422 2009 tantum
1439 1982 1599 2009 illustrando
1626 1983 1752 2017 seriptori
1779 1982 1857 2018 opera

235 2023 327 2044 nostra
347 2019 457 2046 serviat,
482 2018 528 2044 sed
543 2018 574 2043 ad
589 2026 758 2045 communem
775 2019 920 2044 utilitatem
941 2026 1001 2045 sese
1016 2019 1098 2045 latius
1117 2018 1247 2050 elInndat,
1278 2018 1364 2044 visum
1384 2022 1425 2044 est
1442 2025 1494 2044 non
1517 2017 1564 2043 abs
1578 2026 1607 2044 re
1622 2018 1690 2049 fore,
1707 2018 1729 2045 si
1748 2017 1808 2052 qua}
1825 2019 1857 2046 de

235 2052 298 2085 [ulla
312 2053 543 2078 lucubrationiluts
559 2053 659 2086 aliquot
683 2057 880 2079 commentatus
901 2061 999 2086 essem,
1018 2061 1049 2079 ea
1068 2054 1269 2087 opportunitate
1289 2053 1338 2078 lori
1353 2052 1434 2084 huius
1445 2053 1584 2086 indui-tus,
1597 2053 1736 2087 COpltt>lllS
1753 2060 1784 2079 ac
1798 2053 1857 2079 dili-

236 2087 342 2118 gentius
363 2095 541 2121 exponerent;
571 2095 623 2113 non
651 2088 722 2113 enim
756 2088 892 2121 pueriliter
911 2088 1059 2117 arcessita,
1078 2095 1164 2121 neque
1185 2088 1355 2114 emblematis
1377 2087 1464 2114 instar
1487 2087 1519 2112 ad
1542 2095 1666 2121 pompam
1690 2089 1790 2121 illigata
1808 2090 1856 2114 erit

236 2122 287 2147 ista
304 2123 450 2156 disputatio
461 2141 468 2151 ,
485 2121 531 2148 sed
547 2121 677 2154 ejusmodi
691 2143 697 2153 ,
713 2129 772 2155 qum
788 2128 971 2156 proponentur
982 2142 988 2154 ,
1005 2126 1085 2149 erttnt
1102 2122 1191 2148 omnia
1203 2142 1209 2152 ,
1232 2126 1260 2148 ut
1275 2123 1320 2155 qui
1339 2130 1370 2148 ea
1387 2130 1448 2148 cum
1469 2121 1609 2156 Epiphanii
1628 2122 1718 2149 verbis
1735 2122 1856 2149 conferte

236 2158 367 2187 voluerit,
384 2156 519 2182 breviores
541 2163 602 2182 esse
628 2164 677 2183 nos
702 2157 811 2183 minime
828 2158 980 2191 oportuisse
1002 2157 1145 2184 concedat.
1175 2157 1256 2183 Nobis
1281 2165 1344 2184 vero
1362 2157 1388 2183 in
1411 2157 1470 2190 ipso
1487 2157 1578 2191 operis
1601 2157 1674 2183 exitu
1693 2165 1725 2183 eo
1742 2157 1854 2184 alacrius

237 2196 391 2224 postremus
405 2191 448 2217 hic
465 2191 633 2224 superandus
649 2191 722 2218 labor
734 2211 741 2223 ,
762 2199 815 2225 quo
832 2192 887 2226 jam
906 2192 978 2219 velut
995 2192 1074 2225 longa
1091 2192 1263 2226 navigatione
1280 2191 1432 2226 perfuncti,
1460 2191 1568 2226 propius
1582 2191 1639 2224 jam
1655 2197 1754 2218 terram
1773 2193 1853 2226 ipsam

238 2230 405 2260 portumque
416 2229 586 2260 contuemut‘.

272 2258 409 2294 Quidquid
435 2259 517 2292 igitur
538 2258 570 2285 de
590 2258 651 2284 folle
667 2258 700 2284 ab
717 2259 835 2294 antiquis
853 2260 988 2294 proditum
1015 2264 1042 2287 et
1073 2260 1106 2286 ah
1124 2261 1322 2288 recentioribus
1336 2261 1495 2288 adnotatum
1512 2264 1569 2292 est,
1597 2259 1623 2286 id
1649 2260 1680 2287 ad
1706 2261 1760 2286 duo
1776 2261 1854 2287 lenne

237 2297 324 2329 capita
345 2293 507 2325 revocatur;
527 2301 589 2320 nam
608 2297 655 2319 aut
675 2293 826 2330 marem-tet,
855 2293 913 2330 sive
932 2295 1014 2328 ὁλκήν

1084 2295 1221 2330 ἄθροισμα
1245 2296 1295 2322 hoc
1312 2301 1354 2322 est
1381 2303 1513 2323 summam
1535 2296 1656 2329 pecunia:
1681 2297 1720 2327 vel
1742 2298 1851 2330 pondus.

238 2328 284 2356 aut
300 2333 403 2357 certum
419 2330 536 2362 aliquem
556 2336 696 2355 nummum
709 2328 853 2362 signiﬁcat.
876 2328 1026 2363 Utrumque
1046 2337 1096 2357 nos
1116 2328 1201 2365 genus
1222 2331 1272 2358 hac
1292 2328 1752 2364 dissertatiuncula’prosequcmur:

238 2417 276 2445 De
293 2417 355 2452 [olle
370 2420 397 2442 ut
412 2420 449 2442 est
462 2416 576 2450 pecunia:
589 2414 706 2441 collectio
722 2414 842 2449 quwdam
855 2423 886 2442 ac
902 2424 1016 2445 summa.

1071 2418 1181 2449 Φόλλις
1189 2417 1236 2443 ἐπὶ
1244 2417 1384 2443 Θεοδοσίου
1395 2417 1442 2442 τοῦ
1449 2417 1519 2443 Νέου
1528 2417 1610 2452 φόρος
1617 2417 1736 2452 ἡμιόνων
1746 2418 1852 2454 εἰσήχθη

272 2461 312 2488 Ne
324 2461 431 2495 vulgata
448 2461 579 2487 duntaxat
594 2467 626 2486 ac
652 2460 714 2486 trita
727 2460 760 2486 de
778 2459 848 2487 follis
865 2461 951 2494 prima
966 2462 1018 2490 ista

239 2507 349 2534 notione
366 2507 541 2540 complectar,
563 2505 697 2540 insignem
717 2505 786 2532 hanc
806 2505 1017 2541 disputationem

240 2551 456 2578 luculentissima
475 2551 590 2586 quadam
611 2551 769 2578 accessione
786 2551 893 2584 faciam,
912 2553 962 2580 hoc
978 2557 1020 2581 est

239 2597 360 2631 ejusdem
379 2597 405 2623 in
423 2604 468 2623 eas
490 2597 737 2630 iuterpretamentu,
759 2597 912 2631 cujustnodi
933 2598 960 2624 in
976 2607 1021 2626 ve-

241 2647 298 2669 tere
321 2642 498 2669 Basilicorum
515 2641 654 2670 Glossario
674 2643 770 2676 reperi.
786 2643 857 2677 quod
879 2648 921 2670 est
939 2651 1022 2678 penes

242 2689 272 2715 lt.
290 2688 319 2716 Ρ,
332 2687 463 2715 Iacobum
478 2688 662 2716 Sirmoudum.
685 2688 722 2714 Er
745 2697 800 2723 quo
821 2689 853 2715 ad
879 2688 1021 2724 Epiphanii

240 2735 327 2761 locum
343 2734 524 2761 enarrandum
541 2741 629 2768 operae
642 2735 756 2768 pretium
773 2735 881 2770 aliquod
899 2735 1020 2765 futurum

240 2780 344 2808 ronlido
374 2779 410 2806 Ita
425 2787 489 2814 ergo
504 2780 536 2806 de
553 2779 614 2807 tolle
628 2780 730 2807 Glossa:
748 2780 805 2807 istae
819 2780 1013 2815 prodiderunt:

1071 2464 1127 2494 τοῖς
1149 2463 1351 2489 Κωνσταντίνου
1368 2462 1506 2494 mittam,
1530 2462 1634 2489 δεῖσθαι
1658 2463 1713 2489 τῶν
1731 2464 1852 2490 τοιούτων

1073 2508 1227 2542 ὐπθζυγίων
1247 2509 1295 2543 τὴν
1313 2509 1342 2534 ὲν
1358 2507 1396 2543 τῷ
1416 2508 1525 2543 πολέμῳ
1544 2507 1639 2543 χρείαν
1650 2510 1850 2544 προϊσχομένου.

1074 2556 1188 2591 Ἕτερος
1202 2555 1230 2582 δὲ
1245 2556 1259 2581 ὁ
1276 2555 1385 2590 κληθεὶς
1401 2555 1493 2589 eam
1510 2555 1557 2586 τὰς
1572 2555 1625 2581 τῶν
1642 2554 1852 2592 ἀξιολογωτέρων

1074 2601 1145 2627 κατὰ
1158 2601 1248 2632 πόλεις
1259 2601 1348 2632 οἰκίας
1362 2600 1521 2631 κατέλαϐεν,
1536 2601 1576 2626 ὅτι
1586 2598 1621 2636 ἦν
1632 2602 1722 2633 αὐτοῖς
1739 2601 1769 2627 τὸ
1783 2602 1852 2635 γένςς

1072 2647 1128 2674 ἄνω
1146 2647 1195 2682 τῆς
1216 2647 1354 2679 ἀξιώσεως
1374 2648 1533 2683 τετυχηκός,
1563 2647 1619 2673 Καὶ
1633 2644 1667 2683 ἦν
1684 2649 1809 2684 ἀτύχημα
1826 2652 1853 2676 τὸ

1072 2694 1195 2727 κρεῖττον
1207 2694 1235 2719 ὲν
1246 2694 1301 2724 τοῖς
1310 2693 1399 2727 γένεσι
1414 2694 1482 2730 πρὸς
1497 2693 1527 2720 τὸ
1542 2694 1656 2728 μέγεθος
1667 2695 1852 2729 τῆςάζπὺσεως

1071 2737 1274 2777 διακρινόμενον
1289 2738 1327 2773 τῷ
1341 2739 1426 2774 ποσῷ.
1447 2739 1508 2770 Τοῖς
1522 2739 1571 2774 μὲν
1586 2740 1634 2765 τοῦ
1653 2744 1804 2776 πρωτέςτου
1817 2741 1851 2766 τὲ-

1068 2782 1130 2813 λους
1152 2782 1223 2808 ὀκτὼ
1244 2783 1356 2817 χρυσίω
1378 2784 1486 2819 λίτραι·
1515 2786 1570 2815 τοῖς
1595 2784 1624 2811 δὲ
1653 2785 1700 2811 τοῦ
1721 2785 1848 2819 δευτέρου,
