1937 3039
105 97 160 124 331

747 88 791 115 DE
808 86 917 115 FOLLE
936 85 1144 113 MILUARENSI.
1684 89 1738 117 δί’ιᾶ

106 152 262 185 τέσσαρες·
285 150 331 176 καὶ
347 149 394 176 δύο
415 151 470 181 τοῖς
487 151 605 185 τρίτοις·
628 149 664 180 ὥς
678 157 761 183 φησιν
777 146 903 181 Ίισύχιος

955 153 1004 171 sua
1021 145 1141 179 partione
1155 145 1298 181 conferret,
1319 146 1363 179 qui
1381 145 1546 178 pra'lu'tionea
1562 146 1669 181 implere
1683 149 1738 178 Iol~

109 197 124 222 ὀ
133 195 313 230 ἰλλούστριος
328 195 342 220 ὁ
355 194 511 228 φιλοσοφίας
523 194 573 228 τῆς
582 193 724 228 Μιλησίας,
739 193 767 218 ὲν
778 191 816 226 τῷ
830 191 902 225 ἕκτῳ

109 239 234 275 χρονικῷ
242 239 406 274 διαστήματι
416 239 467 273 τῆς
475 239 613 275 Ἱστορίας.
625 254 659 258 —
665 238 767 268 Φόλλις.
782 237 849 263 Σταῦ
855 239 903 270 μός

109 285 183 316 ἐστι,
201 284 348 318 λεγόμενος
368 284 414 309 καὶ
426 283 603 314 βαλάντιον.
621 283 715 309 "ID.st
729 283 756 308 δὲ
771 282 884 317 δηνάρια
894 282 902 297 ί

109 329 241 356 διακόσια
260 331 439 364 πεντήκοντα,
455 329 575 356 τουτέστι
594 329 688 363 λίτρας
703 327 765 362 τιβ’,
781 327 826 353 καὶ
837 327 901 360 οὑγ-

110 375 179 409 τίας
193 375 239 408 ἓξ·
257 375 294 407 ὡς
310 375 417 410 ἔχοντος
435 374 549 401 ἑκάστου
565 373 692 409 δηναρίου
703 372 797 407 λίτραν
812 375 845 403 α’,
857 372 903 398 καὶ

110 419 230 452 οὑγγίας
248 421 282 452 γ’.
300 419 378 444 ’Ἐστι
390 418 418 444 δὲ
431 419 477 444 καὶ
489 418 581 452 ἔτερος
594 417 703 451 φόλλις
721 416 902 450 συναγόμενος

111 465 144 497 ἐξ
156 464 297 500 ἀργυρίων
306 463 412 489 λεπτῶν
425 463 478 490 τῶν
490 464 545 494 τοῖς
558 462 739 497 στρατιώταις
748 460 877 495 διδομένω
883 469 901 491 λ,

112 511 164 536 καὶ
189 510 234 535 διὰ
256 510 333 535 τοῦτο
356 509 545 543 μιλιαρισίων
569 507 752 542 καλουμένων.
779 506 855 541 Ἔχει
876 506 904 532 δὲ

113 555 233 580 ἕκαστον
246 553 300 579 τῶν
315 553 442 579 τοιούτων
454 552 560 578 λεπτῶν
573 552 711 586 ἀργυρίων
725 552 850 586 κεράτιον
864 551 902 582 ἓν,

113 600 216 634 ἥμισυ,
234 599 371 634 τέταρτον.
390 599 419 624 ὐ
431 598 460 624 δὲ
470 599 579 632 φόλλις
589 596 707 632 ἀργύρια
717 596 827 622 τοιαῦτα
837 599 901 631 ρκε¹,

112 644 134 671 ἃ.
144 644 254 670 ποιοῦσι
266 644 379 679 κεράτια
391 646 453 678 σιη’,
467 643 513 669 καὶ
524 642 661 677 νούμμους
675 641 707 673 ϐ’,
722 641 779 676 ἦτοι
793 641 861 676 πρὸς
872 641 904 667 τὸ

114 687 165 714 νῦν
182 687 300 721 κρατοῦν
311 686 470 721 μιλιαρἠσια
482 686 520 721 ρθ¹
530 686 576 712 καὶ
584 686 720 720 νούμμους
731 684 762 717 0’,
775 686 904 719 γινόμενα

116 735 146 759 ἐν
157 733 317 767 χαράγμασι
328 733 482 767 νομίσματα
493 732 525 764 0',
542 732 726 766 μιλλιαρήσιον
736 731 774 763 ἓν,
786 730 903 765 νοῦμμοι

115 777 150 804 0’,
163 777 205 803 Τὰ
213 778 302 802 τοίνυν
313 779 352 812 ρκ’
364 776 411 803 καὶ
421 776 500 803 πέντε
513 775 633 812 ἀργύρια
647 777 778 810 συνήγετο
788 776 828 807 εἰς
841 775 904 801 ἀπό-

115 822 216 857 δεσμον
232 822 280 848 ἕνα
290 831 297 838 ·
314 823 360 849 καὶ
372 819 448 853 οὗτος
462 822 584 848 ἐκαλεῖτο
594 822 712 856 φόλλις.
724 823 801 848 Ἐστι
816 821 843 848 δὲ
855 822 901 848 καὶ
919 812 939 838 Β

114 867 211 902 ἔτερος
225 867 334 900 φόλλις
344 867 487 902 διαφόρους
498 866 566 901 ἔχων
583 867 742 902 ποσότητας.
770 866 835 892 Ἀπὸ
848 865 900 902 γὰρ

113 911 164 938 δύο
175 911 289 946 χρυσίου
302 910 399 946 λιτρῶν
410 911 567 946 ἀρχόμενος,
577 912 617 942 εἰς
633 911 704 937 ὀκτὼ
722 910 818 946 προῄει
832 910 902 936 κατὰ

114 956 166 990 τὴν
183 955 274 988 ἀξίαν,
290 955 337 981 καὶ
351 956 400 990 τὴν
417 955 545 990 εὐπορίαν
559 955 613 981 τῶν
627 954 843 989 ἀπαιτουμένων.
864 952 901 981 Ob

117 1001 256 1036 μέμνηται
270 1000 318 1035 μὲν
330 1001 377 1027 καὶ
392 999 516 1035 Ἦσύχιος
529 1000 544 1026 ὀ
557 999 731 1035 Ἰλλούστριος
742 1000 771 1025 ὲν
787 999 825 1034 τῷ
839 1008 902 1034 χρο-

115 1046 185 1081 νικῷ
207 1046 371 1080 διαστήματι
389 1045 440 1080 τῆς
466 1045 604 1081 Ἱστορίας.
633 1045 776 1080 Μέμνηται
797 1045 826 1071 δὲ
855 1045 903 1071 καὶ

116 1092 264 1122 Θιλέλαιος
280 1093 308 1118 ὲν
323 1093 356 1126 τῇ
373 1091 394 1126 β’
407 1091 524 1124 διατάξει
539 1091 585 1116 τοῦ
600 1090 621 1125 β’
637 1091 736 1122 τίτλον,
753 1090 799 1116 τοῦ
818 1090 849 1124 ιβ’
864 1090 904 1125 βι-

117 1138 194 1164 σλίου
219 1137 273 1164 τῶν
291 1136 373 1168 Κωδ.,
401 1134 504 1168 οὗτινος
524 1136 613 1162 τίτλου
634 1137 650 1170 ἠ
669 1136 717 1170 μὲν
745 1139 768 1162 α’
784 1135 904 1167 διάταξις

117 1183 254 1218 ὲξελήφθη
270 1183 298 1209 ὲν
320 1182 403 1218 βίϐλῳ
415 1182 468 1208 τῶν
483 1181 633 1208 Βασιλικῶν
656 1184 694 1214 ς’,
711 1181 793 1216 τίτλῳ
807 1180 839 1213 ζ’,
855 1189 903 1206 κε-

118 1229 183 1263 φαλ.
197 1229 235 1255 δ”
265 1229 282 1264 ἡ
295 1228 323 1254 δὲ
339 1228 360 1263 β’
383 1227 562 1262 παρελείφθη,
580 1226 618 1258 ὼς
633 1227 715 1253 πάλαι
731 1227 904 1262 ἀναιρεθεῖσα

119 1274 196 1310 παρὰ
209 1273 256 1300 τοῦ
274 1274 345 1300 θείου
355 1272 525 1308 Μαρκιανοῦ.

156 1319 295 1346 Hactenus
314 1318 426 1346 Glossae.
451 1319 525 1350 Quas
540 1317 662 1345 Ali-intus
680 1317 789 1344 laudat:
811 1325 842 1344 ex
859 1324 906 1343 co-

124 1370 178 1396 que
201 1361 355 1389 Ludovicus
368 1361 448 1389 Vivcs
472 1362 497 1388 in
513 1362 659 1388 Comment.
680 1361 714 1388 ad
731 1361 777 1387 lib.
794 1368 848 1387 xxii
870 1361 906 1387 De

121 1407 194 1433 civil.
211 1405 268 1437 Dei,
285 1413 346 1440 cap.
361 1405 387 1432 5.
406 1405 458 1432 Sed
478 1405 532 1432 illic
551 1405 643 1432 Latine
667 1405 789 1439 quaedam
809 1413 903 1439 parum

120 1460 251 1487 expressa
268 1452 384 1482 sincere,
403 1455 432 1477 ut
449 1451 475 1477 iu
491 1451 626 1478 inendosis
641 1451 841 1484 exemplaribus
856 1458 900 1477 ac«
917 1468 938 1495 α

121 1497 198 1528 cidit,
220 1503 280 1530 quae
299 1503 331 1522 ex
340 1494 441 1522 Graecis
457 1495 722 1522 nostriscincudare
738 1495 828 1521 liceat.
842 1495 903 1521 Tri-

122 1543 183 1578 llex
202 1549 266 1568 vero
288 1541 406 1568 indidem
422 1540 493 1567 follis
511 1540 586 1567 notio
600 1540 760 1566 deducitur:
787 1548 847 1566 nam
863 1543 904 1566 est

122 1587 211 1622 primo
224 1586 318 1613 tributi
330 1589 357 1612 et
380 1585 568 1620 pcnsitationis
582 1592 678 1619 genus,
695 1585 774 1619 iilque
790 1585 898 1619 duplex:

121 1633 237 1660 alterum
258 1631 361 1658 ululare
381 1632 532 1665 (perperam
545 1629 615 1664 apud
633 1628 722 1656 Vivent
749 1629 901 1661 multorum,

121 1685 172 1712 pro
198 1677 339 1707 mulorum,
362 1678 471 1709 exstat),
492 1676 606 1702 alterum
627 1675 807 1702 nobilioribus
826 1676 905 1701 fami-

123 1723 167 1749 liis
179 1722 324 1752 indictum,
348 1721 427 1755 cujus
441 1725 536 1748 auctor
549 1725 590 1748 cst
605 1720 757 1756 Hesychius
770 1722 905 1749 lllustrius

123 1769 168 1795 lib.
183 1775 220 1794 vt.
239 1767 316 1800 Quod
333 1767 467 1801 posterius
482 1767 635 1793 institutam
649 1775 664 1792 ιι
680 1767 858 1794 Constantino
868 1766 902 1793 Μ.

123 1813 219 1840 scribit
240 1811 365 1839 Zosintus
389 1812 434 1839 lib.
452 1820 490 1839 ii:
511 1811 701 1845 Ἀπεγράψατο
726 1812 753 1837 δὲ
779 1812 829 1843 τὰς
852 1812 905 1838 τῶν

123 1857 321 1893 λαμπροτάτων
346 1856 438 1888 οὐσίας
453 1857 529 1887 τέλος
545 1856 665 1889 ἐπιθεὶς,
691 1854 766 1890 ᾧτινι
794 1857 905 1890 spolia"

123 1903 203 1934 αὐτὸς
222 1902 354 1937 ἐπέθηκεν
370 1902 462 1936 ὄνομα.
483 1902 622 1936 Ejusmodi
641 1902 742 1934 follem,
759 1903 815 1929 sive
835 1910 906 1937 prai-

123 1950 268 1976 stalioucm
287 1948 450 1975 senatoriam
476 1947 606 1982 gradatim
625 1955 672 1982 per
691 1948 785 1982 triplex
805 1948 905 1974 diseri-

124 2002 186 2020 men
208 1993 385 2028 processisse,
399 1992 502 2020 Glossm
520 1993 727 2020 demonstrant:
753 1994 789 2019 ita
807 1998 835 2020 ut
850 1994 904 2028 pri-

124 2048 185 2067 tnus
202 2040 303 2075 gradus
315 2039 423 2066 follibus
436 2039 542 2066 duobus
556 2042 629 2066 esset
639 2039 790 2071 obnoxius,
806 2047 901 2066 secun-

124 2085 175 2111 dus
194 2088 327 2118 quatuor,
347 2084 443 2110 tertius
459 2089 531 2110 octo.
549 2083 586 2110 De
611 2083 644 2110 iis
663 2083 771 2110 follibus
804 2084 904 2110 mentio

124 2133 166 2156 est
183 2129 228 2155 lib.
247 2136 301 2161 xxi,
318 2130 358 2154 tit.
373 2128 391 2154 2
404 2128 463 2155 cod.
476 2127 579 2155 Tlicod.
592 2128 629 2155 De
643 2128 736 2162 punit.
750 2137 810 2156 cum
825 2137 904 2156 scna-
923 2143 943 2170 ι)

126 2174 226 2201 torium
241 2174 363 2200 ordinent
375 2172 507 2200 trifariam
522 2174 698 2205 distribuens,
715 2174 782 2201 alios
799 2175 824 2200 in
842 2183 904 2209 pro-

127 2219 271 2246 fessionem
293 2219 393 2246 habere
414 2218 490 2246 folles
514 2219 552 2246 ait
571 2219 640 2246 (llius
653 2240 660 2250 ,
681 2220 748 2247 alios
764 2226 902 2255 quatuor,

126 2268 192 2292 alios
212 2265 337 2300 amplius.
366 2264 468 2292 Glossae
487 2265 602 2299 singulis
620 2265 728 2293 follibus
747 2274 826 2293 unam
845 2267 903 2293 auri

126 2309 222 2336 libram
237 2309 381 2343 imputant.
400 2309 452 2336 Sed
467 2309 494 2335 in
509 2310 662 2336 tenuiorum
679 2311 793 2345 gratiam
811 2316 904 2345 postea

125 2355 158 2382 de
171 2362 276 2381 canone
292 2354 454 2386 detractum,
479 2359 506 2381 et
522 2355 556 2382 ad
573 2359 698 2389 septenos
712 2357 814 2383 solidos
825 2357 906 2383 uiini-

126 2407 167 2426 ma
182 2403 340 2426 senatorum
364 2400 471 2426 redacta
498 2400 658 2434 pensitatio;
686 2408 746 2434 quae
762 2401 876 2434 proinde
889 2409 904 2428 ει

128 2445 188 2472 folle
201 2445 386 2480 distinguitur.
402 2445 507 2472 Etenim
526 2444 573 2472 lib.
588 2453 614 2471 v1
628 2445 688 2471 cod.
701 2444 866 2477 Tlieod.,tit.
880 2447 903 2479 l,

127 2489 182 2524 lege
192 2490 202 2515 Ι
211 2508 218 2521 ,
228 2497 289 2516 cum
299 2488 593 2520 Gratianus,Valentin.
602 2493 629 2515 et
637 2489 738 2516 Tlicod.
751 2490 790 2516 sic
805 2491 904 2517 edixis-

127 2541 197 2563 sent:
213 2535 330 2562 Duorum
343 2543 401 2562 vero
414 2535 518 2569 [allium
529 2540 632 2561 maneat
645 2540 751 2562 cunctos
763 2535 905 2563 indiscreta

127 2581 263 2615 professio,
287 2581 390 2607 etiamsi
405 2580 594 2614 possessionem
619 2580 685 2614 forte
703 2589 754 2607 non
775 2581 904 2613 habeant;

128 2629 219 2660 postea
233 2624 659 2657 aValentin.,Theod.etArcad.
678 2626 820 2652 imminuta
838 2634 905 2661 prac-

127 2670 206 2697 statio
218 2674 278 2703 est;
299 2674 326 2697 et
349 2671 579 2705 amplissimorum
595 2671 715 2698 virorum
729 2672 844 2699 consilio
857 2672 905 2699 de-

127 2715 230 2743 finitum
252 2716 360 2748 dicitur,
381 2720 411 2743 ut
429 2720 555 2751 septenos
577 2717 724 2750 quotannis
742 2716 842 2745 solidos
857 2725 904 2751 pro

160 2775 169 2790 '
192 2773 251 2801 Vct.
267 2773 334 2802 Cod.
350 2775 449 2802 habere
464 2773 568 2801 videtur
583 2774 705 2809 δονάρια.

953 189 1018 214 lium
1031 197 1082 216 non
1103 189 1210 215 valeret.
1242 189 1292 216 Ubi
1309 194 1413 223 septeni
1434 191 1583 217 solidorum
1602 192 1706 219 functio
1722 201 1738 220 τι

954 233 1015 261 folle
1033 235 1175 269 perspicue
1192 235 1477 268 separatur-,quamvis
1491 235 1677 264 llotoniaunus
1689 237 1737 264 lib.

956 280 991 306 De
1003 287 1030 306 re
1044 288 1142 306 nunim.
1158 287 1219 314 pag.
1233 279 1295 312 570,
1308 279 1476 307 confundere
1492 281 1571 308 auibo
1583 282 1634 308 ista
1646 283 1737 309 vidca-

954 329 1007 352 tur.
1035 326 1123 360 Atque
1142 333 1173 352 ea
1193 326 1339 360 pcnsitatio
1355 325 1514 360 aliquandiu
1539 328 1734 360 perseveravit.

954 369 1024 404 Lege
1039 370 1081 403 l2,
1105 372 1147 397 tit.
1164 370 1297 404 ejusdem,
1317 375 1417 404 septem
1434 371 1583 398 solidorum
1601 373 1738 405 pi‘mslatio

955 415 1132 442 tenuissimos
1148 416 1445 450 senatorum'obligare
1460 415 1570 448 dicilur.
1593 415 1736 442 Sublatum

955 469 1019 488 vero
1042 464 1134 495 postea
1159 465 1201 488 est
1229 468 1298 487 onus
1322 461 1404 492 illud;
1428 465 1456 487 ut
1480 469 1511 487 ex
1535 461 1580 487 lib.
1602 469 1638 487 xu
1676 462 1737 487 cod.

953 507 1053 534 Justin.
1071 511 1160 541 patet:
1187 514 1250 533 nam
1274 507 1315 533 tit.
1337 506 1365 538 2,
1381 507 1428 533 lib.
1455 514 1484 538 ii,
1499 506 1605 533 Valent.
1621 510 1649 533 ct
1667 506 1739 533 Mar-

954 553 1044 579 tianus
1066 553 1102 579 ita
1121 553 1290 580 reseribunt:
1314 552 1420 579 Glebam
1442 553 1478 581 vel
1510 553 1608 586 follem,
1623 553 1676 578 sive
1697 561 1739 578 se»-

953 604 1022 632 ptem
1044 597 1190 624 solidorum
1214 598 1385 630 (unctionem,
1408 598 1460 624 sive
1485 597 1627 632 quamlibet
1650 597 1742 632 hujus-

954 642 1025 669 modi
1048 643 1227 674 collationem,
1249 648 1302 669 tant
1320 643 1390 669 circa
1407 651 1545 676 personas,
1563 651 1641 677 quant
1660 651 1701 668 res
1715 647 1739 668 et

953 687 1064 721 prwdia,
1086 689 1206 721 funditus
1221 688 1343 722 jubentus
1360 688 1471 718 aboleri,
1493 692 1521 714 ut
1544 688 1628 714 omnis
1648 687 1741 722 hujus-

954 733 1025 760 modi
1042 738 1164 766 perpetuo
1181 735 1348 767 conquiescat
1362 734 1477 760 exactio.
1501 734 1571 760 Ante
1587 733 1656 760 lianc
1672 741 1739 760 con—

955 778 1124 805 stitutionein
1148 779 1293 805 durissima
1318 779 1368 804 luit
1388 778 1493 805 ordinis
1522 778 1653 805 senatorii
1672 785 1738 805 con-

953 823 1031 854 ditio,
1048 831 1080 850 ae
1095 831 1182 858 paena:
1205 824 1265 850 loco
1282 824 1422 851 nonnullis
1437 823 1580 858 imposita;
1607 823 1668 850 aliis
1688 831 1737 857 pro

953 869 1052 904 ingenti
1073 869 1203 896 benelicio
1222 873 1264 896 cst
1289 869 1425 903 adempta,
1444 873 1473 895 ut
1491 876 1523 896 ex
1539 869 1620 902 epist.
1637 869 1672 895 58
1688 868 1740 903 Sy-

951 915 1020 942 ncsii
1035 918 1156 947 constat,
1178 922 1283 941 necnon
1299 914 1451 945 Ammiano,
1468 914 1506 941 lib
1534 921 1602 945 xxu,
1619 913 1739 944 Juliano,

951 961 1031 995 epist.
1039 961 1083 987 25.
1102 961 1178 993 Quod
1189 960 1319 988 etGlossa
1331 961 1455 995 superior
1466 961 1596 988 ostendit.
1615 961 1739 987 Secunda

953 1005 1024 1032 follis
1036 1005 1198 1039 signiﬁcatio
1217 1011 1268 1036 est,
1293 1013 1345 1040 qua
1374 1013 1421 1040 pro
1440 1006 1558 1039 pondere
1574 1005 1690 1031 sumitur
1706 1005 1736 1031 li-

953 1050 1063 1077 brarum
1078 1058 1178 1082 cccxn,
1194 1054 1221 1078 et
1238 1051 1379 1077 unciarnm
1397 1058 1456 1077 sex.
1472 1051 1537 1082 Qua:
1553 1055 1616 1077 sunt
1632 1050 1738 1076 denarii

955 1103 1019 1122 CCL:
1044 1104 1158 1130 quorum
1181 1096 1279 1130 singuli
1302 1096 1397 1122 libram
1418 1104 1499 1122 unam
1518 1096 1628 1128 habent,
1646 1096 1740 1123 uncias

954 1145 1025 1174 tres;
1041 1141 1122 1167 donec
1136 1142 1260 1169 Alciatus
1272 1141 1363 1168 vertit.
1380 1141 1450 1174 Quid
1467 1146 1557 1168 autem
1575 1142 1640 1174 sint,
1657 1141 1741 1168 liben.

954 1192 995 1213 ιρι·
1016 1187 1107 1213 doceri
1135 1194 1177 1213 me
1193 1186 1321 1221 cupiam;
1348 1194 1409 1213 nam
1431 1189 1458 1212 et
1476 1186 1561 1213 codex
1587 1186 1741 1213 manuscri-

955 1236 1018 1265 ptus
1042 1231 1152 1266 δονάρια
1178 1236 1376 1266 repracsentare
1400 1231 1517 1258 videtur.
1548 1231 1640 1258 Tertio
1666 1231 1741 1259 follis

955 1276 1098 1311 ἄθροισμα,
1106 1284 1294 1310 summamque
1301 1277 1420 1310 pecuniae
1429 1277 1608 1311 signiﬁcat,“
1617 1277 1738 1303 numinis

960 1322 1072 1349 minutis
1083 1322 1218 1356 argenteis
1226 1321 1380 1353 conﬂatam,
1389 1330 1484 1356 nempe
1494 1329 1527 1349 ex
1540 1322 1740 1349 miliarcnsibus

956 1375 1069 1394 numero
1083 1374 1152 1394 cxxv
1167 1376 1173 1394 :
1188 1374 1305 1402 quorum
1325 1367 1423 1402 singuli
1440 1367 1572 1394 ret-alium
1586 1367 1740 1401 pendebant

956 1420 1018 1438 cum
1028 1413 1142 1439 semisse
1153 1416 1179 1439 et
1194 1412 1352 1447 quadrante
1369 1412 1407 1438 lta
1423 1411 1495 1439 follis
1511 1413 1562 1439 iste
1573 1412 1673 1439 cei-alia
1686 1412 1741 1439 col.

957 1457 1015 1491 ligit
1029 1463 1141 1487 ccxvnt,
1156 1464 1283 1483 nummos
1296 1463 1404 1483 novent.
1430 1456 1527 1482 Alciati
1543 1456 1628 1483 codex
1645 1456 1696 1482 hoc
1715 1456 1741 1482 in

958 1502 1018 1528 loco
1033 1501 1196 1535 depravatus
1211 1504 1280 1528 erat.
1303 1501 1348 1527 Sic
1363 1500 1435 1527 cnitn
1453 1501 1549 1527 vertit:
1568 1499 1616 1535 Est
1631 1504 1655 1526 et
1671 1500 1741 1527 alius

956 1547 1029 1581 follis
1048 1551 1153 1573 coaetus
1172 1554 1204 1573 ex
1225 1547 1354 1580 argenteis
1370 1546 1454 1579 lentis,
1471 1546 1515 1580 qui
1529 1545 1666 1578 militibus,
1678 1553 1742 1580 quas

956 1592 1087 1618 miliarias
1103 1591 1240 1623 vocabant,
1257 1591 1381 1617 dabant.
1412 1590 1486 1624 Lepti
1506 1596 1592 1617 autem
1613 1591 1740 1618 reratium

955 1645 1035 1663 unum
1050 1645 1108 1663 eam
1124 1636 1234 1662 dimidio
1250 1637 1394 1663 continent.
1425 1636 1469 1662 Ita
1485 1635 1557 1670 [ullis
1572 1637 1620 1663 iste
1636 1636 1738 1670 argenti

956 1682 1055 1708 ceratia
1073 1689 1153 1708 ccvnt
1171 1681 1246 1707 liabet
1268 1686 1292 1708 et
1314 1689 1434 1707 nummos
1462 1689 1500 1707 ix.
1527 1681 1597 1716 Ergo
1619 1681 1737 1716 argentei

956 1735 1052 1754 omnes
1075 1727 1114 1753 illi
1141 1727 1169 1753 in
1196 1726 1334 1753 sacculum
1362 1734 1445 1753 unum
1469 1726 1597 1760 conjecti.
1617 1725 1693 1753 Unde
1714 1729 1739 1752 et

958 1771 1029 1798 follis
1042 1771 1186 1806 appellatio
1203 1770 1329 1797 deducta.

990 1815 1078 1850 Atque
1090 1824 1122 1843 ex
1144 1815 1279 1848 argenteis
1296 1815 1349 1842 illis
1362 1822 1431 1841 cxxv
1459 1815 1515 1842 sive
1528 1815 1739 1846 iniliareusibus.

956 1861 1076 1887 couliuut
1090 1861 1204 1892 numini,
1224 1861 1280 1887 sive
1294 1860 1374 1887 solidi
1391 1860 1477 1891 aurei,
1498 1868 1604 1886 novem.
1633 1860 1740 1888 Etenim

956 1905 1055 1932 ccratia
1069 1912 1166 1931 ccxiin
1188 1905 1209 1931 si
1230 1912 1277 1939 per
1292 1911 1388 1931 novem
1402 1905 1531 1938 partiare,
1543 1905 1657 1939 singulis
1674 1913 1737 1932 xxiv

955 1953 1118 1984 competent,
1136 1954 1268 1984 quantum
1293 1949 1372 1975 solidi
1399 1949 1505 1983 pondus
1521 1955 1588 1977 erat.
1619 1951 1740 1978 Isidorus

957 1995 1000 2020 lib.
1012 2002 1065 2026 xrt,
1079 2002 1137 2028 cap.
1149 1993 1198 2020 “li:
1227 1993 1330 2028 Siliqaa
1345 1994 1465 2021 ticesima
1479 1999 1574 2028 quarta
1586 2003 1647 2028 pars
1658 1995 1738 2022 solidi

955 2043 1003 2070 est,
1019 2038 1050 2064 ab
1063 2039 1165 2065 arboris
1178 2039 1274 2065 semine
1289 2038 1442 2064 vocabulum
1455 2043 1552 2065 tenens.
1569 2038 1688 2066 Tametsi
1704 2041 1738 2067 si-

955 2084 1055 2118 liquam
1074 2083 1144 2110 inter
1168 2088 1194 2110 et.
1209 2083 1333 2118 κεράτιον
1349 2083 1480 2110 interesse
1501 2083 1617 2110 videtur.
1636 2084 1735 2118 Sequi-

956 2133 1000 2155 tur
1014 2129 1085 2156 enim
1101 2129 1172 2163 apud
1185 2129 1317 2155 lsidurum
1333 2136 1340 2154 ι
1367 2128 1473 2155 Ceratas
1497 2128 1566 2154 oboli
1578 2137 1640 2162 pars
1656 2130 1740 2156 media

955 2180 1002 2205 est.
1025 2175 1148 2209 siliquam
1165 2174 1260 2201 habens
1282 2182 1361 2201 unam
1381 2179 1405 2201 et
1425 2175 1514 2200 semis.
1547 2174 1622 2199 Ilunc
1650 2174 1741 2201 Latini

955 2221 1123 2248 semiubalum
1147 2225 1248 2246 vocant.
1286 2219 1393 2246 (.‘erates
1415 2224 1503 2245 autem
1530 2218 1629 2250 (ira-re,
1648 2217 1740 2246 Latine

956 2267 1054 2300 siliqua
1078 2272 1210 2291 cornuum
1233 2264 1433 2298 interpretatur.
1457 2263 1555 2290 Obolas
1575 2263 1677 2298 siliquis
1693 2264 1741 2290 tri-

955 2310 1001 2337 bus
1018 2310 1182 2344 appenditur,
1196 2309 1292 2335 habens
1307 2315 1406 2335 ceratos
1418 2309 1494 2340 duos,
1506 2308 1738 2343 cltaleosquatuor.

955 2357 1080 2383 Continct
1098 2363 1162 2390 ergo
1179 2355 1302 2389 κεράτιον
1317 2356 1525 2388 sesqnisilicam.
1542 2354 1617 2381 Unde
1634 2355 1660 2381 in
1678 2355 1740 2381 dra-

956 2401 1034 2428 clitua
1049 2408 1113 2428 xxiii
1128 2400 1232 2435 siliqua:
1247 2403 1321 2430 sunt,
1333 2401 1432 2426 ceratia
1449 2408 1514 2426 xxii.
1535 2400 1564 2426 ιιι
1581 2399 1740 2427 tlidraclimo

956 2448 1060 2481 siliqua:
1076 2454 1167 2478 xxxvt,
1183 2446 1283 2473 ceratia
1302 2453 1376 2472 xxiv.
1392 2446 1525 2478 Quoniam
1542 2446 1631 2480 itaque
1644 2449 1738 2476 stator.

956 2494 1012 2519 sire
1039 2499 1138 2518 aureus
1163 2490 1259 2526 pritnis
1289 2491 1458 2526 temporibus
1486 2492 1592 2526 pondus
1622 2491 1739 2518 habebat

955 2539 1146 2565 drachmarum
1175 2537 1307 2568 duarum,
1344 2537 1380 2563 ita
1410 2542 1437 2564 ut
1456 2537 1581 2572 quaterni
1607 2537 1741 2563 duntaxat

956 2585 1120 2611 cuderentur
1137 2584 1164 2610 in
1177 2583 1304 2609 nnciam:
1321 2582 1381 2609 ideo
1395 2586 1450 2608 tum
1467 2582 1578 2617 κεράτια
1593 2590 1665 2613 xxiv,
1682 2582 1742 2608 sili-

955 2637 1024 2663 quas
1038 2636 1118 2655 xxxvt
1131 2627 1275 2662 pendebat.
1294 2626 1392 2654 Postea
1408 2627 1441 2654 de
1457 2627 1574 2662 pondere
1588 2627 1666 2653 tertia
1678 2633 1741 2660 pars

955 2679 997 2701 cst
1012 2674 1140 2706 deducta,
1162 2674 1199 2700 ita
1216 2677 1245 2699 ut
1266 2672 1324 2700 seni
1352 2672 1379 2699 in
1398 2666 1600 2700 unciam'soliili
1615 2670 1739 2707 percussi

956 2720 1030 2746 sint:
1053 2726 1083 2745 ac
1099 2724 1154 2746 tum
1172 2718 1277 2746 sextula
1292 2723 1457 2753 nuncupata.
1474 2718 1611 2745 Isidorus:
1632 2716 1740 2744 Satirlus
