1937 3039
209 104 262 132 583

753 93 925 122 ΛΡΡΕΝΜΧ
945 91 1263 120 DlSSFJtTATIONUM.

1793 90 1849 120 δελ

210 157 278 191 apud
285 155 397 182 Latinos
412 153 465 180 alio
480 152 584 179 nomine
602 149 705 177 sextula
718 149 831 179 dicitur;
842 147 911 183 quod
925 147 956 173 de
967 147 999 173 iis

1058 147 1095 172 ξὺν
1109 146 1156 172 ἕνα
1171 146 1252 182 ἄρτον
1267 145 1369 180 φόλεων
1382 144 1476 180 τριῶν,
1492 143 1526 172 ad
1537 144 1614 172 folles
1641 145 1699 172 sive
1715 152 1849 172 nununcs

209 210 255 230 set
269 201 347 228 uncia
361 201 533 233 compleatur.
545 197 614 223 Tum
632 203 696 230 ergo
713 195 817 222 solidus
834 195 866 221 ad
882 202 945 220 xxtv
959 193 998 220 si-

210 249 308 281 liquas.
325 245 439 279 κεράτια.
463 251 529 270 ινιιι
545 241 673 268 redactus
689 244 742 269 est.
764 239 865 267 Verum
885 239 999 275 κεράτιι

209 299 270 317 cum
287 289 396 323 siliquis
413 287 542 321 deinceps
560 285 675 312 confusa
690 289 770 317 sunt;
799 284 920 318 adeoque
937 290 1000 309 xxtv

209 335 334 369 κεράτια,
359 332 469 368 perinde
495 339 527 357 ac
551 330 658 364 siliqua:
683 337 756 360 xxiv,
783 328 872 356 solido
898 327 1000 354 tributa

210 385 282 407 sunt.
303 379 436 405 Dracltma
453 376 551 410 (inquit
563 375 694 408 Isidorus)
710 375 793 401 tribus
807 377 909 400 constat
925 381 1001 399 scru-

210 427 291 460 pulis,
304 425 331 451 id
343 430 380 450 est
394 431 461 450 xvtn
472 422 587 456 siliquis.
608 422 678 456 Ergo
690 421 716 448 in
729 421 808 447 uncia
820 421 925 454 siliqnze
938 425 1002 447 sunt

210 479 300 498 cuiv.
329 470 396 502 Quae
421 469 445 495 si
462 475 510 502 per
525 471 643 502 quatuor
660 466 828 496 dividantur.
856 465 924 492 dant
939 466 1001 492 uni-

212 517 312 549 cuique
329 514 416 542 solido
429 513 514 541 veteri
530 513 644 547 siliquas
655 519 735 538 unt
752 519 759 544 ;
780 512 802 538 si
819 519 867 546 per
881 519 939 541 sex,
955 511 1002 537 da-

213 563 279 588 bunt
291 561 403 587 sertulae
426 559 483 586 sive
495 557 584 586 solido
597 558 710 591 siliquas
719 565 792 588 μιν,
807 565 866 590 quze
881 561 909 583 et
920 556 1003 592 κερά-

211 614 258 633 ua.
282 609 426 632 vocarunt.
453 604 572 638 Apparet
590 611 655 637 ergo
671 610 770 629 CCXVIII
793 602 908 637 κεράτια
925 608 998 629 recte

212 658 310 678 novem
330 650 449 677 nummis
475 649 532 676 sive
563 648 658 675 solidis
684 648 916 682 imputari;quos
943 655 1002 674 esse

212 698 308 724 Glossa
326 697 391 723 dicit
409 696 580 721 miliarenscs
595 693 712 725 λεπτούς
727 701 807 720 cxxv.
835 694 854 720 li
876 694 903 719 in
919 700 1002 719 unum

213 742 353 767 sarculum
369 741 461 774 injecti
478 740 568 766 follem
585 739 777 766 conﬁciebant.
790 739 888 766 Iisdem
900 746 932 765 cx
942 746 989 764 sae

213 786 283 812 culis
305 786 468 819 stipendium
492 785 620 815 militare.
639 785 681 811 vel
704 785 863 811 donativum
884 784 911 810 in
927 784 1003 818 ψιε-

215 831 286 857 modi
301 831 509 856 miliariensium
525 830 616 863 specie
628 830 842 864 persolvebatnr.
861 829 938 856 Unde
954 830 1005 854 mi-

214 876 387 902 liariensilms
400 883 498 902 nomen
512 875 627 901 inditum
637 874 723 901 Graeci
737 875 838 909 passim
850 878 1002 901 autumant.

213 920 289 953 Apud
301 919 409 947 easdem
427 919 486 946 illas
494 919 617 948 Glossas.
631 919 797 954 μιλιαρισιον
811 918 1003 954 στρατιωτικὸν

213 965 311 1001 δῶρον,
331 969 359 992 et
374 965 438 992 alibi
453 965 565 1000 passim.
585 964 639 991 Nec
655 965 735 991 aliam
751 965 784 991 ab
798 964 853 991 ullo
869 964 1004 999 proditam

214 1011 338 1038 vocabuli
365 1011 446 1038 istius
468 1010 601 1044 originem
626 1013 736 1037 exstare
752 1009 882 1040 utemini;
905 1016 966 1043 quae
989 1016 1004 1036 a

214 1057 316 1084 nostris
332 1060 422 1083 tamen
439 1055 538 1082 merito
553 1054 696 1089 rejieitnr;
727 1062 790 1081 nam
807 1062 823 1080 a
846 1054 943 1080 mi!iliu
958 1057 1005 1080 aut

214 1102 298 1129 milite
309 1109 363 1128 non
380 1101 564 1131 miliariensis,
578 1100 625 1128 sed
638 1099 812 1126 militarcusi;
827 1099 884 1125 fieri
897 1098 1003 1125 debtlit.

214 1147 304 1180 Quare
319 1147 343 1173 si
367 1145 435 1172 mihi
454 1145 480 1172 in
503 1145 620 1172 obscura
643 1152 673 1171 re
687 1144 846 1178 conjectura
866 1143 929 1169 licet
946 1143 1004 1175 uti;

215 1192 288 1228 quod
307 1199 358 1218 cur
372 1191 484 1217 minime
496 1189 672 1221 concedatur,
696 1198 749 1216 non
766 1189 861 1222 video;
877 1189 1007 1216 libentius

217 1239 401 1266 miliarensem
422 1245 437 1263 a
454 1236 606 1264 millenario
623 1243 738 1262 numero
753 1235 891 1262 detortum
911 1235 1004 1261 existi-

216 1291 302 1310 mem:
318 1281 390 1317 quod
410 1280 534 1308 videlicet
546 1281 620 1307 mille
641 1279 796 1307 istiusmodi
811 1279 931 1306 nummis
946 1279 1005 1306 auri

217 1329 284 1356 libra
298 1327 431 1355 aestimata
444 1326 534 1354 fuerit.
550 1326 655 1353 Etenim
666 1325 894 1355 solidorum,sive
910 1332 1007 1351 aureo-

217 1382 277 1402 rum
301 1374 329 1401 in
351 1373 448 1400 libram
473 1379 605 1400 numerus
622 1379 684 1398 cum
709 1371 834 1397 diversus
859 1370 1006 1405 aliquando

218 1421 308 1452 fuerit,
335 1419 442 1446 tandem
458 1418 492 1445 ad
517 1426 589 1445 Lxxn
613 1417 747 1451 pervenit.
777 1416 830 1442 δικ
858 1418 941 1447 enim,
968 1417 1006 1443 uti

217 1467 318 1494 dictum
333 1469 385 1497 est,
408 1464 435 1490 in
464 1464 573 1490 unciam
591 1462 725 1496 percussi.
752 1461 814 1488 Ideo
837 1461 941 1487 sextula
956 1470 1005 1488 vo-

217 1558 250 1584 de
263 1555 416 1590 Nicephoro
431 1553 535 1580 Phoca:
563 1551 617 1578 Ἶιν
632 1553 660 1578 δὲ
681 1552 748 1587 πρὸς
765 1553 821 1583 τοῖς
849 1552 938 1583 ἄλλοις
958 1552 1006 1578 καὶ

217 1601 366 1636 χρημάτων
380 1600 480 1634 ἥττων,
496 1598 534 1630 ὡς
550 1598 631 1625 ἔοικε.
651 1598 739 1632 Μέχρι
754 1598 808 1633 γὰρ
822 1599 925 1624 ἐκείνω
938 1607 1005 1624 παν-

218 1647 262 1677 τὸς
284 1646 448 1680 νομίσματος
472 1643 580 1678 ἑξαγὶου
606 1643 724 1678 σταθμὸν
747 1644 881 1675 ἕλκοντος,
903 1645 1006 1675 ἐκεῖνος

217 1692 248 1718 τὸ
261 1691 428 1727 τεταρτηρὺν
449 1690 590 1725 ἐπενόησε,
615 1690 768 1722 κολοὸώσας
791 1690 856 1716 αὐτὸ
878 1691 947 1717 κατὰ
961 1690 1007 1716 τὸν

219 1737 349 1772 σταθμόν.

254 1784 282 1811 Si
309 1784 392 1818 igitur
417 1783 588 1811 miliarcnses
617 1791 686 1811 cxxv
712 1791 807 1810 novem
831 1783 933 1811 solidos
959 1791 1007 1810 ex~

216 1833 339 1864 tequant,
363 1834 390 1856 et
415 1837 462 1856 CCL
489 1829 592 1857 solidos
625 1829 795 1862 octodecim;
820 1838 886 1864 ergo
909 1834 1007 1864 quater

217 1875 326 1902 ducenti
353 1875 549 1909 quinquaginta
575 1875 754 1906 miliarenses.
790 1874 844 1901 hoc
867 1879 908 1901 est
934 1875 1007 1902 mille

218 1920 320 1948 solidos
343 1920 490 1954 explebunt.
512 1927 597 1949 Lxxn.
623 1927 683 1953 qua:
703 1924 742 1946 est
764 1919 822 1946 auri
841 1919 918 1946 libra.
939 1919 1006 1946 Vera

219 1966 317 2000 igitur,
344 1969 475 1999 quantum
500 1969 629 1999 apparet,
655 1965 822 1992 miliarensis
845 1964 949 1991 notatio
973 1973 1005 1991 ex

218 2011 330 2045 optimis
345 2011 399 2037 illis
415 2010 520 2037 Glossis
534 2013 612 2036 eruta
626 2014 678 2040 est,
695 2017 755 2044 quae,
771 2010 903 2037 hactenus
920 2010 1007 2037 latue-

219 2061 270 2088 rat,
294 2061 321 2083 et
345 2065 361 2082 a
387 2056 528 2088 Graeculis,
550 2061 580 2083 ut
596 2056 709 2087 assolet,
727 2055 874 2091 depravata
890 2064 922 2083 ac
951 2056 1007 2083 dis-

218 2102 344 2130 simulata
362 2102 459 2130 fuerat.
476 2101 528 2129 Sed
544 2101 577 2130 de
591 2103 795 2130 miliarensibus
814 2103 873 2130 istis
890 2103 1006 2137 amplius

218 2153 324 2183 agetur,
349 2156 410 2175 cum
426 2149 459 2175 ad
481 2148 572 2175 follem
591 2154 747 2183 argenteum
763 2153 871 2176 ventum
888 2150 956 2176 erit:
971 2150 1003 2177 ad
1022 2162 1043 2189 ο

218 2203 298 2229 quem
315 2195 473 2229 priusquam
485 2195 637 2221 orationem
649 2195 844 2226 convertimus,
858 2195 891 2223 de
905 2197 1005 2228 aureis,

219 2241 242 2267 si
254 2240 300 2274 qui
317 2239 428 2272 fuerint,
453 2239 658 2274 disputandum.
681 2240 818 2267 llactenus
834 2241 905 2267 enim
920 2242 1006 2276 prima

220 2286 290 2313 follis
325 2289 366 2313 est
399 2285 534 2320 explicata
573 2285 666 2318 notio,
699 2289 835 2320 quatenus
867 2286 948 2322 ὁλκήν
980 2292 1005 2315 et

218 2331 355 2367 ἄθροισμα
373 2338 547 2357 ntlmmorum
565 2330 708 2364 significat.

218 2385 257 2413 De
276 2386 349 2421 folle,
379 2390 408 2411 ut
430 2387 508 2424 inter-
522 2394 647 2424 nummos
660 2391 778 2413 censetur
794 2396 808 2424 7:7
826 2397 857 2415 ac
879 2390 1005 2424 primunt,

368 2428 477 2447 aureum
494 2420 576 2454 fuisse
590 2421 691 2448 nullum
706 2423 864 2451 ostenditur.

258 2475 340 2502 Follis
356 2477 429 2502 aurei
445 2477 546 2503 nuntmi
558 2485 639 2512 genus
654 2483 702 2512 est,
724 2479 813 2515 inquit
828 2480 956 2516 Cujacius
972 2483 1006 2509 ad

220 2522 270 2556 leg.
290 2521 321 2548 t2
334 2521 396 2548 cod.
410 2521 570 2554 Justiniani.
593 2524 633 2550 tit.
649 2524 676 2557 2,
702 2525 754 2561 leg.
772 2526 798 2552 2.
819 2526 901 2562 idque
917 2536 950 2555 ex
967 2529 1006 2555 le-

219 2574 282 2601 gum
304 2567 407 2601 aliquot
422 2567 604 2601 Theodosiani
630 2570 734 2598 codicis
761 2573 923 2599 auctoritate
938 2581 1005 2599 con-

220 2612 326 2639 ﬁrmat:
351 2613 434 2640 veluti
448 2613 497 2649 leg.
515 2613 532 2640 2
547 2618 573 2642 et
588 2615 614 2647 5,
632 2615 715 2648 Quor.
732 2617 781 2652 Ap.
799 2625 852 2644 non
869 2626 923 2645 rec.
941 2618 1005 2645 ltem

219 2657 276 2693 iege
291 2659 307 2685 5
320 2657 354 2685 de
370 2659 482 2692 suariis,
499 2660 556 2695 lege
571 2661 588 2688 5
601 2666 628 2688 et
641 2661 670 2688 21
688 2662 722 2689 de
738 2664 909 2696 pl‘tBlOl'lbllS.
928 2663 1005 2696 Quod

218 2704 314 2732 etaliis
324 2705 469 2738 persuasit.
483 2705 575 2741 Itaque
585 2707 625 2734 vir
635 2707 733 2734 doctus
742 2707 915 2734 Alexandrini
929 2709 1006 2736 chro-

217 2749 272 2776 ηὶυί
288 2750 375 2776 locum
393 2750 480 2782 illum,
495 2758 556 2786 pag.
573 2751 633 2783 742,
654 2751 715 2777 Ἐπὶ
730 2751 832 2778 τούτων
843 2751 898 2779 τῶν
914 2752 1006 2780 αὐτῶν

223 2796 328 2824 ὑπάτων
349 2796 436 2830 λεῖψις
457 2797 567 2830 γέγονεν
588 2796 635 2823 τοῦ
655 2796 748 2831 ἄρτου,
765 2797 835 2824 ὥστε
849 2798 1005 2834 παραϐῆναι

1052 199 1149 219 aureos
1166 192 1268 219 retulit.
1292 191 1392 219 Verum
1405 199 1437 218 ex
1452 191 1544 218 allatis
1559 199 1573 218 a
1591 198 1689 226 magno
1703 191 1850 226 juriscon-

1052 238 1124 266 snlto
1137 238 1241 272 legibus
1258 237 1327 264 adeo
1344 237 1413 264 nihil
1428 237 1461 264 de
1472 243 1556 264 aureo
1571 236 1664 271 aliquo
1675 237 1849 263 numismate

1051 284 1199 318 colligitur.
1216 287 1245 310 ut
1261 282 1427 310 contrarium
1448 282 1540 317 potius
1555 289 1586 309 ex
1599 282 1738 317 plerisque
1754 281 1849 308 mani-

1052 329 1199 355 festissime
1214 329 1341 355 concludi
1356 328 1454 363 possit.
1481 327 1536 354 Lex
1552 332 1595 354 est
1612 328 1711 362 prima,
1728 334 1793 361 quae
1805 332 1848 355 te-

1052 374 1174 400 inerat-ia:
1193 373 1365 408 appellationi
1387 373 1516 400 mulctam
1538 373 1634 400 indicit
1649 372 1754 400 follium
1771 380 1848 404 xxx;

1052 421 1205 454 Clljusmodi
1229 421 1270 447 vel
1291 420 1411 454 argentei
1435 420 1539 446 nummi
1561 419 1703 447 commode
1727 424 1850 454 possunt

1053 465 1178 500 intelligi,
1192 466 1233 492 vel
1246 472 1420 492 nummorum
1447 467 1521 492 certa
1537 464 1660 491 collectio
1678 463 1736 491 sive
1752 471 1850 491 saccu-

1053 510 1106 537 lus.
1137 509 1259 544 Reliquis
1276 510 1303 536 in
1329 509 1433 544 legibus
1455 510 1553 536 mirum
1575 513 1744 544 quantopere
1769 510 1849 535 illum

1053 555 1122 582 ratio
1138 555 1246 590 fugerit.
1266 555 1336 590 Lege
1351 556 1368 582 5
1385 555 1418 582 de
1433 555 1544 588 suariis,
1562 555 1629 582 libra
1647 555 1734 582 suilla:
1751 555 1850 581 carnis

1053 604 1126 630 senis
1140 602 1253 630 follibus
1265 607 1385 630 taxatur.
1409 602 1476 635 Quis
1494 602 1584 629 aureis
1601 602 1721 629 nummis
1734 600 1785 629 sex
1802 610 1851 628 va—

1054 649 1138 675 luisse
1159 649 1297 683 porcinam
1319 648 1486 675 arbitretur?
1498 647 1569 683 Ergo
1585 656 1618 676 ne
1633 648 1771 683 argenteis
1785 647 1850 681 qui-

1053 693 1113 720 dem
1130 694 1241 720 totidem
1255 698 1337 728 puto:
1365 697 1392 720 ct
1413 693 1490 721 folles
1507 693 1551 720 hic
1569 701 1654 720 aereos
1679 701 1710 719 ac
1723 693 1849 721 minutos

1054 739 1229 773 interpretor.

1090 783 1221 818 Sequitur
1243 783 1283 810 lex
1300 783 1326 813 5,
1342 782 1379 809 De
1396 782 1557 817 praxtoribus
1572 791 1578 809 :
1596 789 1656 816 quae
1671 782 1844 816 crogationis

1023 823 1042 850 Β
1058 829 1168 856 modum
1193 829 1220 856 in
1247 829 1374 863 prmtnris
1397 828 1500 855 ('elinit.
1521 828 1619 855 Prima:
1633 832 1769 862 przeturie,
1786 836 1849 862 qna-

216 1517 285 1542 cata,
307 1509 380 1545 quod
394 1513 498 1536 sextam
510 1508 595 1535 unciae
611 1512 713 1542 partem
726 1506 863 1540 penderet.
883 1506 1004 1533 Zonaras
1019 1495 1040 1520 ⁴⁴

1056 873 1183 901 Flavialis
1197 874 1308 905 dicitur,
1323 873 1508 908 erogationem
1528 873 1682 907 praescribit
1697 873 1792 908 viginti
1821 879 1849 900 et

1055 919 1175 954 quinque
1191 918 1305 945 millium
1330 917 1434 944 tollium
1466 925 1497 944 ac
1513 918 1624 951 triginta
1645 918 1776 944 librarum
1801 925 1847 944 ar-

1056 965 1146 999 genti;
1167 965 1302 997 secundm,
1319 965 1554 992 Constantiniana:
1567 965 1656 995 dieue,
1671 964 1766 999 viginti
1785 964 1848 990 mil-

1055 1010 1091 1037 lia
1122 1010 1226 1037 follium
1253 1013 1280 1037 et
1303 1010 1482 1045 quadraginta
1504 1009 1589 1037 libras
1612 1010 1734 1045 argenti;
1756 1011 1847 1036 tertia:

1057 1057 1242 1092 Triumphali,
1263 1057 1417 1092 quindecim
1434 1057 1517 1083 millia
1543 1056 1657 1089 follium,
1682 1064 1714 1083 ac
1734 1057 1847 1091 triginta

1060 1103 1144 1130 libras
1163 1102 1280 1138 argenti.
1301 1102 1356 1130 Hos
1371 1110 1434 1130 vere
1450 1102 1528 1130 folles
1553 1110 1651 1130 aureos
1676 1110 1739 1129 esse
1764 1111 1848 1128 num-

1057 1156 1127 1180 mos,
1145 1149 1206 1183 quis
1222 1148 1329 1176 tandem
1352 1149 1536 1183 persuadeat?
1552 1148 1645 1183 Neque
1658 1149 1730 1175 enim
1751 1148 1848 1175 verisi—

1057 1194 1120 1222 mile
1132 1198 1174 1222 est
1191 1198 1267 1221 tanto
1281 1195 1413 1229 majorem
1430 1195 1490 1221 auri
1509 1194 1688 1229 quantitatem
1703 1194 1730 1221 in
1745 1194 1846 1221 editio-

1058 1246 1116 1270 nes.
1133 1246 1215 1274 quam
1234 1240 1338 1274 argenti
1362 1240 1404 1267 vel
1429 1240 1594 1275 insumptam
1623 1240 1664 1267 vel
1685 1247 1845 1267 concessam

1058 1284 1154 1312 fuisse.
1171 1284 1269 1312 At‘xxv
1283 1284 1399 1318 follium,
1413 1285 1434 1312 si
1451 1285 1526 1312 aurci
1541 1286 1645 1313 nummi
1662 1290 1737 1317 sunt,
1750 1285 1846 1316 millia.

1058 1333 1197 1365 utcunque
1221 1330 1256 1357 ad
1275 1331 1358 1357 libras
1379 1331 1546 1365 redigantur,
1571 1331 1689 1358 immane
1711 1334 1845 1365 quantum
1879 1327 1882 1329 “

1057 1380 1248 1410 nrgcntearum
1266 1385 1410 1404 numerum
1426 1377 1570 1404 excedant.
1598 1376 1668 1412 Ergo
1688 1377 1768 1404 folles
1784 1377 1845 1404 istic

1057 1422 1118 1448 ιρι·ρί
1138 1422 1240 1449 nummi
1266 1422 1323 1449 sive
1351 1423 1496 1450 follwrale‘s
1520 1423 1655 1455 videntur,
1680 1430 1750 1457 quos
1766 1422 1845 1449 Lam-

1058 1467 1128 1501 prid.
1151 1467 1178 1494 in
1195 1467 1344 1502 Alagabalo
1364 1468 1441 1496 folles
1456 1469 1519 1496 aeris
1539 1469 1665 1504 appellat.
1684 1467 1844 1503 Cujnsmodi

1057 1512 1169 1539 minuta:
1193 1513 1308 1547 species,
1328 1518 1354 1540 et
1369 1521 1446 1540 aerea:
1465 1521 1526 1539 eum
1547 1513 1684 1547 argenteis
1710 1517 1737 1540 et
1753 1513 1844 1541 aureis

1055 1557 1223 1592 conjunctim
1242 1559 1267 1585 in
1286 1559 1416 1585 salarium
1435 1558 1552 1585 ducibus
1572 1559 1732 1585 nominatim
1748 1563 1844 1585 taxata:

1056 1603 1184 1638 leguntur
1217 1603 1287 1638 apud
1316 1605 1443 1639 Augusta
1472 1604 1593 1631 historia:
1620 1606 1780 1640 scriptores.
1807 1605 1843 1631 lta

1056 1654 1164 1676 rentum
1182 1649 1244 1676 terei
1265 1649 1355 1676 diurni
1375 1650 1444 1684 apud
1464 1649 1611 1684 Vopiscum
1627 1651 1654 1677 in
1678 1650 1842 1678 Aureliano:

1055 1702 1189 1721 :treorum
1217 1694 1422 1730 Philippeorum
1447 1703 1537 1723 annua
1553 1696 1646 1723 decem
1667 1696 1752 1723 millia
1774 1697 1842 1732 apud

1056 1739 1180 1767 cuindem
1196 1739 1222 1766 in
1237 1739 1334 1766 Probo.
1355 1740 1430 1768 [Eris
1445 1740 1489 1767 llS
1503 1741 1594 1768 decies
1611 1742 1636 1768 in
1654 1740 1767 1768 Bonoso.

1091 1783 1233 1812 Postremo
1249 1785 1306 1820 lege
1320 1785 1351 1812 21
1370 1785 1406 1813 De
1421 1791 1509 1820 prum,
1519 1787 1621 1814 follium
1641 1787 1720 1821 plane
1734 1787 1842 1814 diversa

1057 1834 1083 1856 et
1098 1830 1248 1858 abhorrens
1269 1831 1303 1858 ab
1320 1832 1394 1858 omni
1423 1840 1595 1860 nummorum
1618 1840 1716 1867 genere
1739 1833 1843 1868 signiti-

1056 1876 1128 1903 catio
1143 1881 1193 1903 est.
1212 1875 1251 1903 lbi
1265 1878 1337 1904 enim
1355 1877 1488 1912 triplicem
1505 1879 1636 1905 senatorii
1652 1878 1759 1906 ordinis
1780 1887 1840 1913 gra-

1057 1921 1121 1948 dum
1147 1921 1288 1955 discernit,
1310 1930 1358 1957 pro
1380 1923 1489 1950 diversa
1510 1923 1693 1958 professione.
1721 1924 1842 1957 inquam

1057 1966 1102 1992 alii
1117 1966 1187 1993 duos
1206 1966 1295 1998 folles,
1319 1968 1363 1994 alii
1386 1972 1515 2002 quatuor,
1545 1968 1592 1995 alii
1619 1968 1735 2002 amplius
1759 1968 1841 1994 liabe-

1058 2012 1133 2038 bant.
1145 2011 1228 2039 Follis
1237 2019 1302 2039 vero
1311 2020 1364 2039 non
1376 2020 1424 2047 pro
1438 2019 1560 2044 nummo,
1569 2012 1615 2040 sed
1625 2020 1674 2048 pro
1682 2020 1788 2040 canone
1797 2013 1842 2039 tri-

1057 2057 1114 2083 lmti
1139 2064 1170 2084 ac
1187 2057 1369 2091 praestationis
1386 2058 1511 2090 sumitur,
1521 2059 1566 2093 qui
1577 2066 1591 2085 a
1607 2058 1781 2086 senatoribus
1798 2066 1842 2093 pro

1057 2103 1191 2137 cujusque
1207 2102 1338 2129 facultate
1353 2110 1384 2129 ac
1400 2103 1532 2138 dignitate
1549 2104 1654 2131 solebat
1669 2104 1757 2139 exigi:
1777 2105 1842 2132 κατὰ

1057 2149 1105 2184 τὴν
1133 2149 1212 2181 ἀξίαν
1234 2149 1280 2176 καὶ
1303 2148 1351 2184 τὴν
1367 2149 1508 2185 εὐπορίαν,
1524 2153 1554 2176 ut
1573 2150 1670 2185 glossa:
1687 2149 1840 2184 loquuntur.

1058 2194 1192 2228 Quocirca
1209 2194 1276 2221 nihil
1293 2194 1427 2222 hactenus
1446 2195 1557 2221 allatum
1572 2194 1661 2226 video,
1677 2195 1750 2229 quod
1771 2195 1840 2222 aurei

1058 2241 1162 2268 nummi
1177 2249 1263 2276 genus
1278 2240 1362 2268 fuisse
1380 2241 1470 2268 follem
1491 2245 1651 2276 argumento
1671 2249 1732 2268 esse
1749 2242 1840 2276 possit.

1058 2286 1106 2314 sed
1127 2286 1169 2313 vel
1195 2287 1253 2313 auri
1273 2286 1433 2322 argentique
1458 2294 1602 2320 summam,
1622 2287 1664 2314 vel
1688 2292 1839 2324 argenteum

1058 2336 1132 2360 certe
1146 2340 1297 2365 nummum,
1316 2337 1362 2359 aut
1377 2341 1488 2361 aereum.

1094 2389 1133 2416 De
1146 2389 1293 2417 miliarensi
1309 2396 1440 2425 argentea,
1456 2400 1514 2425 quw
1528 2399 1590 2426 pars
1607 2392 1678 2426 follis
1696 2392 1807 2419 videtur.

1093 2435 1244 2470 Antequam
1267 2436 1301 2464 de
1318 2436 1381 2464 folle
1398 2443 1526 2472 argenteo
1548 2439 1615 2465 certi
1642 2439 1747 2474 aliquid
1764 2447 1838 2466 erua-

1058 2485 1114 2512 tur,
1131 2489 1243 2509 nccesse
1258 2487 1300 2509 est
1318 2482 1351 2509 de
1374 2483 1536 2513 miliarensi,
1556 2483 1629 2518 quod
1644 2484 1764 2519 ἄργυρον
1782 2483 1838 2518 Epi-

1058 2526 1176 2561 phanius
1194 2527 1328 2560 nominat,
1342 2536 1428 2563 pauca
1440 2529 1563 2563 quaedam
1583 2529 1759 2563 praemittere.
1776 2537 1838 2564 quo-

1059 2574 1132 2599 niam
1159 2581 1191 2600 ex
1214 2581 1246 2601 eo
1274 2582 1447 2602 nummorum
1473 2583 1572 2610 genere
1597 2577 1724 2610 componi
1755 2576 1837 2603 follem

1059 2617 1130 2645 idem
1145 2618 1192 2645 ille
1207 2619 1342 2647 afﬁrmare
1358 2620 1473 2648 videtur.
1491 2620 1673 2649 Miliarensem
1687 2625 1837 2656 argenteum

1058 2663 1143 2691 fuisse
1172 2672 1314 2692 nummum
1340 2673 1394 2692 non
1422 2674 1550 2698 aureum,
1580 2667 1702 2694 declarat
1734 2666 1837 2695 Novella

1056 2707 1207 2736 Justiniani
1232 2717 1282 2742 εν,
1308 2710 1335 2737 in
1362 2719 1415 2745 qua
1442 2712 1667 2746 magistratibus,
1693 2711 1835 2746 pra:ser1im

1057 2761 1130 2782 coss.
1140 2755 1309 2789 profusionis
1318 2757 1427 2783 modum
1438 2757 1602 2792 pra-scribit.
1622 2761 1750 2791 vetatque
1765 2764 1836 2783 num-

1057 2808 1117 2828 mos
1131 2808 1229 2830 aureos
1243 2809 1382 2838 spargere,
1404 2809 1548 2838 argenteos
1570 2803 1711 2838 permittit.
1731 2803 1769 2830 Οὺ
1789 2801 1836 2837 μὴι
