1937 3039
80 154 133 184 585

694 151 736 178 DE
756 148 866 179 FOLLE
886 147 1092 178 MILIARENSI.

1654 149 1705 177 586

80 210 195 247 χρυσίον
217 209 323 245 ῥίπτειν
348 209 474 244 ἐφίεμεν,
498 208 528 235 οὐ
555 209 715 244 μικροτέρου
742 209 823 241 τινὸς,
851 209 867 244 ἢ

925 216 984 234 cum
1002 207 1118 234 duorum
1137 206 1314 234 denariorum
1337 206 1486 242 legitimum
1503 209 1577 236 aurci
1599 209 1704 244 pondus

82 254 207 290 μείζονος
231 254 309 286 ὅλως,
335 252 352 288 ἢ
378 253 460 287 μέσου
484 253 670 288 χαράγματος,
695 252 711 286 ἢ
738 252 868 288 παϐμθῦ,

80 300 139 327 ἀλλ’
155 299 275 336 ἀργύρου
293 299 429 335 (καθάπερ
441 299 562 330 εἰπόντες
579 298 710 333 ἕφθημεν)
729 298 819 333 μόνον.
835 298 871 324 Τὸ

82 345 132 381 μὲν
152 345 208 380 γὰρ
226 345 336 380 χρυσίον
351 344 518 380 διαρῤίπτειν
540 343 656 370 ἀνείσθω
678 345 710 379 τῇ
734 343 869 378 βασιλείᾳ,

81 389 155 429 ᾗπερ
170 390 239 426 μόνῃ
254 391 300 417 καὶ
316 390 428 425 χρυσίω)
448 391 622 425 περιφρονεῖν
640 390 654 416 ὁ
668 389 719 424 τῆς
733 389 818 425 τύχης
832 390 870 416 δὶ-

79 439 162 463 δωσιν
180 436 270 470 ὗγκως.
289 437 426 472 Ἀργυρος
447 436 475 462 δὲ
499 437 512 462 ὁ
538 436 606 471 μετὰ
621 435 720 472 χρυςὺν
733 435 812 466 solli);
831 445 872 462 τι-

81 481 220 516 μιώτατος
233 481 339 516 γένοιτο
352 481 385 508 ἂν
401 482 449 508 καὶ
464 483 520 513 τοῖς
537 481 627 513 ἄλλοις
643 481 756 513 ὑπάτοις
774 482 872 516 φιλοτι-

81 527 133 562 μία
149 526 302 562 πρέπουσα.
325 527 425 553 Τοῦτον
440 526 552 561 ἐφίεμεν
566 526 664 558 αὑτοὺς
680 526 785 561 ῥίπτειν
798 526 827 552 ἓν
842 535 871 552 τε

79 575 138 605 τοῖς
157 572 334 608 καλουμένοις
350 572 542 607 μιλιαρησίοις,
555 573 602 598 καὶ
623 573 728 608 μήλοις,
743 573 790 599 καὶ
807 580 872 599 καυ-

79 619 163 651 utsic,
183 619 230 645 καὶ
250 618 453 654 τετραγωνίοις,
471 617 518 644 καὶ
539 619 595 649 τοῖς
612 618 753 650 τοιούτοις.
773 618 871 645 Millia-

80 672 192 692 rensem
208 663 398 691 duodecimam
415 663 494 690 solidi
512 667 616 698 partem
640 663 738 696 fuisse,
763 663 815 690 hoc
831 667 872 691 est

81 710 202 738 solidum
225 717 336 736 aureum
356 709 488 736 duodenis
505 709 715 736 milliarensibus
739 709 871 741 valuisse,

81 756 135 782 viri
154 755 227 783 docti
251 755 354 790 pridem
380 755 582 787 observarunt;
612 755 780 790 proindeque
804 755 872 783 duas

83 802 202 836 siliquas
217 800 276 828 auri
299 801 382 827 unius
397 800 572 827 milliarensis
593 800 774 828 aestimatione
795 804 873 827 taxa-

83 853 127 875 tas
144 855 151 874 :
173 847 274 882 quippe
288 847 393 874 solidus
410 854 473 874 xxtv
491 846 599 881 siliquis
614 847 768 874 constabat.
785 847 873 881 Atque

921 257 1005 282 esset.
1035 252 1218 285 Quamobrem
1250 253 1309 279 auri
1336 252 1404 278 libra
1429 252 1566 281 drachmis
1597 254 1705 281 valebat

922 298 1003 329 H52.
1019 298 1187 325 didrachmis
1196 297 1253 325 sire
1264 297 1477 324 milliarensibus
1493 298 1553 325 576.
1569 298 1622 326 Per
1635 306 1704 334 quos

922 345 944 372 si
962 345 1030 372 1728
1050 345 1176 379 siliquas,
1196 348 1263 379 quot
1287 344 1315 370 in
1339 343 1409 371 libra
1428 349 1616 376 numerantur,
1635 345 1706 372 divi-

922 390 982 423 das,
1005 394 1160 425 competent
1180 390 1228 417 uni
1246 389 1404 417 didrachmo
1429 389 1534 424 siliqua:
1558 393 1625 422 tres,
1651 397 1705 418 non

923 437 992 464 duze.
1009 435 1117 469 Postea,
1141 445 1204 463 cum
1218 443 1324 464 Lxxxtv
1344 436 1371 463 in
1384 436 1479 462 libram
1497 437 1620 470 percussi
1645 441 1709 464 sunt

923 482 1014 514 solidi,
1035 482 1058 509 si
1087 481 1210 516 singulos
1234 482 1410 509 nihilominus
1428 481 1501 516 paris
1525 489 1585 508 cum
1613 482 1710 508 veleri-

925 527 987 558 bus,
1005 527 1139 562 longeque
1161 527 1343 562 gravioribus,
1360 527 1440 562 pretii
1467 526 1552 554 fuisse
1581 527 1644 562 quis
1667 527 1709 554 di-

924 573 1007 604 xerit,
1024 572 1172 599 absttrdutn
1190 573 1317 608 quiddam
1338 580 1369 600 ex
1387 581 1420 600 eo
1433 577 1624 608 consequetur.
1641 573 1710 600 Nam

924 622 952 644 nt
966 625 1066 644 Lxxxtv
1080 626 1128 653 per
1148 626 1212 646 xxrv
1228 619 1405 653 multiplices,
1419 619 1541 646 invenies
1558 620 1635 647 librae
1651 627 1710 647 auri

924 663 1040 698 pretium
1066 663 1259 690 drachmarum
1297 672 1359 691 esse
1382 664 1465 697 2016,
1487 664 1710 692 didraclnnorum

924 716 971 736 seu
1001 708 1210 735 milliarensium
1240 709 1487 743 Scaligerianorum
1524 710 1603 737 1008.
1635 711 1712 738 llndc

924 753 992 780 illud
1006 760 1177 789 consequens
1190 758 1242 785 est,
1255 755 1385 788 quoruiam
1400 755 1537 783 drachma:
1553 757 1578 782 in
1591 756 1710 783 Romana

925 799 994 825 libra
1022 802 1085 826 sunt
1112 807 1172 825 xcvr
1194 799 1232 834 (in
1254 799 1363 826 unciam
1387 801 1458 826 enim
1484 806 1590 828 octona:
1612 809 1712 829 conve—

924 844 1029 878 niunt),
1044 844 1121 871 librm
1135 848 1225 871 autem
1241 852 1287 871 xx:
1300 845 1446 873 drachmas
1463 846 1588 878 totidem,
1604 846 1655 873 hoc
1670 851 1712 874 est

82 879 190 919 idcirco
209 879 403 919 milliarensem
423 879 566 926 otxéparov
585 890 725 918 Ccdrenus
739 879 871 918 nominat.
889 879 910 905 Β
923 888 994 915 2016
1020 888 1072 916 sibi
1098 889 1248 920 vindicant,
1273 889 1395 916 eamdem
1416 890 1587 917 Constantini
1611 893 1711 918 szeculo

82 937 187 966 Verum
208 937 280 965 istud
299 941 459 972 perpetuum
483 945 544 964 esse
560 937 672 964 minime
694 937 792 972 potuit.
819 937 872 964 D0<

81 987 145 1013 cent
160 983 233 1011 enim
257 982 360 1010 Glossze
375 982 486 1018 νομικαί
514 990 611 1009 novem
638 983 749 1010 circiter
772 982 873 1010 solidos

83 1029 272 1056 milliarenscs
290 1028 417 1055 habuisse
433 1035 513 1060 cxxv,
535 1028 635 1063 quibus
657 1032 812 1062 competunt
827 1036 874 1054 xe-

84 1074 166 1110 ράτιιι
191 1081 303 1101 ccxvut.
322 1073 439 1101 Proinde
463 1073 579 1108 singulis
599 1073 811 1101 milliarensibus
835 1077 875 1100 at~

83 1120 229 1147 tribuenda
247 1124 312 1147 sunt
325 1119 440 1156 κεράτια
461 1119 568 1155 singula
582 1127 642 1146 cum
660 1118 805 1151 dodrante,
822 1118 873 1146 hoc

79 1169 125 1193 est
141 1173 205 1192 cum
223 1165 337 1192 semisse
348 1169 374 1192 et
386 1165 554 1202 quadrante;
573 1165 677 1192 solidus
692 1172 757 1192 vero
769 1163 868 1191 millia-

81 1211 156 1239 rensi
179 1212 331 1239 aestimatur
346 1212 358 1238 1
374 1212 436 1247 8/9.
454 1217 484 1239 ut
501 1219 584 1247 supra
599 1212 700 1239 dictum
715 1215 767 1238 est.

120 1255 255 1291 Scaliger,
272 1255 342 1283 libro
358 1255 395 1283 De
410 1264 436 1283 re
454 1255 624 1288 Numntaria,
637 1255 827 1283 milliarensem
837 1254 875 1282 ait

84 1308 147 1329 esse
163 1301 315 1328 δωδέκατον
329 1302 377 1329 τοῦ
389 1302 566 1338 νομίσματος,
578 1307 604 1328 ct
621 1301 733 1328 Suidam
750 1302 873 1336 corrigit,

84 1347 130 1381 qui
146 1347 261 1374 δέκατον
279 1355 340 1375 esse
361 1348 502 1375 docuerat.
522 1348 706 1382 Eumdemque
727 1351 753 1374 et
768 1347 874 1376 duabus

85 1393 145 1420 auri
171 1393 280 1428 siliquis
305 1394 435 1427 valuisse,
459 1398 486 1422 et
510 1395 595 1422 fuisse
612 1395 813 1426 didrachmum,
839 1394 875 1421 ob

85 1446 158 1470 eaut,
175 1447 257 1474 quam
277 1440 343 1473 dixi,
367 1441 511 1473 rationem,
537 1441 609 1476 quod
634 1440 775 1476 δικέρατον
795 1440 873 1472 foret,

87 1484 246 1511 et'duarum
265 1484 428 1519 siliquarnm
445 1485 653 1512 aestimationem
669 1484 790 1515 haberet,
807 1491 873 1518 qua-

924 934 1130 969 proportionem
1152 934 1212 960 auri
1233 933 1329 966 fuisse,
1348 942 1407 968 quze
1427 939 1470 962 est
1488 935 1518 962 ‘Zl
1540 936 1573 963 ad
1592 936 1616 963 1.
1634 936 1711 969 Quod

924 980 1044 1007 immane
1061 984 1087 1006 et
1104 979 1221 1015 prodigii
1248 980 1338 1007 simile
1360 984 1421 1013 est;
1439 988 1500 1007 nam
1518 981 1551 1008 ad
1575 989 1712 1008 sututuum

924 1025 1134 1060 quatuordeeim
1157 1025 1302 1057 duntaxat.
1328 1029 1355 1053 et
1370 1034 1403 1052 co
1417 1027 1534 1061 amplius
1550 1027 1654 1062 argenti
1670 1035 1714 1055 se-

925 1070 1005 1102 libra,
1024 1070 1082 1096 auri
1100 1070 1197 1097 libram
1215 1075 1334 1097 taxatam
1355 1079 1427 1103 esse,
1445 1072 1523 1099 iidem
1546 1072 1612 1100 facit
1629 1073 1714 1100 lioto-

924 1122 1054 1147 mamms,
1069 1115 1151 1152 idque
1163 1115 1272 1143 Arcadii
1283 1120 1309 1143 et
1325 1115 1436 1144 ilonorii
1451 1121 1582 1152 tempore.
1598 1117 1666 1145 Turn
1683 1123 1714 1147 ut

926 1160 991 1186 illud
1018 1161 1212 1194 concedamus,
1241 1163 1352 1190 totidem
1379 1162 1556 1194 didrachmis,
1586 1164 1636 1191 hoc
1663 1169 1705 1192 est

926 1205 995 1233 1008
1018 1207 1078 1233 auri
1102 1207 1199 1233 libram
1224 1208 1386 1235 aestimatam
1412 1209 1505 1241 fuisse,
1525 1210 1623 1237 falsum
1639 1211 1712 1238 aliud

925 1252 987 1283 erit,
1011 1253 1069 1279 auri
1090 1253 1203 1287 siliquas
1228 1253 1296 1280 duas
1317 1253 1469 1281 didrachmi
1492 1256 1579 1290 pretio
1606 1260 1713 1284 taxatas

927 1305 987 1325 esse
1004 1306 1011 1325 :
1030 1305 1092 1324 nam
1109 1298 1130 1325 si
1153 1298 1266 1333 siliquas
1285 1298 1351 1326 l7'28
1367 1307 1414 1334 per
1439 1301 1625 1328 milliarenscs
1644 1301 1714 1329 1008

925 1343 1086 1377 distribuas,
1109 1345 1209 1379 singuli
1232 1345 1384 1379 siliquaml
1403 1346 1454 1380 5/7
1475 1346 1606 1374 duntaxat
1630 1347 1707 1375 aufe-

927 1393 996 1416 rent.

962 1434 1092 1470 Superest
1108 1436 1217 1463 tertium
1237 1435 1303 1463 illud
1317 1441 1437 1472 tempus,
1450 1437 1483 1464 ad
1499 1438 1571 1472 quod
1589 1438 1712 1474 Scaliger

926 1480 1101 1516 potissimum
1119 1482 1274 1516 respexisse
1298 1482 1424 1516 videtur;
1441 1491 1503 1510 nam
1522 1484 1554 1511 de
1571 1485 1658 1511 solido
1671 1485 1712 1512 lo-

87 1537 149 1556 rutn
165 1529 280 1564 singulae
304 1529 435 1556 drachma
458 1533 587 1563 argentea
604 1529 735 1556 valerent.
756 1528 834 1561 Quod
851 1528 872 1555 si
888 1544 908 1573 ϐ
927 1526 1030 1561 quitur,
1054 1527 1206 1562 cujusmodi
1224 1528 1283 1555 Seni
1302 1528 1328 1555 in
1353 1529 1460 1556 unciam
1479 1529 1624 1565 quadrant,
1641 1532 1713 1559 unde

87 1574 150 1609 quis
166 1574 310 1609 diligenter
324 1578 451 1601 excutere
469 1574 543 1606 velit,
562 1574 660 1601 falsum
677 1578 704 1601 et
726 1573 873 1600 absurdum

87 1626 150 1646 esse
163 1618 287 1653 reperiet.
307 1618 416 1645 Falsum
433 1622 484 1649 est,
503 1618 626 1653 inquam,
644 1621 670 1645 et
685 1618 801 1652 siliquas
814 1618 875 1644 auri

87 1664 203 1699 singulis
228 1664 349 1692 valuisse
374 1664 513 1691 drachmis
533 1665 678 1698 argenteis,
704 1669 730 1690 et
757 1663 873 1691 solidum

86 1717 152 1737 xxw
170 1709 308 1737 drachmis
323 1710 484 1744 :Bstimatum
504 1709 598 1737 fuiSse.
617 1709 682 1742 Qua:
698 1709 777 1736 ambo
793 1709 873 1736 simul

86 1764 148 1784 esse
164 1763 227 1782 vera
244 1763 298 1782 non
314 1758 438 1790 possunt.

123 1801 230 1828 Etenim
247 1801 355 1835 triplex,
370 1800 442 1835 quod
458 1799 491 1826 ad
506 1808 625 1835 prmseus
640 1800 794 1828 institutum
811 1801 873 1828 atti-

87 1850 144 1878 net,
162 1846 237 1873 aurei
261 1846 387 1877 Romani,
414 1846 459 1880 qui
486 1850 578 1880 postea
602 1846 705 1873 solidus
723 1847 872 1881 appellatus

87 1895 140 1923 est,
160 1891 258 1918 modus
281 1892 315 1917 ab
336 1891 503 1919 doctissimis
519 1892 724 1925 juriscousultis
742 1893 774 1919 ad
789 1892 872 1920 Justi-

85 1937 161 1964 niani
179 1937 274 1964 saltem
292 1941 414 1972 tempora
429 1937 567 1964 delinitur.
592 1937 701 1965 Primus
723 1938 871 1972 antiquior,

86 1979 116 2007 in
133 1987 188 2014 quo
204 1981 328 2014 quaterni
348 1981 374 2008 in
390 1981 497 2008 unciam
513 1982 572 2008 auri
590 1981 771 2014 eudebantur,
789 1983 816 2009 in
838 1982 873 2009 li-

86 2024 163 2052 bram
180 2033 284 2057 xtvm;
307 2026 375 2053 alter
388 2026 461 2054 circa
480 2026 653 2054 Constantini
675 2031 792 2060 mtatem,
811 2037 871 2056 cmn

87 2069 193 2103 septeni
216 2069 242 2096 in
259 2070 367 2097 unciam
390 2070 469 2098 solidi
489 2071 612 2105 percussi
637 2076 710 2103 sunt,
729 2071 755 2098 in
776 2071 871 2098 libram

86 2123 198 2148 uxxtv,
216 2119 246 2142 ut
268 2124 300 2143 ex
320 2117 367 2143 lib.
391 2124 398 2143 I
416 2117 476 2144 eod.
497 2116 600 2144 Theod.
621 2117 658 2144 De
673 2117 809 2151 ponderat.
826 2125 873 2152 pa-

86 2164 141 2193 tet;
159 2161 256 2188 tertius
274 2169 288 2188 a
303 2161 494 2189 Valentiniano
508 2162 684 2195 constitutus,
701 2164 728 2190 iu
744 2170 798 2198 quo
813 2163 872 2190 seni

925 1575 951 1599 et
966 1572 1072 1598 sextula
1089 1573 1256 1599 nominatur.
1272 1573 1360 1608 Atque
1382 1574 1432 1600 hac
1452 1579 1590 1609 postrema
1606 1577 1713 1603 ratione

926 1618 1033 1645 solidus
1056 1619 1178 1645 sextulas
1201 1619 1289 1646 aufert
1307 1628 1379 1646 xxtv.
1414 1621 1552 1655 Siquidem
1578 1623 1604 1648 in
1627 1623 1712 1658 priori

925 1663 1033 1698 siliquis
1043 1664 1185 1691 constabat
1195 1673 1284 1695 xxxw.
1302 1665 1327 1691 in
1346 1666 1463 1692 secunda
1476 1667 1582 1702 siliquis
1592 1668 1627 1694 20
1645 1669 1710 1704 45/7.

925 1707 1066 1736 Postrema
1085 1709 1169 1744 igitur
1185 1710 1274 1736 solido
1295 1710 1409 1745 siliquas
1430 1713 1554 1739 attribuit
1569 1720 1642 1742 xxrv.
1660 1713 1713 1742 Vc-

926 1761 985 1780 rum
1000 1762 1088 1789 neque
1104 1759 1160 1781 tum
1177 1755 1283 1789 siliquae
1296 1756 1355 1782 dum
1375 1757 1527 1784 didrachmi
1546 1760 1632 1792 pretio
1649 1767 1712 1787 cen-

925 1801 979 1829 seri
1006 1806 1142 1836 possunt,
1165 1809 1254 1834 neque
1277 1803 1454 1829 tuilliarcnsis
1470 1803 1526 1830 sive
1551 1804 1711 1832 duodecima

926 1855 989 1881 pars
1015 1847 1096 1874 solidi
1123 1846 1282 1874 didrachmo
1309 1847 1388 1873 valet.
1414 1847 1480 1874 Nam
1505 1849 1528 1874 si
1553 1849 1586 1875 7‘2
1610 1858 1659 1884 per
1677 1851 1712 1879 24

926 1892 1153 1926 multiplicemur,
1180 1891 1316 1918 drachmtr,
1340 1893 1459 1919 contieut
1478 1894 1503 1920 in
1529 1895 1588 1921 auri
1612 1896 1709 1923 lilnam

926 1936 1006 1968 1728,
1027 1937 1197 1964 miliarenses
1222 1936 1274 1963 861
1293 1946 1300 1963 :
1318 1941 1383 1971 quot
1400 1942 1464 1964 sunt
1488 1939 1626 1975 δικέρατα.
1643 1940 1710 1968 Nam

925 1982 1083 2017 siliquasin
1103 1982 1171 2009 libra
1189 1990 1251 2010 esse
1276 1984 1378 2011 scimus
1395 1984 1479 2018 “‘23;
1497 1985 1634 2013 drachmas
1645 1995 1710 2014 vero

924 2028 1036 2055 totidem
1053 2028 1138 2055 libras
1152 2029 1301 2056 coniiciunt
1318 2037 1394 2057 .\'V|ll.
1414 2031 1451 2057 Ita
1471 2031 1529 2058 auri
1546 2032 1614 2059 libra
1631 2037 1711 2060 octo-

923 2074 1011 2101 decim
1036 2074 1171 2110 argenteis
1193 2076 1304 2106 valebit.
1327 2077 1399 2111 quod
1420 2083 1462 2105 cst
1487 2077 1649 2106 inauditum.
1668 2079 1710 2115 pb

923 2128 970 2148 eas
989 2127 1088 2147 causas
1103 2129 1170 2148 vana
1188 2125 1230 2149 est
1252 2121 1296 2148 illa
1311 2121 1442 2158 Scaligeri
1464 2123 1596 2157 definitio,
1609 2124 1708 2152 millia‘

923 2174 1032 2194 rensem
1050 2167 1237 2194 didrachmum
1262 2167 1357 2198 fuisse.
1380 2173 1406 2195 et
1423 2169 1504 2196 simul
1525 2169 1633 2198 duabus
1648 2171 1708 2198 auri

85 2214 118 2234 ex
134 2207 218 2233 uncia
232 2207 301 2239 cusi,
319 2215 334 2234 e
349 2207 416 2234 libra
433 2215 518 2239 Lxxu,
533 2208 620 2242 quiet
636 2207 764 2242 deinceps
781 2208 871 2236 obser-
887 2212 909 2238 D
925 2211 1034 2246 siliquis
1045 2212 1175 2239 valuisse.
1193 2212 1339 2240 Acceditct
1357 2213 1528 2244 Glossarum,
1544 2222 1611 2249 quas
1626 2223 1709 2250 supra

85 2257 166 2280 vatus
190 2252 307 2279 videtur.
328 2252 410 2287 Atqui
433 2253 460 2279 in
483 2253 582 2288 triplici
603 2253 648 2280 illa
666 2253 744 2281 solidi
766 2254 872 2282 ratione

86 2297 141 2324 duo
159 2297 204 2324 illa
222 2297 350 2333 Scaligeri
369 2298 537 2325 ﬁrmamenta
555 2299 706 2326 consistere
721 2303 870 2333 nequeunt.

87 2343 164 2376 Quod
179 2347 209 2370 ut
224 2344 399 2371 manifestum
419 2344 473 2374 liat,
487 2344 553 2371 illud
567 2345 593 2371 in
613 2344 708 2378 primis
722 2345 813 2372 animo
831 2353 872 2373 re-

87 2389 244 2424 petendum,
271 2388 428 2416 drachmam
454 2397 502 2416 sex
517 2390 613 2417 obolos
636 2391 786 2424 continere,
805 2392 872 2419 obo-

87 2435 142 2462 lum
162 2435 276 2470 siliquas
298 2439 363 2463 tres.
388 2435 425 2462 lta
443 2436 509 2463 liunt
535 2436 562 2464 in
583 2437 740 2464 drachmam
765 2438 872 2473 siliquae

86 2489 165 2514 xvm,
183 2481 211 2508 in
235 2483 343 2508 unciam
364 2489 453 2515 CXLIV,
469 2490 528 2517 qua:
547 2482 692 2510 drachmas
717 2488 778 2511 octo
794 2492 870 2511 com-

87 2529 225 2563 plectitur.
244 2527 324 2555 Libra
343 2528 458 2562 siliquas
473 2529 592 2556 continet
610 2529 687 2556 I723.

119 2574 178 2601 Jam
193 2582 249 2609 quo
265 2579 387 2609 tempore
399 2574 473 2602 aurei
486 2575 512 2601 in
525 2575 632 2602 unciam
642 2576 765 2610 quaterni
774 2584 871 2612 percu-

85 2620 327 2653 tiebantur,elibra
335 2628 427 2652 xtvm,
434 2620 646 2656 singuliquidem
656 2623 729 2650 aurei
737 2631 800 2650 xxtv
808 2623 870 2650 dra-

86 2666 184 2697 chmis,
201 2665 258 2693 sive
275 2665 396 2693 denariis
411 2666 537 2694 :estimati
548 2672 630 2700 sunt;
645 2676 800 2703 quanquam
812 2669 870 2695 scio

87 2720 138 2738 xxv
151 2716 179 2738 et
193 2719 209 2737 a
225 2711 320 2743 Dione,
339 2716 366 2738 ct
382 2712 416 2738 ab
434 2712 495 2740 aliis
507 2713 644 2748 imputari.
663 2713 715 2740 Sed
734 2718 762 2740 ut
779 2723 869 2750 pixpo~

85 2756 163 2790 λογιᾳ
177 2755 398 2790 circumscripta,
421 2757 566 2784 rotundum
590 2758 706 2785 maxime
724 2767 868 2786 numerum

87 2805 286 2833 consectentur,
310 2809 371 2827 mv
393 2802 567 2829 denariorum
583 2811 682 2831 aureus
703 2805 775 2832 fuit:
797 2809 869 2832 erat-

88 2854 135 2883 que
149 2856 207 2875 tum
233 2847 402 2882 duodecupla
420 2848 478 2874 auri
498 2848 530 2874 ad
547 2855 690 2884 argentum
715 2851 870 2886 proportio,

202 2894 340 2925 ΡΑτιιοι.
364 2895 421 2926 Gn.
447 2896 548 2927 XLIII.

923 2258 1210 2290 commemoravimus,
1232 2257 1480 2286 luculentissimtmt
1502 2260 1566 2286 illud
1584 2262 1710 2288 testimo-

923 2302 1009 2333 nium,
1022 2310 1076 2336 quo
1086 2303 1298 2330 milliarensibus
1316 2304 1412 2338 siliqua
1428 2305 1560 2332 duntaxat
1578 2314 1630 2332 una
1646 2315 1708 2334 cum

923 2347 1067 2380 dodrante,
1082 2349 1123 2375 vel
1141 2349 1230 2376 tribus
1240 2349 1442 2383 quadrantibus
1455 2351 1615 2385 imputatur.
1629 2361 1709 2380 ιιιιιιι-

923 2394 975 2421 mis
988 2402 1055 2422 vero
1070 2395 1166 2422 solidis
1175 2395 1231 2422 fere
1245 2403 1351 2427 novem,
1365 2397 1548 2424 milliarenscs
1564 2398 1615 2424 195
1628 2406 1634 2429 ς
1646 2401 1708 2432 qui-

923 2439 974 2466 btts
998 2439 1113 2475 κεράτια
1131 2443 1285 2474 congruunt
1304 2440 1367 2472 218,
1390 2449 1444 2468 ιιοιι
1461 2441 1524 2475 ἳῦο,
1539 2447 1569 2469 ut
1586 2443 1708 2479 Scalige-

922 2485 999 2511 riana
1014 2485 1171 2519 conjectura
1190 2485 1351 2520 postulabat.

958 2529 1043 2565 Roget
1070 2530 1170 2565 aliquis
1189 2539 1196 2557 :
1213 2531 1317 2565 ecquod
1338 2532 1444 2558 demum
1466 2533 1641 2562 milliarensis
1666 2542 1709 2562 ar-

922 2577 1010 2610 gentei
1035 2577 1151 2612 pondus,
1164 2584 1195 2604 ac
1209 2578 1337 2610 pretium,
1353 2585 1447 2612 qnzcve
1463 2579 1494 2605 ad
1512 2588 1627 2607 aureutn
1643 2582 1708 2608 soli:

921 2621 996 2653 dum,
1012 2630 1045 2649 ac
1069 2623 1147 2650 solidi
1172 2627 1264 2658 partes
1290 2624 1431 2658 pxoportio
1456 2624 1560 2652 fuerit?
1575 2625 1706 2660 Equidem

920 2668 988 2694 nihil
1004 2673 1079 2696 certo
1095 2676 1126 2695 ea
1150 2669 1184 2695 de
1207 2676 1237 2696 re
1254 2676 1341 2703 neque
1361 2669 1495 2697 allirniare
1513 2671 1570 2706 ipse
1584 2679 1706 2706 possum,

921 2722 1009 2749 neque
1024 2714 1059 2742 ab
1082 2715 1140 2741 ullo
1160 2715 1288 2741 allirmari
1303 2723 1383 2750 posse
1397 2716 1500 2749 judico.
1516 2717 1618 2743 Pendet
1634 2725 1706 2743 enim

919 2768 950 2788 ca
969 2769 1013 2788 res
1028 2769 1060 2788 cx
1077 2761 1156 2787 solidi
1174 2762 1290 2795 primum
1311 2762 1492 2789 mstimatione
1504 2771 1511 2795 ;
1524 2767 1580 2789 tum
1599 2770 1629 2787 ex
1647 2762 1706 2788 auri

920 2807 954 2833 ad
978 2812 1120 2842 argenturm
1143 2808 1272 2834 ratione:
1290 2808 1361 2839 quod
1387 2812 1532 2842 utrumque
1555 2807 1705 2838 diversum,

919 2860 949 2879 ac
962 2860 1030 2888 pene
1045 2852 1220 2880 arbitrarium
1232 2853 1292 2880 fuit.
1308 2854 1511 2881 Verumtamen.
1523 2857 1551 2877 ut
1568 2851 1594 2878 in
1609 2851 1707 2878 obscu-

1517 2897 1550 2926 i9
