1937 3039
83 168 139 198 589

699 166 745 194 DE
762 162 875 194 FOLLE
900 160 1108 192 MILIARENSL

1658 166 1711 196 590

85 225 245 254 Detractant
272 229 315 254 est
344 224 428 261 igitur
455 224 490 253 de
514 228 704 261 argenteorum
734 223 872 259 pondere,
889 225 910 254 Α
926 221 1007 249 modo
1026 225 1053 248 ct
1080 219 1210 248 denarius
1226 223 1305 247 antea
1325 220 1400 249 libra:
1416 222 1496 250 unius
1517 227 1545 250 et
1565 225 1708 254 uuciarum

83 272 208 307 indi-que
228 271 410 300 milliarenses
431 271 561 306 appellari
581 270 672 306 coepti,
694 274 872 305 posteaquam

85 317 162 345 mille
178 318 206 344 in
220 322 330 344 auream
348 317 445 344 libram
462 315 586 351 imputati
603 319 676 343 sunt.
694 314 795 342 Horum
810 321 874 340 vero

85 363 120 391 ad
136 363 243 398 argenti
260 362 357 389 libram
374 362 520 394 rationem,
537 368 569 388 ac
586 361 692 396 pondus
708 360 801 388 eadem
818 360 873 392 via,

83 415 171 443 quam
187 408 313 442 superius
335 406 496 439 instititnus,
519 406 583 434 licet
605 406 752 441 inquirere.
777 405 874 432 Millia-

83 462 183 482 rcnses
210 454 238 481 in
265 454 371 489 argenti
392 454 475 482 libras
498 453 705 489 quatuordecim
730 454 787 480 sive
809 453 875 479 dra-

84 500 185 528 chmas
203 500 282 533 15M,
300 500 492 536 percutiuntur
508 500 590 527 mille.
612 499 717 526 Habent
736 507 801 534 ergo
818 499 876 526 sin-

84 545 145 581 guli
162 545 322 573 drachmam
339 553 431 576 uuam.
447 550 474 573 et
494 551 624 581 pmterca
640 545 735 573 obolos
752 546 830 578 duos,
849 549 876 572 et

86 591 142 628 1/5
150 592 273 627 siliquae;
286 592 337 619 hoc
350 595 393 619 est
412 591 526 627 siliquas
539 591 574 618 24
587 592 597 618 1
603 591 648 626 /5.
665 590 717 619 Sed
728 592 762 618 2t
772 591 877 626 siliqua:

85 641 247 666 sumantur.
269 637 352 665 lidem
369 638 490 673 argentei
512 638 702 673 superiOribus
725 638 877 673 δικεράτοις

88 684 215 712 minores
237 687 302 711 sunt
322 688 399 711 sexta
417 684 473 711 fere
490 683 532 712 sui
557 687 644 719 parte,
660 684 794 719 majorum
810 691 877 711 vero

88 729 222 763 septima.
239 728 356 756 Proinde
372 729 394 756 si
409 729 444 756 28
457 729 563 764 siliquae
574 729 634 756 auri
650 729 756 764 siliquis
771 728 877 757 duabus

88 775 284 808 aestimantur,
302 775 330 802 in
355 773 572 810 quartadecnpla
592 775 651 802 auri
677 774 711 802 ad
736 778 876 810 argentum

88 820 282 855 proportione,
295 820 331 848 24
347 821 452 856 argenti
468 821 587 856 siliquae,
604 821 664 848 auri
685 821 783 856 siliqua
805 821 878 848 vale-

88 865 161 893 bunt
178 865 190 892 1
208 865 272 900 5/6.
282 865 370 900 Atque
378 866 471 894 eadem
481 866 622 901 proportio
631 866 658 893 in
673 867 808 902 argenteis
821 866 878 893 sin-

88 911 164 947 gulis
191 911 264 938 inter
290 919 353 939 sese
382 913 546 947 comparatis
560 912 683 939 cernitur

68 951 265 984 ‘summarum
284 958 424 993 ipsarum,
456 966 517 994 qua:
545 958 690 993 utrobique
716 959 743 986 in
773 959 878 994 argenti

90 1002 180 1030 libras
204 1003 414 1038 quatuordccim
443 1004 618 1031 conveniunt.
638 1002 674 1032 Ut
695 1005 767 1032 enim
791 1005 879 1032 mille-

91 1049 190 1076 narius
203 1056 334 1077 numerus
345 1049 458 1085 septima
472 1050 527 1078 fere
542 1051 584 1078 sui
598 1054 684 1086 parte,
698 1050 750 1078 hoc
764 1056 805 1078 est
818 1050 879 1084 136,

90 1095 183 1129 major
197 1099 239 1123 est
258 1103 341 1130 quam
356 1095 421 1128 86,4,
447 1096 526 1131 cujus
550 1099 626 1124 sexta
651 1095 707 1123 fere
727 1103 792 1131 pars
817 1100 881 1123 sunt

92 1140 163 1168 156τ
177 1141 217 1168 ita
231 1141 266 1168 28
278 1141 383 1176 siliqua?
399 1146 531 1176 superant
546 1141 581 1168 2L
603 1143 718 1177 septima
732 1141 774 1168 sui
792 1145 880 1176 parte,

92 1193 195 1221 nempe
205 1186 234 1218 4,
251 1193 312 1221 qua:
327 1191 369 1214 est
383 1191 460 1215 sexta
478 1195 541 1222 pars
555 1187 600 1214 24.
616 1187 799 1220 Quamobrem
815 1194 877 1214 cum

93 1232 213 1259 duarum
232 1232 392 1267 siliquarum
416 1232 475 1260 auri
493 1234 608 1268 pretium
633 1233 755 1268 argentei
779 1233 881 1268 singuli

94 1286 151 1306 non
172 1282 326 1313 exaequent,
341 1278 388 1307 sed
410 1279 517 1307 dualms
532 1279 657 1314 septimis
676 1279 757 1307 unius
775 1279 882 1314 siliqua:

95 1324 190 1352 minus
218 1324 358 1356 habeant,
384 1331 438 1351 non
459 1324 515 1359 jam
541 1331 579 1352 xu
613 1324 750 1359 argenteis
779 1324 882 1352 solidus

95 1368 290 1400 :estimabitur,
303 1368 351 1396 sed
368 1369 574 1404 quatuordecim
592 1368 657 1396 fere.

134 1414 237 1441 Verum
253 1414 384 1443 Glossarii
400 1415 445 1442 ille
458 1415 534 1442 locus
557 1415 712 1442 accuratius
728 1414 883 1450 expenden-

97 1461 151 1488 dus
177 1464 257 1495 atque
285 1460 464 1488 illustrandus
487 1461 604 1488 videtur.
629 1460 677 1488 Est
702 1460 774 1488 enim
807 1468 904 1488 seru“

98 1508 196 1541 pulosa
220 1512 247 1534 et
268 1507 349 1534 anxia
377 1507 553 1534 minutiarnm
571 1507 626 1534 illic
650 1506 756 1534 tractio.
781 1506 885 1534 Follem

99 1553 185 1588 igitur
200 1552 334 1580 aliirmant
354 1560 487 1581 summam
502 1560 562 1581 esse
581 1557 770 1588 argenteorum
786 1553 886 1580 millia-

99 1599 224 1626 rensium
250 1605 338 1625 cnv:
365 1605 483 1633 quorum
508 1597 622 1632 quilibet
648 1597 774 1632 siliquam
801 1604 884 1624 unam

100 1644 185 1672 liabet
203 1652 266 1672 eum
286 1644 436 1676 dodrante,
456 1643 508 1672 hoc
523 1649 565 1671 est
587 1651 666 1671 unam
685 1643 842 1676 dimidiam,
859 1645 887 1671 et

103 1697 186 1717 unam
201 1693 332 1724 prtetcrea
351 1694 486 1725 quartam.
508 1689 537 1716 Ὀ
551 1689 579 1716 δὲ
595 1689 687 1725 φόλλις
700 1688 820 1725 ἀργύρια
831 1698 886 1716 τοι-

103 1735 175 1762 αῦτα
191 1739 262 1771 ρκεη
279 1735 298 1762 ἃ.
310 1735 415 1762 ποιοῦσι
430 1735 544 1771 κεράτια
561 1738 623 1770 σιη’,
638 1735 684 1762 καὶ
697 1734 834 1770 νούμμους
848 1734 886 1761 0"

105 1782 165 1817 ἦτοι
182 1781 250 1816 προς
264 1780 295 1808 τὸ
312 1781 359 1808 νῦν
375 1781 492 1817 κρατοῦν
513 1780 665 1817 μιληρίσια
686 1780 736 1816 ρθ¹,
748 1780 796 1807 καὶ
810 1780 889 1816 νούμ-

107 1836 175 1862 μους
186 1827 219 1859 θ’,
232 1827 361 1862 γινόμενα
374 1827 403 1854 ὲν
415 1827 574 1862 χαράγμασι
589 1825 743 1862 νομίσματα
755 1825 775 1852 θ’
797 1824 887 1861 pilu-

109 1873 193 1909 ρζσιον
209 1873 250 1904 ἓν,
263 1872 379 1908 νοῦμμοι
393 1872 425 1899 θ’.
448 1872 497 1900 llic
511 1871 649 1908 νούμμους
667 1879 721 1899 non
737 1871 835 1899 usitata
851 1871 890 1899 si-

108 1918 282 1954 gniﬁcatione
295 1918 354 1944 ἀντὶ
370 1917 417 1944 τοῦ
437 1917 613 1953 νομίσματος,
636 1923 686 1951 pro
706 1915 793 1943 solido
814 1915 890 1942 vidc-

109 1964 171 1992 licet
199 1967 227 1991 et
255 1971 339 1991 aureo
366 1963 504 1998 sumpsit,
535 1961 763 1998 quemadmodum
789 1959 890 1988 eaedem

109 2010 210 2037 Glossaa
228 2009 364 2044 νούμμους
377 2008 412 2036 τὰ
428 2008 583 2044 νομίσματα
597 2009 818 2044 interpretantur.
837 2007 891 2035 Sed

109 2065 157 2092 pro
179 2056 303 2082 minutiis
320 2056 376 2083 sive
401 2055 568 2090 ponderum,
593 2055 650 2082 sive
674 2055 889 2086 nummulorum,

111 2110 169 2137 qua:
183 2101 316 2129 duodena;
338 2101 366 2127 in
391 2100 517 2135 siliquam
542 2100 706 2132 incurrunt,
732 2100 771 2127 uti
796 2100 889 2127 statim

112 2148 219 2182 planum
246 2145 380 2174 eliiciam:
405 2145 525 2181 νόμισμα
550 2153 615 2172 vero
641 2145 749 2180 proprie
773 2145 891 2173 solidum

113 2192 257 2227 appellant,
277 2198 337 2226 quze
357 2190 407 2217 fuit
434 2191 533 2219 usitata
553 2191 628 2218 illius
654 2191 784 2226 acceptio.
813 2191 893 2219 Glos~

113 2238 212 2265 sarium
228 2237 337 2264 Henrici
352 2237 482 2271 Stephani
497 2237 626 2272 νόμισμα,
643 2238 760 2266 solidus.-
773 2241 809 2270 et,
826 2238 891 2265 soli-
908 2247 931 2276 υ

114 2284 176 2316 dus,
198 2283 329 2318 νόμισμα.
355 2281 426 2310 Idem
448 2287 475 2310 et
491 2283 621 2318 χάραγμα
646 2283 817 2315 nominatur,
832 2290 892 2318 qum

115 2335 154 2359 est
166 2330 274 2365 proprie
289 2329 375 2358 ferina
394 2333 421 2356 et
435 2328 546 2364 eﬂigies,
562 2336 643 2364 quam
659 2329 739 2355 etiam
754 2329 800 2356 τοῦ
820 2329 895 2364 νομί-

118 2383 215 2411 σματος
228 2382 280 2402 vox
296 2374 432 2409 exprimit,
448 2378 559 2402 auctore
575 2374 658 2401 Suida
671 2382 677 2406 ;
691 2382 760 2401 cxxv
775 2375 895 2409 argentei

118 2422 292 2449 milliarenses
313 2420 414 2448 ceratia
435 2420 565 2455 colligunt
581 2428 695 2452 ccxvm,
719 2424 746 2447 et
769 2427 896 2447 nummos

120 2474 154 2497 Ix,
169 2467 216 2501 qui
244 2469 308 2493 sunt
331 2465 480 2494 secundum
498 2465 669 2497 hodiernum,
691 2464 788 2500 inquit,
804 2473 895 2498 usum,

121 2513 294 2540 milliarenscs
302 2519 356 2543 crx,
366 2517 392 2539 et
405 2512 508 2539 nummi
521 2511 600 2538 solidi
615 2519 652 2543 ix,
664 2519 726 2538 eum
740 2511 897 2540 milliarensi

122 2565 171 2584 uno
189 2560 216 2585 et
236 2557 356 2584 nummis
379 2557 474 2584 tribus.
490 2556 566 2589 Quod
584 2563 634 2591 ego
651 2555 691 2583 sic
712 2556 896 2591 interpretor:

124 2604 297 2631 milliareuses
316 2602 416 2637 singuli
434 2603 548 2638 pretium
562 2603 661 2630 habent
682 2610 770 2630 aureae
793 2602 899 2638 siliqua:

125 2649 199 2676 unius
211 2652 239 2676 et
247 2647 439 2683 quadrantium
456 2647 548 2674 triutn.
562 2646 624 2674 ldeo
635 2655 705 2674 cxxv
719 2646 899 2674 milliarenscs

126 2694 232 2730 siliquas
250 2701 347 2721 aureas
362 2693 453 2720 valent
467 2699 566 2720 ccxvttt
578 2700 638 2719 eum
655 2692 743 2720 tribus
762 2691 901 2727 quadran-

126 2741 201 2768 tibus.
231 2739 287 2768 llos
318 2739 484 2774 quadrantes
512 2738 631 2766 nummis
660 2745 756 2766 novem
794 2737 899 2766 deﬁnit.

127 2785 235 2813 Proinde
257 2785 356 2819 siliqua
373 2783 516 2811 duodecim
533 2791 658 2812 nummos
677 2783 766 2815 habet,
781 2791 898 2818 quorum

129 2831 238 2859 dodrans
255 2832 313 2859 sive
325 2836 381 2858 tres
392 2829 556 2865 quadrantes
567 2834 632 2858 sunt
649 2837 755 2858 novem.
777 2829 900 2865 Suntque

130 2878 232 2911 nummi,
249 2877 292 2906 vel
320 2876 501 2913 ponderalcs,
519 2876 558 2904 uti
582 2876 649 2910 dixi,
673 2876 804 2910 minutis),
830 2883 901 2913 quo-

707 899 718 939 ;
751 919 812 947 qua:
836 916 879 940 est
895 899 916 926 Β

927 268 1008 294 trium
1026 266 1132 302 pondus
1156 269 1232 299 erat;
1255 267 1297 293 vel
1318 268 1471 295 tenuissimi
1486 270 1600 303 nummi,
1615 270 1710 306 cujus-

926 312 999 340 modi
1029 313 1057 339 in
1089 311 1217 347 siliquam
1243 320 1297 345 xu,
1316 313 1343 339 in
1367 313 1508 350 δικέρατον
1533 321 1710 351 argenteum,

928 366 990 385 μιν
1017 358 1100 385 taxali
1124 364 1196 385 sunt.
1220 358 1342 393 Cumque
1363 359 1493 394 χάραγμα
1511 361 1644 397 νόμισμα,
1667 364 1709 390 vel

927 403 1043 435 solidus,
1069 404 1176 439 siliquis
1191 408 1298 431 emistct
1317 412 1396 436 xxw,
1425 413 1520 432 novem
1548 414 1614 433 vero
1631 408 1710 435 solidi

927 450 1035 484 siliquis
1050 458 1127 477 ccxvr
1145 450 1343 478 :milliarenses
1355 459 1436 483 cxxv,
1448 452 1529 486 paulo
1543 452 1603 487 plus
1616 453 1710 482 solidis

927 503 1023 523 novem
1037 496 1218 528 testimantur,
1234 505 1330 531 nempe
1342 497 1448 524 duabus
1473 499 1588 533 amplius
1604 499 1710 535 siliquis

927 545 954 568 et
969 541 1112 569 dodrante.
1124 541 1162 568 Ex
1174 550 1228 576 quo
1243 543 1366 577 sequitur
1378 544 1557 572 milliareuses
1568 551 1711 581 argenteos

927 586 1011 618 mille,
1029 586 1136 622 siliquis
1153 587 1212 614 auri
1227 588 1315 615 valere
1334 589 1413 622 1750,
1432 591 1476 624 qui
1495 594 1560 618 sunt
1580 592 1659 619 solidi
1673 593 1707 619 72

927 636 952 660 cl
970 632 1076 668 siliqua:
1089 632 1135 665 2'2,
1153 641 1207 669 quo
1227 634 1387 669 siliquarum
1405 644 1519 664 numero
1542 637 1636 665 libram
1661 647 1711 666 att-

929 685 1002 705 ream
1020 679 1165 706 excedunt.
1190 679 1257 706 Nam
1275 680 1296 707 si
1321 681 1437 708 solidum
1455 691 1516 709 xxtv
1537 683 1645 719 siliquis
1663 685 1711 713 dc-

929 723 1019 754 ﬁnias,
1035 724 1070 751 72
1087 724 1179 757 solidi,
1194 729 1261 760 quot
1275 726 1302 753 in
1318 726 1414 754 libram
1431 728 1490 756 eusi
1506 733 1581 761 sunt,
1597 731 1712 766 siliquas

928 768 1056 796 auferunt
1077 769 1148 797 1728
1167 779 1174 797 :
1205 771 1304 806 quibus
1329 773 1461 800 accedunt
1487 774 1547 802 duae
1566 781 1593 803 et
1616 777 1712 812 viginti

928 814 1089 850 superﬂua},
1121 824 1182 850 quae
1209 822 1400 851 argenteorum
1428 815 1608 849 millenarium
1631 825 1710 858 perii-

931 863 1017 888 ciunt.
1030 861 1096 889 Nam
1111 863 1218 897 siliqua:
1235 863 1304 891 1728
1321 865 1499 894 milliarenses
1513 867 1645 896 duntaxat
1661 868 1712 898 987

929 912 956 934 et
969 907 1022 942 5/7
1031 908 1152 943 exigunt,
1172 909 1304 944 siquidem
1323 911 1429 945 siliqua:
1444 913 1512 940 1750
1534 914 1714 944 milliareuses

930 953 965 980 12
976 953 1029 988 4/7
1038 955 1199 989 requirunt:
1218 960 1246 982 ut
1255 957 1440 992 unusquisque
1456 959 1569 994 siliquas
1578 960 1645 989 duas
1660 970 1714 989 uno

929 1000 1078 1035 quadrante
1090 1002 1182 1029 minus
1197 1002 1304 1036 habeat,
1315 1011 1362 1031 seu
1378 1005 1503 1040 siliquam
1520 1015 1601 1034 unam
1614 1013 1639 1036 et
1650 1009 1712 1044 3/.i.

930 1047 1019 1081 Atque
1031 1047 1082 1074 hoc
1098 1051 1187 1082 pacto,
1201 1049 1223 1075 si
1241 1049 1390 1077 constituta
1405 1051 1458 1079 illis
1472 1054 1639 1088 temporibus
1654 1056 1712 1082 auri

930 1092 965 1119 ad
989 1097 1131 1127 argentum
1157 1096 1298 1130 proportio
1314 1097 1527 1134 quartadecupla
1552 1102 1712 1135 retineatur,

930 1137 1010 1165 divisi
1025 1137 1075 1164 987
1096 1139 1275 1168 milliarenses
1289 1149 1337 1176 per
1353 1143 1386 1170 M
1401 1143 1504 1171 dabunt
1519 1145 1545 1172 in
1561 1146 1644 1175 libras
1658 1148 1716 1175 sin-

931 1184 1009 1219 gulas
1025 1184 1205 1213 milliarenses
1223 1186 1280 1214 fere
1300 1188 1333 1216 70
1350 1189 1410 1224 1/2.
1426 1190 1477 1222 Qui
1488 1199 1520 1218 ex
1535 1191 1672 1221 drachmis
1681 1193 1715 1220 96

932 1230 1041 1257 deducti
1057 1232 1164 1266 pondus
1191 1234 1339 1268 unicuique
1365 1236 1524 1264 milliarensi
1558 1239 1716 1275 relinquunt

932 1274 1070 1303 draelnme
1093 1277 1195 1310 unius,
1218 1282 1245 1305 et
1271 1279 1431 1314 siliquarum
1457 1288 1504 1308 sex
1523 1281 1588 1316 fere,
1603 1283 1653 1311 hoc
1676 1289 1718 1312 est

935 1321 1100 1356 siliquarum
1117 1322 1163 1350 24.
1185 1323 1265 1358 Atqui
1283 1329 1346 1352 tunc
1363 1326 1534 1356 miliarenses
1549 1329 1622 1356 mille
1636 1331 1718 1365 paulo

937 1366 999 1401 plus
1014 1366 1073 1393 auri
1086 1367 1154 1394 libra
1164 1368 1318 1395 conﬁcient.
1329 1369 1461 1402 Quocirca
1470 1371 1613 1399 videndum
1623 1381 1657 1400 an
1671 1382 1718 1409 per

935 1412 1000 1439 illud
1014 1416 1120 1447 tempus
1133 1413 1237 1441 solidus
1249 1415 1329 1448 paulo
1342 1415 1402 1449 plus
1411 1416 1446 1442 24
1458 1417 1564 1452 siliquis
1577 1418 1716 1453 penderet,

935 1457 987 1484 hoc
998 1462 1039 1485 est
1054 1462 1184 1493 praeterea
1207 1455 1297 1495 22/72
1319 1461 1376 1488 sive
1393 1461 1480 1496 il/36
1506 1463 1586 1492 unius
1602 1464 1716 1499 siliquae.

935 1503 990 1530 Aut
1005 1509 1078 1532 certe
1093 1512 1126 1532 ex
1146 1505 1205 1532 auri
1224 1506 1291 1534 libra
1307 1511 1404 1542 praeter
1418 1507 1453 1534 72
1477 1509 1590 1543 solidos,
1608 1515 1718 1545 septuas

937 1550 1057 1584 gesimus
1071 1551 1169 1578 tertius
1189 1551 1284 1583 levior,
1301 1559 1333 1578 ac
1347 1552 1509 1588 siliquarutn
1529 1556 1718 1583 tantummodo

936 1593 972 1621 22
994 1595 1213 1629 percutiehatur;
1232 1601 1260 1623 ut
1283 1603 1345 1624 cum
1367 1598 1579 1627 milliarensibus
1601 1600 1719 1629 millenis

937 1641 997 1668 auri
1013 1641 1080 1668 libra
1096 1642 1204 1676 penitus
1220 1643 1417 1678 adtequarctur.
1433 1644 1524 1680 Pergit
1538 1645 1718 1678 Glossarium,

939 1691 967 1714 et
981 1687 1160 1715 milliarenses
1177 1688 1246 1716 istos
1263 1688 1326 1718 125.
1344 1689 1366 1716 si
1383 1689 1416 1716 ad
1439 1698 1570 1717 novorum
1588 1699 1719 1719 canonem

939 1733 1097 1768 exigantur,
1120 1741 1181 1761 esse
1205 1733 1270 1760 dicit
1294 1734 1362 1766 109,
1390 1742 1421 1761 ac
1445 1743 1571 1764 nummos
1593 1743 1721 1771 prteterea

939 1786 1055 1812 novem;
1081 1779 1152 1806 unde
1173 1779 1238 1806 ﬁunt
1258 1780 1337 1807 solidi
1358 1780 1415 1807 sive
1433 1781 1588 1816 νομίσματα
1613 1791 1720 1815 norem,

939 1832 1002 1852 cum
1018 1832 1073 1852 uno
1090 1825 1268 1858 tnilliarensi,
1287 1831 1313 1853 et
1328 1827 1447 1854 nummis
1472 1827 1526 1854 illis
1544 1828 1656 1863 reliquis
1671 1837 1723 1857 no-

939 1878 1009 1897 vem.
1027 1870 1092 1903 Qua:
1109 1872 1190 1898 verba
1213 1873 1281 1899 satis
1303 1872 1424 1900 indicant
1441 1873 1557 1901 reditum
1577 1879 1669 1909 postea
1687 1877 1721 1902 ad

940 1915 1121 1943 milliarenscs
1147 1916 1208 1943 illos
1226 1917 1383 1953 δικεράτους
1406 1918 1500 1946 fuisse.
1526 1919 1592 1946 Nam
1621 1922 1723 1948 ceratia

940 1958 993 1986 218
1009 1959 1032 1986 si
1047 1959 1075 1986 in
1096 1959 1145 1987 l09
1165 1961 1294 1995 partiare,
1312 1961 1378 1988 dant
1396 1963 1541 1998 unicuique
1561 1965 1721 1992 milliarensi

941 2005 1055 2039 siliquas
1077 2005 1137 2032 auri
1157 2006 1246 2034 duas:
1268 2007 1422 2042 cujusmodi
1445 2009 1607 2045 μιλιαρίσιον
1627 2011 1656 2037 τὸ
1677 2011 1724 2038 νῦν

941 2051 1070 2086 κρατοῦν,
1090 2052 1188 2087 inquit,
1207 2053 1258 2080 hoc
1275 2057 1317 2081 est
1332 2054 1402 2088 ejus,
1420 2063 1474 2090 quo
1493 2057 1640 2089 scribebat,
1656 2062 1724 2084 tem-

942 2096 1019 2130 poris
1041 2097 1201 2132 proprium,
1229 2098 1318 2133 majus
1342 2104 1400 2127 erat
1425 2100 1532 2135 priore,
1557 2102 1638 2136 paulo
1663 2103 1725 2138 plus

943 2141 1059 2176 septima
1075 2147 1160 2176 parte.
1179 2142 1268 2175 Quare
1283 2144 1305 2170 si
1323 2143 1373 2171 109
1394 2145 1528 2179 ejusmodi
1548 2154 1644 2174 norem
1662 2148 1726 2175 soli-

944 2186 994 2214 dos
1009 2186 1148 2218 exhibent,
1164 2187 1199 2213 72
1223 2188 1302 2215 solidi
1325 2189 1382 2217 sive
1404 2189 1473 2217 libra
1494 2191 1573 2225 auri,
1594 2192 1647 2219 872
1667 2194 1727 2220 mil-

945 2232 1076 2259 liarenscs
1089 2232 1195 2260 ellieiet.

982 2278 1035 2306 llas
1065 2287 1239 2307 nummorum
1263 2281 1357 2314 tricas,
1388 2289 1420 2308 ac
1446 2282 1576 2312 minutias
1598 2292 1650 2312 non
1669 2285 1729 2313 sine

946 2325 1037 2360 aliquo
1052 2327 1167 2354 fortasse
1179 2327 1309 2354 lectorum
1324 2327 1413 2359 ttedio,
1428 2329 1616 2364 scrupulosius
1631 2339 1729 2359 excus-

946 2372 1043 2398 simus.
1062 2370 1160 2398 Verum
1180 2371 1246 2398 tanti
1261 2371 1314 2398 fuit
1326 2392 1333 2404 ,
1352 2372 1527 2400 milliarensis
1541 2381 1573 2400 ac
1596 2374 1678 2407 follis,
1694 2375 1728 2402 de

947 2417 1047 2452 quibus
1064 2417 1120 2452 agit
1139 2417 1183 2444 hic
1209 2417 1388 2452 Epiphanius,
1410 2419 1474 2450 vim,
1503 2420 1647 2455 originem,
1665 2430 1729 2457 pro-

948 2464 1143 2497 prietatemque
1160 2470 1324 2497 cognoscere
1341 2473 1347 2491 :
1363 2468 1420 2491 tum
1441 2464 1620 2494 inveteratum
1641 2468 1729 2504 illum,

948 2512 976 2535 et
995 2516 1010 2535 a
1032 2507 1171 2544 Scaligero
1197 2509 1340 2544 probatum
1367 2517 1500 2542 errorem,
1522 2512 1556 2540 de
1570 2513 1731 2544 didrachmo

949 2554 1108 2582 milliarensi
1128 2562 1159 2581 ac
1175 2555 1373 2582 tetradrachmo
1385 2555 1447 2584 folle
1462 2558 1634 2587 convincere.
1653 2560 1731 2594 Quod

949 2600 983 2628 de
995 2599 1057 2627 folle
1074 2605 1135 2636 post
1151 2601 1229 2635 paulo
1243 2601 1394 2629 docebitur.
1404 2602 1442 2630 Ad
1460 2604 1652 2633 milliarensetn
1667 2615 1732 2634 vero

949 2647 1021 2681 quod
1048 2647 1154 2677 attinet,
1190 2654 1283 2674 eorum
1313 2656 1373 2682 quae
1398 2648 1531 2678 hactenus
1553 2655 1616 2678 sunt
1640 2652 1734 2687 dispit-

951 2698 1006 2720 tata
1031 2701 1135 2720 summa
1156 2693 1192 2721 sit
1214 2703 1220 2720 :
1241 2694 1434 2722 milliarcnsem
1465 2700 1623 2730 argenteum
1649 2697 1733 2724 fuisse

952 2747 1102 2768 nummum.
1118 2748 1171 2766 non
1188 2739 1388 2771 didraclimum,
1419 2741 1464 2768 sed
1489 2742 1629 2776 aliquanto
1644 2742 1733 2768 minos

951 2793 1019 2816 rem,
1032 2786 1078 2822 qui
1095 2786 1163 2813 alias
1177 2786 1282 2814 duabus
1298 2788 1357 2814 aurl
1374 2787 1491 2821 siliquis,
1510 2788 1577 2814 alia:
1594 2787 1673 2821 paulo
1683 2786 1734 2812 mia

952 2839 1019 2859 nore
1038 2831 1126 2867 pretio
1140 2836 1308 2866 permnlatus
1320 2837 1370 2863 est,
1386 2833 1533 2866 itidemque
1550 2833 1633 2859 levior
1652 2832 1730 2861 alias,

953 2877 1021 2904 alias
1035 2877 1143 2912 gravior
1157 2876 1269 2905 exstitit.
1290 2876 1328 2905 Ac
1341 2881 1398 2904 tum
1413 2883 1474 2903 cum
1494 2875 1578 2903 levior
1588 2874 1657 2910 .l'uit,
1673 2871 1734 2901 inil-
