1937 3039
210 116 254 142 591
769 110 936 138 ΛΡΡΙ-ῖΝῡΓ(
959 110 1272 138 ῐΗὶΞίἶῐὶΤᾹΤῐΟΝυΜ.
1786 111 1842 137 ἲὶῖιίὶ

212 173 302 199 lesima
322 178 385 205 pars
413 170 462 197 fuit
490 178 578 198 aurcrc
598 170 684 203 lihrce,
709 169 781 196 unde
802 169 966 205 μιλιαρίσιω
987 178 998 196 a

1055 173 1138 202 retur,
1154 178 1185 197 ex
1199 174 1284 202 rcrto,
1298 173 1326 196 iit
1342 173 1465 204 apparet,
1484 176 1657 196 nummorum
1672 177 1771 204 genere
1783 171 1844 196 col-

210 219 319 251 tlrzccis,
332 218 458 246 aLatinis
474 216 647 244 inilliarensis
666 216 795 250 appellari
808 217 898 251 cmpit.
911 215 997 249 Quam

209 267 290 293 etiam
305 266 339 292 ob
353 271 463 291 causam
488 263 587 288 λεπτὸν
603 261 736 298 ἀργύριον
759 266 884 289 vocatum
900 267 951 294 est,
970 265 999 288 ut

209 318 224 337 a
237 310 406 341 didraclnno,
428 308 469 335 vel
490 307 624 342 gravioris
640 306 770 341 ponderis
792 311 920 341 argenteo
943 306 998 332 dis-

209 361 340 390 creparet.
361 354 493 381 Caeterum
512 353 646 387 ejusmodi
665 352 874 378 milliarcnsinm
892 351 999 386 species

211 400 335 427 militaris
351 399 435 426 fuisse
452 399 569 429 videtur,
589 397 660 432 quod
678 397 836 424 donativum
853 404 884 423 ac
901 397 1001 430 stipen-

211 448 285 474 dium
299 447 366 473 ineo
378 453 475 480 genere
489 445 699 479 persolveretur,
714 451 819 470 necnon
843 443 999 477 sparsiones

212 497 239 520 et
254 492 423 525 erogationes
444 491 471 516 in
484 490 612 525 populum
631 489 724 516 eodem
737 489 783 515 illo
800 488 907 521 fierent,
924 491 952 514 ιιι
966 495 998 514 ex

212 537 321 564 Now-lla
337 536 494 567 Iustiniani,
509 543 590 570 quam
611 543 693 570 supra
709 535 899 570 produximus,
917 541 999 569 appa-

212 587 262 609 ret.
280 581 347 609 Hinc
363 581 556 617 στρατιωτικὸν
573 580 654 615 δόμα,
675 580 716 607 vel
731 579 816 615 δῶρον
834 579 999 614 Epiphanius

210 628 416 661 interpretatur,
437 630 462 652 ct
480 626 585 652 Glossze
599 632 660 651 cum
677 632 710 651 eo
728 624 782 651 fere
792 631 898 651 omnes.
919 623 1000 650 Glos-

209 673 311 699 sarium
327 671 517 698 P.5irtnondi:
532 670 684 697 Στιπένδιον
702 670 718 705 ἢ
734 669 882 704 τριΰοῦτον,
898 669 928 695 τὸ
946 668 1000 695 ἀπὸ

208 718 313 745 λεπτῶν
336 717 474 753 ἀργυρίων
509 716 700 751 συναγόμενον.
733 715 797 743 Item
826 723 833 741 :
859 714 1000 741 Στιπένδια

208 764 316 798 λέγεται
333 763 367 789 τὰ
383 763 500 797 δημόσια
513 781 519 791 ,
540 761 584 788 διὰ
603 761 633 787 τὸ
649 761 704 787 ἀπὸ
721 760 825 786 λεπτῶν
837 759 999 793 συνάγεσθαι

209 809 359 845 ἀργυρίων,
374 808 412 834 Τὰ
430 807 500 835 αὐτὰ
509 807 536 833 δὲ
548 807 594 833 καὶ
604 806 734 842 τριῧοῦτα
750 806 868 837 λέγεται,
886 805 940 832 ἀπὸ
953 804 998 831 rei

210 853 371 880 ἐπικλᾶσθαι
401 855 455 885 τοῖς
485 853 718 883 καταῧάλλουσιν,
747 853 764 887 ἢ
790 851 997 888 ὲπιμερίζεσθαι
1015 843 1034 871 ϐ

209 901 267 930 τοῖς
281 899 468 934 στρατιώταις.
489 898 558 934 Ergo
568 898 734 932 stipendium
755 905 770 924 a
792 899 872 932 stipe,
892 898 943 924 hoc
954 901 998 925 est

210 945 352 972 minutulis
383 944 513 975 nummis,
530 952 591 979 qua:
611 944 697 970 λεπτὰ
719 943 838 978 ἀργύρια
852 947 995 971 vocantur.

210 989 330 1016 Tametsi
349 990 558 1016 milliarensium
575 989 671 1016 modus
680 989 747 1016 satis
757 996 871 1023 magnus
880 989 995 1016 videtur.

211 1035 264 1062 Sed
281 1035 459 1062 nihilominus
476 1039 502 1062 ct
530 1035 600 1062 inter
616 1035 702 1061 λεπτὰ
719 1039 878 1062 numeratus
893 1039 945 1062 est.
961 1035 998 1062 De

210 1081 318 1112 λεπτοῖς
344 1081 467 1116 sequenti
491 1081 591 1116 capite,
617 1081 663 1108 ubi
685 1081 719 1108 de
742 1081 806 1108 folle
825 1081 996 1110 disserimus,

211 1127 328 1162 amplius
345 1131 448 1162 agetur.
467 1126 530 1154 llaec
549 1134 600 1154 nos
620 1127 720 1162 partim
747 1127 905 1161 conjectura
925 1126 996 1157 freti,

213 1174 310 1208 partim
326 1173 478 1201 certissima
507 1172 668 1201 Glossarum
692 1176 812 1200 veterum
833 1173 997 1200 auctoritate

211 1219 279 1250 nixi,
296 1219 330 1246 de
346 1219 506 1246 milliarcnsi
524 1219 697 1253 protulimus.
715 1217 801 1245 Erunt
818 1218 864 1253 qui
879 1219 997 1245 certiora

212 1265 329 1292 fortasse
351 1265 502 1292 conferent.
521 1265 625 1297 Quibus
643 1272 696 1291 nou
712 1265 795 1291 modo
815 1272 868 1290 non
890 1264 996 1291 invide—

212 1311 312 1341 bimus,
329 1310 374 1337 sed
394 1310 459 1337 illud
478 1310 546 1336 citra
560 1310 713 1337 convicium
728 1313 754 1336 et
771 1309 996 1337 obtrectationem

213 1355 236 1382 si
255 1355 377 1386 fecerint,
389 1355 461 1390 quod
472 1363 542 1390 mgre
557 1363 572 1381 a
584 1355 721 1389 plerisque
738 1355 883 1390 impetrare
895 1355 997 1390 possis,

214 1401 395 1428 libentissime
412 1401 437 1427 id
457 1408 506 1427 nos
524 1405 702 1434 accepturos;
728 1400 770 1427 sin
787 1404 926 1435 utcunque
940 1408 997 1428 me-

216 1447 282 1473 liora
300 1445 452 1476 docuerint,
471 1453 633 1473 asscnsuros
645 1440 706 1472 esse
726 1446 896 1481 pollicemur.

217 1491 357 1525 Epip/ianii
376 1491 407 1517 de
435 1490 497 1521 folle
517 1491 590 1517 locus
614 1490 770 1525 expendimr
789 1499 819 1518 ac
835 1491 996 1519 declaratur.
1012 1511 1033 1540 ο

251 1536 344 1568 Follis,
370 1537 457 1571 inquit
484 1536 668 1571 Epiphanius,
697 1537 838 1564 ταλάντων
857 1538 997 1571 καλεῖται;

215 1587 310 1615 estque
332 1581 440 1615 duplex.
457 1581 584 1608 nimirum
603 1581 710 1609 duobus
726 1589 759 1609 ex
784 1583 920 1617 argenteis
935 1591 1000 1610 con-

215 1627 306 1656 ﬂatus,
316 1626 362 1661 qui
376 1630 440 1653 sunt
449 1634 530 1653 ccvni
542 1626 659 1655 denarii.
678 1627 764 1654 Paulo
774 1633 837 1655 ante
845 1629 960 1660 dixerat,
970 1629 1000 1656 τὸ

215 1672 426 1706 ἀργύσιον,θιιιιι
441 1681 502 1700 csse
520 1681 672 1705 nummum,
688 1674 735 1708 qui
753 1681 768 1700 a
791 1673 929 1706 Romanis,
948 1675 1000 1703 hoc

215 1723 255 1743 est
283 1717 606 1752 Constantinopolitanis,
640 1719 818 1747 milliarensis
835 1721 998 1754 appellatur.

214 1762 291 1790 Nunc
307 1771 337 1790 cx
353 1763 458 1790 duobus
478 1764 614 1798 argenteis
632 1764 692 1791 istis
709 1769 837 1792 constare
853 1764 942 1792 follem
955 1772 1000 1792 as-

215 1814 330 1836 severat.
353 1809 408 1836 lloc
426 1810 514 1843 ipsum
532 1809 675 1844 Epiphanii
689 1811 770 1837 verba
787 1818 842 1845 pra:
856 1818 885 1838 se
898 1811 999 1845 ferunt,

215 1856 268 1882 nisi
283 1856 362 1882 aliter
376 1855 533 1890 castiganda
550 1855 702 1882 vidcantur.
720 1855 800 1888 Quod
820 1856 894 1883 varie
917 1863 931 1882 ιι
948 1857 1000 1890 plc-

215 1901 308 1935 risque
324 1904 469 1927 tcntatum.
489 1899 611 1935 Scaliger
628 1900 655 1927 in
670 1904 796 1935 postumo
808 1901 900 1928 libello
916 1900 955 1928 De
973 1909 1000 1927 re

217 1944 376 1971 Hummaria
401 1953 426 1979 p.
447 1944 491 1976 56,
509 1945 689 1979 Epiphanium
705 1945 744 1972 sic
754 1945 889 1977 emendat,
908 1950 935 1972 ut
951 1953 1000 1981 pro

214 1991 364 2022 ταλάντων,
379 1990 519 2025 βαλάντιον
529 1995 641 2025 reponat
653 1999 661 2021 ;
675 1994 731 2017 lum
747 1998 797 2024 pro
818 1994 859 2026 ση¹
873 1991 998 2026 δηνάρια,

216 2037 267 2061 hoc
285 2039 326 2061 cst
341 2042 434 2066 CC\||I,
451 2038 524 2070 σπη’,
541 2042 708 2062 CCLXXXVIII.
728 2034 831 2063 Follem
846 2035 937 2070 itaque
950 2036 1000 2063 dii-

216 2081 289 2114 plum
303 2087 364 2107 esse
383 2079 428 2106 τ(ιῦ
446 2079 628 2115 μιλιαρησίου,
650 2087 680 2106 ac
696 2081 926 2107 tetradrachmum
943 2081 1001 2107 exi-

215 2125 317 2157 siiinat,
325 2125 451 2159 quoniam
459 2125 648 2158 niilliarcnses,
655 2129 684 2151 ut
691 2125 818 2155 vidimus,
827 2125 1001 2153 didrachmos

1050 215 1130 247 lecta,
1145 219 1171 242 ct
1187 215 1214 241 in
1230 223 1312 242 utinm
1328 215 1433 242 inclusa
1453 214 1554 246 follem,
1567 222 1617 241 usu
1628 219 1720 249 postea
1739 214 1844 241 factum

1050 265 1101 293 est,
1117 266 1145 288 ιιι
1161 262 1238 289 folles
1255 262 1336 288 ctiam
1352 262 1466 296 singula:
1479 261 1526 287 τοῦ
1543 260 1726 295 ἀθροίσματος
1736 264 1844 295 partes,

1050 314 1081 333 ac
1094 308 1197 334 nummi
1213 307 1263 342 ipsi
1278 312 1448 334 vocarentur.
1458 306 1578 341 Denique
1588 306 1659 341 quod
1675 307 1707 333 ad
1719 306 1841 342 Epipha-

1051 353 1087 380 nii
1101 361 1234 380 summam
1250 354 1386 388 octoginta
1398 352 1768 384 denariosaddidit,causam
1781 352 1844 380 nul-

1050 399 1103 425 lam
1119 402 1165 425 aut
1183 398 1287 429 habuit,
1304 403 1349 425 aut
1366 406 1447 433 quam
1466 398 1586 429 haberet,
1612 398 1741 425 ostendit.
1761 397 1845 425 lioto-

1051 453 1167 472 mannus
1182 445 1228 471 lib.
1249 444 1286 471 De
1301 453 1328 471 re
1346 443 1454 470 Nimim.
1465 444 1537 471 hunc
1549 444 1637 479 ipsum
1647 443 1790 479 Epiplianii
1801 445 1844 471 lo-

1050 496 1111 516 cum
1129 497 1183 516 non
1203 497 1298 524 capere
1315 497 1376 516 sese
1399 490 1459 516 sine
1485 489 1598 524 ambage
1619 489 1771 524 profitetur.
1788 491 1842 517 Alii

1049 535 1114 569 quid
1133 535 1167 562 de
1182 536 1227 561 illo
1246 536 1366 562 sentiant
1377 535 1500 562 dicturos
1513 543 1543 562 se
1557 535 1704 569 aliquando
1722 537 1843 570 promit-

1050 585 1119 607 tunt.
1141 581 1196 615 Ego
1212 581 1277 607 nihil
1302 581 1328 607 in
1360 581 1501 616 Epiphauii
1524 581 1615 609 verbis
1637 583 1841 615 animadverto,

1050 626 1121 660 quod
1142 629 1196 652 tam
1215 626 1372 660 impe'itum
1396 630 1422 652 et
1441 626 1628 652 inextricabile
1641 626 1725 653 videri
1741 628 1842 662 possit,

1051 676 1077 698 ul
1096 670 1280 698 vadimonium
1297 675 1440 706 propterea
1450 671 1601 698 deseratur.
1613 671 1668 699 Hoc
1686 672 1758 699 enini
1777 672 1841 699 sim-

1051 717 1167 752 pliciter,
1184 724 1215 743 ac
1231 717 1300 744 citra
1331 717 1413 743 ullam
1435 716 1652 744 emendationem
1671 722 1698 745 et
1719 717 1843 753 interpo-

1052 763 1175 790 lationem
1193 763 1283 798 colligi
1300 771 1332 790 cx
1356 763 1408 790 illis
1432 767 1520 797 potest
1538 772 1544 790 :
1559 763 1660 790 Follem
1680 767 1841 798 argenteum

1050 817 1111 836 esse
1121 816 1274 840 nummum,
1293 808 1364 843 quod
1376 809 1503 835 talentum
1511 817 1621 844 parvum
1630 809 1732 836 dictum
1744 808 1840 840 fuerit,

1048 863 1080 883 ex
1100 854 1239 890 argenteis
1257 854 1364 881 duobus
1380 853 1536 886 conflatum,
1551 854 1578 881 in
1597 861 1651 888 quo
1666 853 1771 881 denarii
1788 854 1842 880 mi-

1048 900 1134 927 nutuli
1163 903 1343 927 numerantur
1360 906 1454 931 ccvtit,
1478 899 1529 926 hoc
1551 903 1593 926 cst
1612 899 1638 926 in
1664 899 1781 934 singulis
1792 906 1840 926 ar—

1049 945 1152 980 genteis
1171 953 1224 972 crv.
1238 945 1293 974 Cur
1309 946 1438 972 talentum
1453 945 1587 980 ejusmodi
1600 953 1728 972 nummus
1741 945 1833 980 appel-

1048 991 1119 1018 latus
1130 990 1221 1023 fuerit,
1241 990 1283 1017 vel
1303 990 1409 1017 nescire
1435 998 1477 1018 me
1502 990 1574 1021 dico,
1590 991 1698 1025 quando
1723 991 1751 1018 id
1775 991 1839 1026 Epi-

1048 1037 1164 1072 phanius
1183 1037 1278 1069 tacuit,
1296 1036 1338 1063 vel
1363 1043 1473 1063 causam
1492 1037 1613 1071 aliquam
1629 1038 1840 1072 reperio.quam

1049 1090 1102 1110 non
1116 1082 1231 1117 probare
1250 1082 1338 1115 magis
1358 1081 1493 1116 quispiam
1518 1082 1613 1117 possit,
1638 1090 1719 1116 quam
1735 1083 1842 1110 ratione

1049 1131 1125 1154 certa
1151 1126 1284 1154 refellere.
1300 1126 1372 1154 Idem
1401 1130 1429 1153 ct
1450 1126 1484 1154 de
1502 1127 1623 1155 denariis
1638 1127 1691 1155 illis
1706 1135 1840 1159 asseram,

1049 1179 1165 1206 quorum
1182 1171 1274 1199 varius
1303 1171 1374 1206 apud
1390 1171 1513 1199 diversas
1538 1172 1662 1200 nationes
1678 1181 1744 1200 usus
1769 1174 1843 1201 aesti-

1049 1217 1186 1252 matioque
1219 1217 1279 1244 fuit.
1308 1217 1376 1244 Cum
1397 1223 1450 1246 tam
1468 1217 1546 1245 facile
1561 1218 1669 1253 defungi
1692 1219 1745 1246 loci
1767 1219 1841 1247 illius

1049 1261 1273 1296 interpretatione
1288 1262 1378 1293 liceat,
1396 1265 1486 1289 tamen
1512 1270 1546 1289 ne
1570 1262 1668 1289 frustra
1685 1267 1725 1289 tot
1741 1264 1840 1290 rruditi

1050 1307 1174 1334 homines
1188 1308 1214 1333 in
1228 1314 1260 1333 eo
1274 1307 1414 1334 laborasse
1438 1311 1519 1342 atquc
1530 1307 1670 1336 liznsitasse
1685 1309 1840 1339 vidcantur.

1050 1360 1100 1380 nos
1117 1353 1167 1387 ipsi
1180 1360 1288 1387 quoque
1303 1353 1421 1387 simplici
1446 1353 1491 1379 illa
1504 1354 1697 1385 declaratione,
1711 1359 1739 1382 ct
1759 1355 1838 1382 obvia

1050 1399 1161 1425 minimc
1173 1399 1303 1431 contenti,
1325 1399 1392 1425 alias
1413 1399 1639 1434 cxcogitavimus,
1657 1408 1726 1435 quas
1746 1401 1838 1435 singil-

1051 1443 1125 1470 latim
1140 1451 1301 1478 percensere
1310 1451 1415 1475 omnes,
1429 1449 1511 1480 atque
1523 1453 1669 1480 exponere,
1682 1446 1743 1480 plus
1756 1447 1838 1476 laedii,

1051 1497 1131 1524 quam
1149 1490 1274 1517 utilitatis
1296 1490 1444 1517 lectoribus
1460 1492 1561 1517 afferet.
1582 1491 1666 1518 Unam
1683 1492 1766 1527 igitur
1781 1500 1839 1527 pro-

1050 1543 1147 1570 ponam
1164 1540 1210 1561 aul
1224 1536 1348 1567 alteram,
1362 1536 1383 1562 si
1405 1536 1471 1562 illud
1489 1537 1516 1562 in
1534 1537 1627 1571 primis
1645 1537 1816 1564 admonuero
1831 1547 1836 1564 :

1049 1582 1076 1608 in
1091 1582 1278 1616 manuscripto
1286 1582 1347 1608 cod.
1358 1581 1481 1609 bibliodi.
1497 1590 1551 1617 reg.
1563 1583 1642 1617 paulo
1656 1583 1734 1610 aliter
1750 1584 1838 1611 locum

1049 1627 1124 1654 illiilli
1149 1627 1266 1661 concipi.
1285 1627 1322 1653 ita
1336 1628 1407 1654 enim
1423 1628 1552 1662 scriptum
1569 1628 1782 1664 Γορρτίεῷὀλλης
1791 1630 1839 1656 ὅσα

1050 1673 1165 1698 πάντιον
1180 1672 1316 1698 καλεῖται.
1332 1672 1447 1699 Διπλοῦν
1466 1673 1493 1699 δέ
1505 1674 1572 1705 ἐστι,
1589 1674 1640 1700 ὑπὸ
1654 1673 1700 1700 δύο
1711 1675 1838 1710 ἀργύριον

1050 1716 1237 1751 συγκείμενον,
1252 1716 1276 1742 οἳ
1288 1716 1408 1750 γίνονταί
1425 1724 1465 1742 σοι
1480 1720 1503 1742 κ’
1513 1717 1635 1752 δηνάρια.
1646 1716 1704 1744 Non
1721 1717 1774 1752 ση’,
1789 1720 1837 1745 hoc

1049 1766 1090 1788 est
1106 1769 1198 1791 cerni.
1212 1762 1331 1793 denarii,
1343 1763 1389 1789 sed
1407 1770 1439 1788 xx
1459 1762 1514 1789 folli
1533 1763 1596 1789 huic
1610 1767 1783 1798 arrogantur.

1085 1807 1149 1840 Qua:
1166 1808 1246 1835 lectio
1265 1808 1329 1835 mihi
1348 1816 1403 1834 non
1421 1811 1616 1835 contemnenda
1634 1810 1749 1836 videtur.
1764 1809 1836 1842 Quo-

1049 1853 1122 1880 circa
1138 1853 1208 1881 follis
1228 1854 1299 1888 apud
1315 1854 1494 1888 Epiphaniuin
1518 1862 1646 1881 nummus
1667 1858 1709 1882 cst
1727 1863 1759 1882 ex
1771 1857 1836 1882 dno-

1050 1899 1101 1926 bus
1116 1900 1250 1934 argenteis
1267 1901 1434 1935 compositus
1452 1911 1457 1928 :
1473 1908 1540 1935 quos
1565 1901 1743 1928 milliarenses
1761 1901 1836 1927 intel—

1051 1945 1170 1979 ligimus,
1185 1953 1300 1980 quorum
1317 1946 1416 1981 singuli
1431 1946 1557 1974 denarios
1574 1946 1664 1974 decem
1686 1947 1834 1973 continem.

1054 1989 1185 2017 Denarios
1201 1997 1264 2017 vero
1281 1998 1335 2017 non
1356 1995 1461 2018 veteres
1482 1992 1543 2019 illos
1564 1996 1591 2018 et
1615 1991 1768 2023 Romanos,
1790 1992 1834 2019 sed

1057 2036 1176 2064 minores
1191 2037 1296 2072 aliquos
1313 2044 1456 2070 nummos;
1477 2038 1522 2072 qui
1536 2042 1562 2065 et
1577 2037 1636 2064 ideo
1652 2037 1756 2064 denarii
1769 2046 1834 2064 nun-

1051 2082 1141 2116 cupati
1160 2083 1294 2114 videntur,
1310 2084 1381 2118 quod
1397 2083 1509 2110 totidem
1535 2083 1562 2110 in
1584 2087 1741 2118 argenteum
1760 2092 1834 2110 nuin—

1051 2134 1124 2154 mum
1144 2133 1338 2163 competercnt.
1359 2129 1413 2157 Cur
1427 2134 1517 2156 autem
1537 2129 1630 2156 talenti
1648 2130 1724 2163 parvi
1740 2137 1834 2157 nomen

215 2171 358 2198 constituit
372 2179 378 2203 ;
392 2170 491 2197 habere
502 2178 566 2197 vero
575 2170 714 2202 denarios,
727 2171 779 2197 hoc
794 2176 835 2198 est
848 2171 998 2198 minutulos
1016 2177 1038 2204 ι)
1052 2173 1076 2200 ei
1103 2181 1213 2201 nummo
1235 2175 1271 2202 sit
1296 2175 1461 2209 impositum,
1480 2183 1569 2202 causm
1592 2176 1747 2210 complures
1766 2176 1831 2202 divi-

215 2223 342 2243 nuinmos
359 2223 521 2242 CCLXXXVIII.
539 2215 590 2242 Sed
603 2216 629 2242 in
646 2223 677 2242 ca
696 2215 824 2250 Scaligeri
840 2217 1001 2250 conjectura

216 2263 332 2295 primum
362 2261 426 2288 illud
445 2264 487 2288 est
504 2268 518 2286 a
534 2261 614 2288 nobis
636 2261 770 2296 superiori
786 2262 874 2295 Capite
889 2262 1002 2290 validis-

215 2309 284 2334 sime
293 2306 451 2338 refutatum,
459 2306 530 2341 quod
543 2306 722 2334 milliarenses
731 2306 905 2334 didrachmos
917 2307 1001 2335 fuisse

216 2353 353 2385 defendit;
375 2353 507 2383 alterum,
528 2352 598 2387 quod
619 2359 668 2387 pro
689 2351 839 2385 ταλάντων,
861 2352 1000 2387 βαλάντιον

216 2399 291 2434 legit.
307 2406 402 2426 vereor
428 2401 457 2424 ιιι
485 2397 608 2424 obtinere
628 2396 714 2431 possit
730 2405 736 2423 :
752 2396 852 2424 etenim
875 2398 1000 2431 quamvis

218 2446 290 2473 follis
305 2445 374 2471 idem
392 2444 437 2475 sit,
453 2443 525 2478 quod
541 2443 635 2470 Graece
652 2442 804 2476 βαλάντιην,
821 2443 999 2470 nihilominus

217 2499 232 2518 a
246 2490 348 2518 Gratcis
362 2489 504 2524 βαλαντίου
518 2496 567 2515 vox
586 2495 639 2514 non
653 2486 720 2520 folli,
741 2491 769 2514 ιιι
789 2488 935 2522 singularis
958 2492 1000 2516 est

218 2542 357 2565 nummus,
378 2534 536 2567 imponitur,
567 2532 614 2559 sed
633 2536 662 2559 ut
683 2538 725 2559 est
741 2533 862 2567 pecunia:
881 2540 998 2566 summa,

217 2584 245 2607 et
276 2585 447 2605 nummorum
468 2576 612 2612 ἄθροισμα,
635 2577 675 2603 vel
703 2576 830 2611 σταθμός,
852 2580 880 2604 ut
897 2576 999 2604 Glossa:

217 2623 381 2659 signiﬁcant.
405 2622 441 2650 De
463 2622 524 2650 folle
546 2625 673 2657 argenteo
689 2630 799 2649 nummo
815 2630 902 2657 neque
923 2631 999 2650 men-

217 2671 320 2698 tionem
346 2669 398 2696 illze
414 2668 534 2700 faciunt,
565 2676 652 2703 neque
672 2668 813 2703 βαλάντιον
834 2668 998 2703 appellatum

215 2725 276 2745 esse
288 2719 364 2752 puto,
388 2715 495 2743 tametsi
513 2719 541 2742 ιιι
564 2715 589 2742 id
607 2715 730 2750 analogia
745 2715 860 2749 quadam
885 2723 999 2749 usurpa-

218 2770 273 2792 iiim
292 2763 382 2796 fuerit,
395 2769 448 2789 non
462 2761 540 2789 valde
553 2768 711 2796 repugnent.
726 2760 794 2788 Cum
806 2761 877 2787 cnim
891 2761 999 2796 proprie

218 2810 287 2838 follis
303 2813 377 2838 certa
397 2809 442 2837 illa
469 2815 640 2836 nummorum
657 2806 684 2834 ὁλ
711 2807 735 2842 ἡ,
752 2814 783 2834 ac
801 2814 906 2834 summa
924 2807 998 2835 dicc-

1053 2218 1112 2245 nari
1129 2225 1251 2254 possunt.
1267 2219 1354 2247 Veluti
1369 2221 1440 2255 quod
1457 2221 1560 2248 denarii
1575 2221 1619 2248 isti
1635 2221 1661 2247 in
1677 2228 1723 2248 sex
1740 2221 1831 2248 iterum

1052 2264 1163 2292 chalcos
1182 2265 1260 2293 divisi
1285 2266 1404 2293 fuerint:
1422 2268 1460 2293 ita
1481 2271 1510 2294 ut
1532 2266 1559 2293 in
1577 2267 1769 2294 milliarensem
1785 2274 1832 2293 cxx

1051 2310 1244 2343 convenirent;
1271 2315 1338 2346 quot
1367 2311 1393 2338 in
1421 2312 1551 2338 talentum
1576 2311 1736 2346 Epiphanii.
1766 2312 1831 2346 quod

1051 2362 1120 2382 cxxv
1139 2356 1269 2383 librarum
1293 2361 1345 2389 est,
1371 2358 1466 2384 Attica:
1491 2358 1570 2384 minze
1597 2362 1760 2392 congruunt.
1783 2358 1832 2385 Aut

1051 2400 1108 2427 haec
1122 2401 1213 2435 igitur,
1228 2407 1274 2428 aut
1290 2403 1342 2429 alia
1357 2403 1490 2437 quzrpiam
1507 2403 1642 2437 ejusmodi
1658 2405 1729 2430 ratio
1746 2404 1830 2436 fuerit,

1051 2454 1100 2472 cur
1119 2446 1211 2473 talenti
1232 2455 1328 2474 nomen
1343 2448 1370 2474 in
1385 2452 1513 2483 argenteo
1536 2448 1598 2476 folle
1610 2449 1749 2476 resederit.
1767 2449 1831 2476 Sane

1051 2499 1112 2518 cum
1128 2491 1295 2526 Epiphanius
1312 2493 1400 2520 follem
1419 2494 1516 2521 asserit
1530 2493 1600 2521 duos
1615 2500 1755 2527 argenteos
1768 2503 1832 2522 com-

1051 2537 1143 2571 plecti,
1159 2537 1220 2564 licet
1238 2542 1380 2572 argenteos
1402 2547 1455 2566 non
1473 2539 1653 2567 milliarenses
1678 2541 1830 2574 intelligere,

1052 2582 1103 2608 hoc
1120 2586 1162 2609 cst
1177 2583 1306 2614 minores,
1320 2590 1352 2610 ac
1367 2591 1422 2610 non
1439 2585 1571 2618 legitimos
1590 2585 1662 2616 illos,
1683 2585 1729 2612 sed
1747 2586 1831 2612 didra-

1049 2628 1155 2660 chmos,
1170 2629 1216 2662 qui
1237 2629 1263 2655 in
1281 2637 1330 2656 usu
1349 2630 1528 2657 nihilominus
1544 2635 1647 2658 essent.
1664 2630 1746 2658 Plura
1766 2632 1830 2659 enini

1049 2673 1101 2699 τῶν
1116 2674 1244 2709 ἀργύρων
1264 2683 1363 2709 genera
1392 2675 1510 2707 fuerunt,
1532 2684 1648 2710 quorum
1678 2678 1725 2704 imi
1741 2678 1830 2705 millia-

1050 2719 1137 2746 rensis
1163 2720 1324 2747 vocabulum
1351 2721 1487 2753 inditum;
1519 2729 1572 2749 non
1601 2727 1691 2749 tamen
1720 2723 1830 2759 argentei

1050 2771 1144 2791 omnes
1172 2765 1354 2793 inilliarcnses
1378 2767 1513 2801 appellati.
1537 2766 1599 2794 Ideo
1617 2767 1687 2795 follis
1708 2770 1830 2796 tctiadra-

1051 2809 1146 2836 climus
1161 2817 1222 2838 esse.
1236 2811 1332 2845 potiiit,
1346 2819 1378 2838 ex
1396 2811 1503 2838 duobus
1517 2811 1684 2840 didrachmis
1704 2813 1827 2848 composi-
