1937 3039
135 203 188 232 595

756 208 800 235 DE
819 208 930 236 FOLIJS
950 209 1158 239 lillLlAlll-jNSl.

1717 217 1769 245 53H

134 264 191 293 tus,
205 260 279 296 quod
294 263 320 289 et
335 260 472 298 Scaligero
486 262 574 290 visqu
591 267 644 296 est,
660 264 707 292 scd
724 264 791 292 falsa
812 266 927 298 ratione,

984 266 1108 301 στοτέλης
1121 267 1207 301 λέγει,
1228 267 1362 303 τέσσαρας
1385 268 1431 295 κού¹
1448 270 1532 296 εἴκοσι
1553 270 1707 307 νούμμουςο
1738 273 1769 298 τὸ

134 307 264 342 quoniam
278 307 359 334 solidi
375 309 491 343 pretium
510 317 572 336 xxiv
591 310 738 338 draclunas
754 319 815 338 esse
839 311 928 338 credi-

133 353 184 387 dit,
199 357 227 381 et
240 354 356 381 duarum
372 355 431 381 auri
445 355 609 390 siliquarum
618 355 765 384 drachmas
779 357 858 386 duas.
872 357 928 384 sive

134 396 331 425 milliarensem
347 407 442 426 unum.
461 399 542 435 Atqui
559 401 663 436 siliqua:
690 401 717 428 in
741 402 829 429 solido
851 406 929 429 erant

133 451 211 475 xxrv,
229 443 257 470 in
270 443 432 472 didrachmo
451 453 544 473 xxxvi.
568 446 684 475 Proinde
701 448 759 474 auri
783 449 923 483 proportio

134 489 168 515 ad
188 493 330 524 argentum
347 489 428 518 fuerit
461 495 490 518 ut
509 492 541 518 18
565 492 599 519 ad
629 494 653 525 l,
669 494 741 528 quod
767 494 875 521 abunde
901 495 928 521 111

133 535 269 568 superiori
283 535 372 570 capite
393 536 540 564 refutatum
555 542 607 565 est.
624 538 702 571 Quod
724 540 747 567 si
772 548 804 567 ex
822 540 929 568 duobus

132 579 270 612 ejusmodi
294 581 429 615 argenteis
463 581 632 610 didrachmis
663 585 805 611 constabat
836 585 925 617 follis,

132 624 230 652 obolos
247 625 373 660 capiebat
391 634 465 660 xxiv,
481 631 547 661 quot
570 628 673 656 scilicet
698 630 726 656 in
751 630 839 657 solido
866 634 930 657 sunt

133 669 250 703 siliquze.
269 669 359 702 Quare
372 678 433 697 cum
451 671 556 699 solidus
572 673 666 700 talenti
685 674 794 702 nomine
809 675 844 702 sit
860 675 927 702 affe-

133 719 206 746 ctus.
223 715 262 742 uti
275 720 370 751 postea
388 717 503 750 dicetur,
523 719 611 753 potuit
627 723 653 746 ct
669 719 739 747 idem
752 720 809 747 folii
829 729 930 749 nomen

134 761 258 794 attribui,
275 762 404 795 quoniam
421 764 532 791 totidem
556 765 584 792 in
603 773 635 792 eo
650 771 830 794 censerentur
845 768 930 800 oboli,

133 811 201 842 quot
215 807 243 835 in
260 808 349 836 solido
364 809 480 844 siliquae.
499 811 588 846 Atque
610 812 682 839 haud
695 814 752 840 scio
769 821 803 840 an
821 822 874 841 non
892 814 932 841 id-

134 855 226 889 ipsum
240 858 331 882 vetera
347 855 392 882 illa
409 855 528 884 Matthmi
545 857 664 889 Scholia,
683 867 743 894 quae
762 867 795 886 cx
812 859 930 888 Budensi

133 899 231 928 codice
248 904 326 928 antea
353 901 535 933 laudavimus,
556 903 721 937 persuadere
738 905 855 939 possint,
872 913 932 939 qua:

132 950 266 973 staterem
283 951 441 981 argenteum
467 948 701 976 tetradrachmum
729 950 863 985 πατῆρος
877 958 927 977 no-
945 947 965 973 Β

133 1000 195 1020 men
211 992 273 1020 ideo
288 994 414 1020 sortitum
426 1001 487 1021 esse
498 994 684 1029 dicunt,quod
699 995 824 1022 bifariam
839 995 928 1024 divisa

132 1039 216 1066 uncia
241 1043 269 1066 et
299 1039 327 1066 in
356 1040 425 1067 duas
451 1040 541 1068 lances
566 1041 714 1076 imposita,
747 1042 930 1076 tequilibrium

133 1084 235 1112 faciat:
251 1085 332 1112 Ὅθεν
350 1087 382 1121 τῇ
404 1087 548 1122 ζνσορροπίᾳ
574 1085 620 1113 τοῦ
641 1087 762 1120 κανόνος,
788 1087 859 1114 κατὰ
881 1088 930 1124 τὴν

132 1131 180 1157 τοῦ
205 1131 289 1166 ζυγοῦ
313 1132 421 1166 ἰσότητα
445 1133 550 1168 στατὴρ
573 1133 722 1168 ἐπεκλήθη.
742 1132 810 1160 Nam
839 1137 866 1160 et
896 1134 930 1161 ad

133 1177 267 1204 ταλάντου
282 1185 376 1205 vocem
393 1186 423 1204 ac
443 1177 581 1205 uotionent
599 1179 671 1204 istud
688 1179 800 1210 alludit;
826 1182 853 1205 et.
879 1179 929 1206 τά-

133 1223 239 1254 λπντον,
255 1223 367 1257 perinde
387 1231 419 1250 ac
439 1224 571 1258 στατῆρα,
585 1224 715 1250 trutinam
735 1232 796 1251 esse
815 1225 929 1254 scimus.

133 1266 175 1294 0b
202 1267 230 1294 id
254 1275 319 1302 ergo
345 1267 485 1294 ταλάντων
514 1268 596 1299 follis,
618 1269 641 1296 si
662 1268 771 1304 quidem
796 1269 932 1296 tetradra-

134 1313 233 1340 chmus
244 1317 314 1344 erat,
326 1313 456 1348 appellari
469 1314 565 1348 potuit.
580 1314 679 1342 Suidas
690 1322 808 1349 quoque,
821 1316 931 1343 tametsi

135 1362 265 1393 corrupta
290 1358 363 1386 illius
387 1359 469 1386 verba
490 1364 564 1390 sunt,
591 1361 722 1387 nonnulla
749 1361 843 1388 eodem
870 1369 928 1397 spe-

134 1404 238 1431 ctantia
254 1404 350 1431 scribit
365 1404 392 1431 in
409 1412 477 1432 voce
498 1405 619 1437 ’06ολός-
637 1406 674 1432 Τὸ
693 1406 721 1432 δὲ
741 1407 873 1434 τάλαντον
884 1407 930 1434 τοῦ

135 1451 268 1486 ἀργυρίου
280 1451 332 1478 τῶν
346 1450 402 1483 νῦν,
416 1451 546 1486 τέσσαρα,
557 1451 602 1477 καὶ
617 1451 784 1488 νομίσματος
798 1456 822 1487 η’
834 1452 880 1479 καὶ
893 1455 929 1485 ς’.

135 1496 189 1524 Sed
205 1496 310 1523 lubrica
326 1502 364 1524 est
384 1497 545 1532 plerumque
571 1496 663 1524 Suida:
683 1497 770 1531 fides;
793 1498 866 1532 quod
890 1499 932 1525 in-

134 1542 243 1569 terdqu
270 1543 353 1569 tacito
373 1543 494 1574 nomine,
516 1547 658 1570 auctorum
684 1543 756 1570 nuda
780 1545 863 1571 verba
885 1545 929 1572 de-

135 1589 243 1616 scribit.
271 1588 343 1616 Sane
369 1589 440 1616 idem
466 1589 510 1616 ille
534 1589 706 1622 scholiastes,
722 1593 752 1616 ut
780 1594 860 1617 antea
882 1590 932 1617 do-

135 1635 255 1668 cuimus,
273 1639 401 1662 statercm
421 1638 579 1670 argenteum
601 1635 739 1670 significat
754 1639 864 1662 centum
884 1635 930 1663 de-

135 1681 229 1709 narios
264 1680 410 1716 colligere;
443 1688 561 1716 quorum
603 1681 701 1716 singuli
730 1689 763 1707 1.x
791 1681 932 1708 continent

137 1735 225 1759 asses,
239 1732 321 1762 prout
333 1727 420 1754 altera
436 1727 518 1755 lectio
534 1727 664 1761 concipit.
680 1726 736 1754 lloc
753 1727 834 1754 modo
846 1734 892 1755 sex
905 1727 932 1754 in

136 1776 240 1799 statere
268 1776 334 1799 sunt
359 1771 462 1800 assium
485 1771 580 1804 millia,
596 1775 663 1806 quot
690 1772 717 1798 in
744 1772 845 1798 talento
870 1771 933 1799 dra-

136 1817 233 1845 01110εο.
262 1817 371 1845 Scimus
395 1821 486 1844 autem
516 1816 609 1844 talenti
636 1825 735 1844 nomen
762 1825 816 1845 non
843 1817 931 1844 soluat

135 1863 244 1899 exiguis
263 1863 389 1896 summis,
406 1870 501 1890 verum
527 1863 609 1890 etiam
633 1862 785 1890 minoribus
812 1862 933 1890 nummis

136 1917 170 1937 ex
187 1917 239 1936 usu
258 1908 440 1944 quorumdam
457 1908 620 1944 populorutn
637 1907 752 1935 inditum
774 1907 869 1935 fuisse.
882 1907 933 1935 Fe~

137 1961 196 1984 stus
218 1954 428 1990 Neapolitanum
452 1955 584 1983 talentum
611 1962 658 1982 sex
679 1953 820 1981 denarium
844 1954 930 1981 facit:

137 2000 343 2036 Syracusanum
360 2001 441 2028 trium
466 1999 608 2028 denarium
625 2008 632 2026 :
654 1998 819 2034 Rheginum,
839 1998 933 2026 Victo-

137 2047 212 2074 riati.
241 2045 338 2074 Pollux
363 2046 411 2073 lib.
438 2044 598 2081 tx,’cap.6:
618 2045 654 2072 Τὺ
678 2045 769 2080 μέντοι
793 2045 932 2072 Σικελικὸν

137 2092 269 2119 τάλαντον
291 2091 431 2127 ἐλάχιστον
447 2091 532 2126 ἴσχυε.
548 2091 584 2117 Τὸ
600 2091 649 2126 μὲν
666 2091 787 2126 ἀρχαῖον,
804 2090 841 2122 ὡς
861 2090 932 2125 Ἀρι-

173 2158 214 2193 (α)
235 2156 403 2192 Scripseram
422 2157 456 2184 de
475 2156 636 2185 milliarensi
664 2164 792 2189 nummo,
810 2160 837 2193 et
852 2164 933 2191 supe-

137 2192 213 2220 riora
230 2192 287 2227 jam
313 2193 358 2219 illa
379 2196 578 2220 commentatus
598 2199 673 2227 eram
693 2199 726 2218 ex
745 2192 883 2219 veteribus
901 2192 930 2219 Ρ.

140 2226 490 2261 SirmondiGlossis,quas
519 2227 563 2254 ille
583 2226 739 2254 dimidiatos
763 2235 795 2253 ac
821 2227 931 2254 mutilas

138 2262 233 2289 Romze
255 2261 448 2297 descripserat,
460 2269 521 2288 cum
544 2269 594 2289 nec
618 2263 729 2297 opinato
744 2261 811 2288 mihi
826 2261 930 2289 Glossze

139 2285 521 2328 ἱξεῖὲί1ἷέιωῖἷῖἱιὶίἕιὶὲ’ἑιὶίιῐξῐ
543 2285 930 2332 ἐξιῖο13”1ζῖιίιὶιῷὄέὶιῦε’”ιῐ1ἶῐ

984 2285 1068 2327 ἳδῦσι,
1083 2297 1129 2323 καὶ
1140 2285 1210 2332 oblito
1220 2285 1453 2332 ιἷκιινιτεκέριῖάιτιιιςῖε
1467 2306 1481 2323 τ

138 2341 185 2360 res
200 2340 288 2360 annOs
301 2332 391 2364 editas,
407 2339 523 2366 quarum
539 2332 671 2359 hactenus
684 2331 790 2366 copiam
811 2339 864 2359 non
882 2333 931 2360 ha-

139 2368 264 2396 bueram.
281 2367 336 2395 llas
353 2375 414 2394 eum
440 2367 517 2394 avide
533 2367 719 2402 perlegissem,
737 2371 842 2402 etcum
855 2367 929 2401 prio-

140 2403 218 2430 ribus
234 2403 288 2430 iliis
302 2402 427 2430 conferre
440 2401 594 2436 cmpisSem,
610 2409 671 2428 cum
684 2401 735 2428 alia
754 2401 882 2436 pleraque
902 2401 929 2429 in

140 2438 203 2465 istis
218 2437 328 2468 otTcndi,
341 2445 402 2472 qua:
415 2437 442 2463 in
455 2436 556 2472 nostris
566 2436 709 2463 exstabant
721 2436 887 2472 (quanquam
903 2437 930 2463 in

140 2473 236 2500 multis
250 2471 364 2500 alterum
379 2472 465 2499 altero
479 2471 645 2499 Glossariqu
659 2471 776 2505 amplius
789 2475 858 2505 erat)
872 2475 930 2498 tum

140 2508 217 2535 illum
232 2508 333 2542 ipsum,
348 2515 428 2541 quem
445 2507 579 2541 integrum
598 2506 723 2542 ascripsi,
741 2506 775 2532 de
802 2505 865 2542 folle
888 2506 930 2533 lo-

140 2550 223 2571 cum:
240 2540 271 2568 ac
284 2540 412 2577 prmterea
427 2541 460 2569 de
474 2540 631 2577 milliarensi
647 2540 761 2577 alterum
773 2547 838 2577 sane
853 2541 930 2568 lucu—

141 2578 257 2607 lentum.
275 2575 321 2612 qui
346 2577 373 2603 in
395 2576 587 2612 Sirmondiano
601 2575 788 2612 desideratur.
821 2575 858 2602 De
876 2584 931 2612 quo

142 2609 302 2648 priusquam
317 2619 397 2648 agere
416 2612 527 2646 incipio,
545 2611 579 2648 de
597 2610 670 2648 follis
687 2609 858 2648 glossemate
881 2609 931 2648 ad-

142 2644 297 2676 inoncndus
311 2644 353 2674 est
370 2647 464 2679 lector,
473 2644 600 2681 quaedam
614 2645 641 2672 in
652 2644 931 2681 Labbzcanierlossis

143 2683 275 2710 mendose
288 2681 406 2716 concipi.
423 2679 533 2716 quze'cx
552 2681 654 2716 nostris
670 2679 838 2716 emendanda
856 2686 928 2707 sunt.

142 2718 217 2745 lntcr
235 2724 304 2751 quas
323 2714 488 2753 praecipuum
509 2714 648 2753 est,_quod
673 2722 810 2753 perperam
833 2715 859 2753 i_n
877 2716 931 2753 illis

143 2749 276 2787 scriptum
288 2749 340 2782 esi,
352 2749 412 2786 ἢτοι
424 2751 494 2787 πρὸς
503 2750 533 2777 τὸ
542 2750 589 2787 νῦν
605 2749 720 2787 κρατοῦν
733 2749 825 2787 μίλλια
837 2750 868 2777 θ’.
886 2750 933 2778 Le-

144 2785 263 2822 gendum
283 2785 423 2814 enim’est
443 2785 594 2821 μιλὶαρισια
620 2785 838 2822 pO’,_po_stulante
868 2794 932 2813 sen-

143 2818 230 2850 tentia
243 2831 250 2849 ι
267 2828 330 2848 nam
345 2818 526 2848 milliarenscs
537 2818 694 2853 posterioris
711 2818 803 2846 forma:
814 2827 870 2852 ctx,
885 2829 932 2847 κε-

146 2858 226 2896 ράῖια
246 2857 519 2896 ρεκνιιιιςοῃιίιὶοῃιι.
546 2855 610 2896 Item
635 2854 793 2896 paulo‘antc
813 2855 932 2896 n_mle_in

146 2889 241 2919 iisdem
256 2891 320 2926 legi,
335 2891 380 2918 ubi
398 2891 431 2918 de
454 2890 516 2918 folle
530 2889 670 2926 ponderali
687 2889 776 2926 agitur
786 2908 792 2919 ,
810 2889 931 2926 singulos

145 2925 204 2961 ejus
219 2924 347 2955 denarios
360 2926 458 2964 habere
475 2924 568 2961 λίτρῇιν
578 2928 612 2966 σιέ
626 2924 672 2951 καὶ
688 2924 799 2959 οὐγγιας
813 2924 862 2959 ιγιί
877 2924 931 2954 ne-

980 312 1008 338 δὲ
1025 311 1136 347 ὕστερον
1148 312 1317 340 δυοκαίδεκα..
1334 313 1475 341 Talentum
1491 322 1554 343 ecce
1567 324 1632 344 xxiv
1646 325 1772 345 nummo-

981 365 1040 384 rum
1058 358 1178 391 exstitit;
1193 359 1239 393 qui
1258 359 1357 393 singuli
1378 360 1452 386 velut
1476 361 1555 388 mina:
1573 362 1664 389 talenti
1683 363 1769 390 mino-

981 404 1020 431 ris
1035 409 1136 431 essent.
1154 404 1254 431 Scribit
1275 406 1346 432 enim
1363 405 1462 433 Suidas
1479 407 1549 442 apud
1565 408 1674 435 eosdem
1692 409 1770 436 51011-

981 449 1038 480 los,
1065 450 1094 475 τὸ
1115 450 1163 485 μὲν
1189 451 1300 486 ἁρχαῖθν
1321 450 1407 478 fuisse
1428 452 1501 486 μνῶν
1522 452 1570 485 κδ’,
1596 454 1654 479 νυνὶ
1674 454 1701 480 δὲ
1725 453 1768 490 ιβ’.

981 495 1140 530 Quanquam
1161 505 1209 531 pro
1230 496 1312 531 μνῶν,
1339 497 1460 532 Scaliger
1487 497 1616 534 νούμμων
1637 500 1768 528 rescribit.

981 542 1015 567 At
1046 541 1156 568 totidem
1185 542 1258 568 oboli
1285 542 1311 569 in
1339 543 1542 571 telradraeltmo
1569 544 1688 572 fuerunt.
1711 546 1771 573 l‘ari

981 594 1045 621 ergo
1069 587 1131 621 jure
1157 587 1310 619 ταλάντων,
1334 588 1451 624 alicujus
1475 590 1577 625 populi,
1602 598 1633 618 ac
1658 591 1772 620 fortasse

981 632 1142 667 Cypriorum
1163 634 1371 667 consuetudine,
1387 635 1458 663 follis
1474 635 1694 664 tctradrachmus
1707 646 1776 666 nui:-

982 678 1074 712 cnpari
1104 678 1202 712 potuit.
1232 678 1374 706 Postremo
1397 681 1616 716 quandoquidem
1639 690 1671 709 ex
1696 683 1771 710 Glos

981 725 1055 750 sario
1071 723 1184 751 Nomico
1200 724 1266 752 illud
1281 726 1424 758 habemus,
1442 726 1532 753 follem
1549 735 1610 754 esse
1625 727 1707 763 ὁλκὴν
1726 729 1770 763 ἀρα

971 769 1082 804 ’γυρίων
1095 777 1175 802 cxxv,
1192 779 1253 804 quae
1272 771 1396 806 κεράτια,
1423 772 1481 800 sive
1508 773 1622 808 siliquas
1645 775 1704 801 auri
1728 783 1773 802 va-

982 809 1038 844 lent
1051 824 1165 849 ccxvut,
1178 818 1352 853 cogitandum
1369 819 1466 853 ecquid
1483 820 1626 854 Epiphanii
1646 821 1726 847 verba
1741 821 1774 847 ad

982 871 1043 891 eam
1071 863 1231 891 Glossarum
1263 864 1456 891 auctoritatem
1487 866 1618 900 exigenda
1646 867 1716 899 sint,
1746 872 1772 893 ut

983 910 1100 944 primum
1120 917 1169 944 pro
1188 910 1234 936 δύο
1249 910 1387 945 ἀργυρίων
1404 911 1525 945 legamus
1552 915 1615 947 pxs'.
1638 911 1706 939 Tum
1727 921 1773 947 pro

982 958 1023 990 ση¹
1040 955 1165 990 δηνάρια,
1179 955 1231 990 σιη¹
1249 956 1374 990 κεράτια,
1392 956 1444 983 11151
1466 956 1534 984 forte
1557 958 1673 994 κεράτια.
1692 959 1773 986 etiam

981 1001 1095 1036 δηνάρια
1123 1002 1306 1029 nominentur.
1337 1001 1406 1028 Tum
1438 1002 1510 1029 enim
1541 1002 1611 1031 follis
1643 1004 1774 1031 talentum

980 1054 1095 1082 parvum
1108 1046 1224 1078 dicetur,
1244 1047 1317 1082 quod
1332 1056 1401 1075 cxxv
1416 1052 1559 1083 argenteos
1577 1049 1696 1077 minutos
1709 1058 1775 1077 con-

982 1092 1060 1123 tinet,
1078 1096 1143 1126 qnot
1159 1092 1234 1119 librae
1260 1092 1355 1126 majori
1383 1100 1414 1119 ac
1437 1093 1577 1127 ponderali
1605 1094 1706 1121 talento
1724 1095 1773 1121 tri-

982 1138 1111 1166 buuntur.
1127 1137 1179 1165 Sed
1193 1139 1219 1165 in
1237 1139 1270 1165 iis
1282 1139 1408 1166 omnibus
1424 1139 1508 1165 nihilo
1523 1140 1582 1174 plus
1599 1140 1677 1167 nobis
1692 1148 1774 1175 quam

982 1189 1083 1209 meram
1102 1182 1287 1217 conjecturam
1311 1190 1341 1209 ac
1362 1182 1558 1209 divinationem
1580 1183 1773 1216 permittimus,

983 1235 1016 1255 ne
1033 1228 1094 1262 quis
1115 1228 1172 1254 lucc
1197 1235 1211 1254 a
1235 1228 1314 1254 nobis
1337 1228 1406 1254 bona
1424 1227 1475 1255 fide
1493 1236 1524 1255 ac
1548 1228 1619 1255 serio
1635 1235 1684 1263 pro
1703 1228 1775 1256 veris

982 1278 1009 1300 et
1024 1274 1170 1308 compertis
1187 1273 1267 1301 allata
1286 1274 1453 1308 suspicetur.

1018 1318 1056 1346 Ex
1074 1318 1106 1345 iis
1121 1326 1184 1345 vero
1203 1318 1318 1345 maxime
1340 1318 1403 1345 illud
1422 1318 1581 1352 amplector,
1598 1318 1641 1345 hic
1658 1319 1748 1345 haereo
1765 1328 1772 1346 :

982 1363 1082 1390 Follem
1099 1363 1241 1398 Epiphanii
1258 1367 1415 1398 argenteum
1428 1371 1488 1391 esse
1502 1371 1642 1390 nummum
1659 1364 1774 1391 duorum

982 1413 1171 1444 argenteorum
1188 1408 1308 1441 λεπτῶν,
1323 1409 1368 1444 qui
1395 1413 1421 1436 et
1438 1409 1617 1437 milliarenscs
1633 1417 1694 1437 esse
1711 1417 1775 1444 pos-

983 1459 1055 1487 sunt,
1069 1455 1249 1482 mstimatione
1269 1462 1301 1481 ac
1324 1455 1451 1489 pondere.
1470 1462 1585 1489 quorum
1607 1456 1706 1490 singuli
1727 1455 1774 1483 de-

982 1507 1041 1527 cem
1056 1500 1183 1527 denarios
1197 1499 1297 1526 habent
1313 1508 1319 1526 ;
1334 1500 1372 1526 ita
1387 1503 1416 1526 ut
1432 1499 1503 1527 follis
1525 1504 1547 1526 κ’
1566 1500 1680 1536 δηνάρια
1696 1500 1774 1527 00111-

983 1550 1037 1578 gat,
1058 1553 1117 1580 quae
1139 1549 1180 1572 est
1200 1545 1378 1579 manuscripti
1400 1545 1502 1572 codicis
1525 1553 1580 1581 reg.
1614 1545 1703 1573 lectio.
1720 1546 1774 1572 Aut

984 1590 1007 1617 si
1028 1591 1152 1625 vulgatus
1176 1598 1307 1618 numerus
1330 1591 1489 1619 retinendtts
1506 1592 1641 1624 videatur,
1660 1592 1774 1627 quilibet

983 1637 1158 1665 milliarensis
1176 1644 1220 1664 CIV
1233 1637 1359 1664 denarios
1382 1638 1500 1673 colliget,
1520 1638 1591 1666 follis
1610 1645 1702 1665 ccviu.
1720 1638 1774 1665 Sed

982 1691 1040 1718 reg.
1070 1683 1172 1711 codicis
1199 1683 1350 1711 auctoritas
1373 1684 1553 1718 praaferenda.
1581 1684 1619 1711 Ita
1643 1685 1702 1712 sine
1719 1684 1774 1711 ullo

983 1727 1046 1755 fuco
1065 1732 1091 1755 et
1105 1728 1276 1763 ambagibus,
1294 1737 1360 1756 suus
1373 1733 1414 1756 est
1429 1729 1636 1760 obscurissime,
1654 1734 1682 1756 ut
1696 1729 1774 1763 vulgo
1808 1751 1816 1759 .

983 1774 1108 1806 habetur,
1124 1773 1268 1809 Epiphanii
1285 1774 1345 1801 loco
1360 1775 1502 1802 restitutus
1518 1776 1599 1802 nitor.
1617 1775 1672 1802 lloc
1693 1776 1774 1810 igitur

983 1820 1101 1848 contenti
1118 1820 1214 1850 simus,
1231 1820 1295 1847 dum
1315 1820 1388 1847 aliud
1410 1828 1459 1847 nos
1481 1821 1606 1852 doceant,
1622 1821 1668 1856 qui
1683 1822 1774 1848 omnia

984 1872 1014 1892 se
1028 1865 1098 1892 scire
1117 1865 1210 1892 dicunt
1222 1869 1249 1892 ct
1265 1866 1331 1892 mira
1347 1865 1509 1900 pollicentur
1524 1865 1575 1902 (a).

1045 1931 1084 1959 De
1097 1932 1161 1967 [olle
1173 1940 1251 1964 ωηο,
1271 1933 1379 1959 minutis
1393 1940 1424 1958 ac
1436 1932 1544 1967 reliquis
1557 1933 1712 1961 nummulis.

1018 1997 1121 2033 Duplex
1138 1997 1209 2032 apud
1225 1997 1406 2033 Epiphanium
1430 1998 1502 2026 follis
1522 2007 1606 2034 genus
1623 2003 1674 2032 est,
1693 2003 1722 2026 ut
1739 2008 1773 2028 ev

983 2044 1042 2079 ejus
1057 2045 1148 2072 verbis
1165 2048 1294 2080 apparet;
1309 2053 1371 2072 nam
1391 2048 1437 2072 aut
1452 2045 1522 2072 κατὰ
1541 2045 1586 2071 τὸν
1602 2045 1773 2081 dim-optch

983 2094 1149 2124 usurpatur;
1164 2094 1209 2117 aut
1224 2090 1293 2117 κατὰ
1305 2090 1349 2117 τὸν
1363 2090 1540 2127 δηναρισμόν,
1553 2090 1604 2118 hoc
1613 2095 1664 2123 cst,
1679 2095 1708 2118 ut
1723 2100 1773 2127 ego

983 2156 1110 2192 cteienim
1126 2157 1153 2184 in
1172 2156 1371 2184 Sirmondianis
1383 2157 1497 2191 οὺγγίας
1510 2161 1543 2192 γ’.

1019 2191 1104 2219 Venio
1116 2199 1187 2218 nunc
1209 2193 1242 2218 ad
1264 2190 1455 2219 milliarensem
1469 2203 1475 2219 :
1488 2190 1521 2219 de
1536 2200 1589 2227 quo
1598 2190 1690 2219 Iuncin
1702 2191 1774 2220 Lab-

983 2226 1086 2254 bIBanis
1113 2227 1200 2261 reperi
1219 2236 1226 2254 :
1244 2227 1415 2262 Μιλιαρίσιον
1443 2227 1474 2254 τὸ
1500 2227 1632 2262 χιλιοστὸν
1653 2228 1703 2261 τῆς
1726 2228 1773 2254 τοῦ

1002 2236 1086 2254 manus
1113 2236 1200 2261 reperi
1219 2236 1226 2254 :
1244 2236 1328 2254 ΜιΛια
1350 2236 1415 2254 ισιον
1443 2236 1474 2254 το
1500 2236 1632 2262 χιλιοστον
1653 2236 1703 2261 της
1726 2236 1773 2254 του

1002 2261 1079 2297 ρόνου
1099 2261 1201 2296 λίτρας
1220 2262 1295 2297 μιλλε
1311 2236 1366 2297 γςρ
1386 2263 1410 2288 ol
1429 2262 1557 2322 Ῥιυὲιαῖοι
1577 2261 1612 2288 τὰ
1629 2262 1701 2296 χίλια
1724 2271 1774 2289 κα-

1002 2296 1068 2322 οὖσι.
1083 2297 1129 2322 καὶ
1140 2297 1210 2322 οὕτω
1224 2297 1453 2322 κατεκεοαάτωσε
1467 2306 1481 2322 τ
1511 2297 1593 2322 ποσὸν
1602 2297 1651 2322 τῆς
1664 2297 1771 2322 λίτρας·

1511 2297 1593 2323 ποσὸν
1602 2297 1651 2331 τῆς
1664 2297 1771 2332 λίτρας·

984 2332 1027 2358 ἵνα
1038 2332 1072 2358 δι’
1084 2331 1164 2358 αὑτοῦ
1176 2332 1295 2366 σώζηται
1308 2331 1341 2358 τὰ
1352 2332 1425 2367 χίλια
1439 2332 1607 2367 μιλιαρήσια,
1619 2332 1689 2359 ὥστε
1704 2331 1773 2359 κατὰ

984 2367 1104 2401 νόμισμα
1123 2367 1268 2402 λαγχάνειν
1286 2367 1446 2402 μιλιαρὴσια
1464 2367 1504 2394 ιδ’.
1526 2367 1687 2401 Magnopere
1708 2376 1775 2395 sane

983 2401 1093 2435 gavisus
1106 2409 1177 2434 sum,
1194 2402 1265 2436 quod
1280 2402 1338 2428 sine
1357 2402 1412 2428 ttllo
1426 2407 1546 2435 auctore,
1563 2406 1643 2436 atque
1663 2411 1694 2429 ex
1715 2403 1774 2430 sola

984 2436 1140 2471 conjectura
1155 2437 1187 2463 de
1198 2437 1303 2471 origine
1317 2437 1440 2471 vocabuli
1465 2437 1543 2464 istius
1564 2437 1772 2470 allirmaveram,

985 2471 1010 2498 id
1036 2479 1077 2498 nte
1097 2475 1189 2505 postea
1213 2470 1314 2498 in'illis
1339 2470 1446 2499 Glossis
1471 2471 1618 2501 invenisse.
1645 2472 1774 2500 nimirum

984 2505 1045 2534 ideo
1058 2506 1230 2533 milliarenses
1244 2506 1392 2541 appellatos
1407 2514 1477 2538 esse,
1491 2507 1562 2541 quod
1576 2507 1677 2534 milleni
1691 2508 1718 2535 in
1729 2515 1775 2535 att-

984 2548 1058 2568 ream
1076 2541 1172 2568 libram
1188 2542 1397 2576 intputarcnlur.
1416 2541 1612 2576 liorrigendum
1630 2543 1701 2568 enim
1719 2547 1772 2575 est,

983 2580 1011 2604 et
1027 2584 1074 2610 pro
1089 2575 1289 2612 χρόνουνλίὶιρας
1302 2575 1404 2612 αλιος.
1427 2577 1549 2612 χρυσίου.
1563 2576 1673 2603 Addunt
1696 2578 1773 2605 insuo

986 2619 1042 2646 per.
1057 2611 1261 2646 quatuordecim
1285 2611 1495 2638 ntilliareusibus
1521 2619 1633 2638 aureum
1655 2613 1772 2639 solidum

984 2645 1124 2673 aestimari.
1140 2647 1198 2678 Qua
1214 2645 1328 2677 ratione,
1341 2650 1369 2672 ut
1384 2646 1411 2672 in
1429 2646 1525 2673 libram
1539 2647 1598 2672 auri
1615 2647 1705 2679 solidi,
1719 2648 1774 2674 duo

984 2685 1011 2708 ct
1027 2681 1196 2716 septuaginta
1220 2681 1341 2715 percussi
1362 2681 1426 2711 sint,
1446 2688 1477 2707 ac
1493 2681 1590 2716 singuli
1609 2682 1773 2715 quatuorde—

985 2717 1037 2743 cim
1060 2717 1154 2750 plenos
1169 2716 1347 2743 milliarenscs
1363 2716 1515 2747 habuerint,
1538 2716 1617 2750 paulo
1635 2717 1693 2750 plus
1713 2717 1774 2742 mil-

985 2751 1054 2778 lenis
1066 2753 1092 2778 in
1106 2751 1201 2778 libram
1212 2751 1352 2778 incurrent
1364 2761 1370 2777 :
1384 2756 1464 2778 erunt
1474 2751 1545 2778 enim
1559 2750 1644 2779 l008:
1660 2758 1722 2778 nam
1739 2751 1773 2777 72

985 2794 1033 2819 per
1049 2786 1253 2820 quattuordecim
1271 2786 1448 2820 multiplicata
1462 2785 1527 2812 dant
1545 2786 1624 2812 1008.
1642 2784 1689 2812 Sin
1711 2786 1771 2812 mil-

985 2820 1060 2856 lenos
1074 2821 1185 2856 praecise
1200 2820 1294 2848 solidis
1314 2821 1346 2847 7‘2.
1363 2821 1490 2855 imputes,
1512 2820 1622 2856 div:sjs_
1634 2820 1707 2856 mille
1724 2828 1771 2854 per

986 2855 1029 2890 Ἡ,
1053 2853 1151 2890 singuli
1175 2856 1353 2882 milliarenses
1379 2853 1539 2890 obtinebunt
1557 2855 1589 2890 15
1610 2853 1635 2889 g,
1656 2854 1705 2880 hoc
1724 2853 1772 2881 est

986 2889 1042 2926 fere
1056 2890 1088 2917 M
1100 2888 1109 2923 ξ
1123 2889 1170 2917 sed
1183 2890 1216 2926 de
1230 2890 1442 2926 rmilliarcnsiitm
1464 2888 1642 2926 gestimatiouc
1659 2896 1690 2918 ac
1703 2896 1770 2926 pon—

986 2925 1050 2954 dere
1063 2926 1174 2962 copiose
1185 2925 1214 2953 in
1228 2925 1273 2953 illo
1285 2925 1344 2952 loco
1356 2924 1550 2952 disseruimus,
