1937 3039
172 165 225 193 595

730 160 901 188 APPENDlX
920 157 1237 188 DISSERTATIONUM.

1750 154 1801 184 596

170 223 344 256 interpretor,
365 219 406 248 vel
423 227 473 254 pro
496 222 623 254 argenteo
643 224 755 245 nummo
775 217 903 250 sumitur,
918 216 960 244 vel
976 220 998 249 Α
1013 223 1095 252 porro
1109 215 1215 243 decima
1231 212 1382 249 quondam,
1398 215 1492 247 postea
1513 209 1620 239 decima
1643 214 1721 239 sexta
1738 219 1801 245 pars

169 273 220 302 pro
235 273 316 293 aueo.
332 264 380 292 Est
396 265 467 292 enim
486 263 612 299 δηνάριον
633 263 833 290 recentioribus
856 262 959 290 Graecis

170 311 281 338 levioris
298 310 401 337 nummi
421 310 536 345 species,
551 309 584 336 de
598 316 651 344 qua
673 313 734 344 post
757 309 837 344 paulo
858 308 958 335 dicam.

170 356 234 384 Ideo
246 355 409 390 δηναρισμός
425 355 510 382 sectio
521 359 562 382 est
580 354 683 381 nummi
698 353 815 388 alicujus
832 354 859 380 in
875 360 960 380 aereas

171 402 287 437 species,
308 401 478 437 ἀργυρισμός
500 401 526 427 in
548 404 700 435 argenteas.
722 399 775 426 Sed
796 398 961 433 δηναρισμός

172 449 306 484 duplicem
319 448 391 483 capit
403 454 523 474 sensum.
536 445 602 473 Nam
623 450 669 472 aut
687 452 775 472 atreus
790 451 919 471 nummus
934 444 961 470 in

172 495 215 522 sui
227 493 333 529 generis
350 501 487 525 nummos,
508 493 560 520 hoc
576 495 618 520 est
643 499 729 519 atreos
753 490 894 521 dividitur,
915 494 962 516 aut

173 544 317 573 argenteus
331 542 411 573 atque
427 546 526 566 aureus
541 538 569 565 in
583 545 678 565 aereos.
694 537 815 564 Possunt
830 536 904 564 enim
921 535 963 562 bi-

174 585 270 612 fariam
290 585 328 612 illi
346 584 482 612 distribui.
500 584 557 611 lmo
576 591 677 611 aureus
704 582 858 610 trifariam:
872 581 963 608 nimi-

173 639 234 658 rum
250 631 278 658 in
293 639 390 658 aureas
402 631 522 658 minores
538 630 654 666 species,
668 633 811 665 argenteas
825 633 851 656 et
866 635 961 656 aereas.

177 675 210 703 Ut
224 676 246 704 si
261 675 322 711 quis
339 675 455 703 solidum
482 675 510 702 in
530 675 681 707 tremisses,
698 674 741 701 vel
763 674 890 701 denarios
915 681 963 700 au-

174 729 247 753 reos.
263 725 310 748 aut
326 721 394 748 alios
406 721 540 756 ejusmodi
555 721 669 748 leviores
686 720 782 755 partiri
802 719 876 746 velit.
891 718 962 746 Tum

174 767 202 794 in
214 767 393 794 milliarenses
405 771 452 793 aut
461 766 605 793 drachmas
614 770 757 800 argenteas
768 773 814 798 ;ac
827 768 964 800 postremo

174 813 204 840 in
217 820 282 845 mra,
301 812 342 840 vel
356 812 476 840 chalcos.
493 812 527 838 At
548 812 599 838 hoc
615 811 675 838 loco
689 818 751 838 cum
768 811 802 838 ab
812 810 965 845 Epiphanio

174 858 247 886 follis
271 858 341 885 κατὰ
364 857 529 894 δηναρισμόν
552 857 592 884 vel
614 857 783 892 ἁργυρισμόν
806 856 936 884 tribuitur
955 865 961 883 :

174 912 230 933 non
245 904 315 932 idem
329 908 372 932 est
386 904 459 932 follis
478 911 573 938 genus,
586 903 633 931 sed
650 904 734 938 prior,
747 903 792 938 qui
806 903 866 929 κατ’
881 903 967 938 ἀργυ-

176 949 275 985 ρισμόν
289 953 407 982 secatur,
421 953 568 985 argenteus
585 952 627 976 est
644 947 714 976 follis
735 948 804 976 duos
823 952 966 983 argenteos

176 995 336 1027 continens;
362 996 497 1030 posterior
523 1003 610 1022 aereus
632 998 675 1023 est
703 1002 842 1025 nummus,
869 994 916 1029 qui
939 995 968 1020 in

176 1040 246 1069 duos
270 1040 386 1072 λεπτούς
411 1041 558 1073 dividitur;
586 1047 649 1068 nam
674 1040 697 1067 si
725 1040 798 1067 follis
822 1043 968 1075 argenteus

176 1087 423 1122 κατὰδηναρισμόν
440 1087 616 1117 divideretur.
636 1086 728 1121 plures
742 1093 824 1121 quam
840 1086 909 1113 duos
922 1085 968 1111 λε-

177 1132 262 1163 πτούς
277 1133 439 1160 contineret.
458 1132 495 1159 De
511 1133 563 1160 hoc
577 1132 660 1167 igitur
674 1132 819 1167 posteriori
835 1131 908 1164 folle,
921 1132 968 1166 qui

178 1183 206 1206 et
219 1186 306 1206 atreus
324 1183 375 1210 est,
394 1178 445 1205 hoc
466 1178 493 1205 in
516 1178 606 1213 capite
619 1177 824 1211 disputandum.
841 1177 892 1209 Qui
908 1176 969 1211 qui-

179 1224 240 1252 dem
252 1224 327 1251 varie
341 1224 375 1251 ab
388 1224 547 1251 auctoribus
562 1223 750 1250 circumscribi
771 1222 849 1249 solet.
869 1221 968 1250 Suidas

179 1274 207 1298 et
218 1269 411 1304 Moschopulus
424 1269 530 1304 φόλλεις
542 1268 650 1299 ὀϐολούς
661 1268 883 1301 interpretantur.
896 1266 969 1294 idem

182 1315 300 1342 Suidas:
322 1315 469 1350 Ἀσσὰρια,
486 1314 583 1341 ὀϐολοί.
612 1313 690 1346 Quod
712 1321 745 1340 ex
770 1312 916 1340 Plutarcho
941 1312 970 1338 in

181 1360 322 1387 Publicola
346 1364 485 1394 sumptum
511 1360 627 1386 videtur.
657 1358 745 1385 Erunt
774 1366 839 1393 ergo
865 1357 970 1392 φόλλεις

181 1406 310 1441 ἀσσάρια.
324 1405 481 1433 Eustathius
500 1405 527 1431 in
543 1405 589 1431 lib.
608 1412 616 1430 ι
637 1403 731 1435 Iliad.,
752 1411 813 1438 pag.
830 1403 892 1436 156,
908 1411 970 1430 cum

182 1452 278 1479 obolos
294 1450 408 1478 dixisset
428 1450 455 1477 in
479 1449 637 1477 drachmam
662 1449 791 1482 imputari
810 1456 867 1480 sex,
887 1448 972 1482 subji—

183 1498 220 1524 cit
233 1506 240 1524 :
255 1497 286 1523 Οἱ
301 1496 329 1522 δὲ
339 1495 465 1527 τοιοῦτοι,
478 1495 515 1526 ὠς
528 1494 611 1526 εἰκὸς,
624 1494 711 1521 ὀϐολοὶ
725 1494 813 1530 χρόνῳ
828 1493 875 1521 τοῦ
888 1493 971 1528 ὒψους

1016 261 1132 293 denarii,
1153 260 1211 288 sive
1237 259 1376 286 drachma:
1392 257 1473 285 fuerit
1489 267 1495 284 :
1512 257 1550 285 ita
1576 256 1663 284 chalci
1687 260 1751 284 octo
1773 256 1800 283 in

1012 308 1093 335 obolo
1111 310 1186 338 sunt,
1211 306 1238 332 in
1256 305 1352 331 chalco
1367 302 1464 335 λεπτά.
1481 303 1538 330 sive
1560 302 1664 329 minuta
1685 305 1799 337 septem.

1013 354 1044 380 Et
1061 358 1151 380 tamen
1167 351 1237 386 apud
1258 350 1392 378 lsidorum
1408 350 1480 376 ultra
1496 349 1607 376 chalcos
1629 355 1684 375 non
1704 355 1802 382 proce-

1012 399 1096 426 ditur.
1126 397 1271 431 Quadrans
1298 395 1403 424 denarii
1433 399 1530 430 quarta
1557 401 1630 429 pars,
1659 393 1801 420 unciarum

1013 445 1096 471 trium
1109 444 1174 471 olim
1191 442 1306 471 exstitit.
1321 440 1457 476 Hesychio
1468 443 1566 475 quarta
1579 446 1643 473 pars
1659 441 1700 465 est
1716 436 1801 470 follis,

1013 496 1060 520 aut
1075 491 1158 518 etiam
1192 488 1300 516 λεπτόν.
1316 486 1487 522 Epiphanius
1506 485 1605 513 siclum
1621 483 1802 519 quadrantem

1013 538 1156 570 nominat;
1177 535 1298 564 Isidorus
1319 533 1409 561 unciae
1425 536 1551 567 quartam
1569 534 1674 565 partem
1697 537 1803 564 appen-

1013 584 1079 612 dere
1099 582 1206 612 scribit.
1222 581 1274 608 hoc
1287 583 1328 607 est
1340 578 1485 605 drachmas
1498 576 1578 603 duas.
1598 574 1761 610 Hesychius,
1776 576 1804 600 et

1013 637 1045 657 ex
1079 635 1112 655 eo
1140 626 1257 657 Suidas,
1285 623 1435 659 κοδράντην
1466 621 1504 648 ait
1538 628 1601 648 esse
1630 619 1660 646 τὸ
1689 620 1755 650 πᾶν,
1785 618 1803 654 ἢ

1013 674 1099 702 λεπτὰ
1128 673 1184 700 δύο.
1210 671 1283 698 Idem
1313 669 1465 705 llesychius
1497 667 1627 702 ἀσσάριον
1656 670 1683 693 et
1705 664 1804 691 λεπτόν

1013 728 1098 749 unum
1115 719 1242 753 idemque
1266 724 1328 744 esse
1349 715 1441 746 docet,
1458 718 1485 741 et
1503 713 1598 740 talenti
1622 719 1669 739 sex
1689 710 1804 738 millesi-

1015 774 1086 794 mam
1102 768 1217 800 partem.
1230 762 1313 790 Vides
1330 768 1410 796 quam
1428 761 1524 787 horum
1541 759 1663 786 omnium
1675 765 1805 784 nummu«

1015 813 1103 839 lorum
1120 809 1192 837 ratio
1212 809 1247 835 sit
1264 809 1379 838 incerta,
1398 810 1480 840 utque
1499 804 1567 831 nihil
1581 811 1612 831 ex
1632 803 1699 830 iisce
1714 802 1802 834 tricis,

1017 864 1048 885 ac
1069 855 1204 887 minutiis,
1231 853 1285 881 nisi
1315 857 1417 879 temere
1449 849 1620 885 pronuntiari
1647 849 1744 884 possit.
1769 846 1806 874 Ut

1017 910 1072 930 non
1088 901 1197 929 interim
1219 898 1285 927 illud
1310 898 1446 928 omittam,
1463 895 1536 931 quod
1559 894 1592 922 ad
1614 902 1672 921 rem
1693 901 1806 928 magno-

1017 955 1082 985 pere
1092 947 1167 979 facit,
1183 945 1294 974 easdcm
1313 943 1436 970 diversos
1453 941 1523 977 apud
1543 940 1658 976 populos
1679 946 1807 966 nummo-

1017 984 1090 1026 rum,
1109 997 1310 1021 mensurarum,
1324 996 1356 1015 ac
1369 987 1520 1023 ponderum
1537 984 1734 1021 appellationes
1750 990 1806 1011 non

1017 1038 1127 1066 easdem
1143 1036 1281 1067 notiones,
1297 1040 1330 1060 ae
1351 1034 1501 1068 potestates
1517 1030 1654 1062 habuisse,
1674 1028 1722 1056 sed
1740 1027 1809 1054 alibi

1018 1082 1114 1118 majori
1138 1079 1329 1111 aestimatione,
1365 1077 1428 1104 alibi
1444 1077 1550 1104 minore
1566 1075 1650 1102 fuisse
1667 1073 1805 1108 praeditas.

1017 1129 1104 1164 Cujus
1124 1127 1164 1155 rei
1181 1126 1287 1154 infinita
1310 1128 1375 1152 sunt
1392 1123 1528 1158 exempla,
1542 1122 1569 1148 in
1585 1120 1685 1156 quibus
1707 1119 1808 1146 immo-

1018 1175 1073 1204 rari
1096 1175 1216 1203 otiosum
1240 1175 1292 1204 est,
1320 1178 1351 1197 ac
1367 1169 1507 1205 putidum;
1525 1175 1588 1195 nam
1614 1165 1687 1201 quod
1709 1164 1744 1191 ad
1761 1163 1806 1190 λε-

1019 1220 1115 1253 πτοὺς,
1131 1225 1247 1254 quorum
1261 1217 1306 1244 hic
1322 1215 1424 1243 mentio
1442 1218 1494 1246 est,
1512 1212 1656 1248 speciatim
1674 1210 1805 1246 pertinet,

1019 1265 1081 1301 quis
1101 1266 1134 1292 de
1149 1272 1182 1292 eo
1202 1270 1300 1299 genere
1313 1261 1380 1289 certi
1397 1258 1500 1295 aliquid
1515 1256 1672 1286 asseverct?
1688 1255 1806 1290 Epipha-

1020 1300 1083 1339 nius
1101 1311 1179 1338 folles
1193 1308 1264 1336 κατὰ
1277 1306 1454 1343 ὃηναρισμόν,
1467 1305 1537 1332 duos
1551 1311 1612 1331 esse
1626 1301 1742 1333 λεπτούς
1757 1300 1806 1328 ait.

1021 1358 1050 1385 Si
1070 1357 1151 1384 iidem
1172 1354 1267 1382 λεπτοί
1293 1354 1349 1381 sint
1371 1359 1403 1379 ac
1428 1350 1524 1383 λεπτά,
1549 1352 1651 1383 septem
1673 1351 1754 1374 erunt
1780 1346 1808 1373 in

1021 1404 1126 1435 chalco,
1150 1402 1179 1430 in
1201 1401 1292 1432 obolo,
1309 1398 1356 1434 qui
1381 1397 1491 1425 chalcos
1514 1395 1596 1422 habet
1618 1398 1692 1425 octo,
1714 1391 1808 1419 λεπτοί

1021 1457 1077 1482 ινι,
1094 1448 1121 1475 in
1136 1445 1266 1474 drachma
1282 1450 1425 1472 cecxxxvr.
1441 1440 1524 1468 Fiunt
1540 1440 1567 1467 in
1588 1438 1717 1466 drachma
1731 1436 1810 1464 folles

1023 1492 1166 1530 Epiphanii
1183 1498 1294 1522 curui,
1312 1489 1340 1516 in
1358 1487 1439 1516 obolo
1459 1493 1555 1513 xxvm.
1568 1484 1619 1511 Sed
1633 1483 1720 1509 λεπτά
1737 1481 1809 1516 apud

184 1542 392 1577 ὑποσπώμενοι,
413 1542 459 1567 καὶ
482 1540 552 1567 κατὰ
575 1540 671 1576 μικρὸν
700 1539 970 1572 ὑποκαταϐαίνοντες,

1024 1529 1148 1568 eumdem
1170 1537 1278 1565 diversa
1300 1537 1382 1567 sunt;
1399 1540 1461 1560 nam
1474 1530 1560 1557 λεπτὰ
1579 1529 1710 1556 ταλάντου
1727 1535 1809 1563 supra

1165 1581 1171 1584 ”
1226 1580 1242 1584 ⁸·
1296 1579 1309 1584 ’⁵⁸
1346 1578 1352 1584 ¹
1433 1576 1439 1584 ¹
1508 1573 1614 1584 ομιμμιῑμ
1631 1573 1654 1584 ἐμ
1671 1571 1753 1584 ισ-,.ι.
1779 1578 1809 1584 Α..

185 1589 248 1620 τοὺς
264 1587 375 1623 ὕστερον
388 1587 542 1618 ταπεινοὺς,
555 1586 602 1612 καὶ
626 1585 802 1621 πετηλώὸεις,
819 1585 865 1612 καὶ
884 1585 922 1617 ὡς
940 1584 973 1611 ἄν

185 1643 227 1666 τις
244 1635 312 1670 ἐρεῖ,
329 1633 471 1664 ἐπιπέδους
490 1632 622 1668 ἐποίησαν
639 1632 749 1664 ὀϐολοὺς
772 1632 835 1663 τοὺς
863 1631 975 1667 λεγομέ-

186 1689 248 1712 νους
266 1679 381 1714 φόλλεις.

222 1726 262 1753 lla
274 1725 378 1753 Glossaa
403 1733 484 1759 supra
499 1725 588 1751 citata:
600 1724 792 1752 milliarensem
808 1731 892 1751 unum
903 1742 912 1755 ,
926 1723 973 1758 qui

187 1771 302 1808 κεράτια
320 1771 373 1798 duo
398 1771 478 1803 valet,
502 1769 612 1797 follibus
636 1774 763 1797 constare
779 1777 843 1796 xxiv
863 1769 973 1801 docent,

188 1822 272 1845 unum
296 1825 361 1845 vero
377 1816 514 1851 κεράτιον,
531 1815 641 1843 follibus
657 1816 747 1843 valere
772 1823 820 1842 xu.
842 1814 893 1842 Sed
919 1823 974 1842 non

188 1863 304 1899 quilibet
330 1863 402 1890 oboli
426 1862 503 1889 folles
525 1861 640 1889 habendi
666 1865 748 1894 sunt;
772 1860 819 1888 sed
847 1860 976 1887 minutis-

188 1909 267 1942 simi;
293 1915 355 1935 nam
378 1908 474 1935 obolus
495 1907 606 1942 proprie
630 1906 653 1934 si
679 1910 815 1939 sumatur,
838 1906 976 1933 drachma

188 1961 253 1990 pars
270 1957 312 1981 est
332 1958 419 1986 sexta,
440 1953 556 1988 siliquas
571 1952 675 1979 habens
691 1956 756 1980 tres.
775 1951 895 1979 Proinde
911 1959 974 1979 cum

189 2006 273 2026 aurea
295 1999 403 2033 siliqua,
428 1997 576 2025 secundum
597 1997 795 2033 duodecuplam
821 1998 977 2032 proportio-

189 2051 262 2075 nem,
277 2043 420 2071 duodecim
435 2043 543 2077 siliquis
563 2043 698 2077 argenteis
710 2043 808 2075 valeat,
825 2036 977 2070 continebit

190 2092 333 2124 argenteos
354 2088 448 2115 obolos
460 2092 586 2122 quatuor.
605 2087 682 2115 Valet
704 2092 806 2119 autem,
828 2091 856 2114 ut
872 2087 977 2115 Glossae

190 2133 326 2166 scribunt,
342 2132 421 2160 folles
435 2140 485 2159 xu.
500 2132 572 2167 Ergo
584 2132 680 2160 obolus
698 2136 843 2167 argenteus
859 2137 916 2160 tres
928 2131 978 2160 fol-

191 2178 231 2206 les
247 2177 397 2205 continebit
411 2188 417 2206 :
434 2177 557 2213 adeoque
570 2177 642 2206 follis
660 2182 787 2213 argentea
799 2177 851 2205 erit
866 2177 975 2214 siliqua.

192 2223 246 2252 Sed
269 2224 401 2251 leviorum
426 2231 601 2251 nummorum
624 2223 821 2258 appellationes
845 2222 971 2251 confundi

1030 2217 1161 2249 immisit,
1188 2222 1270 2251 quam
1299 2213 1373 2249 quod

191 2272 307 2298 invicem
333 2275 361 2298 ct
377 2270 504 2305 usurpari
522 2270 677 2306 promiscue
700 2269 805 2302 solent,
824 2269 907 2296 veluti
931 2270 979 2298 de-

192 2316 273 2348 narii,
289 2316 372 2348 oboli,
394 2316 492 2348 chalci,
513 2315 617 2348 λεπτοί,
640 2316 697 2343 sive
712 2315 808 2347 λεπτά,
832 2315 930 2342 minuti
952 2320 979 2343 ct

192 2361 311 2393 minuta,
329 2360 507 2395 quadrantes,
530 2368 595 2394 :era,
613 2359 701 2391 folles,
725 2360 800 2392 aerei,
826 2359 978 2392 follazrales.

192 2409 220 2433 et
240 2405 267 2433 id
283 2413 369 2441 genus
396 2405 452 2438 alii,
469 2405 569 2440 quibus
594 2412 649 2431 non
672 2411 772 2439 magno
792 2411 859 2432 sane
882 2405 980 2432 discri-

194 2451 277 2482 minc,
292 2459 381 2486 neque
393 2455 467 2478 certa
483 2458 515 2478 ac
535 2450 673 2485 constanti
689 2451 808 2484 ratione,
830 2451 980 2486 scriptorcs

193 2496 354 2524 abutuntur.
373 2494 555 2527 Quamobrem
582 2494 650 2521 nihil
674 2494 831 2525 absurdius,
855 2493 980 2522 fallacius

193 2541 263 2569 nihil
290 2545 342 2572 est,
368 2547 449 2575 quam
473 2547 506 2567 ex
523 2543 622 2573 vetere,
652 2546 684 2566 ac
711 2539 850 2574 prioribus
881 2539 980 2567 usitata

195 2585 304 2613 saeculis
335 2585 539 2612 nummulorum
564 2585 597 2612 ad
628 2585 805 2617 drachmam,
837 2585 982 2613 unciamve

195 2630 381 2666 proportione,
410 2631 586 2664 eorumdem,
612 2631 767 2667 cujusmodi
799 2631 981 2666 posteriorum

195 2683 248 2704 usu
283 2675 448 2710 scriptorum
481 2675 575 2709 fuerit,
609 2676 716 2711 pondus
755 2680 782 2703 et
820 2676 981 2704 aestimatio-

195 2730 260 2751 nem
290 2722 450 2757 concipere,
480 2725 509 2749 ut
534 2722 557 2750 si
582 2724 644 2758 quis
660 2723 780 2755 obolum,
805 2723 869 2758 quia
906 2726 983 2750 sexta

196 2774 260 2802 pars
271 2766 410 2794 drachma;
425 2766 484 2801 fuit,
500 2766 594 2795 eadem
608 2767 643 2795 ad
654 2772 809 2804 argenteam
824 2767 983 2795 drachmam

196 2812 304 2840 ratione
318 2815 450 2848 perpetuo
474 2812 658 2841 definiendum
674 2813 821 2846 existimet,
839 2820 901 2840 cum
917 2811 983 2840 Plu-

197 2857 309 2929 tar‘clhilus
323 2862 349 2885 et
364 2856 464 2887 Suidas
481 2865 570 2887 assem
586 2858 696 2888 obolum
710 2865 772 2888 esse
786 2858 897 2893 dicunt;
913 2857 983 2886 assis

284 2909 341 2929 are.
353 2911 403 2929 xu.
415 2903 459 2929 Ω.

284 2909 341 2930 arc.
353 2911 403 2933 xu.
415 2903 459 2933 Ω.

1024 1581 1194 1613 memoravit,
1210 1580 1262 1607 alia
1276 1579 1329 1606 τῶν
1341 1576 1489 1611 ἀσσαρίων.
1508 1573 1617 1601 Scholia
1629 1573 1655 1599 in
1667 1571 1763 1598 Matth.
1778 1578 1810 1598 ex

1024 1628 1142 1656 Budensi
1159 1626 1254 1654 codice
1268 1623 1385 1654 λεπτοὺς
1400 1622 1427 1649 in
1447 1620 1571 1652 denario,
1589 1626 1650 1654 quae
1664 1622 1707 1645 est
1726 1620 1812 1644 state-

1023 1675 1063 1703 ris
1088 1671 1283 1701 tetradrachmi
1310 1668 1460 1697 centesima
1484 1674 1559 1701 pars,
1585 1664 1724 1692 drachma:
1746 1669 1810 1693 xxv,

1025 1720 1062 1747 ait
1081 1725 1142 1746 esse
1157 1717 1261 1745 decem.
1288 1715 1328 1742 Ad
1344 1715 1402 1741 haec
1427 1712 1510 1740 Marci
1528 1719 1577 1743 xu,
1597 1709 1642 1742 42,
1661 1709 1743 1736 vidua
1768 1707 1813 1734 illa

1025 1764 1132 1800 πτωχὴ,
1158 1763 1184 1790 id
1210 1765 1252 1789 est
1274 1759 1404 1791 mendica,
1422 1759 1450 1785 in
1472 1754 1696 1792 gazophylacium
1720 1751 1814 1787 injecit

1024 1797 1181 1839 λεπέᾶδύο,
1198 1807 1213 1834 ὅ
1228 1807 1286 1833 ἐστι
1310 1804 1468 1840 κοδράντης.
1487 1801 1562 1836 Ergo
1575 1800 1647 1827 follis
1667 1798 1739 1825 idem
1761 1797 1814 1825 erit

1026 1862 1088 1883 cum
1103 1853 1266 1889 quadrante.
1286 1850 1406 1877 Hilarius
1422 1849 1449 1875 in
1468 1847 1565 1882 psalm.
1577 1852 1691 1876 cxxvur,
1708 1843 1815 1871 minuta

1027 1902 1079 1929 ista
1108 1888 1196 1926 viduae
1225 1896 1353 1925 denarios
1379 1894 1449 1922 duos
1477 1892 1688 1926 interpretatur,
1718 1888 1813 1916 eadem

1026 1952 1103 1977 voce,
1121 1951 1174 1979 qua
1188 1947 1214 1970 et
1231 1941 1336 1969 nummi
1353 1940 1392 1967 illi
1407 1943 1564 1969 censentur,
1576 1943 1646 1971 quos
1663 1934 1814 1962 Samarita-

1027 1998 1080 2018 nus
1101 1989 1172 2025 apud
1195 1988 1297 2015 Lucam
1319 1994 1380 2021 cap.
1403 1993 1421 2012 x
1446 1984 1598 2020 stabulario
1619 1982 1646 2009 in
1667 1979 1764 2016 aegroti
1784 1986 1815 2006 ac

1028 2036 1115 2064 saucii
1141 2038 1267 2069 sumptus
1281 2032 1414 2068 erogavit,
1435 2039 1496 2067 qua:
1519 2030 1635 2066 δηνάρια
1658 2028 1705 2055 δύο
1727 2027 1816 2055 Lucas

1029 2080 1156 2116 appellat.
1183 2078 1236 2106 Sed
1257 2085 1311 2105 non
1337 2077 1408 2104 idem
1429 2076 1536 2104 nummi
1561 2081 1647 2109 genus
1671 2072 1817 2106 utrobique

1028 2125 1133 2154 denarii
1157 2131 1224 2152 voce
1247 2122 1427 2158 significatur.
1447 2120 1531 2148 Multo
1554 2119 1627 2146 enim
1653 2118 1746 2145 minus
1763 2119 1815 2148 est,

1028 2172 1102 2208 quod
1117 2170 1242 2210 mendica
1258 2168 1360 2196 femina
1385 2167 1420 2194 de
1436 2173 1486 2194 sua
1502 2167 1663 2201 paupertate
1679 2163 1711 2189 in.
1724 2169 1815 2189 arcam

1405 2212 1467 2248 pius
1496 2211 1542 2238 ille
1572 2209 1764 2236 Samaritanus
1790 2206 1815 2234 in

1029 2261 1126 2299 aegroti
1151 2259 1308 2287 alimoniam
1325 2266 1358 2285 ac
1372 2257 1544 2286 curationem
1559 2254 1687 2283 contulit.
1702 2251 1757 2280 Sed
1772 2259 1818 2279 nec

1030 2316 1084 2344 que
1104 2307 1183 2335 Beda
1202 2312 1316 2342 possum
1341 2303 1478 2336 assentiri,
1504 2302 1552 2337 qui
1572 2301 1606 2328 ad
1632 2300 1710 2327 illum
1735 2298 1818 2326 Marci

1031 2356 1121 2383 locum
1147 2353 1234 2381 vidua:
1260 2351 1368 2379 minuta
1392 2349 1446 2377 duo
1468 2348 1648 2384 quadrantem
1672 2353 1735 2374 esse
1759 2344 1819 2372 sicli

1031 2403 1119 2436 putat,
1139 2398 1191 2425 hoc
1214 2401 1256 2425 est
1275 2396 1371 2424 obolos
1394 2395 1538 2430 quinque;
1555 2392 1611 2420 imo
1633 2398 1697 2419 vero
1725 2390 1820 2418 obolos

1031 2435 1097 2478 sex;
1122 2452 1185 2472 nam
1212 2443 1298 2471 siclus
1314 2442 1411 2470 obolos
1434 2439 1538 2475 colligit
1554 2445 1630 2470 xxiv,
1648 2436 1707 2465 sive
1720 2435 1819 2463 drach-

1032 2499 1092 2519 mas
1103 2498 1140 2523 vt,
1162 2497 1279 2526 quarum
1292 2488 1405 2524 singula:
1418 2490 1482 2514 sunt
1496 2484 1633 2518 ὲξώϐολοι.

1069 2535 1123 2564 Sed
1142 2539 1184 2563 est
1200 2534 1348 2562 absurdius
1371 2532 1469 2564 multo,
1485 2530 1557 2567 quod
1575 2537 1630 2558 non
1643 2527 1748 2556 nemini
1765 2527 1820 2562 pla-

1033 2582 1126 2610 cuisse
1149 2588 1238 2616 nuper
1259 2579 1357 2610 didici;
1381 2578 1469 2606 λεπτά
1489 2577 1535 2604 illa
1559 2576 1614 2603 duo
1632 2574 1732 2606 viduae,
1753 2580 1820 2608 quos

1033 2627 1155 2655 Hilarius
1168 2626 1296 2654 denarios
1308 2628 1399 2656 vocat,
1412 2631 1474 2652 esse
1490 2622 1619 2650 denarios
1631 2621 1691 2648 illos
1704 2623 1819 2650 veteres,

1034 2672 1122 2700 unciae
1137 2675 1241 2708 partem
1267 2674 1408 2703 octavam;
1424 2675 1540 2704 quorum
1562 2667 1617 2694 duo
1641 2665 1820 2701 quadrantem

1034 2717 1183 2747 semuncia:
1207 2715 1336 2744 reddunt.
1361 2714 1408 2742 Sic
1428 2715 1500 2742 enim
1528 2711 1708 2741 ratiocinatur
1729 2711 1820 2743 :Qua-

1034 2765 1130 2798 drans,
1149 2764 1195 2800 qui
1210 2763 1280 2790 duos
1298 2762 1419 2789 minutos
1437 2760 1538 2787 habere
1561 2758 1661 2785 dicitur
1684 2757 1713 2783 in
1732 2755 1820 2782 Evan-

1035 2811 1139 2847 gelio',
1167 2809 1296 2837 definitur
1317 2806 1405 2835 unciae
1427 2813 1492 2842 pars
1507 2807 1624 2840 quarta,
1645 2802 1702 2830 duo
1724 2800 1818 2829 minuti

1035 2862 1101 2887 sunt
1115 2857 1142 2886 in
1159 2855 1320 2893 quadrante,
1336 2854 1378 2882 sic
1393 2852 1515 2881 minutus
1534 2855 1629 2880 octava
1645 2856 1710 2886 pars
1724 2847 1818 2880 uncize,
