1937 3039
118 197 172 227 597

731 187 776 214 DE
793 185 904 215 FOLLE
921 185 1131 215 MlLlARl-INSI.

1689 188 1742 217 598

119 256 151 279 ut
164 251 220 279 duo
242 247 351 280 minuti,
368 251 475 283 quarta.
498 245 567 274 Octo
583 245 666 282 igitur
692 245 790 272 minuti
807 245 833 272 in
857 246 941 275 uu-A
956 244 1016 272 dem
1049 243 1223 272 denariorum
1249 251 1281 272 ac
1308 244 1500 272 drachmarum
1527 245 1621 273 millia.
1649 244 1741 278 Quare

119 303 190 324 ctam
204 294 362 325 incurrunt,
376 296 407 319 ut
422 296 484 320 octo
500 291 654 324 drachmze;
673 295 700 318 et
716 291 756 318 sic
771 291 904 323 minutus,

119 345 147 369 et
163 340 306 372 drachma,
324 339 366 366 vel
388 337 517 365 denarius
536 339 600 364 sunt
622 335 781 370 ιωδὺναμα.
798 335 860 362 Ha:c
882 336 905 363 si

120 393 184 414 vera
198 389 310 417 essent,
330 384 353 411 si
373 383 483 415 λεπτόν,
500 381 654 417 eujusmodi
675 381 729 408 duo
745 381 824 408 vidua
841 389 906 416 pro-

118 432 196 468 iecit,
214 431 286 458 idem
302 434 375 458 esset
389 436 450 456 cum
469 432 597 464 argenteo
611 427 735 459 denario,
753 427 794 454 vel
811 427 907 454 drach-

121 486 176 511 ma,
200 485 255 505 non
282 476 438 512 pwnitenda
464 482 530 503 sane
551 474 660 509 largitio
685 474 729 501 illa
748 473 834 506 foret;
858 481 907 501 nec

119 531 180 552 eam
203 522 372 550 muliercula:
397 521 485 549 solum
512 520 683 550 mendicitas.
709 519 755 547 sed
779 523 805 546 et
826 527 906 547 suum

119 576 230 605 quoque
252 569 370 604 pretium
392 566 615 594 commendaret:
632 565 759 592 nimirum
784 565 818 597 si,
835 565 907 599 quod

119 616 246 652 proxime
263 619 326 642 ante
342 614 444 641 dictum
463 619 515 646 est,
538 617 642 640 tantum
669 611 794 640 mendica
811 611 907 639 nmlicr

119 664 272 697 crogasset,
289 664 421 697 quantum
438 659 465 686 in
482 659 575 694 πιςτοῑὶ
599 659 755 686 alimoniam
776 666 807 686 ac
826 666 906 685 cura-

119 708 223 736 tionem
236 716 251 734 a
274 707 392 741 benigno
413 706 460 732 illo
484 705 659 732 Samaritano
679 708 721 732 est
742 705 906 739 impensum.

119 753 253 787 Quocirca
268 760 323 779 non
340 752 422 779 dubia
439 755 481 779 est
497 751 648 785 ἀλογιστία,
664 758 725 785 qure
739 759 771 778 ex
787 758 819 778 eo
832 755 906 783 nata,

119 799 193 833 quod
213 798 339 830 λεπτούς,
364 797 406 825 vel
420 797 508 823 λεπτά
529 796 629 831 ubique
647 804 696 831 pro
717 796 834 823 denariis
851 797 908 825 site

119 842 256 870 drachmis
278 842 404 878 usurpari
419 841 487 869 falso
511 842 607 873 credit,
628 841 741 876 ejusque
764 842 815 870 sibi
833 850 908 870 com-

118 888 217 920 menti,
244 887 317 923 quod
347 887 520 914 doctissimos
550 888 630 915 etiam
665 887 806 923 ignorasse
830 887 905 920 dicit,

120 933 312 961 auctoritatem
327 933 457 960 vindicat.
474 933 531 961 Hoc
546 941 610 961 vero
625 938 651 962 ct
670 933 824 969 ignoratum
845 941 907 961 csse

119 979 255 1007 hactenus
272 979 368 1012 fateor,
390 984 416 1008 et
430 979 550 1016 ignorari
573 981 659 1007 multo
682 980 769 1015 magis
786 987 908 1006 comunt-

119 1026 196 1053 nium
210 1025 363 1053 litterarum
378 1026 499 1059 interest,
510 1033 590 1061 quam
602 1026 629 1052 in
644 1026 730 1053 lucem
745 1024 844 1052 cll‘erri.
861 1024 909 1051 Est

119 1073 194 1100 enim
217 1071 407 1099 falsissimum.
436 1071 503 1105 Quis
530 1071 585 1099 duo
614 1072 660 1099 illa
689 1072 776 1098 vidum
803 1071 909 1098 minuta

120 1119 202 1145 aliter
220 1118 347 1152 accipiat,
364 1125 445 1152 quam
465 1125 513 1153 pro
528 1117 635 1145 duolms
650 1118 767 1150 zcreolis,
789 1118 909 1146 minimi-

121 1172 176 1199 que
195 1164 276 1199 pretii
293 1163 453 1196 nummulis,
472 1164 523 1191 hoc
539 1167 582 1191 est
599 1163 713 1196 chalcis,
729 1164 825 1199 quales
847 1168 909 1191 octo

121 1209 149 1237 in
169 1209 251 1236 obolo
274 1209 475 1236 numerantur?
488 1209 568 1237 Certe
588 1209 780 1237 tenuissimum
803 1210 908 1236 nummi

121 1262 210 1290 genus
222 1254 307 1283 fuisse
326 1255 397 1282 ratio
413 1255 472 1290 ipsa
490 1256 645 1291 persuadet.
663 1255 781 1291 Cyrillus
805 1256 909 1283 minuta

121 1300 168 1327 illa
188 1300 286 1329 obolos
303 1301 431 1335 appellat.
454 1300 562 1336 Ergone
579 1301 683 1329 denarii
699 1303 820 1337 argentei
846 1306 911 1329 sunt

121 1345 207 1377 oboli,
230 1346 302 1381 quod
326 1346 449 1374 eamdem
471 1347 526 1374 τῶν
545 1347 650 1374 λεπτῶν
673 1355 767 1375 vocem
790 1348 910 1376 Hilarius

121 1391 252 1420 denarios
267 1392 483 1428 interpretatur?
495 1393 580 1429 Nugae
591 1401 672 1421 merae
686 1398 760 1421 sunt.
779 1393 911 1422 Denarios

121 1439 196 1467 enim
211 1438 332 1468 Hilarius
349 1447 398 1474 pro
413 1439 520 1468 :ereolis
535 1441 687 1475 usurpavit,
707 1444 737 1467 ut
751 1443 777 1468 ct
792 1439 911 1476 Epipha-

123 1485 198 1517 nius,
225 1485 288 1512 dum
311 1485 382 1512 κατὰ
406 1485 572 1521 δηναρισμόν
592 1486 706 1521 opponit
722 1486 757 1519 ei,
779 1486 851 1522 quod
870 1490 911 1514 est

122 1530 196 1558 κατὰ
216 1530 262 1557 τὸν
280 1529 450 1566 ἀργυρισμόν
466 1540 472 1557 ;
488 1530 568 1565 idque
587 1532 668 1558 etiam
690 1530 741 1558 sibi
758 1531 912 1559 idiotismus

123 1581 223 1603 noster
239 1576 346 1603 ascivit.
364 1575 442 1609 Quod
460 1583 523 1603 vero
543 1576 720 1611 quadrantem
739 1575 794 1603 duo
809 1577 854 1604 illa
866 1577 911 1603 λε-
926 1585 947 1614 c

123 1621 181 1649 πεά
194 1621 303 1649 Marcus
316 1622 448 1654 nominat,
465 1629 514 1649 cur
528 1621 617 1649 uncia:
631 1622 722 1657 potius
731 1629 811 1657 quam
827 1622 910 1655 oboli,

124 1665 182 1694 imo
199 1667 280 1694 etiam
300 1667 387 1694 chalci
404 1667 582 1703 quadrantem
602 1667 786 1694 arbitremur?
800 1667 869 1694 Octo
884 1667 912 1694 in

125 1711 258 1740 drachma
271 1713 359 1740 chalci
376 1719 437 1742 sunt
449 1723 456 1746 ;
469 1714 580 1741 totidem
592 1721 606 1740 a
623 1713 761 1741 nonnullis
775 1714 801 1740 in
817 1713 913 1740 chalco

127 1759 235 1787 minuta
246 1763 413 1788 staluuntur.
427 1759 493 1787 Tam
511 1760 594 1796 igitur
607 1758 696 1786 chalci
710 1759 775 1791 duo,
791 1758 874 1791 oboli,
887 1762 914 1786 et

123 1805 214 1833 ἷεπτά
232 1806 297 1836 duo,
323 1806 410 1833 chalci
431 1806 610 1841 quadrantem
626 1805 737 1836 faciunt,
757 1811 838 1839 quam
864 1812 914 1830 un-

125 1852 186 1885 eize,
203 1852 383 1887 quadrantem
397 1852 500 1880 denarii
518 1851 583 1883 duo,
599 1851 641 1879 vel
653 1851 800 1878 drachmze.
821 1849 915 1885 itaque

126 1898 238 1926 chalcos
255 1898 299 1925 aio
314 1898 384 1926 duos
400 1906 471 1930 esse,
496 1898 548 1925 hoc
565 1904 608 1925 est
630 1897 702 1924 oboli
722 1896 912 1932 quadrantem,

125 1939 244 1972 λεπτούς
270 1940 332 1968 illos
355 1940 452 1968 vidum.
489 1939 567 1973 Quod
591 1945 617 1966 et
641 1939 752 1966 Latinus
781 1938 915 1972 interpres

127 1985 249 2020 agnovit,
270 1986 316 2020 qui
335 1985 414 2013 Lucae
434 1994 490 2019 ut,
508 1986 554 2013 ubi
566 1985 659 2013 eadem
678 1984 791 2012 historia
815 1991 911 2011 narra-

127 2035 182 2063 tur,
195 2031 283 2058 λεπτά
298 2032 386 2064 vertit,
403 2040 458 2058 cera
483 2032 584 2058 minuta
603 2031 666 2062 duo,
687 2038 785 2065 nempe
805 2029 914 2064 χαλκία..

129 2073 208 2103 Unde
223 2079 251 2102 et
271 2075 440 2111 χαλκολόγοι,
457 2081 650 2103 wrusratom:
668 2082 729 2102 nam
747 2074 847 2110 χαλκός
867 2081 916 2109 pro

128 2119 204 2146 omni
220 2119 426 2146 nummulorum
439 2127 537 2155 genere
551 2119 653 2154 passim
669 2118 813 2153 accipitur.

166 2186 221 2215 Sed
233 2187 316 2221 clare,
332 2187 439 2223 inquit,
455 2187 507 2214 hoc
527 2186 696 2222 Epiphanius
713 2185 777 2213 dum
794 2185 831 2213 ita
845 2185 916 2213 scri-

128 2232 187 2260 bit:
203 2232 319 2264 Siclnm,
332 2233 378 2268 qui
389 2236 416 2261 et
432 2232 570 2268 quadrans
585 2238 698 2260 vocatur
708 2252 715 2264 ,
729 2232 821 2259 uncia:
833 2238 916 2266 quar-

130 2283 187 2306 tam
201 2286 263 2307 esse
277 2283 381 2313 partem
395 2299 404 2311 ,
421 2279 534 2306 stateris
550 2279 692 2306 semissem
702 2297 709 2310 ,
725 2285 757 2306 ac
771 2278 916 2306 drachmas

129 2325 273 2353 continere
283 2325 361 2352 duas.
372 2324 454 2357 Duas,
470 2324 568 2360 inquit.
581 2324 726 2351 drachtnas
741 2324 810 2351 dixit
822 2328 919 2351 auctor

130 2371 177 2400 ille
188 2392 197 2404 ,
213 2379 275 2407 quae
295 2372 341 2399 alii
355 2372 469 2399 minuta.
487 2371 546 2399 Hoc
560 2379 625 2399 vero
643 2378 782 2406 nunquam
801 2371 919 2406 Epipha-

131 2417 195 2445 nius
209 2417 298 2450 dixit,
322 2417 470 2444 drachmas
487 2417 555 2444 duas
582 2416 704 2451 ejusdetn
729 2425 790 2444 esse
810 2416 918 2452 generis

132 2471 196 2491 cum
213 2463 322 2494 λεπτοῖς
341 2463 395 2490 illis
411 2463 543 2490 mendicae
568 2462 753 2490 mulierculae:
779 2463 851 2498 quod
877 2466 920 2490 est

131 2509 249 2542 ἄτοπον,
265 2513 292 2536 et
309 2508 471 2536 inauditum.
489 2507 598 2535 Scimus
613 2513 736 2542 quartam
754 2510 840 2535 uncia
855 2516 919 2543 par-

132 2560 188 2584 tem
201 2555 347 2584 drachmas
359 2562 421 2582 csse
434 2554 520 2583 duas:
535 2562 604 2589 quas
618 2561 667 2582 cur
675 2553 844 2589 Epiphanius
857 2562 919 2582 cum

132 2602 202 2630 siclo
224 2601 384 2632 confundat,
398 2607 508 2628 causam
529 2607 580 2628 suo
594 2600 655 2627 loco
670 2599 849 2627 reddidimus.
867 2599 919 2627 Sed

133 2649 184 2677 Ital
208 2648 278 2676 duas
297 2647 443 2676 drachmas
460 2647 565 2674 minuta
592 2654 653 2674 esse
671 2646 726 2674 duo
741 2666 749 2679 ,
765 2646 921 2681 cujusmodi

134 2693 215 2721 vidua
241 2693 269 2720 in
292 2691 515 2728 gazophylacium
540 2691 650 2722 intulit,
668 2698 758 2726 neque
777 2690 919 2725 probatum

134 2739 191 2768 illic
205 2744 257 2772 est,
272 2745 361 2774 neque
375 2737 610 2772 argumentatione
626 2737 680 2764 ulla
699 2739 788 2771 potest
806 2735 885 2763 uilici.

169 2808 204 2835 At
219 2814 285 2836 ecce
307 2809 404 2833 auctor
423 2809 466 2833 est
482 2804 650 2840 Hesychius,
664 2803 763 2831 λεπτόν
781 2811 843 2831 esse
859 2803 921 2837 ἑξα-

135 2852 317 2889 κισχιλιοστὸν
338 2851 480 2878 ταλάντου.
497 2849 567 2886 Ergo
582 2858 628 2878 sex
644 2849 728 2876 millia
743 2847 797 2875 τῶν
815 2847 922 2876 λεπτῶν

137 2900 164 2930 in
179 2898 284 2927 talcnto
302 2896 486 2925 continentur.
503 2894 572 2924 Sunt
590 2899 680 2923 autem
697 2894 723 2922 in
738 2894 840 2922 talcnto
858 2893 922 2922 toti-

957 289 1027 317 idem
1040 290 1226 318 estminutum
1244 297 1306 317 cum
1324 289 1464 316 drachma.
1479 290 1534 317 Hoc
1546 295 1584 318 est
1602 292 1741 326 probatio-

957 335 1002 363 nis
1028 339 1126 371 caput;
1145 339 1227 370 atque
1245 335 1334 370 ipsum
1351 339 1440 362 tamen
1469 336 1645 364 levissimum.
1672 336 1739 364 Nam

958 381 1090 408 talentum
1105 381 1175 416 apud
1189 381 1351 415 llesychium
1370 389 1422 408 non
1445 381 1579 416 ingentem
1604 383 1676 409 illam
1694 390 1741 417 pe-

956 428 1044 454 cunia:
1060 436 1215 460 summam,
1233 436 1298 463 qua}
1312 435 1358 455 sex
1377 427 1549 454 denariorum
1567 428 1649 454 millia
1670 436 1742 455 com~

957 473 1104 508 plectitur,
1134 474 1181 501 scd
1211 474 1327 500 solidum
1355 480 1467 500 aureum
1494 472 1642 508 signiﬁcat;
1659 477 1689 500 ut
1715 475 1742 501 in

956 518 1027 546 libro
1043 519 1080 546 De
1100 528 1128 546 ra
1152 518 1311 546 Nummuria
1330 517 1451 553 Scaliger
1466 518 1666 546 animadvertit.
1691 518 1744 546 Sed

957 563 1084 600 Hesyehii
1112 565 1193 592 verba
1220 564 1375 592 necessario
1402 564 1455 591 huc
1482 564 1641 591 ascribenda
1664 567 1742 591 sunt:

957 609 1115 646 Κοδράντης
1126 630 1133 641 ,
1149 611 1237 644 inquit
1250 630 1256 642 ,
1272 610 1302 636 τὸ
1316 611 1369 636 πᾶν
1383 630 1389 642 ,
1408 609 1423 645 ἢ
1442 610 1471 636 τὸ
1485 609 1613 645 τέταρτον
1632 609 1682 644 τῆς
1697 609 1758 644 eo):

957 655 1074 692 λεω;,ῆ
1098 656 1205 683 λεπτόν.
1224 657 1261 683 Τὸ
1280 656 1309 683 δὲ
1331 656 1428 682 λεπτὸν
1450 655 1679 690 ἑξακισχιλιοστον
1698 664 1745 682 τα-

957 701 1052 728 λάντου
1065 710 1072 716 ’
1088 702 1101 728 ὅ
1119 704 1176 728 ἐστι
1200 702 1319 738 νόμισμα
1340 702 1388 735 ἓν,
1414 702 1429 738 ἢ
1449 701 1541 728 κόκκοι
1561 703 1645 737 τρεῖς.
1664 701 1700 728 Τὸ
1716 701 1746 728 δὲ

957 747 1085 774 τάλαντον
1100 747 1189 783 λίτραι
1206 748 1302 775 ἑκατὸν
1321 748 1407 775 εἴκοςι
1431 748 1522 775 πέντε.
1543 748 1573 774 '0
1592 748 1619 774 δὲ
1634 747 1747 783 κοδράν-

957 801 1008 827 της
1032 793 1186 828 νομίσματα
1216 794 1289 829 τρία.
1310 793 1339 820 Ὀ
1363 794 1390 820 δὲ
1410 794 1522 829 ἔσχατος
1546 794 1695 829 κοδράντης
1717 793 1747 820 τὸ

958 838 1086 873 τέταρτον
1100 839 1148 874 τῆς
1163 838 1291 873 (penem;
1305 838 1382 865 lllox:
1403 838 1574 874 Κοόράντης,
1591 839 1621 865 τὺ
1639 839 1691 865 πᾶν
1704 860 1711 872 ,
1729 839 1745 874 ἢ

957 882 1044 909 λεπτὰ
1058 882 1121 916 δύο,
1135 883 1166 909 τὸ
1181 883 1209 909 δὲ
1226 883 1323 910 λεπτὸν
1341 883 1578 918 ὲξακισχιλιοστῶν
1597 884 1744 912 ταλάντων.

923 915 1047 960 BQuam
1077 915 1134 954 hmo
1161 929 1306 963 perplexa,
1329 915 1466 963 quamqire
1491 929 1522 955 ad
1554 930 1745 956 auctoritatem

959 972 1022 1000 novi
1054 973 1200 1000 commenti
1232 974 1287 1001 sint
1321 973 1431 1004 inania,
1464 982 1544 1001 nemo
1577 982 1631 1001 non
1662 975 1745 1003 videt.

960 1017 1143 1051 Quadrantem
1160 1018 1232 1045 follis
1245 1026 1307 1046 esse
1320 1022 1444 1053 quartam
1461 1024 1563 1053 partem
1575 1020 1683 1053 asserit,
1698 1024 1747 1046 aut

960 1063 1104 1090 minutum.
1122 1063 1220 1091 Postea
1234 1064 1410 1099 quadrantem
1428 1065 1482 1091 duo
1496 1064 1580 1092 λεπτά
1595 1065 1744 1093 continere.

961 1108 1116 1137 Secundum
1134 1111 1252 1145 priorem
1270 1111 1400 1138 rationem
1428 1111 1567 1145 quadrans
1582 1111 1669 1138 sexies
1685 1111 1747 1138 mil-

960 1153 1054 1181 lesima
1071 1162 1135 1189 pars
1150 1155 1200 1182 erit
1223 1155 1318 1182 talenti
1331 1163 1339 1187 ;
1354 1155 1517 1190 posteriori,
1534 1159 1574 1182 ter
1591 1155 1747 1187 millesima,

960 1199 1024 1234 quia
1032 1199 1129 1226 λεπτὸν
1143 1200 1372 1235 ἑξακισχιλιοστδν
1383 1201 1513 1227 ταλάντου
1527 1201 1637 1228 dicitur.
1647 1200 1748 1228 Deinde

961 1245 1033 1281 quod
1047 1246 1100 1274 erit
1112 1246 1232 1281 νόμισμα
1246 1246 1310 1274 illud
1324 1246 1371 1273 ’ἐντ’
1383 1246 1491 1274 Idcntnc
1501 1254 1562 1273 cum
1576 1247 1750 1282 quadrantc?

960 1293 1002 1318 An
1017 1293 1109 1326 potius
1134 1299 1195 1319 cum
1211 1292 1318 1327 λεπτῴἳ
1334 1294 1369 1319 At
1386 1291 1502 1320 subinde
1523 1293 1678 1327 νομίσματα
1696 1293 1750 1319 tria

961 1337 1140 1372 quadrantem
1157 1345 1218 1365 esse
1230 1337 1334 1365 dciinit.
1350 1337 1420 1372 Ergo
1441 1338 1579 1372 quadrans
1593 1343 1656 1365 sunt
1669 1338 1749 1372 νομί-

962 1391 1052 1418 σματα
1076 1383 1146 1416 tria,
1169 1388 1196 1411 et
1222 1383 1357 1411 nomisma
1378 1391 1473 1410 unutn.
1497 1383 1569 1411 Idem
1597 1385 1748 1419 quazlrans.

962 1437 1047 1456 unum
1070 1429 1123 1456 erit
1140 1429 1274 1456 mintttum
1288 1449 1295 1461 ,
1315 1433 1342 1456 et
1368 1429 1422 1456 duo
1438 1429 1552 1456 minuta.
1573 1430 1638 1462 Quae
1657 1430 1749 1456 omnia

963 1474 1094 1502 mendosa
1107 1495 1114 1507 ,
1134 1475 1351 1506 inextricabilis,
1368 1482 1399 1502 ac
1416 1475 1593 1502 tumultuarie
1618 1482 1749 1510 congesta

963 1524 1045 1552 sunt;
1064 1527 1152 1555 neque
1178 1520 1212 1547 ad
1229 1521 1290 1547 novi
1310 1521 1430 1556 [igniculi
1455 1521 1641 1548 testimonium
1659 1522 1751 1549 valere

963 1570 1089 1601 possunt.
1106 1566 1212 1593 Etenim
1227 1567 1249 1593 si
1266 1574 1314 1602 pro
1335 1575 1384 1599 eo,
1404 1567 1476 1602 quod
1494 1567 1645 1603 Hesychius
1660 1568 1749 1600 docnt,

963 1612 1061 1639 λεπτόν
1089 1620 1150 1639 esse
1177 1616 1280 1647 partem
1314 1613 1406 1640 talenti
1444 1613 1532 1641 sexies
1566 1614 1749 1646 millesimam,

965 1657 1026 1685 ideo
1041 1666 1135 1687 verum
1156 1663 1216 1691 est,
1237 1658 1336 1685 λεπτόν
1358 1659 1427 1686 idem
1445 1667 1506 1686 esse
1525 1667 1586 1686 cum
1604 1659 1751 1693 drachma,

965 1703 1028 1738 quia
1055 1704 1186 1731 talentum
1217 1705 1335 1732 Atticum
1363 1713 1411 1732 sex
1442 1705 1634 1733 drachmarum
1667 1706 1751 1733 millia

964 1749 1112 1777 continet:
1144 1757 1206 1777 cum
1242 1750 1312 1778 idem
1348 1750 1499 1786 Hesychius
1533 1751 1662 1778 talentum
1688 1751 1753 1780 deli-

965 1794 1022 1821 niat
1051 1795 1127 1822 libris
1156 1802 1246 1828 cxxv,
1276 1796 1328 1823 hoc
1363 1800 1404 1823 est
1439 1795 1519 1822 minis
1548 1795 1644 1822 Atticis
1679 1804 1751 1829 cxx;

966 1840 1056 1874 sitque
1086 1840 1198 1875 duplum
1225 1841 1258 1868 ad
1290 1841 1421 1871 Atticum.
1455 1840 1570 1875 ideoque
1608 1841 1752 1868 duodecim

966 1885 1050 1911 millia
1065 1885 1258 1913 drachmarum
1270 1886 1422 1913 Atticarum
1437 1887 1563 1921 colligat;
1575 1887 1656 1921 quale.
1669 1887 1753 1914 fuisse

967 1936 1050 1964 supra
1076 1929 1196 1958 diximus
1218 1930 1430 1958 Alexandrinum
1450 1931 1601 1964 talentum;
1625 1939 1674 1959 cur
1698 1939 1752 1959 non

967 1974 1060 2002 eodem
1076 1975 1138 2009 jure
1149 1975 1341 2004 concludimus
1360 1976 1457 2003 λεπτόν
1471 1985 1532 2004 esse
1551 1977 1752 2008 didrachmum,

967 2021 1096 2056 quoniam
1116 2028 1164 2048 sex
1182 2021 1405 2049 didraclunorum
1426 2021 1511 2049 millia
1536 2022 1668 2049 talentum
1687 2022 1754 2049 illud

967 2066 1111 2097 continet,
1142 2065 1176 2093 de
1206 2073 1258 2101 quo
1286 2065 1438 2101 Hesychius
1468 2066 1607 2101 loquitur?
1629 2067 1754 2099 Quanam

967 2118 1034 2138 vero
1050 2111 1147 2139 fiducia
1166 2110 1192 2138 id
1209 2119 1241 2138 ex
1260 2111 1306 2138 illa
1323 2111 1488 2138 auctoritate
1505 2111 1613 2146 seligit,
1636 2111 1709 2146 quod
1726 2112 1754 2139 in

967 2163 1026 2184 rem
1041 2163 1118 2184 suam
1134 2155 1224 2184 facere
1240 2161 1333 2192 putat:
1354 2157 1380 2185 id
1396 2158 1511 2192 respuit,
1527 2156 1600 2192 quod
1621 2157 1645 2184 ei
1666 2158 1753 2192 potis-

969 2201 1068 2228 simum
1083 2202 1260 2229 adversetur?
1276 2202 1331 2230 Cur
1345 2204 1417 2230 enim
1434 2203 1467 2230 de
1483 2203 1584 2230 talento
1598 2203 1688 2230 Attico
1702 2202 1755 2231 lle-

932 2256 954 2284 θ
969 2247 1093 2283 sychium
1110 2248 1182 2284 loqui
1199 2249 1290 2284 potius
1310 2248 1434 2282 allirmet,
1446 2257 1507 2276 cum
1522 2249 1618 2276 λεπτόν
1635 2249 1673 2276 ait
1691 2248 1757 2282 €5,1-

970 2293 1150 2328 κισχιλιοστόν
1175 2303 1236 2322 esse
1254 2295 1405 2328 ταλάντου,
1431 2303 1513 2330 quam
1542 2294 1629 2322 cidem
1654 2294 1755 2322 diserte

970 2339 1091 2374 loquenti
1104 2341 1268 2376 testantique
1286 2340 1364 2368 iidem
1379 2340 1485 2371 habeat,
1500 2347 1529 2367 sc
1543 2339 1673 2367 talentum
1690 2339 1755 2367 illud

970 2385 1131 2420 intelligere,
1149 2387 1220 2422 quod
1245 2386 1358 2421 duplum
1385 2386 1421 2414 sit
1443 2386 1544 2418 Attici,
1561 2389 1588 2413 ct
1611 2386 1755 2414 duodecim

969 2430 1164 2458 drachmarum
1181 2431 1302 2459 millibus
1325 2432 1451 2460 constet?
1470 2431 1562 2459 Redeo
1576 2431 1658 2467 igitur
1671 2431 1703 2458 ad
1716 2431 1755 2463 id,

970 2477 1042 2512 quod
1065 2477 1147 2512 paulo
1171 2481 1234 2505 ante
1259 2485 1474 2512 proposueram,
1497 2481 1524 2506 et
1542 2478 1672 2505 talentum
1693 2478 1756 2506 istic

970 2531 1032 2551 esse
1050 2523 1112 2550 dico
1135 2523 1252 2550 solidum
1269 2531 1400 2556 aureum,
1419 2524 1476 2552 sive
1501 2524 1631 2560 νόμισμα.
1651 2523 1757 2560 Quippe

971 2570 1142 2597 nomismatis
1160 2578 1210 2596 vox
1227 2570 1378 2598 recentiore
1392 2571 1492 2598 stnculo
1512 2570 1545 2597 ad
1563 2579 1675 2598 aureum
1691 2571 1758 2598 soli-

971 2615 1036 2643 dum
1049 2616 1207 2651 plerumque
1229 2616 1412 2651 restringitur.
1432 2615 1520 2651 Hujus
1532 2637 1538 2648 ,
1555 2618 1578 2644 si
1592 2617 1662 2644 κατὰ
1676 2617 1757 2652 δηνα-

972 2661 1070 2698 ρισμόν
1086 2666 1203 2694 secetur,
1214 2662 1303 2690 sexies
1317 2662 1458 2689 millesima
1471 2670 1534 2698 pars
1546 2667 1588 2690 est
1604 2662 1756 2698 quadrans.

971 2709 1018 2744 qui
1035 2713 1062 2736 ct
1084 2709 1213 2736 denarius
1225 2728 1232 2740 ,
1250 2712 1277 2736 et
1295 2709 1445 2741 minutum,
1469 2712 1496 2736 ct
1521 2708 1582 2735 aliis
1601 2707 1757 2743 promiscuo

973 2755 1086 2783 vocibus
1103 2755 1274 2790 exprimitur.
1292 2754 1385 2782 Solent
1400 2754 1474 2782 enim
1487 2774 1493 2786 ,
1511 2758 1541 2781 ut
1558 2757 1637 2780 antea
1655 2751 1757 2786 signifi-

972 2801 1095 2828 cavimus
1107 2821 1114 2832 ,
1133 2799 1290 2835 permisceri
1308 2799 1432 2831 invicem,
1449 2802 1476 2826 ct
1491 2796 1622 2825 confundi
1638 2795 1757 2830 appella-

973 2847 1062 2874 tiones
1089 2846 1140 2873 illic
1155 2853 1328 2873 nununorum
1345 2845 1457 2878 vilium,
1475 2850 1563 2878 neque
1587 2841 1756 2877 singularum

975 2891 1128 2928 proprietas
1145 2891 1246 2927 ubique
1265 2890 1406 2919 retinetur.
