1937 3039
211 159 259 187 Ξὶαῡ

756 162 927 190 ᾹΡΡΕΝΟΙΧ
946 162 1258 192 ΒΙΞὸΕΙὶΤΑΤΙΟΝυΜ.

1762 166 1827 194 »600

241 219 332 254 Itaque
354 218 493 253 quadrans
513 217 580 246 alias
603 217 690 244 λεπτὰ
717 217 764 244 δύο
788 218 982 252 complectitur

1041 218 1098 245 sive
1124 219 1267 246 milliarisii
1286 219 1488 254 ὑποσπώμενοι,
1505 224 1534 247 et
1548 219 1824 252 ὑποκαταϐαίνοντες,

203 266 270 293 alias
287 272 335 300 pro
359 264 448 299 λεπτῷ
474 264 602 292 sumitur.
628 263 789 298 Quanquam
813 264 988 291 verisimilius

201 315 244 339 est
257 311 283 337 in
297 309 388 345 priore
403 310 461 336 loco
473 309 647 336 soribendum
661 317 731 341 esse,
743 313 772 336 ut
784 309 810 335 in
823 309 985 344 posteriore,

201 357 217 391 ἢ
241 356 287 382 δύο
313 355 413 387 λεπτά,
442 362 490 389 pro
514 355 653 389 ἣλεπτόν.
668 354 734 380 Nam
756 355 788 381 ad
805 354 886 381 lilarci
905 355 986 382 verba

202 400 355 434 respexisse
381 398 498 425 videtur.
522 399 631 425 Actum
653 399 724 425 follis
750 398 895 433 Epiphanii
919 406 987 433 qua-

201 445 285 472 drans
299 444 351 471 erit
367 443 513 479 llesycbii:
531 444 593 470 licet
609 444 690 477 hujus
703 444 786 475 follis,
803 452 884 479 quam
901 444 984 476 illius,

201 493 237 519 s't
255 492 356 525 major:
373 492 436 526 quia
451 491 523 518 follis
545 491 615 526 apud
638 491 802 527 llesychium
817 491 903 517 λεπτά
920 499 986 518 con-

200 537 298 564 tinebit
313 541 374 564 octo
385 557 392 568 ,
416 541 442 564 et
458 537 528 563 idem
546 538 597 564 erit
613 537 730 564 fortasse
744 545 805 564 cum
827 537 916 564 obolo.
931 536 985 564 Ve-

199 591 259 609 ruzu
285 583 437 618 cujusmodi
463 583 519 610 sint
543 583 687 618 utrobique
713 583 800 615 folles,
819 587 865 609 aut
888 583 983 615 λεπτά,

200 631 255 654 tam
271 627 380 654 difﬁcile
397 631 440 654 est
455 627 581 662 assequi,
598 635 679 662 quam
695 627 790 654 inutile
810 627 881 654 scire
896 647 902 658 ,
922 635 985 662 pro—

200 673 327 699 nuntiare
341 680 405 700 vero
418 673 592 700 temerarium
615 681 647 699 ac
659 672 815 701 ridiculum.
829 672 984 700 Sed.talen-

199 722 257 744 tum
275 718 345 753 apud
359 717 523 754 llesychium
536 726 597 746 esse
617 719 734 746 solidum
751 726 804 745 non
821 718 907 746 solum
923 717 984 745 ideo

200 764 340 798 probabile
363 769 405 792 est
417 765 504 798 ,~quia
530 764 646 798 idipsuin
664 765 701 790 ait
721 772 782 791 esse
801 764 920 799 νόμιςμα
935 763 982 795 ἓν,

201 817 292 836 verum
309 810 402 844 etiam,
418 810 490 845 quod
505 818 536 837 ex
553 809 719 837 Cassiodoro
733 810 803 837 idem
819 814 909 845 potest
924 810 982 836 col—

200 855 254 890 ligi.
267 853 354 889 Cujus
365 855 391 881 iu
405 855 451 882 lib.
474 863 494 888 I,
510 855 590 890 epist.
611 855 652 886 l0,
671 855 726 882 haec
740 855 822 882 verba
837 859 916 882 sunt:
930 854 983 882 Sex

198 901 285 927 millia
305 901 474 927 denariorum
491 900 606 928 solidum
620 909 675 926 esse
693 900 839 927 valuerunt.
857 899 909 928 Ubi
931 899 985 927 Ho-

199 952 344 973 tomannns
359 946 470 977 frustra,
486 953 531 972 se:
545 946 767 978 milliarisiorum,
783 953 832 981 pro
845 946 928 972 millia
940 945 984 973 de-

198 991 346 1023 nariorum,
365 991 505 1025 legendum
518 991 644 1025 conjicit;
661 998 722 1018 nam
739 991 874 1018 duodenis
889 991 984 1018 millia-

198 1035 282 1067 risiis,
295 1043 349 1062 non
366 1043 423 1068 sex,
438 1035 518 1070 vulgo
531 1035 636 1063 solidus
650 1036 812 1062 mstimatur.
830 1036 983 1063 Retinenda

198 1081 313 1116 proinde
335 1081 442 1116 vulgata
457 1081 547 1109 lectio.
563 1081 602 1107 Ex
621 1089 673 1116 qua
692 1089 739 1108 sex
757 1081 841 1108 millia
857 1081 983 1108 denario-

198 1127 286 1153 lorum
306 1128 334 1154 in
348 1128 465 1154 solidum
485 1127 617 1161 imputata
632 1126 779 1158 discimus,
799 1134 859 1160 qua:
881 1126 915 1152 ab
931 1125 983 1153 Ile-

197 1173 293 1207 sychio
307 1172 394 1199 λεπτά
410 1177 551 1199 vocantur.
570 1171 627 1199 lloc
644 1172 723 1199 modo
741 1173 764 1198 si
783 1171 925 1198 duodecim
940 1179 984 1199 so-

199 1217 254 1244 lido
275 1218 456 1245 milliarenses
482 1218 683 1249 attribuantur,
713 1217 812 1251 singuli
836 1217 983 1252 quingenta

999 884 1020 911 Β

200 1264 322 1295 minuta,
346 1264 389 1290 vel
415 1263 531 1298 δηνάρια
553 1263 691 1297 εοιιὶροιιι.
716 1263 795 1294 Quod
815 1270 864 1288 cur
884 1263 1002 1289 mirum‘

198 1308 370 1335 llotomanuo
384 1309 530 1341 videretur,
556 1316 646 1335 causa:
674 1308 741 1334 nihil
757 1311 815 1335 erat
839 1317 844 1334 :
874 1316 934 1334 eum
956 1309 983 1334 in

199 1358 348 1381 nostratem
370 1361 498 1386 aureum,
513 1355 560 1388 qui
574 1354 698 1380 Romano
712 1354 796 1389 duplo
814 1353 869 1381 fere
894 1355 984 1381 minor

199 1398 261 1430 fuit,
281 1398 373 1433 plures
393 1398 474 1425 etiam
491 1398 612 1425 minutiae
623 1399 728 1432 possint
743 1399 894 1430 incurrere,
910 1399 932 1425 si
950 1400 982 1426 ad

199 1445 308 1472 infimas
327 1452 501 1472 nummorum
524 1445 619 1472 sordes
641 1445 712 1471 κατὰ
727 1445 891 1480 δηναρισμόν
913 1444 984 1471 redi-

197 1492 306 1522 gantur,
320 1496 389 1523 quas
404 1489 482 1522 vulgo
492 1489 624 1520 maculas,
641 1490 746 1523 obolos,
764 1490 845 1524 pilas,
859 1494 905 1516 aut
921 1490 983 1518 aliis

198 1535 224 1562 id
242 1542 328 1569 genus
339 1534 489 1566 vocabulis,
502 1535 638 1569 appellant
666 1534 703 1560 Ex
718 1543 750 1561 eo
769 1543 834 1561 vero
858 1535 928 1562 ratio
942 1535 982 1561 in-

199 1586 280 1612 super
292 1578 403 1605 evidens
417 1583 476 1610 est,
494 1579 530 1605 ob
549 1587 630 1613 quam
653 1579 746 1606 talenti
774 1587 872 1607 nomen
893 1581 981 1608 solido

197 1623 234 1650 sit
250 1623 416 1658 impositum.
432 1622 551 1658 Nempe,
581 1624 652 1658 quod
672 1624 783 1651 totidem
803 1625 981 1651 minutiarum

197 1675 230 1696 ac
243 1667 446 1695 denariolorum
467 1668 552 1695 millia
572 1668 826 1703 comprehenderet,
843 1673 910 1704 quot
920 1669 983 1697 dra-

198 1712 339 1740 chmarum
359 1713 496 1744 Atticum,
517 1720 550 1740 ac
568 1713 679 1748 vulgare
695 1714 838 1741 talentum.
855 1714 980 1749 Reliqua,

196 1765 257 1794 quae
277 1757 348 1792 apud
366 1757 530 1793 Hesychium
550 1764 720 1792 sequuntur,
740 1759 882 1795 peregrina
906 1764 980 1793 sunt,

196 1807 223 1830 et
238 1804 410 1832 accumulata
425 1807 542 1836 temere,
560 1809 589 1831 ut
604 1805 630 1831 in
646 1805 794 1833 Glossariis
815 1806 934 1839 assolet,
954 1806 982 1833 in

195 1857 257 1887 qua:
271 1850 362 1882 variae,
377 1857 408 1876 ac
423 1850 569 1877 contrariae
583 1851 743 1885 plerumque
761 1859 857 1879 vocum
874 1860 983 1880 earum-

196 1895 257 1922 dem
277 1896 403 1922 notiones
419 1903 454 1922 ex
468 1895 584 1924 diversis
604 1897 763 1924 auctoribus
786 1897 907 1925 collectae
931 1897 982 1925 sub

198 1948 253 1968 uno
266 1941 393 1968 lemmate
408 1941 509 1976 passim
526 1941 707 1969 inculcantur.

231 1985 322 2013 Nihilo
337 1987 428 2021 itaque
443 1987 615 2014 ratiocinatio
631 1987 682 2014 ista
700 1987 838 2016 doctiores
848 1989 921 2016 viros
932 1988 982 2016 do-

195 2031 335 2059 ctissimos
352 2031 450 2063 eﬂicit,
468 2035 498 2058 ut
512 2032 599 2058 λεπτά
609 2037 751 2067 argenteos
768 2034 896 2062 denariOs
909 2042 980 2066 esse,

196 2076 255 2104 sive
274 2077 429 2109 drachmas,
455 2076 526 2112 quod
553 2077 685 2106 hactenus
703 2079 875 2114 ignorabant,
905 2080 982 2107 dein-

194 2130 258 2157 ceps
269 2122 430 2158 intelligant.
443 2122 501 2151 Non
516 2124 580 2151 illud
598 2124 707 2159 quidem
723 2125 884 2159 inticiamur,
897 2127 982 2162 ἀργύ-

195 2176 242 2203 ρια
258 2167 344 2194 λεπτά
360 2175 409 2203 pro
423 2169 559 2203 argenteis
572 2171 690 2198 nummis
705 2171 803 2206 accipi,
821 2176 849 2199 ut
863 2172 889 2199 in
901 2171 980 2200 Glos-

997 1554 1017 1582 C

1039 267 1070 290 ut
1085 271 1146 290 cum
1159 265 1299 291 Eustathio
1312 265 1420 300 loquar,
1440 266 1584 300 propagati
1602 266 1721 293 fuerunt.
1743 266 1825 293 Δικέ-

1039 318 1114 344 ρατοι
1137 311 1239 336 nummi
1261 311 1382 345 argentei
1407 311 1513 345 priores
1534 310 1676 338 duodecim
1705 311 1825 338 solidum

1038 354 1182 382 faciebant.
1198 353 1282 389 Igitur
1292 362 1389 382 novem
1405 355 1500 382 solidis
1514 356 1715 390 respondebant
1727 363 1826 390 argen-

1037 401 1073 427 tei
1089 407 1165 427 cvm.
1187 399 1310 428 Totidem
1330 400 1410 428 solidi
1429 401 1550 436 ἀργύρια
1573 401 1669 431 λεπτά,
1686 401 1744 428 sive
1760 401 1824 427 mil-

1037 445 1167 472 liarenses
1191 446 1331 472 continent
1360 454 1438 473 cxxv.
1463 446 1554 478 Quare
1577 451 1720 481 argenteus
1749 446 1826 480 prior

1036 491 1091 524 ille,
1110 492 1155 525 qui
1173 491 1334 527 φερώνυμος
1349 497 1391 519 est
1414 492 1565 526 appellatus
1590 491 1741 526 δικὲρατος,
1763 491 1826 517 inil-

1036 537 1196 567 liarensem,
1224 537 1280 564 sive
1302 537 1433 572 ἀργύριον
1453 536 1550 564 λεπτόν
1577 538 1696 565 continet
1721 545 1822 568 unum,

1035 587 1062 610 et
1077 583 1188 617 insuper
1212 584 1333 618 ejusdem
1360 583 1468 617 171l08.
1483 583 1545 610 Ideo
1568 583 1664 610 λεπτόν
1694 584 1746 610 hoc
1776 590 1826 618 po-

1036 629 1137 655 sterius
1166 632 1288 655 vocatur.
1327 627 1372 654 Sic
1401 628 1520 663 argentei
1546 627 1679 664 Philippei
1696 627 1825 656 minutuli

1036 673 1106 707 apud
1123 673 1278 708 Vopiscum.
1299 673 1377 706 Quod
1399 677 1490 700 autem
1510 673 1541 699 τὸ
1566 673 1674 705 λεπτόν,
1691 674 1734 701 vel
1749 674 1763 700 ὁ
1778 673 1825 699 λεο

1036 718 1103 750 πτός
1130 719 1253 746 solitarie
1272 722 1380 754 sumpta
1406 723 1563 754 argenteum
1592 726 1731 746 nummum
1752 718 1825 754 :pud

1035 767 1174 790 auctorem
1202 763 1279 790 illum
1313 763 1477 798 signiﬁcent,
1505 771 1537 790 ac
1564 763 1632 790 citra
1659 763 1823 790 substantiri

1035 809 1152 836 nominis
1169 809 1358 843 adiectionem,
1378 816 1433 836 non
1447 813 1549 836 temere
1562 808 1679 835 inficiarr
1695 808 1826 836 audeam.

1035 854 1102 882 Illud
1123 855 1190 886 scio.
1206 862 1239 882 ex
1255 854 1288 881 iis
1309 854 1438 882 omnibus
1453 862 1514 889 qum
1529 854 1562 880 ad
1580 854 1606 880 id
1623 853 1822 882 ostendendum

1037 899 1118 926 allata
1133 904 1207 931 sunt,
1226 899 1293 927 nihil
1311 899 1446 934 ejusmodi
1471 899 1628 934 persuaderi
1645 906 1725 933 posse
1744 907 1750 924 :
1769 899 1824 925 imo

1037 952 1102 972 vero
1120 945 1258 972 contraria
1269 945 1359 972 omnia
1373 945 1474 979 colligi.
1491 943 1547 971 Nisi
1560 944 1629 971 forte
1644 945 1671 970 in
1690 944 1737 971 illo
1750 944 1820 978 ipso,

1037 998 1091 1025 quo
1114 992 1147 1017 de
1174 990 1273 1025 agitur,
1298 990 1441 1024 Epiphanii
1462 990 1521 1016 loco
1540 989 1654 1020 λεπτοὺς
1679 993 1823 1024 argenteos

1037 1043 1098 1063 esse
1122 1036 1250 1063 denarios
1273 1036 1410 1063 somniare
1436 1035 1507 1062 licet.
1533 1033 1611 1067 Quod
1628 1041 1660 1060 ex
1686 1041 1754 1060 nova
1778 1034 1821 1059 illa

1037 1081 1182 1112 doctrina,
1210 1082 1361 1116 iisdemque
1385 1081 1526 1115 principiis
1550 1081 1682 1107 aﬂirmare
1710 1087 1823 1106 necesse

1037 1131 1087 1154 est.
1100 1125 1159 1152 Non
1171 1127 1240 1152 enim
1256 1125 1288 1152 τὰ
1301 1124 1396 1157 λεπτά,
1411 1125 1452 1152 vel
1470 1125 1531 1155 τοὺς
1547 1123 1660 1154 λεπτούς
1675 1122 1823 1158 aliquando

1037 1179 1087 1206 pro
1104 1172 1239 1207 argenteis
1254 1171 1379 1206 usurpari
1396 1171 1586 1198 tantummodo
1610 1169 1723 1201 suadet;
1749 1169 1821 1204 quod

1038 1218 1126 1252 ipsum
1153 1221 1243 1244 tamen
1269 1217 1430 1244 auctoritate
1447 1216 1537 1251 aliqua
1563 1216 1728 1243 iniciendum
1753 1219 1818 1242 erat.

1039 1263 1090 1290 Sed
1105 1271 1190 1290 :ercos
1207 1262 1292 1290 fuisse
1308 1271 1434 1290 nummos
1449 1263 1560 1289 omnino
1576 1267 1667 1297 negat,
1692 1262 1764 1297 quod
1780 1267 1820 1289 est

1039 1308 1225 1336 falsissimum.
1238 1308 1305 1334 Nam
1321 1308 1362 1335 vel
1380 1307 1424 1334 hic
1440 1308 1497 1342 ipse
1510 1308 1586 1335 locus
1606 1307 1747 1342 Epiphanii
1759 1307 1822 1338 τοὺς

1038 1353 1151 1385 λεπτοὺς
1167 1361 1253 1381 mreos
1280 1361 1340 1381 esse
1362 1361 1489 1380 nunnnos
1507 1353 1645 1380 evidenter
1659 1353 1758 1387 arguit.
1777 1352 1822 1379 Si-

1037 1398 1146 1433 quidem
1173 1399 1246 1425 aliud
1274 1403 1316 1426 est
1341 1398 1411 1425 κατὰ
1430 1399 1599 1435 ἀργυρισμόν
1623 1399 1725 1431 dividi,
1748 1399 1820 1426 aliud

1038 1444 1106 1470 κατὰ
1122 1444 1286 1479 δηναρισμὸν
1302 1453 1308 1470 :
1330 1448 1357 1471 et
1372 1444 1422 1471 hoc
1435 1446 1571 1479 posterius
1585 1445 1655 1472 idem
1678 1450 1720 1472 est
1740 1450 1821 1480 atque

1037 1489 1162 1519 adatrari,
1179 1489 1236 1516 sive
1252 1489 1278 1516 in
1297 1497 1382 1516 aereas
1396 1489 1502 1523 species
1522 1489 1657 1517 distribui.
1679 1490 1746 1517 Cum
1772 1490 1822 1526 igi~

1036 1538 1081 1561 tur
1097 1534 1186 1561 follem
1203 1535 1271 1561 dicit
1283 1536 1343 1561 κατ’
1358 1535 1529 1570 ἀργυρισμόν
1544 1535 1569 1562 in
1585 1539 1739 1570 argenteos,
1751 1536 1820 1563 κατὰ

1033 1578 1200 1613 δηναρισμόν
1219 1578 1245 1604 in
1265 1578 1380 1610 λεπτοὺς
1396 1579 1490 1609 dividi,
1509 1578 1640 1613 profecto,
1657 1581 1678 1606 si
1691 1579 1756 1614 quid
1776 1588 1820 1607 sa-

1034 1623 1139 1658 pimus,
1166 1623 1281 1655 λεπτούς
1312 1627 1391 1659 negat
1419 1628 1562 1659 argenteos
1589 1632 1650 1652 esse
1679 1633 1819 1658 nummos,

1034 1676 1118 1696 aereos
1131 1668 1240 1696 fatetur.

1070 1714 1124 1741 Sed
1140 1719 1168 1742 ut
1181 1715 1213 1742 ad
1239 1715 1331 1742 follem
1356 1719 1488 1747 revertar,
1508 1716 1587 1751 cujus
1605 1721 1696 1751 partes
1713 1720 1777 1744 sunt
1796 1717 1819 1742 ot

1034 1761 1137 1792 λεπτοί,
1152 1769 1185 1788 ne
1200 1761 1266 1788 illud
1281 1761 1389 1796 quidem
1406 1762 1532 1796 superior
1554 1762 1599 1789 illa
1613 1762 1738 1790 doctrina
1760 1770 1820 1798 pro-

1034 1805 1091 1836 bat,
1105 1804 1178 1839 quod
1193 1812 1356 1840 magnopere
1370 1806 1456 1833 videri
1468 1807 1552 1841 cupit,
1563 1807 1633 1833 idem
1645 1814 1706 1834 esse
1719 1806 1818 1839 follem,

1034 1858 1066 1877 ac
1077 1850 1233 1878 sestertium
1248 1858 1364 1884 meum,
1380 1855 1516 1886 quatenus
1540 1852 1683 1879 sestertius
1703 1852 1818 1879 uneialis

1035 1896 1095 1929 fuit,
1122 1896 1204 1932 idque
1224 1896 1397 1926 Constantini
1413 1901 1439 1924 et
1459 1897 1602 1933 Epiphanii
1619 1899 1729 1926 szeculo.
1752 1898 1817 1926 Nam

1034 1943 1116 1974 ratio,
1133 1949 1187 1978 qua
1206 1943 1280 1970 istud
1294 1943 1383 1970 evinci
1398 1947 1486 1978 putat,
1506 1944 1597 1971 inanis
1611 1950 1652 1971 est
1663 1952 1695 1971 ac
1712 1944 1816 1972 frivola.

1033 1986 1196 2023 Hesychius,
1209 1988 1257 2021 ait,
1272 1988 1450 2023 quadrantem
1464 1997 1524 2017 esse
1535 1989 1629 2017 scribit
1644 1990 1675 2016 τὸ
1691 1991 1818 2026 τέταρτον

1032 2032 1079 2058 τοῦ
1094 2032 1212 2067 φόλλεως
1230 2043 1236 2060 :
1253 2033 1393 2069 quadrans
1406 2035 1444 2061 illi
1458 2035 1560 2062 dicitur
1579 2036 1613 2062 de
1628 2035 1735 2064 duabus
1756 2037 1820 2065 dra-

1034 2077 1123 2105 chmis
1142 2086 1148 2104 :
1168 2082 1230 2106 octo
1243 2078 1381 2107 drachma:
1397 2081 1423 2107 in
1438 2081 1529 2108 uncia.
1550 2081 1595 2108 Sic
1607 2081 1667 2109 dum
1682 2081 1818 2110 drachma

1033 2128 1131 2158 quarta
1155 2131 1218 2159 pars
1236 2125 1334 2159 uncize,
1352 2125 1393 2153 vel
1409 2125 1493 2159 follis,
1511 2126 1553 2154 vel
1567 2127 1699 2155 sestertii.
1718 2127 1816 2155 Verum

1033 2169 1095 2204 quis
1107 2170 1158 2197 hoc
1173 2170 1211 2197 illi
1222 2171 1358 2204 concedit,
1373 2170 1537 2207 Hesychium
1551 2172 1585 2199 de
1600 2173 1753 2207 quadrante
1769 2181 1815 2200 un-

194 2212 232 2239 sis
254 2212 308 2239 illis
332 2211 528 2245 Basilicorum,
552 2222 613 2248 quae
633 2215 727 2243 solidis
747 2223 842 2242 navem
863 2217 982 2252 ἀργύρια
998 2219 1020 2248 [)
1033 2215 1082 2241 ciae
1100 2215 1173 2249 loqui
1199 2215 1290 2250 potius
1303 2223 1383 2250 quam
1406 2216 1489 2249 oboli,
1510 2217 1552 2244 vel
1573 2218 1704 2245 alterius?
1735 2218 1817 2251 Quin-

193 2256 280 2283 λεπτά
295 2256 419 2284 tribuunt
433 2265 511 2285 cxxv.
527 2257 579 2286 Sed
590 2259 684 2286 eodem
695 2260 774 2287 modo
783 2260 868 2288 λεπτά
882 2261 980 2289 dicun-

195 2307 248 2334 tur,
264 2310 318 2337 quo
335 2302 481 2331 drachmas
495 2304 563 2331 alias
582 2313 642 2332 esse
659 2305 769 2337 λεπτάς.
787 2306 854 2334 alias
868 2308 981 2342 παχείας

193 2351 289 2375 auctor
314 2352 355 2376 est
381 2348 548 2384 Hesychius,
576 2350 603 2377 in
630 2358 697 2377 voce
722 2351 876 2378 Λεπταλέον
892 2361 898 2367 ·
926 2354 981 2385 Τὰς

192 2393 326 2430 δραχμὰς,
343 2395 443 2428 λεπτὰς
458 2396 507 2431 μὲν
522 2395 571 2427 τὰς
588 2396 745 2429 ἑξωϐόλους,
762 2397 876 2433 παχείας
890 2398 917 2426 δὲ
933 2399 982 2431 τὰς

193 2439 274 2466 πλέον
302 2440 427 2476 ἐχούσας.
452 2440 504 2468 Sed
529 2449 584 2467 non
611 2441 703 2468 statim
728 2450 900 2477 consequens
928 2449 979 2478 est,

191 2485 278 2515 λεπτά
309 2494 358 2521 pro
386 2486 524 2514 drachmis
551 2487 728 2521 simpliciter,
758 2496 790 2515 ac
815 2489 875 2517 sine
906 2491 979 2525 adje-

192 2531 282 2559 ctione
308 2531 390 2558 sumi.
413 2531 646 2563 Quemadmodum
674 2538 817 2568 propterea
841 2535 912 2569 quod
939 2540 979 2563 ta-

192 2577 296 2605 lentum
319 2576 393 2602 aliud
419 2579 480 2602 erat
501 2577 685 2612 commodum,
702 2579 746 2606 cui
772 2580 838 2606 nihil
868 2581 976 2615 deerat;

192 2619 267 2646 aliud
283 2627 423 2653 magnum,
440 2619 483 2646 cui
499 2626 640 2654 supererat
654 2631 660 2648 :
676 2631 729 2649 non
749 2623 809 2652 ideo
823 2632 903 2651 voces
925 2626 977 2653 illa:

192 2673 327 2700 magnum,
349 2665 391 2692 vel
411 2665 587 2698 commodum,
607 2667 767 2702 simpliciter
781 2675 917 2704 usurpata:
935 2675 977 2697 ta-

192 2711 295 2738 lentum
322 2711 485 2747 significant.
515 2713 556 2740 Ad
579 2714 703 2741 eumdem
726 2715 835 2742 modum
859 2716 977 2752 ἀργύρια

191 2757 278 2785 λεπτά
302 2758 405 2786 Glosste
433 2759 574 2787 nominant
600 2760 720 2788 minores
741 2766 894 2797 argenteos,
918 2768 976 2790 uta

193 2804 342 2840 majoribus
368 2805 570 2839 discernantur,
597 2807 692 2841 quales
714 2811 791 2834 erant
811 2808 975 2842 didrachmi,

189 2849 231 2877 vel
245 2851 364 2885 argentei
382 2850 513 2886 majores;
528 2860 542 2879 a
563 2852 663 2887 quibus
690 2853 836 2880 millenarii
857 2855 972 2887 nummi,

1032 2259 1114 2286 etiam
1128 2267 1189 2287 eum
1202 2260 1299 2287 λεπτόν
1312 2268 1372 2288 esse
1385 2261 1492 2288 dicatur
1506 2261 1577 2289 idem
1586 2266 1669 2297 atque
1677 2263 1815 2296 drachma,

1032 2306 1170 2339 quadrans
1185 2314 1250 2334 vero
1269 2307 1356 2334 λεπτά
1381 2307 1436 2335 duo
1464 2308 1620 2342 contineat;
1650 2309 1722 2337 follis
1749 2318 1816 2345 qua-

1031 2353 1143 2380 drantes
1160 2352 1240 2385 duos,
1260 2361 1352 2380 nonne
1365 2353 1462 2381 iisdem
1473 2362 1506 2382 ex
1523 2354 1675 2390 principiis,
1688 2359 1771 2390 atque
1785 2364 1815 2383 ex

1030 2397 1124 2425 eadem
1151 2397 1278 2434 llesychii
1303 2400 1483 2433 auctoritate,
1509 2401 1697 2433 convincitur.
1728 2402 1814 2429 follem

1031 2448 1094 2470 octo
1106 2443 1246 2472 drachmis
1261 2450 1398 2477 constare,
1419 2446 1476 2473 sive
1494 2446 1636 2474 denariis?
1655 2446 1713 2474 Non
1737 2447 1815 2482 igitur

1028 2489 1084 2523 jam
1102 2497 1188 2517 aereus
1214 2499 1345 2518 nummus
1359 2492 1422 2523 erit,
1444 2491 1492 2519 sed
1517 2497 1672 2526 argenteus,
1690 2500 1757 2520 sane
1771 2501 1814 2520 ve-

1030 2534 1152 2568 grandis,
1169 2535 1197 2562 in
1208 2543 1263 2569 quo
1278 2536 1397 2563 sestertii
1411 2540 1493 2563 erunt
1515 2544 1606 2569 xxxn;
1628 2537 1728 2564 nedum
1746 2537 1812 2565 follis

1030 2580 1101 2608 idem
1116 2581 1168 2608 erit
1179 2589 1211 2608 ac
1223 2582 1366 2609 sestertius
1382 2589 1480 2609 atreus.
1493 2582 1571 2614 Quod
1587 2588 1677 2609 utrum
1696 2591 1744 2618 per
1756 2590 1813 2610 sese

1030 2634 1123 2654 verum
1141 2635 1227 2655 necne
1242 2628 1288 2660 sit,
1301 2627 1370 2655 nihil
1386 2628 1431 2655 hic
1441 2628 1554 2655 atlirmo.
1571 2628 1628 2656 Hoc
1641 2637 1743 2664 pugno,
1756 2636 1813 2664 qua

1029 2672 1061 2699 ad
1078 2673 1105 2699 id
1125 2671 1324 2701 ostendendum
1342 2674 1423 2700 allata
1440 2678 1515 2706 sunt,
1531 2681 1562 2700 ea
1578 2681 1657 2702 cassa
1673 2678 1701 2701 et
1724 2675 1811 2702 inania

1029 2726 1090 2745 esse
1105 2719 1236 2750 maxime,
1252 2723 1279 2746 et
1298 2719 1351 2746 alia
1367 2719 1469 2752 omnia,
1488 2727 1569 2754 quam
1596 2727 1713 2754 quorum
1733 2727 1811 2748 causa

1028 2764 1158 2798 producta
1175 2768 1248 2795 sunt,
1260 2764 1374 2791 efficere.

1064 2809 1266 2837 Concludamus
1288 2810 1380 2845 igitur,
1396 2810 1486 2838 follem
1507 2819 1606 2838 :ereum
1620 2819 1651 2838 cx
1669 2811 1808 2846 Epiphanii

1028 2861 1118 2883 mente
1134 2855 1332 2892 tenuissimum
1347 2856 1486 2884 exstitisse
1510 2865 1661 2890 nummum,
1683 2857 1730 2893 qui
1745 2857 1808 2884 duos
