1937 3039
92 167 140 196 001
576 168 668 197 DION.
688 169 859 197 PETAHUS
875 170 956 199 ADV.
978 171 1057 198 MAT.
1086 170 1262 198 SIMONIUM.

1671 169 1725 196 (illa!

91 225 222 258 λεπτούς.
249 225 306 254 sive
329 226 434 254 minuta
456 226 510 254 duo
529 228 692 261 contineret,
715 233 745 255 ut
765 227 836 254 idem
858 232 884 255 et
900 233 922 257 A
936 228 1088 263 exemplum
1104 228 1170 255 illud
1186 228 1257 255 inter
1270 234 1301 255 ea
1316 229 1472 263 promiscue
1482 229 1608 263 collocat,
1623 229 1649 257 in
1665 230 1726 265 qui‘

92 271 233 307 quadrans
246 272 332 299 Marci
347 273 522 307 evangelista:
543 273 630 308 possit
649 273 745 301 videri.
762 273 883 305 Λεπτούς

91 326 175 354 porro
189 321 304 347 atreolos
316 327 387 352 esse,
402 319 459 347 sive
474 320 597 352 ehalcos,
607 320 760 354 cujusmodi
776 319 802 346 in
819 320 885 347 obo-

93 366 149 392 lum
166 370 230 393 octo
252 370 434 392 numerantur
457 375 463 392 :
489 370 518 392 ut
543 370 684 400 propterea
703 365 757 392 duo
780 365 882 397 λεπτοί,

91 411 241 447 κοδράντης
255 414 282 438 et
296 419 310 437 a
326 411 426 444 Marco,
440 411 510 439 etab
525 410 661 446 Hesychio
678 415 881 446 nuncupentur.

216 479 252 505 De
267 479 340 514 [aliis
355 479 510 514 ὁμωνυμίᾳ
528 482 552 506 et
570 479 751 514 ambiguitate.

127 547 199 576 Cum
222 551 278 574 tam
299 547 407 576 diversa
430 547 466 575 sit
493 547 566 575 follis
590 547 771 582 significatio,
801 551 832 574 ut
857 550 884 574 et

91 592 235 628 ἄθροισμα
250 599 435 622 nummorum,
453 595 480 619 et
498 596 654 626 argenteos,
669 596 696 619 et
707 599 793 618 aereos
803 599 882 618 num-

91 646 153 666 mos
163 638 310 673 exprimat,
338 638 368 664 tit
383 637 591 673 nonnunquam,
609 641 638 665 ut
654 645 685 665 ea
699 645 764 664 voce
778 639 818 664 sic
834 645 882 664 au-

92 688 185 711 ctores
203 684 362 717 abutantur,
380 687 410 710 ut
427 691 481 718 quo
494 684 527 711 de
540 691 638 718 genere
654 683 825 718 potissimum
842 684 883 710 in—

92 729 234 764 telligendi
248 729 315 760 sint,
337 729 495 764 conjectura
513 729 623 764 assequi
645 728 754 756 dilllcile
771 729 816 756 sit.
841 728 884 755 ln—

92 775 202 803 terdum
216 783 280 803 vero
294 783 327 802 ex
344 776 382 803 rei
399 776 497 811 ipsius,
518 775 551 803 de
574 782 628 810 qua
654 775 754 810 agitur,
774 779 882 808 natura,

91 821 115 849 si
145 821 209 856 quis
234 821 374 856 paululum
394 822 523 849 adhibeat
545 821 653 856 judicii,
680 821 755 848 nullo
773 821 882 857 negotio

91 867 270 894 discernitur.
290 866 379 901 Hujus
400 867 439 894 rei
462 867 586 902 exempla
608 875 662 894 non
680 875 764 902 pauca
782 875 882 902 suppe-

91 913 162 938 tunt.
183 910 236 938 Sed
254 911 371 946 insignia
396 911 513 938 maxime
536 916 609 943 sunt.
632 920 693 947 quae
710 920 743 940 ex
757 912 882 940 Theodo-

91 956 172 983 siano
188 956 282 984 codice
302 956 435 984 adversus
448 957 710 992 jurisconsultorum
732 959 882 994 principem

92 1001 121 1028 in
139 1002 328 1037 superioribus
344 1002 519 1031 adduximus.
538 1004 568 1030 ln
586 1005 686 1038 quibus
701 1012 762 1032 cum
785 1009 883 1032 extera

92 1047 161 1075 satis
172 1048 334 1083 explicatam
345 1049 478 1076 rationem
492 1049 617 1083 habeant,
631 1051 735 1085 primus
752 1051 796 1078 ille
808 1052 884 1079 locus

92 1093 126 1120 de
145 1093 383 1128 Appellationibus
403 1095 569 1128 temerariis,
587 1097 688 1130 quibus
703 1104 756 1123 xxx
780 1097 883 1131 [allium

90 1139 178 1165 multa
191 1138 303 1172 dicitur,
318 1139 463 1173 ambiguus
478 1147 540 1167 esse
562 1145 661 1175 potest.
677 1142 727 1174 Qui
744 1146 834 1169 tamen
851 1150 884 1169 ex

90 1184 352 1220 iurisconsultorum
368 1193 431 1217 usu,
447 1190 474 1213 et
487 1193 577 1213 causa:
597 1186 684 1221 ipsius
699 1188 796 1214 merito
809 1187 883 1222 diju-

89 1228 227 1255 dieandus
241 1233 294 1256 est.
315 1228 350 1256 Ut
372 1230 415 1257 vel
433 1238 485 1256 xxx
500 1230 554 1257 sint
574 1232 695 1265 argentei
712 1233 827 1263 nummi,
841 1233 883 1260 ve!

91 1273 223 1305 totidem,
259 1275 299 1301 uti
328 1275 469 1307 diximus,
496 1283 670 1303 nummorum
699 1277 880 1312 ἀθροίσματα.

90 1317 170 1353 Apud
185 1318 398 1346 Alexandrinum
413 1328 477 1347 vero
492 1320 650 1354 Chronicon,
667 1322 710 1348 ubi
733 1323 760 1349 in
776 1330 882 1350 summa

91 1371 208 1391 annona:
222 1365 363 1396 charitatc,
377 1367 455 1400 panis
472 1367 583 1395 follibus
594 1368 703 1396 venisse
715 1369 804 1396 tribus
818 1369 884 1396 dici-

91 1413 145 1440 tur,
164 1410 244 1437 folles
270 1418 324 1438 non
339 1419 448 1445 aureos,
463 1413 509 1447 qui
531 1413 596 1440 nulli
621 1413 649 1440 in
669 1421 760 1441 rerum
785 1419 882 1442 natura

91 1455 216 1488 fuerunt,
239 1457 286 1484 sed
303 1461 447 1492 argenteos
467 1458 642 1493 interpretor,
659 1459 711 1486 hoc
736 1463 777 1487 est
801 1467 883 1488 senos

91 1501 287 1530 milliarenses.

127 1546 264 1575 Eusebius
279 1548 325 1575 lib.
339 1556 355 1574 x
368 1547 440 1575 Hist.
460 1556 520 1584 cap.
534 1549 560 1580 6.
575 1549 785 1577 Constantinum
800 1550 883 1578 refert

91 1591 240 1619 Careiliano
251 1593 462 1629 Carthagineusi
476 1595 606 1629 episcopo
622 1595 674 1622 tria
691 1595 795 1622 iollium
819 1597 881 1623 mil-

91 1637 129 1665 lia
149 1638 178 1664 in
207 1638 401 1666 Africanarum
428 1641 631 1675 provinciarum
659 1641 795 1668 Eeelesias
820 1649 882 1669 ero-

91 1682 182 1717 ganda
197 1683 314 1711 misisse.
332 1684 370 1711 lbi
386 1685 529 1720 τρισχίλιοι
552 1685 658 1719 φόλλεις
686 1685 796 1713 totidem
821 1694 882 1714 sae-

91 1728 145 1755 culi
171 1733 254 1760 sunt,
280 1737 519 1765 nummorumque.
541 1730 635 1766 Neque
653 1731 726 1758 enim
753 1731 883 1759 eruditis-

91 1772 162 1801 simo
179 1773 237 1800 viro
253 1774 415 1809 astipulator
429 1775 558 1803 accedam
576 1785 583 1803 :
599 1776 646 1811 qui
661 1776 694 1804 de
714 1775 778 1804 folle
788 1784 882 1812 agens,

937 273 989 301 bus
1009 273 1083 300 follis
1106 273 1214 304 obolus,
1239 272 1282 299 vel
1308 280 1396 300 :crcus
1421 280 1480 301 esse
1506 273 1617 306 dicitur,
1639 279 1668 301 ut
1683 278 1725 301 est

936 318 1009 353 apud
1034 317 1241 353 Moschopulum
1268 326 1299 345 ac
1327 317 1450 346 Suidam.
1484 319 1582 352 Tales,
1606 321 1657 347 hoc
1681 325 1724 347 est

935 365 1009 395 terei,
1038 363 1146 390 fuerunt
1180 364 1237 395 illi,
1263 371 1380 398 quorutn
1411 365 1532 391 meminit
1555 367 1724 400 Augustinus

935 410 982 437 lib.
999 418 1072 437 xxxii
1088 410 1126 436 De
1141 411 1210 437 civit.
1227 418 1287 445 cap.
1311 411 1337 438 8.
1360 410 1420 443 Quo
1438 411 1464 437 in
1482 411 1542 438 loco
1564 411 1724 438 miraculum

938 456 1071 490 quoddam
1091 461 1226 488 rccensct,
1245 461 1328 491 atque
1350 457 1493 484 historiam
1511 456 1642 484 Florentii
1664 465 1725 484 Sar—

938 501 1013 533 toris,
1041 502 1160 529 hominis
1185 502 1365 537 egentissimi,
1390 503 1435 537 qui
1464 503 1497 530 ad
1518 511 1553 530 xx
1575 507 1724 538 martyrum

935 547 1094 574 memoriam
1113 555 1209 579 orans,
1227 549 1370 583 pecuniam
1388 549 1422 575 ad
1442 554 1530 576 vestes
1544 549 1674 576 emendas
1691 549 1726 575 ab

935 591 988 618 illis
1001 592 1148 626 postulavit
1165 601 1170 618 :
1189 601 1297 627 eumque
1313 593 1501 623 discedentem,
1520 593 1618 627 inquit,
1636 593 1726 619 (idole-

935 641 1045 668 sccntes,
1072 637 1118 671 qui
1148 637 1270 669 aderant,
1294 638 1458 672 exagitantes
1490 638 1724 672 prosequebantur,

934 683 1010 716 quasi
1030 691 1046 709 a
1064 683 1225 717 martyribus
1247 684 1441 718 quinquagenos
1458 684 1544 718 folles,
1560 685 1627 710 unde
1651 685 1724 710 cesti-

934 733 1047 755 mentum
1057 733 1161 760 emeret,
1172 729 1313 763 petivisset.
1329 729 1389 756 Mox
1399 729 1444 756 ille
1452 729 1595 756 discedens
1608 729 1724 763 ejectum

934 772 960 799 in
987 773 1078 800 littore
1103 773 1207 808 piscem
1224 773 1358 808 ingentem
1382 775 1491 809 reperit,
1509 782 1588 809 quem
1614 774 1724 802 cuidam

933 826 1021 853 coquo
1035 820 1165 847 trecentis
1183 819 1293 847 follibus
1310 820 1442 847 vendidit.
1461 819 1524 847 "me
1541 819 1723 855 Augustinus.

936 863 1008 891 Sane
1023 864 1101 892 folles
1135 865 1179 892 isti
1198 873 1251 892 non
1270 865 1390 900 argentei
1410 869 1484 896 sunt,
1503 869 1532 892 ut
1548 866 1645 900 opinor
1667 865 1725 899 (ue-

899 903 919 930 Β
934 917 986 945 que
1000 909 1073 937 enim
1091 910 1158 936 tanti
1187 910 1271 944 piscis
1301 918 1371 938 lllllls
1386 917 1400 937 a
1424 918 1511 945 coquo
1534 911 1724 940 redimeretur.

935 963 1033 990 nempe
1041 956 1177 983 sexcentis
1188 956 1411 987 milliarensibus,
1425 961 1471 982 aut
1483 956 1631 991 majoribus
1642 956 1724 983 etiam

935 1000 1080 1035 argenteis,
1097 1001 1143 1035 qui
1156 1000 1177 1028 si
1195 1000 1347 1027 didracbiui
1362 1000 1473 1032 fuerint,
1492 1001 1564 1028 mille
1579 1008 1610 1027 ac
1622 1000 1722 1027 ducen-

935 1050 978 1074 tos
989 1047 1116 1074 denarios
1127 1050 1272 1081 argenteos
1289 1047 1427 1080 reddunt),
1438 1055 1531 1074 verum
1543 1047 1603 1074 terei
1619 1046 1722 1073 nummi

935 1092 1020 1119 fuisse
1034 1091 1171 1124 videntur,
1193 1092 1305 1119 a'terius
1324 1093 1402 1126 plane
1423 1093 1535 1127 speciei,
1553 1101 1633 1127 quam
1650 1092 1723 1119 Con-

935 1136 1097 1165 stantiniani
1116 1137 1166 1169 illi,
1189 1145 1305 1172 quorum
1331 1138 1382 1164 tria
1406 1139 1490 1165 millia
1517 1147 1565 1173 per
1583 1138 1723 1165 universas

934 1183 1041 1215 Africae.
1058 1183 1190 1210 Numidia:
1215 1191 1246 1210 ac
1267 1183 1435 1210 Mauritania:
1456 1183 1592 1211 Ecelesias
1605 1185 1722 1218 impera-

934 1232 978 1255 tor
990 1228 1035 1255 illc
1050 1228 1200 1255 distribuit.
1215 1228 1305 1260 Quare
1318 1229 1397 1255 ambo
1411 1229 1456 1256 illa
1471 1230 1594 1264 exempla
1611 1230 1724 1256 minimc

934 1273 1126 1301 confundenda
1144 1274 1264 1301 fuerunt.
1278 1274 1355 1307 Quod
1368 1274 1438 1301 idem
1453 1280 1479 1302 et
1495 1275 1527 1302 de
1545 1274 1654 1301 follibus
1670 1274 1724 1302 illis

934 1319 1143 1354 quadringentis
1160 1319 1297 1347 aestimare
1318 1319 1390 1351 licet,
1407 1328 1476 1354 quos
1498 1320 1602 1356 Lucilla
1627 1320 1722 1347 claris-

934 1366 1003 1393 sima
1019 1365 1118 1392 femina
1134 1373 1182 1400 pro
1203 1365 1329 1399 Maiorini
1352 1365 1525 1393 ordinatione
1546 1366 1636 1397 dedit;
1653 1373 1723 1401 quo-

934 1419 994 1439 rum
1015 1412 1041 1438 in
1055 1419 1138 1439 causa
1153 1412 1356 1440 Donatistarum
1377 1413 1506 1447 frequens
1517 1413 1636 1440 Occurrit
1648 1420 1724 1440 men-

933 1458 982 1490 tio,
1005 1462 1034 1484 ut
1057 1458 1129 1492 apud
1156 1458 1225 1493 Aug.
1253 1458 1298 1485 lib.
1321 1465 1351 1484 ιιι
1379 1463 1470 1485 contra
1490 1458 1620 1485 Crescent.
1647 1458 1723 1485 Ridi-

935 1504 997 1531 cule
1011 1503 1084 1530 euim
1099 1503 1176 1530 folles
1188 1503 1256 1530 istos
1268 1503 1389 1538 ejusdem
1402 1503 1508 1538 generis
1521 1511 1582 1530 cum
1595 1503 1722 1530 trecentis

935 1548 988 1575 illis
1007 1555 1069 1575 esse
1086 1547 1200 1580 dixeris,
1221 1549 1322 1583 quibus
1338 1548 1440 1582 piscem
1455 1553 1544 1575 sarlor
1558 1548 1603 1575 ille
1615 1555 1723 1582 peruul-

935 1593 1013 1620 tavit.
1033 1592 1124 1625 Quare
1149 1592 1182 1619 ad
1208 1597 1353 1628 argenteos
1385 1593 1463 1620 folles
1486 1593 1622 1627 pertinere
1644 1596 1721 1626 puto.

936 1638 1034 1665 Eadem
1051 1639 1078 1666 in
1091 1639 1197 1666 cmteris
1212 1639 1354 1674 exemplis,
1369 1647 1430 1674 quae
1444 1640 1545 1674 passim
1562 1643 1721 1670 occurrunt,

935 1684 1088 1712 adhibenda
1106 1685 1197 1712 cautio
1216 1689 1267 1717 est,
1285 1689 1314 1711 ut
1332 1693 1382 1718 pro
1400 1685 1551 1720 argumenti
1567 1685 1681 1714 ratione,
1695 1687 1723 1711 et

935 1739 968 1758 ex
985 1731 1119 1759 orationis
1138 1731 1286 1766 ἀκολουθίᾳ
1301 1731 1479 1758 divinandum
1496 1731 1542 1762 sit,
1560 1730 1594 1758 de
1607 1739 1661 1766 quo
1675 1731 1723 1758 fol-

936 1778 971 1805 lis
985 1785 1084 1813 genere
1097 1785 1187 1805 sermo
1198 1777 1233 1805 ab
1250 1777 1410 1804 auctoribus
1425 1776 1594 1804 instituatur.

101 1870 1198 1885 Ἦ

576 1954 905 2012 DIONYSII
943 1957 1239 2016 PETAVII

738 2067 760 2094 Ε
779 2065 973 2094 SOCIETATE
988 2066 1070 2095 JESU

91 2144 295 2177 ELENCHUS
313 2143 744 2176 DISl’UNCTIUNCULARUM
759 2144 1110 2215 1i§§TI§£I§il¥S§RIONIl
1124 2145 1173 2177 DE
1189 2146 1441 2178 P(ENITENTI./E
1468 2147 1560 2178 RITU
1582 2149 1722 2179 VETERI

448 2266 502 2302 (Cf.
522 2267 623 2295 Petavii
642 2267 790 2296 Diatribam
801 2268 834 2296 de
844 2268 1004 2303 panitentitz
1022 2268 1075 2296 ritu
1093 2270 1173 2296 veteri
1186 2270 1212 2297 in
1228 2269 1370 2306 Ecclesia.)

95 2384 322 2413 Rererendixsimo
337 2385 365 2411 in
381 2383 488 2412 Christo
502 2367 578 2411 Patri
592 2383 709 2412 Gabricli
726 2385 913 2447 Albaspi‘nqco',’
927 2386 1114 2449 Aurglianensi
1137 2387 1280 2422 Episcopo,
1300 2387 1446 2423 Dionysius
1466 2388 1591 2415 Petavius
1605 2396 1619 2415 e
1634 2388 1722 2416 Socie-

844 2430 859 2448 a
873 2430 886 2448 e
917 2430 964 2448 esu
1003 2442 1009 2448 .

844 2430 886 2448 ate
898 2430 964 2448 .tesu
980 2430 1009 2448 ὁ.

128 2478 208 2512 Quod
224 2479 252 2504 in
266 2478 423 2505 clericorum
443 2477 554 2512 querelis
565 2481 590 2504 et
599 2479 783 2505 controversiis
803 2484 891 2506 vetera
907 2479 1035 2507 Ecclesiw
1044 2480 1110 2514 jura
1119 2480 1305 2514 prwscribunt,
1320 2480 1425 2507 Prazsul
1439 2481 1609 2515 amplissime,
1628 2486 1656 2507 ut
1672 2481 1725 2514 epi~

95 2525 166 2558 scopi
179 2532 207 2551 se
223 2523 335 2550 arbitrio
345 2523 496 2559 iudicioque
510 2523 658 2550 sistant:id
671 2523 697 2550 in
709 2524 757 2550 hac
777 2525 892 2559 quatiant
909 2526 955 2552 lite
966 2530 1059 2552 nostra
1079 2519 1190 2552 libenter
1212 2526 1246 2552 ad
1272 2531 1295 2553 le
1310 2527 1383 2553 venio
1405 2527 1570 2561 studioseque
1591 2527 1723 2561 facturas.

95 2573 243 2599 Accusatus
260 2572 329 2598 enim
345 2580 361 2597 a
374 2571 469 2598 clerico
485 2576 530 2598 tuo
543 2571 654 2599 clericus
663 2577 687 2598 et
703 2572 757 2606 ipse
771 2573 904 2607 quondam
921 2578 982 2600 tuus
997 2581 1006 2600 :
1024 2578 1079 2600 tum
1099 2573 1261 2607 injuriarum
1277 2574 1304 2600 in
1319 2578 1342 2600 te
1358 2574 1426 2605 falso
1446 2579 1470 2601 et
1483 2574 1615 2601 immerito
1633 2580 1724 2608 postu-

95 2620 177 2651 latur,
191 2628 243 2646 non
258 2619 351 2652 alium,
368 2627 447 2654 quant
465 2620 577 2653 teipsum
595 2619 658 2646 milii
669 2619 799 2654 judicent,
814 2620 866 2646 imo
883 2629 943 2648 vero
961 2621 1124 2655 defensorem
1144 2629 1175 2647 ac
1197 2625 1337 2655 patronum
1355 2622 1473 2656 quaesivi.
1492 2621 1588 2648 Editus
1602 2627 1640 2648 est
1653 2622 1723 2649 cuitu

96 2672 193 2698 paucos
210 2670 271 2691 ante
288 2673 388 2692 menses
407 2665 534 2692 obscurus
548 2665 656 2700 quidam
678 2664 781 2692 libellus
798 2674 815 2692 α
830 2665 969 2694 Ηαιιινίιιο
989 2666 1121 2698 Simonio,
1140 2667 1342 2694 Aurelianensis
1366 2667 1493 2694 Ecclesia:
1508 2667 1607 2694 decutio
1622 2675 1631 2694 .'
1646 2668 1721 2701 cujus

97 2710 193 2742 species
209 2714 234 2736 et
254 2710 391 2744 inscriptio
414 2711 518 2745 quidem
535 2711 590 2744 ipsa
613 2710 859 2744 dispuncliunculas
878 2713 965 2739 nescio
983 2721 1050 2747 quas
1064 2712 1096 2738 de
1118 2712 1278 2745 pwnitentiw
1294 2713 1348 2739 ritu
1368 2717 1453 2739 vetere
1467 2713 1494 2739 in
1508 2711 1630 2738 Ecclesia
1644 2711 1722 2745 polli-

96 2762 178 2784 cetur.
194 2756 248 2784 Sed
266 2758 292 2784 iu
304 2759 426 2791 cpistola,
439 2767 518 2793 quant
534 2759 561 2785 in
576 2758 662 2793 fronte
674 2758 722 2785 tibi
737 2760 821 2793 operis
837 2760 983 2794 inscripsit,
999 2765 1139 2795 postquam
1154 2760 1298 2787 verissimis
1314 2765 1338 2787 te
1354 2760 1490 2792 laudibus,
1506 2764 1533 2786 at
1545 2759 1621 2792 longe
1629 2757 1721 2784 merita

98 2809 142 2830 tuo
160 2803 318 2836 minoribus,
335 2806 448 2838 ornavit,
464 2805 495 2832 de
509 2814 547 2832 me
561 2807 600 2832 ita
614 2806 732 2840 queritur
748 2814 756 2833 :
774 2806 841 2833 Cum
856 2806 965 2841 ingenui
982 2807 1018 2834 sit
1031 2806 1114 2833 animi
1132 2807 1265 2842 profiteri.
1280 2814 1329 2841 per
1341 2815 1411 2842 quos
1427 2805 1584 2842 profeceris,
1601 2805 1720 2838 idipsum

98 2851 178 2878 factis
195 2851 253 2878 suis
269 2858 322 2878 non
341 2852 468 2886 probasc
484 2852 638 2886 Pelavium;
657 2853 703 2888 qui
719 2860 780 2884 qua:
796 2853 822 2879 iu
835 2853 943 2881 schedis
959 2853 1014 2881 tuis
1026 2861 1040 2879 a
1061 2861 1091 2880 se
1108 2854 1176 2881 lecta
1185 2861 1246 2882 esse
1258 2853 1336 2886 dicit,
1352 2862 1396 2887 ea,
1412 2859 1437 2880 te
1449 2859 1582 2886 nusquam
1596 2851 1720 2884 laudato,

99 2897 240 2933 publicare
257 2898 438 2926 autercrtcrit.
456 2898 540 2934 Caput
559 2905 597 2927 est
614 2900 661 2927 hoc
677 2900 855 2929 accusationis
874 2900 960 2935 illius,
975 2901 1143 2936 crimimsque
1163 2902 1268 2929 nostri:
1288 2906 1347 2928 tum
1363 2901 1444 2928 li’lclli
1460 2896 1640 2927 conscribendi
1656 2897 1719 2932 ﬁnis
