1937 3039
174 135 179 144 θ
213 157 266 187 eos
873 155 964 184 mox.
985 155 1161 186 PETAVIUS
1343 158 1349 160 ·
1787 162 1843 190 cos

211 223 245 241 un
259 221 315 241 cus.
329 212 440 249 Reliqua
457 213 604 248 disputatio
618 215 713 247 omnis,
730 223 809 250 quam
822 220 917 249 septem
934 217 1064 250 capitibus
1080 217 1276 252 complectitur,
1291 216 1451 245 accessionis
1466 219 1553 246 locum
1567 219 1654 247 habet.
1668 218 1764 256 Itaque
1777 222 1844 247 tau-

210 260 291 294 guida
305 264 355 292 est,
370 268 400 295 ac
413 259 506 286 debilis
524 259 596 287 illius
615 260 647 286 de
666 261 719 287 ritu
731 261 890 294 pwnitentiw
910 269 1068 297 consequens
1088 264 1186 295 oratio,
1203 267 1227 290 et
1243 267 1271 289 ut
1288 269 1383 290 ca’tera
1401 271 1454 290 non
1468 263 1565 294 desint.
1581 263 1653 290 nuda
1673 270 1698 291 et
1722 265 1845 299 simplici

210 307 369 334 auctoritate
384 306 506 337 dicentis.
522 315 572 334 non
587 307 787 341 probationibus
799 309 1011 343 argumentisque
1025 309 1131 342 nititur,
1147 314 1175 336 ut
1187 309 1283 336 indicio
1299 310 1345 342 sit,
1362 317 1412 336 non
1428 309 1558 344 pra’cipue
1573 310 1601 336 id
1614 309 1689 336 illum
1705 315 1843 345 agentem,

210 355 244 381 ad
264 354 375 381 alterius
389 355 506 380 instituti
522 355 686 381 occasionem
701 356 752 382 ista
777 357 926 390 scripsisse.
942 355 998 391 Ego
1014 365 1074 384 vero
1094 362 1234 392 postquam
1252 361 1352 383 attente
1375 356 1563 392 diligenterque
1581 356 1767 390 circumspexi,
1784 365 1843 383 me-

209 409 258 436 que
270 401 297 427 in
310 409 397 428 omnes
411 407 499 435 partes
521 402 681 437 cogitatione
696 403 819 436 converti,
835 403 982 438 intelligere
1003 413 1053 431 non
1068 413 1185 438 possunt,
1202 413 1253 439 qua
1270 412 1297 431 re
1315 403 1444 431 adductus
1457 403 1512 435 ille,
1529 412 1604 439 quem
1623 412 1703 438 neque
1717 403 1750 431 de
1770 404 1843 431 facie

209 448 336 475 hactenus
350 449 419 480 novi,
433 457 514 484 neque
529 457 587 476 cum
601 457 630 476 eo
645 458 722 476 usum
736 450 862 485 aliquem,
878 459 909 477 ac
925 460 957 478 ne
978 451 1104 478 levissimi
1120 451 1223 486 quidem
1242 452 1370 478 sermonis
1391 452 1577 478 commercium
1592 451 1682 483 habui,
1699 451 1778 486 cujus
1792 451 1844 478 deo

209 495 286 529 nique
299 503 392 521 nomen
407 495 525 526 aliunde,
541 504 620 530 quam
640 503 673 522 ea:
685 495 978 531 dispunctiuncularum
995 497 1178 531 inscriptione,
1193 505 1246 524 non
1264 497 1356 530 didici,
1375 497 1414 524 ita
1432 498 1460 524 in
1481 505 1521 524 me
1536 497 1692 524 commoveri
1708 498 1842 531 potuerit,

210 545 264 566 tant
279 545 308 566 ut
327 540 494 567 incredibilia
515 540 547 567 de
563 549 604 568 me
619 549 667 568 sua
682 542 730 568 illa
745 542 859 577 epistola
879 543 1006 578 rulgaret.
1028 542 1157 578 Equidem
1171 543 1301 570 decanum
1315 543 1516 570 Aurelianensis
1540 542 1666 570 Ecclesia:
1685 551 1738 570 non
1757 543 1843 570 modo

210 588 392 616 Christianum
405 594 430 616 et
445 589 621 622 Catholicam,
631 590 676 617 sed
688 591 769 618 etiam
786 592 872 618 virum
888 590 984 618 bonum
993 600 1024 618 ac
1037 591 1148 625 probum
1163 600 1218 619 esse
1232 596 1331 623 statuo,
1346 600 1426 627 neque
1438 590 1599 619 Christianae
1612 591 1685 626 legis,
1700 595 1724 618 et
1739 590 1843 617 diuina

209 634 383 670 fraterna'que
399 635 538 663 charitatis
553 636 673 663 oblitum.
693 637 777 672 Atque
801 646 830 664 eo
849 637 932 672 magis
947 637 1075 670 admiror,
1094 636 1120 663 id
1144 638 1242 668 a’tatis,
1259 636 1415 671 prudentia’,
1431 636 1532 663 ordinis
1553 644 1584 662 ac
1598 635 1735 670 dignitatis
1750 635 1843 661 hami-

211 689 280 713 nem,
297 689 348 708 non
360 681 447 708 dicam
463 682 518 709 lia-c
533 683 643 716 finxisse
657 683 688 710 de
707 692 756 716 me,
772 684 816 710 sed
843 684 1012 718 undecunque
1028 683 1133 710 tandem
1153 689 1269 717 accepta.
1291 689 1346 710 tam
1362 683 1504 710 credidisse
1522 682 1612 717 facile,
1629 686 1658 708 ut
1673 681 1735 708 aliis
1755 682 1842 708 etiam

208 728 365 762 persuadere
387 728 509 757 voluerit.
531 729 603 756 Nam
615 730 678 765 quid
699 739 729 758 eo
752 731 872 763 crimine,
889 730 958 766 quod
972 731 1045 757 trabis
1063 731 1164 765 objicit,
1188 731 1281 758 vanius
1297 735 1349 763 est,
1365 735 1412 757 aut
1426 730 1521 757 minori
1543 730 1660 757 veritatis
1675 729 1759 763 specie
1773 736 1844 756 con-

209 777 349 811 iunctum?
363 777 479 805 Schedas
500 787 540 805 me
556 783 627 811 tuas,
644 778 748 806 Pra'sul
772 779 943 813 amplissime,
960 783 1099 814 antequam
1119 778 1382 806 Animadversiones
1398 783 1504 806 nostras
1523 779 1634 811 ederem,
1656 777 1747 812 legisse
1760 776 1842 803 dicit.

210 825 288 857 Quod
304 825 378 860 longe
390 825 469 852 aliter
483 825 588 858 habere,
605 834 657 854 non
669 831 696 854 tu
711 827 766 861 ipse
778 826 855 853 modo
866 827 935 858 scis;
949 826 994 853 sed
1011 827 1102 853 amicis
1117 826 1308 857 etiamrnostris
1324 833 1355 852 ea
1371 825 1403 852 de
1417 834 1443 852 re
1460 825 1627 860 querentibus
1642 823 1733 858 palam
1751 827 1839 850 testa-

210 876 252 899 tus
264 881 290 899 es
304 880 313 899 .'
330 874 436 900 tametsi
451 873 561 900 schedas
582 882 623 901 me
638 874 732 906 legisse
743 879 804 901 tuas
821 882 873 901 non
888 874 934 901 ille
945 873 1048 909 quidem
1061 873 1128 900 dicit
1142 877 1241 908 aperte,
1255 873 1300 900 sed
1314 872 1416 908 oblique
1432 876 1457 899 et
1473 872 1588 905 captiose
1606 870 1734 905 loquitur,
1748 874 1777 896 ut
1794 868 1842 903 qui

209 919 295 946 minus
310 923 409 947 attente
423 921 504 954 ipsius
524 920 602 948 verba
622 926 790 956 percurrunt,
806 921 875 949 illud
889 922 977 956 ipsum
999 921 1135 956 offirmari
1151 924 1254 955 putent,
1275 925 1353 955 atque
1371 919 1503 955 ejusmodi
1518 919 1549 946 de
1565 919 1639 946 nobis
1660 918 1842 953 suspicione»:

209 963 342 997 auferant.

243 1007 345 1035 Rursus
359 1009 384 1035 si
397 1008 430 1035 de
445 1013 499 1035 tam
511 1010 649 1044 perspicua
664 1009 786 1045 falsitate
802 1010 960 1046 redarguere
972 1011 1104 1046 quispiam
1120 1010 1198 1038 illum
1215 1009 1338 1040 coluerit.
1352 1018 1382 1037 eo
1397 1009 1537 1045 confugere
1551 1009 1643 1043 possit,
1660 1017 1712 1036 non
1723 1016 1752 1035 se
1766 1007 1842 1035 sche-

208 1052 257 1080 das
274 1054 340 1080 istas
357 1063 373 1080 a
388 1053 461 1081 nobis
477 1053 578 1082 dixisse
595 1063 651 1082 esse
667 1055 759 1089 lectas,
773 1055 831 1088 sed,
852 1057 921 1091 quod
942 1056 969 1082 in
984 1055 1086 1083 schedis
1104 1056 1157 1082 tuis
1183 1056 1237 1090 ipse
1260 1055 1373 1091 legisset,
1389 1055 1422 1082 de
1434 1063 1484 1089 quo
1500 1063 1645 1082 sermonem
1667 1062 1736 1088 sa'pe
1754 1059 1848 1080 tecum-

208 1099 368 1133 habuissem,
384 1101 412 1127 id
429 1109 469 1128 me
484 1101 559 1129 edere
573 1103 600 1129 in
615 1102 706 1137 uulgus
722 1104 902 1130 antevertisse.
923 1104 957 1130 At
973 1111 1019 1138 ego
1033 1112 1074 1130 me
1085 1108 1170 1130 tecum
1192 1103 1289 1138 fateor,
1308 1111 1368 1130 cum
1392 1103 1454 1130 aliis
1468 1102 1500 1129 de
1519 1102 1596 1130 rebus
1612 1110 1671 1137 qute
1684 1102 1719 1129 ad
1735 1101 1840 1129 doctri-

209 1154 270 1173 nam
280 1147 419 1180 pertinent.
437 1151 491 1173 tum
502 1146 534 1173 de
550 1148 735 1174 ecclesiasticis
747 1147 865 1174 moribus
876 1153 901 1175 et
927 1148 1090 1183 antiquitate
1104 1156 1155 1174 non
1170 1156 1232 1175 raro
1245 1147 1412 1181 disputasse;
1426 1156 1457 1174 ac
1473 1147 1507 1174 de
1517 1148 1662 1178 nonnullis,
1676 1155 1734 1182 quce
1750 1147 1845 1174 minus

209 1191 335 1219 hab'ebam
351 1188 496 1226 elplicata,
514 1193 657 1226 qucesisse;
681 1202 727 1220 nec
749 1193 904 1221 mediocrem
923 1202 987 1220 sane
1009 1193 1127 1228 fructum
1151 1201 1184 1221 ex
1207 1194 1256 1221 ltoc
1271 1203 1321 1222 usu
1345 1199 1389 1221 tuo
1406 1202 1438 1221 ac
1454 1194 1585 1228 colloquio
1606 1193 1713 1228 cepisse,
1730 1200 1790 1219 cum
1806 1192 1844 1218 iis

208 1239 300 1270 etiam,
315 1247 373 1274 quae
386 1244 438 1266 ate
461 1240 695 1275 respondebantur.
708 1241 807 1275 partim
827 1242 970 1268 assentirer
984 1242 1099 1275 penitus,
1114 1241 1212 1273 partim
1229 1242 1311 1276 fretus
1332 1242 1455 1277 (equitate
1476 1241 1689 1276 humanitateque
1715 1244 1762 1267 tua
1775 1247 1839 1266 con-

211 1284 388 1312 tradicerem:
405 1294 467 1312 nam
487 1295 544 1312 cum
565 1286 642 1313 hodie
664 1291 688 1313 te
707 1295 782 1313 nemo
797 1295 884 1314 rerum
898 1287 1006 1313 illarum
1030 1287 1140 1314 scientia
1156 1292 1181 1314 et
1196 1288 1384 1314 euercitatione
1403 1292 1519 1322 superet,
1540 1292 1594 1314 tum
1618 1286 1732 1313 candore
1752 1285 1800 1312 illo
1813 1289 1842 1312 et

212 1332 343 1367 facilitate
357 1333 468 1367 miriﬁce
484 1337 611 1367 prwstus,
627 1337 656 1359 ut
668 1341 769 1365 eorum,
783 1341 841 1368 quw
852 1334 983 1368 sapienter
1003 1334 1112 1366 asseris,
1128 1342 1192 1368 non,
1204 1339 1233 1361 ut
1255 1334 1312 1365 ille.
1327 1335 1373 1368 qui
1386 1339 1478 1361 contra
1490 1342 1529 1361 me
1543 1334 1658 1368 scripsit,
1680 1334 1841 1360 auctoritate

211 1379 271 1407 sola
285 1379 364 1414 ﬁdem
379 1384 548 1414 extorqueas,
567 1379 613 1406 sed
629 1379 740 1406 liberum
751 1379 844 1413 cuique
850 1379 998 1413 judicium,
1011 1385 1035 1406 et
1053 1380 1180 1415 integras.
1195 1388 1253 1415 qua:
1275 1380 1347 1414 velit,
1364 1380 1455 1407 tuendi
1470 1388 1502 1406 ac
1522 1379 1677 1413 disputandi
1693 1384 1782 1414 partes
1798 1387 1840 1406 re-

212 1426 327 1462 linquas.
346 1427 421 1459 Quod
437 1427 471 1452 ad
483 1434 514 1453 ea
527 1434 586 1453 vero
597 1427 720 1460 pertinet,
733 1435 791 1461 quas
812 1425 844 1453 de
857 1427 1021 1461 pwnitenlia,
1037 1426 1118 1463 deque
1127 1428 1229 1455 cceteris
1244 1427 1370 1455 Ecclesia:
1385 1427 1490 1460 ritibus,
1508 1428 1536 1454 in
1557 1426 1748 1461 Epipltanianis
1769 1427 1837 1453 Ani-

211 1474 448 1502 madversionibus
463 1479 653 1501 commentatus
667 1483 735 1505 sum,
751 1483 781 1501 ea
795 1482 835 1501 me
851 1475 918 1508 scio,
931 1473 995 1501 DEI
1018 1483 1065 1510 ope
1081 1483 1112 1502 ac
1122 1474 1259 1509 beneﬁcio.
1273 1483 1324 1501 non
1343 1474 1449 1501 aliunde
1471 1474 1546 1506 mihi,
1560 1482 1637 1508 quam
1655 1474 1744 1500 labore
1756 1479 1781 1500 et
1797 1474 1839 1500 in-

211 1521 316 1548 dustria
331 1529 400 1555 mea,
414 1520 526 1548 assidua
547 1521 665 1548 Veterum
680 1522 800 1553 lectione,
816 1521 916 1556 aliquot
934 1530 1064 1548 annorum
1081 1529 1131 1548 usu
1150 1530 1181 1548 ac
1197 1521 1367 1548 meditatione
1386 1521 1525 1556 peperisse.
1544 1519 1658 1546 Possum
1673 1519 1839 1553 dispunctori

212 1566 413 1601 accusatorique
429 1574 484 1592 meo
498 1566 531 1593 de
547 1567 670 1601 singulis.
684 1575 742 1602 qua:
756 1567 813 1593 illic
845 1567 968 1598 tractavi,
991 1567 1134 1602 capitibus,
1150 1567 1256 1594 easdem
1277 1567 1351 1598 illas,
1367 1566 1461 1602 quibus
1478 1574 1542 1593 usus
1567 1574 1637 1597 sum,
1653 1566 1843 1597 auctoritates,

212 1612 296 1647 iisque
314 1612 397 1639 multo
421 1613 509 1648 plures
531 1614 557 1640 in
573 1614 734 1641 adversariis
749 1615 813 1642 meis
828 1619 935 1642 notatas
955 1623 986 1642 ac
1006 1615 1166 1649 perscriptas
1187 1614 1340 1646 ostendere,
1359 1623 1425 1649 quas
1443 1622 1475 1641 ex
1495 1614 1658 1640 Tertulliano
1670 1635 1677 1646 ,
1694 1613 1843 1648 Cypriane,

213 1658 366 1694 ueterisque
378 1658 504 1687 Patribus
518 1665 543 1687 et
557 1661 676 1695 antiquis
692 1661 810 1687 conciliis
823 1669 854 1687 ac
867 1660 1025 1692 canonibus,
1046 1666 1074 1688 ut
1092 1661 1251 1692 Scriptorem
1272 1669 1398 1696 quemque
1417 1661 1542 1695 legebam.
1556 1660 1673 1687 studiose
1690 1660 1782 1687 multis
1795 1659 1840 1686 ab-

214 1703 275 1731 hinc
294 1706 373 1732 annis
389 1705 598 1733 observat-eram.
620 1706 671 1733 Sed
686 1715 766 1742 neque
783 1707 1002 1742 χρηστομαθεὶας
1024 1708 1101 1738 istas,
1116 1715 1196 1742 neque
1210 1708 1233 1735 si
1245 1706 1308 1742 quid
1326 1714 1358 1733 ex
1373 1706 1427 1734 illis
1448 1707 1540 1734 solerli
1560 1707 1673 1738 ratione,
1690 1711 1737 1732 aut
1754 1706 1840 1740 conje-

213 1755 291 1777 ctura
303 1750 413 1784 deduxi,
426 1753 493 1779 tanti
506 1753 621 1786 wstimo,
634 1758 662 1779 ut
674 1761 721 1787 pro
733 1752 900 1779 tuntillarum
918 1761 1005 1780 rerum
1018 1753 1175 1780 vindicanda
1189 1753 1355 1787 possessione
1365 1752 1546 1788 suscipiendas
1559 1752 1708 1779 simultates
1720 1756 1743 1778 et
1761 1751 1839 1778 alter-

213 1797 329 1823 cationes
346 1797 506 1829 existimem,
523 1798 619 1825 nedum
634 1803 662 1825 ut
677 1806 709 1826 ex
724 1799 823 1825 incerta
835 1798 956 1834 falsaque
971 1799 1119 1833 suspicione
1133 1804 1233 1826 certam
1256 1799 1356 1826 nomini
1371 1799 1485 1833 alicujus
1507 1798 1646 1832 infamiam
1666 1797 1845 1831 inridiamque'

214 1841 385 1870 consciscam.
401 1843 440 1869 Ae
453 1844 626 1871 ecltuamille
639 1845 744 1878 saltem,
754 1845 917 1880 amplissime
932 1844 1135 1882 doctissimeque
1151 1845 1267 1879 Prwsul,
1277 1845 1483 1872 moderationem
1499 1845 1601 1871 imitari
1612 1844 1686 1871 vellet
1703 1852 1713 1870 :
1727 1843 1772 1878 qui
1783 1852 1845 1870 cum»

215 1887 453 1916 luculentissima»:
473 1899 504 1917 ac
520 1891 734 1918 laudatissimum
749 1891 816 1918 illud
830 1900 894 1925 opus
908 1892 1146 1919 ecclesiasticarum
1162 1893 1370 1920 Observationum
1385 1898 1443 1928 post
1464 1892 1724 1920 Animadversiones
1738 1895 1839 1918 nostras

215 1936 314 1969 edercs,
331 1937 363 1965 de
381 1939 468 1974 plagio
482 1938 528 1965 illo
545 1947 576 1966 ne
593 1939 683 1966 littera
696 1939 801 1974 quidem
815 1944 971 1974 conquestus
986 1947 1030 1972 es;
1045 1940 1115 1975 quod
1125 1941 1222 1967 recenti
1234 1949 1272 1974 re,
1286 1946 1310 1969 et
1326 1940 1358 1968 ab
1372 1949 1413 1973 eo,
1427 1939 1488 1975 cuja
1508 1940 1563 1967 hare
1574 1944 1642 1971 erat,
1657 1939 1715 1974 ﬁeri
1729 1939 1840 1966 maxime

215 1985 394 2012 conveniebat.

252 2032 291 2059 Tu
307 2041 378 2065 uero,
392 2041 452 2060 cum
468 2034 547 2061 certis
565 2033 598 2061 de
615 2033 744 2067 capitibus
760 2038 853 2060 contra
872 2038 950 2068 atque
963 2041 1010 2069 ego
1022 2035 1146 2067 sentires,
1158 2035 1225 2062 nihil
1242 2035 1269 2062 in
1285 2044 1332 2062 nos
1350 2043 1439 2070 aspere
1455 2040 1552 2067 tamen,
1569 2034 1787 2067 inclementerque
1799 2032 1840 2059 di-

215 2080 281 2108 :cisti
292 2088 302 2108 .'
316 2085 393 2116 atque
408 2081 447 2108 ita
462 2086 535 2108 tuam
550 2081 628 2108 homo
643 2090 696 2108 non
718 2082 805 2108 minus
820 2081 946 2113 prudens,
961 2090 1042 2113 quam
1062 2083 1194 2116 eruditus,
1213 2083 1361 2118 opinionem
1377 2082 1528 2117 explicasti,
1545 2086 1573 2107 ut
1590 2079 1781 2120 existimationi
1796 2087 1843 2106 no-

217 2131 281 2155 stri:
299 2128 476 2162 amicitiaque
493 2135 626 2162 parceres.
649 2127 686 2154 De
699 2127 748 2154 hac
763 2127 789 2154 in
804 2135 844 2154 me
866 2128 974 2155 lenitate
988 2130 1028 2155 uti
1047 2129 1110 2164 jure
1129 2128 1176 2155 tibi
1199 2129 1344 2155 maximam
1366 2128 1481 2163 gratiam
1496 2126 1597 2160 habeo;
1618 2127 1657 2153 ita
1679 2126 1839 2161 dispunctori

217 2185 273 2204 meo
286 2184 437 2204 succensere
450 2184 567 2211 possum,
593 2177 638 2208 qui
654 2175 772 2202 eamdem
792 2175 884 2202 aliena
901 2177 928 2202 in
951 2184 1035 2203 causa
1048 2185 1099 2203 non
1115 2176 1232 2208 adhibet,
1245 2185 1323 2211 quam
1337 2177 1364 2203 in
1388 2181 1433 2202 tua
1453 2175 1499 2202 tibi
1520 2175 1642 2201 decoram
1662 2178 1686 2201 et
1709 2179 1840 2201 nonestam

218 2226 329 2260 putasti.
345 2224 522 2258 Quamobrem
538 2224 607 2260 quod
622 2230 715 2251 contra
733 2232 772 2250 me
795 2228 925 2259 utcunque
941 2224 985 2251 ille
1001 2225 1124 2257 scribere,
1144 2231 1169 2252 et
1185 2229 1276 2251 errata
1291 2232 1349 2252 mea
1371 2225 1504 2258 castigare
1520 2223 1611 2255 coluit,
1633 2231 1683 2249 non
1698 2222 1775 2250 modo
1791 2230 1839 2248 non

219 2274 390 2308 reprehendo,
404 2272 449 2300 sed
463 2281 566 2308 quoquo
578 2273 668 2299 animo
687 2272 780 2306 fuerit,
796 2271 891 2298 bonam
904 2272 930 2298 in
943 2278 1048 2306 partem
1063 2273 1177 2307 accipio.
1197 2271 1276 2299 Video
1287 2273 1356 2299 enim
1373 2271 1400 2298 id
1421 2276 1444 2298 et
1465 2271 1642 2298 communium
1660 2271 1783 2297 interesse
1798 2269 1842 2296 lit-

220 2323 347 2350 terarum,
362 2323 386 2345 et
412 2317 518 2344 honeste
539 2326 570 2344 ac
591 2316 764 2344 laudabiliter
780 2324 855 2351 posse
874 2317 944 2351 fieri,
961 2326 1020 2344 cum
1040 2326 1114 2345 nemo
1133 2318 1179 2349 sit,
1195 2318 1241 2353 qui
1252 2322 1299 2344 aut
1315 2317 1405 2352 aliqua
1419 2325 1447 2344 re
1458 2325 1512 2344 non
1526 2321 1622 2351 peccet,
1643 2320 1687 2342 aut
1705 2316 1737 2342 ab
1757 2324 1840 2342 errore

220 2373 279 2398 suo,
292 2366 331 2392 sic
345 2370 471 2400 tanquam
489 2364 569 2393 malo.
582 2372 613 2390 ac
624 2363 715 2391 morbo
725 2372 752 2392 se
767 2364 883 2400 quodam
898 2365 978 2392 eximi
997 2370 1088 2400 optare
1101 2374 1152 2393 non
1164 2365 1266 2393 debeat.
1280 2364 1357 2392 Hunc
1375 2365 1456 2400 igitur
1470 2363 1644 2399 redarguendi
1659 2363 1709 2390 mei
1723 2367 1839 2390 conatum

221 2412 276 2448 fero
297 2421 348 2440 non
374 2413 471 2439 invitus
489 2420 498 2438 :
517 2411 564 2439 hoc
580 2420 735 2446 conqueror,
750 2413 805 2440 sine
819 2412 920 2448 injuria
936 2414 1158 2449 contumeliaque,
1177 2422 1238 2440 cum
1259 2417 1358 2447 posset,
1375 2413 1458 2447 magis
1483 2411 1555 2439 istud
1575 2412 1661 2445 ipsum
1678 2411 1792 2438 noluisse
1803 2410 1842 2445 fa-

221 2467 288 2487 cere.
304 2459 424 2486 Alterum
436 2458 504 2485 enim
519 2457 656 2486 tolerabile
668 2463 718 2491 est,
737 2464 765 2485 ut
781 2458 850 2492 dixi,
867 2458 980 2486 alterunt
993 2459 1144 2494 cujusmodi
1165 2460 1209 2491 sit,
1223 2467 1255 2486 ne
1268 2459 1292 2486 is
1308 2467 1324 2486 a
1340 2466 1380 2485 me
1399 2458 1524 2485 violatum
1543 2466 1570 2484 se
1587 2463 1669 2492 putet,
1686 2457 1748 2484 nolo
1764 2457 1839 2484 rcrbis

222 2506 286 2534 meis
298 2506 453 2540 exprimere.
468 2505 595 2541 Equidem
609 2505 678 2542 quod
696 2506 821 2534 adversus
835 2506 991 2538 catholicos,
1005 2511 1028 2533 et
1051 2506 1125 2534 illius
1147 2507 1296 2540 prazsertim
1313 2505 1415 2533 ordinis
1437 2506 1507 2532 uiros
1528 2513 1596 2540 agre
1609 2505 1726 2532 adducor
1742 2510 1770 2532 ut
1782 2506 1841 2532 scri-

223 2554 296 2586 bam,
313 2555 393 2582 etiam
415 2554 571 2587 lacessitus;
585 2554 729 2591 quamlibet
743 2555 862 2589 iniquam
877 2555 934 2589 ejus
955 2553 1179 2588 reprehensionem
1195 2562 1248 2581 non
1272 2553 1358 2581 solum
1375 2553 1505 2587 patienter
1521 2553 1651 2585 tulissem,
1665 2550 1754 2579 verum
1769 2553 1840 2579 etiam

225 2601 314 2634 tacite,
329 2602 352 2629 si
369 2601 493 2628 hactenus
509 2605 620 2629 conatus
636 2601 682 2628 ille
698 2599 860 2635 procederet,
876 2604 905 2626 ut
925 2599 953 2626 in
973 2599 1106 2633 probabili
1119 2600 1275 2635 quaestione,
1297 2603 1392 2626 contra
1412 2599 1562 2633 opinionem
1586 2602 1717 2630 nostram,
1734 2605 1784 2624 non
1796 2596 1840 2623 ad-

226 2658 315 2677 versus
337 2654 421 2682 tuam,
441 2649 545 2678 Prtesul
571 2649 744 2684 amplissime,
762 2649 814 2675 imo
837 2655 897 2674 uero
923 2655 1087 2674 communem
1112 2647 1240 2674 Ecclesiae
1258 2647 1409 2674 doctrinam
1427 2646 1535 2673 veniret.
1560 2645 1618 2672 Hoc
1641 2645 1710 2672 enim
1732 2644 1840 2672 restabat

225 2704 318 2729 unum,
334 2700 362 2723 ut
377 2696 404 2723 in
427 2696 567 2732 plerisque.
587 2704 645 2732 qum
664 2695 838 2729 pronuntiare
861 2693 927 2720 satis
947 2693 1051 2725 habuit,
1073 2703 1123 2721 non
1146 2694 1232 2721 solum
1249 2702 1265 2721 a
1285 2694 1337 2720 tuis
1359 2693 1434 2727 ipsis,
1450 2701 1561 2728 quorum
1577 2700 1605 2719 se
1626 2692 1754 2718 uindicem
1773 2695 1841 2725 atque

226 2743 394 2779 interpretem
408 2743 484 2778 facit,
501 2743 607 2777 scriptis
620 2747 644 2769 et
659 2741 818 2768 auctoritate
830 2739 972 2771 recederet.
986 2740 1032 2768 sed
1044 2749 1060 2767 a
1073 2741 1207 2768 communi
1219 2739 1519 2774 catholicorumjudicia
1531 2746 1685 2773 magnopere
1699 2736 1840 2764 dissideret.

227 2790 313 2826 Caput
332 2797 371 2820 est
385 2792 529 2819 secundum
544 2788 849 2824 dispunctiuncularum,
866 2797 918 2824 quo
935 2788 998 2825 quid
1013 2789 1047 2816 sit
1065 2789 1132 2817 dare
1152 2787 1354 2824 pmnitentiam,
1370 2787 1448 2822 plane
1463 2786 1609 2818 contraria,
1624 2794 1656 2813 ac
1674 2790 1748 2812 tuum
1762 2790 1785 2812 et
1798 2785 1840 2812 Ec.-

227 2838 314 2867 clesiaa
330 2839 426 2874 dogma
442 2838 503 2873 fert,
521 2837 625 2863 ratione
638 2835 752 2870 prudens
778 2845 812 2863 an
824 2837 973 2870 imprudens
1000 2837 1131 2871 exposuit.
1151 2836 1253 2864 Omitto
1276 2844 1345 2863 nunc
1367 2840 1472 2867 cwtera,
1487 2842 1546 2869 quae
1566 2838 1590 2861 te
1606 2834 1633 2860 in
1657 2841 1699 2865 ea,
1716 2841 1793 2868 quant
1804 2833 1839 2860 in-

229 2884 355 2917 scriptam
370 2884 470 2911 nomini
487 2887 531 2910 tuo
548 2889 672 2917 apparere
689 2881 769 2914 colui,
786 2882 963 2918 disputatione
986 2882 1068 2918 legere
1084 2881 1165 2915 malo,
1179 2889 1257 2916 quam
1272 2889 1303 2908 ex
1320 2880 1389 2908 brevi
1405 2880 1453 2908 hac
1470 2879 1582 2916 epistola
1596 2879 1695 2907 cursim
1710 2878 1841 2909 leviterque
