1937 3039
70 177 125 208 ῢο5
636 173 819 204 ΑυνΕιιευδ
835 173 874 202 Ml.

940 172 1120 202 SIMONIUM.
1651 178 1707 207 θος

73 243 240 272 cognoscere.
254 235 342 270 Quam
357 235 461 271 quidem
475 234 620 262 diatribam
639 239 758 262 nostram
773 235 892 270 quisquis
906 239 1006 262 allcnle
1025 242 1056 261 ac
1073 233 1203 268 patienter
1215 231 1360 266 exceperit;
1373 240 1425 259 non
1439 232 1525 259 minus
1539 231 1572 259 ad
1584 233 1702 267 iniquam

74 283 261 319 depellendam
283 284 506 315 criminationem,
521 282 657 310 honestam
677 282 764 313 nobis,
782 290 862 317 quant
881 282 915 308 ad
939 287 1022 315 luam,
1037 286 1062 308 et
1089 279 1215 307 Ecclesia'
1231 279 1448 314 propugnantium
1465 279 1704 315 illustramlamque

75 330 240 362 doctrinam,
254 330 326 363 piam
342 336 373 355 ac
393 327 569 355 necessariam
589 327 671 362 fuisse
683 328 827 362 judicabit.
845 327 865 354 Α
886 332 910 355 te
931 336 1000 359 vero,
1019 326 1124 354 Prwsul
1147 326 1318 360 amplissime,
1341 330 1470 360 postremo
1492 325 1559 352 illud
1580 328 1695 359 postulo,

75 376 145 411 quod
157 376 361 409 impetraturum
378 382 419 400 me
435 381 491 400 esse
504 373 625 408 conﬁdo;
641 377 669 399 ut
686 378 778 400 contra
798 374 983 400 criminatores
1007 381 1075 400 meos
1090 373 1220 407 integrum
1234 371 1298 398 mihi
1315 376 1388 398 tuum
1405 371 1523 397 animum
1547 371 1698 399 benevolen-

76 423 193 457 tiamque
213 430 349 449 conserves
365 429 374 448 :
392 426 447 448 tum
470 425 498 447 ut
514 421 544 447 de
563 429 603 447 me
621 421 737 448 vicissim
760 421 807 448 tibi
827 421 979 456 polliceare,
1007 420 1136 455 fautorem
1163 428 1203 446 me
1225 419 1362 454 dignitatis
1380 424 1442 451 tuaz,
1458 427 1520 450 non,
1537 423 1565 445 ut
1582 419 1699 454 quidam,

76 468 171 494 alienis
186 467 374 503 dispungendis
389 467 536 501 laboribus,
559 467 605 495 sed
627 476 698 495 more
722 469 788 496 bono
804 468 947 504 proboque,
980 467 1095 501 tuendis,
1123 466 1209 503 quoad
1230 467 1300 499 licet,
1320 466 1484 494 monimentis
1502 466 1554 493 tuis
1576 471 1702 501 perpetuat

79 515 207 551 tatarum.
223 513 295 542 Vale.

82 587 1700 601 ._.__.____.____—__._.___.__.__—__.._—__———.-

232 655 564 701 ELENCHUS'
585 655 1089 701 DISPUNCTIONUM
1127 655 1270 699 MAT.
1308 653 1550 700 SIMONII

483 729 529 758 DE
548 729 786 758 PCENITENTIIE
806 730 889 759 RITU
909 729 1039 758 VETERI
1059 729 1092 757 IN
1121 729 1300 758 ECCLESIA.

392 833 508 862 CAPUT
527 834 548 861 Ι,
881 828 904 858 Α
919 829 1099 861 cognomento
1114 832 1161 852 rex
1181 824 1272 852 dictus
1296 824 1344 856 sit,
1360 823 1433 851 velut
1454 823 1481 850 in
1501 826 1581 858 gente
1596 821 1707 854 Marcia,

79 901 376 936 Dispunctionesisuper’
396 899 495 927 Novati
513 905 537 927 et
556 899 700 927 Novatiani
719 899 869 936 nominibus

112 934 252 963 discussae.
269 934 434 967 Ostenditur,
455 943 505 961 non
528 943 558 961 ea
576 935 724 968 promiscue
745 935 869 968 usurpari

113 971 216 998 debere.
252 970 395 996 Novatiani
420 978 467 996 cur
500 969 621 997 damnati
650 978 697 1004 pro
721 970 868 1000 ltwrclicis;

113 1007 197 1041 deque
221 1014 258 1041 eor
272 1005 449 1041 dispnnctoris
475 1005 614 1039 conﬂictus
639 1012 748 1036 secum,
764 1009 788 1031 et
809 1012 869 1030 cum

113 1039 195 1067 ιιι).
212 1039 376 1074 Albaspinwi
399 1040 548 1072 sententia;
572 1048 630 1073 qua:
648 1044 671 1067 et
693 1040 752 1074 ipsa
773 1047 871 1075 propu-

112 1080 222 1111 gnatur.

113 1141 217 1168 Mirum
238 1140 266 1167 in
279 1139 339 1175 ipso
354 1138 453 1174 capitis
472 1138 558 1172 aditu,
580 1146 631 1167 nec
650 1139 760 1175 vulgare
782 1148 872 1175 παρα-

80 1187 245 1222 κινδύνευμι
262 1195 268 1213 :
285 1193 347 1212 cum
362 1185 416 1212 duo
437 1192 470 1212 ac
484 1185 585 1212 divorsi
601 1176 833 1213 fuerintNovatus
844 1189 871 1212 et

80 1233 266 1265 Horatianus;
281 1232 417 1266 iidemque
432 1231 530 1266 patria,
542 1231 675 1263 moribus,
686 1231 871 1266 institutisque

81 1279 230 1308 dissimiles
246 1288 253 1305 :
268 1282 357 1305 tamen
375 1277 422 1312 qui
437 1285 520 1304 unum
537 1284 570 1304 ex
590 1277 724 1304 ambobus
735 1276 870 1303 conﬂave-

80 1325 126 1356 rit,
146 1331 201 1351 non
225 1326 273 1350 aut
294 1329 387 1349 errare
412 1322 512 1357 ipsum,
539 1326 586 1349 aut
613 1321 729 1349 miscere
751 1321 819 1348 alios
840 1328 871 1348 ac

81 1368 260 1398 confundere.
276 1368 343 1400 Quis
365 1367 417 1394 hoc
440 1366 554 1402 aenigma
578 1366 728 1394 dissolvat?
752 1365 870 1398 Constet,

82 1414 183 1450 inquit.
208 1413 274 1440 duos
297 1413 388 1448 fuisse,
413 1421 525 1448 quorum
549 1411 618 1439 alter
635 1411 780 1443 Romanus,
803 1412 872 1439 alter

82 1460 227 1494 Africanus
242 1459 303 1493 fuit.
320 1458 350 1485 Et
370 1462 459 1485 tamen
472 1467 480 1484 :
494 1456 581 1489 Nulli,
598 1457 696 1491 inquit,
713 1457 740 1483 in
754 1465 784 1483 eo
795 1464 871 1483 erra-

81 1509 153 1536 runt,
170 1503 240 1539 quod
253 1503 320 1530 duos
333 1503 393 1531 illos
408 1503 436 1531 in
448 1510 529 1529 unum
546 1502 709 1529 miscuerint.
729 1500 789 1528 Non
802 1508 870 1528 auro
885 1496 906 1523 Β

82 1553 178 1577 contra
193 1548 306 1576 charum
320 1548 444 1575 duxerim
457 1547 509 1575 hoc
517 1547 677 1582 mysterium
693 1553 869 1581 cognoscere.

81 1595 188 1622 Amabo
204 1599 240 1625 te,
261 1593 310 1621 Vir
327 1592 444 1627 erudite,
462 1593 527 1628 quid
540 1600 602 1620 esse
619 1596 698 1627 putas
719 1592 788 1619 duos
803 1591 872 1618 invi-

81 1647 143 1668 cem
171 1638 362 1667 confundere?
385 1637 480 1666 Nonne
510 1645 570 1673 quae
594 1638 678 1665 unius
701 1637 739 1664 ita
761 1636 871 1672 propria

83 1690 161 1719 sunt,
186 1689 217 1712 ut
238 1684 272 1712 ad
293 1685 408 1711 alterum
430 1683 542 1710 minime
561 1682 735 1714 conveniant,
759 1682 786 1709 in
810 1688 872 1709 eum

83 1733 176 1768 ipsum
191 1730 353 1763 transferre;
370 1737 481 1763 nomen,
503 1737 600 1764 genus,
618 1729 702 1762 dicta,
720 1727 800 1761 facta,
818 1736 872 1755 ca:-

84 1783 145 1806 tera
169 1776 287 1811 denique
316 1775 470 1810 promiscue
493 1774 612 1801 habere?
633 1773 735 1801 Confer
763 1773 872 1801 Graecos

84 1824 148 1851 illos
173 1821 340 1856 Latinosque
360 1820 519 1855 scriptorcs,
545 1827 614 1854 quos
638 1820 664 1846 in
689 1818 810 1846 Diatriba
830 1818 873 1846 vel

85 1867 182 1897 citavi.
196 1865 238 1893 vel
253 1865 334 1893 omisi
351 1873 358 1891 :
377 1872 433 1892 rem
448 1863 613 1898 ipsissimam
631 1863 749 1890 videbis.
767 1863 801 1889 At
812 1862 874 1889 vide

87 1911 277 1941 sbtilitatem.
293 1909 355 1937 Non
368 1910 539 1939 miscuerunt,
554 1909 652 1943 inquit,
664 1908 728 1943 quia
742 1909 874 1934 duntaxat

87 1965 172 1986 unum
191 1960 326 1984 nouerant.
349 1955 538 1990 Argutissime.
554 1954 654 1988 Nempe
671 1953 743 1989 μίξις
758 1953 874 1980 duorum

87 2006 140 2031 est.
166 2001 268 2029 Verum
287 1999 353 2036 quid
380 2007 492 2027 necesse
518 2003 570 2032 est,
594 1999 690 2026 ambos
717 1998 874 2033 singillatim

89 2047 217 2083 cognitos
238 2046 359 2074 habere?
375 2044 443 2072 Nam
463 2044 486 2072 si
507 2048 706 2080 cognoscerent
725 2051 758 2071 ac
774 2043 876 2071 discer-

89 2102 156 2122 nere
173 2097 293 2129 possent.
312 2091 434 2128 proiecto
455 2098 511 2120 non
533 2091 742 2120 confunderent.
759 2089 830 2126 Ergo
847 2093 876 2116 ut

91 2139 177 2175 aliqui
194 2139 249 2166 duo
267 2137 396 2165 confundi
416 2137 580 2172 miscerique
597 2137 734 2170 dicantur,
757 2141 784 2164 tu
803 2137 877 2171 ejus-

91 2185 166 2213 modi
181 2183 363 2211 conditionem
380 2182 462 2214 l'eres,
479 2191 540 2218 quae
555 2191 590 2210 ne
602 2182 805 2210 confundantur
820 2182 877 2217 ipsa

91 2229 231 2266 perﬁciat?
251 2228 322 2262 Quid
342 2228 478 2256 alienius?
494 2228 566 2256 Duos
583 2227 653 2255 inter
676 2235 705 2255 se
725 2227 877 2263 Cyprianos

91 2273 241 2309 Gregorius
267 2272 456 2300 Nazianzenus
481 2272 582 2307 aliique
610 2272 811 2304 confuderunt,
842 2279 877 2298 an

88 2319 217 2355 singulos
247 2326 328 2347 nosse
348 2319 426 2354 prius
453 2318 585 2354 oportuit,
606 2325 688 2354 quam
713 2316 880 2345 confundere

92 2365 270 2402 putarentur?

127 2410 199 2439 Illud
223 2417 288 2438 vero
313 2410 375 2445 quis
402 2410 450 2438 tibi
472 2409 604 2438 concedat
624 2418 632 2436 :
652 2408 761 2436 Nemini
789 2409 880 2443 fraudi

91 2456 214 2492 futurum
228 2461 237 2482 :
253 2455 410 2490 Africanum
428 2454 572 2486 Novatum,
587 2458 611 2481 et
626 2453 809 2480 Novatianum
825 2453 881 2480 Ro-

93 2508 214 2533 manum,
232 2499 413 2528 Novatianum
432 2504 457 2527 et
479 2499 612 2526 Novatum
633 2499 804 2533 appellavisse
819 2508 881 2534 pra-

94 2548 193 2574 miseue
205 2549 230 2573 et
246 2545 447 2580 indi/ferenter?
462 2544 533 2572 Sane
547 2544 635 2572 fraudi
660 2545 696 2571 ita
714 2552 768 2572 non
786 2544 880 2579 fuerit,

96 2597 125 2620 ut
137 2592 172 2619 ad
186 2598 299 2619 causam
314 2591 411 2626 capitis
424 2591 560 2626 pertineat.
578 2599 585 2618 :
605 2590 639 2617 ab
657 2597 751 2618 errore
765 2599 831 2619 vero
849 2599 881 2619 ac

94 2636 308 2672 reprehensione
331 2637 406 2664 nulla
437 2639 485 2663 tua
519 2635 696 2671 grammatica
722 2636 881 2665 vindicabit.

102 2683 197 2715 Verba,
213 2682 316 2717 inquis,
328 2681 437 2716 paulum
460 2681 605 2713 declinata,
627 2681 699 2708 varie
716 2687 739 2708 et
754 2681 883 2717 multipli-

95 2729 160 2756 citer
174 2729 346 2760 reducuntur,
362 2732 408 2755 aut
426 2728 563 2762 porrectis,
578 2732 623 2754 aut
643 2727 763 2762 adjectis,
778 2733 824 2755 aut
838 2728 883 2755 de-

95 2773 200 2805 tractis,
212 2777 258 2800 aut
272 2773 429 2808 permutatis
445 2773 540 2800 litteris
554 2771 705 2808 syllabisve.
720 2773 792 2809 Ergo
810 2773 882 2802 idem

95 2819 149 2847 erit
158 2826 219 2850 rex.
239 2818 311 2853 quod
324 2818 445 2854 regulus,
460 2819 582 2852 regillus,
603 2818 778 2856 regillianus;
791 2823 821 2847 ut
835 2820 882 2856 qui

131 2874 172 2911 (α)
187 2873 426 2903 Animadversion.
444 2882 470 2911 p.
482 2874 546 2903 226.

919 872 1026 899 caeteris
1038 878 1147 906 quoque
1165 869 1386 904 cognominibus,
1401 876 1463 903 quin
1480 867 1599 895 indidem
1617 867 1703 894 dcclic

919 921 983 944 nata
1008 920 1082 950 sunt,
1105 915 1232 950 appellari
1251 915 1378 949 potuerit.
1399 913 1505 940 Nemini
1529 914 1591 940 item
1621 913 1707 939 l'iaiult

919 962 1013 995 fuerit,
1032 961 1167 988 Victorem
1184 960 1345 987 historicum
1361 959 1497 994 appellare
1519 958 1705 989 Victor-inuiti,

919 1007 1069 1038 Catonem,
1099 1006 1213 1037 Catum,
1243 1004 1366 1038 Catium,
1394 1004 1557 1035 Calicuum,
1588 1002 1707 1037 ἀδιαφό‹

921 1060 975 1087 ρως
993 1059 1138 1086 usurpare.
1154 1050 1271 1085 Reliqua
1285 1050 1406 1085 ejusdem
1415 1050 1522 1085 generis
1538 1053 1564 1076 et
1579 1048 1706 1076 absurdi-

919 1097 985 1125 tatis
1000 1097 1106 1125 omitto.

955 1142 1121 1170 Novatianos
1145 1141 1172 1168 in
1190 1140 1310 1167 Diatriba
1327 1139 1366 1174 (ιι)
1382 1139 1478 1174 scripsi
1502 1139 1549 1174 jus
1564 1138 1704 1166 relaxandi

920 1192 1032 1224 peccata
1047 1188 1080 1215 ab
1098 1187 1219 1215 Ecclesia
1236 1185 1373 1222 quondam
1393 1185 1568 1220 abjudicassc
1582 1194 1589 1212 :
1608 1184 1711 1219 Quippe

920 1235 1025 1261 unicam
1041 1233 1118 1261 illam
1135 1238 1302 1268 peccatorum
1319 1231 1510 1267 indulgentiam
1535 1231 1562 1257 in
1585 1230 1711 1257 Ecclesia!

921 1280 1034 1306 arbitrio
1052 1279 1161 1310 versari,
1181 1287 1240 1314 quw
1254 1286 1300 1312 per
1315 1277 1472 1311 baptismum
1489 1276 1630 1303 abtinetur.
1649 1275 1711 1303 Haec

921 1328 948 1351 te
965 1323 1061 1351 fateris
1081 1323 1118 1359 (b)
1137 1331 1192 1350 non
1212 1323 1372 1357 intelligere.
1399 1321 1469 1354 Quid
1497 1321 1617 1348 faciant?
1643 1321 1710 1348 Illud

922 1378 988 1398 sane
1006 1374 1083 1397 tuum
1103 1378 1158 1396 non
1174 1377 1307 1404 assequor
1323 1377 1330 1394 :
1349 1367 1496 1399 Novatum,
1513 1368 1566 1394 sive
1584 1366 1711 1393 Nooatia-

922 1425 994 1450 num,
1010 1416 1146 1443 hwreticos
1162 1415 1276 1448 habitos,
1294 1420 1370 1451 atque
1391 1414 1423 1441 ab
1441 1413 1563 1442 Ecclesia
1581 1414 1712 1442 catholica

922 1463 1085 1498 proscriptos
1110 1462 1203 1496 fuisse,
1219 1461 1289 1497 quod
1312 1461 1415 1488 nullum
1439 1460 1473 1488 ad
1491 1461 1578 1493 lapsos
1597 1461 1713 1487 reconci-

921 1507 1024 1534 liando:
1039 1507 1265 1542 condonandaque
1287 1512 1394 1541 peccata
1407 1507 1453 1540 jus
1472 1507 1500 1532 in
1519 1505 1640 1533 Ecclesia
1655 1514 1714 1533 esse

922 1557 1113 1586 asseverarent,
1131 1553 1246 1580 sinuosa:
1263 1544 1422 1587 qttwstionis
1431 1551 1584 1585 disceptatio
1601 1555 1650 1578 est.
1667 1550 1713 1577 Vi-

922 1597 995 1625 deris
1019 1598 1071 1625 hoc
1098 1605 1213 1632 arguere
1235 1597 1315 1629 velle,
1340 1597 1412 1632 quod
1434 1596 1490 1624 dixi
1510 1596 1665 1624 :Novatum
1687 1600 1715 1623 et

922 1642 1104 1671 Novatianum
1129 1643 1275 1671 lmreticos
1295 1643 1413 1675 habitos,
1432 1647 1513 1678 atque
1530 1643 1564 1670 ab
1591 1642 1718 1669 Ecclesia.

923 1689 1093 1724 proscriptos
1108 1697 1180 1721 esse,
1204 1689 1276 1724 quod
1293 1689 1396 1716 nullum
1419 1688 1452 1715 ad
1467 1688 1648 1715 condonanda
1666 1688 1713 1715 de-

923 1735 988 1761 licta
1010 1735 1056 1768 jus
1081 1734 1108 1761 in
1136 1733 1259 1762 Ecclesia
1282 1742 1343 1761 esse
1359 1733 1493 1760 dicerent.
1521 1732 1553 1759 Et
1568 1737 1660 1759 tamen
1687 1732 1717 1759 id

925 1778 1035 1805 concilii
1051 1777 1203 1806 Tridentini
1220 1778 1384 1804 auctoritate
1408 1784 1440 1803 ac
1456 1784 1524 1804 voee
1538 1776 1712 1810 comprobas.

924 1823 1036 1850 Gratum
1059 1827 1102 1851 est
1118 1823 1168 1851 hoc
1183 1822 1312 1850 oliiciutu.
1329 1823 1362 1850 At
1378 1822 1465 1856 hujus,
1481 1821 1532 1853 ais,
1549 1821 1626 1847 verba
1649 1821 1717 1849 nihil

926 1869 999 1896 aliud
1018 1874 1125 1902 sonant,
1140 1878 1220 1905 quant
1234 1870 1303 1896 inter
1324 1873 1433 1896 cwteros
1451 1867 1663 1894 Nouatianornm
1677 1875 1716 1893 er-

926 1923 1009 1947 rores,
1021 1919 1045 1942 et
1062 1915 1130 1941 hunc
1145 1914 1237 1949 fuisse.
1253 1915 1294 1941 An
1316 1913 1390 1940 aliud
1408 1912 1546 1940 dicimus?
1572 1912 1636 1947 Pag.
1651 1912 1717 1945 2:27,

926 1962 1008 1988 verba
1031 1964 1127 1987 nostra
1144 1965 1209 1987 sunt
1224 1969 1230 1987 :
1248 1959 1324 1993 Quod
1340 1959 1463 1990 claoium,
1487 1963 1516 1985 ut
1538 1962 1645 1990 vocant,
1668 1966 1717 1992 po-

928 2011 1046 2034 testatem
1061 2005 1186 2033 Ecclesia:
1205 2014 1237 2032 ac
1251 2004 1430 2032 sacerdotibus
1442 2004 1617 2035 detraherent,
1634 2008 1662 2030 ut
1677 2010 1718 2030 re-

926 2052 1010 2087 liquos
1033 2050 1182 2078 earumdem
1206 2059 1308 2078 errores
1332 2051 1465 2083 omittam,
1488 2049 1634 2076 Novatiam‘
1658 2053 1718 2076 tan-

927 2106 1008 2133 quam
1030 2097 1147 2124 ha'retiri
1170 2096 1294 2123 damnati
1309 2100 1380 2122 sunt.
1397 2095 1454 2123 Hoc
1472 2095 1596 2122 refellere
1618 2101 1649 2121 ac
1671 2102 1718 2122 ne-

891 2162 912 2190 c
928 2150 992 2179 gare
1012 2143 1146 2170 intererat
1169 2142 1245 2177 ejuS,
1264 2142 1310 2176 qui
1332 2141 1553 2176 Dispunctioncm
1575 2140 1717 2168 scriberet.

966 2188 1000 2216 At
1014 2189 1096 2216 etiam
1115 2188 1204 2224 μάτην
1217 2188 1387 2224 πτερυγίζει,
1401 2193 1429 2215 et
1447 2188 1473 2214 in
1488 2187 1605 2223 seipsam
1624 2187 1714 2214 incur-

932 2234 969 2261 rit.
985 2238 1030 2261 tua
1045 2233 1204 2269 disputatio,
1225 2237 1252 2261 et
1268 2234 1294 2261 in
1311 2233 1337 2260 id
1353 2233 1425 2268 quod
1441 2237 1590 2268 oppugnat,
1618 2233 1659 2260 vel
1675 2234 1717 2259 in-

930 2280 984 2308 vita
1003 2279 1145 2308 relabitur.
1165 2279 1236 2313 Quid
1248 2283 1300 2312 est,
1317 2279 1390 2315 quod
1412 2287 1427 2306 a
1447 2283 1544 2315 quarta
1565 2278 1674 2313 pagina,
1691 2282 1719 2306 et.

929 2324 1070 2360 deinceps,
1085 2324 1119 2351 ad
1138 2325 1217 2352 linem
1233 2332 1320 2360 usque
1343 2325 1442 2360 capitis
1464 2325 1580 2360 probare
1604 2324 1722 2351 niteris?

930 2370 1034 2405 Opinor
1058 2370 1144 2398 illud:
1164 2379 1218 2397 non
1238 2371 1272 2398 ob
1298 2379 1382 2398 unum
1405 2371 1477 2398 liulic
1496 2378 1629 2402 errorem,
1646 2369 1717 2405 quod

931 2416 1141 2444 rclaxandorum
1173 2417 1317 2444 criminum
1342 2417 1399 2451 jus,
1418 2420 1635 2452 potestatemque
1660 2417 1719 2443 cla-

930 2462 1014 2494 vium,
1034 2470 1118 2496 penes
1137 2461 1285 2490 Ecclesium
1303 2470 1363 2490 esse
1382 2467 1503 2498 negaret,
1526 2470 1575 2498 pro
1592 2462 1722 2489 lucretiro

932 2507 1054 2536 habitum
1078 2515 1140 2536 esse
1162 2508 1355 2536 Novatiauum.
1381 2509 1439 2535 Hoc
1465 2516 1552 2543 neque
1576 2515 1626 2544 ego
1650 2507 1720 2540 dixi,

931 2559 1020 2587 neque
1046 2552 1215 2579 contrarium
1239 2552 1428 2580 demonstrare
1444 2560 1513 2587 opus
1529 2553 1642 2579 omnino
1659 2551 1722 2579 fuit.

933 2597 1033 2626 Verum
1051 2599 1190 2634 quomodo
1216 2599 1282 2627 illud
1307 2600 1474 2635 persuadeas
1499 2600 1621 2633 demum,
1639 2607 1725 2634 porro

932 2643 1084 2671 videamus.
1104 2642 1232 2679 Cypriani
1257 2644 1347 2671 locum
1370 2645 1463 2676 aliers,
1481 2645 1527 2680 qui
1544 2645 1579 2672 ab
1601 2645 1724 2671 Antoniu

933 2687 1129 2724 interrogatus,
1143 2697 1221 2724 quant
1241 2688 1353 2717 haeresin
1371 2689 1537 2717 Nonatianus
1553 2690 1720 2717 introduxis-

933 2738 983 2766 set,
1007 2734 1044 2761 ita
1059 2735 1224 2769 respondet:
1241 2734 1317 2762 Scias
1331 2744 1378 2764 nos
1395 2737 1480 2770 primo
1498 2737 1523 2763 in
1543 2736 1600 2763 loco
1616 2743 1661 2762 nec
1675 2742 1723 2761 cu<

933 2779 1018 2806 riosos
1032 2787 1089 2807 esse
1103 2780 1204 2814 debere,
1217 2782 1281 2817 quid
1294 2782 1338 2810 ille
1349 2782 1452 2816 doceat,
1466 2791 1524 2810 cum
1535 2782 1603 2817 [oris
1617 2781 1720 2809 doceat.

934 2824 1060 2860 Quisquis
1084 2826 1129 2854 ille
1144 2831 1194 2861 est,
1216 2832 1241 2855 et
1265 2828 1456 2864 qualiscunque
1478 2833 1526 2861 est,
1551 2826 1726 2855 Christianus

970 2880 1009 2917 (ι)
1024 2881 1088 2920 Pag.
1105 2883 1132 2911 3.
