1937 3039
193 160 245 187 607

853 156 942 185 DION.
963 157 1134 184 PETAVIUS

1762 159 1816 186 608

194 224 244 242 non
257 218 311 246 est,
324 215 371 250 qui
383 215 408 242 in
424 215 524 242 Christi
540 215 657 242 Ecclesia
673 224 723 242 non
737 220 786 243 est.
805 217 855 243 ilic
872 217 976 243 Scilicet

1043 217 1079 251 ἧς
1094 215 1239 250 καθολικῆς
1251 215 1297 242 καὶ
1312 214 1489 250 ἁποστολικῆς
1505 215 1665 251 Ἐκκλησίας
1681 216 1798 251 δόγμασι
1808 226 1816 233 ·

193 259 321 295 Cypriani
349 260 424 287 locus
443 261 469 286 in
494 267 555 287 cum
579 267 594 286 a
618 265 644 287 te
664 260 742 287 linem
771 260 926 292 adducitur,
949 265 978 287 ut

193 306 334 337 ostendas,
353 306 435 331 alimn
453 306 606 340 quempiam
619 306 653 332 ob
670 313 801 337 errorem,
815 314 895 340 quam
906 306 978 340 quod

194 352 311 378 t-lavium
339 351 385 385 jus
410 351 538 378 Ecclesiae
560 352 723 384 detraheret,
747 352 903 379 hatreticum
919 359 979 379 esse

192 396 352 431 judicatum.
367 396 424 423 Hoc
449 397 520 424 enim
538 401 666 431 tanquam
687 404 701 423 a
726 404 769 424 me
791 397 910 431 positum
928 404 978 431 op-

196 450 316 477 pugnare
339 443 460 469 volebas.
489 442 548 469 Jam
575 450 640 469 vero
660 442 725 477 quid
751 443 867 470 alienius
892 443 926 470 ab
949 450 980 470 ea

196 487 340 522 hypothesi
362 487 542 522 institutoque
558 487 752 521 disputationis
773 491 836 519 ture,
852 495 933 523 quam
950 488 982 514 il-

197 533 242 568 lud
268 533 395 567 Cypriani
414 533 620 560 testimonium?
644 533 715 560 Doce
733 533 806 560 enim
828 534 870 561 vel
895 535 982 561 littera

196 583 318 605 notatum
339 579 366 605 in
391 579 425 606 iis
450 579 541 606 verbis
565 579 647 606 alium
672 580 827 614 quempiam
850 587 981 613 errorem,

197 629 308 659 propter
329 632 410 659 quem
439 624 582 652 lueretieus
611 625 705 653 haberi
731 626 870 653 meruerit.
901 626 984 662 Negat

197 670 352 705 Cyprianus
367 670 503 697 curiosius
528 670 732 705 inquirendum,
747 672 827 706 cujus
847 673 883 700 sit
898 673 984 700 haere-

198 716 238 743 sis
255 720 350 743 auctor
365 716 420 748 ille,
437 716 483 750 qui
498 715 524 742 in
540 716 661 744 Ecclesia
676 725 730 744 non
742 717 850 751 doceat,
866 718 918 746 hoc
931 723 984 751 est,

199 761 244 795 qui
263 768 292 787 se
311 761 345 788 ab
371 768 402 788 ea
428 761 577 788 schismate
600 761 734 789 diviserit.
763 762 800 790 De
822 770 915 790 errore
940 767 986 790 aut

199 806 295 834 luerosi
318 806 389 840 ipsa,
405 806 560 841 cujusmodi
584 807 629 838 sit,
646 807 745 842 quidve
760 808 908 841 contineat,
927 817 987 837 ver-

200 852 264 878 bum
293 852 408 878 nullum.
436 851 503 878 Nam
530 857 557 879 et
580 852 696 879 alterum
723 852 829 888 dogma,
856 854 929 888 quod
955 862 986 882 ex

1030 261 1162 294 τουτέστι,
1181 261 1227 287 καὶ
1243 260 1373 296 διγάμους
1399 263 1546 293 κοινωνεῖν,
1573 263 1619 288 καὶ
1643 264 1698 294 τοῖς
1721 264 1750 290 ἐν
1776 263 1822 298 τῷ

1031 306 1143 340 διωγμῷ
1159 306 1419 341 παραπεπτωκόσιν.
1448 306 1509 333 Prw
1525 307 1644 334 omnibus
1659 314 1748 336 autem
1771 318 1816 336 eos

1031 352 1128 386 scripto
1143 352 1262 386 proﬁteri
1274 356 1384 385 oportet,
1400 351 1469 386 quod
1481 353 1656 385 consentiant,
1670 358 1694 380 et
1704 362 1815 388 sequan-

1032 399 1075 421 tur
1093 395 1218 430 dogmata
1244 394 1370 423 Ecclesite
1392 395 1530 423 catholica:
1552 401 1576 424 et
1598 398 1771 430 apostolicae:
1790 397 1819 423 id

1032 446 1081 473 est,
1096 447 1121 468 et
1136 449 1193 468 cum
1212 441 1325 476 digamis
1339 442 1542 474 communicare,
1561 447 1585 469 et
1601 443 1642 470 his
1658 444 1702 478 qui
1715 445 1743 470 in
1757 452 1818 478 per»

1033 488 1164 514 secutione
1178 487 1245 521 lapsi
1261 492 1331 514 sunt.
1347 487 1412 520 Quae
1425 487 1481 514 sint
1497 488 1604 515 decreta
1619 488 1664 515 illa
1677 488 1817 522 Ecclesiae,

1033 540 1084 559 vox
1107 532 1230 559 τουτέστι
1257 532 1381 567 subjecta
1406 532 1560 567 signiﬁcat;
1587 541 1683 569 nempe
1706 535 1762 567 illa,
1784 543 1819 562 ex

1033 578 1132 613 quibus
1149 578 1259 605 tertium
1281 586 1366 613 genus
1387 578 1501 610 erroris,
1518 578 1582 606 novi
1597 579 1714 611 scilicet,
1734 587 1786 606 nec
1803 587 1819 607 a

1034 623 1114 651 nobis
1137 623 1337 655 animadversi,
1364 623 1482 652 conﬂare
1500 623 1621 651 voluisti.
1653 623 1726 652 Sane
1755 632 1819 652 cum

1035 667 1182 703 peculiaris
1203 667 1303 703 aliquis
1319 675 1397 696 error
1422 667 1566 696 Novatiani
1584 674 1764 703 quaereretur,
1789 675 1820 697 ut

1036 722 1091 742 non
1106 715 1167 742 ideo
1183 715 1394 743 condemnatum
1420 723 1469 750 pro
1494 716 1623 744 hteretico
1639 716 1726 744 fuisse
1742 725 1821 744 mon»

1037 764 1149 792 strares,
1164 760 1237 796 quod
1252 761 1298 796 jus
1314 762 1431 788 ctavium
1449 761 1616 796 abjudicaret
1632 762 1666 789 ab
1679 762 1820 795 Ecclesia.

1038 813 1092 833 non
1108 814 1220 841 possum
1237 814 1291 834 non
1316 807 1410 834 mirari
1437 808 1526 835 denuo
1550 808 1682 842 ejusmodi
1699 817 1713 835 a
1737 812 1765 835 te
1787 817 1820 836 ex

1038 851 1092 878 illis
1106 853 1220 880 canonis
1243 852 1335 879 verbis
1353 853 1536 888 exsculptum,
1552 853 1623 887 quod
1639 853 1671 880 ab
1694 853 1822 880 Ecclesia

200 897 397 924 commentario
411 897 550 924 Ambrosii
566 898 593 924 in
610 897 697 932 Epist.
715 898 729 925 I
746 898 780 924 ad
793 898 913 926 Corinth.
926 907 986 934 cap.
1004 889 1024 915 Β
1038 895 1149 923 decretis
1164 896 1294 931 deﬁceret.
1311 897 1338 924 ld
1353 898 1425 925 enim
1441 906 1494 925 non
1511 906 1596 925 unum
1611 899 1729 933 aliquem
1746 906 1825 927 erro-

200 949 236 974 γι,
263 942 422 976 colligitur:
440 942 492 975 Qui
519 943 678 977 fornicatur,
701 945 781 970 etiam
807 944 833 970 in
858 944 988 978 Spiritum

199 991 321 1013 sanctum
344 995 462 1021 peccare,
479 993 583 1022 propter
603 997 683 1023 quam
704 998 813 1016 causam
829 991 928 1017 scissus
950 996 990 1018 est

200 1032 232 1058 ab
248 1031 379 1065 Ecclesia,
401 1041 454 1060 non
472 1035 511 1060 sic
523 1034 712 1069 accipiendum
730 1039 782 1067 est,
794 1039 822 1062 ut
834 1036 869 1063 ob
886 1036 910 1062 id
922 1044 991 1071 pra:-

200 1079 257 1105 cise
278 1078 417 1113 judicatus
439 1079 475 1106 sit
492 1071 736 1115 luereticus,'quod
755 1082 820 1108 illud
841 1086 986 1109 assereret.

202 1123 301 1150 Verum
316 1124 388 1160 quod
401 1130 512 1160 peccata
525 1126 552 1152 in
566 1125 699 1161 Spiritum
715 1131 839 1154 sanctum
854 1127 989 1161 ejusmodi

201 1174 311 1204 putaret
327 1179 399 1204 esse,
426 1175 455 1198 ut
473 1172 589 1198 relaxari
608 1172 682 1199 nullo
702 1173 782 1199 modo
804 1177 934 1207 possent;
951 1173 993 1200 id-

203 1222 257 1249 que
274 1223 305 1242 ex
334 1215 472 1251 Evangelii
496 1218 661 1244 auctoritate
688 1225 831 1252 perperam
855 1218 991 1245 intellecta

203 1258 357 1286 confectura
372 1261 506 1292 crederet,
526 1261 715 1288 fornicationis
730 1260 800 1287 inter
816 1265 915 1287 Cretera
929 1268 992 1295 pec-

203 1308 294 1331 catum
308 1313 340 1332 eo
352 1313 434 1332 sensu
450 1314 481 1332 ac
497 1311 587 1333 mente
605 1311 701 1332 contra
720 1306 851 1341 Spiritum
868 1313 928 1334 esse
941 1306 991 1333 do-

204 1351 277 1384 cuit,
297 1355 325 1378 ut
341 1352 529 1379 ecclesiastico
544 1352 606 1386 jure
625 1359 657 1378 ac
678 1356 810 1386 potestate
826 1352 926 1379 remitti
944 1360 991 1379 ne-

203 1396 396 1432 quiret.Quam
408 1398 442 1424 oh
457 1404 566 1424 causam
579 1397 724 1424 divortium
737 1398 823 1432 primo
836 1397 898 1425 fecit
911 1407 917 1425 :
932 1402 991 1425 tum

203 1450 297 1470 errore
309 1443 414 1478 plenius
426 1444 546 1478 cognito,
558 1450 590 1470 eo
609 1443 780 1477 potissimum
797 1443 914 1476 nomine,
937 1452 987 1479 pro

206 1489 334 1516 [ιρι-διίηο
365 1489 511 1517 damnatus
537 1493 588 1516 est.
618 1489 719 1516 Horum
752 1490 844 1524 prius,
874 1489 901 1516 id
933 1494 986 1523 est,

206 1535 336 1568 schisma,
352 1542 406 1562 non
424 1535 550 1566 lunresin,
575 1536 666 1563 verbis
690 1535 757 1562 iisce
782 1534 992 1563 Commentario-
1007 1553 1028 1582 ο

206 1589 267 1607 rum
290 1586 384 1607 auctor
402 1581 503 1608 indicat
517 1591 523 1608 :
539 1587 644 1616 propter
664 1590 743 1616 quant
769 1590 878 1608 causam
894 1583 993 1610 scissus

207 1631 246 1653 est
261 1627 293 1653 ab
309 1626 439 1654 Ecclesia.
456 1626 490 1654 At
505 1627 576 1654 inter
592 1635 642 1654 nos
657 1635 712 1654 non
727 1627 761 1654 de
776 1627 932 1660 schismate,
946 1628 994 1655 sed

208 1671 335 1706 dogmate
350 1676 376 1699 et
392 1672 488 1699 haeresi
512 1673 700 1699 controversia
727 1675 779 1700 est.
801 1672 860 1705 Qua
879 1681 908 1700 re
927 1673 995 1700 nihil

209 1724 319 1744 causam
333 1721 407 1744 tuam
423 1717 498 1744 locus
515 1718 559 1745 ille
574 1718 708 1745 sublevat.

243 1761 279 1788 At
293 1769 357 1789 ecce
370 1771 376 1788 :
393 1761 467 1795 Tres,
484 1762 585 1796 inquis,
601 1763 769 1796 potissimum
783 1761 996 1790 Novatianorum

209 1815 311 1834 errores
334 1815 420 1834 canon
442 1808 459 1834 8
485 1807 603 1834 Nicwnw
620 1808 715 1842 synodi
735 1808 898 1842 perstringit.
923 1808 996 1835 Cedo

209 1852 300 1887 quos?
315 1853 421 1879 Primus
439 1856 492 1885 est,
515 1853 585 1887 quod
607 1861 633 1879 se
656 1852 787 1880 Catharos
804 1858 995 1888 nuncuparent.

211 1898 324 1926 lliccine
345 1902 393 1925 tuo
410 1898 515 1932 judicio
542 1906 618 1925 error
641 1902 694 1931 est,
711 1902 757 1925 aut
772 1898 896 1933 haeresis,
918 1899 997 1934 cujus

211 1944 298 1978 gratia
318 1943 462 1970 hzerctims
480 1943 514 1970 sit
531 1943 698 1970 Novatianus
716 1943 846 1971 habitus?
862 1943 930 1976 Quis
946 1952 998 1970 nu-

212 1987 286 2019 dam,
304 1987 465 2022 quamliber
476 1987 604 2014 stolidam
628 1992 654 2015 et
678 1989 809 2015 insulsam
832 1989 992 2024 appellatio-

213 2040 284 2065 nem,
301 2033 354 2060 nisi
370 2033 434 2067 quid
456 2033 543 2060 subsit
559 2033 643 2064 aliud,
659 2040 709 2068 pro
726 2033 856 2061 lueretico
873 2034 999 2068 dogmate

213 2078 397 2106 condemnet?
417 2078 484 2105 Tum
501 2079 569 2106 illud
592 2079 716 2107 attendas
733 2080 832 2113 velim;
856 2083 885 2106 ut
900 2087 933 2106 eo
951 2087 1000 2107 no-

214 2123 286 2150 mine
307 2131 358 2158 pro
371 2123 508 2152 haereticis
525 2124 610 2151 habiti
635 2124 690 2151 sint
708 2124 864 2156 Novatiani,
881 2125 954 2160 quod
970 2133 1000 2153 se

214 2170 348 2198 Catharos
368 2171 514 2203 vocabant,
531 2171 600 2198 nihil
615 2171 666 2198 hoc
681 2171 715 2198 ad
737 2171 870 2198 Novatum
893 2173 932 2199 vel
947 2171 1000 2199 No-

1039 949 1107 974 rem,
1124 941 1171 969 sed
1189 942 1295 969 inlinita
1314 950 1438 969 errorum
1453 943 1541 978 capita
1557 951 1608 971 suo
1626 944 1727 971 ambitu
1749 953 1824 972 com-

1039 987 1176 1022 plectitur.
1197 987 1331 1020 Quocirca
1352 989 1493 1016 verissima
1512 992 1554 1015 est
1577 989 1692 1016 assertio
1706 989 1750 1016 illa
1773 997 1822 1016 no-

1040 1037 1107 1065 stra,
1126 1032 1171 1059 cui
1190 1033 1231 1060 vel
1247 1033 1349 1061 invitus
1368 1033 1425 1068 ipse
1440 1032 1598 1069 sull‘ragaris
1616 1043 1622 1062 :
1639 1033 1774 1061 Novatum
1792 1042 1824 1061 ac

1041 1077 1219 1104 Novatianum
1235 1077 1270 1104 ob
1284 1078 1310 1104 id
1326 1078 1463 1112 praecipue
1480 1078 1622 1106 hazreticos
1637 1086 1698 1107 esse
1713 1079 1825 1110 iudica-

1041 1125 1100 1154 tos;
1115 1121 1188 1156 quod
1197 1121 1354 1148 vemittendi
1371 1126 1535 1155 potestatem,
1552 1126 1580 1148 ut
1597 1122 1763 1150 Tridentinaz
1779 1131 1828 1158 sy-

1040 1167 1105 1194 nodi
1120 1167 1208 1194 vcrbis
1223 1171 1293 1199 utar,
1311 1168 1481 1201 pertinaciter
1498 1173 1631 1203 negarent.
1657 1168 1750 1195 Prima
1765 1169 1830 1203 qui-

1042 1213 1102 1240 dem
1127 1213 1236 1240 illorum
1260 1213 1294 1240 ab
1319 1213 1440 1240 Ecclesia
1464 1213 1613 1248 disjunctio
1634 1221 1648 1240 a
1678 1214 1827 1242 schismate

1042 1262 1132 1285 ortum
1155 1258 1264 1290 habuit,
1289 1259 1410 1285 nondum
1437 1259 1546 1294 vulgata
1572 1260 1681 1293 penitus
1708 1260 1827 1292 haeresi,

1042 1303 1114 1338 quod
1130 1303 1259 1339 Cypriani
1275 1304 1374 1331 allatus
1393 1311 1408 1330 a
1429 1308 1453 1330 te
1468 1304 1544 1331 locus
1563 1304 1676 1333 indicat.
1695 1304 1782 1337 Quem
1800 1311 1829 1332 ut

1043 1349 1071 1377 in
1088 1356 1117 1375 re
1134 1348 1274 1382 facillima,
1291 1349 1457 1384 minimeque
1480 1351 1644 1381 necessaria,
1669 1350 1830 1385 compendi—

1044 1393 1134 1421 laeere
1149 1394 1273 1428 potuisti.
1290 1393 1324 1420 At
1338 1394 1458 1421 haeretici
1474 1395 1508 1422 ob
1521 1395 1546 1422 id
1563 1395 1700 1429 pracipue
1712 1396 1831 1430 judicati

1043 1443 1118 1471 sunt,
1133 1439 1205 1474 quod
1219 1447 1272 1466 non
1288 1439 1375 1467 solum
1391 1444 1549 1475 peccatores
1562 1441 1595 1467 ad
1608 1442 1830 1469 communionem

1044 1485 1226 1512 admittendos
1250 1492 1304 1512 non
1320 1489 1465 1520 putarent,
1496 1486 1545 1513 sed
1569 1486 1642 1520 quod
1668 1494 1703 1513 ne
1720 1486 1830 1514 admitti

1044 1531 1154 1566 quidem
1169 1531 1328 1566 absolvique
1345 1539 1426 1567 posse
1446 1531 1597 1560 crederent.
1612 1531 1755 1560 Postremo
1767 1541 1832 1559 eum

1045 1577 1299 1612 dispunctiunculas
1324 1581 1385 1604 tuas
1407 1578 1433 1604 in
1449 1585 1512 1605 eum
1529 1578 1609 1605 linem
1632 1579 1780 1613 scripsisse
1804 1583 1843 1606 te-

1045 1622 1131 1654 dicas,
1146 1626 1176 1649 ut
1190 1621 1223 1649 R.
1239 1621 1269 1650 D.
1283 1622 1458 1657 Albaspiuaai,
1476 1622 1681 1651 Aurelianensis
1695 1624 1832 1658 episcopi,

1045 1675 1125 1702 quem
1151 1667 1265 1694 honoris
1289 1675 1372 1695 causa
1394 1667 1517 1699 nomino,
1537 1668 1663 1694 eximiam
1681 1668 1715 1694 de
1737 1675 1834 1702 perve-

1047 1713 1128 1740 tustis
1142 1712 1272 1741 Ecclesiae.
1284 1713 1437 1740 rationibus
1450 1713 1603 1740 doctrinam
1618 1720 1650 1740 ac
1666 1713 1833 1740 sententiam

1047 1766 1063 1785 a
1079 1763 1243 1794 praepostera
1267 1766 1327 1786 mea
1350 1759 1478 1793 opinione
1504 1758 1676 1791 vindicares;
1700 1758 1763 1786 vide
1784 1766 1834 1785 an-

1047 1811 1101 1831 non
1118 1804 1145 1831 in
1160 1811 1244 1832 causa
1260 1803 1404 1830 manifeste
1421 1803 1615 1838 prmvaricatus
1630 1802 1725 1830 lueris.
1740 1803 1835 1838 Neque

1047 1850 1120 1877 enim
1155 1849 1228 1877 aliud
1244 1849 1444 1876 eruditissimus
1459 1848 1503 1875 ille
1519 1848 1617 1882 pratsul
1632 1847 1735 1880 docuit,
1751 1855 1834 1883 quam

1049 1895 1121 1930 quod
1145 1899 1307 1930 usurpatum
1332 1902 1347 1921 a
1363 1902 1405 1922 me
1427 1894 1614 1928 reprehendis.
1637 1893 1744 1921 Etenim
1765 1894 1841 1921 libro

1049 1940 1169 1967 secundo
1192 1939 1407 1967 Observationum
1433 1938 1690 1971 Ecclesiasticarum,
1711 1946 1774 1974 cap.
1789 1939 1834 1970 2|,

1050 1993 1111 2020 pag.
1127 1984 1190 2017 5l2,
1211 1986 1248 2012 ita
1273 1992 1327 2012 non
1341 1984 1433 2012 minus
1448 1991 1513 2012 vere
1531 1991 1612 2018 quam
1627 1983 1707 2011 docte
1725 1987 1836 2011 sentcn-

1050 2027 1114 2054 tiam
1138 2034 1214 2054 suam
1236 2027 1352 2062 explicat
1373 2037 1379 2054 :
1404 2027 1461 2059 Quo
1490 2031 1576 2054 autem
1603 2027 1704 2054 minore
1732 2028 1835 2062 negotio

1050 2079 1081 2099 ea:
1103 2072 1155 2099 illis
1176 2071 1374 2107 difﬁcultatibus
1401 2081 1531 2108 emergere
1552 2073 1668 2107 possint,
1697 2072 1835 2100 advertant

1051 2124 1159 2153 oportet,
1189 2118 1398 2146 Novatiunorum
1424 2127 1539 2146 errarem
1570 2128 1622 2146 non
1648 2119 1675 2145 in
1707 2127 1737 2146 eo
1764 2121 1834 2153 pasi-

1053 2169 1126 2197 tum,
1149 2165 1219 2200 quod
1241 2165 1365 2196 dicerent,
1394 2172 1475 2199 neque
1503 2165 1607 2199 lapsum
1634 2172 1713 2199 neque
1732 2172 1836 2191 excom-

214 2217 354 2243 valianum
378 2218 533 2252 pel-“nere;
552 2217 598 2251 qui
621 2221 712 2244 ull-um
736 2224 765 2244 se
781 2216 928 2244 cuum-um
952 2225 999 2251 ap-
1017 2219 1037 2246 ι)
1052 2210 1214 2236 municatum
1235 2210 1262 2236 in
1292 2215 1374 2237 morte
1401 2218 1418 2236 a
1445 2210 1558 2244 peccatis
1588 2208 1765 2242 liberandum,
1792 2208 1836 2236 sed

215 2262 323 2297 pellarit
343 2270 476 2298 unquam,
502 2266 632 2289 constare
646 2269 701 2288 non
717 2262 847 2289 arbitror.
865 2263 945 2297 Atqui
966 2263 999 2290 de

215 2313 327 2336 auctore
353 2309 413 2343 ipso
437 2312 518 2335 secta:
537 2307 642 2335 Novato
665 2308 708 2334 vel
722 2307 884 2340 Novatiano,
901 2317 953 2335 non
968 2309 1002 2336 de

215 2354 275 2389 ejus
291 2354 446 2389 discipulis,
473 2361 504 2380 ac
519 2354 658 2388 partiariis
683 2354 802 2389 loqueris
819 2354 876 2390 (a);
894 2359 920 2381 et
939 2361 1002 2381 vero

216 2400 397 2434 loquidebes,
418 2399 569 2434 prmsertim
586 2406 647 2426 cum
666 2400 702 2427 ita
719 2404 857 2434 postremo
876 2400 1000 2434 colligis:

217 2446 350 2473 Gradibus
376 2446 465 2481 itaque
478 2446 565 2480 potius
580 2454 658 2481 quam
669 2446 797 2480 pra’cipiti
809 2454 898 2477 cursu,
911 2445 1003 2472 cecidit

219 2489 359 2521 Novatus;
375 2490 513 2518 secundus
527 2497 615 2523 error,
629 2490 698 2525 quod
716 2499 732 2516 a
747 2490 883 2517 catholica:
898 2495 922 2516 et
940 2498 1004 2523 apo-

217 2536 319 2563 stolica:
344 2536 469 2564 Ecclesia:
491 2537 601 2563 decretis
626 2537 784 2571 deﬁcerent;
808 2537 918 2568 tertius,
935 2536 1003 2571 quod

218 2583 384 2616 digamornnt
399 2588 423 2610 et
443 2583 577 2617 lapsorum
590 2583 799 2610 communionem
818 2581 921 2616 penitus
939 2581 1003 2614 reji-

219 2634 316 2656 ρει-ωτι.
338 2629 421 2656 Miror
433 2637 482 2665 pro
503 2629 611 2658 duobus
634 2637 665 2657 ac
691 2628 807 2656 diversis
823 2627 1004 2662 dogmatibus,

220 2679 247 2701 et
262 2675 402 2703 erroribus
424 2675 546 2708 obtrudi,
572 2676 618 2710 qui
644 2675 671 2702 in
695 2681 800 2701 canone
825 2671 871 2699 illo
896 2671 1006 2699 Nicaeno

219 2728 270 2756 pro
285 2729 340 2748 uno
354 2726 381 2749 et
404 2722 499 2749 eodem
522 2722 668 2748 habentur.
686 2719 773 2747 Verba
791 2717 899 2745 concilii
915 2727 922 2744 :
950 2717 1007 2754 Πρὸ

221 2764 329 2793 πάντων
354 2766 387 2801 δὴ
412 2766 515 2792 τούτων
537 2764 702 2800 ὁμολογῆσαι
730 2764 827 2796 αὐτοὺς
862 2762 1008 2798 ἐγγράφως

221 2813 365 2847 τ’ρεισὴκει,
385 2812 426 2837 ὃτι
453 2811 640 2846 συνθήσονται,
664 2810 709 2837 καὶ
725 2809 936 2844 ἀκολουθήσουσι
951 2809 1007 2840 τοῖς

258 2867 297 2902 (a)
316 2869 379 2904 Pag.
395 2869 422 2895 6.

1051 2255 1186 2283 ltwreticas
1214 2255 1272 2282 ideo
1301 2255 1414 2287 habitos,
1447 2255 1515 2289 quod
1542 2255 1728 2288 opinarentur,
1756 2254 1837 2282 Deum

1052 2302 1136 2335 ipsum
1153 2299 1278 2327 Ecclesia!
1290 2308 1370 2335 neque
1384 2299 1609 2330 remittendorum,
1629 2307 1709 2334 neque
1720 2300 1838 2325 retinen-

1052 2347 1146 2374 darum
1161 2351 1328 2381 peccatorum
1348 2347 1502 2381 capitalium
1514 2350 1670 2380 potestatem
1686 2346 1840 2380 copiamque

1053 2394 1155 2428 fecisse.
1174 2393 1236 2421 llzec
1262 2394 1318 2426 ille,
1342 2396 1369 2420 et
1393 2393 1427 2420 iis
1450 2392 1539 2419 aﬂinia
1555 2391 1707 2426 compluria
1730 2397 1839 2418 antece-

1053 2440 1127 2467 denti
1150 2440 1261 2474 capite:
1279 2447 1339 2474 quae
1363 2443 1391 2466 et
1414 2438 1569 2466 certissima
1593 2441 1667 2470 sunt,
1689 2440 1716 2464 et
1737 2436 1839 2464 nostris

1055 2486 1109 2513 illis
1130 2489 1325 2517 consentanea,
1340 2492 1401 2519 quae
1425 2487 1453 2510 tu
1482 2482 1671 2518 reprehendis,
1686 2481 1734 2517 qui
1755 2489 1789 2508 ne
1806 2481 1839 2508 ob

1055 2530 1120 2557 illud
1134 2538 1217 2557 unum
1232 2529 1368 2565 prazcipue
1379 2528 1477 2563 dogma
1488 2527 1630 2555 Novatiani
1642 2534 1691 2561 pro
1706 2525 1838 2553 heretieis

1055 2575 1139 2602 habiti
1157 2574 1300 2603 videantur
1315 2573 1399 2608 (quod
1421 2581 1482 2608 ego,
1497 2572 1574 2606 juxta
1596 2579 1628 2598 ac
1642 2569 1839 2598 reverendissi-

1056 2629 1117 2649 mus
1139 2621 1183 2648 ille
1208 2620 1318 2655 pra-sul,
1335 2619 1525 2653 allirmabam),
1542 2617 1707 2652 multiplices
1732 2617 1838 2643 illorum

1056 2674 1163 2694 errores
1180 2665 1276 2699 fuisse,
1296 2665 1376 2692 nobis
1388 2664 1486 2699 objicis
1500 2663 1549 2699 (b).
1567 2661 1618 2690 Sed
1635 2661 1758 2696 ejusdem
1776 2668 1839 2696 pne-

1057 2712 1124 2740 sulis
1138 2711 1290 2739 doctrinam
1309 2710 1432 2745 sequenti
1447 2709 1537 2744 capite
1561 2708 1639 2743 longe
1661 2706 1794 2742 apertius,
1809 2712 1838 2731 ac

1058 2756 1157 2784 minori
1173 2756 1264 2791 specie
1283 2755 1406 2783 veritatis
1421 2759 1572 2789 oppugnas.

1097 2861 1132 2896 (ὁ)
1147 2860 1211 2894 Pag.
1229 2860 1254 2893 5,
1267 2859 1293 2887 6.
