1937 3039
92 108 141 136 500

407 165 519 193 CAPUT
541 166 572 192 ll.

91 233 237 268 Explirato
264 233 326 267 quid
356 234 389 259 sit
420 234 485 260 dare
514 234 707 267 penitentiam,
735 232 887 260 Innocentii

128 269 204 296 locus
235 269 387 294 illustratur
412 276 548 302 perperam
578 269 605 295 in
635 268 883 302 Dispunctirtncnlis

129 307 263 336 acceptus.
292 303 473 337 Dispunctoris
498 311 596 333 secum,
623 307 647 330 et
665 312 721 329 cum
746 303 884 330 Catholica

129 338 272 370 sententia,
290 346 388 372 pugna.
406 337 456 364 Sed
474 342 498 364 et
518 346 576 364 cum
593 337 623 364 R.
645 338 677 363 D.
697 338 882 372 Albaspiua’o;

129 373 208 406 cujus
223 373 345 399 doctrina
356 372 516 406 defenditur.
540 373 576 399 De
590 378 683 406 quarto
700 373 784 407 gradu
801 373 884 407 paeni-

127 408 232 434 tentiae.
250 407 402 437 Osteusum,
417 413 553 441 perpetuos
575 409 600 434 in
617 416 646 434 eo
659 409 811 441 paenitentes
828 408 884 434 lite-

130 445 199 469 sisse
223 450 420 475 nonnunquam.
453 441 506 468 Sub
534 447 643 469 mortem
667 447 884 477 repra'scnlalam

129 477 193 512 olim
209 477 294 510 fuisse
309 477 518 504 communionem
534 485 542 503 :
558 477 634 512 idque
648 485 680 504 ea:
698 477 802 504 Nira'ni
819 486 884 505 con-

127 511 188 539 cilii
205 517 299 538 mente.

130 577 245 606 Lemma
260 579 358 614 capitis
378 579 510 608 secundi:
533 579 697 612 Quibusnam
716 585 884 614 peccatorum

92 624 245 658 generibus,
265 629 290 651 et
303 629 431 658 quatenus
455 629 548 659 negata
562 626 710 653 communio
732 627 765 653 sit
785 627 812 653 in
834 626 884 653 Ec-

94 669 179 696 clesia
207 670 295 697 reteri.
320 670 406 702 Quam
433 671 487 697 vim
517 671 616 699 habeat
643 672 701 700 lucc
729 673 883 707 inscriptio,

96 722 189 749 quove
205 716 317 750 praeﬁxa
332 716 379 747 sit,
397 716 521 744 divinare
537 724 590 744 non
610 725 733 752 possum.
752 717 820 744 Nam
836 723 883 744 aut

95 761 223 796 subjecta
234 761 417 796 disputationi
429 763 555 797 sequenti
571 763 686 791 materia
702 769 754 796 est,
769 770 796 792 et
809 773 884 792 suru-

96 813 140 832 ma
161 813 258 833 eorunt
277 807 497 842 comprehensio,
515 816 576 843 qum
596 809 624 835 in
646 809 698 836 isto
719 810 807 844 capite
825 814 883 836 tra-

95 856 224 884 ctantur;
239 857 285 880 aut
298 853 369 888 ejus,
384 854 456 888 quod
469 861 625 889 oppugnare
645 855 774 888 instituit,
786 856 883 891 capitis

97 901 303 932 argumentum,
322 899 379 925 sive
397 900 428 925 τὸ
445 899 614 935 κρινόμενον.
636 899 767 928 Neutrum
787 901 883 928 horum

97 943 263 978 dispunctor
284 944 321 971 ibi
341 945 476 980 praestitit.
499 945 610 980 Legesis
631 950 712 981 caput
734 948 835 981 ipsum,
858 951 885 974 et

97 991 139 1017 vel
155 990 309 1022 minimam,
328 990 351 1018 si
368 995 456 1025 potes,
473 991 535 1018 inde
552 995 655 1026 partem
671 992 731 1026 ejus
745 993 883 1027 exsculpe,

100 1034 174 1069 quod
190 1035 333 1069 inscriptio
347 1035 405 1070 ipsa
421 1035 553 1063 minatur.
569 1036 640 1063 Nihil
655 1037 699 1063 hie
714 1037 748 1064 de
760 1042 885 1072 peccato-

98 1088 161 1107 rum
184 1081 341 1116 generibus,
365 1082 466 1116 quibus
487 1087 535 1109 aut
552 1087 747 1117 repraesentata
769 1084 816 1115 sit,
839 1088 885 1111 aut

100 1130 200 1162 negata
216 1128 382 1160 communio,
406 1127 512 1154 οἴκοθεν
532 1129 639 1162 attulit;
663 1129 731 1156 nihil
748 1137 830 1165 super
853 1139 884 1158 ea

99 1180 129 1200 re
145 1173 316 1207 propositum
332 1181 347 1200 a
359 1174 439 1201 nobis
455 1174 495 1201 vel
510 1174 651 1202 levissime
667 1175 774 1202 refellit.
796 1175 884 1203 Pauca

99 1218 226 1253 quaedam
240 1222 330 1250 vexat,
348 1227 397 1247 nec
415 1219 459 1246 illa
480 1228 546 1247 sane
565 1220 669 1254 καίρια.
695 1219 766 1253 Pax,
785 1221 883 1256 inquit,

100 1263 154 1290 sive
174 1264 355 1290 reconciliatio
370 1273 429 1291 cum
448 1265 578 1298 Ecclesia,
598 1275 656 1301 quae
670 1267 801 1294 absolutio
817 1268 886 1295 dici-

101 1313 155 1340 tur,
169 1309 202 1335 ab
214 1308 384 1336 Euclraristia
398 1311 475 1346 longo
488 1312 627 1339 intervallo
638 1318 787 1347 separatur.
797 1313 886 1342 Credo

100 1354 254 1388 perieulum
273 1359 342 1387 erat,
357 1364 391 1383 ne
408 1357 471 1391 quis
483 1357 684 1385 absolutionem
702 1367 761 1386 cum
781 1360 886 1387 Eucha-

101 1399 179 1426 ristia
203 1399 395 1434 confunderet,
420 1401 459 1429 sic
479 1403 558 1437 quasi
584 1404 763 1438 pharmacum
787 1406 886 1441 aliquis

102 1444 174 1473 idem
188 1454 249 1474 esse
262 1454 293 1474 ac
304 1447 447 1475 sanitatem
461 1449 609 1481 existimet,
622 1454 669 1477 aut
679 1451 724 1485 jus
736 1451 768 1478 ad
781 1460 886 1480 annuos

102 1490 229 1518 beneﬁcii
250 1490 357 1519 fructus
380 1493 539 1528 capiendos,
565 1502 627 1521 cum
654 1495 790 1524 lructibus
808 1498 885 1532 ipsis,
902 1507 922 1536 ο

102 1542 267 1570 annonaque
282 1537 441 1565 confundat.
454 1538 540 1566 Nemo
556 1540 595 1566 sic
611 1540 694 1568 hebes
709 1541 769 1573 fuit,
792 1548 821 1570 ut
838 1545 886 1572 ab-

103 1580 270 1607 solutionem
289 1581 489 1610 Eucharistiam
505 1591 566 1611 esse
581 1584 713 1614 crederet.
732 1586 824 1622 Itaque
841 1597 888 1616 nc-

104 1633 158 1660 quc
173 1630 202 1652 ut
217 1626 322 1660 [acilius
341 1627 556 1663 intelligeremus,
570 1638 659 1665 neque
674 1635 702 1658 ut
720 1633 832 1660 omnino
846 1634 887 1660 in-

104 1672 299 1706 teiligeremus,
313 1673 491 1701 laborandum
505 1675 566 1702 fuit.
577 1676 722 1711 Sequitur:
736 1678 886 1712 Sciendum,

107 1716 178 1750 apud
193 1716 378 1745 Innocentium
394 1720 420 1745 in
436 1719 556 1755 Epistola
571 1722 604 1748 ad
620 1722 792 1758 Exuperium,
807 1727 889 1759 μέλ-πὶ-

106 1762 225 1794 tentiam,
246 1762 447 1796 absolutionem,
466 1766 705 1795 reconciliationem
726 1771 889 1797 communio-

105 1807 156 1838 nis,
175 1807 369 1836 Euclraristiam
383 1818 434 1837 non
445 1812 604 1846 signiﬁcare.
623 1814 690 1846 Quis
702 1815 753 1842 hoc
766 1816 889 1849 ignorat?

107 1851 159 1879 Sed
177 1856 268 1880 tamen
283 1855 348 1889 quid
367 1857 526 1890 paenitentia
540 1858 586 1890 sit,
600 1859 678 1893 juvat
694 1860 811 1888 discere.
830 1862 890 1889 Pa:-

107 1897 230 1929 nitenlia,
253 1898 352 1933 inquit,
376 1900 402 1926 id
422 1906 472 1934 est,
495 1904 637 1936 paenitendi
659 1906 762 1940 cupido,
785 1908 889 1942 quando

107 1950 196 1969 recens
218 1944 304 1970 adhuc
328 1945 475 1974 Saluatoris
496 1949 599 1976 calebat
616 1959 706 1983 cruor,
725 1952 823 1979 donum
845 1953 890 1980 Dei

105 1993 173 2020 erat,
198 1990 268 2023 quod
285 1991 381 2018 animis
397 1992 517 2027 ﬁdelium
541 1995 711 2025 illabebatur.
733 1998 803 2030 Quid
818 2007 890 2027 nunc

108 2038 252 2068 postquam
271 2042 353 2062 cruor
365 2037 409 2064 ille
424 2038 549 2066 refrivit?
563 2040 632 2067 Num
648 2041 694 2069 Dei
710 2042 809 2070 donum
824 2051 888 2072 esse

108 2078 208 2106 desiit?
229 2080 269 2107 An
293 2081 432 2117 Pelagiani
448 2084 551 2112 erimus
574 2086 664 2118 hodie,
689 2092 718 2114 ut
739 2080 890 2122 pmnitendi

109 2125 265 2160 cupidinem
286 2127 397 2156 aliunde
410 2137 490 2164 quam
504 2138 537 2158 ex
555 2131 600 2159 Dei
617 2133 688 2160 dono
705 2139 831 2163 constare
846 2144 891 2163 ve-

112 2169 213 2198 limus?
240 2171 316 2205 Erat,
340 2173 439 2208 inquit,
462 2175 560 2202 donum
585 2177 645 2209 Dei,
673 2179 777 2213 quando
804 2189 890 2208 recens
907 2169 929 2196 ο

111 2217 195 2244 adhuc
205 2218 353 2246 Saluatoris
363 2221 466 2248 calebat
479 2230 566 2249 cruor.
580 2223 650 2259 Ergo
660 2225 760 2252 donum
779 2226 824 2253 Dei
839 2235 891 2254 non

112 2267 152 2290 est
168 2263 220 2290 hoc
235 2265 374 2298 tempore?
389 2265 520 2300 Sequitur
534 2268 671 2301 ἀπόδειξις
681 2278 714 2297 ex
730 2270 828 2303 Leone,
842 2269 897 2298 Au?

111 2308 234 2342 gustino,
250 2308 448 2337 Eueharistiam
469 2319 483 2337 a
496 2313 653 2346 poenitentia
667 2315 786 2343 dilIerre.
801 2316 893 2344 Tanta:

111 2352 190 2380 tnolis
209 2356 278 2385 erat,
298 2353 324 2380 id
346 2359 477 2388 astruere,
493 2361 540 2384 aut
564 2360 738 2392 persuadere,
757 2362 893 2396 panitet:-

112 2399 176 2425 tiam
193 2398 294 2426 donum
311 2407 371 2427 esse
393 2401 449 2433 Dei,
471 2409 503 2428 at:
525 2403 592 2430 citra
612 2404 808 2433 absolutionem
827 2407 894 2434 obtr-

113 2445 186 2471 neri!
206 2443 312 2471 Norunt
329 2445 380 2472 hoc
398 2446 424 2472 in
437 2446 539 2474 scholis
557 2448 699 2483 theologia.
717 2451 832 2483 tirones,
848 2452 894 2485 qui

113 2491 301 2525 paenitentiam
318 2492 386 2520 alias
404 2500 516 2521 sensum
538 2494 632 2527 animi,
646 2502 676 2522 ac
688 2501 768 2522 certae
785 2497 893 2525 virtutis

113 2535 228 2563 ollicium
243 2544 305 2564 esse
319 2536 490 2570 didicerunt;
510 2546 570 2573 qua:
586 2539 740 2573 cujusmodi
760 2541 807 2573 sit,
825 2542 896 2569 inter

114 2590 141 2609 se
157 2581 294 2617 hodieque
312 2586 428 2610 certant.
448 2584 524 2618 Apud
545 2585 734 2612 Innocentium
755 2594 819 2613 vero
839 2595 896 2622 pm-

114 2627 255 2655 nitenliam
268 2627 334 2654 nihil
349 2636 420 2660 esse,
440 2633 539 2662 praeter
554 2629 630 2655 illum
649 2629 733 2656 animi
749 2637 893 2658 mceror-em

114 2681 144 2701 ac
155 2672 257 2700 donum
270 2673 326 2706 Dei,
345 2683 403 2701 cras
419 2675 533 2709 fortasse
549 2674 666 2706 credam,
686 2683 737 2702 non
756 2675 895 2711 Itadie(a);

115 2725 191 2747 tuum
210 2725 240 2747 ut
255 2720 301 2747 tibi
313 2720 481 2749 redhibeam.
495 2720 671 2750 innocentius
685 2721 719 2749 ad
733 2721 896 2758 Exuperiam

149 2799 186 2834 (ιι)
201 2798 262 2835 P25.
280 2800 323 2826 16.

655 104 837 134 Λῑινιῖιὶςλῑδ
858 102 937 130 ΜΛΤ.
961 103 1137 135 SIMOMUM.

894 164 914 191 Α
929 165 993 198 (pisi
1020 166 1047 198 5,
1061 174 1121 201 cap.
1142 165 1176 193 2:
1191 165 1224 193 Et
1239 166 1287 193 ltoc
1308 167 1447 201 qrta’situm
1466 172 1516 199 est,
1534 167 1632 202 inquit.
1653 168 1717 203 quid

1664 108 1716 136 oro

934 211 964 237 de
982 211 1021 237 llis
1045 212 1178 238 observari
1199 211 1301 244 debeat,
1323 213 1367 247 qui
1384 216 1442 246 post
1460 212 1621 245 baptismum
1645 213 1718 240 omni

935 262 1049 292 tempore
1068 258 1266 284 incontinentitv
1280 262 1305 285 et
1323 258 1500 291 roluptntibus
1518 259 1610 292 dediti,
1629 260 1656 285 in
1670 266 1718 286 sx-

935 308 1016 330 tremo
1034 305 1085 338 ﬁne
1107 305 1166 330 vita:
1185 312 1240 331 sua:
1263 304 1443 338 paenitentiam
1463 304 1541 330 simul
1559 309 1583 331 et
1601 305 1717 332 reconci-

935 348 1070 374 liationem
1086 349 1277 375 communionis
1290 353 1444 382 exposcunt.
1460 348 1499 374 De
1516 348 1556 374 liis
1573 348 1718 376 observatio

933 393 1006 426 prior
1019 393 1122 425 durior,
1137 393 1268 427 posterior
1280 393 1464 419 interveniente
1480 393 1664 419 misericordia
1676 393 1718 419 irt-

934 438 1060 464 clinatior
1073 443 1122 465 est.
1143 438 1213 465 Nam
1229 437 1390 465 consuetudo
1410 439 1482 472 prior
1503 439 1597 470 tenuit,
1614 443 1640 464 ut
1657 446 1719 464 cou-

935 483 1068 509 cederetur
1078 484 1115 520 eis
1123 483 1287 517 pwnitentia,
1298 482 1343 509 sed
1349 483 1497 509 cormnunio
1507 488 1655 517 negaretur,
1667 487 1719 510 etc.

950 559 953 561 ἓ
970 529 1019 555 llic
1036 529 1194 563 pumilentia
1213 529 1287 555 aliud
1303 529 1415 555 omnino
1432 538 1493 556 esse
1508 530 1626 559 videtur,
1638 536 1720 564 quam

936 574 1051 600 interior
1081 575 1126 601 ille
1154 582 1264 605 sensus,
1290 575 1450 609 alllatusque
1478 576 1565 603 sancti
1592 576 1719 610 Spiritus.

935 619 1027 654 Neque
1048 620 1120 646 enim
1142 620 1166 648 is
1188 620 1223 647 ab
1239 620 1398 648 hominibus
1415 621 1550 656 indulgeri
1566 622 1606 648 vel
1628 623 1721 656 negari

927 669 1034 701 'potest,
1053 673 1132 699 quem
1148 666 1200 693 nisi
1216 667 1292 700 prius
1306 667 1487 702 accepissent,
1504 667 1555 694 hoc
1575 668 1721 702 quodcun-

935 719 988 746 que
1008 715 1060 744 est,
1077 711 1149 746 quod
1167 711 1201 738 ab
1217 712 1373 739 hominibus
1389 713 1572 747 praestandum
1587 717 1630 740 est
1651 721 1721 741 nun-

936 765 1018 792 quam
1037 760 1170 792 peterent.
1188 757 1267 784 Aliud
1280 761 1322 785 est
1334 758 1424 792 itaque
1438 758 1610 793 pmnilentia,
1623 759 1657 786 de
1667 766 1721 794 qua

935 803 1056 838 pontifex
1073 802 1213 837 loquitur:
1233 810 1331 837 nempe
1345 803 1391 837 jus
1406 807 1431 830 et
1453 807 1573 838 potestas
1591 805 1723 832 obeundae

936 848 1113 883 paenitentiae,
1130 847 1265 883 siquidem
1279 855 1294 874 a
1311 849 1357 876 leti
1377 848 1502 877 faucibus
1519 849 1588 884 eripi
1607 855 1633 878 et
1654 858 1722 878 con-

935 894 1075 921 valescere
1096 893 1236 928 potuerint
1251 902 1257 920 :
1279 901 1339 928 quae
1355 897 1476 928 potestas
1490 894 1550 922 sine
1566 895 1649 923 dubio
1666 897 1722 923 ritu

936 940 1030 974 aliquo
1047 940 1127 967 nobis
1143 940 1247 975 ignoto,
1267 944 1294 967 et
1312 940 1502 968 benedictione
1518 940 1719 970 conferebatur.

936 986 994 1014 lloc
1013 987 1124 1021 inquam
1144 990 1187 1014 est
1204 987 1384 1021 paenitentiam
1397 986 1556 1018 concedere;
1573 988 1644 1015 inter
1662 996 1721 1023 pce-

936 1034 1055 1060 nitentcs
1072 1033 1189 1068 aliquem
1209 1034 1358 1064 ascribere,
1378 1034 1431 1060 ritu
1449 1034 1494 1060 illo
1514 1041 1546 1061 ac
1564 1034 1720 1062 caerimonia

937 1077 1087 1104 formulave
1102 1086 1155 1112 qua
1179 1078 1205 1104 in
1233 1078 1424 1112 pmnilentium
1443 1086 1551 1113 gregem
1576 1078 1661 1114 recipi
1679 1079 1721 1107 ias

936 1127 1020 1151 esset.
1038 1123 1076 1150 Tu
1091 1124 1174 1150 aliter
1186 1124 1283 1151 sentis.
1308 1123 1439 1158 Equidem
1460 1132 1513 1152 non
1535 1125 1652 1157 invideo.
1671 1133 1722 1153 nec

937 1169 1066 1196 insecter.
1081 1169 1134 1195 Sed
1147 1174 1237 1196 tamen
1249 1169 1283 1196 de
1296 1169 1446 1196 Innocentii
1464 1170 1523 1196 loco
1536 1178 1616 1204 porro
1627 1171 1722 1205 dispit-

937 1217 1038 1241 temus.
1054 1213 1204 1246 Quaesitum
1225 1219 1267 1241 est
1282 1214 1316 1241 ab
1332 1214 1475 1248 Exuperio,
1492 1215 1556 1249 quid
1570 1215 1604 1243 de
1621 1217 1655 1242 iis
1670 1222 1723 1242 sta-

941 1259 1070 1286 tuendum
1085 1263 1168 1290 esset,
1185 1260 1231 1293 qtti
1250 1264 1310 1294 post
1331 1260 1494 1294 baptismum
1508 1261 1583 1287 omni
1600 1265 1723 1296 tempore

938 1305 1140 1332 incontinentia:
1152 1305 1245 1337 dediti,
1265 1306 1290 1332 in
1308 1309 1429 1333 ostreum
1441 1306 1503 1333 vita:
1518 1314 1576 1333 sua:
1590 1310 1723 1340 pcentcn-

939 1351 1003 1377 tiam
1010 1354 1036 1377 et
1043 1351 1261 1378 communionem
1270 1352 1418 1386 postulant.
1427 1351 1582 1386 Respondet
1591 1351 1708 1380 lnnncen
1715 1367 1724 1374 —

938 1397 1002 1429 tius,
1022 1397 1190 1430 superiorum
1211 1401 1362 1431 temporum
1381 1397 1605 1424 consuetudinem
1632 1403 1723 1425 auste-

938 1443 1037 1469 riorem
1045 1443 1138 1474 fuisse.
1147 1446 1175 1469 ut
1182 1444 1221 1470 eis
1230 1443 1417 1470 concederetut
1428 1443 1645 1477 pmnitentia,sed
1653 1451 1723 1470 conr-

940 1489 1034 1515 munio
1055 1493 1210 1523 negaretur.
1230 1490 1288 1515 Hoc
1314 1489 1350 1515 ita
1377 1489 1537 1523 dispunctor
1562 1489 1723 1524 interpreta—

940 1538 983 1560 tur
993 1533 1045 1569 (b):
1059 1533 1130 1560 Nam
1137 1534 1257 1560 stcriente
1264 1535 1472 1568 persecutionum
1480 1534 1605 1568 procella,
1614 1534 1658 1568 qui
1665 1542 1722 1566 pte-

940 1580 1060 1610 nitentia,
1068 1583 1144 1614 prout
1153 1583 1209 1605 erat
1218 1579 1314 1605 dormiit
1325 1579 1382 1610 Dei,
1392 1579 1557 1613 afﬂabantur,
1569 1579 1724 1606 concedeba-

940 1631 984 1650 tur
991 1624 1027 1650 eis
1039 1624 1207 1658 pauitantia;
1221 1624 1246 1649 id
1255 1628 1304 1654 est,
1315 1625 1493 1658 pwnitentiant
1503 1623 1577 1650 illaut
1595 1623 1724 1657 approba-

941 1670 984 1696 bnt
1001 1669 1137 1696 Ecclesia:
1155 1670 1199 1696 sed
1216 1670 1271 1696 sine
1286 1676 1453 1704 peccatorum
1469 1670 1643 1698 absolutione.
1658 1670 1724 1697 lted-

941 1716 999 1742 dita
1020 1724 1077 1743 t't’ro
1098 1715 1222 1742 Ecclesia:
1238 1723 1311 1748 pnce.
1328 1716 1546 1747 contrnuuiom'mI
1572 1716 1598 1742 id
1617 1721 1666 1748 est,
1682 1724 1724 1743 vc-

941 1763 1011 1789 niam
1024 1770 1069 1789 seu
1090 1767 1257 1795 peccaturum
1273 1761 1465 1788 absolutionem
1480 1762 1650 1788 morientibus
1664 1762 1724 1788 dari

940 1808 1057 1842 placuit;
1073 1813 1095 1834 ct
1112 1808 1137 1833 in
1149 1816 1178 1834 eo
1194 1807 1322 1833 damnata
1340 1810 1389 1837 est,
1409 1806 1453 1832 sed
1471 1806 1545 1840 longo
1562 1805 1665 1832 deruunt
1681 1808 1724 1833 in-

942 1853 1063 1883 teruallo,
1089 1852 1300 1879 Novatianorum
1323 1851 1441 1882 ltwresis,
1461 1852 1529 1886 quod
1555 1852 1724 1879 morientibus

941 1899 1043 1927 ueniam
1057 1906 1107 1924 non
1117 1899 1278 1925 relaxat-ent.
1290 1896 1410 1924 Primum
1424 1897 1490 1924 illud
1502 1897 1656 1930 cujusmodi
1670 1902 1723 1928 est,

941 1944 1093 1971 concedere
1115 1942 1315 1977 ptenitentiam,
1339 1949 1400 1969 esse
1420 1942 1521 1968 donarat
1543 1941 1610 1968 illud
1630 1949 1726 1976 appro-

941 1989 1006 2016 bare
1020 1988 1077 2019 Dei,
1094 1996 1149 2024 quo
1165 1992 1324 2022 peccatores
1345 1987 1427 2014 amati
1448 1987 1530 2014 sunt?
1546 1987 1612 2020 Quis
1630 1988 1668 2015 sic
1686 1988 1726 2015 lo-

942 2036 1054 2070 quitur?
1070 2035 1215 2063 Concedere
1230 2034 1303 2061 enim
1320 2038 1362 2062 est
1380 2033 1483 2068 aliquid
1505 2034 1634 2064 tribuere.
1653 2034 1723 2069 quod

943 2082 970 2109 in
991 2082 1061 2117 ejus,
1082 2081 1127 2116 qui
1145 2081 1277 2115 indulget,
1298 2083 1432 2114 potestate
1449 2083 1584 2107 versatur.
1611 2079 1660 2108 llic
1677 2081 1724 2116 qui

943 2129 976 2156 ad
1005 2128 1190 2163 paenitentiam
1216 2125 1415 2161 impetrandam
1441 2125 1474 2153 ad
1501 2125 1661 2157 Ecclesium.
1682 2127 1724 2154 vel

944 2174 1098 2202 sacerdotes
1112 2174 1227 2204 accedit,
1239 2173 1302 2207 quid
1317 2181 1428 2201 necesse
1439 2173 1529 2206 habet,
1548 2173 1575 2200 id
1588 2173 1642 2201 sibi
1659 2181 1727 2200 con-

944 2221 1002 2248 cedi
1020 2224 1120 2256 petere,
1143 2219 1214 2254 quod
1223 2220 1278 2254 jam
1299 2220 1333 2247 ab
1349 2220 1404 2252 illo,
1420 2220 1466 2255 qui
1484 2220 1549 2247 dare
1563 2223 1661 2254 potest,
1679 2226 1726 2246 ac-

944 2267 1066 2302 ceperit?
1094 2266 1194 2293 Deinde
1216 2273 1266 2293 cur
1290 2265 1430 2292 admittere
1453 2265 1654 2300 paenitentiam,
1679 2269 1726 2291 aut

945 2311 1090 2347 approbare
1106 2320 1159 2338 non
1171 2311 1251 2342 dixit,
1263 2311 1309 2338 scd
1326 2312 1474 2338 concedere
1484 2311 1495 2337 Ἰ
1504 2310 1604 2338 Verum
1619 2310 1726 2337 omitta-

945 2363 1000 2391 tur,
1014 2357 1036 2385 si
1058 2358 1143 2389 lubet,
1161 2357 1235 2384 veriti
1259 2357 1310 2384 ista
1328 2356 1475 2383 conﬂictio.
1500 2355 1614 2391 Reliqua
1639 2357 1727 2384 omnis

946 2404 1132 2439 interpretatio
1145 2403 1227 2430 nimis
1239 2403 1362 2438 ambigua
1380 2407 1430 2430 est.
1443 2402 1515 2429 Volo
1531 2402 1595 2428 mihi
1613 2409 1727 2436 respon-

945 2452 1020 2481 deas,
1035 2449 1098 2484 quid
1119 2449 1170 2476 ista
1189 2449 1268 2475 velint
1282 2457 1288 2480 ;
1307 2449 1427 2475 sreriente
1444 2448 1650 2483 persecutionum
1666 2455 1726 2481 pro-

945 2497 1036 2524 cella?
1059 2495 1156 2523 Utrum
1178 2499 1266 2522 totum
1291 2494 1356 2520 illud
1376 2499 1482 2528 tempus
1502 2494 1647 2528 intelligas,
1674 2501 1728 2528 quo

947 2543 1069 2570 Ecclesia
1088 2550 1121 2568 ex
1138 2542 1282 2569 intervallo
1299 2541 1412 2574 jactata,
1434 2544 1461 2567 et
1484 2539 1728 2566 intermittenttbus

948 2588 1166 2624 persecutionum
1197 2587 1324 2622 procellis
1350 2585 1496 2614 identidem
1525 2590 1656 2620 quassata
1681 2585 1727 2616 sit.

946 2635 1018 2669 quod
1039 2634 1072 2661 ad
1091 2641 1190 2661 annum
1209 2633 1263 2660 fere
1282 2633 1344 2663 5l0,
1371 2637 1396 2659 et
1419 2639 1452 2659 eo
1475 2632 1602 2666 amplius,
1631 2630 1727 2658 lenuit.

948 2679 1010 2707 llaec
1029 2679 1100 2706 eniur
1121 2677 1340 2713 persecutionum
1357 2680 1479 2710 tempora
1491 2678 1571 2707 sunt;
1584 2681 1639 2702 non
1654 2673 1727 2705 quod

950 2725 1089 2761 perpetuis
1114 2729 1141 2752 et
1162 2723 1300 2752 continuis
1324 2723 1390 2751 iisce
1417 2720 1543 2758 proceilis
1573 2716 1727 2746 conﬂiCtata

987 2800 1022 2828 ibi
1035 2799 1099 2829 Pati.
1112 2799 1122 2826 l
1133 2799 1154 2826 1.
