1937 3039
205 104 254 132 οιι

855 93 951 125 DION.
979 91 1154 123 PETAVI‘US

1786 94 1847 123 6ἰί

203 156 296 189 tuerit,
316 155 363 183 scd
379 155 451 190 quod
468 155 495 182 in
512 161 608 182 eorum
632 159 787 190 temporum
810 157 902 188 partes
916 159 993 187 gras-
1008 154 1030 181 Α
1046 151 1225 178 morientibus
1236 150 1425 178 tantummodo
1438 150 1584 184 relaxavit,
1601 151 1628 179 in
1641 158 1730 187 eoque
1744 150 1848 179 Nova-

203 201 276 228 satio
291 200 348 227 haec
366 199 475 227 hostilis
492 199 627 226 incubuit.
646 198 752 226 Totone
764 198 847 233 igitur
859 197 905 224 illo
920 201 989 224 tem-

202 255 278 283 pore,
298 255 394 282 nempe
408 246 516 273 duobus
533 245 586 273 illis
596 245 717 272 tribusve
726 244 845 276 sacculis,
856 242 989 278 ejusmodi

207 293 292 321 fuisse
306 293 479 327 disciplinam
491 291 617 318 Ecclesia).
631 298 737 322 censes,
756 294 785 317 ut
796 289 990 325 paenitentibus

202 338 370 374 quibuslibet
393 336 548 363 communio
574 340 732 371 negaretur;
757 339 786 362 ut
803 335 876 361 nulla
894 341 991 369 pecca-

203 388 294 411 torum
312 382 486 410 absolutione
505 382 618 414 tributa,
636 382 694 409 sola
707 381 869 416 ~pmnitentia
891 386 990 406 conce-

203 428 334 457 deretur?
347 430 398 455 hoc
413 431 465 458 est.
479 432 508 454 ut
525 428 649 462 exponis,
663 427 860 462 approbaretnr
876 425 990 452 interior

204 475 250 501 ille
275 481 383 506 sensus,
410 472 542 499 divinitus
568 472 708 498 hominum
738 471 838 498 animis
861 470 988 504 injectus.

205 519 264 547 Non
279 519 352 546 aliud
368 518 599 553 interpretatitniis
615 522 667 544 tum
681 518 760 545 verba
775 524 830 552 pm
845 524 874 543 se
888 516 988 548 lerunt,

203 573 264 599 qua:
278 565 427 600 generatim
450 563 561 594 docent,
585 563 682 590 alilatis
698 563 751 589 illis
768 563 839 589 dono
858 561 903 588 Dei
927 569 990 596 pec-

203 616 326 638 catorum
342 609 541 636 absolutionem
557 609 669 635 minime
681 615 743 636 esse
755 614 924 638 concessam.
941 606 988 634 sed

205 657 346 692 probatam
355 655 493 682 duntaxat
508 654 707 689 peenitentiam.

239 702 278 729 Ex
295 709 348 736 quo
362 708 534 736 consequens
549 705 601 732 est.
618 699 683 727 nulli
701 702 762 734 post
782 698 889 734 lapsum
910 705 987 725 cont-

206 749 377 779 muuionem.
396 747 421 774 id
440 751 492 780 est,
516 746 715 774 absolutionem
738 745 822 772 fuisse
843 745 987 772 redditam.

206 794 282 821 Itane
300 798 356 821 toto
370 793 417 820 illo
433 797 555 828 tempore
571 791 706 827 pomitens
723 797 803 817 nemo
816 797 878 816 cum
896 789 989 816 Eccle-

1030 198 1182 224 -tianoru‘m
1201 197 1341 224 damnavit
1350 196 1486 224 haeresim.
1501 197 1560 224 Non
1576 198 1660 233 igitur
1671 197 1731 224 haec
1744 198 1846 225 solum

1043 247 1169 278 arguunt,
1181 243 1280 278 priscis
1293 242 1347 270 illis
1363 243 1532 277 temporibus
1552 243 1635 270 nullis
1645 243 1762 270 omnino
1780 250 1847 278 pae-

1045 287 1205 318 nitentibus,
1225 292 1319 321 postea
1338 294 1403 313 vero
1423 287 1595 314 moribundis
1618 286 1767 320 duntaxat,
1789 287 1847 314 ab-

1043 331 1204 360 solutionem
1230 339 1291 359 esse
1311 331 1484 366 permissam,
1507 331 1554 359 sed
1574 339 1606 359 ea
1629 339 1753 367 quoque,
1777 338 1847 367 quae

1044 385 1105 413 pag.
1120 378 1154 405 l5
1169 377 1294 408 disseris,
1311 377 1375 404 dum
1387 377 1445 404 haec
1457 377 1608 405 lnnocentii
1621 378 1702 404 verba
1716 387 1723 404 :
1738 383 1845 413 negata

1044 423 1137 450 merito
1153 423 1301 449 communio
1319 428 1368 455 est,
1385 431 1508 450 concessa
1523 424 1686 458 pwnilentia,
1704 432 1737 451 ne
1751 429 1845 452 totum

1043 469 1146 503 psm‘tus
1170 473 1321 504 negaretur,
1349 469 1375 496 in
1402 468 1472 496 hanc
1496 469 1661 496 sententiam
1686 470 1843 504 explicas:

1044 513 1213 540 Pteuitcutiw
1239 514 1427 548 approbatione
1456 522 1502 548 per
1525 515 1672 542 Ecclesiam
1699 516 1844 543 vinculum

1042 561 1320 587 excommunicationi;
1343 560 1503 594 solvebatur,
1526 569 1585 588 cum
1609 567 1697 588 tamen
1722 562 1844 589 absolu-

1043 603 1080 630 tio
1098 612 1149 630 non
1166 604 1356 631 concederetur.
1373 604 1451 637 Quod
1473 604 1599 632 universe
1621 604 1709 640 deque
1729 613 1839 641 genere

1043 650 1233 684 prenitcntium
1253 650 1326 677 omni
1351 655 1431 685 putas
1453 650 1669 685 intelligendum.
1694 651 1840 679 Innocen-

1044 696 1098 723 tius
1115 696 1187 723 enim
1205 695 1238 723 de
1252 696 1422 730 temporibus
1446 696 1501 724 illis
1515 697 1645 732 loquitur,
1663 697 1768 732 quibus
1785 706 1840 726 ste-

1043 741 1126 768 viente
1145 742 1355 775 persecutionum
1378 742 1504 776 procella,
1528 742 1611 771 nullis
1632 743 1745 771 omnino
1768 751 1841 772 con-

1043 795 1150 815 cessam
1165 788 1366 815 absolutionem
1383 795 1444 816 esse
1458 787 1560 816 dixisti.

204 840 246 867 sia
266 838 458 866 reconciliatus
475 841 528 868 est,
544 836 660 864 nemoin
678 835 812 870 integrum
828 833 990 861 restitutus?
1007 830 1028 858 Β
1078 833 1145 861 Cum
1170 833 1253 869 igitur
1266 833 1300 862 de
1319 837 1368 861 tua
1390 838 1481 862 mente
1505 841 1537 862 ac
1557 835 1690 863 sententia
1712 839 1837 869 constet,

205 882 309 909 exclusi
325 882 352 909 in
373 886 534 916 perpetuum
555 880 590 907 ab
604 879 735 912 Ecclesia,
751 884 778 906 et
799 878 992 906 communione

208 935 314 962 usuque
338 930 570 954 sacramentorum
595 925 715 955 luerunt.
745 923 792 959 qui
821 923 905 951 semel
925 923 992 950 deli-

205 973 342 1008 querant?
355 972 462 999 Diceret
480 972 576 999 saltem
591 979 638 998 eos
656 970 819 998 nominatim
838 969 870 996 ad
889 973 990 996 tantum

205 1019 378 1047 severitatem
394 1021 533 1052 exceptos,
550 1016 595 1051 qui
613 1015 776 1051 gravissima
796 1014 919 1050 quaedam
944 1013 992 1041 ﬂa-

205 1064 273 1099 gitia
290 1063 504 1094 commisissent,
527 1062 598 1097 quod
616 1062 644 1088 iu
668 1060 768 1096 triplici
785 1060 929 1087 criminum
950 1067 993 1094 ge

205 1118 270 1138 nere
286 1109 481 1137 vetustissimis
499 1109 631 1136 duntaxat
648 1106 818 1142 temporibus
834 1107 990 1133 institutum

205 1154 233 1181 in
249 1154 369 1182 Ecclesia
386 1153 472 1180 fuisse
491 1154 581 1187 capite
600 1152 657 1182 illo.
675 1152 748 1186 quod
769 1151 930 1186 dispunct0r
943 1151 991 1178 de-

206 1200 306 1235 signat,
331 1199 512 1227 ostendimus.
536 1199 570 1225 At
594 1198 757 1233 prenitentes
779 1205 886 1229 omnes,
909 1200 936 1224 et
956 1197 992 1224 ob

208 1245 336 1280 quaelibet
368 1245 513 1271 criminum
539 1251 638 1279 genera
664 1243 822 1279 ptenitentia
850 1243 990 1276 multatos,

209 1290 382 1318 absolutione
403 1290 650 1324 communioneqne
681 1290 707 1316 in
731 1289 927 1324 sempiternum
946 1297 993 1316 ca-

214 1335 315 1366 ruisse,
325 1342 414 1369 neque
426 1342 517 1362 verum
528 1338 579 1366 est,
590 1336 688 1368 neque,
704 1338 733 1361 ut
745 1333 881 1362 levissime
892 1334 991 1366 dicam,

211 1380 373 1416 persuaderi
389 1380 494 1407 ratione
511 1380 566 1406 ulla
586 1380 626 1407 vel
641 1379 804 1406 auctoritate
820 1383 918 1415 potest.
940 1378 994 1407 Re-

209 1432 297 1461 petam
315 1427 432 1455 iterum:
451 1425 508 1453 Hoc
523 1426 568 1453 illa
589 1430 634 1452 tua
656 1425 725 1453 ratio
747 1425 859 1452 delinire
874 1425 991 1457 videtur,

209 1473 281 1508 quod
301 1472 404 1499 nemini
430 1471 606 1507 probaveris:
625 1471 722 1506 priscis
744 1471 797 1498 illis
812 1471 991 1506 temporibus,

209 1519 310 1553 quibus
328 1518 485 1552 persecutio
497 1517 592 1548 saeviit,
614 1517 717 1544 nullum
744 1517 790 1551 qui
806 1516 916 1551 quidem
931 1523 994 1552 gra-

210 1566 270 1592 vius
296 1562 465 1595 oll'eudisset,
487 1562 539 1589 hoc
562 1566 613 1593 est.
643 1562 832 1597 paenitentiam
858 1562 994 1596 publicam

213 1613 314 1645 ageret,
336 1608 453 1640 absolvi,
478 1607 663 1640 reconciliari,
690 1607 878 1635 communioni
904 1615 996 1634 sacra-

213 1656 367 1690 mentisque
383 1654 490 1682 restitui
511 1654 642 1689 potuisse.
658 1653 725 1680 Nam
748 1654 881 1690 ἀορίστως
896 1659 922 1681 et
940 1653 997 1680 inli-

212 1701 269 1727 nite
287 1700 383 1730 doces,
405 1699 534 1726 szcviente
559 1698 780 1734 persecutionum
807 1699 925 1734 procella
951 1699 995 1730 iis,

213 1746 259 1781 qui
276 1745 442 1781 poenitentiae
463 1745 544 1775 dono,
561 1744 588 1771 id
609 1748 662 1776 est,
684 1744 771 1771 intimi
794 1751 877 1772 sensu
893 1744 996 1771 doloris

212 1790 397 1822 crantalllati,
423 1789 612 1825 ptenitentiam
631 1788 740 1823 quidem
767 1789 840 1816 illam
863 1789 997 1824 approba-

213 1841 279 1869 tam,
301 1836 347 1863 sed
367 1836 426 1862 sine
440 1839 615 1869 peccatorum
628 1833 810 1861 absolutione.
826 1833 921 1866 Addis,
936 1834 997 1860 red-

212 1882 270 1908 dita
290 1880 412 1908 Ecclesire
429 1887 502 1915 pace,
515 1880 628 1908 ueniam.
650 1886 696 1906 seu
709 1883 874 1912 peccatorum
892 1879 999 1906 absolu-

214 1928 311 1954 tionem
324 1925 496 1952 morientibus
511 1925 572 1951 dari
591 1924 740 1958 placuisse;
760 1929 783 1952 et
799 1925 826 1951 iu
841 1933 870 1952 eo
885 1924 999 1952 damna»

214 1978 270 1999 tam
283 1979 351 2003 esse,
365 1971 409 1998 sed
427 1971 504 2005 longo
518 1967 668 2003 intervallo,
689 1969 901 1997 Novatianorum
913 1971 998 1997 lucre-

215 2019 277 2050 sim,
300 2017 368 2052 quod
392 2016 562 2043 morientibus
578 2017 681 2043 veuiam
704 2025 756 2043 non
777 2016 937 2043 rel/marem.
961 2016 998 2043 Ita

216 2069 277 2090 sero
294 2061 402 2089 tandem
417 2068 477 2088 mos
492 2060 538 2088 ille
553 2061 580 2087 in
593 2060 742 2088 Ecclesiam
759 2060 934 2088 introductus
947 2064 998 2092 est,

216 2113 247 2134 ut
264 2107 460 2142 paenitentibus
480 2106 637 2134 comnmnio
662 2106 838 2140 redderetur;
863 2114 952 2142 neque
973 2106 999 2133 id

1043 879 1113 907 hanc
1127 887 1178 915 ego
1190 885 1321 913 mentem,
1335 881 1405 907 hanc
1417 880 1579 908 sententiam
1590 886 1662 908 tuam
1673 884 1700 908 et
1711 882 1836 916 veritati,

1042 930 1070 954 et
1086 926 1262 961 antiquorum
1276 926 1445 959 auctoritati,
1459 931 1485 954 et
1499 926 1627 954 Ecclesiae
1647 927 1782 959 moribus,
1802 935 1836 955 ne

1042 971 1108 1007 quid
1124 972 1236 1007 gravius
1254 971 1355 1002 dicam.
1373 979 1443 1006 nego
1456 979 1517 999 esse
1531 976 1756 999 consentaneam.
1777 973 1836 1000 Hoc

1041 1017 1114 1044 enim
1132 1018 1294 1049 constituto,
1317 1024 1408 1044 causa!
1432 1017 1500 1044 nihil
1523 1022 1645 1052 apparet,
1670 1025 1722 1044 cur
1739 1017 1834 1045 Nova-

1040 1062 1109 1089 tiani
1136 1062 1284 1089 divortium
1311 1069 1373 1089 cum
1396 1060 1517 1089 Ecclesia
1538 1061 1676 1089 Catholica
1698 1061 1833 1090 facerem.

1047 1107 1119 1141 Quid
1130 1108 1202 1135 enim
1218 1111 1270 1140 est,
1293 1107 1366 1142 quod
1385 1107 1510 1135 haeretica
1528 1108 1579 1135 ista
1599 1107 1680 1135 factio
1694 1108 1834 1143 praecipue

1044 1154 1202 1189 pugnabat?
1219 1153 1323 1189 Opinor
1337 1154 1428 1188 lapsos
1441 1157 1608 1189 caeterosque
1622 1158 1783 1188 peccatores
1799 1153 1834 1181 ad

1043 1199 1173 1227 Ecclesia:
1196 1207 1289 1235 pacem
1309 1203 1336 1227 et
1352 1200 1570 1227 communionem
1586 1199 1695 1226 nolebat
1712 1199 1832 1227 admitti.

1043 1244 1102 1272 Non
1124 1246 1184 1273 illos
1204 1253 1219 1272 a
1239 1253 1286 1281 Spe
1301 1246 1387 1273 venize
1410 1246 1442 1272 ac
1464 1245 1561 1273 salutis
1575 1244 1758 1272 excludebat:
1775 1253 1831 1272 non

1044 1290 1161 1317 amatum
1188 1290 1263 1317 illum
1288 1289 1444 1324 donumth
1469 1289 1532 1322 Dei,
1556 1289 1610 1317 hoc
1633 1294 1676 1317 est
1702 1289 1832 1317 intimum

1043 1335 1126 1362 animi
1153 1343 1298 1363 mmrorem
1321 1342 1354 1362 ac
1384 1335 1569 1370 pmnitcntiam
1593 1342 1609 1362 a
1636 1335 1832 1370 peccatoribus

1043 1381 1248 1415 abjudicabant.
1281 1381 1337 1408 lmo
1366 1381 1546 1408 hortabantur
1569 1380 1602 1408 ad
1631 1380 1831 1415 paenitentiam,

1044 1427 1168 1462 adeoque
1181 1427 1373 1462 ptenitentiam
1386 1427 1584 1460 concedebant,
1612 1426 1665 1454 hoc
1679 1430 1722 1454 est
1737 1434 1833 1462 appro-

1044 1473 1156 1500 babant.
1177 1472 1306 1500 Socrates
1323 1471 1491 1500 Novatianus
1514 1471 1548 1500 de
1571 1476 1683 1500 auctore
1703 1471 1831 1499 factionis

1046 1518 1161 1549 Novato.
1179 1518 1227 1546 lib.
1244 1526 1281 1550 iv,
1298 1525 1357 1553 cap.
1376 1518 1419 1550 15,
1440 1525 1567 1549 narrans,
1588 1517 1733 1553 scripsisse
1749 1517 1832 1545 refert

1047 1565 1136 1600 ipsum
1155 1565 1215 1595 ταῖς
1231 1564 1368 1600 πανταχοῦ
1388 1563 1570 1600 Ἐκκλησίαις,
1581 1564 1617 1599 μὴ
1630 1563 1755 1598 δέχεσθαι
1769 1563 1831 1595 τοὺς

1046 1609 1239 1641 ὲπιτεθυκότας
1255 1609 1294 1641 εὶς
1305 1610 1339 1636 τὰ
1353 1609 1489 1645 μυστήρια
1498 1617 1505 1625 ·
1527 1609 1595 1636 ἀλλὰ
1608 1608 1771 1644 προτρέπειν
1784 1609 1831 1644 μὲν

1047 1656 1145 1687 αὐτοὺς
1159 1656 1199 1687 εἰς
1213 1655 1367 1690 μετάνοιαν,
1385 1654 1433 1689 τὴν
1449 1654 1478 1681 δὲ
1491 1653 1661 1689 συγχώρητιν
1674 1655 1830 1689 ἐπιτρέπειν

1047 1701 1106 1736 Θεῴ
1123 1701 1162 1736 τῷ
1185 1700 1326 1736 δυναμένῳ
1354 1701 1400 1727 καὶ
1422 1700 1546 1732 ἐξουσίαν
1575 1700 1662 1735 ἔχοντι
1683 1701 1831 1734 συγχωρεῖν

1047 1746 1243 1782 ἁμαρτήματα.
1259 1745 1393 1772 Uuiversis
1411 1744 1546 1776 Ecclesiis,
1567 1752 1598 1771 ne
1618 1743 1706 1778 lapsos
1727 1743 1761 1770 ad
1777 1752 1831 1778 my-

1048 1792 1131 1818 steria
1148 1792 1302 1826 reciperent,
1316 1791 1360 1818 sed
1379 1796 1407 1818 ut
1429 1791 1500 1825 ipsos
1521 1789 1556 1816 ad
1574 1789 1754 1824 paenitentiam
1771 1789 1831 1816 hor-

1049 1842 1180 1870 tarentur,
1196 1836 1389 1864 absolutionem
1405 1844 1465 1863 vero
1479 1835 1533 1863 Deo
1547 1835 1737 1870 permitterent,
1750 1835 1795 1869 qui
1806 1839 1829 1861 et

1048 1888 1133 1919 potest
1145 1888 1169 1911 et
1185 1883 1343 1918 facultates:
1358 1882 1434 1909 habet
1449 1886 1556 1916 peccata
1572 1880 1731 1908 condonare.
1744 1880 1830 1907 Poeni-

1050 1931 1160 1957 tentiam
1183 1929 1266 1964 igitur
1283 1929 1479 1962 concedebant,
1505 1928 1557 1955 hoc
1572 1932 1625 1959 est.
1648 1927 1831 1962 approbabant

1049 1974 1202 2002 Novatiani.
1219 1974 1296 2008 Quod
1312 1978 1338 2002 ct
1361 1973 1499 2001 Ambrosii
1512 1973 1594 2001 verba
1614 1973 1665 2000 ista
1681 1972 1830 2008 signiﬁcant

1050 2020 1097 2047 lib.
1113 2027 1133 2052 I,
1154 2018 1192 2046 De
1201 2020 1303 2054 paenit.,
1320 2018 1426 2054 cap.-2.
1440 2017 1510 2051 Quid
1531 2022 1618 2045 autem
1638 2017 1743 2050 durius,
1755 2025 1830 2052 quam

1050 2069 1078 2091 ut
1100 2065 1219 2091 indicant
1240 2065 1434 2099 paenitentiam,
1449 2071 1528 2098 quam
1549 2071 1601 2090 non
1623 2063 1762 2091 relaxent.’
1779 2067 1828 2090 etc.

1051 2110 1102 2143 Qui
1126 2110 1305 2144 paenitentiam
1337 2109 1476 2136 concedere
1497 2109 1564 2136 nihil
1583 2116 1645 2137 esse
1667 2112 1743 2144 putat
1762 2108 1830 2136 aliud

216 2152 325 2188 quidem
353 2153 452 2187 quovis
476 2158 606 2186 tempore,
631 2152 677 2179 sed
700 2152 726 2179 in
747 2153 844 2180 mortis
866 2152 999 2179 duntaxat
1016 2161 1037 2188 ι)
1052 2163 1134 2191 quam
1148 2155 1249 2183 donum
1270 2155 1335 2182 illud
1360 2154 1418 2186 Dei,
1441 2158 1468 2182 et
1491 2154 1616 2189 illapsum
1636 2154 1663 2181 in
1684 2153 1829 2189 peccatoris

218 2199 347 2233 periculo.
367 2198 437 2232 Ergo
457 2198 494 2224 ita
513 2197 655 2232 disputas:
672 2197 771 2225 Primis
781 2198 1000 2226 Christianorum

218 2244 401 2280 temporibus,
413 2251 474 2279 qua:
490 2243 728 2278 persecutionibus
743 2247 822 2270 erant
835 2243 945 2276 infesta,
961 2244 1003 2270 al-

219 2291 288 2319 llutis
302 2291 355 2317 illis
370 2297 401 2317 ac
417 2289 609 2325 paenitentibus
625 2292 749 2323 negatam
764 2288 897 2320 funditus,
910 2289 952 2316 vel
974 2288 1000 2315 in

223 2337 346 2373 periculo
363 2336 471 2367 mortis,
496 2334 693 2362 absolutionem
707 2341 714 2360 :
730 2333 835 2361 reddita
851 2342 915 2361 vero
932 2338 1004 2361 tran-

220 2383 367 2418 quillitate.
390 2382 457 2409 solis
470 2380 649 2408 morientibus
660 2388 721 2407 csse
735 2388 906 2413 concessam,
922 2385 1004 2416 atque

221 2436 255 2455 ex
272 2436 304 2455 eo
321 2427 380 2454 solo
393 2427 492 2461 capite,
513 2425 584 2460 quod
601 2426 697 2453 saltem
715 2426 894 2453 morientibus
906 2434 956 2461 pax
977 2431 1004 2454 et

223 2473 410 2500 reconciliatio
432 2471 607 2503 tribueretur,
626 2471 792 2499 Noratianos
808 2479 869 2500 esse
887 2472 1004 2501 damna-

224 2523 276 2545 tos.
301 2517 376 2544 lianc
398 2522 470 2544 tuam
491 2517 643 2545 orationem
663 2525 695 2545 ac
710 2522 826 2546 mentem
848 2526 902 2546 non
917 2520 1005 2546 solum

225 2564 281 2595 illa,
297 2571 357 2598 quzc
374 2568 407 2590 ex
424 2571 485 2598 pag.
503 2563 532 2596 2,
554 2563 645 2596 retuli,
664 2563 870 2597 demonstrant;
895 2565 939 2592 ubi
962 2572 1003 2593 as-

224 2609 305 2640 seris,
324 2609 445 2635 swvicnte
457 2609 666 2642 persecutionum
678 2609 795 2643 procella
809 2610 959 2643 praenitentes
974 2610 1008 2637 ad

226 2655 314 2682 solum
334 2655 512 2691 paenitentiam
530 2654 661 2682 admissos
675 2655 732 2682 sine
749 2663 794 2690 spe
813 2657 1008 2683 reconciliatio-

226 2699 287 2728 nis:
312 2699 384 2731 quod
409 2703 464 2726 tam
487 2700 520 2727 tle
536 2701 611 2728 sanis
634 2708 666 2727 ac
686 2701 851 2735 valentibus,
873 2710 953 2737 quam
976 2703 1010 2730 de

230 2744 402 2772 moribundis
412 2747 525 2780 accipis.
539 2744 661 2780 Subjicis
674 2746 758 2778 enim,
771 2747 908 2782 disparem
921 2756 952 2775 ac
964 2749 1012 2776 mi-

231 2790 328 2817 tiorem
354 2790 579 2819 consuetudinem
603 2791 719 2819 subinde
736 2797 883 2828 receptam,
900 2801 960 2828 qua»:
978 2795 1010 2823 de

1053 2201 1174 2228 animum
1208 2201 1324 2236 probare
1351 2200 1485 2233 dolorem,
1512 2199 1679 2228 Novatianos
1708 2199 1830 2227 fatebitur

1052 2246 1223 2274 concessisse
1249 2245 1449 2280 pmnitentiam,
1481 2245 1604 2280 adeoque
1629 2244 1696 2272 nihil
1724 2244 1774 2271 hac
1799 2252 1830 2272 ex

1053 2297 1129 2328 parte
1142 2300 1156 2318 a
1170 2291 1313 2319 catholicis
1329 2290 1518 2325 discrepasse;
1534 2298 1597 2317 nam
1616 2289 1689 2325 quod
1710 2290 1755 2324 jus
1769 2289 1830 2316 illud

1053 2341 1164 2373 peccata
1181 2336 1335 2364 remittendi
1353 2344 1437 2371 penes
1452 2335 1602 2363 Ecclesiam
1614 2343 1675 2364 esse
1693 2335 1829 2363 Novatiani

1054 2390 1185 2419 praetcrea
1198 2386 1375 2418 negaverunt.
1389 2382 1585 2410 allirmantibus
1600 2382 1754 2414 catholicis.
1770 2382 1828 2409 nihil

1055 2429 1089 2457 ad
1113 2437 1170 2456 rem
1189 2429 1326 2463 pertinet:
1349 2428 1478 2463 primum,
1503 2429 1568 2463 quia
1593 2428 1728 2463 superiori
1750 2428 1830 2463 capite

1055 2482 1155 2509 negare
1169 2474 1243 2501 visus
1255 2481 1295 2505 es,
1309 2473 1476 2500 Novalianos
1487 2473 1552 2500 illud
1571 2473 1648 2500 initio
1659 2473 1792 2504 docuisse,
1806 2475 1830 2500 et

1057 2521 1186 2556 gradibus
1210 2520 1374 2555 quibusdam
1391 2527 1423 2547 eo
1444 2519 1552 2546 demum
1569 2519 1736 2555 pervenisse.
1751 2519 1831 2551 Quare

1057 2567 1146 2601 primo
1159 2567 1206 2593 illo
1219 2567 1246 2593 in
1266 2566 1369 2593 erroris
1383 2566 1479 2599 gradu,
1495 2565 1574 2592 velim
1592 2565 1766 2599 respondeas.
1787 2571 1830 2591 cur

1058 2620 1088 2640 se
1112 2611 1280 2639 Novatiauus
1299 2619 1314 2637 a
1337 2611 1480 2638 catholicis
1502 2610 1562 2638 ideo
1585 2610 1745 2646 segregarit.
1767 2609 1829 2645 quod

1061 2658 1147 2693 lapsis
1163 2666 1256 2693 pacem
1273 2657 1306 2684 ad
1320 2657 1424 2685 veniam
1442 2657 1613 2685 tribuendam
1637 2665 1691 2683 non
1707 2656 1829 2687 crederet,

1060 2703 1083 2732 si
1093 2704 1162 2730 idem
1175 2703 1247 2731 etab
1259 2703 1380 2731 Ecclesia
1392 2703 1541 2731 factitatum
1552 2702 1644 2730 fuerit.
1654 2702 1764 2734 Deinde,
1776 2703 1829 2738 quia

1060 2750 1094 2778 de
1107 2749 1178 2777 iacto
1194 2750 1270 2785 prius
1291 2756 1372 2784 quam
1387 2749 1422 2777 de
1441 2748 1502 2784 jure
1519 2753 1591 2775 mota
1609 2754 1651 2776 est
1663 2748 1697 2776 ab
1711 2748 1762 2776 illis
1773 2756 1828 2776 con-

1062 2795 1205 2824 troversia.
1220 2794 1309 2823 Doceo
1328 2795 1383 2831 jam
1407 2794 1583 2823 falsissimum
1604 2802 1677 2825 esse,
1698 2787 1826 2831 quoil'diy
