1937 3039
472 63 483 79 \

110 118 165 147 615

673 115 858 145 ADVERSUS
877 115 959 145 ΜΛΤ.
982 115 1160 145 SIMO-NIHIL

1690 124 1739 152 ειι

107 182 229 214 puncto:
251 184 307 206 non
332 176 377 205 ille
394 175 504 212 quidem
521 176 637 212 probat;
659 177 708 204 sed
731 176 902 212 Pythagoreo
917 179 940 207 Α
954 177 1155 211 persecutionis
1169 176 1251 211 editi;
1266 178 1367 213 quibus
1375 186 1457 207 suum
1469 180 1608 217 plerisque
1619 182 1739 216 peccatis

106 232 184 252 more
201 224 374 260 pronuntiat,
398 223 591 258 peccatoribus
605 222 692 250 solam
714 223 773 250 sine
788 223 900 250 absolu-

106 270 183 296 tione
208 268 341 296 tributam
370 275 432 295 esse
459 267 660 302 pmuitentiam.
689 267 898 300 Tertullianus,

106 313 204 346 credo,
220 313 255 340 iis
275 313 344 347 ipsis
359 312 530 346 temporibus
544 311 647 344 ﬂoruit,
663 313 763 347 quibus
777 320 899 347 persecu-

106 359 187 386 tionis
206 357 321 392 procella
342 356 474 390 meiebat,
497 356 630 391 quibusve
658 360 784 392 negatam
813 355 900 390 paeni-

112 404 237 432 tentibus
256 403 368 430 omnino
385 410 477 438 pacem
496 405 644 430 asseverat.
667 402 701 429 At
722 402 767 430 ille
789 402 837 429 lib.
860 401 899 428 De

110 449 263 485 praescript.
277 447 443 475 Marcionem
456 447 611 479 Ponticum,
624 455 704 483 quem
720 452 831 483 propter
844 451 900 475 stu-

107 503 188 532 prum
213 495 357 530 cujusdam
377 494 492 530 virginis
512 495 548 522 ab
565 494 693 522 Ecclesiae
707 495 899 523 communione

108 542 251 576 abiectum
268 549 330 569 esse
344 540 425 572 dixit,
442 540 532 572 docet,
545 540 578 568 ad
593 547 686 575 pacem
700 541 897 568 admittendum

109 586 240 614 Ecclesia
253 587 348 618 fuisse,
361 586 415 614 nisi
432 590 521 614 morte
534 590 688 621 praeventus
703 591 784 614 esset.
800 586 897 614 Pacem

107 633 192 668 igitur
205 636 246 660 tot
265 633 310 660 ille
329 632 479 660 sceleribus
498 636 644 667 coopertus
661 636 690 660 et
707 631 818 659 infamis
843 632 897 659 lia:-

107 678 250 706 resiarclta
283 685 316 705 ac
332 678 491 712 sactilcgus.
504 678 559 706 nisi
574 682 662 705 morte
676 678 750 705 illatn
772 682 896 707 antever-

107 723 197 755 tisset,
221 722 368 751 oblitteret.
392 722 553 750 Tertulliani
571 724 653 752 verba
671 729 737 752 sunt
754 732 815 760 cap.
840 725 894 753 50:

106 769 282 796 Postmodttm
308 768 431 796 Marcion
455 769 634 804 penitentiam
661 770 809 805 confessus,
837 778 895 797 cum

109 814 256 841 conditioni
272 813 343 841 datte
368 814 419 842 sibi
434 815 558 846 occurrit,
576 815 614 842 ita
628 823 718 850 pacem
732 821 893 850 recepturus,

951 223 1119 257 pmttitentia:
1143 226 1250 258 tempus
1273 224 1454 259 describitur,
1480 229 1508 253 et
1529 227 1555 253 in
1576 227 1629 254 [lue
1658 228 1739 263 μεθε-

951 267 1002 300 ξις,
1030 267 1188 294 communio
1211 267 1400 303 absolutioque
1417 269 1587 304 proponitur.
1604 270 1738 306 Serapion

950 312 996 340 ille
1019 312 1172 344 confessor,
1200 313 1281 347 cujus
1305 313 1429 340 meminit
1454 314 1588 343 Eusebius
1617 316 1665 343 lib.
1697 323 1738 347 Vt,

950 364 1011 392 cap.
1033 357 1080 390 26,
1097 357 1200 385 Eccles.
1224 358 1319 386 histor.
1338 359 1412 394 quod
1433 359 1513 387 idolis
1542 361 1736 394 saerilicasset.

950 403 995 430 ditt
1012 403 1141 438 rejectus,
1157 404 1209 431 sub
1224 404 1314 439 ipstttn
1332 405 1428 432 mortis
1443 408 1550 439 tempus
1565 406 1597 433 ad
1606 413 1736 434 commn-

951 448 1060 476 nionem
1078 448 1211 476 Dominici
1229 450 1354 484 corporis
1368 454 1411 477 est
1423 450 1561 478 admissus
1575 459 1581 478 :
1596 451 1668 486 quod
1680 459 1694 477 a
1709 460 1739 480 se

949 494 1111 521 mandatum
1122 503 1184 523 esse
1200 495 1347 530 Dionysius
1359 496 1560 524 Alexandrinus
1573 497 1656 524 rel‘ert
1667 498 1738 532 apud

949 539 1122 567 Eusebium:
1147 541 1271 576 Ἐντολῆς
1294 541 1341 567 ὑπ’
1365 541 1432 577 ἐμοῦ
1457 541 1617 578 δεδομένης,
1639 542 1737 578 ἰιιειυζι.

947 584 1010 616 τοὺς
1027 585 1279 621 ἀπαλλαττομένους
1295 586 1341 613 τοῦ
1359 586 1427 622 βίου,
1451 588 1475 614 el
1497 587 1608 620 δέοιντο,
1629 589 1676 615 καὶ
1691 590 1740 624 μά.

947 630 1026 658 λιστα
1046 631 1070 657 εἰ
1087 631 1134 658 καὶ
1155 632 1285 667 πρότερον
1313 633 1501 665 ἱκετεύσαντες
1525 633 1642 669 τύχοιεν,
1665 635 1743 670 ἀφιε-

952 675 1026 703 σθαι.
1044 675 1174 703 Mandata
1191 685 1207 703 a
1225 685 1264 704 me
1277 677 1359 710 edito,
1377 683 1405 704 ut
1421 679 1587 711 moribundi,
1612 681 1635 707 si
1650 680 1676 707 id
1691 689 1738 715 po-

951 721 1101 754 stularent,
1123 723 1270 755 praesertim
1287 724 1310 750 si
1333 728 1412 750 antea
1425 724 1630 758 supplicassem,
1648 725 1737 753 absol-

949 771 1080 794 verentur.
1097 766 1215 795 Proinde
1228 775 1282 795 non
1296 768 1408 796 dubium
1423 773 1475 801 est,
1488 769 1554 804 quin
1568 775 1631 797 ante
1643 778 1736 805 pacettt

946 809 1075 838 Ecclesiae
1087 812 1232 845 redditam,
1248 821 1336 848 neque
1352 817 1429 842 tanto
1443 819 1504 850 post
1517 814 1732 843 Novatianomm

104 860 129 887 si
144 865 256 887 ramos
270 868 382 895 quoque,
404 869 468 896 qua;
482 847 894 895 ρενάειίοηίενιιάίεεειηςιεειεζ
911 847 931 874 Β
946 860 1036 883 ortum
1064 857 1218 891 intervallo,
1248 859 1420 887 moribundis
1447 868 1498 895 pax
1526 865 1551 888 et
1577 862 1737 889 communio

105 905 152 932 site
167 905 329 938 restitueret,
350 910 435 932 morte
449 911 596 941 preuentus
613 910 662 934 est.

139 951 181 978 Ad
198 951 256 978 lucc
276 952 337 985 quis
354 951 448 978 eodem
467 952 568 979 saeculo
587 953 685 985 nescit,
706 952 891 987 nequidquam

103 996 272 1023 reclamante
283 994 452 1022 Tertulliano
470 995 527 1031 jam
557 995 696 1028 baeretico,
714 1003 806 1031 pacem
826 1003 893 1022 tinc-

103 1042 164 1069 citis
187 1045 251 1076 post
274 1041 462 1076 penitentiam
485 1049 501 1068 a
522 1040 681 1077 Zephyrino
704 1042 842 1076 poutilice,
867 1048 894 1069 et

104 1088 250 1115 catholicis
267 1087 353 1115 fuisse
365 1095 525 1115 concessam
536 1087 547 1114 1
557 1087 682 1115 Nondum
698 1087 826 1116 Ecclesia:
839 1095 894 1122 pax

104 1139 166 1162 erat
183 1134 300 1166 reddita,
316 1137 341 1161 et
359 1134 584 1169 persecutiOuum
600 1134 689 1161 adhuc
703 1134 821 1169 procella
843 1142 894 1161 saa-

104 1179 208 1212 vicbat,
228 1186 291 1206 cum
308 1179 416 1206 veniam
436 1186 485 1207 seu
501 1184 677 1214 peccatorum
693 1179 892 1207 absolutiottcm

103 1225 175 1253 vivis
188 1225 302 1260 perinde
315 1233 347 1253 ac
359 1225 540 1253 morientibus
551 1226 671 1253 ostendit
686 1225 806 1254 Ecclesia
818 1235 824 1252 :
843 1233 893 1253 nec

102 1271 193 1298 solum
218 1270 409 1306 paenitentiam
432 1263 604 1305 approbavit,
628 1269 675 1297 sed
699 1274 726 1297 et
748 1277 841 1304 pacem
861 1276 892 1296 ac

102 1317 356 1345 reconciliationem
387 1316 589 1344 communionis
616 1316 741 1343 indulsit.
765 1314 836 1342 Vixit
865 1318 893 1341 ct

102 1362 232 1391 saeviente
245 1363 464 1397 persecutionum
481 1362 610 1397 procella,
628 1362 748 1388 nomium
763 1361 892 1388 Ecclesia:

104 1408 213 1435 reddita
234 1415 310 1442 pace,
333 1407 499 1443 Cyprianus.
522 1407 619 1435 iisdetn
640 1407 741 1442 quibus
762 1406 890 1433 Novatia-

103 1460 203 1481 norutn
227 1452 341 1480 haeresis
362 1456 457 1480 exorta
472 1457 515 1480 est
532 1453 711 1487 temporibus.
730 1452 830 1479 Scribit
847 1452 891 1478 ille

943 901 1071 928 restituta
1088 902 1180 933 fuerit,
1197 903 1270 937 quod
1284 907 1311 930 et
1327 904 1428 938 passim
1443 905 1598 940 Cyprianus
1617 914 1734 942 usurpa-

945 950 1002 973 tum
1019 953 1034 973 a
1054 955 1083 975 se
1099 951 1216 975 testatur
1233 949 1260 975 in
1275 950 1409 984 epistolis.

984 992 1043 1024 Quo
1077 993 1162 1028 magis
1190 994 1313 1021 admiror
1333 1002 1364 1022 ca
1395 999 1420 1022 te
1447 995 1578 1023 scientem
1601 997 1733 1030 scribere,

944 1046 1004 1074 quae
1026 1043 1079 1065 tam
1095 1044 1188 1074 aperte
1206 1039 1378 1073 Tertulliani,
1401 1041 1540 1076 Cypriani,
1565 1043 1733 1077 reliquorum

944 1084 1066 1111 Omnium
1084 1085 1250 1119 scriptorum
1264 1090 1291 1112 et
1310 1093 1447 1113 canonum
1464 1087 1620 1115 auctoritati
1653 1097 1733 1124 repu-

944 1133 1039 1164 gnent,
1058 1134 1088 1156 ut
1101 1129 1134 1157 de
1149 1138 1244 1157 eorum
1260 1130 1380 1159 falsitate
1393 1132 1481 1160 cuivis
1499 1132 1542 1159 vel
1558 1133 1734 1161 mediocriter

943 1175 1042 1202 barum
1067 1183 1157 1202 rerum
1181 1176 1344 1211 intelligenti
1367 1181 1486 1205 constet.
1511 1178 1582 1211 Quid
1598 1179 1671 1214 quod
1687 1187 1734 1207 ca~

947 1224 1008 1251 dem
1031 1223 1077 1250 illa
1101 1229 1146 1251 tua
1166 1224 1293 1252 doctrina
1315 1232 1378 1252 cum
1400 1226 1444 1258 iis,
1464 1234 1525 1261 qua:
1537 1227 1625 1261 primo
1642 1228 1733 1262 capite

947 1271 1092 1302 docueras,
1122 1270 1348 1297 manifestissime
1379 1271 1502 1306 pugnat?
1532 1271 1599 1299 Nam
1629 1273 1655 1300 in
1686 1273 1732 1300 illo

946 1317 1046 1352 capite,
1059 1325 1120 1351 pag.
1130 1316 1157 1347 6,
1169 1316 1309 1343 decretunt
1325 1316 1391 1343 illud
1403 1316 1517 1344 Romani
1527 1318 1649 1350 concilii,
1659 1319 1731 1353 quod

943 1360 1087 1388 Nnt’atiani
1102 1365 1225 1395 tempore
1237 1360 1404 1387 celebratum
1416 1365 1467 1393 est.
1483 1369 1516 1388 ex
1532 1361 1650 1389 Eusebio
1667 1371 1732 1398 pro-

944 1407 1007 1438 fers,
1024 1406 1101 1441 qnod
1121 1405 1264 1437 Novatum,
1287 1405 1393 1440 ejusque
1417 1406 1534 1437 fautores
1554 1412 1629 1434 tanta
1641 1415 1733 1442 snper-

942 1451 986 1478 bia
1007 1451 1124 1486 inﬂatos,
1145 1455 1169 1477 et
1191 1455 1317 1485 quotquot
1342 1451 1415 1477 illius
1436 1451 1662 1479 inhumanissima:
1675 1459 1699 1480 et
1715 1462 1731 1481 lt

101 1499 242 1532 epistolam
257 1499 292 1525 ad
306 1499 499 1530 Antonianum,
514 1506 574 1533 quas
583 1502 624 1525 est
640 1498 658 1525 2
675 1498 737 1525 libri
751 1505 796 1525 tv:
816 1496 887 1524 Nam
901 1511 924 1540 ϐ
942 1498 1062 1532 fraterna
1088 1497 1219 1523 cltaritate
1236 1496 1408 1523 alienissima:
1428 1498 1544 1531 opinioni
1568 1500 1730 1526 assentiren-

101 1547 126 1570 et
142 1543 261 1575 moechis,
281 1543 381 1578 inquit,
399 1552 416 1570 a
435 1543 509 1570 nobis
527 1543 686 1577 ptenitentt'te
707 1547 806 1577 tempus
826 1550 889 1568 con-

101 1590 217 1620 ceditur,
230 1594 254 1616 et
268 1597 322 1624 pax
335 1589 428 1616 datur.
443 1589 508 1617 item
522 1598 529 1616 ε
549 1588 633 1615 Miror
648 1593 745 1619 autent,
761 1589 889 1623 quosdam

101 1636 141 1662 sic
162 1634 309 1661 obstinatos
333 1642 402 1667 esse,
430 1639 458 1661 ut
477 1633 594 1660 dandam
619 1634 701 1668 lapsis
721 1642 772 1661 non
798 1639 889 1669 putent

101 1680 294 1713 paenitentiam,
320 1684 366 1706 aut
399 1679 581 1713 penitentibus
606 1680 756 1706 existiment
787 1680 888 1706 veniant

101 1725 294 1760 denegandam.
310 1725 443 1752 Pra:terea
460 1725 529 1752 libro
539 1724 572 1752 de
585 1725 669 1760 lapsis
685 1726 712 1752 id
729 1733 811 1752 unum
827 1734 888 1760 que-

102 1772 184 1802 ritur,
200 1771 269 1806 quod
287 1775 347 1796 ante
366 1771 472 1804 expiata
492 1771 599 1802 delicta,
625 1775 685 1797 ante
703 1770 888 1804 exliomolage-

102 1817 144 1843 sin
176 1816 276 1851 factam
296 1816 427 1848 criminis,
449 1821 510 1842 ante
537 1821 677 1850 purgatam
700 1817 887 1843 conscientiam

101 1863 235 1897 sacriﬁcio
256 1867 280 1889 et
299 1870 379 1889 manu
393 1861 550 1893 sacerdotis.
574 1866 634 1889 ante
649 1856 777 1896 oﬂ'ensam
795 1862 888 1897 placa-

101 1913 156 1934 tam
164 1907 328 1942 indignantis
337 1907 472 1934 Dominiet
481 1908 615 1940 minantis,
622 1915 711 1942 pacem
719 1913 812 1942 putant
820 1916 886 1940 esse,

100 1962 179 1988 quam
195 1953 302 1988 quidam
318 1953 401 1980 rerbt's
413 1953 557 1988 fallacibus
575 1953 720 1979 venditant.
737 1952 774 1980 De
790 1961 844 1988 quo
858 1958 886 1981 et

101 2000 166 2026 alibi
181 2000 283 2034 passim
299 1999 471 2034 expostulat,
491 1998 607 2026 maxime
622 1998 702 2033 epist.
718 1999 760 2031 10,
777 2001 810 2025 ad
829 1999 887 2026 σιε-

101 2051 172 2077 nim,
187 2047 214 2070 et
229 2043 316 2078 cp.12
326 2047 353 2071 et
363 2051 407 2078 ep.
419 2043 462 2075 l5,
479 2043 540 2070 libri
551 2050 592 2070 ιιι.
605 2043 686 2078 Atep.
705 2043 748 2076 ll,
760 2048 820 2078 post
832 2045 888 2078 plc-

102 2097 165 2116 nam
182 2089 368 2124 paenitentiam
390 2093 529 2124 stupratas
543 2089 664 2123 virgines
679 2089 883 2124 exbomologesi

104 2135 177 2162 facta
191 2135 281 2163 redire
295 2135 328 2162 ad
344 2135 495 2162 Ecclesium
514 2135 656 2170 permittit.
673 2134 744 2168 Quin
755 2135 835 2163 etiant
851 2135 886 2163 ob

942 1550 995 1576 tur,
1017 1545 1042 1571 in
1065 1545 1154 1572 eodem
1177 1552 1297 1576 numero,
1322 1552 1374 1579 quo
1396 1545 1442 1579 qui
1464 1550 1540 1572 erant
1559 1545 1591 1572 ab
1612 1546 1730 1574 Ecclesia

939 1591 1042 1618 exclusi
1056 1590 1146 1617 [iuberi
1159 1589 1245 1624 jubet.
1271 1589 1338 1622 Quae
1359 1595 1401 1617 cst
1417 1589 1625 1619 inhumattitatis
1652 1593 1730 1626 plena

941 1637 994 1664 ista
1010 1636 1157 1667 sententia,
1182 1641 1293 1671 propter
1314 1644 1396 1670 quam
1417 1636 1562 1664 damnatus
1579 1642 1620 1665 est
1638 1637 1730 1666 Nova-

940 1681 1004 1708 tns'!
1023 1679 1127 1715 Opinor
1153 1680 1210 1710 illa.
1234 1687 1316 1714 quam
1337 1679 1433 1707 eodem
1459 1681 1547 1715 capite
1559 1681 1605 1712 55,
1620 1682 1673 1710 lib.
1689 1689 1728 1714 vt,

941 1725 1012 1753 Ilist.
1029 1725 1120 1753 ccc/ss.
1145 1725 1216 1753 unde
1239 1726 1292 1753 ista
1317 1725 1522 1761 deprompsisti,
1544 1727 1627 1754 refert
1646 1729 1732 1756 Ειιιξθ⁸

939 1771 1021 1803 bius;
1046 1770 1119 1806 qttod
1144 1779 1219 1805 spem
1244 1778 1351 1798 omnem
1378 1771 1463 1798 veniae
1492 1771 1576 1806 lapsis
1600 1773 1727 1807 eripi-ret.

939 1815 1000 1844 Ideo
1009 1817 1138 1843 damnato
1146 1815 1305 1847 Novatiano,
1317 1819 1450 1843 statutum
1459 1821 1511 1847 est,
1522 1822 1550 1843 ut
1562 1818 1642 1845 ii.lent
1658 1819 1728 1853 lapsi

939 1862 1109 1898 pmnitentiaa
1130 1862 1336 1889 medicamentis
1352 1862 1454 1894 curari,
1470 1870 1502 1888 ac
1515 1864 1626 1890 sanitati
1647 1866 1726 1892 resti-

933 1907 977 1935 ‘tui
998 1911 1120 1942 possent.
1134 1906 1193 1934 Jam
1209 1910 1266 1934 tum
1279 1915 1356 1942 ergo,
1373 1911 1402 1934 ut
1416 1911 1539 1942 apparet,
1556 1908 1590 1935 ab
1603 1908 1727 1939 Ecclesia

937 1953 1074 1980 catholica
1092 1952 1160 1987 lapsi
1174 1956 1349 1987 peccatorum
1365 1953 1565 1980 absolutionem
1583 1959 1646 1981 Sunt
1659 1962 1727 1983 can-

938 1999 1037 2028 secuti.
1061 1999 1143 2034 Atqui
1167 1999 1219 2027 ltoc
1243 2000 1303 2034 ipso
1325 2000 1448 2028 secundo
1471 1999 1727 2034 dispunctiuncula-

938 2053 999 2073 rum
1019 2045 1118 2081 capite,
1140 2053 1202 2080 pag.
1217 2046 1245 2079 ‘2,
1262 2046 1597 2080 tweientepersecutionum
1611 2047 1726 2081 procella

939 2091 1148 2126 pmnitentibus,
1164 2090 1189 2117 id
1201 2095 1254 2122 est,
1272 2090 1344 2118 dono
1358 2091 1405 2117 illo
1425 2089 1469 2118 Dei
1485 2090 1582 2117 amatis
1600 2095 1725 2126 negatam

939 2137 1039 2165 asseris
1054 2137 1270 2169 absolutionem,
1299 2136 1405 2163 reddita
1419 2145 1478 2164 vero
1500 2135 1625 2164 Ecclesia:
1649 2145 1722 2171 pace,

101 2181 262 2216 ingruetttes
278 2181 496 2216 persecutiones,
516 2180 681 2215 paenitentiae
701 2181 886 2209 contrahenda
902 2187 925 2217 ί)
938 2183 1157 2215 communionem,
1179 2182 1207 2209 id
1221 2187 1270 2214 est,
1287 2183 1388 2209 veniant
1405 2191 1449 2209 seu
1462 2187 1629 2216 peccatorum
1646 2182 1724 2209 abso-

100 2227 201 2262 spatia,
219 2232 246 2254 et
258 2234 351 2262 pacem
374 2227 457 2262 lapsis
479 2228 726 2262 repraesentandam
741 2235 813 2260 esse,
838 2229 886 2256 de<

99 2273 190 2300 cernit
207 2280 250 2307 ep.
265 2272 309 2299 5t.
326 2271 379 2300 Sed
395 2280 502 2305 vereor,
518 2280 551 2300 ne
565 2271 693 2308 Cypriani
709 2274 887 2302 auctoritatvs

100 2326 231 2346 acervare
249 2319 331 2347 nimis
346 2319 456 2354 longum
473 2326 505 2346 ac
521 2326 754 2354 supervacaneum
769 2320 815 2348 sit.
831 2319 887 2348 Plc-

99 2373 140 2392 nte
152 2371 218 2392 sunt
229 2365 301 2392 enirn
318 2365 392 2392 illius
405 2365 527 2400 epistola:
537 2366 700 2394 certissimis
711 2366 886 2394 evidentissi-

99 2411 207 2446 misque
231 2411 406 2442 testimoniis,
424 2418 457 2438 ex
477 2411 577 2446 quibus
599 2415 739 2445 appareat,
767 2413 887 2439 sa-riente

98 2456 218 2491 procella
252 2458 457 2490 persecutionis,
488 2461 660 2492 peccatorum
689 2459 885 2486 absolutionctn

99 2502 299 2537 pmtiitentibus
314 2503 459 2534 indullam,
471 2503 539 2529 vivis
550 2510 626 2537 atque
637 2510 669 2529 ac
685 2504 864 2531 morientibus
877 2513 883 2531 :

99 2557 188 2585 neque
203 2557 296 2576 verum
311 2557 382 2582 esse,
396 2550 468 2585 quod
490 2550 605 2582 scribis;
629 2550 706 2586 longo
723 2551 826 2578 demunt
845 2552 886 2578 in-

99 2596 210 2623 tervallo
236 2595 447 2623 Nouatianorum
475 2597 585 2623 Iucrcsin
613 2597 694 2630 [uisse
719 2596 884 2630 damnatam,

98 2644 166 2672 quod
181 2642 352 2668 morientibus
370 2643 470 2669 ueniant
485 2650 534 2669 non
549 2643 710 2669 relaxarent.
731 2642 809 2676 Quod
831 2643 885 2670 uti-

98 2695 152 2721 que
165 2686 320 2714 Novatiano
333 2687 422 2715 adhuc
437 2689 594 2722 superstite,
614 2688 668 2715 imo
682 2692 744 2715 ante
758 2687 886 2716 Novatia-

99 2742 176 2765 num,
191 2734 219 2762 in
235 2733 356 2762 Ecclesia
376 2743 437 2762 esse
456 2735 570 2767 factum,
591 2735 659 2763 satis
675 2739 817 2763 ostensum
831 2741 882 2764 est.

99 2782 238 2808 Accedant
254 2781 333 2808 modo
359 2780 481 2816 Gregorii
505 2781 689 2816 tltautnntttrgi
713 2781 884 2817 aliorumque

100 2825 303 2861 [.muitcnttalcs
330 2833 460 2859 canones,
475 2830 617 2862 grassante
650 2825 739 2853 adhuc
764 2826 883 2861 prorella

936 2230 1061 2257 Iutionem
1075 2230 1245 2258 morientibus
1260 2231 1320 2257 dari
1336 2231 1479 2264 placuisse;
1493 2235 1517 2258 et
1533 2230 1559 2257 in
1570 2238 1600 2258 eo
1615 2230 1726 2257 dunttia-

937 2279 990 2302 tam
1005 2283 1070 2308 esse,
1091 2276 1136 2302 sed
1151 2275 1228 2310 longo
1243 2276 1392 2308 intervallo,
1410 2275 1624 2303 Novatianorum
1639 2276 1724 2303 litare-

936 2322 988 2352 sin,
1004 2321 1074 2356 quod
1094 2322 1265 2349 morientibus
1283 2321 1386 2348 veniant
1405 2330 1457 2348 non
1476 2321 1638 2348 relaxaret".
1665 2320 1723 2348 Non

936 2367 1025 2394 albutn
1043 2368 1119 2402 nigro
1133 2367 1299 2396 contrarium
1323 2366 1410 2402 magis
1435 2370 1496 2398 est,
1521 2374 1602 2401 quatn
1624 2366 1723 2400 prioris

936 2413 1033 2446 capitis
1058 2413 1199 2446 doctrinm,
1226 2412 1386 2448 posterioris
1409 2411 1555 2440 sententia.
1585 2411 1614 2440 Si
1642 2412 1723 2447 longo

937 2463 998 2493 post.
1024 2458 1164 2485 Novatiatti
1179 2463 1287 2492 tempus
1305 2458 1459 2489 intervallo,
1484 2465 1516 2484 ac
1538 2457 1612 2484 finita
1630 2465 1723 2492 persc-

935 2505 1054 2538 cutionc,
1075 2504 1202 2531 damnata
1219 2508 1260 2531 est
1278 2503 1420 2530 Novatiani
1436 2504 1564 2534 ltmrnsis;
1582 2504 1634 2530 hoc
1651 2504 1721 2538 ipso,

935 2550 1008 2584 quod
1031 2549 1210 2576 morientibus
1233 2549 1366 2576 duntaxat
1392 2549 1470 2576 venia
1495 2549 1629 2583 permissa
1657 2549 1720 2581 fuit.

935 2595 1073 2630 qttontodo
1098 2603 1191 2622 verum
1213 2599 1265 2625 est,
1286 2595 1358 2630 quod
1373 2603 1404 2622 ex
1424 2593 1542 2622 Eusebio
1556 2598 1582 2622 et
1599 2594 1722 2622 liomano

936 2640 983 2668 illo
1007 2640 1124 2667 concilio
1152 2640 1234 2675 (quod
1259 2640 1351 2675 utique
1373 2640 1573 2675 persecutionis
1601 2644 1723 2675 tempore

934 2691 976 2714 est
992 2686 1138 2719 habitum),
1160 2686 1240 2714 modo
1259 2687 1416 2721 prol'crebas
1430 2695 1436 2713 :
1450 2685 1720 2717 inhumanissimam,

935 2736 961 2759 et
980 2739 994 2758 a
1017 2732 1137 2760 fraterna
1161 2732 1297 2760 cltaritate
1323 2733 1517 2760 alienissimam
1544 2731 1640 2759 Novati
1659 2731 1721 2766 opio

935 2779 1056 2812 nionem,
1084 2780 1190 2808 vivente
1216 2780 1305 2807 adhuc
1333 2779 1403 2815 ipso,
1429 2780 1586 2806 damnatam
1612 2777 1719 2805 fuisse?

935 2825 1102 2854 Novatianus
1119 2827 1192 2855 enini
1212 2827 1296 2860 lapsis
1312 2827 1397 2855 \"t‘llliE
1412 2833 1487 2858 spem
1501 2829 1614 2853 catcnus
1629 2821 1716 2852 solum
