1937 3039
185 97 244 124 6ὶὸ

843 88 936 116 ΒΙΟΝ.
959 87 1131 115 ΡΙΞΤΑΥΙΕΞ

1760 79 1832 106 Ὁῖϐ

186 150 355 182 detrahebat,
377 153 514 184 quatenus
528 148 634 176 absolvi
650 155 698 175 eos
714 147 749 175 ab
763 147 885 175 Ecclesia
902 151 978 174 veta-
993 151 1016 179 Α
1030 147 1152 182 ejusdem
1168 146 1302 173 sententia
1313 145 1460 173 convenire
1472 145 1518 180 qui
1533 145 1644 180 potest?
1659 144 1747 173 Doces
1757 152 1832 173 nos.

188 201 250 230 ttat;
267 196 435 232 poenitentia:
450 199 540 222 autent
558 194 685 221 allectum
697 193 784 224 illum.
802 194 859 220 sive
874 193 976 220 donum

187 243 244 276 Dei,
259 250 292 269 ac
313 248 469 273 mmrorem,
494 244 541 267 aut
564 239 695 274 quidquid
713 238 822 266 tandem
837 238 904 265 illud
919 242 974 270 est,

185 288 259 323 quod
284 287 451 323 pmnitentes
469 286 538 312 citra
558 285 757 312 absolutionem
774 284 978 319 consequeban-

187 339 242 365 tur,
261 333 442 368 approbaltat,
467 336 495 358 ιιι
512 340 545 358 ex
567 331 680 358 Socrate
698 331 745 358 lib.
761 337 797 363 tv,
815 338 876 365 cap.
894 330 936 363 l3,
951 334 978 357 et

186 379 312 405 Ambros.
330 377 376 403 lib.
394 385 413 408 ι,
427 376 467 403 De
479 376 615 410 paenitetat.
635 382 696 409 cap.
712 374 740 406 2,
759 375 786 401 in
805 374 979 401 Animaduer-

187 424 317 455 δὶοηίὺιιδ,
337 430 399 457 cap.
424 422 451 449 ιτ
476 421 605 448 Diatriba:
625 421 657 449 de
679 421 841 456 paenitentia
865 420 979 448 demon-

186 468 344 495 stravimus.
372 467 462 500 Quare
482 467 554 502 quod
578 467 604 493 in
628 467 746 494 concilio
765 466 888 494 Romano
901 466 979 493 dam-

186 517 282 540 ttatutn
298 511 443 538 Novatiani
460 513 555 546 doga'a
570 519 601 538 ex
620 511 737 539 Eusebio
753 519 813 546 cap.
831 512 856 542 1,
876 511 978 543 fateris,

188 559 259 587 istud
275 560 363 594 ipsum
380 558 522 593 cst,quod
549 566 602 585 non
628 559 680 586 nisi
709 559 789 593 longo
814 561 876 592 post
902 557 979 584 illum

188 606 332 632 intervallo
357 605 489 639 rejeetum
519 612 551 631 ac
579 604 763 639 proscriptum
788 612 867 636 esse,
895 603 980 630 altero

187 651 277 685 capite
298 650 490 681 detttonstras;
515 650 642 684 quodque
657 649 682 676 in
700 649 822 676 Ecclesia
845 648 980 675 catholica

189 696 236 723 illo
252 696 322 730 ipso,
341 704 395 730 qtto
409 696 567 723 damnatum
580 696 672 730 primo
687 696 777 729 capite
791 695 896 725 dixisti,
912 698 981 721 tem-

187 749 266 776 pore,
288 741 410 768 moribus
431 745 513 775 atque
532 748 586 768 usu
610 741 817 775 comprobatum
835 739 895 766 fuit.
918 739 981 766 Htec

189 791 254 813 sunt
269 786 417 814 ἀσύστατσ..
432 786 562 819 Quandiu
580 786 782 821 persecutionis
803 785 881 812 furor
903 785 981 812 etl‘cr—

1028 201 1088 228 pag.
1107 192 1135 224 8,
1163 191 1364 226 pmnilcntiam,
1389 191 1423 218 de
1442 199 1496 226 qua
1521 198 1674 219 sermonem
1701 191 1834 219 instituit

1030 237 1219 270 Innocentius,
1242 244 1305 263 cum
1319 244 1379 264 eam
1406 236 1472 263 dicit
1494 236 1559 264 olim
1580 240 1679 272 negata
1694 244 1834 264 commu—

1030 284 1111 311 nione
1127 283 1212 311 fuisse
1237 290 1408 315 concessam,
1424 290 1485 310 esse
1498 283 1639 317 paenitendi
1655 282 1831 317 cupidinem,

1030 330 1088 358 sive
1105 329 1204 356 donum
1224 329 1283 360 Dei,
1301 328 1371 363 quod
1390 329 1486 355 animis
1510 327 1629 363 ﬁdelium
1645 328 1830 356 “labebatur.

1029 375 1063 404 Β.
1081 375 1112 402 ι).
1140 375 1331 410 Albaspinaaus
1346 375 1393 402 lib.
1411 383 1430 402 ιι
1448 374 1556 402 Observ.
1580 382 1640 410 cap.
1662 375 1689 406 5,
1713 383 1740 410 p.
1758 375 1831 408 228,

1030 421 1133 449 donum
1155 421 1222 448 illud
1236 421 1283 448 Dei
1296 425 1323 449 et
1344 421 1474 454 alllatum,
1492 421 1611 448 fructum
1631 428 1692 448 esse
1714 425 1830 452 censet,

1030 471 1057 495 et
1081 467 1219 497 elfectum.
1244 467 1317 502 quod
1342 474 1374 494 ex
1398 467 1587 494 benediCtione
1603 466 1776 501 poenitentia:
1798 467 1831 493 in

1031 513 1137 541 animos
1161 513 1342 540 redundabat.
1365 512 1456 548 Pergit
1475 513 1583 544 deinde,
1607 516 1633 540 et
1658 513 1731 540 inter
1757 513 1830 544 alia,

1031 567 1091 595 qua:
1115 561 1148 587 de
1170 559 1340 594 pmnitentiae
1357 566 1408 586 usu
1438 567 1504 586 sane
1520 559 1659 586 recondita
1683 563 1709 586 et
1724 559 1830 594 exqui-

1031 606 1083 632 sita
1100 605 1234 640 disputat,
1258 605 1460 640 paenitentiam,
1482 605 1508 632 id
1520 609 1572 637 est,
1592 608 1692 632 statum
1711 604 1830 639 profes—

1032 651 1193 685 sionemque
1210 651 1329 686 publica:
1347 651 1524 685 poenitentiae,
1539 658 1621 686 quam
1636 650 1780 678 laboribus
1797 655 1830 678 et

1028 697 1200 724 cruciatibus
1211 697 1315 730 definit,
1335 705 1420 731 genus
1434 697 1570 732 quoddam
1586 697 1726 732 religionis
1737 696 1830 724 fuisse

1030 744 1141 780 probat,
1159 743 1188 770 in
1202 743 1275 778 quod
1293 744 1410 771 solemni
1422 751 1482 771 sese
1498 750 1561 771 voto
1576 743 1700 770 homines
1715 743 1826 770 astrin-

1032 792 1139 824 gerent,
1165 789 1246 825 cujus
1262 788 1370 824 quidem
1391 789 1520 824 religione
1538 789 1593 816 voti
1615 796 1694 816 nemo
1712 793 1828 816 tenere-

189 833 268 864 ltuit;
300 833 353 859 hoc
376 837 434 865 est,
463 832 618 864 Novatiani,
648 831 777 866 Cypriani
802 834 830 858 et
855 830 980 862 Romani,

1036 838 1088 867 tur,
1114 835 1167 861 nisi
1191 833 1224 860 ab
1248 834 1368 861 Ecclesia
1392 839 1526 868 acceptant
1544 838 1569 860 et
1592 839 1681 860 ratum
1702 833 1829 860 habitum

189 878 268 913 cujus
287 877 410 904 meminit
436 877 583 910 Eusebius,
604 879 684 904 aetate
706 876 828 908 concilii,
853 880 980 911 peccato-

190 932 249 951 rum
275 923 412 950 absolutio
433 931 466 950 ne
485 923 511 950 in
526 923 623 950 mortis
645 923 754 957 quidem
777 922 897 948 articulo
917 929 982 949 eon-

194 976 272 996 cessa
292 973 344 999 est,
366 972 395 995 ut
418 976 479 1004 pag.
504 968 522 994 2
542 969 639 1003 capitis
663 968 742 995 istius
765 968 983 1002 asseris:caque

189 1014 336 1041 catholica:
362 1013 493 1041 Ecclesia
522 1014 679 1049 disciplina,
711 1016 823 1040 auctore
850 1017 887 1045 te,
919 1013 980 1040 fuit.

197 1059 306 1087 Falsum
323 1065 366 1087 est
378 1060 473 1095 igitur,
499 1061 571 1095 qttod
595 1061 621 1086 in
648 1061 737 1095 capite
764 1059 863 1094 primo,
881 1066 941 1094 pag.
954 1058 980 1092 6,

189 1105 311 1140 posuisti
330 1115 338 1138 ;
354 1106 382 1132 itt
399 1107 521 1132 Romano
539 1106 657 1132 concilio
673 1106 939 1136 ittltuntanissimam,
955 1110 982 1132 ct.

195 1160 209 1177 a
227 1152 363 1179 citat-itate
387 1152 507 1179 fraterna
532 1152 728 1179 alienissimam
749 1152 905 1186 opinionem
928 1150 983 1178 No-

192 1198 294 1224 vatiani
315 1206 377 1226 esse
400 1198 568 1225 damnatam.
596 1198 654 1224 Non
668 1198 741 1225 enitn
767 1198 881 1225 alteram
906 1197 983 1225 dices

194 1243 250 1269 illic
273 1243 430 1270 damnatam
454 1242 550 1275 luisse,
566 1251 647 1278 quam
666 1251 726 1278 qua:
746 1243 830 1277 lapsis
845 1243 872 1269 in
886 1243 983 1270 mortis

194 1289 316 1323 periculo
339 1289 561 1316 communionem
587 1289 703 1323 negabat
729 1292 756 1315 et
783 1289 900 1321 veniam,
921 1296 983 1316 cum

194 1335 328 1369 ejusmodi
355 1339 437 1361 sectae
460 1334 542 1362 istius
565 1341 687 1361 crroretn
713 1333 798 1362 fuisse
825 1342 886 1369 pag.
906 1334 924 1360 2
945 1334 984 1361 fa-

194 1386 276 1408 teare.
297 1380 372 1413 Quod
390 1381 412 1407 si
429 1388 524 1407 verum
545 1386 588 1407 est
617 1381 679 1412 hoc,
708 1381 780 1415 quod
796 1381 884 1415 primo
895 1381 983 1415 capite

194 1427 304 1458 scribis,
336 1434 350 1453 a
373 1426 490 1453 concilio
516 1433 578 1453 esse
601 1426 749 1459 decretum,
776 1430 805 1452 ut
821 1434 882 1453 esse
903 1434 983 1453 nemo

195 1472 318 1508 prttdens
345 1471 507 1506 negaverit;
537 1475 594 1498 tum
622 1475 651 1498 tu
677 1479 741 1499 vero
770 1473 886 1499 alterum
916 1471 982 1499 illud

195 1518 295 1553 capitis
315 1518 428 1545 secundi
452 1520 585 1543 retractes
607 1524 720 1544 necesse
736 1521 778 1544 est
795 1526 800 1543 :
818 1521 880 1544 ante
893 1518 984 1545 reddi-

195 1569 251 1591 tam
279 1563 409 1590 Ecclesia:
432 1570 537 1597 pacem,
559 1570 594 1589 ne
616 1562 796 1590 morientibus
811 1564 920 1598 quidem
941 1572 987 1591 ve-

197 1611 268 1638 niam
286 1609 403 1636 relaxari
417 1608 605 1635 consuevisse.

235 1655 313 1682 Nunc
335 1655 400 1681 illud
422 1653 574 1686 ostendam,
599 1652 670 1688 quod
687 1653 714 1680 in
730 1653 790 1688 ipso
805 1654 871 1680 milti
887 1654 987 1689 capitis

200 1701 283 1735 hujus
300 1701 426 1727 lemmate
439 1700 604 1735 pratscripsi,
621 1705 646 1726 te
663 1700 689 1725 in
704 1699 816 1726 secundi
835 1700 873 1726 ιιιί
890 1700 987 1734 capitis

198 1747 386 1781 disputatione
408 1749 504 1772 contra
523 1744 719 1775 certissimam,
743 1748 770 1771 et
793 1744 988 1771 ecclesiastica:

199 1792 261 1819 tidei
293 1791 443 1827 pietatique
469 1794 681 1818 consentaneum
708 1789 741 1817 Β.
765 1789 987 1824 D..Albaspina:i

198 1839 291 1866 Aurel.
322 1838 407 1872 cpisc.
440 1837 596 1864 doctrinam
629 1837 747 1864 decretis
774 1844 895 1872 pugnare
922 1837 985 1864 tuis.

201 1886 308 1913 Scribis
332 1885 441 1920 pagina,
466 1884 505 1911 uti
531 1884 634 1910 dictum
655 1888 707 1916 est,
731 1883 895 1911 undecima:
912 1882 987 1911 Νοιι-

198 1931 251 1958 nisi
267 1929 371 1957 rcddita
388 1929 516 1956 Ecclesia:
534 1937 610 1963 pace,
627 1934 654 1956 et
670 1929 750 1964 longo
767 1928 909 1955 intervallo
926 1932 988 1963 post

199 1976 378 2003 Novatiannnt
392 1994 400 2008 ,
417 1975 599 2002 morientibus
619 1975 768 2001 relaxatam
790 1982 852 2002 esse
869 1975 986 2006 veniam,

198 2030 231 2050 ac
249 2026 305 2048 tum
324 2022 433 2048 demum
451 2019 665 2048 Novatianorunt
681 2020 835 2047 damnatam
851 2020 985 2053 haeresim,

199 2067 271 2101 qttod
298 2065 480 2093 morientibus
495 2066 603 2092 veniant
621 2069 760 2100 negarent.
779 2064 987 2092 Reverendissi-

200 2121 261 2140 mus
274 2120 290 2139 c
304 2112 445 2138 contrario
469 2112 578 2146 pracsul.
603 2111 650 2138 lib.
673 2119 690 2138 ιι
711 2111 774 2139 Obs.
789 2119 849 2146 cap.
861 2111 907 2144 ιο,
923 2110 988 2138 Cor-

1031 884 1110 908 esset.
1134 879 1167 906 Id
1183 883 1272 906 autem
1287 878 1366 914 ﬁebat
1385 887 1417 906 ea
1430 886 1525 906 manus
1547 879 1715 913 impositione
1735 883 1760 905 et
1780 886 1829 905 ne-

1033 926 1193 957 uedictione,
1211 934 1262 961 qua
1274 926 1455 960 paenitentiam
1472 926 1628 960 imperabat,
1654 929 1678 952 et
1697 925 1830 952 concede-

1035 971 1091 999 bat.
1108 971 1233 1006 Reliqua,
1248 979 1284 999 ne
1298 971 1350 999 sim
1367 972 1482 1006 longior,
1498 971 1603 998 omitto.
1621 970 1686 1004 Qua-
1699 974 1725 998 ιε
1740 970 1829 997 miror

1034 1018 1295 1045 animadvertentem
1312 1022 1359 1045 aut
1375 1018 1426 1045 ista
1438 1017 1559 1045 scribere
1570 1015 1692 1052 potuisse
1707 1026 1714 1044 :
1731 1015 1827 1044 Pani-

1035 1065 1143 1090 tentiam
1170 1064 1310 1090 concedere
1334 1063 1404 1090 idcnt
1431 1070 1492 1090 esse
1509 1070 1540 1089 ac
1565 1063 1666 1089 donum
1694 1062 1772 1093 illud.
1799 1067 1828 1089 et

1033 1111 1159 1138 intimntn
1183 1110 1335 1144 approbare
1357 1109 1514 1144 Poenitentis
1531 1108 1669 1141 allectum,
1695 1113 1742 1135 aut
1761 1115 1828 1135 cum

1034 1157 1070 1183 ita
1095 1156 1214 1183 sentires
1238 1163 1269 1182 ac
1302 1156 1444 1188 scriberes,
1472 1155 1523 1182 hoc
1552 1160 1579 1183 te
1608 1157 1668 1190 ipso
1697 1156 1827 1190 praesulis

1035 1202 1104 1228 tanti
1133 1201 1286 1228 doctrinam
1317 1201 1449 1229 illustrari
1472 1209 1504 1228 ac
1529 1202 1599 1228 tueri
1630 1201 1710 1235 velle,
1740 1201 1828 1228 misse

1036 1244 1199 1279 professum.
1219 1244 1285 1272 Nam
1306 1245 1492 1280 pmnitentiam
1510 1245 1583 1272 illam
1602 1245 1701 1280 ipsam,
1713 1244 1748 1272 de
1771 1252 1828 1280 qua

1035 1290 1214 1317 Innocentius
1237 1290 1303 1324 agit,
1322 1291 1454 1318 latissime
1477 1291 1656 1323 demonstrat,
1673 1291 1776 1318 donum
1798 1291 1830 1318 ιιι

1035 1334 1081 1361 Iud
1108 1334 1154 1361 Dei
1179 1334 1368 1362 benedictione
1389 1342 1439 1362 sua
1468 1335 1617 1369 peperisse,
1644 1342 1698 1362 non
1735 1336 1827 1370 ipsmn

1035 1380 1137 1407 donum
1159 1380 1244 1407 fuisse
1264 1381 1464 1415 pomitentiam.
1480 1379 1552 1408 Doce
1574 1388 1624 1408 nos
1650 1381 1743 1416 igitur,
1760 1380 1828 1415 quid

1036 1426 1065 1453 in
1089 1426 1142 1454 illis
1156 1426 1247 1453 verbis
1263 1426 1319 1453 tuis
1347 1434 1379 1453 ac
1401 1426 1546 1454 sententiis
1561 1427 1655 1453 arcani
1671 1434 1772 1454 sensus
1793 1433 1828 1453 ac

1037 1472 1170 1500 reconditi
1204 1473 1304 1506 lateat;
1329 1477 1357 1500 et
1382 1473 1532 1500 orationem
1562 1476 1636 1500 tuam
1661 1473 1696 1500 ab
1723 1473 1828 1500 erroris

1039 1519 1106 1545 tanti
1128 1518 1297 1553 suspicione.
1317 1526 1351 1546 ne
1376 1519 1441 1553 quid
1458 1518 1531 1545 aliud
1556 1518 1656 1548 dicam,
1679 1518 1753 1553 quod
1773 1518 1826 1546 diti

1039 1572 1120 1599 posse
1138 1565 1261 1599 profecto
1277 1565 1362 1597 vides,
1381 1565 1402 1592 si
1417 1569 1502 1599 potes,
1517 1565 1614 1591 exime.
1632 1564 1731 1592 Fateor
1741 1565 1825 1597 enim,

1039 1616 1082 1636 me
1103 1609 1203 1644 sacpius
1222 1610 1266 1636 illa
1285 1614 1459 1642 tractantem,
1475 1614 1502 1637 et
1518 1611 1546 1637 in
1560 1618 1657 1638 ontnes
1676 1617 1769 1644 partes
1785 1610 1827 1637 in-

1039 1656 1235 1690 terpretatione
1253 1659 1419 1687 versantem,
1438 1655 1506 1682 niltil
1526 1656 1657 1682 hactenus
1681 1655 1825 1688 cxtricare,

1039 1707 1094 1734 quo
1111 1704 1165 1726 tam
1185 1701 1337 1735 perspicua:
1352 1700 1479 1728 falsitatis
1502 1701 1604 1728 invidia
1627 1700 1746 1728 devitari
1764 1708 1826 1736 pos-

1039 1745 1098 1772 sit:
1116 1753 1177 1772 nam
1206 1747 1278 1781 quod
1306 1754 1390 1773 unum
1418 1752 1570 1782 supererat,
1598 1751 1628 1774 ut
1653 1747 1680 1773 id
1707 1747 1826 1774 sensisse

1041 1789 1176 1822 viderere,
1205 1791 1232 1817 in
1261 1791 1321 1825 ipso
1338 1795 1405 1818 aestu
1432 1798 1464 1818 ac
1490 1791 1596 1818 fervore
1618 1791 1825 1825 persecutionis,

1040 1833 1126 1868 lapsis
1140 1835 1244 1862 aditum
1263 1835 1295 1862 ad
1315 1843 1407 1870 pacem
1430 1839 1456 1863 et
1473 1836 1724 1863 reconciliationem
1743 1837 1825 1863 inter-

1040 1880 1149 1908 clusum
1175 1873 1270 1913 fuisse,
1291 1888 1347 1916 quo
1363 1881 1467 1916 majore
1488 1890 1549 1908 cunt
1572 1882 1674 1916 impetu
1693 1882 1778 1909 animi
1799 1887 1825 1909 et

1039 1925 1137 1952 ardore
1161 1931 1299 1953 certamen
1321 1931 1492 1961 repeterent;
1509 1931 1602 1962 postea
1618 1934 1684 1954 vero
1703 1934 1771 1961 pace
1793 1926 1824 1954 ad

1038 1977 1146 2007 tempus
1165 1971 1294 2000 Ecclesia:
1310 1973 1446 2004 restituta,
1462 1973 1557 2001 mitius
1575 1980 1637 2000 cum
1660 1973 1716 2001 illis
1736 1977 1824 2000 actum

1039 2017 1142 2051 fuisse;
1161 2019 1235 2054 quod
1256 2020 1369 2054 epistola
1394 2019 1428 2046 52
1453 2019 1610 2047 ittstitutmn
1627 2027 1640 2046 a
1662 2027 1693 2047 se
1716 2018 1824 2055 Cypria-

1038 2073 1090 2094 nus
1116 2071 1232 2094 testatus
1258 2071 1317 2100 est;
1345 2067 1408 2100 hoc,
1435 2068 1558 2102 inquam,
1587 2065 1661 2101 quod
1685 2067 1823 2094 verissime

1038 2112 1130 2139 dicere
1148 2113 1270 2148 potuisti,
1294 2121 1383 2148 neque
1399 2112 1502 2140 dixisse
1527 2117 1563 2145 te.
1580 2120 1671 2147 neque
1695 2112 1821 2144 sensisse.

201 2159 298 2185 nelinm
337 2159 383 2192 qui
418 2157 562 2184 Novatiani
589 2161 616 2184 et
644 2158 842 2192 persecutionis
871 2161 992 2192 tempore
1007 2160 1029 2187 D
1045 2159 1133 2193 palam
1153 2163 1195 2186 est
1216 2167 1249 2186 ex
1275 2160 1320 2192 iis,
1338 2167 1397 2194 quae
1414 2159 1527 2195 subjicis
1543 2167 1550 2186 :
1568 2158 1681 2185 Reddita
1703 2158 1822 2186 Ecclesia

199 2207 279 2236 vixit,
309 2205 450 2232 concilium
474 2211 630 2231 convocasse
655 2204 766 2236 scribit,
796 2204 824 2230 in
848 2212 898 2238 quo
921 2204 987 2230 illud

200 2256 333 2279 decretura
356 2259 387 2278 ac
409 2251 586 2285 prta/initum,
611 2254 639 2276 ut
661 2258 720 2276 cum
742 2249 775 2275 ad
795 2250 888 2276 mortis
908 2257 989 2284 usque

201 2299 268 2325 diem
285 2299 465 2332 pwnitentiam
481 2297 679 2332 produxissenl,
698 2296 888 2322 communionis
904 2295 989 2330 parti-

202 2346 269 2378 cipes
295 2345 467 2379 efﬁcerentur.
497 2344 567 2378 Ergo
592 2342 789 2378 persecutionis
811 2346 942 2377 tempore,
963 2349 990 2369 et

202 2395 265 2418 ante
281 2391 413 2418 redditatn
430 2390 560 2417 Ecclesia:
576 2397 683 2424 pacem,
706 2390 766 2423 ipso
782 2387 871 2415 adhuc
894 2396 989 2422 supcr—

202 2437 265 2464 SIite
276 2436 439 2466 Novatiano,
451 2435 630 2462 morientibus
641 2435 786 2461 relaxatam
800 2441 860 2461 esse
872 2434 988 2466 rcniant,

203 2482 234 2509 R.
254 2483 352 2517 pr:(‘SltI
365 2482 506 2508 existimat
521 2490 527 2508 :
544 2480 616 2515 quod
634 2485 661 2506 tu
681 2487 744 2507 sero
757 2480 877 2512 tandem,
890 2487 921 2506 ac
934 2488 987 2506 non

203 2530 256 2556 nisi
282 2535 348 2563 pace
375 2528 535 2557 constituta,
552 2530 579 2553 et
595 2526 685 2561 longo,
709 2530 737 2552 ιιι
753 2525 883 2560 loqueris,
903 2526 988 2552 inter-

203 2575 273 2601 v:tllo
291 2579 370 2608 putas
390 2580 452 2599 esse
468 2580 645 2599 concessuttt.
664 2571 756 2599 Utrius
773 2572 880 2598 tandem
896 2571 988 2606 opinio

204 2619 383 2655 probabitur?
404 2619 492 2645 Credo
515 2627 547 2645 ne
564 2623 590 2646 te
610 2619 698 2653 ipstun
720 2617 829 2653 quidem
850 2617 990 2644 dubitatu-

203 2674 274 2698 rum,
299 2666 365 2701 qttin
388 2666 493 2693 veriora
509 2665 686 2692 doctissimus
711 2665 821 2700 prasul,
849 2665 903 2691 into
922 2664 989 2698 quin

204 2714 278 2741 solus
302 2713 360 2747 ipse
382 2720 456 2745 vera,
475 2716 503 2739 tu
519 2720 552 2740 ne
567 2712 719 2747 probabilia
744 2711 852 2746 quidem
869 2714 925 2738 toto
942 2710 989 2737 illo

193 2760 291 2794 capite
303 2751 459 2793 scripseris.

238 2805 307 2834 Ecce
330 2806 444 2833 alterum
467 2810 541 2832 tuum
565 2803 598 2832 de
623 2803 782 2837 poenitentia
807 2803 902 2835 dogma
927 2811 989 2831 cum

408 2877 434 2898 vi

1041 2212 1115 2239 pace,
1126 2206 1343 2238 communionem,
1360 2205 1387 2232 id
1401 2210 1449 2237 est,
1463 2206 1564 2232 veniam
1577 2204 1751 2232 morientibus
1767 2205 1822 2231 dari

1042 2252 1192 2284 placuisse;
1208 2256 1232 2278 et
1251 2253 1276 2278 in
1296 2260 1326 2278 eo
1343 2251 1498 2278 damnatam
1513 2259 1579 2283 esse,
1593 2251 1638 2277 sed
1655 2251 1733 2285 longo
1746 2251 1821 2278 inter-

1043 2296 1123 2325 ralla.
1149 2295 1358 2322 Novatianorum
1375 2296 1496 2328 Iucresin,
1515 2296 1583 2330 quod
1600 2296 1771 2323 morientibus
1787 2304 1820 2322 vc-

1043 2342 1115 2368 niam
1143 2351 1194 2368 non
1224 2342 1384 2369 relaxarent.
1415 2342 1493 2369 Pacis
1521 2342 1594 2368 illam
1625 2342 1821 2368 restitutionem

1043 2388 1172 2415 Ecclesiae
1190 2388 1298 2421 factam,
1314 2392 1340 2415 et
1353 2388 1508 2415 damnatam
1523 2388 1662 2415 contraria
1673 2388 1821 2422 mitioriquu

1043 2434 1241 2462 consuetudine
1252 2434 1466 2461 Novatianoruut
1483 2434 1610 2467 ltmrcsin,
1625 2434 1705 2469 longo
1720 2433 1819 2461 demum

1044 2481 1186 2508 intervallo
1199 2480 1332 2508 defendis.
1351 2481 1385 2506 At
1402 2480 1458 2512 illa,
1475 2487 1556 2515 quam
1573 2479 1708 2512 dicebam,
1727 2477 1820 2506 severi-

1043 2527 1108 2554 tatis
1129 2535 1161 2554 ac
1178 2527 1295 2554 lenitatis
1311 2526 1466 2557 aitet-natio,
1489 2533 1543 2553 non
1567 2526 1648 2560 longo
1672 2524 1818 2555 intervallo,

1044 2572 1091 2600 sed
1112 2573 1138 2599 itt
1159 2573 1218 2607 ipso
1244 2572 1400 2598 Novatiante
1426 2572 1536 2598 Itmresis
1561 2576 1633 2603 ortu,
1655 2571 1683 2598 in
1706 2569 1818 2597 Ecclesia

1044 2622 1180 2653 suscepta.
1193 2618 1266 2644 illius
1278 2617 1407 2644 saevitiam
1420 2617 1662 2651 crudelitatemque
1677 2616 1817 2643 damnavit.

1045 2663 1112 2690 Mira
1137 2667 1201 2690 sunt
1227 2663 1320 2698 igitur,
1348 2665 1374 2689 et
1398 2661 1577 2696 mcojudieio
1608 2661 1686 2693 falsa,
1715 2667 1773 2696 qua:
1794 2664 1818 2686 ιιι

1043 2710 1134 2738 verbis
1150 2709 1204 2734 illis
1228 2708 1368 2742 explicas;
1384 2707 1419 2734 ab
1435 2707 1584 2734 Innocentii
1601 2713 1665 2734 vero
1681 2712 1779 2739 mcnic,
1795 2709 1818 2732 et

1043 2762 1095 2782 usu
1112 2755 1159 2782 illo
1181 2754 1292 2787 veteris,
1315 2761 1395 2789 quem
1417 2753 1539 2789 exponit,
1562 2752 1691 2780 Ecclesia:
1713 2758 1814 2790 prorsu;

1045 2801 1142 2829 aliena.
