  <div class='ocr_page' id='page_1' title='image "/cluster/home/n/w/nwhite01/storage/ocr_20150623/43/njp.32101007506163/348.png"; bbox 0 0 1937 3039; ppageno 0'>
   <div class='ocr_carea' id='block_1_1' title="bbox 109 144 168 174">
    <p class='ocr_par' dir='ltr' id='par_1_1' title="bbox 109 144 168 174">
     <span class='ocr_line' id='line_1_1' title="bbox 109 144 168 174; baseline -0.017 0"><span class='ocrx_word' id='word_1_1' title='bbox 109 144 168 174; x_wconf 66' lang='grc' dir='ltr'><strong><em>θη</em></strong></span> 
     </span>
    </p>
   </div>
   <div class='ocr_carea' id='block_1_2' title="bbox 112 245 906 284">
    <p class='ocr_par' dir='ltr' id='par_1_2' title="bbox 112 245 906 284">
     <span class='ocr_line' id='line_1_2' title="bbox 112 245 906 284; baseline 0.013 -12"><span class='ocrx_word' id='word_1_2' title='bbox 112 245 276 273; x_wconf 78' lang='lat' dir='ltr'><strong><em>habiliorem</em></strong></span> <span class='ocrx_word' id='word_1_3' title='bbox 303 247 391 274; x_wconf 81' lang='lat' dir='ltr'><strong><em>multo</em></strong></span> <span class='ocrx_word' id='word_1_4' title='bbox 414 251 442 275; x_wconf 83' lang='lat' dir='ltr'><strong><em>et</em></strong></span> <span class='ocrx_word' id='word_1_5' title='bbox 469 249 665 284; x_wconf 74' lang='lat' dir='ltr'><strong><em>expeditiorem</em></strong></span> <span class='ocrx_word' id='word_1_6' title='bbox 689 245 906 282; x_wconf 20' lang='lat' dir='ltr'><strong><em>innocentiiiin-</em></strong></span> 
     </span>
    </p>
   </div>
   <div class='ocr_carea' id='block_1_3' title="bbox 113 291 906 334">
    <p class='ocr_par' dir='ltr' id='par_1_3' title="bbox 113 291 906 334">
     <span class='ocr_line' id='line_1_3' title="bbox 113 291 906 334; baseline 0.013 -17"><span class='ocrx_word' id='word_1_7' title='bbox 113 291 338 326; x_wconf 76' lang='lat' dir='ltr'><strong><em>terpretationem</em></strong></span> <span class='ocrx_word' id='word_1_8' title='bbox 362 293 463 320; x_wconf 89' lang='lat' dir='ltr'><strong><em>attulit.</em></strong></span> <span class='ocrx_word' id='word_1_9' title='bbox 477 293 657 328; x_wconf 73' lang='lat' dir='ltr'><strong><em>Consuetudo,</em></strong></span> <span class='ocrx_word' id='word_1_10' title='bbox 688 297 725 324; x_wconf 87' lang='lat' dir='ltr'><strong><em>ait</em></strong></span> <span class='ocrx_word' id='word_1_11' title='bbox 751 298 807 330; x_wconf 91' lang='lat' dir='ltr'><strong><em>ille,</em></strong></span> <span class='ocrx_word' id='word_1_12' title='bbox 832 299 906 334; x_wconf 83' lang='lat' dir='ltr'><strong><em>prior</em></strong></span> 
     </span>
    </p>
   </div>
   <div class='ocr_carea' id='block_1_4' title="bbox 112 337 904 374">
    <p class='ocr_par' dir='ltr' id='par_1_4' title="bbox 112 337 904 374">
     <span class='ocr_line' id='line_1_4' title="bbox 112 337 904 374; baseline 0.013 -12"><span class='ocrx_word' id='word_1_13' title='bbox 112 337 209 369; x_wconf 76' lang='lat' dir='ltr'><strong><em>tenuit,</em></strong></span> <span class='ocrx_word' id='word_1_14' title='bbox 223 341 252 363; x_wconf 87' lang='lat' dir='ltr'><strong><em>ut</em></strong></span> <span class='ocrx_word' id='word_1_15' title='bbox 263 337 447 365; x_wconf 73' lang='lat' dir='ltr'><strong><em>concederetur</em></strong></span> <span class='ocrx_word' id='word_1_16' title='bbox 464 339 502 366; x_wconf 84' lang='lat' dir='ltr'><strong><em>eis</em></strong></span> <span class='ocrx_word' id='word_1_17' title='bbox 517 341 679 374; x_wconf 71' lang='lat' dir='ltr'><strong><em>pmnitcntia,</em></strong></span> <span class='ocrx_word' id='word_1_18' title='bbox 696 342 741 369; x_wconf 84' lang='lat' dir='ltr'><strong><em>sed</em></strong></span> <span class='ocrx_word' id='word_1_19' title='bbox 756 345 904 372; x_wconf 81' lang='lat' dir='ltr'><strong><em>communio</em></strong></span> 
     </span>
    </p>
   </div>
   <div class='ocr_carea' id='block_1_5' title="bbox 113 382 904 433">
    <p class='ocr_par' dir='ltr' id='par_1_5' title="bbox 113 382 904 433">
     <span class='ocr_line' id='line_1_5' title="bbox 113 382 904 433; baseline 0.011 -25"><span class='ocrx_word' id='word_1_20' title='bbox 113 387 263 416; x_wconf 74' lang='lat' dir='ltr'><strong><em>negaretur.</em></strong></span> <span class='ocrx_word' id='word_1_21' title='bbox 286 382 392 416; x_wconf 79' lang='lat' dir='ltr'><strong><em>Quibus</em></strong></span> <span class='ocrx_word' id='word_1_22' title='bbox 411 384 538 411; x_wconf 79' lang='lat' dir='ltr'><strong><em>tandem?</em></strong></span> <span class='ocrx_word' id='word_1_23' title='bbox 558 385 659 421; x_wconf 80' lang='lat' dir='ltr'><strong>Nempe</strong></span> <span class='ocrx_word' id='word_1_24' title='bbox 680 387 724 420; x_wconf 84' lang='lat' dir='ltr'><strong><em>iis,</em></strong></span> <span class='ocrx_word' id='word_1_25' title='bbox 750 388 784 416; x_wconf 89' lang='lat' dir='ltr'><strong><em>de</em></strong></span> <span class='ocrx_word' id='word_1_26' title='bbox 803 390 904 433; x_wconf 79' lang='lat' dir='ltr'><strong><em>quibus</em></strong></span> 
     </span>
    </p>
   </div>
   <div class='ocr_carea' id='block_1_6' title="bbox 112 425 902 468">
    <p class='ocr_par' dir='ltr' id='par_1_6' title="bbox 112 425 902 468">
     <span class='ocr_line' id='line_1_6' title="bbox 112 425 902 468; baseline 0.01 -16"><span class='ocrx_word' id='word_1_27' title='bbox 112 425 279 461; x_wconf 83' lang='lat' dir='ltr'><strong><em>Exuperium</em></strong></span> <span class='ocrx_word' id='word_1_28' title='bbox 296 428 466 462; x_wconf 75' lang='lat' dir='ltr'><strong><em>interrogare</em></strong></span> <span class='ocrx_word' id='word_1_29' title='bbox 484 428 572 457; x_wconf 89' lang='lat' dir='ltr'><strong><em>dicit:</em></strong></span> <span class='ocrx_word' id='word_1_30' title='bbox 589 430 622 456; x_wconf 84' lang='lat' dir='ltr'><strong><em>Et</em></strong></span> <span class='ocrx_word' id='word_1_31' title='bbox 640 430 688 458; x_wconf 81' lang='lat' dir='ltr'><strong><em>hoc</em></strong></span> <span class='ocrx_word' id='word_1_32' title='bbox 701 427 840 467; x_wconf 65' lang='lat' dir='ltr'><strong><em>quesitum</em></strong></span> <span class='ocrx_word' id='word_1_33' title='bbox 852 439 902 468; x_wconf 82' lang='lat' dir='ltr'><strong><em>est,</em></strong></span> 
     </span>
    </p>
   </div>
   <div class='ocr_carea' id='block_1_7' title="bbox 112 473 902 514">
    <p class='ocr_par' dir='ltr' id='par_1_7' title="bbox 112 473 902 514">
     <span class='ocr_line' id='line_1_7' title="bbox 112 473 902 514; baseline 0.011 -16"><span class='ocrx_word' id='word_1_34' title='bbox 112 473 174 507; x_wconf 78' lang='lat' dir='ltr'><strong><em>quid</em></strong></span> <span class='ocrx_word' id='word_1_35' title='bbox 197 473 231 500; x_wconf 78' lang='lat' dir='ltr'><strong><em>de</em></strong></span> <span class='ocrx_word' id='word_1_36' title='bbox 253 473 294 500; x_wconf 82' lang='lat' dir='ltr'><strong><em>his</em></strong></span> <span class='ocrx_word' id='word_1_37' title='bbox 317 473 452 500; x_wconf 78' lang='lat' dir='ltr'><strong><em>obseruari</em></strong></span> <span class='ocrx_word' id='word_1_38' title='bbox 474 474 577 509; x_wconf 77' lang='lat' dir='ltr'><strong><em>debeat,</em></strong></span> <span class='ocrx_word' id='word_1_39' title='bbox 597 477 643 511; x_wconf 83' lang='lat' dir='ltr'><strong><em>qui</em></strong></span> <span class='ocrx_word' id='word_1_40' title='bbox 664 482 723 512; x_wconf 80' lang='lat' dir='ltr'><strong><em>post</em></strong></span> <span class='ocrx_word' id='word_1_41' title='bbox 744 478 902 514; x_wconf 76' lang='lat' dir='ltr'><strong><em>baptismum</em></strong></span> 
     </span>
    </p>
   </div>
   <div class='ocr_carea' id='block_1_8' title="bbox 112 519 900 559">
    <p class='ocr_par' dir='ltr' id='par_1_8' title="bbox 112 519 900 559">
     <span class='ocr_line' id='line_1_8' title="bbox 112 519 900 559; baseline 0.01 -14"><span class='ocrx_word' id='word_1_42' title='bbox 112 519 184 546; x_wconf 83' lang='lat' dir='ltr'><strong><em>omni</em></strong></span> <span class='ocrx_word' id='word_1_43' title='bbox 206 524 320 553; x_wconf 80' lang='lat' dir='ltr'><strong><em>tempore</em></strong></span> <span class='ocrx_word' id='word_1_44' title='bbox 346 520 542 548; x_wconf 68' lang='lat' dir='ltr'><strong><em>incontinentiaz</em></strong></span> <span class='ocrx_word' id='word_1_45' title='bbox 566 527 590 549; x_wconf 86' lang='lat' dir='ltr'><strong><em>et</em></strong></span> <span class='ocrx_word' id='word_1_46' title='bbox 612 523 789 557; x_wconf 77' lang='lat' dir='ltr'><strong><em>voluptatibus</em></strong></span> <span class='ocrx_word' id='word_1_47' title='bbox 806 526 900 559; x_wconf 80' lang='lat' dir='ltr'><strong><em>dediti,</em></strong></span> 
     </span>
    </p>
   </div>
   <div class='ocr_carea' id='block_1_9' title="bbox 111 565 900 601">
    <p class='ocr_par' dir='ltr' id='par_1_9' title="bbox 111 565 900 601">
     <span class='ocr_line' id='line_1_9' title="bbox 111 565 900 601; baseline 0.008 -9"><span class='ocrx_word' id='word_1_48' title='bbox 111 565 139 592; x_wconf 84' lang='lat' dir='ltr'><strong><em>in</em></strong></span> <span class='ocrx_word' id='word_1_49' title='bbox 153 570 270 592; x_wconf 73' lang='lat' dir='ltr'><strong><em>extremo</em></strong></span> <span class='ocrx_word' id='word_1_50' title='bbox 285 566 338 600; x_wconf 81' lang='lat' dir='ltr'><strong><em>[ine</em></strong></span> <span class='ocrx_word' id='word_1_51' title='bbox 368 566 428 593; x_wconf 77' lang='lat' dir='ltr'><strong><em>uiue</em></strong></span> <span class='ocrx_word' id='word_1_52' title='bbox 441 574 497 593; x_wconf 69' lang='lat' dir='ltr'><strong><em>aute</em></strong></span> <span class='ocrx_word' id='word_1_53' title='bbox 518 568 697 601; x_wconf 70' lang='lat' dir='ltr'><strong><em>paenitentiam</em></strong></span> <span class='ocrx_word' id='word_1_54' title='bbox 718 571 799 597; x_wconf 83' lang='lat' dir='ltr'><strong><em>simul</em></strong></span> <span class='ocrx_word' id='word_1_55' title='bbox 821 576 846 598; x_wconf 85' lang='lat' dir='ltr'><strong><em>et</em></strong></span> <span class='ocrx_word' id='word_1_56' title='bbox 862 580 900 598; x_wconf 85' lang='lat' dir='ltr'><strong><em>re-</em></strong></span> 
     </span>
    </p>
   </div>
   <div class='ocr_carea' id='block_1_10' title="bbox 109 610 902 647">
    <p class='ocr_par' dir='ltr' id='par_1_10' title="bbox 109 610 902 647">
     <span class='ocr_line' id='line_1_10' title="bbox 109 610 902 647; baseline 0.01 -11"><span class='ocrx_word' id='word_1_57' title='bbox 109 610 323 637; x_wconf 75' lang='lat' dir='ltr'><strong><em>conciliationem</em></strong></span> <span class='ocrx_word' id='word_1_58' title='bbox 347 611 539 638; x_wconf 78' lang='lat' dir='ltr'><strong><em>communionir</em></strong></span> <span class='ocrx_word' id='word_1_59' title='bbox 556 619 707 647; x_wconf 71' lang='lat' dir='ltr'><strong><em>exposcunt.</em></strong></span> <span class='ocrx_word' id='word_1_60' title='bbox 728 615 769 642; x_wconf 80' lang='lat' dir='ltr'><strong><em>Ad</em></strong></span> <span class='ocrx_word' id='word_1_61' title='bbox 784 616 842 644; x_wconf 71' lang='lat' dir='ltr'><strong><em>haec</em></strong></span> <span class='ocrx_word' id='word_1_62' title='bbox 860 616 902 643; x_wconf 94' lang='lat' dir='ltr'><strong><em>ln-</em></strong></span> 
     </span>
    </p>
   </div>
   <div class='ocr_carea' id='block_1_11' title="bbox 110 656 901 693">
    <p class='ocr_par' dir='ltr' id='par_1_11' title="bbox 110 656 901 693">
     <span class='ocr_line' id='line_1_11' title="bbox 110 656 901 693; baseline 0.009 -11"><span class='ocrx_word' id='word_1_63' title='bbox 110 656 258 683; x_wconf 88' lang='lat' dir='ltr'><strong><em>nocentius</em></strong></span> <span class='ocrx_word' id='word_1_64' title='bbox 272 665 279 683; x_wconf 91' lang='lat'><strong>:</strong></span> <span class='ocrx_word' id='word_1_65' title='bbox 292 656 330 683; x_wconf 85' lang='lat' dir='ltr'><strong><em>De</em></strong></span> <span class='ocrx_word' id='word_1_66' title='bbox 341 657 382 685; x_wconf 71' lang='lat' dir='ltr'><strong><em>Itis</em></strong></span> <span class='ocrx_word' id='word_1_67' title='bbox 398 657 546 686; x_wconf 81' lang='lat' dir='ltr'><strong><em>observatio</em></strong></span> <span class='ocrx_word' id='word_1_68' title='bbox 560 659 634 693; x_wconf 83' lang='lat' dir='ltr'><strong><em>prior</em></strong></span> <span class='ocrx_word' id='word_1_69' title='bbox 643 659 745 693; x_wconf 85' lang='lat' dir='ltr'><strong><em>durior,</em></strong></span> <span class='ocrx_word' id='word_1_70' title='bbox 764 665 817 689; x_wconf 89' lang='lat' dir='ltr'><strong><em>etc.</em></strong></span> <span class='ocrx_word' id='word_1_71' title='bbox 831 661 901 689; x_wconf 90' lang='lat' dir='ltr'><strong><em>Tum</em></strong></span> 
     </span>
    </p>
   </div>
   <div class='ocr_carea' id='block_1_12' title="bbox 110 702 901 740">
    <p class='ocr_par' dir='ltr' id='par_1_12' title="bbox 110 702 901 740">
     <span class='ocr_line' id='line_1_12' title="bbox 110 702 901 740; baseline 0.01 -13"><span class='ocrx_word' id='word_1_72' title='bbox 110 705 139 728; x_wconf 81' lang='lat' dir='ltr'><strong><em>ut</em></strong></span> <span class='ocrx_word' id='word_1_73' title='bbox 153 702 338 729; x_wconf 82' lang='lat' dir='ltr'><strong><em>concederetur</em></strong></span> <span class='ocrx_word' id='word_1_74' title='bbox 348 703 396 736; x_wconf 81' lang='lat' dir='ltr'><strong><em>eis,</em></strong></span> <span class='ocrx_word' id='word_1_75' title='bbox 412 707 478 736; x_wconf 88' lang='lat' dir='ltr'><strong><em>etc.,</em></strong></span> <span class='ocrx_word' id='word_1_76' title='bbox 491 704 626 738; x_wconf 85' lang='lat' dir='ltr'><strong><em>videlicet,</em></strong></span> <span class='ocrx_word' id='word_1_77' title='bbox 642 706 689 740; x_wconf 89' lang='lat' dir='ltr'><strong><em>qui</em></strong></span> <span class='ocrx_word' id='word_1_78' title='bbox 704 706 732 733; x_wconf 93' lang='lat' dir='ltr'><strong><em>in</em></strong></span> <span class='ocrx_word' id='word_1_79' title='bbox 748 710 901 735; x_wconf 79' lang='lat' dir='ltr'><strong><em>extremum</em></strong></span> 
     </span>
    </p>
   </div>
   <div class='ocr_carea' id='block_1_13' title="bbox 110 747 900 785">
    <p class='ocr_par' dir='ltr' id='par_1_13' title="bbox 110 747 900 785">
     <span class='ocr_line' id='line_1_13' title="bbox 110 747 900 785; baseline 0.009 -12"><span class='ocrx_word' id='word_1_80' title='bbox 110 747 174 775; x_wconf 78' lang='lat' dir='ltr'><strong><em>vitae</em></strong></span> <span class='ocrx_word' id='word_1_81' title='bbox 198 751 307 782; x_wconf 88' lang='lat' dir='ltr'><strong><em>tempus</em></strong></span> <span class='ocrx_word' id='word_1_82' title='bbox 335 749 526 783; x_wconf 71' lang='lat' dir='ltr'><strong><em>paenitentiam</em></strong></span> <span class='ocrx_word' id='word_1_83' title='bbox 556 750 729 779; x_wconf 89' lang='lat' dir='ltr'><strong><em>distulerant.</em></strong></span> <span class='ocrx_word' id='word_1_84' title='bbox 755 752 822 785; x_wconf 86' lang='lat' dir='ltr'><strong><em>Quis</em></strong></span> <span class='ocrx_word' id='word_1_85' title='bbox 845 761 900 780; x_wconf 89' lang='lat' dir='ltr'><strong><em>non</em></strong></span> 
     </span>
    </p>
   </div>
   <div class='ocr_carea' id='block_1_14' title="bbox 109 792 900 830">
    <p class='ocr_par' dir='ltr' id='par_1_14' title="bbox 109 792 900 830">
     <span class='ocr_line' id='line_1_14' title="bbox 109 792 900 830; baseline 0.009 -12"><span class='ocrx_word' id='word_1_86' title='bbox 109 792 186 819; x_wconf 90' lang='lat' dir='ltr'><strong><em>videt</em></strong></span> <span class='ocrx_word' id='word_1_87' title='bbox 202 793 235 820; x_wconf 91' lang='lat' dir='ltr'><strong><em>de</em></strong></span> <span class='ocrx_word' id='word_1_88' title='bbox 253 793 300 820; x_wconf 91' lang='lat' dir='ltr'><strong><em>illo</em></strong></span> <span class='ocrx_word' id='word_1_89' title='bbox 321 794 511 828; x_wconf 71' lang='lat' dir='ltr'><strong><em>ptenitentium</em></strong></span> <span class='ocrx_word' id='word_1_90' title='bbox 527 802 626 830; x_wconf 75' lang='lat' dir='ltr'><strong><em>genere</em></strong></span> <span class='ocrx_word' id='word_1_91' title='bbox 641 796 830 825; x_wconf 84' lang='lat' dir='ltr'><strong><em>innocentium</em></strong></span> <span class='ocrx_word' id='word_1_92' title='bbox 846 799 900 826; x_wconf 84' lang='lat' dir='ltr'><strong><em>ista</em></strong></span> 
     </span>
    </p>
   </div>
   <div class='ocr_carea' id='block_1_15' title="bbox 108 839 899 878">
    <p class='ocr_par' dir='ltr' id='par_1_15' title="bbox 108 839 899 878">
     <span class='ocr_line' id='line_1_15' title="bbox 108 839 899 878; baseline 0.008 -12"><span class='ocrx_word' id='word_1_93' title='bbox 108 839 275 874; x_wconf 71' lang='lat' dir='ltr'><strong><em>scripsisse?</em></strong></span> <span class='ocrx_word' id='word_1_94' title='bbox 298 840 332 866; x_wconf 84' lang='lat' dir='ltr'><strong><em>At</em></strong></span> <span class='ocrx_word' id='word_1_95' title='bbox 350 841 364 867; x_wconf 79' lang='grc' dir='ltr'><strong>ὁ</strong></span> <span class='ocrx_word' id='word_1_96' title='bbox 383 842 592 877; x_wconf 79' lang='grc' dir='ltr'><strong><em>παρακεντητής</em></strong></span> <span class='ocrx_word' id='word_1_97' title='bbox 607 842 640 869; x_wconf 85' lang='lat' dir='ltr'><strong><em>ad</em></strong></span> <span class='ocrx_word' id='word_1_98' title='bbox 657 850 752 871; x_wconf 87' lang='lat' dir='ltr'><strong><em>omnes</em></strong></span> <span class='ocrx_word' id='word_1_99' title='bbox 766 845 899 878; x_wconf 68' lang='lat' dir='ltr'><strong><em>paeniten-</em></strong></span> 
     </span>
    </p>
   </div>
   <div class='ocr_carea' id='block_1_16' title="bbox 108 882 934 921">
    <p class='ocr_par' dir='ltr' id='par_1_16' title="bbox 108 882 934 921">
     <span class='ocr_line' id='line_1_16' title="bbox 108 882 934 921; baseline 0.007 -11"><span class='ocrx_word' id='word_1_100' title='bbox 108 886 150 911; x_wconf 86' lang='lat' dir='ltr'><strong><em>tes</em></strong></span> <span class='ocrx_word' id='word_1_101' title='bbox 174 882 325 912; x_wconf 90' lang='lat' dir='ltr'><strong><em>Innocentii</em></strong></span> <span class='ocrx_word' id='word_1_102' title='bbox 345 885 436 917; x_wconf 77' lang='lat' dir='ltr'><strong><em>verba.</em></strong></span> <span class='ocrx_word' id='word_1_103' title='bbox 461 885 637 921; x_wconf 90' lang='lat' dir='ltr'><strong><em>prioremque</em></strong></span> <span class='ocrx_word' id='word_1_104' title='bbox 661 887 734 914; x_wconf 81' lang='lat' dir='ltr'><strong><em>illam</em></strong></span> <span class='ocrx_word' id='word_1_105' title='bbox 758 888 896 916; x_wconf 88' lang='lat' dir='ltr'><strong><em>duriorem</em></strong></span> <span class='ocrx_word' id='word_1_106' title='bbox 913 884 934 911; x_wconf 84' lang='grc' dir='ltr'><strong><em>Β</em></strong></span> 
     </span>
    </p>
   </div>
   <div class='ocr_carea' id='block_1_17' title="bbox 107 929 895 968">
    <p class='ocr_par' dir='ltr' id='par_1_17' title="bbox 107 929 895 968">
     <span class='ocr_line' id='line_1_17' title="bbox 107 929 895 968; baseline 0.009 -13"><span class='ocrx_word' id='word_1_107' title='bbox 107 929 326 957; x_wconf 78' lang='lat' dir='ltr'><strong><em>observationem</em></strong></span> <span class='ocrx_word' id='word_1_108' title='bbox 356 929 434 965; x_wconf 80' lang='lat' dir='ltr'><strong><em>jubet</em></strong></span> <span class='ocrx_word' id='word_1_109' title='bbox 462 931 569 959; x_wconf 80' lang='lat' dir='ltr'><strong><em>referri.</em></strong></span> <span class='ocrx_word' id='word_1_110' title='bbox 601 932 746 968; x_wconf 80' lang='lat' dir='ltr'><strong><em>Nunquam</em></strong></span> <span class='ocrx_word' id='word_1_111' title='bbox 777 934 895 962; x_wconf 83' lang='lat' dir='ltr'><strong><em>audiam.</em></strong></span> 
     </span>
    </p>
   </div>
   <div class='ocr_carea' id='block_1_18' title="bbox 109 973 897 1014">
    <p class='ocr_par' dir='ltr' id='par_1_18' title="bbox 109 973 897 1014">
     <span class='ocr_line' id='line_1_18' title="bbox 109 973 897 1014; baseline 0.009 -14"><span class='ocrx_word' id='word_1_112' title='bbox 109 973 176 1001; x_wconf 73' lang='lat' dir='ltr'><strong><em>Nam</em></strong></span> <span class='ocrx_word' id='word_1_113' title='bbox 200 981 234 1001; x_wconf 84' lang='lat' dir='ltr'><strong><em>ex</em></strong></span> <span class='ocrx_word' id='word_1_114' title='bbox 256 982 290 1002; x_wconf 92' lang='lat' dir='ltr'><strong><em>eo</em></strong></span> <span class='ocrx_word' id='word_1_115' title='bbox 305 975 403 1002; x_wconf 79' lang='grc' dir='ltr'>ἄτοπον</span> <span class='ocrx_word' id='word_1_116' title='bbox 420 976 486 1003; x_wconf 92' lang='lat' dir='ltr'><strong><em>illud</em></strong></span> <span class='ocrx_word' id='word_1_117' title='bbox 509 977 633 1012; x_wconf 85' lang='lat' dir='ltr'><strong><em>sequitur</em></strong></span> <span class='ocrx_word' id='word_1_118' title='bbox 649 986 656 1005; x_wconf 93' lang='lat'><strong>:</strong></span> <span class='ocrx_word' id='word_1_119' title='bbox 675 978 765 1005; x_wconf 91' lang='lat' dir='ltr'><strong><em>nullos</em></strong></span> <span class='ocrx_word' id='word_1_120' title='bbox 786 986 834 1014; x_wconf 88' lang='lat' dir='ltr'><strong><em>per</em></strong></span> <span class='ocrx_word' id='word_1_121' title='bbox 852 980 897 1007; x_wconf 86' lang='lat' dir='ltr'><strong><em>illa</em></strong></span> 
     </span>
    </p>
   </div>
   <div class='ocr_carea' id='block_1_19' title="bbox 108 1020 896 1060">
    <p class='ocr_par' dir='ltr' id='par_1_19' title="bbox 108 1020 896 1060">
     <span class='ocr_line' id='line_1_19' title="bbox 108 1020 896 1060; baseline 0.008 -14"><span class='ocrx_word' id='word_1_122' title='bbox 108 1020 312 1055; x_wconf 83' lang='lat' dir='ltr'><strong><em>persecutionis</em></strong></span> <span class='ocrx_word' id='word_1_123' title='bbox 323 1024 447 1056; x_wconf 85' lang='lat' dir='ltr'><strong><em>tempora</em></strong></span> <span class='ocrx_word' id='word_1_124' title='bbox 459 1023 623 1057; x_wconf 71' lang='lat' dir='ltr'><strong><em>pmnitentes</em></strong></span> <span class='ocrx_word' id='word_1_125' title='bbox 634 1023 669 1050; x_wconf 88' lang='lat' dir='ltr'><strong><em>ad</em></strong></span> <span class='ocrx_word' id='word_1_126' title='bbox 682 1030 791 1058; x_wconf 89' lang='lat' dir='ltr'><strong><em>pacem,</em></strong></span> <span class='ocrx_word' id='word_1_127' title='bbox 807 1024 834 1052; x_wconf 90' lang='lat' dir='ltr'><strong><em>id</em></strong></span> <span class='ocrx_word' id='word_1_128' title='bbox 844 1031 896 1060; x_wconf 87' lang='lat' dir='ltr'><strong><em>est,</em></strong></span> 
     </span>
    </p>
   </div>
   <div class='ocr_carea' id='block_1_20' title="bbox 109 1063 898 1103">
    <p class='ocr_par' dir='ltr' id='par_1_20' title="bbox 109 1063 898 1103">
     <span class='ocr_line' id='line_1_20' title="bbox 109 1063 898 1103; baseline 0.01 -13"><span class='ocrx_word' id='word_1_129' title='bbox 109 1063 311 1091; x_wconf 79' lang='lat' dir='ltr'><strong><em>absolutionem</em></strong></span> <span class='ocrx_word' id='word_1_130' title='bbox 332 1068 359 1092; x_wconf 92' lang='lat' dir='ltr'><strong><em>et</em></strong></span> <span class='ocrx_word' id='word_1_131' title='bbox 373 1067 593 1094; x_wconf 85' lang='lat' dir='ltr'><strong><em>communionem</em></strong></span> <span class='ocrx_word' id='word_1_132' title='bbox 608 1066 695 1095; x_wconf 77' lang='lat' dir='ltr'><strong><em>fuisse</em></strong></span> <span class='ocrx_word' id='word_1_133' title='bbox 711 1072 846 1103; x_wconf 84' lang='lat' dir='ltr'><strong><em>receptos,</em></strong></span> <span class='ocrx_word' id='word_1_134' title='bbox 863 1077 898 1098; x_wconf 87' lang='lat' dir='ltr'><strong><em>ne</em></strong></span> 
     </span>
    </p>
   </div>
   <div class='ocr_carea' id='block_1_21' title="bbox 107 1107 896 1149">
    <p class='ocr_par' dir='ltr' id='par_1_21' title="bbox 107 1107 896 1149">
     <span class='ocr_line' id='line_1_21' title="bbox 107 1107 896 1149; baseline 0.01 -15"><span class='ocrx_word' id='word_1_135' title='bbox 107 1107 133 1135; x_wconf 88' lang='lat' dir='ltr'><strong><em>in</em></strong></span> <span class='ocrx_word' id='word_1_136' title='bbox 157 1108 218 1143; x_wconf 85' lang='lat' dir='ltr'><strong><em>ipso</em></strong></span> <span class='ocrx_word' id='word_1_137' title='bbox 241 1109 352 1144; x_wconf 85' lang='lat' dir='ltr'><strong><em>quidem</em></strong></span> <span class='ocrx_word' id='word_1_138' title='bbox 372 1111 468 1139; x_wconf 75' lang='lat' dir='ltr'><strong><em>monis</em></strong></span> <span class='ocrx_word' id='word_1_139' title='bbox 495 1111 628 1146; x_wconf 87' lang='lat' dir='ltr'><strong><em>periculo.</em></strong></span> <span class='ocrx_word' id='word_1_140' title='bbox 649 1112 707 1140; x_wconf 89' lang='lat' dir='ltr'><strong><em>Hoc</em></strong></span> <span class='ocrx_word' id='word_1_141' title='bbox 721 1118 797 1146; x_wconf 68' lang='lat' dir='ltr'><strong><em>Vero,</em></strong></span> <span class='ocrx_word' id='word_1_142' title='bbox 815 1121 896 1149; x_wconf 87' lang='lat' dir='ltr'><strong><em>quam</em></strong></span> 
     </span>
    </p>
   </div>
   <div class='ocr_carea' id='block_1_22' title="bbox 107 1153 896 1196">
    <p class='ocr_par' dir='ltr' id='par_1_22' title="bbox 107 1153 896 1196">
     <span class='ocr_line' id='line_1_22' title="bbox 107 1153 896 1196; baseline 0.01 -16"><span class='ocrx_word' id='word_1_143' title='bbox 107 1153 208 1181; x_wconf 82' lang='lat' dir='ltr'><strong><em>falsum</em></strong></span> <span class='ocrx_word' id='word_1_144' title='bbox 229 1154 276 1188; x_wconf 89' lang='lat' dir='ltr'><strong><em>sit,</em></strong></span> <span class='ocrx_word' id='word_1_145' title='bbox 293 1155 361 1183; x_wconf 88' lang='lat' dir='ltr'><strong><em>satis</em></strong></span> <span class='ocrx_word' id='word_1_146' title='bbox 384 1155 516 1185; x_wconf 89' lang='lat' dir='ltr'><strong><em>hactenus</em></strong></span> <span class='ocrx_word' id='word_1_147' title='bbox 532 1157 712 1192; x_wconf 89' lang='lat' dir='ltr'><strong><em>ostendimus,</em></strong></span> <span class='ocrx_word' id='word_1_148' title='bbox 729 1168 811 1196; x_wconf 86' lang='lat' dir='ltr'><strong><em>quam</em></strong></span> <span class='ocrx_word' id='word_1_149' title='bbox 833 1168 896 1188; x_wconf 91' lang='lat' dir='ltr'><strong><em>cum</em></strong></span> 
     </span>
    </p>
   </div>
   <div class='ocr_carea' id='block_1_23' title="bbox 104 1199 895 1238">
    <p class='ocr_par' dir='ltr' id='par_1_23' title="bbox 104 1199 895 1238">
     <span class='ocr_line' id='line_1_23' title="bbox 104 1199 895 1238; baseline 0.013 -13"><span class='ocrx_word' id='word_1_150' title='bbox 104 1199 207 1234; x_wconf 82' lang='lat' dir='ltr'><strong><em>pietate</em></strong></span> <span class='ocrx_word' id='word_1_151' title='bbox 233 1204 260 1227; x_wconf 89' lang='lat' dir='ltr'><strong><em>et</em></strong></span> <span class='ocrx_word' id='word_1_152' title='bbox 281 1201 415 1228; x_wconf 87' lang='lat' dir='ltr'><strong><em>catholica</em></strong></span> <span class='ocrx_word' id='word_1_153' title='bbox 445 1202 497 1230; x_wconf 83' lang='lat' dir='ltr'><strong><em>ﬁde</em></strong></span> <span class='ocrx_word' id='word_1_154' title='bbox 520 1208 755 1238; x_wconf 87' lang='lat' dir='ltr'><strong><em>consentaneum,</em></strong></span> <span class='ocrx_word' id='word_1_155' title='bbox 778 1207 895 1235; x_wconf 83' lang='lat' dir='ltr'><strong><em>viderint</em></strong></span> 
     </span>
    </p>
   </div>
   <div class='ocr_carea' id='block_1_24' title="bbox 105 1246 891 1287">
    <p class='ocr_par' dir='ltr' id='par_1_24' title="bbox 105 1246 891 1287">
     <span class='ocr_line' id='line_1_24' title="bbox 105 1246 891 1287; baseline 0.013 -17"><span class='ocrx_word' id='word_1_156' title='bbox 105 1252 223 1279; x_wconf 90' lang='lat' dir='ltr'><strong><em>quorum</em></strong></span> <span class='ocrx_word' id='word_1_157' title='bbox 241 1250 324 1273; x_wconf 84' lang='lat' dir='ltr'><strong><em>estea</em></strong></span> <span class='ocrx_word' id='word_1_158' title='bbox 342 1246 376 1274; x_wconf 92' lang='lat' dir='ltr'><strong><em>de</em></strong></span> <span class='ocrx_word' id='word_1_159' title='bbox 390 1247 573 1282; x_wconf 87' lang='lat' dir='ltr'><strong><em>rejudicium.</em></strong></span> <span class='ocrx_word' id='word_1_160' title='bbox 596 1249 660 1276; x_wconf 83' lang='lat' dir='ltr'><strong><em>Mihi</em></strong></span> <span class='ocrx_word' id='word_1_161' title='bbox 674 1258 813 1286; x_wconf 91' lang='lat' dir='ltr'><strong><em>nunquam</em></strong></span> <span class='ocrx_word' id='word_1_162' title='bbox 827 1260 891 1287; x_wconf 89' lang='lat' dir='ltr'><strong><em>per-</em></strong></span> 
     </span>
    </p>
   </div>
   <div class='ocr_carea' id='block_1_25' title="bbox 105 1290 892 1333">
    <p class='ocr_par' dir='ltr' id='par_1_25' title="bbox 105 1290 892 1333">
     <span class='ocr_line' id='line_1_25' title="bbox 105 1290 892 1333; baseline 0.011 -16"><span class='ocrx_word' id='word_1_163' title='bbox 105 1290 246 1321; x_wconf 86' lang='lat' dir='ltr'><strong><em>suadebis,</em></strong></span> <span class='ocrx_word' id='word_1_164' title='bbox 265 1299 354 1327; x_wconf 85' lang='lat' dir='ltr'><strong><em>neque</em></strong></span> <span class='ocrx_word' id='word_1_165' title='bbox 368 1293 515 1327; x_wconf 85' lang='lat' dir='ltr'><strong><em>catholico,</em></strong></span> <span class='ocrx_word' id='word_1_166' title='bbox 530 1295 637 1330; x_wconf 88' lang='lat' dir='ltr'><strong><em>opinor,</em></strong></span> <span class='ocrx_word' id='word_1_167' title='bbox 649 1295 730 1324; x_wconf 84' lang='lat' dir='ltr'><strong><em>alicui</em></strong></span> <span class='ocrx_word' id='word_1_168' title='bbox 743 1298 874 1332; x_wconf 87' lang='lat' dir='ltr'><strong><em>probabis</em></strong></span> <span class='ocrx_word' id='word_1_169' title='bbox 885 1320 892 1333; x_wconf 93' lang='lat'><strong><em>,</em></strong></span> 
     </span>
    </p>
   </div>
   <div class='ocr_carea' id='block_1_26' title="bbox 104 1335 893 1379">
    <p class='ocr_par' dir='ltr' id='par_1_26' title="bbox 104 1335 893 1379">
     <span class='ocr_line' id='line_1_26' title="bbox 104 1335 893 1379; baseline 0.014 -18"><span class='ocrx_word' id='word_1_170' title='bbox 104 1335 203 1371; x_wconf 85' lang='lat' dir='ltr'><strong><em>primis</em></strong></span> <span class='ocrx_word' id='word_1_171' title='bbox 221 1336 275 1364; x_wconf 88' lang='lat' dir='ltr'><strong><em>illis</em></strong></span> <span class='ocrx_word' id='word_1_172' title='bbox 296 1338 416 1371; x_wconf 62' lang='lat' dir='ltr'><strong><em>saeculis,</em></strong></span> <span class='ocrx_word' id='word_1_173' title='bbox 437 1340 628 1374; x_wconf 83' lang='lat' dir='ltr'><strong><em>peccatoribus</em></strong></span> <span class='ocrx_word' id='word_1_174' title='bbox 647 1342 814 1376; x_wconf 85' lang='lat' dir='ltr'><strong><em>quibuslibet</em></strong></span> <span class='ocrx_word' id='word_1_175' title='bbox 831 1349 893 1379; x_wconf 88' lang='lat' dir='ltr'><strong><em>post</em></strong></span> 
     </span>
    </p>
   </div>
   <div class='ocr_carea' id='block_1_27' title="bbox 103 1382 894 1418">
    <p class='ocr_par' dir='ltr' id='par_1_27' title="bbox 103 1382 894 1418">
     <span class='ocr_line' id='line_1_27' title="bbox 103 1382 894 1418; baseline 0.015 -11"><span class='ocrx_word' id='word_1_176' title='bbox 103 1382 273 1416; x_wconf 70' lang='lat' dir='ltr'><strong><em>pmnitentiae</em></strong></span> <span class='ocrx_word' id='word_1_177' title='bbox 294 1383 473 1418; x_wconf 79' lang='lat' dir='ltr'><strong><em>iunctionem,</em></strong></span> <span class='ocrx_word' id='word_1_178' title='bbox 491 1386 692 1416; x_wconf 84' lang='lat' dir='ltr'><strong><em>absolutionem</em></strong></span> <span class='ocrx_word' id='word_1_179' title='bbox 717 1392 744 1417; x_wconf 84' lang='lat' dir='ltr'><strong><em>et</em></strong></span> <span class='ocrx_word' id='word_1_180' title='bbox 769 1397 894 1418; x_wconf 76' lang='lat' dir='ltr'><strong><em>commu—</em></strong></span> 
     </span>
    </p>
   </div>
   <div class='ocr_carea' id='block_1_28' title="bbox 104 1428 892 1470">
    <p class='ocr_par' dir='ltr' id='par_1_28' title="bbox 104 1428 892 1470">
     <span class='ocr_line' id='line_1_28' title="bbox 104 1428 892 1470; baseline 0.014 -16"><span class='ocrx_word' id='word_1_181' title='bbox 104 1428 216 1455; x_wconf 90' lang='lat' dir='ltr'><strong><em>nionem</em></strong></span> <span class='ocrx_word' id='word_1_182' title='bbox 229 1436 291 1457; x_wconf 87' lang='lat' dir='ltr'><strong><em>esse</em></strong></span> <span class='ocrx_word' id='word_1_183' title='bbox 303 1429 474 1466; x_wconf 80' lang='lat' dir='ltr'><strong><em>denegatam.</em></strong></span> <span class='ocrx_word' id='word_1_184' title='bbox 487 1431 623 1465; x_wconf 88' lang='lat' dir='ltr'><strong><em>Quocirca</em></strong></span> <span class='ocrx_word' id='word_1_185' title='bbox 639 1441 726 1470; x_wconf 78' lang='lat' dir='ltr'><strong><em>neque</em></strong></span> <span class='ocrx_word' id='word_1_186' title='bbox 739 1443 790 1463; x_wconf 85' lang='lat' dir='ltr'><strong><em>nos</em></strong></span> <span class='ocrx_word' id='word_1_187' title='bbox 802 1437 892 1465; x_wconf 87' lang='lat' dir='ltr'><strong><em>adhuc</em></strong></span> 
     </span>
    </p>
   </div>
   <div class='ocr_carea' id='block_1_29' title="bbox 102 1474 888 1513">
    <p class='ocr_par' dir='ltr' id='par_1_29' title="bbox 102 1474 888 1513">
     <span class='ocr_line' id='line_1_29' title="bbox 102 1474 888 1513; baseline 0.013 -13"><span class='ocrx_word' id='word_1_188' title='bbox 102 1474 249 1502; x_wconf 63' lang='lat' dir='ltr'><strong><em>sententia;</em></strong></span> <span class='ocrx_word' id='word_1_189' title='bbox 268 1479 368 1503; x_wconf 70' lang='lat' dir='ltr'><strong><em>nostrae</em></strong></span> <span class='ocrx_word' id='word_1_190' title='bbox 395 1477 531 1511; x_wconf 74' lang='lat' dir='ltr'><strong><em>pmnituit,</em></strong></span> <span class='ocrx_word' id='word_1_191' title='bbox 552 1486 633 1513; x_wconf 89' lang='lat' dir='ltr'><strong><em>quam</em></strong></span> <span class='ocrx_word' id='word_1_192' title='bbox 654 1478 683 1506; x_wconf 86' lang='lat' dir='ltr'><strong><em>in</em></strong></span> <span class='ocrx_word' id='word_1_193' title='bbox 704 1481 888 1510; x_wconf 72' lang='lat' dir='ltr'><strong><em>Animadvers.</em></strong></span> 
     </span>
    </p>
   </div>
   <div class='ocr_carea' id='block_1_30' title="bbox 102 1520 890 1563">
    <p class='ocr_par' dir='ltr' id='par_1_30' title="bbox 102 1520 890 1563">
     <span class='ocr_line' id='line_1_30' title="bbox 102 1520 890 1563; baseline 0.014 -18"><span class='ocrx_word' id='word_1_194' title='bbox 102 1527 164 1555; x_wconf 73' lang='lat' dir='ltr'><strong><em>pag.</em></strong></span> <span class='ocrx_word' id='word_1_195' title='bbox 187 1520 250 1552; x_wconf 75' lang='lat'><strong><em>250,</em></strong></span> <span class='ocrx_word' id='word_1_196' title='bbox 278 1520 327 1548; x_wconf 73' lang='grc'><strong><em>251</em></strong></span> <span class='ocrx_word' id='word_1_197' title='bbox 342 1527 369 1549; x_wconf 90' lang='lat' dir='ltr'><strong><em>et</em></strong></span> <span class='ocrx_word' id='word_1_198' title='bbox 390 1529 465 1557; x_wconf 87' lang='lat' dir='ltr'><strong><em>seqq.</em></strong></span> <span class='ocrx_word' id='word_1_199' title='bbox 483 1525 660 1558; x_wconf 72' lang='lat' dir='ltr'><strong><em>exponimus;</em></strong></span> <span class='ocrx_word' id='word_1_200' title='bbox 682 1529 709 1553; x_wconf 90' lang='lat' dir='ltr'><strong><em>et</em></strong></span> <span class='ocrx_word' id='word_1_201' title='bbox 728 1534 759 1554; x_wconf 87' lang='lat' dir='ltr'><strong><em>ea</em></strong></span> <span class='ocrx_word' id='word_1_202' title='bbox 781 1528 890 1563; x_wconf 85' lang='lat' dir='ltr'><strong><em>placere</em></strong></span> 
     </span>
    </p>
   </div>
   <div class='ocr_carea' id='block_1_31' title="bbox 102 1566 889 1605">
    <p class='ocr_par' dir='ltr' id='par_1_31' title="bbox 102 1566 889 1605">
     <span class='ocr_line' id='line_1_31' title="bbox 102 1566 889 1605; baseline 0.014 -14"><span class='ocrx_word' id='word_1_203' title='bbox 102 1566 184 1593; x_wconf 77' lang='lat' dir='ltr'><strong><em>nobis</em></strong></span> <span class='ocrx_word' id='word_1_204' title='bbox 199 1566 318 1601; x_wconf 86' lang='lat' dir='ltr'><strong><em>amplius</em></strong></span> <span class='ocrx_word' id='word_1_205' title='bbox 331 1568 425 1602; x_wconf 80' lang='lat' dir='ltr'><strong><em>ctepit,</em></strong></span> <span class='ocrx_word' id='word_1_206' title='bbox 444 1576 476 1596; x_wconf 82' lang='lat' dir='ltr'><strong><em>ex</em></strong></span> <span class='ocrx_word' id='word_1_207' title='bbox 490 1577 544 1605; x_wconf 92' lang='lat' dir='ltr'><strong><em>quo</em></strong></span> <span class='ocrx_word' id='word_1_208' title='bbox 558 1575 632 1597; x_wconf 86' lang='lat' dir='ltr'><strong><em>tuam</em></strong></span> <span class='ocrx_word' id='word_1_209' title='bbox 645 1571 717 1599; x_wconf 84' lang='lat' dir='ltr'><strong><em>illam</em></strong></span> <span class='ocrx_word' id='word_1_210' title='bbox 731 1573 889 1603; x_wconf 87' lang='lat' dir='ltr'><strong><em>didicimus.</em></strong></span> 
     </span>
    </p>
   </div>
   <div class='ocr_carea' id='block_1_32' title="bbox 136 1610 892 1650">
    <p class='ocr_par' dir='ltr' id='par_1_32' title="bbox 136 1610 892 1650">
     <span class='ocr_line' id='line_1_32' title="bbox 136 1610 892 1650; baseline 0.013 -14"><span class='ocrx_word' id='word_1_211' title='bbox 136 1610 220 1637; x_wconf 81' lang='lat' dir='ltr'><strong><em>Aliud</em></strong></span> <span class='ocrx_word' id='word_1_212' title='bbox 237 1617 252 1636; x_wconf 89' lang='lat' dir='ltr'><strong><em>a</em></strong></span> <span class='ocrx_word' id='word_1_213' title='bbox 270 1611 446 1646; x_wconf 82' lang='lat' dir='ltr'><strong><em>dispunctore</em></strong></span> <span class='ocrx_word' id='word_1_214' title='bbox 469 1617 552 1648; x_wconf 90' lang='lat' dir='ltr'><strong><em>caput</em></strong></span> <span class='ocrx_word' id='word_1_215' title='bbox 571 1615 768 1650; x_wconf 83' lang='lat' dir='ltr'><strong><em>disputationis</em></strong></span> <span class='ocrx_word' id='word_1_216' title='bbox 791 1623 892 1646; x_wconf 67' lang='lat' dir='ltr'><strong><em>nostra:</em></strong></span> 
     </span>
    </p>
   </div>
   <div class='ocr_carea' id='block_1_33' title="bbox 101 1655 890 1694">
    <p class='ocr_par' dir='ltr' id='par_1_33' title="bbox 101 1655 890 1694">
     <span class='ocr_line' id='line_1_33' title="bbox 101 1655 890 1694; baseline 0.014 -13"><span class='ocrx_word' id='word_1_217' title='bbox 101 1655 313 1690; x_wconf 84' lang='lat' dir='ltr'><strong><em>reprehenditur</em></strong></span> <span class='ocrx_word' id='word_1_218' title='bbox 325 1656 374 1692; x_wconf 89' lang='lat' dir='ltr'><strong><em>(b),</em></strong></span> <span class='ocrx_word' id='word_1_219' title='bbox 388 1658 460 1692; x_wconf 89' lang='lat' dir='ltr'><strong><em>quod</em></strong></span> <span class='ocrx_word' id='word_1_220' title='bbox 476 1666 502 1694; x_wconf 90' lang='lat' dir='ltr'><strong><em>p.</em></strong></span> <span class='ocrx_word' id='word_1_221' title='bbox 517 1659 580 1693; x_wconf 70' lang='lat'><strong><em>252,</em></strong></span> <span class='ocrx_word' id='word_1_222' title='bbox 593 1660 785 1694; x_wconf 87' lang='lat' dir='ltr'><strong><em>dubitaverim,</em></strong></span> <span class='ocrx_word' id='word_1_223' title='bbox 799 1669 890 1692; x_wconf 87' lang='lat' dir='ltr'><strong><em>utrum</em></strong></span> 
     </span>
    </p>
   </div>
   <div class='ocr_carea' id='block_1_34' title="bbox 101 1702 889 1745">
    <p class='ocr_par' dir='ltr' id='par_1_34' title="bbox 101 1702 889 1745">
     <span class='ocr_line' id='line_1_34' title="bbox 101 1702 889 1745; baseline 0.015 -20"><span class='ocrx_word' id='word_1_224' title='bbox 101 1705 233 1736; x_wconf 80' lang='lat' dir='ltr'><strong><em>perpetua</em></strong></span> <span class='ocrx_word' id='word_1_225' title='bbox 256 1702 414 1735; x_wconf 81' lang='lat' dir='ltr'><strong><em>pmnitentia</em></strong></span> <span class='ocrx_word' id='word_1_226' title='bbox 435 1703 572 1732; x_wconf 84' lang='lat' dir='ltr'><strong><em>damnatis</em></strong></span> <span class='ocrx_word' id='word_1_227' title='bbox 596 1710 751 1745; x_wconf 84' lang='lat' dir='ltr'><strong><em>postremus</em></strong></span> <span class='ocrx_word' id='word_1_228' title='bbox 776 1709 889 1743; x_wconf 80' lang='lat' dir='ltr'><strong><em>gradus,</em></strong></span> 
     </span>
    </p>
   </div>
   <div class='ocr_carea' id='block_1_35' title="bbox 100 1745 889 1788">
    <p class='ocr_par' dir='ltr' id='par_1_35' title="bbox 100 1745 889 1788">
     <span class='ocr_line' id='line_1_35' title="bbox 100 1745 889 1788; baseline 0.013 -17"><span class='ocrx_word' id='word_1_229' title='bbox 100 1753 182 1780; x_wconf 89' lang='lat' dir='ltr'><strong><em>quem</em></strong></span> <span class='ocrx_word' id='word_1_230' title='bbox 220 1745 348 1773; x_wconf 59' lang='lat' dir='ltr'><strong><em>aiio-tactv</em></strong></span> <span class='ocrx_word' id='word_1_231' title='bbox 369 1748 513 1782; x_wconf 89' lang='lat' dir='ltr'><strong><em>vocabant,</em></strong></span> <span class='ocrx_word' id='word_1_232' title='bbox 538 1751 676 1784; x_wconf 89' lang='lat' dir='ltr'><strong><em>patuerit:</em></strong></span> <span class='ocrx_word' id='word_1_233' title='bbox 701 1752 729 1779; x_wconf 92' lang='lat' dir='ltr'><strong><em>in</em></strong></span> <span class='ocrx_word' id='word_1_234' title='bbox 755 1761 810 1788; x_wconf 92' lang='lat' dir='ltr'><strong><em>quo</em></strong></span> <span class='ocrx_word' id='word_1_235' title='bbox 831 1755 889 1781; x_wconf 88' lang='lat' dir='ltr'><strong><em>sola</em></strong></span> 
     </span>
    </p>
   </div>
   <div class='ocr_carea' id='block_1_36' title="bbox 101 1791 890 1828">
    <p class='ocr_par' dir='ltr' id='par_1_36' title="bbox 101 1791 890 1828">
     <span class='ocr_line' id='line_1_36' title="bbox 101 1791 890 1828; baseline 0.014 -13"><span class='ocrx_word' id='word_1_236' title='bbox 101 1797 213 1825; x_wconf 71' lang='lat' dir='ltr'><strong><em>precum</em></strong></span> <span class='ocrx_word' id='word_1_237' title='bbox 232 1791 425 1820; x_wconf 81' lang='lat' dir='ltr'><strong><em>communione</em></strong></span> <span class='ocrx_word' id='word_1_238' title='bbox 440 1793 606 1828; x_wconf 83' lang='lat' dir='ltr'><strong><em>gaudebant,</em></strong></span> <span class='ocrx_word' id='word_1_239' title='bbox 621 1796 742 1823; x_wconf 90' lang='lat' dir='ltr'><strong><em>nondum</em></strong></span> <span class='ocrx_word' id='word_1_240' title='bbox 757 1796 890 1826; x_wconf 86' lang='lat' dir='ltr'><strong><em>Euchari-</em></strong></span> 
     </span>
    </p>
   </div>
   <div class='ocr_carea' id='block_1_37' title="bbox 101 1836 889 1877">
    <p class='ocr_par' dir='ltr' id='par_1_37' title="bbox 101 1836 889 1877">
     <span class='ocr_line' id='line_1_37' title="bbox 101 1836 889 1877; baseline 0.013 -15"><span class='ocrx_word' id='word_1_241' title='bbox 101 1837 160 1863; x_wconf 70' lang='lat' dir='ltr'><strong><em>stiaa</em></strong></span> <span class='ocrx_word' id='word_1_242' title='bbox 174 1836 323 1871; x_wconf 84' lang='lat' dir='ltr'><strong><em>participes</em></strong></span> <span class='ocrx_word' id='word_1_243' title='bbox 338 1837 413 1865; x_wconf 86' lang='lat' dir='ltr'><strong><em>iacti.</em></strong></span> <span class='ocrx_word' id='word_1_244' title='bbox 429 1837 591 1874; x_wconf 85' lang='lat' dir='ltr'><strong><em>Quanquam</em></strong></span> <span class='ocrx_word' id='word_1_245' title='bbox 608 1848 642 1868; x_wconf 86' lang='lat' dir='ltr'><strong><em>eo</em></strong></span> <span class='ocrx_word' id='word_1_246' title='bbox 665 1843 752 1877; x_wconf 81' lang='lat' dir='ltr'><strong><em>magis</em></strong></span> <span class='ocrx_word' id='word_1_247' title='bbox 774 1843 889 1872; x_wconf 88' lang='lat' dir='ltr'><strong><em>inclina-</em></strong></span> 
     </span>
    </p>
   </div>
   <div class='ocr_carea' id='block_1_38' title="bbox 100 1883 887 1923">
    <p class='ocr_par' dir='ltr' id='par_1_38' title="bbox 100 1883 887 1923">
     <span class='ocr_line' id='line_1_38' title="bbox 100 1883 887 1923; baseline 0.013 -15"><span class='ocrx_word' id='word_1_248' title='bbox 100 1883 172 1914; x_wconf 86' lang='lat' dir='ltr'><strong><em>rim,</em></strong></span> <span class='ocrx_word' id='word_1_249' title='bbox 200 1886 230 1909; x_wconf 89' lang='lat' dir='ltr'><strong><em>ut</em></strong></span> <span class='ocrx_word' id='word_1_250' title='bbox 257 1884 289 1910; x_wconf 93' lang='lat' dir='ltr'><strong><em>ad</em></strong></span> <span class='ocrx_word' id='word_1_251' title='bbox 309 1889 436 1919; x_wconf 87' lang='lat' dir='ltr'><strong><em>quartum</em></strong></span> <span class='ocrx_word' id='word_1_252' title='bbox 462 1885 537 1912; x_wconf 93' lang='lat' dir='ltr'><strong><em>illum</em></strong></span> <span class='ocrx_word' id='word_1_253' title='bbox 566 1887 679 1915; x_wconf 92' lang='lat' dir='ltr'><strong><em>minime</em></strong></span> <span class='ocrx_word' id='word_1_254' title='bbox 702 1890 887 1923; x_wconf 86' lang='lat' dir='ltr'><strong><em>pervenerint.</em></strong></span> 
     </span>
    </p>
   </div>
   <div class='ocr_carea' id='block_1_39' title="bbox 100 1926 885 1967">
    <p class='ocr_par' dir='ltr' id='par_1_39' title="bbox 100 1926 885 1967">
     <span class='ocr_line' id='line_1_39' title="bbox 100 1926 885 1967; baseline 0.01 -13"><span class='ocrx_word' id='word_1_255' title='bbox 100 1926 159 1954; x_wconf 82' lang='lat' dir='ltr'><strong><em>Hoc</em></strong></span> <span class='ocrx_word' id='word_1_256' title='bbox 173 1935 217 1955; x_wconf 91' lang='lat' dir='ltr'><strong><em>me</em></strong></span> <span class='ocrx_word' id='word_1_257' title='bbox 229 1929 366 1962; x_wconf 88' lang='lat' dir='ltr'><strong><em>posterius</em></strong></span> <span class='ocrx_word' id='word_1_258' title='bbox 380 1934 453 1957; x_wconf 85' lang='lat' dir='ltr'><strong><em>recte</em></strong></span> <span class='ocrx_word' id='word_1_259' title='bbox 467 1931 588 1958; x_wconf 88' lang='lat' dir='ltr'><strong><em>sensisse</em></strong></span> <span class='ocrx_word' id='word_1_260' title='bbox 602 1932 763 1967; x_wconf 88' lang='lat' dir='ltr'><strong><em>dispunctor</em></strong></span> <span class='ocrx_word' id='word_1_261' title='bbox 777 1936 885 1963; x_wconf 86' lang='lat' dir='ltr'><strong><em>asserit.</em></strong></span> 
     </span>
    </p>
   </div>
   <div class='ocr_carea' id='block_1_40' title="bbox 102 1973 888 2010">
    <p class='ocr_par' dir='ltr' id='par_1_40' title="bbox 102 1973 888 2010">
     <span class='ocr_line' id='line_1_40' title="bbox 102 1973 888 2010; baseline 0.011 -11"><span class='ocrx_word' id='word_1_262' title='bbox 102 1973 174 2000; x_wconf 84' lang='lat' dir='ltr'><strong><em>Nam</em></strong></span> <span class='ocrx_word' id='word_1_263' title='bbox 192 1975 226 2001; x_wconf 87' lang='lat' dir='ltr'><strong><em>ad</em></strong></span> <span class='ocrx_word' id='word_1_264' title='bbox 246 1980 369 2010; x_wconf 87' lang='lat' dir='ltr'><strong><em>quartum</em></strong></span> <span class='ocrx_word' id='word_1_265' title='bbox 384 1976 496 2010; x_wconf 85' lang='lat' dir='ltr'><strong><em>gradum</em></strong></span> <span class='ocrx_word' id='word_1_266' title='bbox 510 1978 603 2004; x_wconf 68' lang='lat' dir='ltr'><strong><em>evecti:</em></strong></span> <span class='ocrx_word' id='word_1_267' title='bbox 620 1978 751 2006; x_wconf 76' lang='lat' dir='ltr'><strong><em>absolutio</em></strong></span> <span class='ocrx_word' id='word_1_268' title='bbox 765 1988 888 2008; x_wconf 81' lang='lat' dir='ltr'><strong><em>concessa</em></strong></span> 
     </span>
    </p>
   </div>
   <div class='ocr_carea' id='block_1_41' title="bbox 99 2014 888 2061">
    <p class='ocr_par' dir='ltr' id='par_1_41' title="bbox 99 2014 888 2061">
     <span class='ocr_line' id='line_1_41' title="bbox 99 2014 888 2061; baseline 0.011 -16"><span class='ocrx_word' id='word_1_269' title='bbox 99 2019 197 2053; x_wconf 69' lang='lat' dir='ltr'><strong><em>fuerat,</em></strong></span> <span class='ocrx_word' id='word_1_270' title='bbox 209 2028 267 2055; x_wconf 79' lang='lat' dir='ltr'><strong><em>quw</em></strong></span> <span class='ocrx_word' id='word_1_271' title='bbox 278 2025 403 2055; x_wconf 83' lang='lat' dir='ltr'><strong><em>perpetua</em></strong></span> <span class='ocrx_word' id='word_1_272' title='bbox 420 2014 574 2056; x_wconf 73' lang='lat' dir='ltr'><strong><em>paenitentia</em></strong></span> <span class='ocrx_word' id='word_1_273' title='bbox 591 2023 726 2052; x_wconf 68' lang='lat' dir='ltr'><strong><em>damnatis</em></strong></span> <span class='ocrx_word' id='word_1_274' title='bbox 742 2025 888 2061; x_wconf 78' lang='lat' dir='ltr'><strong><em>denegaba-</em></strong></span> 
     </span>
    </p>
   </div>
   <div class='ocr_carea' id='block_1_42' title="bbox 99 2064 882 2106">
    <p class='ocr_par' dir='ltr' id='par_1_42' title="bbox 99 2064 882 2106">
     <span class='ocr_line' id='line_1_42' title="bbox 99 2064 882 2106; baseline 0.011 -16"><span class='ocrx_word' id='word_1_275' title='bbox 99 2068 153 2091; x_wconf 88' lang='lat' dir='ltr'><strong><em>tur.</em></strong></span> <span class='ocrx_word' id='word_1_276' title='bbox 172 2064 270 2092; x_wconf 85' lang='lat' dir='ltr'><strong><em>Utrum</em></strong></span> <span class='ocrx_word' id='word_1_277' title='bbox 291 2066 318 2093; x_wconf 95' lang='lat' dir='ltr'><strong><em>in</em></strong></span> <span class='ocrx_word' id='word_1_278' title='bbox 336 2067 417 2094; x_wconf 90' lang='lat' dir='ltr'><strong><em>tertio</em></strong></span> <span class='ocrx_word' id='word_1_279' title='bbox 432 2067 517 2102; x_wconf 79' lang='lat' dir='ltr'><strong><em>gradu</em></strong></span> <span class='ocrx_word' id='word_1_280' title='bbox 536 2068 683 2102; x_wconf 86' lang='lat' dir='ltr'><strong><em>absolutio,</em></strong></span> <span class='ocrx_word' id='word_1_281' title='bbox 698 2069 750 2097; x_wconf 90' lang='lat' dir='ltr'><strong><em>hoc</em></strong></span> <span class='ocrx_word' id='word_1_282' title='bbox 764 2075 806 2098; x_wconf 73' lang='lat' dir='ltr'><strong><em>est</em></strong></span> <span class='ocrx_word' id='word_1_283' title='bbox 830 2079 882 2106; x_wconf 80' lang='lat' dir='ltr'><strong><em>pax</em></strong></span> 
     </span>
    </p>
   </div>
   <div class='ocr_carea' id='block_1_43' title="bbox 98 2111 887 2151">
    <p class='ocr_par' dir='ltr' id='par_1_43' title="bbox 98 2111 887 2151">
     <span class='ocr_line' id='line_1_43' title="bbox 98 2111 887 2151; baseline 0.011 -15"><span class='ocrx_word' id='word_1_284' title='bbox 98 2114 126 2137; x_wconf 88' lang='lat' dir='ltr'><strong><em>ct</em></strong></span> <span class='ocrx_word' id='word_1_285' title='bbox 148 2111 336 2139; x_wconf 85' lang='lat' dir='ltr'><strong><em>reconciliatio</em></strong></span> <span class='ocrx_word' id='word_1_286' title='bbox 364 2112 466 2140; x_wconf 90' lang='lat' dir='ltr'><strong><em>tributa</em></strong></span> <span class='ocrx_word' id='word_1_287' title='bbox 491 2112 584 2147; x_wconf 78' lang='lat' dir='ltr'><strong><em>fuerit,</em></strong></span> <span class='ocrx_word' id='word_1_288' title='bbox 605 2122 638 2142; x_wconf 86' lang='lat' dir='ltr'><strong><em>an</em></strong></span> <span class='ocrx_word' id='word_1_289' title='bbox 663 2115 691 2143; x_wconf 90' lang='lat' dir='ltr'><strong><em>in</em></strong></span> <span class='ocrx_word' id='word_1_290' title='bbox 719 2121 818 2151; x_wconf 90' lang='lat' dir='ltr'><strong><em>quarto</em></strong></span> <span class='ocrx_word' id='word_1_291' title='bbox 844 2117 887 2145; x_wconf 87' lang='lat' dir='ltr'><strong><em>de-</em></strong></span> 
     </span>
    </p>
   </div>
   <div class='ocr_carea' id='block_1_44' title="bbox 98 2158 887 2198">
    <p class='ocr_par' dir='ltr' id='par_1_44' title="bbox 98 2158 887 2198">
     <span class='ocr_line' id='line_1_44' title="bbox 98 2158 887 2198; baseline 0.013 -17"><span class='ocrx_word' id='word_1_292' title='bbox 98 2162 173 2182; x_wconf 91' lang='lat' dir='ltr'><strong><em>mum</em></strong></span> <span class='ocrx_word' id='word_1_293' title='bbox 198 2160 225 2183; x_wconf 87' lang='lat' dir='ltr'><strong><em>et</em></strong></span> <span class='ocrx_word' id='word_1_294' title='bbox 248 2158 387 2190; x_wconf 79' lang='grc' dir='ltr'><strong><em>συστάσει,</em></strong></span> <span class='ocrx_word' id='word_1_295' title='bbox 408 2165 552 2194; x_wconf 76' lang='lat' dir='ltr'><strong><em>qtuesrtum</em></strong></span> <span class='ocrx_word' id='word_1_296' title='bbox 580 2165 622 2188; x_wconf 84' lang='lat' dir='ltr'><strong><em>est</em></strong></span> <span class='ocrx_word' id='word_1_297' title='bbox 648 2169 662 2188; x_wconf 90' lang='lat' dir='ltr'><strong><em>a</em></strong></span> <span class='ocrx_word' id='word_1_298' title='bbox 687 2163 767 2190; x_wconf 89' lang='lat' dir='ltr'><strong><em>nobis</em></strong></span> <span class='ocrx_word' id='word_1_299' title='bbox 798 2164 887 2198; x_wconf 79' lang='lat' dir='ltr'><strong><em>capite</em></strong></span> 
     </span>
    </p>
   </div>
   <div class='ocr_carea' id='block_1_45' title="bbox 98 2201 883 2243">
    <p class='ocr_par' dir='ltr' id='par_1_45' title="bbox 98 2201 883 2243">
     <span class='ocr_line' id='line_1_45' title="bbox 98 2201 883 2243; baseline 0.013 -16"><span class='ocrx_word' id='word_1_300' title='bbox 98 2205 239 2234; x_wconf 83' lang='lat' dir='ltr'><strong><em>postremo</em></strong></span> <span class='ocrx_word' id='word_1_301' title='bbox 260 2201 397 2236; x_wconf 71' lang='lat' dir='ltr'><strong><em>Diatribaa,</em></strong></span> <span class='ocrx_word' id='word_1_302' title='bbox 416 2208 443 2231; x_wconf 88' lang='lat' dir='ltr'><strong><em>et</em></strong></span> <span class='ocrx_word' id='word_1_303' title='bbox 465 2205 593 2240; x_wconf 90' lang='lat' dir='ltr'><strong><em>utrinque</em></strong></span> <span class='ocrx_word' id='word_1_304' title='bbox 608 2207 728 2235; x_wconf 89' lang='lat' dir='ltr'><strong><em>rationes</em></strong></span> <span class='ocrx_word' id='word_1_305' title='bbox 746 2216 883 2243; x_wconf 67' lang='lat' dir='ltr'><strong><em>expensat,</em></strong></span> 
     </span>
    </p>
   </div>
   <div class='ocr_carea' id='block_1_46' title="bbox 97 2247 884 2290">
    <p class='ocr_par' dir='ltr' id='par_1_46' title="bbox 97 2247 884 2290">
     <span class='ocr_line' id='line_1_46' title="bbox 97 2247 884 2290; baseline 0.013 -18"><span class='ocrx_word' id='word_1_306' title='bbox 97 2247 198 2280; x_wconf 88' lang='lat' dir='ltr'><strong><em>quibus</em></strong></span> <span class='ocrx_word' id='word_1_307' title='bbox 223 2248 349 2276; x_wconf 85' lang='lat' dir='ltr'><strong><em>allirmari</em></strong></span> <span class='ocrx_word' id='word_1_308' title='bbox 376 2250 448 2278; x_wconf 81' lang='lat' dir='ltr'><strong><em>istud</em></strong></span> <span class='ocrx_word' id='word_1_309' title='bbox 471 2253 597 2286; x_wconf 80' lang='lat' dir='ltr'><strong><em>negarivc</em></strong></span> <span class='ocrx_word' id='word_1_310' title='bbox 624 2259 726 2288; x_wconf 84' lang='lat' dir='ltr'><strong><em>posset.</em></strong></span> <span class='ocrx_word' id='word_1_311' title='bbox 754 2254 810 2282; x_wconf 89' lang='lat' dir='ltr'><strong><em>lloc</em></strong></span> <span class='ocrx_word' id='word_1_312' title='bbox 835 2263 884 2290; x_wconf 76' lang='lat' dir='ltr'><strong><em>ego</em></strong></span> 
     </span>
    </p>
   </div>
   <div class='ocr_carea' id='block_1_47' title="bbox 97 2293 884 2330">
    <p class='ocr_par' dir='ltr' id='par_1_47' title="bbox 97 2293 884 2330">
     <span class='ocr_line' id='line_1_47' title="bbox 97 2293 884 2330; baseline 0.013 -12"><span class='ocrx_word' id='word_1_313' title='bbox 97 2293 258 2320; x_wconf 87' lang='lat' dir='ltr'><strong><em>alterutram</em></strong></span> <span class='ocrx_word' id='word_1_314' title='bbox 283 2294 310 2321; x_wconf 92' lang='lat' dir='ltr'><strong><em>in</em></strong></span> <span class='ocrx_word' id='word_1_315' title='bbox 331 2300 433 2330; x_wconf 84' lang='lat' dir='ltr'><strong><em>partem</em></strong></span> <span class='ocrx_word' id='word_1_316' title='bbox 454 2297 568 2326; x_wconf 81' lang='lat' dir='ltr'><strong><em>delinire</em></strong></span> <span class='ocrx_word' id='word_1_317' title='bbox 585 2299 670 2330; x_wconf 91' lang='lat' dir='ltr'><strong><em>nolui,</em></strong></span> <span class='ocrx_word' id='word_1_318' title='bbox 697 2303 724 2326; x_wconf 87' lang='lat' dir='ltr'><strong><em>ct</em></strong></span> <span class='ocrx_word' id='word_1_319' title='bbox 740 2300 773 2327; x_wconf 90' lang='lat' dir='ltr'><strong><em>ad</em></strong></span> <span class='ocrx_word' id='word_1_320' title='bbox 793 2301 884 2328; x_wconf 78' lang='lat' dir='ltr'><strong><em>erutli~</em></strong></span> 
     </span>
    </p>
   </div>
   <div class='ocr_carea' id='block_1_48' title="bbox 97 2341 883 2388">
    <p class='ocr_par' dir='ltr' id='par_1_48' title="bbox 97 2341 883 2388">
     <span class='ocr_line' id='line_1_48' title="bbox 97 2341 883 2388; baseline 0.011 -22"><span class='ocrx_word' id='word_1_321' title='bbox 97 2344 186 2367; x_wconf 90' lang='lat' dir='ltr'><strong><em>torum</em></strong></span> <span class='ocrx_word' id='word_1_322' title='bbox 219 2341 358 2368; x_wconf 86' lang='lat' dir='ltr'><strong><em>hominum</em></strong></span> <span class='ocrx_word' id='word_1_323' title='bbox 389 2347 470 2378; x_wconf 86' lang='lat' dir='ltr'><strong><em>atque</em></strong></span> <span class='ocrx_word' id='word_1_324' title='bbox 495 2344 667 2380; x_wconf 80' lang='lat' dir='ltr'><strong><em>antiquitatis</em></strong></span> <span class='ocrx_word' id='word_1_325' title='bbox 691 2346 883 2388; x_wconf 62' lang='lat' dir='ltr'><strong><em>ecclesiastica:</em></strong></span> 
     </span>
    </p>
   </div>
   <div class='ocr_carea' id='block_1_49' title="bbox 96 2386 882 2427">
    <p class='ocr_par' dir='ltr' id='par_1_49' title="bbox 96 2386 882 2427">
     <span class='ocr_line' id='line_1_49' title="bbox 96 2386 882 2427; baseline 0.01 -15"><span class='ocrx_word' id='word_1_326' title='bbox 96 2386 395 2422; x_wconf 81' lang='lat' dir='ltr'><strong><em>consultorumjudicia</em></strong></span> <span class='ocrx_word' id='word_1_327' title='bbox 409 2391 568 2424; x_wconf 78' lang='lat' dir='ltr'><strong><em>provocari.</em></strong></span> <span class='ocrx_word' id='word_1_328' title='bbox 585 2391 626 2418; x_wconf 87' lang='lat' dir='ltr'><strong><em>Tu</em></strong></span> <span class='ocrx_word' id='word_1_329' title='bbox 646 2391 668 2418; x_wconf 89' lang='lat' dir='ltr'><strong><em>si</em></strong></span> <span class='ocrx_word' id='word_1_330' title='bbox 681 2400 714 2419; x_wconf 88' lang='lat' dir='ltr'><strong><em>ex</em></strong></span> <span class='ocrx_word' id='word_1_331' title='bbox 730 2386 763 2420; x_wconf 80' lang='lat' dir='ltr'><strong><em>eo</em></strong></span> <span class='ocrx_word' id='word_1_332' title='bbox 784 2400 882 2427; x_wconf 75' lang='lat' dir='ltr'><strong><em>genere</em></strong></span> 
     </span>
    </p>
   </div>
   <div class='ocr_carea' id='block_1_50' title="bbox 95 2430 882 2466">
    <p class='ocr_par' dir='ltr' id='par_1_50' title="bbox 95 2430 882 2466">
     <span class='ocr_line' id='line_1_50' title="bbox 95 2430 882 2466; baseline 0.01 -8"><span class='ocrx_word' id='word_1_333' title='bbox 95 2430 237 2459; x_wconf 86' lang='lat' dir='ltr'><strong><em>hominum</em></strong></span> <span class='ocrx_word' id='word_1_334' title='bbox 260 2440 299 2465; x_wconf 85' lang='lat' dir='ltr'><strong><em>es,</em></strong></span> <span class='ocrx_word' id='word_1_335' title='bbox 321 2435 401 2461; x_wconf 82' lang='lat' dir='ltr'><strong><em>velini</em></strong></span> <span class='ocrx_word' id='word_1_336' title='bbox 423 2435 493 2462; x_wconf 78' lang='lat' dir='ltr'><strong><em>hanc</em></strong></span> <span class='ocrx_word' id='word_1_337' title='bbox 518 2436 584 2463; x_wconf 88' lang='lat' dir='ltr'><strong><em>mihi</em></strong></span> <span class='ocrx_word' id='word_1_338' title='bbox 604 2436 800 2466; x_wconf 86' lang='lat' dir='ltr'><strong><em>dubitationem</em></strong></span> <span class='ocrx_word' id='word_1_339' title='bbox 824 2440 882 2466; x_wconf 75' lang='lat' dir='ltr'><strong><em>exi-</em></strong></span> 
     </span>
    </p>
   </div>
   <div class='ocr_carea' id='block_1_51' title="bbox 95 2478 880 2521">
    <p class='ocr_par' dir='ltr' id='par_1_51' title="bbox 95 2478 880 2521">
     <span class='ocr_line' id='line_1_51' title="bbox 95 2478 880 2521; baseline 0.018 -18"><span class='ocrx_word' id='word_1_340' title='bbox 95 2484 165 2508; x_wconf 86' lang='lat' dir='ltr'><strong><em>mas,</em></strong></span> <span class='ocrx_word' id='word_1_341' title='bbox 182 2481 210 2505; x_wconf 89' lang='lat' dir='ltr'><strong><em>et</em></strong></span> <span class='ocrx_word' id='word_1_342' title='bbox 221 2478 388 2513; x_wconf 74' lang='lat' dir='ltr'><strong><em>coniecturis</em></strong></span> <span class='ocrx_word' id='word_1_343' title='bbox 402 2481 436 2509; x_wconf 90' lang='lat' dir='ltr'><strong><em>iis</em></strong></span> <span class='ocrx_word' id='word_1_344' title='bbox 453 2489 593 2517; x_wconf 80' lang='lat' dir='ltr'><strong><em>eccm-ras,</em></strong></span> <span class='ocrx_word' id='word_1_345' title='bbox 610 2493 670 2520; x_wconf 75' lang='lat' dir='ltr'><strong><em>qum</em></strong></span> <span class='ocrx_word' id='word_1_346' title='bbox 685 2488 782 2521; x_wconf 87' lang='lat' dir='ltr'><strong><em>partim</em></strong></span> <span class='ocrx_word' id='word_1_347' title='bbox 796 2489 851 2516; x_wconf 87' lang='lat' dir='ltr'><strong><em>illic</em></strong></span> <span class='ocrx_word' id='word_1_348' title='bbox 867 2497 880 2516; x_wconf 88' lang='lat' dir='ltr'><strong><em>a</em></strong></span> 
     </span>
    </p>
   </div>
   <div class='ocr_carea' id='block_1_52' title="bbox 95 2525 882 2562">
    <p class='ocr_par' dir='ltr' id='par_1_52' title="bbox 95 2525 882 2562">
     <span class='ocr_line' id='line_1_52' title="bbox 95 2525 882 2562; baseline 0.018 -14"><span class='ocrx_word' id='word_1_349' title='bbox 95 2530 137 2549; x_wconf 90' lang='lat' dir='ltr'><strong><em>me</em></strong></span> <span class='ocrx_word' id='word_1_350' title='bbox 155 2525 304 2558; x_wconf 69' lang='lat' dir='ltr'><strong><em>proposita:</em></strong></span> <span class='ocrx_word' id='word_1_351' title='bbox 319 2530 403 2559; x_wconf 90' lang='lat' dir='ltr'><strong><em>sunt,</em></strong></span> <span class='ocrx_word' id='word_1_352' title='bbox 423 2529 521 2562; x_wconf 80' lang='lat' dir='ltr'><strong><em>partim</em></strong></span> <span class='ocrx_word' id='word_1_353' title='bbox 537 2530 598 2557; x_wconf 89' lang='lat' dir='ltr'><strong><em>aliis</em></strong></span> <span class='ocrx_word' id='word_1_354' title='bbox 613 2538 646 2558; x_wconf 83' lang='lat' dir='ltr'><strong><em>ex</em></strong></span> <span class='ocrx_word' id='word_1_355' title='bbox 669 2534 827 2562; x_wconf 86' lang='lat' dir='ltr'><strong><em>auctoribus</em></strong></span> <span class='ocrx_word' id='word_1_356' title='bbox 845 2536 882 2562; x_wconf 87' lang='lat' dir='ltr'><strong><em>ai-</em></strong></span> 
     </span>
    </p>
   </div>
   <div class='ocr_carea' id='block_1_53' title="bbox 95 2567 880 2608">
    <p class='ocr_par' dir='ltr' id='par_1_53' title="bbox 95 2567 880 2608">
     <span class='ocr_line' id='line_1_53' title="bbox 95 2567 880 2608; baseline 0.018 -14"><span class='ocrx_word' id='word_1_357' title='bbox 95 2567 158 2596; x_wconf 79' lang='lat' dir='ltr'><strong><em>fcrri</em></strong></span> <span class='ocrx_word' id='word_1_358' title='bbox 175 2574 301 2604; x_wconf 86' lang='lat' dir='ltr'><strong><em>possunt.</em></strong></span> <span class='ocrx_word' id='word_1_359' title='bbox 320 2571 373 2607; x_wconf 71' lang='lat' dir='ltr'><strong><em>Ego</em></strong></span> <span class='ocrx_word' id='word_1_360' title='bbox 393 2579 454 2608; x_wconf 87' lang='lat' dir='ltr'><strong><em>post</em></strong></span> <span class='ocrx_word' id='word_1_361' title='bbox 470 2575 666 2605; x_wconf 81' lang='lat' dir='ltr'><strong><em>absolutionem</em></strong></span> <span class='ocrx_word' id='word_1_362' title='bbox 693 2585 880 2607; x_wconf 88' lang='lat' dir='ltr'><strong><em>sacramenta-</em></strong></span> 
     </span>
    </p>
   </div>
   <div class='ocr_carea' id='block_1_54' title="bbox 94 2614 878 2657">
    <p class='ocr_par' dir='ltr' id='par_1_54' title="bbox 94 2614 878 2657">
     <span class='ocr_line' id='line_1_54' title="bbox 94 2614 878 2657; baseline 0.017 -18"><span class='ocrx_word' id='word_1_363' title='bbox 94 2615 156 2645; x_wconf 88' lang='lat' dir='ltr'><strong><em>lem.</em></strong></span> <span class='ocrx_word' id='word_1_364' title='bbox 176 2614 203 2641; x_wconf 92' lang='lat' dir='ltr'><strong><em>id</em></strong></span> <span class='ocrx_word' id='word_1_365' title='bbox 222 2620 274 2647; x_wconf 79' lang='lat' dir='ltr'><strong><em>est,</em></strong></span> <span class='ocrx_word' id='word_1_366' title='bbox 290 2619 439 2652; x_wconf 76' lang='lat' dir='ltr'><strong><em>perlectam</em></strong></span> <span class='ocrx_word' id='word_1_367' title='bbox 459 2627 552 2654; x_wconf 85' lang='lat' dir='ltr'><strong><em>pacem</em></strong></span> <span class='ocrx_word' id='word_1_368' title='bbox 572 2629 604 2649; x_wconf 91' lang='lat' dir='ltr'><strong><em>ac</em></strong></span> <span class='ocrx_word' id='word_1_369' title='bbox 619 2624 878 2657; x_wconf 81' lang='lat' dir='ltr'><strong><em>reconciliationem,</em></strong></span> 
     </span>
    </p>
   </div>
   <div class='ocr_carea' id='block_1_55' title="bbox 93 2660 880 2706">
    <p class='ocr_par' dir='ltr' id='par_1_55' title="bbox 93 2660 880 2706">
     <span class='ocr_line' id='line_1_55' title="bbox 93 2660 880 2706; baseline 0.017 -21"><span class='ocrx_word' id='word_1_370' title='bbox 93 2660 197 2694; x_wconf 85' lang='lat' dir='ltr'><strong><em>optimo</em></strong></span> <span class='ocrx_word' id='word_1_371' title='bbox 222 2669 284 2696; x_wconf 71' lang='lat' dir='ltr'><strong><em>jure</em></strong></span> <span class='ocrx_word' id='word_1_372' title='bbox 316 2663 402 2691; x_wconf 80' lang='lat' dir='ltr'><strong><em>fuisse</em></strong></span> <span class='ocrx_word' id='word_1_373' title='bbox 428 2666 592 2699; x_wconf 77' lang='lat' dir='ltr'><strong><em>pmnitentes</em></strong></span> <span class='ocrx_word' id='word_1_374' title='bbox 620 2668 756 2703; x_wconf 89' lang='lat' dir='ltr'><strong><em>arbitror;</em></strong></span> <span class='ocrx_word' id='word_1_375' title='bbox 792 2679 880 2706; x_wconf 79' lang='lat' dir='ltr'><strong><em>neque</em></strong></span> 
     </span>
    </p>
   </div>
   <div class='ocr_carea' id='block_1_56' title="bbox 92 2707 878 2748">
    <p class='ocr_par' dir='ltr' id='par_1_56' title="bbox 92 2707 878 2748">
     <span class='ocr_line' id='line_1_56' title="bbox 92 2707 878 2748; baseline 0.018 -17"><span class='ocrx_word' id='word_1_376' title='bbox 92 2707 241 2741; x_wconf 86' lang='lat' dir='ltr'><strong><em>quidquam</em></strong></span> <span class='ocrx_word' id='word_1_377' title='bbox 267 2709 396 2738; x_wconf 82' lang='lat' dir='ltr'><strong><em>habuisse</em></strong></span> <span class='ocrx_word' id='word_1_378' title='bbox 421 2712 528 2746; x_wconf 84' lang='lat' dir='ltr'><strong><em>reliqui,</em></strong></span> <span class='ocrx_word' id='word_1_379' title='bbox 553 2714 625 2748; x_wconf 92' lang='lat' dir='ltr'><strong><em>quod</em></strong></span> <span class='ocrx_word' id='word_1_380' title='bbox 645 2723 692 2743; x_wconf 89' lang='lat' dir='ltr'><strong><em>eos</em></strong></span> <span class='ocrx_word' id='word_1_381' title='bbox 719 2724 733 2742; x_wconf 89' lang='lat' dir='ltr'><strong><em>a</em></strong></span> <span class='ocrx_word' id='word_1_382' title='bbox 758 2724 878 2745; x_wconf 84' lang='lat' dir='ltr'><strong><em>commu-</em></strong></span> 
     </span>
    </p>
   </div>
   <div class='ocr_carea' id='block_1_57' title="bbox 92 2751 876 2797">
    <p class='ocr_par' dir='ltr' id='par_1_57' title="bbox 92 2751 876 2797">
     <span class='ocr_line' id='line_1_57' title="bbox 92 2751 876 2797; baseline 0.014 -19"><span class='ocrx_word' id='word_1_383' title='bbox 92 2751 175 2779; x_wconf 81' lang='lat' dir='ltr'><strong><em>nione</em></strong></span> <span class='ocrx_word' id='word_1_384' title='bbox 197 2752 329 2781; x_wconf 77' lang='lat' dir='ltr'><strong><em>Dominici</em></strong></span> <span class='ocrx_word' id='word_1_385' title='bbox 347 2758 469 2788; x_wconf 87' lang='lat' dir='ltr'><strong><em>corporis</em></strong></span> <span class='ocrx_word' id='word_1_386' title='bbox 485 2763 600 2786; x_wconf 67' lang='lat' dir='ltr'><strong><em>arceret.</em></strong></span> <span class='ocrx_word' id='word_1_387' title='bbox 619 2759 703 2787; x_wconf 72' lang='lat' dir='ltr'><strong><em>Video</em></strong></span> <span class='ocrx_word' id='word_1_388' title='bbox 725 2762 795 2788; x_wconf 78' lang='lat' dir='ltr'><strong><em>enim</em></strong></span> <span class='ocrx_word' id='word_1_389' title='bbox 818 2763 876 2797; x_wconf 79' lang='lat' dir='ltr'><strong><em>paci</em></strong></span> 
     </span>
    </p>
   </div>
   <div class='ocr_carea' id='block_1_58' title="bbox 127 2808 306 2844">
    <p class='ocr_par' dir='ltr' id='par_1_58' title="bbox 127 2808 306 2844">
     <span class='ocr_line' id='line_1_58' title="bbox 127 2808 306 2844; baseline 0.022 -10"><span class='ocrx_word' id='word_1_390' title='bbox 127 2808 165 2839; x_wconf 78' lang='lat' dir='ltr'><strong><em>(rt)</em></strong></span> <span class='ocrx_word' id='word_1_391' title='bbox 180 2808 244 2844; x_wconf 69' lang='lat' dir='ltr'><strong><em>Pag.</em></strong></span> <span class='ocrx_word' id='word_1_392' title='bbox 263 2810 306 2838; x_wconf 79' lang='grc'><strong><em>15.</em></strong></span> 
     </span>
    </p>
   </div>
   <div class='ocr_carea' id='block_1_59' title="bbox 123 2844 309 2880">
    <p class='ocr_par' dir='ltr' id='par_1_59' title="bbox 123 2844 309 2880">
     <span class='ocr_line' id='line_1_59' title="bbox 123 2844 309 2880; baseline 0.022 -12"><span class='ocrx_word' id='word_1_393' title='bbox 123 2845 162 2880; x_wconf 63' lang='grc' dir='ltr'><strong><em>(ιλ)</em></strong></span> <span class='ocrx_word' id='word_1_394' title='bbox 182 2844 245 2879; x_wconf 76' lang='lat' dir='ltr'><strong><em>i‘ag.</em></strong></span> <span class='ocrx_word' id='word_1_395' title='bbox 269 2845 309 2872; x_wconf 81' lang='grc'><strong><em>13.</em></strong></span> 
     </span>
    </p>
   </div>
   <div class='ocr_carea' id='block_1_60' title="bbox 252 2894 604 2932">
    <p class='ocr_par' dir='ltr' id='par_1_60' title="bbox 252 2894 604 2932">
     <span class='ocr_line' id='line_1_60' title="bbox 252 2894 604 2932; baseline 0.028 -11"><span class='ocrx_word' id='word_1_396' title='bbox 252 2894 385 2926; x_wconf 75' lang='lat' dir='ltr'><strong><em>Pnaot.</em></strong></span> <span class='ocrx_word' id='word_1_397' title='bbox 409 2897 467 2929; x_wconf 80' lang='lat' dir='ltr'><strong><em>Gn.</em></strong></span> <span class='ocrx_word' id='word_1_398' title='bbox 492 2899 604 2932; x_wconf 70' lang='lat' dir='ltr'><strong><em>XLIII.</em></strong></span> 
     </span>
    </p>
   </div>
   <div class='ocr_carea' id='block_1_61' title="bbox 674 148 1156 184">
    <p class='ocr_par' dir='ltr' id='par_1_61' title="bbox 674 148 1156 184">
     <span class='ocr_line' id='line_1_61' title="bbox 674 148 1156 184; baseline 0.017 -8"><span class='ocrx_word' id='word_1_399' title='bbox 674 148 857 179; x_wconf 78' lang='lat' dir='ltr'><strong><em>ADVERSUS</em></strong></span> <span class='ocrx_word' id='word_1_400' title='bbox 877 151 958 180; x_wconf 82' lang='grc' dir='ltr'><strong><em>ΜΑΤ.</em></strong></span> <span class='ocrx_word' id='word_1_401' title='bbox 979 150 1156 184; x_wconf 72' lang='lat' dir='ltr'><strong><em>SIMONIUM.</em></strong></span> 
     </span>
    </p>
   </div>
   <div class='ocr_carea' id='block_1_62' title="bbox 149 199 1214 246">
    <p class='ocr_par' dir='ltr' id='par_1_62' title="bbox 149 199 1214 246">
     <span class='ocr_line' id='line_1_62' title="bbox 149 199 1214 246; baseline 0.015 -18"><span class='ocrx_word' id='word_1_402' title='bbox 149 199 271 235; x_wconf 72' lang='lat' dir='ltr'><strong><em>Patavio,</em></strong></span> <span class='ocrx_word' id='word_1_403' title='bbox 288 201 378 238; x_wconf 84' lang='lat' dir='ltr'><strong><em>inquit</em></strong></span> <span class='ocrx_word' id='word_1_404' title='bbox 390 203 440 240; x_wconf 76' lang='grc' dir='ltr'><strong><em>(α),</em></strong></span> <span class='ocrx_word' id='word_1_405' title='bbox 455 211 525 241; x_wconf 79' lang='lat' dir='ltr'><strong><em>aqua</em></strong></span> <span class='ocrx_word' id='word_1_406' title='bbox 535 204 578 233; x_wconf 81' lang='lat' dir='ltr'><strong><em>hic</em></strong></span> <span class='ocrx_word' id='word_1_407' title='bbox 593 204 684 236; x_wconf 72' lang='lat' dir='ltr'><strong><em>lueret.</em></strong></span> <span class='ocrx_word' id='word_1_408' title='bbox 695 207 752 236; x_wconf 90' lang='lat' dir='ltr'><strong><em>imo</em></strong></span> <span class='ocrx_word' id='word_1_409' title='bbox 766 217 830 237; x_wconf 89' lang='lat' dir='ltr'><strong><em>vero</em></strong></span> <span class='ocrx_word' id='word_1_410' title='bbox 843 218 902 246; x_wconf 91' lang='lat' dir='ltr'><strong><em>pro-</em></strong></span> <span class='ocrx_word' id='word_1_411' title='bbox 916 216 940 244; x_wconf 79' lang='grc' dir='ltr'><strong>Α</strong></span> <span class='ocrx_word' id='word_1_412' title='bbox 953 219 985 240; x_wconf 88' lang='lat' dir='ltr'><strong><em>ac</em></strong></span> <span class='ocrx_word' id='word_1_413' title='bbox 997 215 1214 244; x_wconf 82' lang='lat' dir='ltr'><strong><em>reconciliationi</em></strong></span> 
     </span>
    </p>
   </div>
   <div class='ocr_carea' id='block_1_63' title="bbox 1688 168 1742 196">
    <p class='ocr_par' dir='ltr' id='par_1_63' title="bbox 1688 168 1742 196">
     <span class='ocr_line' id='line_1_63' title="bbox 1688 168 1742 196; baseline 0.019 -1"><span class='ocrx_word' id='word_1_414' title='bbox 1688 168 1742 196; x_wconf 81' lang='lat' dir='ltr'><strong><em>6i8</em></strong></span> 
     </span>
    </p>
   </div>
   <div class='ocr_carea' id='block_1_64' title="bbox 1238 217 1741 261">
    <p class='ocr_par' dir='ltr' id='par_1_64' title="bbox 1238 217 1741 261">
     <span class='ocr_line' id='line_1_64' title="bbox 1238 217 1741 261; baseline 0.022 -17"><span class='ocrx_word' id='word_1_415' title='bbox 1238 217 1336 253; x_wconf 83' lang='lat' dir='ltr'><strong><em>subjici</em></strong></span> <span class='ocrx_word' id='word_1_416' title='bbox 1366 220 1394 248; x_wconf 90' lang='lat' dir='ltr'><strong><em>in</em></strong></span> <span class='ocrx_word' id='word_1_417' title='bbox 1409 223 1559 253; x_wconf 83' lang='lat' dir='ltr'><strong><em>canonibus</em></strong></span> <span class='ocrx_word' id='word_1_418' title='bbox 1582 225 1691 261; x_wconf 75' lang='grc' dir='ltr'><strong><em>μέθεξιν</em></strong></span> <span class='ocrx_word' id='word_1_419' title='bbox 1708 235 1741 255; x_wconf 86' lang='lat' dir='ltr'><strong><em>ac</em></strong></span> 
     </span>
    </p>
   </div>
   <div class='ocr_carea' id='block_1_65' title="bbox 956 261 1740 300">
    <p class='ocr_par' dir='ltr' id='par_1_65' title="bbox 956 261 1740 300">
     <span class='ocr_line' id='line_1_65' title="bbox 956 261 1740 300; baseline 0.019 -15"><span class='ocrx_word' id='word_1_420' title='bbox 956 261 1148 294; x_wconf 84' lang='lat' dir='ltr'><strong><em>mysteriorum</em></strong></span> <span class='ocrx_word' id='word_1_421' title='bbox 1166 262 1400 299; x_wconf 85' lang='lat' dir='ltr'><strong><em>participationem</em></strong></span> <span class='ocrx_word' id='word_1_422' title='bbox 1428 267 1485 296; x_wconf 82' lang='lat' dir='ltr'><strong><em>sive</em></strong></span> <span class='ocrx_word' id='word_1_423' title='bbox 1499 269 1530 296; x_wconf 77' lang='grc' dir='ltr'><strong><em>τὸ</em></strong></span> <span class='ocrx_word' id='word_1_424' title='bbox 1545 271 1647 298; x_wconf 83' lang='grc' dir='ltr'><strong><em>τέλειον</em></strong></span> <span class='ocrx_word' id='word_1_425' title='bbox 1660 280 1666 298; x_wconf 92' lang='lat'>:</span> <span class='ocrx_word' id='word_1_426' title='bbox 1682 276 1740 300; x_wconf 89' lang='lat' dir='ltr'><strong><em>tum</em></strong></span> 
     </span>
    </p>
   </div>
   <div class='ocr_carea' id='block_1_66' title="bbox 955 303 1741 350">
    <p class='ocr_par' dir='ltr' id='par_1_66' title="bbox 955 303 1741 350">
     <span class='ocr_line' id='line_1_66' title="bbox 955 303 1741 350; baseline 0.023 -22"><span class='ocrx_word' id='word_1_427' title='bbox 955 303 1123 337; x_wconf 63' lang='lat' dir='ltr'><strong><em>pmoitentia</em></strong></span> <span class='ocrx_word' id='word_1_428' title='bbox 1137 309 1241 341; x_wconf 85' lang='lat' dir='ltr'><strong><em>partem</em></strong></span> <span class='ocrx_word' id='word_1_429' title='bbox 1256 308 1424 345; x_wconf 79' lang='lat' dir='ltr'><strong><em>gradumque</em></strong></span> <span class='ocrx_word' id='word_1_430' title='bbox 1442 312 1571 341; x_wconf 82' lang='grc' dir='ltr'><strong><em>σύστασιν</em></strong></span> <span class='ocrx_word' id='word_1_431' title='bbox 1586 315 1692 350; x_wconf 86' lang='lat' dir='ltr'><strong><em>haberi,</em></strong></span> <span class='ocrx_word' id='word_1_432' title='bbox 1708 326 1741 345; x_wconf 85' lang='lat' dir='ltr'><strong><em>ac</em></strong></span> 
     </span>
    </p>
   </div>
   <div class='ocr_carea' id='block_1_67' title="bbox 955 347 1740 391">
    <p class='ocr_par' dir='ltr' id='par_1_67' title="bbox 955 347 1740 391">
     <span class='ocr_line' id='line_1_67' title="bbox 955 347 1740 391; baseline 0.024 -19"><span class='ocrx_word' id='word_1_433' title='bbox 955 347 1118 376; x_wconf 88' lang='lat' dir='ltr'><strong><em>nominatim</em></strong></span> <span class='ocrx_word' id='word_1_434' title='bbox 1135 351 1262 386; x_wconf 74' lang='lat' dir='ltr'><strong><em>irrogari.</em></strong></span> <span class='ocrx_word' id='word_1_435' title='bbox 1283 353 1324 381; x_wconf 85' lang='lat' dir='ltr'><strong><em>Ab</em></strong></span> <span class='ocrx_word' id='word_1_436' title='bbox 1338 362 1370 382; x_wconf 86' lang='lat' dir='ltr'><strong><em>ea</em></strong></span> <span class='ocrx_word' id='word_1_437' title='bbox 1389 363 1440 383; x_wconf 91' lang='lat' dir='ltr'><strong><em>nos</em></strong></span> <span class='ocrx_word' id='word_1_438' title='bbox 1458 359 1594 387; x_wconf 83' lang='lat' dir='ltr'><strong><em>sententia</em></strong></span> <span class='ocrx_word' id='word_1_439' title='bbox 1609 361 1661 389; x_wconf 89' lang='lat' dir='ltr'><strong><em>nisi</em></strong></span> <span class='ocrx_word' id='word_1_440' title='bbox 1678 364 1740 391; x_wconf 89' lang='lat' dir='ltr'><strong><em>aliis</em></strong></span> 
     </span>
    </p>
   </div>
   <div class='ocr_carea' id='block_1_68' title="bbox 954 395 1738 442">
    <p class='ocr_par' dir='ltr' id='par_1_68' title="bbox 954 395 1738 442">
     <span class='ocr_line' id='line_1_68' title="bbox 954 395 1738 442; baseline 0.026 -25"><span class='ocrx_word' id='word_1_441' title='bbox 954 396 1100 422; x_wconf 84' lang='lat' dir='ltr'><strong><em>momentis</em></strong></span> <span class='ocrx_word' id='word_1_442' title='bbox 1108 395 1286 430; x_wconf 81' lang='lat' dir='ltr'><strong><em>abstraxeris,</em></strong></span> <span class='ocrx_word' id='word_1_443' title='bbox 1296 407 1397 428; x_wconf 78' lang='lat' dir='ltr'><strong><em>vereor</em></strong></span> <span class='ocrx_word' id='word_1_444' title='bbox 1410 405 1439 429; x_wconf 89' lang='lat' dir='ltr'><strong><em>ut</em></strong></span> <span class='ocrx_word' id='word_1_445' title='bbox 1451 405 1618 438; x_wconf 85' lang='lat' dir='ltr'><strong><em>persuadere</em></strong></span> <span class='ocrx_word' id='word_1_446' title='bbox 1635 410 1738 442; x_wconf 80' lang='lat' dir='ltr'><strong><em>possis.</em></strong></span> 
     </span>
    </p>
   </div>
   <div class='ocr_carea' id='block_1_69' title="bbox 955 436 1738 484">
    <p class='ocr_par' dir='ltr' id='par_1_69' title="bbox 955 436 1738 484">
     <span class='ocr_line' id='line_1_69' title="bbox 955 436 1738 484; baseline 0.024 -20"><span class='ocrx_word' id='word_1_447' title='bbox 955 436 1007 465; x_wconf 87' lang='lat' dir='ltr'><strong><em>Sed</em></strong></span> <span class='ocrx_word' id='word_1_448' title='bbox 1030 447 1061 466; x_wconf 89' lang='lat' dir='ltr'><strong><em>ea</em></strong></span> <span class='ocrx_word' id='word_1_449' title='bbox 1086 448 1116 468; x_wconf 92' lang='lat' dir='ltr'><strong><em>re</em></strong></span> <span class='ocrx_word' id='word_1_450' title='bbox 1140 446 1242 476; x_wconf 88' lang='lat' dir='ltr'><strong><em>tamen,</em></strong></span> <span class='ocrx_word' id='word_1_451' title='bbox 1263 445 1303 472; x_wconf 89' lang='lat' dir='ltr'><strong><em>uti</em></strong></span> <span class='ocrx_word' id='word_1_452' title='bbox 1323 436 1496 482; x_wconf 24' lang='lat' dir='ltr'><strong><em>iecimuspin</em></strong></span> <span class='ocrx_word' id='word_1_453' title='bbox 1511 451 1600 480; x_wconf 88' lang='lat' dir='ltr'><strong><em>medio</em></strong></span> <span class='ocrx_word' id='word_1_454' title='bbox 1620 436 1738 484; x_wconf 70' lang='lat' dir='ltr'><strong><em>relicta:</em></strong></span> 
     </span>
    </p>
   </div>
   <div class='ocr_carea' id='block_1_70' title="bbox 954 483 1739 528">
    <p class='ocr_par' dir='ltr' id='par_1_70' title="bbox 954 483 1739 528">
     <span class='ocr_line' id='line_1_70' title="bbox 954 483 1739 528; baseline 0.023 -18"><span class='ocrx_word' id='word_1_455' title='bbox 954 483 1090 519; x_wconf 70' lang='lat' dir='ltr'><strong><em>(ignosces</em></strong></span> <span class='ocrx_word' id='word_1_456' title='bbox 1112 488 1195 521; x_wconf 91' lang='lat' dir='ltr'><strong><em>enim,</em></strong></span> <span class='ocrx_word' id='word_1_457' title='bbox 1220 490 1329 525; x_wconf 86' lang='lat' dir='ltr'><strong><em>opinor,</em></strong></span> <span class='ocrx_word' id='word_1_458' title='bbox 1357 493 1380 520; x_wconf 87' lang='lat' dir='ltr'><strong><em>si</em></strong></span> <span class='ocrx_word' id='word_1_459' title='bbox 1396 501 1457 522; x_wconf 90' lang='lat' dir='ltr'><strong><em>cum</em></strong></span> <span class='ocrx_word' id='word_1_460' title='bbox 1484 496 1511 523; x_wconf 92' lang='lat' dir='ltr'><strong><em>in</em></strong></span> <span class='ocrx_word' id='word_1_461' title='bbox 1526 504 1619 525; x_wconf 89' lang='lat' dir='ltr'><strong><em>earum</em></strong></span> <span class='ocrx_word' id='word_1_462' title='bbox 1647 507 1739 528; x_wconf 84' lang='lat' dir='ltr'><strong><em>rerum</em></strong></span> 
     </span>
    </p>
   </div>
   <div class='ocr_carea' id='block_1_71' title="bbox 953 532 1743 581">
    <p class='ocr_par' dir='ltr' id='par_1_71' title="bbox 953 532 1743 581">
     <span class='ocr_line' id='line_1_71' title="bbox 953 532 1743 581; baseline 0.024 -26"><span class='ocrx_word' id='word_1_463' title='bbox 953 532 1141 560; x_wconf 87' lang='lat' dir='ltr'><strong><em>tractationem</em></strong></span> <span class='ocrx_word' id='word_1_464' title='bbox 1164 533 1361 571; x_wconf 83' lang='lat' dir='ltr'><strong><em>incumberem,</em></strong></span> <span class='ocrx_word' id='word_1_465' title='bbox 1380 547 1447 574; x_wconf 91' lang='lat' dir='ltr'><strong><em>quas</em></strong></span> <span class='ocrx_word' id='word_1_466' title='bbox 1467 546 1557 576; x_wconf 85' lang='lat' dir='ltr'><strong><em>antea,</em></strong></span> <span class='ocrx_word' id='word_1_467' title='bbox 1581 544 1654 579; x_wconf 92' lang='lat' dir='ltr'><strong><em>quod</em></strong></span> <span class='ocrx_word' id='word_1_468' title='bbox 1679 546 1743 581; x_wconf 88' lang='lat' dir='ltr'><strong><em>qui-</em></strong></span> 
     </span>
    </p>
   </div>
   <div class='ocr_carea' id='block_1_72' title="bbox 953 574 1740 620">
    <p class='ocr_par' dir='ltr' id='par_1_72' title="bbox 953 574 1740 620">
     <span class='ocr_line' id='line_1_72' title="bbox 953 574 1740 620; baseline 0.024 -19"><span class='ocrx_word' id='word_1_469' title='bbox 953 574 1014 602; x_wconf 91' lang='lat' dir='ltr'><strong><em>dem</em></strong></span> <span class='ocrx_word' id='word_1_470' title='bbox 1042 577 1139 610; x_wconf 89' lang='lat' dir='ltr'><strong><em>sciam,</em></strong></span> <span class='ocrx_word' id='word_1_471' title='bbox 1167 581 1288 614; x_wconf 75' lang='lat' dir='ltr'><strong><em>attigerit</em></strong></span> <span class='ocrx_word' id='word_1_472' title='bbox 1315 591 1410 618; x_wconf 89' lang='lat' dir='ltr'><strong><em>nemo;</em></strong></span> <span class='ocrx_word' id='word_1_473' title='bbox 1438 586 1466 613; x_wconf 93' lang='lat' dir='ltr'><strong><em>in</em></strong></span> <span class='ocrx_word' id='word_1_474' title='bbox 1490 587 1523 615; x_wconf 91' lang='lat' dir='ltr'><strong><em>iis</em></strong></span> <span class='ocrx_word' id='word_1_475' title='bbox 1551 592 1577 615; x_wconf 86' lang='lat' dir='ltr'><strong><em>et</em></strong></span> <span class='ocrx_word' id='word_1_476' title='bbox 1589 574 1740 620; x_wconf 44' lang='lat' dir='ltr'><strong><em>similibus</em></strong></span> 
     </span>
    </p>
   </div>
   <div class='ocr_carea' id='block_1_73' title="bbox 951 620 1739 664">
    <p class='ocr_par' dir='ltr' id='par_1_73' title="bbox 951 620 1739 664">
     <span class='ocr_line' id='line_1_73' title="bbox 951 620 1739 664; baseline 0.024 -19"><span class='ocrx_word' id='word_1_477' title='bbox 951 620 1151 652; x_wconf 68' lang='lat' dir='ltr'><strong><em>quiestionibus</em></strong></span> <span class='ocrx_word' id='word_1_478' title='bbox 1166 623 1268 652; x_wconf 69' lang='lat' dir='ltr'><strong><em>haerere</em></strong></span> <span class='ocrx_word' id='word_1_479' title='bbox 1296 627 1389 660; x_wconf 89' lang='lat' dir='ltr'><strong><em>malui,</em></strong></span> <span class='ocrx_word' id='word_1_480' title='bbox 1405 637 1486 664; x_wconf 88' lang='lat' dir='ltr'><strong><em>quam</em></strong></span> <span class='ocrx_word' id='word_1_481' title='bbox 1507 633 1591 661; x_wconf 84' lang='lat' dir='ltr'><strong><em>tantis</em></strong></span> <span class='ocrx_word' id='word_1_482' title='bbox 1601 634 1634 662; x_wconf 90' lang='lat' dir='ltr'><strong><em>de</em></strong></span> <span class='ocrx_word' id='word_1_483' title='bbox 1655 635 1739 664; x_wconf 83' lang='lat' dir='ltr'><strong><em>rebus</em></strong></span> 
     </span>
    </p>
   </div>
   <div class='ocr_carea' id='block_1_74' title="bbox 952 665 1738 714">
    <p class='ocr_par' dir='ltr' id='par_1_74' title="bbox 952 665 1738 714">
     <span class='ocr_line' id='line_1_74' title="bbox 952 665 1738 714; baseline 0.022 -24"><span class='ocrx_word' id='word_1_484' title='bbox 952 668 1052 693; x_wconf 90' lang='lat' dir='ltr'><strong><em>temere</em></strong></span> <span class='ocrx_word' id='word_1_485' title='bbox 1065 665 1211 703; x_wconf 85' lang='lat' dir='ltr'><strong><em>judicare.)</em></strong></span> <span class='ocrx_word' id='word_1_486' title='bbox 1241 669 1294 698; x_wconf 89' lang='lat' dir='ltr'><strong><em>Sed</em></strong></span> <span class='ocrx_word' id='word_1_487' title='bbox 1309 679 1341 699; x_wconf 88' lang='lat' dir='ltr'><strong><em>ea</em></strong></span> <span class='ocrx_word' id='word_1_488' title='bbox 1362 676 1555 703; x_wconf 65' lang='lat' dir='ltr'><strong><em>controversia:</em></strong></span> <span class='ocrx_word' id='word_1_489' title='bbox 1575 682 1651 712; x_wconf 87' lang='lat' dir='ltr'><strong><em>parte</em></strong></span> <span class='ocrx_word' id='word_1_490' title='bbox 1667 687 1738 714; x_wconf 69' lang='lat' dir='ltr'><strong><em>prm-</em></strong></span> 
     </span>
    </p>
   </div>
   <div class='ocr_carea' id='block_1_75' title="bbox 951 711 1739 754">
    <p class='ocr_par' dir='ltr' id='par_1_75' title="bbox 951 711 1739 754">
     <span class='ocr_line' id='line_1_75' title="bbox 951 711 1739 754; baseline 0.022 -17"><span class='ocrx_word' id='word_1_491' title='bbox 951 711 1095 747; x_wconf 89' lang='lat' dir='ltr'><strong><em>termissa,</em></strong></span> <span class='ocrx_word' id='word_1_492' title='bbox 1112 715 1185 749; x_wconf 92' lang='lat' dir='ltr'><strong><em>quod</em></strong></span> <span class='ocrx_word' id='word_1_493' title='bbox 1201 719 1230 742; x_wconf 92' lang='lat' dir='ltr'><strong><em>tu</em></strong></span> <span class='ocrx_word' id='word_1_494' title='bbox 1247 717 1316 744; x_wconf 88' lang='lat' dir='ltr'><strong><em>citra</em></strong></span> <span class='ocrx_word' id='word_1_495' title='bbox 1329 718 1526 750; x_wconf 89' lang='lat' dir='ltr'><strong><em>dubitationem</em></strong></span> <span class='ocrx_word' id='word_1_496' title='bbox 1539 711 1621 751; x_wconf 74' lang='lat' dir='ltr'><strong><em>ullam</em></strong></span> <span class='ocrx_word' id='word_1_497' title='bbox 1637 711 1739 754; x_wconf 76' lang='lat' dir='ltr'><strong><em>asseris</em></strong></span> 
     </span>
    </p>
   </div>
   <div class='ocr_carea' id='block_1_76' title="bbox 949 758 1739 806">
    <p class='ocr_par' dir='ltr' id='par_1_76' title="bbox 949 758 1739 806">
     <span class='ocr_line' id='line_1_76' title="bbox 949 758 1739 806; baseline 0.022 -24"><span class='ocrx_word' id='word_1_498' title='bbox 949 758 1080 791; x_wconf 73' lang='lat' dir='ltr'><strong><em>perpetuis</em></strong></span> <span class='ocrx_word' id='word_1_499' title='bbox 1095 760 1281 792; x_wconf 74' lang='lat' dir='ltr'><strong><em>paenitentibus</em></strong></span> <span class='ocrx_word' id='word_1_500' title='bbox 1301 768 1462 797; x_wconf 80' lang='lat' dir='ltr'><strong><em>postremum</em></strong></span> <span class='ocrx_word' id='word_1_501' title='bbox 1486 769 1599 802; x_wconf 85' lang='lat' dir='ltr'><strong><em>gradum</em></strong></span> <span class='ocrx_word' id='word_1_502' title='bbox 1618 779 1672 798; x_wconf 86' lang='lat' dir='ltr'><strong><em>non</em></strong></span> <span class='ocrx_word' id='word_1_503' title='bbox 1689 780 1739 806; x_wconf 89' lang='lat' dir='ltr'><strong><em>pa-</em></strong></span> 
     </span>
    </p>
   </div>
   <div class='ocr_carea' id='block_1_77' title="bbox 950 801 1738 852">
    <p class='ocr_par' dir='ltr' id='par_1_77' title="bbox 950 801 1738 852">
     <span class='ocr_line' id='line_1_77' title="bbox 950 801 1738 852; baseline 0.023 -25"><span class='ocrx_word' id='word_1_504' title='bbox 950 801 1048 836; x_wconf 73' lang='lat' dir='ltr'><strong><em>tuisse,</em></strong></span> <span class='ocrx_word' id='word_1_505' title='bbox 1070 803 1098 831; x_wconf 91' lang='lat' dir='ltr'><strong><em>id</em></strong></span> <span class='ocrx_word' id='word_1_506' title='bbox 1114 806 1207 840; x_wconf 72' lang='lat' dir='ltr'><strong><em>negari</em></strong></span> <span class='ocrx_word' id='word_1_507' title='bbox 1228 807 1276 834; x_wconf 90' lang='lat' dir='ltr'><strong><em>tibi</em></strong></span> <span class='ocrx_word' id='word_1_508' title='bbox 1296 816 1350 836; x_wconf 91' lang='lat' dir='ltr'><strong><em>non</em></strong></span> <span class='ocrx_word' id='word_1_509' title='bbox 1377 801 1513 840; x_wconf 85' lang='lat' dir='ltr'><strong><em>immerito</em></strong></span> <span class='ocrx_word' id='word_1_510' title='bbox 1524 819 1623 849; x_wconf 71' lang='lat' dir='ltr'><strong><em>potest.</em></strong></span> <span class='ocrx_word' id='word_1_511' title='bbox 1647 801 1738 852; x_wconf 79' lang='lat' dir='ltr'><strong><em>Atque</em></strong></span> 
     </span>
    </p>
   </div>
   <div class='ocr_carea' id='block_1_78' title="bbox 950 847 1736 898">
    <p class='ocr_par' dir='ltr' id='par_1_78' title="bbox 950 847 1736 898">
     <span class='ocr_line' id='line_1_78' title="bbox 950 847 1736 898; baseline 0.023 -24"><span class='ocrx_word' id='word_1_512' title='bbox 950 850 980 874; x_wconf 92' lang='lat' dir='ltr'><strong><em>ut</em></strong></span> <span class='ocrx_word' id='word_1_513' title='bbox 996 847 1030 875; x_wconf 90' lang='lat' dir='ltr'><strong><em>de</em></strong></span> <span class='ocrx_word' id='word_1_514' title='bbox 1048 849 1102 878; x_wconf 86' lang='lat' dir='ltr'><strong><em>illis</em></strong></span> <span class='ocrx_word' id='word_1_515' title='bbox 1118 850 1226 879; x_wconf 86' lang='lat' dir='ltr'><strong><em>interim</em></strong></span> <span class='ocrx_word' id='word_1_516' title='bbox 1240 855 1403 889; x_wconf 82' lang='lat' dir='ltr'><strong><em>concedam;</em></strong></span> <span class='ocrx_word' id='word_1_517' title='bbox 1414 857 1460 892; x_wconf 91' lang='lat' dir='ltr'><strong><em>qui</em></strong></span> <span class='ocrx_word' id='word_1_518' title='bbox 1478 859 1511 885; x_wconf 90' lang='lat' dir='ltr'><strong><em>ad</em></strong></span> <span class='ocrx_word' id='word_1_519' title='bbox 1525 847 1662 896; x_wconf 74' lang='lat' dir='ltr'><strong><em>publicam</em></strong></span> <span class='ocrx_word' id='word_1_520' title='bbox 1678 847 1736 898; x_wconf 62' lang='grc' dir='ltr'><strong><em>ῥω-</em></strong></span> 
     </span>
    </p>
   </div>
   <div class='ocr_carea' id='block_1_79' title="bbox 948 892 1738 944">
    <p class='ocr_par' dir='ltr' id='par_1_79' title="bbox 948 892 1738 944">
     <span class='ocr_line' id='line_1_79' title="bbox 948 892 1738 944; baseline 0.022 -25"><span class='ocrx_word' id='word_1_521' title='bbox 948 892 1089 921; x_wconf 85' lang='lat' dir='ltr'><strong><em>nitentiam</em></strong></span> <span class='ocrx_word' id='word_1_522' title='bbox 1103 895 1321 932; x_wconf 83' lang='lat' dir='ltr'><strong><em>admitterentur,</em></strong></span> <span class='ocrx_word' id='word_1_523' title='bbox 1337 909 1418 936; x_wconf 88' lang='lat' dir='ltr'><strong><em>quam</em></strong></span> <span class='ocrx_word' id='word_1_524' title='bbox 1438 892 1669 935; x_wconf 47' lang='lat' dir='ltr'><strong><em>semel-duntaxat</em></strong></span> <span class='ocrx_word' id='word_1_525' title='bbox 1679 892 1738 944; x_wconf 49' lang='lat' dir='ltr'><strong><em>lper</em></strong></span> 
     </span>
    </p>
   </div>
   <div class='ocr_carea' id='block_1_80' title="bbox 947 937 1734 988">
    <p class='ocr_par' dir='ltr' id='par_1_80' title="bbox 947 937 1734 988">
     <span class='ocr_line' id='line_1_80' title="bbox 947 937 1734 988; baseline 0.023 -24"><span class='ocrx_word' id='word_1_526' title='bbox 947 937 992 965; x_wconf 86' lang='lat' dir='ltr'><strong><em>illa</em></strong></span> <span class='ocrx_word' id='word_1_527' title='bbox 1016 942 1139 975; x_wconf 89' lang='lat' dir='ltr'><strong><em>tempora</em></strong></span> <span class='ocrx_word' id='word_1_528' title='bbox 1159 949 1323 972; x_wconf 86' lang='lat' dir='ltr'><strong><em>concessam</em></strong></span> <span class='ocrx_word' id='word_1_529' title='bbox 1341 946 1429 975; x_wconf 82' lang='lat' dir='ltr'><strong><em>fuisse</em></strong></span> <span class='ocrx_word' id='word_1_530' title='bbox 1445 949 1606 980; x_wconf 85' lang='lat' dir='ltr'><strong><em>docuimus:</em></strong></span> <span class='ocrx_word' id='word_1_531' title='bbox 1622 937 1734 988; x_wconf 69' lang='lat' dir='ltr'><strong><em>possunt</em></strong></span> 
     </span>
    </p>
   </div>
   <div class='ocr_carea' id='block_1_81' title="bbox 947 984 1725 1033">
    <p class='ocr_par' dir='ltr' id='par_1_81' title="bbox 947 984 1725 1033">
     <span class='ocr_line' id='line_1_81' title="bbox 947 984 1725 1033; baseline 0.022 -23"><span class='ocrx_word' id='word_1_532' title='bbox 947 984 1112 1018; x_wconf 88' lang='lat' dir='ltr'><strong><em>ostendere,</em></strong></span> <span class='ocrx_word' id='word_1_533' title='bbox 1135 989 1296 1023; x_wconf 90' lang='lat' dir='ltr'><strong><em>nonnullos,</em></strong></span> <span class='ocrx_word' id='word_1_534' title='bbox 1318 992 1370 1026; x_wconf 86' lang='lat' dir='ltr'><strong><em>qui</em></strong></span> <span class='ocrx_word' id='word_1_535' title='bbox 1391 997 1454 1028; x_wconf 87' lang='lat' dir='ltr'><strong><em>post</em></strong></span> <span class='ocrx_word' id='word_1_536' title='bbox 1474 995 1578 1024; x_wconf 89' lang='lat' dir='ltr'><strong><em>obitam</em></strong></span> <span class='ocrx_word' id='word_1_537' title='bbox 1602 984 1725 1033; x_wconf 67' lang='lat' dir='ltr'><strong><em>piltniten</em></strong></span> 
     </span>
    </p>
   </div>
   <div class='ocr_carea' id='block_1_82' title="bbox 947 1030 1735 1076">
    <p class='ocr_par' dir='ltr' id='par_1_82' title="bbox 947 1030 1735 1076">
     <span class='ocr_line' id='line_1_82' title="bbox 947 1030 1735 1076; baseline 0.022 -20"><span class='ocrx_word' id='word_1_538' title='bbox 947 1030 1012 1057; x_wconf 86' lang='lat' dir='ltr'><strong><em>tiam</em></strong></span> <span class='ocrx_word' id='word_1_539' title='bbox 1039 1036 1066 1059; x_wconf 90' lang='lat' dir='ltr'><strong><em>et</em></strong></span> <span class='ocrx_word' id='word_1_540' title='bbox 1086 1035 1336 1065; x_wconf 86' lang='lat' dir='ltr'><strong><em>reconciliationem</em></strong></span> <span class='ocrx_word' id='word_1_541' title='bbox 1365 1039 1464 1068; x_wconf 90' lang='lat' dir='ltr'><strong><em>iterum</em></strong></span> <span class='ocrx_word' id='word_1_542' title='bbox 1486 1048 1677 1076; x_wconf 75' lang='lat' dir='ltr'><strong><em>peccaverant,</em></strong></span> <span class='ocrx_word' id='word_1_543' title='bbox 1700 1045 1735 1073; x_wconf 86' lang='lat' dir='ltr'><strong><em>ad</em></strong></span> 
     </span>
    </p>
   </div>
   <div class='ocr_carea' id='block_1_83' title="bbox 946 1076 1736 1123">
    <p class='ocr_par' dir='ltr' id='par_1_83' title="bbox 946 1076 1736 1123">
     <span class='ocr_line' id='line_1_83' title="bbox 946 1076 1736 1123; baseline 0.022 -21"><span class='ocrx_word' id='word_1_544' title='bbox 946 1076 1032 1104; x_wconf 90' lang='lat' dir='ltr'><strong><em>solam</em></strong></span> <span class='ocrx_word' id='word_1_545' title='bbox 1045 1077 1174 1107; x_wconf 80' lang='grc' dir='ltr'><strong><em>σύστασιν</em></strong></span> <span class='ocrx_word' id='word_1_546' title='bbox 1190 1082 1218 1108; x_wconf 94' lang='lat' dir='ltr'><strong><em>in</em></strong></span> <span class='ocrx_word' id='word_1_547' title='bbox 1242 1090 1323 1111; x_wconf 88' lang='lat' dir='ltr'><strong><em>omne</em></strong></span> <span class='ocrx_word' id='word_1_548' title='bbox 1341 1085 1404 1113; x_wconf 68' lang='lat' dir='ltr'><strong><em>vitae</em></strong></span> <span class='ocrx_word' id='word_1_549' title='bbox 1422 1090 1529 1123; x_wconf 87' lang='lat' dir='ltr'><strong><em>tempus</em></strong></span> <span class='ocrx_word' id='word_1_550' title='bbox 1555 1089 1641 1118; x_wconf 79' lang='lat' dir='ltr'><strong><em>fuisse</em></strong></span> <span class='ocrx_word' id='word_1_551' title='bbox 1655 1092 1736 1119; x_wconf 82' lang='lat' dir='ltr'><strong><em>redu-</em></strong></span> 
     </span>
    </p>
   </div>
   <div class='ocr_carea' id='block_1_84' title="bbox 946 1124 1738 1170">
    <p class='ocr_par' dir='ltr' id='par_1_84' title="bbox 946 1124 1738 1170">
     <span class='ocr_line' id='line_1_84' title="bbox 946 1124 1738 1170; baseline 0.02 -22"><span class='ocrx_word' id='word_1_552' title='bbox 946 1125 1023 1156; x_wconf 87' lang='lat' dir='ltr'><strong><em>ctos;</em></strong></span> <span class='ocrx_word' id='word_1_553' title='bbox 1040 1124 1081 1151; x_wconf 86' lang='lat' dir='ltr'><strong><em>sic</em></strong></span> <span class='ocrx_word' id='word_1_554' title='bbox 1095 1129 1127 1151; x_wconf 83' lang='lat' dir='ltr'><strong><em>ut</em></strong></span> <span class='ocrx_word' id='word_1_555' title='bbox 1142 1126 1200 1154; x_wconf 88' lang='lat' dir='ltr'><strong><em>sola</em></strong></span> <span class='ocrx_word' id='word_1_556' title='bbox 1215 1134 1278 1155; x_wconf 93' lang='lat' dir='ltr'><strong><em>cum</em></strong></span> <span class='ocrx_word' id='word_1_557' title='bbox 1295 1129 1420 1159; x_wconf 83' lang='lat' dir='ltr'><strong><em>ﬁdelibus</em></strong></span> <span class='ocrx_word' id='word_1_558' title='bbox 1439 1134 1564 1162; x_wconf 90' lang='lat' dir='ltr'><strong><em>oratione</em></strong></span> <span class='ocrx_word' id='word_1_559' title='bbox 1577 1135 1665 1170; x_wconf 88' lang='lat' dir='ltr'><strong><em>juncti</em></strong></span> <span class='ocrx_word' id='word_1_560' title='bbox 1682 1138 1738 1164; x_wconf 82' lang='lat' dir='ltr'><strong><em>sub</em></strong></span> 
     </span>
    </p>
   </div>
   <div class='ocr_carea' id='block_1_85' title="bbox 945 1167 1732 1217">
    <p class='ocr_par' dir='ltr' id='par_1_85' title="bbox 945 1167 1732 1217">
     <span class='ocr_line' id='line_1_85' title="bbox 945 1167 1732 1217; baseline 0.022 -24"><span class='ocrx_word' id='word_1_561' title='bbox 945 1167 1047 1195; x_wconf 76' lang='lat' dir='ltr'><strong><em>exitum</em></strong></span> <span class='ocrx_word' id='word_1_562' title='bbox 1063 1169 1125 1197; x_wconf 70' lang='lat' dir='ltr'><strong><em>vitae</em></strong></span> <span class='ocrx_word' id='word_1_563' title='bbox 1146 1179 1240 1206; x_wconf 85' lang='lat' dir='ltr'><strong><em>pacem</em></strong></span> <span class='ocrx_word' id='word_1_564' title='bbox 1261 1178 1288 1202; x_wconf 85' lang='lat' dir='ltr'><strong><em>et</em></strong></span> <span class='ocrx_word' id='word_1_565' title='bbox 1305 1178 1526 1206; x_wconf 86' lang='lat' dir='ltr'><strong><em>communionem</em></strong></span> <span class='ocrx_word' id='word_1_566' title='bbox 1550 1182 1732 1217; x_wconf 81' lang='lat' dir='ltr'><strong><em>perciperent.</em></strong></span> 
     </span>
    </p>
   </div>
   <div class='ocr_carea' id='block_1_86' title="bbox 945 1212 1735 1263">
    <p class='ocr_par' dir='ltr' id='par_1_86' title="bbox 945 1212 1735 1263">
     <span class='ocr_line' id='line_1_86' title="bbox 945 1212 1735 1263; baseline 0.023 -24"><span class='ocrx_word' id='word_1_567' title='bbox 945 1212 1004 1246; x_wconf 87' lang='lat' dir='ltr'><strong><em>Qua</em></strong></span> <span class='ocrx_word' id='word_1_568' title='bbox 1029 1215 1064 1242; x_wconf 85' lang='lat' dir='ltr'><strong><em>de</em></strong></span> <span class='ocrx_word' id='word_1_569' title='bbox 1079 1223 1110 1245; x_wconf 89' lang='lat' dir='ltr'><strong><em>re</em></strong></span> <span class='ocrx_word' id='word_1_570' title='bbox 1140 1217 1295 1249; x_wconf 85' lang='lat' dir='ltr'><strong><em>luculentus</em></strong></span> <span class='ocrx_word' id='word_1_571' title='bbox 1322 1226 1411 1250; x_wconf 81' lang='lat' dir='ltr'><strong><em>exstat</em></strong></span> <span class='ocrx_word' id='word_1_572' title='bbox 1434 1224 1526 1253; x_wconf 85' lang='lat' dir='ltr'><strong><em>Sirieii</em></strong></span> <span class='ocrx_word' id='word_1_573' title='bbox 1550 1212 1636 1263; x_wconf 70' lang='lat' dir='ltr'><strong><em>papae</em></strong></span> <span class='ocrx_word' id='word_1_574' title='bbox 1657 1229 1735 1257; x_wconf 80' lang='lat' dir='ltr'><strong><em>locus</em></strong></span> 
     </span>
    </p>
   </div>
   <div class='ocr_carea' id='block_1_87' title="bbox 944 1259 1734 1305">
    <p class='ocr_par' dir='ltr' id='par_1_87' title="bbox 944 1259 1734 1305">
     <span class='ocr_line' id='line_1_87' title="bbox 944 1259 1734 1305; baseline 0.024 -21"><span class='ocrx_word' id='word_1_575' title='bbox 944 1259 1026 1294; x_wconf 73' lang='lat' dir='ltr'><strong><em>epist.</em></strong></span> <span class='ocrx_word' id='word_1_576' title='bbox 1040 1259 1061 1293; x_wconf 83' lang='grc' dir='ltr'><strong><em>Ι,</em></strong></span> <span class='ocrx_word' id='word_1_577' title='bbox 1087 1269 1148 1289; x_wconf 85' lang='lat' dir='ltr'><strong><em>can.</em></strong></span> <span class='ocrx_word' id='word_1_578' title='bbox 1167 1263 1193 1296; x_wconf 84' lang='lat'><strong><em>5,</em></strong></span> <span class='ocrx_word' id='word_1_579' title='bbox 1217 1264 1251 1292; x_wconf 93' lang='lat' dir='ltr'><strong><em>de</em></strong></span> <span class='ocrx_word' id='word_1_580' title='bbox 1266 1265 1300 1293; x_wconf 91' lang='lat' dir='ltr'><strong><em>iis</em></strong></span> <span class='ocrx_word' id='word_1_581' title='bbox 1314 1267 1372 1301; x_wconf 90' lang='lat' dir='ltr'><strong><em>qui,</em></strong></span> <span class='ocrx_word' id='word_1_582' title='bbox 1395 1272 1455 1296; x_wconf 86' lang='lat' dir='ltr'><strong><em>acta</em></strong></span> <span class='ocrx_word' id='word_1_583' title='bbox 1471 1259 1633 1305; x_wconf 64' lang='lat' dir='ltr'><strong><em>poenitentia</em></strong></span> <span class='ocrx_word' id='word_1_584' title='bbox 1644 1274 1675 1301; x_wconf 89' lang='lat' dir='ltr'><strong><em>ad</em></strong></span> <span class='ocrx_word' id='word_1_585' title='bbox 1690 1283 1734 1302; x_wconf 66' lang='grc' dir='ltr'><strong><em>νος</em></strong></span> 
     </span>
    </p>
   </div>
   <div class='ocr_carea' id='block_1_88' title="bbox 946 1304 1735 1354">
    <p class='ocr_par' dir='ltr' id='par_1_88' title="bbox 946 1304 1735 1354">
     <span class='ocr_line' id='line_1_88' title="bbox 946 1304 1735 1354; baseline 0.022 -24"><span class='ocrx_word' id='word_1_586' title='bbox 946 1304 1042 1332; x_wconf 83' lang='lat' dir='ltr'><strong><em>Initum</em></strong></span> <span class='ocrx_word' id='word_1_587' title='bbox 1058 1306 1173 1335; x_wconf 88' lang='lat' dir='ltr'><strong><em>redeunt</em></strong></span> <span class='ocrx_word' id='word_1_588' title='bbox 1189 1318 1197 1336; x_wconf 88' lang='lat'>:</span> <span class='ocrx_word' id='word_1_589' title='bbox 1214 1309 1251 1337; x_wconf 87' lang='lat' dir='ltr'><strong><em>De</em></strong></span> <span class='ocrx_word' id='word_1_590' title='bbox 1261 1311 1368 1345; x_wconf 77' lang='lat' dir='ltr'><strong><em>quibus,</em></strong></span> <span class='ocrx_word' id='word_1_591' title='bbox 1384 1304 1482 1349; x_wconf 63' lang='lat' dir='ltr'><strong><em>inquit,</em></strong></span> <span class='ocrx_word' id='word_1_592' title='bbox 1501 1317 1563 1350; x_wconf 84' lang='lat' dir='ltr'><strong><em>quia</em></strong></span> <span class='ocrx_word' id='word_1_593' title='bbox 1572 1318 1632 1352; x_wconf 85' lang='lat' dir='ltr'><strong><em>jam</em></strong></span> <span class='ocrx_word' id='word_1_594' title='bbox 1650 1321 1735 1354; x_wconf 51' lang='lat' dir='ltr'><strong><em>stt/fu-</em></strong></span> 
     </span>
    </p>
   </div>
   <div class='ocr_carea' id='block_1_89' title="bbox 943 1349 1735 1394">
    <p class='ocr_par' dir='ltr' id='par_1_89' title="bbox 943 1349 1735 1394">
     <span class='ocr_line' id='line_1_89' title="bbox 943 1349 1735 1394; baseline 0.024 -19"><span class='ocrx_word' id='word_1_595' title='bbox 943 1349 1016 1384; x_wconf 84' lang='lat' dir='ltr'><strong><em>gium</em></strong></span> <span class='ocrx_word' id='word_1_596' title='bbox 1041 1359 1094 1378; x_wconf 80' lang='lat' dir='ltr'><strong><em>non</em></strong></span> <span class='ocrx_word' id='word_1_597' title='bbox 1118 1353 1212 1381; x_wconf 82' lang='lat' dir='ltr'><strong><em>habent</em></strong></span> <span class='ocrx_word' id='word_1_598' title='bbox 1229 1358 1383 1391; x_wconf 75' lang='lat' dir='ltr'><strong><em>ptruitendi,</em></strong></span> <span class='ocrx_word' id='word_1_599' title='bbox 1400 1367 1430 1386; x_wconf 84' lang='lat' dir='ltr'><strong><em>eo</em></strong></span> <span class='ocrx_word' id='word_1_600' title='bbox 1453 1349 1579 1390; x_wconf 62' lang='lat' dir='ltr'><strong><em>duximus</em></strong></span> <span class='ocrx_word' id='word_1_601' title='bbox 1598 1349 1735 1394; x_wconf 64' lang='lat' dir='ltr'><strong><em>decet-rien-</em></strong></span> 
     </span>
    </p>
   </div>
   <div class='ocr_carea' id='block_1_90' title="bbox 943 1395 1734 1446">
    <p class='ocr_par' dir='ltr' id='par_1_90' title="bbox 943 1395 1734 1446">
     <span class='ocr_line' id='line_1_90' title="bbox 943 1395 1734 1446; baseline 0.023 -24"><span class='ocrx_word' id='word_1_602' title='bbox 943 1395 1017 1430; x_wconf 84' lang='lat' dir='ltr'><strong><em>dum,</em></strong></span> <span class='ocrx_word' id='word_1_603' title='bbox 1038 1403 1068 1424; x_wconf 74' lang='lat' dir='ltr'><strong><em>ut</em></strong></span> <span class='ocrx_word' id='word_1_604' title='bbox 1085 1399 1145 1426; x_wconf 81' lang='lat' dir='ltr'><strong><em>sola</em></strong></span> <span class='ocrx_word' id='word_1_605' title='bbox 1158 1399 1228 1427; x_wconf 85' lang='lat' dir='ltr'><strong><em>intra</em></strong></span> <span class='ocrx_word' id='word_1_606' title='bbox 1241 1400 1388 1430; x_wconf 77' lang='lat' dir='ltr'><strong><em>Ecclesium</em></strong></span> <span class='ocrx_word' id='word_1_607' title='bbox 1407 1405 1529 1439; x_wconf 74' lang='lat' dir='ltr'><strong><em>ﬁdelibus</em></strong></span> <span class='ocrx_word' id='word_1_608' title='bbox 1545 1410 1663 1438; x_wconf 84' lang='lat' dir='ltr'><strong><em>oratione</em></strong></span> <span class='ocrx_word' id='word_1_609' title='bbox 1669 1412 1734 1446; x_wconf 77' lang='lat' dir='ltr'><strong><em>jun-</em></strong></span> 
     </span>
    </p>
   </div>
   <div class='ocr_carea' id='block_1_91' title="bbox 943 1445 1733 1485">
    <p class='ocr_par' dir='ltr' id='par_1_91' title="bbox 943 1445 1733 1485">
     <span class='ocr_line' id='line_1_91' title="bbox 943 1445 1733 1485; baseline 0.023 -17"><span class='ocrx_word' id='word_1_610' title='bbox 943 1446 1052 1477; x_wconf 85' lang='lat' dir='ltr'><strong><em>gantur,</em></strong></span> <span class='ocrx_word' id='word_1_611' title='bbox 1072 1447 1126 1472; x_wconf 89' lang='lat' dir='ltr'><strong><em>etc.</em></strong></span> <span class='ocrx_word' id='word_1_612' title='bbox 1146 1445 1239 1479; x_wconf 78' lang='lat' dir='ltr'><strong><em>Addit,</em></strong></span> <span class='ocrx_word' id='word_1_613' title='bbox 1259 1448 1311 1476; x_wconf 90' lang='lat' dir='ltr'><strong><em>sub</em></strong></span> <span class='ocrx_word' id='word_1_614' title='bbox 1327 1449 1422 1477; x_wconf 82' lang='lat' dir='ltr'><strong><em>horam</em></strong></span> <span class='ocrx_word' id='word_1_615' title='bbox 1443 1454 1540 1481; x_wconf 88' lang='lat' dir='ltr'><strong><em>mortis</em></strong></span> <span class='ocrx_word' id='word_1_616' title='bbox 1561 1445 1733 1485; x_wconf 82' lang='lat' dir='ltr'><strong><em>communio-</em></strong></span> 
     </span>
    </p>
   </div>
   <div class='ocr_carea' id='block_1_92' title="bbox 942 1490 1733 1536">
    <p class='ocr_par' dir='ltr' id='par_1_92' title="bbox 942 1490 1733 1536">
     <span class='ocr_line' id='line_1_92' title="bbox 942 1490 1733 1536; baseline 0.021 -22"><span class='ocrx_word' id='word_1_617' title='bbox 942 1495 1004 1515; x_wconf 91' lang='lat' dir='ltr'><strong><em>nem</em></strong></span> <span class='ocrx_word' id='word_1_618' title='bbox 1019 1496 1081 1517; x_wconf 89' lang='lat' dir='ltr'><strong><em>esse</em></strong></span> <span class='ocrx_word' id='word_1_619' title='bbox 1093 1490 1270 1521; x_wconf 88' lang='lat' dir='ltr'><strong><em>reddendam.</em></strong></span> <span class='ocrx_word' id='word_1_620' title='bbox 1288 1493 1378 1524; x_wconf 90' lang='lat' dir='ltr'><strong><em>Habes</em></strong></span> <span class='ocrx_word' id='word_1_621' title='bbox 1397 1496 1441 1524; x_wconf 91' lang='lat' dir='ltr'><strong><em>hic</em></strong></span> <span class='ocrx_word' id='word_1_622' title='bbox 1455 1502 1553 1532; x_wconf 89' lang='lat' dir='ltr'><strong><em>quarto</em></strong></span> <span class='ocrx_word' id='word_1_623' title='bbox 1564 1502 1733 1536; x_wconf 70' lang='lat' dir='ltr'><strong><em>pmnitentia:</em></strong></span> 
     </span>
    </p>
   </div>
   <div class='ocr_carea' id='block_1_93' title="bbox 944 1533 1730 1581">
    <p class='ocr_par' dir='ltr' id='par_1_93' title="bbox 944 1533 1730 1581">
     <span class='ocr_line' id='line_1_93' title="bbox 944 1533 1730 1581; baseline 0.022 -22"><span class='ocrx_word' id='word_1_624' title='bbox 944 1533 1039 1567; x_wconf 81' lang='lat' dir='ltr'><strong><em>gradu,</em></strong></span> <span class='ocrx_word' id='word_1_625' title='bbox 1058 1534 1110 1563; x_wconf 94' lang='lat' dir='ltr'><strong><em>hoc</em></strong></span> <span class='ocrx_word' id='word_1_626' title='bbox 1133 1540 1176 1564; x_wconf 87' lang='lat' dir='ltr'><strong><em>est</em></strong></span> <span class='ocrx_word' id='word_1_627' title='bbox 1199 1538 1338 1575; x_wconf 85' lang='grc' dir='ltr'><strong><em>συστάσει,</em></strong></span> <span class='ocrx_word' id='word_1_628' title='bbox 1349 1541 1494 1571; x_wconf 88' lang='lat' dir='ltr'><strong><em>damnatos</em></strong></span> <span class='ocrx_word' id='word_1_629' title='bbox 1515 1545 1543 1572; x_wconf 93' lang='lat' dir='ltr'><strong><em>in</em></strong></span> <span class='ocrx_word' id='word_1_630' title='bbox 1558 1533 1730 1581; x_wconf 76' lang='lat' dir='ltr'><strong><em>perpetuum.</em></strong></span> 
     </span>
    </p>
   </div>
   <div class='ocr_carea' id='block_1_94' title="bbox 944 1578 1732 1626">
    <p class='ocr_par' dir='ltr' id='par_1_94' title="bbox 944 1578 1732 1626">
     <span class='ocr_line' id='line_1_94' title="bbox 944 1578 1732 1626; baseline 0.022 -21"><span class='ocrx_word' id='word_1_631' title='bbox 944 1578 1004 1606; x_wconf 90' lang='lat' dir='ltr'><strong><em>sine</em></strong></span> <span class='ocrx_word' id='word_1_632' title='bbox 1033 1579 1207 1610; x_wconf 83' lang='lat' dir='ltr'><strong><em>absolutione</em></strong></span> <span class='ocrx_word' id='word_1_633' title='bbox 1228 1586 1491 1624; x_wconf 85' lang='lat' dir='ltr'><strong><em>communionequc,</em></strong></span> <span class='ocrx_word' id='word_1_634' title='bbox 1514 1598 1595 1626; x_wconf 88' lang='lat' dir='ltr'><strong><em>quam</em></strong></span> <span class='ocrx_word' id='word_1_635' title='bbox 1620 1595 1732 1622; x_wconf 85' lang='lat' dir='ltr'><strong><em>nonnisi</em></strong></span> 
     </span>
    </p>
   </div>
   <div class='ocr_carea' id='block_1_95' title="bbox 941 1624 1729 1671">
    <p class='ocr_par' dir='ltr' id='par_1_95' title="bbox 941 1624 1729 1671">
     <span class='ocr_line' id='line_1_95' title="bbox 941 1624 1729 1671; baseline 0.02 -20"><span class='ocrx_word' id='word_1_636' title='bbox 941 1624 994 1652; x_wconf 84' lang='lat' dir='ltr'><strong><em>sub</em></strong></span> <span class='ocrx_word' id='word_1_637' title='bbox 1014 1625 1118 1653; x_wconf 90' lang='lat' dir='ltr'><strong><em>obitum</em></strong></span> <span class='ocrx_word' id='word_1_638' title='bbox 1145 1627 1332 1663; x_wconf 87' lang='lat' dir='ltr'><strong><em>impetrarent.</em></strong></span> <span class='ocrx_word' id='word_1_639' title='bbox 1350 1631 1408 1660; x_wconf 89' lang='lat' dir='ltr'><strong><em>Non</em></strong></span> <span class='ocrx_word' id='word_1_640' title='bbox 1431 1638 1473 1661; x_wconf 87' lang='lat' dir='ltr'><strong><em>est</em></strong></span> <span class='ocrx_word' id='word_1_641' title='bbox 1490 1624 1554 1671; x_wconf 44' lang='lat' dir='ltr'><strong><em>ert-go</em></strong></span> <span class='ocrx_word' id='word_1_642' title='bbox 1570 1638 1729 1671; x_wconf 80' lang='lat' dir='ltr'><strong><em>verisimile,</em></strong></span> 
     </span>
    </p>
   </div>
   <div class='ocr_carea' id='block_1_96' title="bbox 941 1669 1730 1718">
    <p class='ocr_par' dir='ltr' id='par_1_96' title="bbox 941 1669 1730 1718">
     <span class='ocr_line' id='line_1_96' title="bbox 941 1669 1730 1718; baseline 0.023 -22"><span class='ocrx_word' id='word_1_643' title='bbox 941 1669 1014 1702; x_wconf 86' lang='lat' dir='ltr'><strong><em>quod</em></strong></span> <span class='ocrx_word' id='word_1_644' title='bbox 1026 1671 1126 1706; x_wconf 84' lang='lat' dir='ltr'><strong><em>jactas,</em></strong></span> <span class='ocrx_word' id='word_1_645' title='bbox 1142 1681 1191 1702; x_wconf 87' lang='lat' dir='ltr'><strong><em>eos</em></strong></span> <span class='ocrx_word' id='word_1_646' title='bbox 1206 1675 1251 1709; x_wconf 93' lang='lat' dir='ltr'><strong><em>qui</em></strong></span> <span class='ocrx_word' id='word_1_647' title='bbox 1273 1676 1300 1703; x_wconf 95' lang='lat' dir='ltr'><strong><em>in</em></strong></span> <span class='ocrx_word' id='word_1_648' title='bbox 1321 1678 1450 1706; x_wconf 79' lang='grc' dir='ltr'><strong><em>συστάσει</em></strong></span> <span class='ocrx_word' id='word_1_649' title='bbox 1473 1669 1663 1718; x_wconf 67' lang='lat' dir='ltr'><strong><em>versabantur,</em></strong></span> <span class='ocrx_word' id='word_1_650' title='bbox 1680 1686 1730 1713; x_wconf 87' lang='lat' dir='ltr'><strong><em>ab-</em></strong></span> 
     </span>
    </p>
   </div>
   <div class='ocr_carea' id='block_1_97' title="bbox 941 1715 1729 1766">
    <p class='ocr_par' dir='ltr' id='par_1_97' title="bbox 941 1715 1729 1766">
     <span class='ocr_line' id='line_1_97' title="bbox 941 1715 1729 1766; baseline 0.023 -25"><span class='ocrx_word' id='word_1_651' title='bbox 941 1715 1079 1744; x_wconf 86' lang='lat' dir='ltr'><strong><em>solutione</em></strong></span> <span class='ocrx_word' id='word_1_652' title='bbox 1099 1717 1175 1752; x_wconf 88' lang='lat' dir='ltr'><strong><em>prius</em></strong></span> <span class='ocrx_word' id='word_1_653' title='bbox 1200 1720 1354 1756; x_wconf 88' lang='lat' dir='ltr'><strong><em>impertitos</em></strong></span> <span class='ocrx_word' id='word_1_654' title='bbox 1375 1731 1447 1752; x_wconf 82' lang='lat' dir='ltr'><strong><em>esse.</em></strong></span> <span class='ocrx_word' id='word_1_655' title='bbox 1463 1725 1521 1755; x_wconf 87' lang='lat' dir='ltr'><strong><em>Nisi</em></strong></span> <span class='ocrx_word' id='word_1_656' title='bbox 1535 1727 1607 1757; x_wconf 81' lang='lat' dir='ltr'><strong><em>forte</em></strong></span> <span class='ocrx_word' id='word_1_657' title='bbox 1625 1715 1671 1766; x_wconf 87' lang='lat' dir='ltr'><strong><em>qui</em></strong></span> <span class='ocrx_word' id='word_1_658' title='bbox 1696 1732 1729 1759; x_wconf 87' lang='lat' dir='ltr'><strong><em>ad</em></strong></span> 
     </span>
    </p>
   </div>
   <div class='ocr_carea' id='block_1_98' title="bbox 942 1761 1730 1808">
    <p class='ocr_par' dir='ltr' id='par_1_98' title="bbox 942 1761 1730 1808">
     <span class='ocr_line' id='line_1_98' title="bbox 942 1761 1730 1808; baseline 0.023 -21"><span class='ocrx_word' id='word_1_659' title='bbox 942 1761 1071 1789; x_wconf 79' lang='lat' dir='ltr'><strong><em>vomitum</em></strong></span> <span class='ocrx_word' id='word_1_660' title='bbox 1094 1763 1244 1798; x_wconf 86' lang='lat' dir='ltr'><strong><em>redierant,</em></strong></span> <span class='ocrx_word' id='word_1_661' title='bbox 1269 1766 1295 1794; x_wconf 87' lang='lat' dir='ltr'><strong><em>id</em></strong></span> <span class='ocrx_word' id='word_1_662' title='bbox 1323 1768 1434 1804; x_wconf 86' lang='lat' dir='ltr'><strong><em>impune</em></strong></span> <span class='ocrx_word' id='word_1_663' title='bbox 1458 1771 1526 1799; x_wconf 88' lang='lat' dir='ltr'><strong><em>adeo</em></strong></span> <span class='ocrx_word' id='word_1_664' title='bbox 1542 1761 1675 1808; x_wconf 76' lang='lat' dir='ltr'><strong><em>ferebant,</em></strong></span> <span class='ocrx_word' id='word_1_665' title='bbox 1700 1782 1730 1806; x_wconf 86' lang='lat' dir='ltr'><strong><em>ut</em></strong></span> 
     </span>
    </p>
   </div>
   <div class='ocr_carea' id='block_1_99' title="bbox 940 1806 1727 1856">
    <p class='ocr_par' dir='ltr' id='par_1_99' title="bbox 940 1806 1727 1856">
     <span class='ocr_line' id='line_1_99' title="bbox 940 1806 1727 1856; baseline 0.019 -21"><span class='ocrx_word' id='word_1_666' title='bbox 940 1806 1001 1835; x_wconf 87' lang='lat' dir='ltr'><strong><em>sine</em></strong></span> <span class='ocrx_word' id='word_1_667' title='bbox 1030 1810 1192 1843; x_wconf 86' lang='lat' dir='ltr'><strong><em>poenitentia</em></strong></span> <span class='ocrx_word' id='word_1_668' title='bbox 1221 1812 1421 1843; x_wconf 85' lang='lat' dir='ltr'><strong><em>absolutionem</em></strong></span> <span class='ocrx_word' id='word_1_669' title='bbox 1447 1817 1520 1845; x_wconf 92' lang='lat' dir='ltr'><strong><em>illico</em></strong></span> <span class='ocrx_word' id='word_1_670' title='bbox 1545 1806 1727 1856; x_wconf 63' lang='lat' dir='ltr'><strong><em>perciperent,</em></strong></span> 
     </span>
    </p>
   </div>
   <div class='ocr_carea' id='block_1_100' title="bbox 939 1852 1726 1900">
    <p class='ocr_par' dir='ltr' id='par_1_100' title="bbox 939 1852 1726 1900">
     <span class='ocr_line' id='line_1_100' title="bbox 939 1852 1726 1900; baseline 0.023 -22"><span class='ocrx_word' id='word_1_671' title='bbox 939 1852 1074 1889; x_wconf 80' lang='lat' dir='ltr'><strong><em>longeque</em></strong></span> <span class='ocrx_word' id='word_1_672' title='bbox 1090 1856 1261 1885; x_wconf 86' lang='lat' dir='ltr'><strong><em>commodius</em></strong></span> <span class='ocrx_word' id='word_1_673' title='bbox 1280 1858 1455 1894; x_wconf 84' lang='lat' dir='ltr'><strong><em>haberentur,</em></strong></span> <span class='ocrx_word' id='word_1_674' title='bbox 1475 1852 1556 1897; x_wconf 64' lang='lat' dir='ltr'><strong><em>quani</em></strong></span> <span class='ocrx_word' id='word_1_675' title='bbox 1582 1852 1630 1900; x_wconf 83' lang='lat' dir='ltr'><strong><em>qui</em></strong></span> <span class='ocrx_word' id='word_1_676' title='bbox 1643 1870 1726 1897; x_wconf 80' lang='lat' dir='ltr'><strong><em>semel</em></strong></span> 
     </span>
    </p>
   </div>
   <div class='ocr_carea' id='block_1_101' title="bbox 938 1897 1723 1946">
    <p class='ocr_par' dir='ltr' id='par_1_101' title="bbox 938 1897 1723 1946">
     <span class='ocr_line' id='line_1_101' title="bbox 938 1897 1723 1946; baseline 0.022 -23"><span class='ocrx_word' id='word_1_677' title='bbox 938 1897 1129 1932; x_wconf 81' lang='lat' dir='ltr'><strong><em>deliquissent,</em></strong></span> <span class='ocrx_word' id='word_1_678' title='bbox 1156 1901 1229 1935; x_wconf 88' lang='lat' dir='ltr'><strong><em>quod</em></strong></span> <span class='ocrx_word' id='word_1_679' title='bbox 1253 1909 1361 1931; x_wconf 91' lang='lat' dir='ltr'><strong><em>omnem</em></strong></span> <span class='ocrx_word' id='word_1_680' title='bbox 1382 1897 1723 1946; x_wconf 38' lang='lat' dir='ltr'><strong><em>absurditatem-superat.</em></strong></span> 
     </span>
    </p>
   </div>
   <div class='ocr_carea' id='block_1_102' title="bbox 972 1943 1712 1989">
    <p class='ocr_par' dir='ltr' id='par_1_102' title="bbox 972 1943 1712 1989">
     <span class='ocr_line' id='line_1_102' title="bbox 972 1943 1712 1989; baseline 0.022 -19"><span class='ocrx_word' id='word_1_681' title='bbox 972 1943 1006 1970; x_wconf 82' lang='lat' dir='ltr'><strong><em>At</em></strong></span> <span class='ocrx_word' id='word_1_682' title='bbox 1019 1944 1101 1972; x_wconf 90' lang='lat' dir='ltr'><strong><em>etiam</em></strong></span> <span class='ocrx_word' id='word_1_683' title='bbox 1117 1945 1194 1974; x_wconf 85' lang='lat' dir='ltr'><strong><em>illum</em></strong></span> <span class='ocrx_word' id='word_1_684' title='bbox 1211 1947 1247 1983; x_wconf 78' lang='grc' dir='ltr'><strong><em>(ο)</em></strong></span> <span class='ocrx_word' id='word_1_685' title='bbox 1265 1951 1351 1977; x_wconf 78' lang='lat' dir='ltr'><strong><em>nostri</em></strong></span> <span class='ocrx_word' id='word_1_686' title='bbox 1368 1952 1490 1986; x_wconf 74' lang='lat' dir='ltr'><strong><em>ntiseret;</em></strong></span> <span class='ocrx_word' id='word_1_687' title='bbox 1511 1959 1581 1989; x_wconf 83' lang='lat' dir='ltr'><strong><em>quod</em></strong></span> <span class='ocrx_word' id='word_1_688' title='bbox 1604 1943 1664 1984; x_wconf 73' lang='lat' dir='ltr'><strong><em>Imic</em></strong></span> <span class='ocrx_word' id='word_1_689' title='bbox 1681 1967 1712 1986; x_wconf 77' lang='lat' dir='ltr'><strong><em>os</em></strong></span> 
     </span>
    </p>
   </div>
   <div class='ocr_carea' id='block_1_103' title="bbox 937 1990 1725 2031">
    <p class='ocr_par' dir='ltr' id='par_1_103' title="bbox 937 1990 1725 2031">
     <span class='ocr_line' id='line_1_103' title="bbox 937 1990 1725 2031; baseline 0.019 -15"><span class='ocrx_word' id='word_1_690' title='bbox 937 1990 1057 2024; x_wconf 72' lang='lat' dir='ltr'><strong><em>sartioni,</em></strong></span> <span class='ocrx_word' id='word_1_691' title='bbox 1076 1999 1167 2026; x_wconf 84' lang='lat' dir='ltr'><strong><em>pacem</em></strong></span> <span class='ocrx_word' id='word_1_692' title='bbox 1185 1998 1210 2020; x_wconf 74' lang='lat' dir='ltr'><strong><em>et</em></strong></span> <span class='ocrx_word' id='word_1_693' title='bbox 1243 1994 1446 2029; x_wconf 83' lang='lat' dir='ltr'><strong><em>absolutionem,</em></strong></span> <span class='ocrx_word' id='word_1_694' title='bbox 1468 2000 1587 2028; x_wconf 83' lang='lat' dir='ltr'><strong><em>criminis</em></strong></span> <span class='ocrx_word' id='word_1_695' title='bbox 1605 2003 1725 2031; x_wconf 81' lang='lat' dir='ltr'><strong><em>dolorem</em></strong></span> 
     </span>
    </p>
   </div>
   <div class='ocr_carea' id='block_1_104' title="bbox 937 2034 1723 2083">
    <p class='ocr_par' dir='ltr' id='par_1_104' title="bbox 937 2034 1723 2083">
     <span class='ocr_line' id='line_1_104' title="bbox 937 2034 1723 2083; baseline 0.019 -22"><span class='ocrx_word' id='word_1_696' title='bbox 937 2040 961 2062; x_wconf 84' lang='lat' dir='ltr'><strong><em>et</em></strong></span> <span class='ocrx_word' id='word_1_697' title='bbox 976 2034 1156 2070; x_wconf 74' lang='lat' dir='ltr'><strong><em>paenitenliam</em></strong></span> <span class='ocrx_word' id='word_1_698' title='bbox 1178 2046 1234 2072; x_wconf 76' lang='lat' dir='ltr'><strong><em>pra:</em></strong></span> <span class='ocrx_word' id='word_1_699' title='bbox 1251 2049 1279 2067; x_wconf 77' lang='lat' dir='ltr'><strong><em>se</em></strong></span> <span class='ocrx_word' id='word_1_700' title='bbox 1299 2041 1444 2076; x_wconf 78' lang='lat' dir='ltr'><strong><em>ferentibus</em></strong></span> <span class='ocrx_word' id='word_1_701' title='bbox 1465 2044 1618 2080; x_wconf 76' lang='lat' dir='ltr'><strong><em>denegatam</em></strong></span> <span class='ocrx_word' id='word_1_702' title='bbox 1630 2049 1723 2083; x_wconf 67' lang='lat' dir='ltr'><strong><em>fuisse,</em></strong></span> 
     </span>
    </p>
   </div>
   <div class='ocr_carea' id='block_1_105' title="bbox 936 2081 1724 2125">
    <p class='ocr_par' dir='ltr' id='par_1_105' title="bbox 936 2081 1724 2125">
     <span class='ocr_line' id='line_1_105' title="bbox 936 2081 1724 2125; baseline 0.02 -18"><span class='ocrx_word' id='word_1_703' title='bbox 936 2081 1069 2117; x_wconf 79' lang='lat' dir='ltr'><strong><em>refragari</em></strong></span> <span class='ocrx_word' id='word_1_704' title='bbox 1091 2088 1222 2118; x_wconf 74' lang='lat' dir='ltr'><strong><em>putemus,</em></strong></span> <span class='ocrx_word' id='word_1_705' title='bbox 1235 2087 1304 2119; x_wconf 84' lang='lat' dir='ltr'><strong><em>quod</em></strong></span> <span class='ocrx_word' id='word_1_706' title='bbox 1332 2087 1443 2116; x_wconf 75' lang='lat' dir='ltr'><strong><em>Nictcna</em></strong></span> <span class='ocrx_word' id='word_1_707' title='bbox 1469 2093 1584 2125; x_wconf 70' lang='lat' dir='ltr'><strong><em>synodus</em></strong></span> <span class='ocrx_word' id='word_1_708' title='bbox 1604 2081 1663 2122; x_wconf 77' lang='lat' dir='ltr'><strong><em>can.</em></strong></span> <span class='ocrx_word' id='word_1_709' title='bbox 1692 2096 1724 2122; x_wconf 72' lang='grc'><strong><em>43</em></strong></span> 
     </span>
    </p>
   </div>
   <div class='ocr_carea' id='block_1_106' title="bbox 937 2128 1722 2172">
    <p class='ocr_par' dir='ltr' id='par_1_106' title="bbox 937 2128 1722 2172">
     <span class='ocr_line' id='line_1_106' title="bbox 937 2128 1722 2172; baseline 0.018 -19"><span class='ocrx_word' id='word_1_710' title='bbox 937 2128 1050 2161; x_wconf 84' lang='lat' dir='ltr'><strong><em>appellat</em></strong></span> <span class='ocrx_word' id='word_1_711' title='bbox 1065 2128 1177 2157; x_wconf 81' lang='grc' dir='ltr'><strong><em>παλαιὸν</em></strong></span> <span class='ocrx_word' id='word_1_712' title='bbox 1195 2131 1242 2158; x_wconf 65' lang='grc' dir='ltr'><strong><em>καὶ</em></strong></span> <span class='ocrx_word' id='word_1_713' title='bbox 1258 2133 1398 2161; x_wconf 78' lang='grc' dir='ltr'>κανονικὸν</span> <span class='ocrx_word' id='word_1_714' title='bbox 1416 2135 1507 2170; x_wconf 85' lang='grc' dir='ltr'>νόμον,</span> <span class='ocrx_word' id='word_1_715' title='bbox 1524 2145 1574 2172; x_wconf 81' lang='lat' dir='ltr'><strong><em>quo</em></strong></span> <span class='ocrx_word' id='word_1_716' title='bbox 1587 2139 1722 2166; x_wconf 86' lang='lat' dir='ltr'><strong><em>moribun-</em></strong></span> 
     </span>
    </p>
   </div>
   <div class='ocr_carea' id='block_1_107' title="bbox 936 2173 1723 2213">
    <p class='ocr_par' dir='ltr' id='par_1_107' title="bbox 936 2173 1723 2213">
     <span class='ocr_line' id='line_1_107' title="bbox 936 2173 1723 2213; baseline 0.02 -15"><span class='ocrx_word' id='word_1_717' title='bbox 936 2173 977 2199; x_wconf 77' lang='lat' dir='ltr'><strong><em>dis</em></strong></span> <span class='ocrx_word' id='word_1_718' title='bbox 993 2173 1110 2201; x_wconf 85' lang='lat' dir='ltr'><strong><em>dandam</em></strong></span> <span class='ocrx_word' id='word_1_719' title='bbox 1129 2183 1186 2202; x_wconf 74' lang='lat' dir='ltr'><strong><em>esse</em></strong></span> <span class='ocrx_word' id='word_1_720' title='bbox 1202 2184 1291 2210; x_wconf 83' lang='lat' dir='ltr'><strong><em>pacem</em></strong></span> <span class='ocrx_word' id='word_1_721' title='bbox 1310 2181 1499 2213; x_wconf 75' lang='lat' dir='ltr'><strong><em>prtescribitur.</em></strong></span> <span class='ocrx_word' id='word_1_722' title='bbox 1518 2182 1603 2210; x_wconf 81' lang='lat' dir='ltr'><strong><em>&quot;orno</em></strong></span> <span class='ocrx_word' id='word_1_723' title='bbox 1617 2186 1723 2213; x_wconf 81' lang='lat' dir='ltr'><strong><em>miseri—</em></strong></span> 
     </span>
    </p>
   </div>
   <div class='ocr_carea' id='block_1_108' title="bbox 903 2223 1722 2264">
    <p class='ocr_par' dir='ltr' id='par_1_108' title="bbox 903 2223 1722 2264">
     <span class='ocr_line' id='line_1_108' title="bbox 903 2223 1722 2264; baseline 0.02 -20"><span class='ocrx_word' id='word_1_724' title='bbox 903 2226 1011 2253; x_wconf 74' lang='lat' dir='ltr'><strong><em>Dcors,</em></strong></span> <span class='ocrx_word' id='word_1_725' title='bbox 1037 2228 1118 2254; x_wconf 91' lang='lat' dir='ltr'><strong><em>quem</em></strong></span> <span class='ocrx_word' id='word_1_726' title='bbox 1145 2225 1199 2249; x_wconf 86' lang='lat' dir='ltr'><strong><em>tam</em></strong></span> <span class='ocrx_word' id='word_1_727' title='bbox 1225 2223 1304 2252; x_wconf 79' lang='lat' dir='ltr'><strong><em>facile</em></strong></span> <span class='ocrx_word' id='word_1_728' title='bbox 1330 2225 1422 2258; x_wconf 85' lang='lat' dir='ltr'><strong><em>alieni,</em></strong></span> <span class='ocrx_word' id='word_1_729' title='bbox 1454 2232 1482 2255; x_wconf 90' lang='lat' dir='ltr'><strong><em>ut</em></strong></span> <span class='ocrx_word' id='word_1_730' title='bbox 1507 2234 1594 2264; x_wconf 86' lang='lat' dir='ltr'><strong><em>putat,</em></strong></span> <span class='ocrx_word' id='word_1_731' title='bbox 1619 2233 1722 2259; x_wconf 77' lang='lat' dir='ltr'><strong><em>erroris</em></strong></span> 
     </span>
    </p>
   </div>
   <div class='ocr_carea' id='block_1_109' title="bbox 936 2265 1722 2309">
    <p class='ocr_par' dir='ltr' id='par_1_109' title="bbox 936 2265 1722 2309">
     <span class='ocr_line' id='line_1_109' title="bbox 936 2265 1722 2309; baseline 0.019 -18"><span class='ocrx_word' id='word_1_732' title='bbox 936 2265 1058 2298; x_wconf 82' lang='lat' dir='ltr'><strong><em>miseret,</em></strong></span> <span class='ocrx_word' id='word_1_733' title='bbox 1074 2275 1123 2294; x_wconf 87' lang='lat' dir='ltr'><strong><em>cur</em></strong></span> <span class='ocrx_word' id='word_1_734' title='bbox 1137 2268 1164 2295; x_wconf 94' lang='lat' dir='ltr'><strong><em>in</em></strong></span> <span class='ocrx_word' id='word_1_735' title='bbox 1184 2274 1342 2303; x_wconf 85' lang='lat' dir='ltr'><strong><em>peccatores</em></strong></span> <span class='ocrx_word' id='word_1_736' title='bbox 1357 2280 1388 2300; x_wconf 88' lang='lat' dir='ltr'><strong><em>ac</em></strong></span> <span class='ocrx_word' id='word_1_737' title='bbox 1402 2275 1567 2309; x_wconf 70' lang='lat' dir='ltr'><strong><em>ptenitcntcs</em></strong></span> <span class='ocrx_word' id='word_1_738' title='bbox 1586 2278 1625 2304; x_wconf 86' lang='lat' dir='ltr'><strong><em>sic</em></strong></span> <span class='ocrx_word' id='word_1_739' title='bbox 1646 2285 1722 2306; x_wconf 84' lang='lat' dir='ltr'><strong><em>accr-</em></strong></span> 
     </span>
    </p>
   </div>
   <div class='ocr_carea' id='block_1_110' title="bbox 935 2314 1721 2351">
    <p class='ocr_par' dir='ltr' id='par_1_110' title="bbox 935 2314 1721 2351">
     <span class='ocr_line' id='line_1_110' title="bbox 935 2314 1721 2351; baseline 0.018 -14"><span class='ocrx_word' id='word_1_740' title='bbox 935 2315 986 2338; x_wconf 89' lang='lat' dir='ltr'><strong><em>bns</em></strong></span> <span class='ocrx_word' id='word_1_741' title='bbox 1009 2317 1035 2339; x_wconf 85' lang='lat' dir='ltr'><strong><em>et</em></strong></span> <span class='ocrx_word' id='word_1_742' title='bbox 1061 2314 1180 2341; x_wconf 87' lang='lat' dir='ltr'><strong><em>crudelis</em></strong></span> <span class='ocrx_word' id='word_1_743' title='bbox 1193 2319 1246 2346; x_wconf 88' lang='lat' dir='ltr'><strong><em>est,</em></strong></span> <span class='ocrx_word' id='word_1_744' title='bbox 1264 2321 1293 2343; x_wconf 91' lang='lat' dir='ltr'><strong><em>ut</em></strong></span> <span class='ocrx_word' id='word_1_745' title='bbox 1308 2325 1355 2345; x_wconf 88' lang='lat' dir='ltr'><strong><em>eos</em></strong></span> <span class='ocrx_word' id='word_1_746' title='bbox 1370 2326 1432 2346; x_wconf 88' lang='lat' dir='ltr'><strong><em>cum</em></strong></span> <span class='ocrx_word' id='word_1_747' title='bbox 1454 2320 1575 2348; x_wconf 63' lang='lat' dir='ltr'><strong><em>Ecclesia</em></strong></span> <span class='ocrx_word' id='word_1_748' title='bbox 1601 2324 1721 2351; x_wconf 73' lang='lat' dir='ltr'><strong><em>reconci-</em></strong></span> 
     </span>
    </p>
   </div>
   <div class='ocr_carea' id='block_1_111' title="bbox 934 2356 1718 2404">
    <p class='ocr_par' dir='ltr' id='par_1_111' title="bbox 934 2356 1718 2404">
     <span class='ocr_line' id='line_1_111' title="bbox 934 2356 1718 2404; baseline 0.019 -22"><span class='ocrx_word' id='word_1_749' title='bbox 934 2356 994 2384; x_wconf 86' lang='lat' dir='ltr'><strong><em>liari</em></strong></span> <span class='ocrx_word' id='word_1_750' title='bbox 1023 2359 1188 2392; x_wconf 78' lang='lat' dir='ltr'><strong><em>prohibeat?</em></strong></span> <span class='ocrx_word' id='word_1_751' title='bbox 1216 2361 1346 2396; x_wconf 72' lang='lat' dir='ltr'><strong><em>Equidem</em></strong></span> <span class='ocrx_word' id='word_1_752' title='bbox 1367 2372 1428 2400; x_wconf 79' lang='lat' dir='ltr'><strong><em>pag.</em></strong></span> <span class='ocrx_word' id='word_1_753' title='bbox 1452 2367 1514 2399; x_wconf 72' lang='grc'><strong><em>251,</em></strong></span> <span class='ocrx_word' id='word_1_754' title='bbox 1529 2372 1673 2404; x_wconf 83' lang='lat' dir='ltr'><strong><em>postquam</em></strong></span> <span class='ocrx_word' id='word_1_755' title='bbox 1691 2370 1718 2397; x_wconf 93' lang='lat' dir='ltr'><strong><em>in</em></strong></span> 
     </span>
    </p>
   </div>
   <div class='ocr_carea' id='block_1_112' title="bbox 933 2403 1718 2444">
    <p class='ocr_par' dir='ltr' id='par_1_112' title="bbox 933 2403 1718 2444">
     <span class='ocr_line' id='line_1_112' title="bbox 933 2403 1718 2444; baseline 0.018 -16"><span class='ocrx_word' id='word_1_756' title='bbox 933 2403 1015 2430; x_wconf 87' lang='lat' dir='ltr'><strong><em>certis</em></strong></span> <span class='ocrx_word' id='word_1_757' title='bbox 1028 2405 1189 2433; x_wconf 89' lang='lat' dir='ltr'><strong><em>criminibus</em></strong></span> <span class='ocrx_word' id='word_1_758' title='bbox 1203 2411 1328 2442; x_wconf 75' lang='lat' dir='ltr'><strong><em>negatam</em></strong></span> <span class='ocrx_word' id='word_1_759' title='bbox 1341 2410 1486 2444; x_wconf 86' lang='lat' dir='ltr'><strong><em>aliquando</em></strong></span> <span class='ocrx_word' id='word_1_760' title='bbox 1499 2414 1718 2442; x_wconf 80' lang='lat' dir='ltr'><strong><em>communionem</em></strong></span> 
     </span>
    </p>
   </div>
   <div class='ocr_carea' id='block_1_113' title="bbox 933 2447 1719 2494">
    <p class='ocr_par' dir='ltr' id='par_1_113' title="bbox 933 2447 1719 2494">
     <span class='ocr_line' id='line_1_113' title="bbox 933 2447 1719 2494; baseline 0.019 -21"><span class='ocrx_word' id='word_1_761' title='bbox 933 2447 1054 2481; x_wconf 82' lang='lat' dir='ltr'><strong><em>probavi,</em></strong></span> <span class='ocrx_word' id='word_1_762' title='bbox 1067 2451 1205 2484; x_wconf 87' lang='lat' dir='ltr'><strong><em>paululum</em></strong></span> <span class='ocrx_word' id='word_1_763' title='bbox 1219 2453 1385 2486; x_wconf 85' lang='lat' dir='ltr'><strong><em>addubitavi,</em></strong></span> <span class='ocrx_word' id='word_1_764' title='bbox 1398 2460 1525 2485; x_wconf 89' lang='lat' dir='ltr'><strong><em>utrumne</em></strong></span> <span class='ocrx_word' id='word_1_765' title='bbox 1545 2459 1570 2485; x_wconf 88' lang='lat' dir='ltr'><strong><em>in</em></strong></span> <span class='ocrx_word' id='word_1_766' title='bbox 1596 2461 1719 2494; x_wconf 86' lang='lat' dir='ltr'><strong><em>periculo</em></strong></span> 
     </span>
    </p>
   </div>
   <div class='ocr_carea' id='block_1_114' title="bbox 933 2493 1718 2540">
    <p class='ocr_par' dir='ltr' id='par_1_114' title="bbox 933 2493 1718 2540">
     <span class='ocr_line' id='line_1_114' title="bbox 933 2493 1718 2540; baseline 0.019 -21"><span class='ocrx_word' id='word_1_767' title='bbox 933 2493 1044 2528; x_wconf 90' lang='lat' dir='ltr'><strong><em>quidem</em></strong></span> <span class='ocrx_word' id='word_1_768' title='bbox 1075 2496 1171 2524; x_wconf 82' lang='lat' dir='ltr'><strong><em>mortis</em></strong></span> <span class='ocrx_word' id='word_1_769' title='bbox 1196 2505 1326 2526; x_wconf 79' lang='lat' dir='ltr'><strong><em>concessa</em></strong></span> <span class='ocrx_word' id='word_1_770' title='bbox 1357 2500 1447 2529; x_wconf 81' lang='lat' dir='ltr'><strong><em>fuerit.</em></strong></span> <span class='ocrx_word' id='word_1_771' title='bbox 1474 2502 1531 2530; x_wconf 92' lang='lat' dir='ltr'><strong><em>lloc</em></strong></span> <span class='ocrx_word' id='word_1_772' title='bbox 1551 2512 1584 2531; x_wconf 90' lang='lat' dir='ltr'><strong><em>ne</em></strong></span> <span class='ocrx_word' id='word_1_773' title='bbox 1608 2506 1718 2540; x_wconf 78' lang='lat' dir='ltr'><strong><em>penitus</em></strong></span> 
     </span>
    </p>
   </div>
   <div class='ocr_carea' id='block_1_115' title="bbox 932 2543 1719 2579">
    <p class='ocr_par' dir='ltr' id='par_1_115' title="bbox 932 2543 1719 2579">
     <span class='ocr_line' id='line_1_115' title="bbox 932 2543 1719 2579; baseline 0.019 -14"><span class='ocrx_word' id='word_1_774' title='bbox 932 2546 1094 2573; x_wconf 86' lang='lat' dir='ltr'><strong><em>assererem,</em></strong></span> <span class='ocrx_word' id='word_1_775' title='bbox 1121 2543 1260 2577; x_wconf 89' lang='lat' dir='ltr'><strong><em>prohiberi</em></strong></span> <span class='ocrx_word' id='word_1_776' title='bbox 1286 2553 1329 2572; x_wconf 91' lang='lat' dir='ltr'><strong><em>me</em></strong></span> <span class='ocrx_word' id='word_1_777' title='bbox 1354 2546 1408 2574; x_wconf 82' lang='lat' dir='ltr'><strong><em>dixi</em></strong></span> <span class='ocrx_word' id='word_1_778' title='bbox 1430 2556 1536 2577; x_wconf 88' lang='lat' dir='ltr'><strong><em>canone</em></strong></span> <span class='ocrx_word' id='word_1_779' title='bbox 1555 2551 1602 2577; x_wconf 84' lang='lat' dir='ltr'><strong><em>illo</em></strong></span> <span class='ocrx_word' id='word_1_780' title='bbox 1626 2551 1658 2579; x_wconf 78' lang='lat' dir='ltr'><strong><em>l3</em></strong></span> <span class='ocrx_word' id='word_1_781' title='bbox 1673 2551 1719 2579; x_wconf 85' lang='lat' dir='ltr'><strong><em>Ni-</em></strong></span> 
     </span>
    </p>
   </div>
   <div class='ocr_carea' id='block_1_116' title="bbox 930 2586 1717 2630">
    <p class='ocr_par' dir='ltr' id='par_1_116' title="bbox 930 2586 1717 2630">
     <span class='ocr_line' id='line_1_116' title="bbox 930 2586 1717 2630; baseline 0.018 -19"><span class='ocrx_word' id='word_1_782' title='bbox 930 2592 1016 2617; x_wconf 71' lang='lat' dir='ltr'><strong><em>caeno,</em></strong></span> <span class='ocrx_word' id='word_1_783' title='bbox 1037 2586 1082 2614; x_wconf 91' lang='lat' dir='ltr'><strong><em>ubi</em></strong></span> <span class='ocrx_word' id='word_1_784' title='bbox 1106 2586 1200 2616; x_wconf 86' lang='lat' dir='ltr'><strong><em>Patres</em></strong></span> <span class='ocrx_word' id='word_1_785' title='bbox 1224 2589 1258 2617; x_wconf 89' lang='lat' dir='ltr'><strong><em>de</em></strong></span> <span class='ocrx_word' id='word_1_786' title='bbox 1280 2591 1461 2622; x_wconf 87' lang='lat' dir='ltr'><strong><em>morientibus</em></strong></span> <span class='ocrx_word' id='word_1_787' title='bbox 1478 2595 1666 2630; x_wconf 79' lang='lat' dir='ltr'><strong><em>decreverunt,</em></strong></span> <span class='ocrx_word' id='word_1_788' title='bbox 1687 2603 1717 2625; x_wconf 89' lang='lat' dir='ltr'><strong><em>ut</em></strong></span> 
     </span>
    </p>
   </div>
   <div class='ocr_carea' id='block_1_117' title="bbox 931 2630 1715 2676">
    <p class='ocr_par' dir='ltr' id='par_1_117' title="bbox 931 2630 1715 2676">
     <span class='ocr_line' id='line_1_117' title="bbox 931 2630 1715 2676; baseline 0.019 -21"><span class='ocrx_word' id='word_1_789' title='bbox 931 2637 964 2656; x_wconf 86' lang='lat' dir='ltr'><strong><em>ne</em></strong></span> <span class='ocrx_word' id='word_1_790' title='bbox 991 2630 1087 2658; x_wconf 87' lang='lat' dir='ltr'><strong><em>ultimo</em></strong></span> <span class='ocrx_word' id='word_1_791' title='bbox 1113 2639 1145 2659; x_wconf 87' lang='lat' dir='ltr'><strong><em>ac</em></strong></span> <span class='ocrx_word' id='word_1_792' title='bbox 1171 2636 1327 2664; x_wconf 71' lang='lat' dir='ltr'><strong><em>net-essurio</em></strong></span> <span class='ocrx_word' id='word_1_793' title='bbox 1350 2638 1451 2666; x_wconf 84' lang='lat' dir='ltr'><strong><em>viatico</em></strong></span> <span class='ocrx_word' id='word_1_794' title='bbox 1473 2640 1664 2676; x_wconf 71' lang='lat' dir='ltr'><strong><em>privarentur,</em></strong></span> <span class='ocrx_word' id='word_1_795' title='bbox 1688 2643 1715 2670; x_wconf 91' lang='lat' dir='ltr'><strong><em>in</em></strong></span> 
     </span>
    </p>
   </div>
   <div class='ocr_carea' id='block_1_118' title="bbox 929 2681 1713 2716">
    <p class='ocr_par' dir='ltr' id='par_1_118' title="bbox 929 2681 1713 2716">
     <span class='ocr_line' id='line_1_118' title="bbox 929 2681 1713 2716; baseline 0.018 -15"><span class='ocrx_word' id='word_1_796' title='bbox 929 2681 1015 2710; x_wconf 89' lang='lat' dir='ltr'><strong><em>coque</em></strong></span> <span class='ocrx_word' id='word_1_797' title='bbox 1037 2682 1114 2705; x_wconf 88' lang='lat' dir='ltr'><strong><em>vetus</em></strong></span> <span class='ocrx_word' id='word_1_798' title='bbox 1130 2682 1157 2705; x_wconf 88' lang='lat' dir='ltr'><strong><em>et</em></strong></span> <span class='ocrx_word' id='word_1_799' title='bbox 1174 2681 1305 2708; x_wconf 86' lang='lat' dir='ltr'><strong><em>canonica</em></strong></span> <span class='ocrx_word' id='word_1_800' title='bbox 1328 2682 1369 2710; x_wconf 76' lang='lat' dir='ltr'><strong><em>lex</em></strong></span> <span class='ocrx_word' id='word_1_801' title='bbox 1390 2689 1523 2712; x_wconf 88' lang='lat' dir='ltr'><strong><em>servetur.</em></strong></span> <span class='ocrx_word' id='word_1_802' title='bbox 1546 2687 1608 2715; x_wconf 68' lang='lat' dir='ltr'><strong><em>Hanc</em></strong></span> <span class='ocrx_word' id='word_1_803' title='bbox 1632 2689 1713 2716; x_wconf 48' lang='lat' dir='ltr'><strong><em>verba</em></strong></span> 
     </span>
    </p>
   </div>
   <div class='ocr_carea' id='block_1_119' title="bbox 929 2721 1711 2766">
    <p class='ocr_par' dir='ltr' id='par_1_119' title="bbox 929 2721 1711 2766">
     <span class='ocr_line' id='line_1_119' title="bbox 929 2721 1711 2766; baseline 0.018 -19"><span class='ocrx_word' id='word_1_804' title='bbox 929 2721 1050 2755; x_wconf 88' lang='lat' dir='ltr'><strong><em>concilii,</em></strong></span> <span class='ocrx_word' id='word_1_805' title='bbox 1078 2728 1151 2751; x_wconf 80' lang='lat' dir='ltr'><strong><em>vetus</em></strong></span> <span class='ocrx_word' id='word_1_806' title='bbox 1177 2729 1204 2752; x_wconf 84' lang='lat' dir='ltr'><strong><em>et</em></strong></span> <span class='ocrx_word' id='word_1_807' title='bbox 1229 2727 1357 2755; x_wconf 86' lang='lat' dir='ltr'><strong><em>canonica</em></strong></span> <span class='ocrx_word' id='word_1_808' title='bbox 1387 2729 1429 2756; x_wconf 77' lang='lat' dir='ltr'><strong><em>lea:</em></strong></span> <span class='ocrx_word' id='word_1_809' title='bbox 1454 2731 1627 2766; x_wconf 77' lang='lat' dir='ltr'><strong><em>signiﬁcant,</em></strong></span> <span class='ocrx_word' id='word_1_810' title='bbox 1657 2737 1711 2760; x_wconf 74' lang='lat' dir='ltr'><strong><em>nan</em></strong></span> 
     </span>
    </p>
   </div>
   <div class='ocr_carea' id='block_1_120' title="bbox 928 2765 1712 2807">
    <p class='ocr_par' dir='ltr' id='par_1_120' title="bbox 928 2765 1712 2807">
     <span class='ocr_line' id='line_1_120' title="bbox 928 2765 1712 2807; baseline 0.017 -15"><span class='ocrx_word' id='word_1_811' title='bbox 928 2765 991 2800; x_wconf 76' lang='grc' dir='ltr'><strong><em>χθὲς</em></strong></span> <span class='ocrx_word' id='word_1_812' title='bbox 1005 2768 1052 2794; x_wconf 75' lang='grc' dir='ltr'><strong><em>καὶ</em></strong></span> <span class='ocrx_word' id='word_1_813' title='bbox 1065 2770 1169 2806; x_wconf 83' lang='grc' dir='ltr'><strong><em>πρώην,</em></strong></span> <span class='ocrx_word' id='word_1_814' title='bbox 1187 2772 1233 2799; x_wconf 83' lang='lat' dir='ltr'><strong><em>sed</em></strong></span> <span class='ocrx_word' id='word_1_815' title='bbox 1248 2773 1302 2807; x_wconf 84' lang='lat' dir='ltr'><strong><em>jam</em></strong></span> <span class='ocrx_word' id='word_1_816' title='bbox 1319 2777 1375 2801; x_wconf 82' lang='lat' dir='ltr'><strong><em>tum</em></strong></span> <span class='ocrx_word' id='word_1_817' title='bbox 1390 2776 1454 2803; x_wconf 88' lang='lat' dir='ltr'><strong><em>olim</em></strong></span> <span class='ocrx_word' id='word_1_818' title='bbox 1471 2765 1498 2804; x_wconf 89' lang='lat' dir='ltr'><strong><em>in</em></strong></span> <span class='ocrx_word' id='word_1_819' title='bbox 1515 2778 1634 2806; x_wconf 71' lang='lat' dir='ltr'><strong><em>Ecclesia</em></strong></span> <span class='ocrx_word' id='word_1_820' title='bbox 1649 2785 1712 2805; x_wconf 86' lang='lat' dir='ltr'><strong><em>cau-</em></strong></span> 
     </span>
    </p>
   </div>
   <div class='ocr_carea' id='block_1_121' title="bbox 964 2823 1146 2861">
    <p class='ocr_par' dir='ltr' id='par_1_121' title="bbox 964 2823 1146 2861">
     <span class='ocr_line' id='line_1_121' title="bbox 964 2823 1146 2861; baseline 0.016 -11"><span class='ocrx_word' id='word_1_821' title='bbox 964 2823 997 2858; x_wconf 83' lang='lat' dir='ltr'><strong><em>(r)</em></strong></span> <span class='ocrx_word' id='word_1_822' title='bbox 1018 2823 1083 2861; x_wconf 70' lang='lat' dir='ltr'><strong><em>Pag.</em></strong></span> <span class='ocrx_word' id='word_1_823' title='bbox 1105 2827 1146 2853; x_wconf 68' lang='lat' dir='ltr'><strong><em>lt.</em></strong></span> 
     </span>
    </p>
   </div>
   <div class='ocr_carea' id='block_1_122' title="bbox 1516 2906 1556 2946">
    <p class='ocr_par' dir='ltr' id='par_1_122' title="bbox 1516 2906 1556 2946">
     <span class='ocr_line' id='line_1_122' title="bbox 1516 2906 1556 2946; baseline 0 0"><span class='ocrx_word' id='word_1_824' title='bbox 1516 2906 1556 2946; x_wconf 61' lang='grc' dir='ltr'><strong><em>ἕο</em></strong></span> 
     </span>
    </p>
   </div>
  </div>
