1937 3039
188 149 240 176 619

839 141 929 171 DION.
948 142 1118 173 PETAVIUS

1769 141 1827 172 me

190 214 246 233 tum
260 211 332 235 esse,
352 203 391 230 uti
407 209 440 230 ne
451 201 633 230 morientibus
647 201 804 232 communio
820 207 976 238 negaretur.
994 208 1016 235 Α
1032 201 1471 241 appellaretur,qutemoriiMndis
1486 199 1681 238 panitentibus
1697 209 1824 230 commu-

189 250 297 286 Excipit
319 249 452 277 adversus
475 249 528 276 ista
552 247 726 282 dispunetor,
743 246 883 275 Nicamam
902 256 978 283 syno-

188 298 251 323 dum
275 304 326 323 non
345 295 377 322 de
400 294 528 328 apostatis
552 297 598 320 aut
622 293 867 325 excommunicatis,
883 293 929 320 sed
946 293 978 320 de

187 340 372 377 paenitentibus
404 343 509 366 tantum
537 338 690 368 meuitenlia
711 337 822 365 solemni
846 337 977 372 defunctis

188 388 389 424 intelligendam
405 387 502 415 venire.
515 386 597 413 Multa
616 385 704 420 gratis
714 384 889 412 concedenda
901 390 976 416 sunt,

189 443 308 472 quorum
333 435 356 462 si
378 434 413 461 ab
438 433 484 461 illo
509 433 663 468 postuletur
686 432 767 464 ratio,
793 431 861 458 nihil
880 435 978 466 praeter

188 482 377 517 conjecturam
408 479 495 514 possit
527 478 636 506 atl‘crre.
663 476 804 510 Ejusmodi
830 480 872 504 est
899 475 976 508 illud,

189 526 262 562 quod
280 526 314 553 de
326 522 428 552 Nicteni
451 523 565 550 canonis
584 522 719 551 sententia
742 522 886 557 disputat:
903 521 977 556 qttod

188 582 223 602 ne
237 573 326 608 ipsum
346 571 455 607 quidem
472 574 568 597 contra
589 576 640 597 nos
657 568 734 600 facit,
750 576 839 604 neque
859 568 893 596 ad
921 575 977 595 rem

187 619 317 654 pertinet,
346 617 401 644 imo
418 625 451 644 ex
467 623 499 643 eo
515 615 677 650 superioris,
704 621 787 649 quam
808 613 978 649 oppugnavi-

189 672 260 698 mus,
289 662 433 692 sentcntiae
456 661 565 690 falsitas
593 661 778 688 convincitur.
798 659 898 687 Demus
914 659 976 691 hoc,

189 711 324 739 Nic-tenam
344 707 478 744 synodum
496 713 601 735 canone
614 705 661 734 illo
676 705 720 737 15,
736 712 801 740 quo,
819 713 851 732 ex
866 705 978 740 antiqua

187 763 213 785 et
223 755 358 784 canonica
372 754 526 785 sanctione,
542 752 673 780 viaticum
688 751 812 787 adeoque
831 756 926 786 pacem
951 754 978 778 et

187 802 388 831 absolutionem
413 799 598 828 morientibus
624 798 757 834 impertiri
780 798 868 832 jubet,
890 797 924 824 de
944 797 977 824 iis

187 849 321 876 duntaxat
339 846 529 882 praescribere,
546 845 593 881 qui
610 844 771 881 poenitentia
796 843 912 872 solemni
934 843 977 871 de-

188 893 275 921 functi
302 875 388 925 sunt;
410 892 529 927 primum
542 898 576 918 ex
588 897 621 918 eo
638 896 811 924 consequens
825 893 877 920 est,
898 891 978 915 caete-
993 875 1014 903 Β

185 947 244 971 ros,
261 938 307 973 qui
323 937 445 965 nondum
460 936 659 972 prenitentihus
673 934 787 970 ascripti
809 934 927 966 fuerant,
951 937 978 960 et

186 983 326 1011 inntortis
361 981 485 1017 periculo
523 987 617 1016 pacem
655 982 798 1015 peterent,
837 984 977 1012 nunquam

185 1029 369 1064 impetrasse;
385 1027 450 1062 quia
466 1026 584 1055 solemni
599 1025 763 1061 pmnitentia
777 1022 900 1052 defuncti
922 1029 976 1050 non

185 1079 272 1103 erant.
291 1073 370 1107 Quod
383 1073 492 1109 quidem
511 1072 626 1099 inﬁciari
644 1078 804 1106 possumus,
826 1068 977 1105 praesertim

186 1121 208 1149 si
225 1121 259 1148 de
270 1120 373 1148 citimis
385 1118 495 1147 Nicaeno
504 1117 624 1146 concilio
636 1117 806 1152 temporibus
820 1117 976 1151 loquamur.

185 1166 253 1199 Quis
281 1165 352 1194 enim
380 1164 474 1192 credat
499 1171 560 1196 eos,
587 1163 635 1198 qui
662 1167 725 1198 post
749 1162 862 1190 unicum
887 1162 978 1188 scelus

186 1212 349 1243 admissum,
381 1214 526 1245 antequam
557 1209 699 1242 obeundae,
727 1209 770 1236 vel
800 1207 978 1243 impetranda:

187 1257 354 1293 pmttitcntia‘.
384 1257 503 1292 spatium
529 1255 678 1285 haberent,
703 1254 733 1282 in
755 1252 880 1280 morbum
910 1252 979 1279 inci-

186 1303 302 1333 dissent.
325 1309 392 1337 pace
407 1308 439 1328 ac
453 1299 677 1329 reconciliatione
700 1297 787 1326 fuisse
808 1297 978 1324 frustratos?

187 1346 244 1374 lloc
258 1347 311 1374 nisi
327 1345 515 1374 vehementius
543 1343 692 1379 approbes,
720 1349 801 1370 nemo
817 1342 866 1369 tibi
881 1345 978 1377 sponte

185 1393 366 1422 conceSserit.
383 1391 436 1419 Sed
452 1390 596 1418 omittatur
613 1389 687 1417 istud
705 1389 732 1416 in
749 1395 881 1424 praesens.
897 1387 978 1416 Certe

187 1440 304 1467 alterum
319 1446 352 1466 ex
366 1437 497 1473 opinione
530 1441 556 1465 et
580 1435 806 1471 interpretatione
821 1435 875 1464 isut
886 1434 977 1470 sequi-

188 1491 244 1519 tur,
261 1484 335 1520 quod
355 1482 492 1519 superiori
507 1482 558 1514 illi,
577 1485 606 1509 ut
623 1481 690 1513 dixi,
718 1480 862 1509 sententis:
887 1479 976 1507 refra-

187 1534 277 1566 gatur.
294 1528 394 1556 Aiebas
410 1527 502 1560 modo,
527 1526 654 1554 saeviente
677 1525 796 1560 procella
813 1525 976 1560 persecutio-

187 1576 241 1607 nis,
255 1583 314 1608 eos,
328 1575 374 1609 qui
391 1573 550 1609 poenitentia
575 1572 737 1600 delictorum
761 1571 870 1599 coalitus
891 1571 974 1598 atilati

187 1622 305 1653 fuerant,
327 1621 385 1648 sola
407 1619 535 1647 Ecclesiae
553 1618 762 1655 approbatione,
786 1618 847 1646 sine
869 1618 977 1646 absolu-

187 1669 272 1701 tione,
295 1667 380 1695 fuisse
396 1670 542 1694 contentos
556 1675 563 1693 :
578 1673 697 1701 cumque
711 1664 759 1692 diu
774 1673 808 1692 ne
820 1664 976 1692 moribundi

186 1714 296 1750 quidem
332 1713 440 1742 veniam
469 1720 501 1741 ac
530 1719 627 1748 pacem
653 1711 780 1739 obtinere
805 1710 974 1746 potuissent,

187 1766 282 1797 postea
301 1760 383 1794 longo
398 1759 542 1786 intervallo
563 1758 721 1790 remissum,
744 1760 774 1785 ut
795 1757 975 1785 morientibus

185 1807 320 1834 duntaxat
343 1804 481 1834 absolutio
499 1804 714 1840 permitteretur,
738 1803 831 1838 itaque
846 1803 975 1831 Novatia-

186 1861 284 1881 norunt
307 1851 433 1879 haeresim
453 1851 504 1878 hac
522 1855 627 1878 tantum
647 1858 680 1878 ex
705 1853 783 1885 parte
806 1850 972 1877 damnatam.

186 1899 248 1927 Hec
262 1899 320 1934 ipsa
339 1901 472 1932 tempora,
495 1896 595 1930 quibus
617 1899 715 1932 negata
734 1896 777 1923 vel
796 1895 975 1923 morientibus

185 1942 403 1979 est_eommunio,
412 1942 491 1976 longe
501 1940 572 1968 infra
579 1940 707 1976 Cypriani
717 1944 824 1968 aetatem
835 1940 973 1967 incidunt:

185 1989 286 2024 quippe
307 1986 478 2015 Novatianus
498 1986 572 2014 illius
599 1990 721 2021 tempore
743 1985 831 2018 vixit;
861 1989 889 2012 tu
909 1993 975 2012 vero

186 2035 268 2069 longe
294 2033 438 2061 intervallo
465 2035 526 2067 post
552 2030 697 2059 Novatiani
722 2036 810 2060 ortam
837 2031 973 2064 haeresim,

186 2081 304 2107 laxatam
320 2079 421 2107 asseris
437 2078 639 2107 severissimam
655 2077 728 2105 illam
745 2077 876 2106 Ecclesiae
890 2077 975 2105 disci-

187 2126 298 2161 piinam.
337 2124 456 2152 Proinde
492 2124 622 2160 Cypriani
654 2127 796 2159 tempore,
840 2123 974 2160 longeque

188 2175 302 2206 postea,
337 2170 431 2198 nullus
465 2170 678 2205 quibuscunque
711 2169 910 2205 paenitentibus
941 2169 974 2196 ad

1030 249 1141 277 nionem
1167 249 1275 281 tribuit,
1300 256 1392 276 nonne
1418 250 1460 276 vel
1482 253 1546 277 ante
1569 257 1621 276 LX!
1647 256 1737 277 annos
1756 249 1825 280 ferri

1029 295 1142 322 debuit?
1168 294 1307 328 Quocirca
1331 294 1444 322 florente
1465 293 1604 329 Cypriane
1620 289 1750 322 Ecclesia:
1764 295 1821 329 jam

1028 345 1087 368 erat
1099 347 1150 368 usu
1166 344 1286 375 recepta.
1313 339 1353 367 ita
1375 340 1469 367 multis
1495 340 1585 368 modis
1601 342 1821 369 commentitium

1033 390 1084 419 est,
1103 387 1324 422 persecutionum
1338 389 1470 420 tempore,
1483 389 1510 413 ct
1524 386 1603 421 longo
1620 391 1682 414 ante
1692 385 1823 414 Novatia-

1032 440 1097 460 num
1125 432 1281 466 intervallo,
1312 432 1512 467 paenitentibus
1540 432 1621 460 ctiam
1647 432 1822 460 moribundis

1029 478 1248 505 commuttionem
1266 483 1327 507 esse
1341 476 1517 511 denegatam.

1065 524 1098 550 At
1115 523 1213 558 objicis
1227 532 1233 550 :
1251 522 1387 558 Synodum
1403 522 1582 556 Sardiensem,
1610 521 1721 550 Νίτωιια
1732 528 1823 557 poste-

1029 569 1147 600 riorem,
1171 569 1199 595 in
1223 569 1340 603 periculo
1365 568 1459 595 mortis
1483 575 1578 603 negare
1599 569 1820 595 eonmwnionem.

1028 614 1100 647 Quid
1124 615 1205 641 tum?
1223 621 1257 641 an
1280 614 1341 641 ideo
1363 621 1464 649 negare
1483 617 1572 649 potes,
1598 613 1670 641 istud
1690 614 1782 650 ipsum
1801 621 1819 642 a

1029 660 1140 688 Nicmno
1153 660 1269 689 concilio
1282 660 1367 688 fuisse
1381 661 1533 693 decretum,
1547 659 1620 694 quod
1637 667 1726 687 canon
1746 660 1822 688 illius

1028 712 1083 734 tam
1099 710 1193 742 aperte
1209 706 1350 742 loquitur?
1371 705 1478 738 Nescis,
1492 706 1665 741 generalibus
1682 706 1820 734 interdum

1029 753 1143 788 regulis.
1171 760 1233 780 cum
1264 752 1302 780 ita
1327 756 1482 787 temporum
1511 752 1652 786 conditio,
1680 752 1723 780 vel
1752 760 1822 780 usus

1028 798 1183 833 disciplina:
1209 798 1342 833 postulat,
1367 797 1490 833 privatas
1517 797 1650 833 abrogare
1681 798 1769 833 leges,
1790 803 1822 825 ut

1028 842 1100 878 quod
1117 843 1244 870 universe
1257 846 1369 870 cautum
1386 842 1484 876 literal,
1501 843 1526 870 ei
1541 844 1582 870 vel
1600 843 1714 878 aequitas
1727 844 1820 871 detra-

1030 890 1077 917 hat
1095 889 1209 924 aliquid,
1237 889 1280 917 vel
1304 889 1439 917 severitas
1466 890 1605 926 apponat?
1624 889 1672 917 Est
1694 889 1767 917 enim
1791 889 1820 917 in

1030 934 1160 962 Ecclesiae
1177 938 1310 970 potestate
1328 934 1499 970 arbitrioque
1522 942 1659 962 canonum
1684 943 1769 968 usus;
1790 939 1821 962 ut

1029 980 1137 1008 illorum
1166 981 1330 1009 auctoritate
1357 981 1444 1013 salva,
1473 989 1553 1009 secus
1570 989 1650 1016 qttam
1678 981 1695 1008 ii
1719 981 1820 1015 ferant,

1029 1026 1153 1054 nonnihil
1179 1027 1340 1062 plerumqtte
1366 1030 1480 1054 statuat.
1501 1026 1569 1054 Nam
1587 1031 1613 1054 et
1628 1026 1750 1062 synodus
1772 1026 1820 1053 illa

1029 1072 1095 1100 Side
1112 1072 1277 1108 Pamphylia:
1293 1073 1384 1100 habita
1402 1076 1497 1100 contra
1513 1072 1705 1105 Massalianos,
1726 1071 1822 1100 Sardi-

1028 1119 1104 1146 censi
1122 1118 1266 1153 posterior,
1284 1118 1366 1154 cujus
1383 1126 1416 1146 ex
1434 1117 1541 1152 Photio,
1558 1126 1619 1154 pag.
1637 1118 1680 1152 18,
1693 1119 1822 1146 memini-

1028 1172 1101 1197 mus,
1115 1164 1149 1192 iis
1164 1165 1210 1200 qui
1227 1169 1290 1200 post
1313 1164 1487 1193 anathemate
1510 1165 1666 1192 damnatam
1692 1164 1819 1192 haeresim

1028 1209 1114 1244 illam,
1128 1216 1268 1246 utcunque
1285 1211 1472 1246 suspicionem
1491 1209 1551 1245 ejus
1569 1214 1664 1246 postea
1679 1209 1819 1242 dederint,

1028 1257 1249 1285 communionem
1276 1265 1310 1285 ne
1336 1257 1365 1284 in
1392 1257 1455 1284 vitae
1484 1257 1595 1292 quidem
1613 1257 1688 1284 exitu
1710 1257 1820 1290 tribuit,

1027 1303 1178 1337 quamlibet
1205 1307 1309 1331 mutata
1340 1303 1476 1331 sententia
1512 1303 1702 1338 paenitentiam
1730 1304 1820 1338 parati

1028 1349 1086 1377 sint
1108 1349 1240 1384 profiteri.
1258 1350 1297 1376 Ac
1312 1349 1416 1378 videsis
1438 1357 1553 1377 acumen
1575 1349 1650 1377 illius
1671 1350 1822 1377 ratiocina-

1026 1395 1122 1422 tionis.
1150 1394 1278 1423 Nicmnus
1303 1402 1392 1423 canon
1419 1395 1579 1423 undecimus
1603 1395 1648 1427 iis,
1678 1396 1724 1430 qui
1750 1395 1821 1423 citra

1027 1440 1083 1467 vim
1106 1447 1138 1468 ac
1160 1441 1353 1468 necessitatem
1379 1439 1431 1468 sub
1458 1439 1557 1467 Licinii
1581 1440 1727 1476 tyrannide
1750 1440 1821 1475 lapsi

1028 1486 1140 1519 fuerint,
1165 1486 1312 1514 duodecim
1333 1494 1420 1514 annos
1435 1486 1603 1522 poenitentia:
1620 1487 1744 1522 praefixit.
1762 1485 1821 1513 lloe

1028 1536 1058 1560 tu
1075 1533 1169 1566 simili,
1186 1537 1268 1569 atque
1293 1533 1349 1561 illic
1371 1533 1469 1566 uteris,
1494 1534 1730 1570 argumentatione
1753 1540 1820 1569 pro-

1029 1579 1107 1608 babis
1124 1587 1266 1615 nunquam
1281 1587 1296 1607 a
1310 1580 1429 1608 concilio
1449 1580 1534 1608 fuisse
1552 1581 1699 1608 sancitum.
1724 1579 1821 1615 Siqui—

1028 1625 1089 1654 dem
1106 1625 1280 1654 Valentinum
1302 1626 1414 1654 Niczcno
1430 1627 1566 1662 posterius
1582 1634 1641 1654 can.
1659 1626 1821 1658 5dccrcvit,

1027 1676 1058 1699 ut
1078 1673 1126 1708 qui
1152 1676 1214 1707 post
1238 1673 1403 1708 baptismum
1421 1672 1543 1709 profanis
1562 1672 1716 1700 daemonum
1732 1674 1822 1700 sacris

1027 1718 1124 1753 polluti
1154 1718 1276 1751 fuerint,
1310 1718 1501 1754 pwnitentiam
1528 1718 1562 1746 ad
1589 1722 1703 1746 mortem
1732 1727 1823 1754 usque

1027 1763 1190 1798 suscipiant.
1215 1762 1298 1798 Atqui
1327 1763 1396 1791 ratio
1422 1763 1534 1791 minime
1561 1763 1693 1797 procedit.
1725 1763 1822 1799 Neque

1027 1809 1110 1844 igitur
1142 1809 1186 1838 illa
1217 1817 1300 1844 quam
1333 1810 1366 1837 ad
1399 1810 1488 1838 simile
1522 1810 1658 1845 negotium
1691 1810 1819 1838 adhibes.

1026 1854 1132 1890 Pergis,
1159 1861 1185 1883 et
1208 1857 1260 1883 hoc
1282 1856 1436 1892 redarguis,
1461 1856 1532 1891 quod
1554 1856 1680 1892 pag.234
1697 1857 1731 1884 de
1748 1856 1820 1883 dilii-

1026 1901 1128 1928 cillimo
1151 1902 1197 1929 illo
1217 1901 1346 1937 Cypriani
1359 1903 1418 1929 loco
1435 1910 1467 1929 ex
1483 1902 1563 1937 epist.
1585 1903 1616 1929 l3
1632 1903 1818 1938 disputamus,

1026 1945 1073 1973 ubi
1106 1949 1219 1974 sanctus
1246 1946 1368 1981 pontifex
1397 1946 1492 1982 jubet,
1525 1951 1556 1974 ut
1585 1947 1632 1982 qui
1665 1947 1775 1976 libellos
1801 1955 1820 1975 a

1027 1992 1198 2027 martyribus
1226 1996 1403 2028 acceperunt,
1434 1992 1505 2028 apud
1535 1993 1742 2028 presbyterum,
1772 1997 1821 2021 aut

1025 2037 1050 2064 si
1069 2038 1129 2073 ejus
1155 2038 1233 2074 copia
1249 2038 1330 2073 desit,
1347 2039 1418 2074 apud
1433 2039 1579 2067 dieeonum
1593 2040 1818 2076 exhotnologesin

1025 2081 1118 2110 delicti
1138 2082 1181 2110 sui
1206 2083 1320 2117 faciant,
1347 2088 1377 2111 ut
1399 2091 1482 2111 tuanu
1505 2085 1545 2112 eis
1571 2085 1598 2112 in
1625 2086 1818 2121 paenitentiam

1026 2127 1163 2164 imposita,
1180 2129 1290 2156 veniant
1305 2129 1338 2157 ad
1354 2130 1499 2158 Dominum
1513 2139 1576 2158 cum
1593 2139 1669 2166 pace.
1689 2131 1754 2159 Haec
1767 2139 1821 2167 ego

1026 2174 1217 2209 probabiliter,
1238 2175 1291 2203 nisl
1308 2175 1398 2208 fallor,
1415 2176 1456 2204 sic
1470 2177 1688 2213 interpretabor,
1710 2182 1741 2205 ut
1756 2185 1818 2205 cum

186 2217 337 2244 Ecclesium
358 2220 387 2244 et
407 2215 656 2244 reconciliationem
672 2216 762 2244 aditus
777 2216 874 2251 patuit.
891 2216 973 2250 Atqui
991 2222 1011 2250 ι)
1027 2219 1128 2254 duplex
1147 2219 1254 2248 fructus
1269 2221 1452 2249 absolutionis
1469 2221 1560 2253 fuerit,
1574 2227 1603 2250 ut
1616 2227 1642 2250 et
1656 2230 1671 2250 ο
1684 2223 1819 2258 peccatis,

188 2262 368 2290 falsissimum
399 2261 427 2289 id
456 2269 539 2294 esse,
574 2269 637 2289 cum
675 2266 755 2289 antea
785 2269 820 2289 ex
849 2261 974 2296 ejusdem

185 2308 317 2344 Cypriani
333 2312 359 2335 et
376 2307 492 2338 aliorum
508 2312 630 2335 veterum
648 2307 813 2335 auctoritate
838 2312 974 2335 monstra-

183 2355 286 2387 vimus,
305 2358 362 2382 tum
376 2362 410 2381 ex
425 2353 578 2389 posteriore
596 2354 641 2381 illa
665 2357 712 2380 tua
731 2353 832 2380 Nicreni
858 2355 974 2382 canonis

184 2400 409 2436 interpretatione
434 2399 617 2428 concluditur.
638 2399 666 2426 Si
687 2399 759 2426 enim
773 2397 881 2426 Niczena
909 2408 973 2435 syn-

184 2447 255 2474 odus
286 2450 407 2474 veterem
438 2450 465 2473 ct
508 2444 670 2472 canonicam
701 2444 870 2472 sanctionem
899 2445 973 2472 illam

184 2496 284 2525 vocat,
314 2499 375 2526 qua:
402 2489 583 2518 moribundos
611 2489 774 2525 praenitentes
804 2491 974 2519 absolutione

184 2538 282 2564 donari
303 2536 437 2572 praecipit,
464 2543 530 2564 sane
549 2536 628 2571 longe
644 2539 707 2563 ante
724 2535 864 2564 Metellum
881 2538 974 2564 conci-

186 2584 264 2616 lium,
281 2588 424 2618 grassante
439 2582 508 2610 adeo
521 2582 640 2617 procella
653 2582 865 2617 persecutionis,
877 2582 973 2610 saltem

187 2627 370 2655 morientibus
395 2627 533 2655 absolutio
556 2635 689 2656 concessa
718 2627 810 2655 fuerit.
831 2627 906 2656 Obiit
921 2629 974 2664 Cy-

186 2674 299 2709 prianus
319 2682 392 2702 anno
418 2674 520 2702 Christi
534 2673 596 2707 259,
626 2673 771 2702 Valeriano
801 2678 828 2702 et
849 2674 973 2702 Gallieno

187 2720 272 2755 iuipp.
294 2719 336 2747 Ab
350 2720 402 2747 hoc
419 2727 490 2748 anno
505 2719 539 2747 ad
561 2720 707 2748 concilium
724 2720 874 2754 Nicmnum,
888 2721 972 2749 inter-

186 2764 287 2791 vallum
302 2769 344 2793 est
362 2772 496 2794 annorum
522 2772 600 2797 Lxrt.
620 2763 655 2793 Ut
678 2772 743 2801 ergo
769 2770 841 2794 vetus
861 2765 905 2793 illa
930 2766 972 2793 lex

221 2853 260 2887 (α)
277 2853 340 2889 l‘ag.
361 2854 400 2881 H.

1026 2265 1078 2293 ltoc
1092 2271 1144 2299 est,
1162 2267 1243 2302 culpa
1266 2267 1326 2302 ipsa
1347 2273 1410 2303 post
1430 2269 1618 2304 pmnilcntiam
1642 2269 1821 2298 absolveren-

1026 2315 1089 2344 tur;
1111 2315 1137 2338 ct
1160 2311 1187 2338 in
1203 2312 1340 2347 integrum
1366 2314 1486 2341 restituti
1511 2313 1544 2341 ad
1567 2314 1698 2341 Ecclesia:
1726 2314 1820 2342 Denti-

1027 2357 1138 2392 nicique
1167 2358 1391 2386 communionem
1426 2360 1552 2396 corporis
1585 2361 1819 2394 admitterentur;

1028 2408 1176 2439 utrumque
1194 2412 1242 2439 per
1254 2404 1399 2440 episcopos
1412 2410 1459 2432 aut
1474 2405 1633 2434 sacerdotes
1648 2406 1820 2440 obtinerent,

1026 2450 1142 2477 alterum
1162 2457 1236 2484 vero,
1253 2458 1315 2478 cum
1331 2451 1486 2480 sacerdotis
1502 2452 1580 2487 copia
1594 2460 1648 2480 non
1664 2459 1750 2485 esset,
1771 2461 1821 2489 per

1026 2497 1195 2525 diaconum:
1215 2497 1252 2525 ita
1281 2502 1312 2525 ut
1336 2499 1458 2525 nondum
1487 2499 1682 2527 sacramentali
1705 2500 1820 2527 absolu-

1026 2543 1100 2570 tione
1114 2548 1321 2579 percepta,cum
1339 2544 1375 2571 ita
1394 2545 1546 2572 necessitas
1562 2545 1655 2578 ferret,
1674 2553 1770 2580 pacem
1787 2553 1819 2572 ac

1027 2589 1280 2616 reconciliationem
1311 2594 1544 2625 assequcrcntur,
1576 2594 1603 2618 et
1636 2591 1820 2619 Eucltaristize

1026 2634 1173 2669 participes
1188 2635 1287 2662 forent.

1061 2677 1130 2706 lluic
1148 2684 1203 2707 tam
1225 2687 1333 2715 aperta),
1353 2686 1406 2708 tam
1433 2681 1566 2709 hodierno
1582 2682 1643 2709 usui
1681 2690 1713 2710 ac
1735 2683 1818 2709 meti-

1025 2725 1077 2752 bus
1100 2730 1290 2754 consentanea:
1305 2727 1402 2754 rationi
1424 2727 1488 2762 quid
1509 2728 1648 2763 opponis?
1670 2727 1754 2761 δαῖε,
1777 2729 1818 2755 iu-

1026 2769 1095 2804 qnit,
1117 2775 1205 2805 aperte
1225 2771 1355 2805 insinuat,
1375 2771 1573 2800 Euclmrt'stiam
1593 2773 1692 2810 absque
1712 2775 1817 2802 absolu-
