1937 3039
131 137 185 166 621

697 127 882 159 ADVERSUS
901 128 984 157 MAT.
1006 126 1183 156 SlMONlUM.

1717 120 1770 155 622

135 195 206 221 tione
220 191 320 227 percipi
334 191 459 228 potuine.
479 188 580 223 Quidni
595 187 648 216 hoc
662 191 754 224 aperte
771 188 901 224 proﬁtear
914 207 923 220 ,
940 191 963 220 Α
976 186 1163 221 susciperent,
1188 185 1246 221 lege
1269 183 1315 213 illa
1337 190 1505 219 tenerentur.
1528 186 1610 223 Atqui
1641 188 1768 217 universe

133 240 207 275 quod
223 247 257 266 ex
274 238 321 267 illo
335 237 466 274 Cypriani
484 236 545 264 loco
560 243 616 263 non
627 235 745 263 obscure
764 233 924 269 colligitur?

132 285 201 314 Nam
217 289 245 314 et
263 291 359 320 pacem
381 283 514 317 diaconus
530 281 576 308 ille
596 287 727 308 manuum
750 279 925 315 impositione

133 331 283 361 tribuebat.
305 330 353 358 Est
368 333 459 358 autem
474 335 526 364 pax
538 327 609 355 idem
625 334 688 354 cum
702 326 925 354 reconciliatione

134 377 193 405 sive
209 376 414 405 communione.
437 374 523 402 Porro
539 372 756 404 sacramentalis,
770 375 799 399 ut
814 375 922 403 vocant,

135 423 180 450 illa
194 430 249 450 non
265 421 316 449 fuit
327 430 334 454 ;
345 429 427 457 quam
450 421 527 449 solus
539 419 670 448 sacerdos
686 417 811 446 conferre
825 421 923 453 potest.

135 467 240 500 Restat,
255 472 284 494 ut
300 467 372 502 quod
392 466 448 494 dixi
461 470 538 493 extra
552 463 767 493 controversiam
787 463 833 496 sit,
853 462 924 498 quod

134 512 219 540 nullis
240 520 355 548 prorsus
374 511 522 539 contrariis
535 510 706 546 argumentis
717 509 818 537 elevas.
847 508 926 541 Quod

134 565 201 585 vero
223 557 338 590 subdis,
368 557 500 584 diaconos
522 555 724 583 Eucharistiam
753 553 927 582 ministrasse

135 603 256 638 quidem,
272 611 327 630 non
341 606 431 630 tamen
443 602 488 637 jus
504 602 538 629 ad
555 601 756 629 Eucharistiam
772 600 926 635 percipien-

134 649 197 677 dam
224 649 350 681 dedisse;
375 649 398 677 si
421 649 495 676 enim
518 647 585 675 illud
610 647 737 675 conferre
759 646 925 681 potuissent,

134 695 216 722 etiam
233 694 306 729 quod
323 694 414 722 minus
428 698 481 726 est,
498 693 698 721 absolutionem
721 692 845 728 potuisse
864 699 927 719 con-

135 740 247 773 cedere;
264 740 376 768 minime
395 739 524 767 callidum
540 743 582 767 est
596 738 774 776 ἐπιχείρημα.
790 737 857 765 Nam
877 737 927 765 ab-

135 786 242 814 solvere
257 785 432 821 pmnitentes,
447 785 497 812 hoc
509 788 551 813 est
577 785 814 817 sacramentalem,
831 787 861 811 ut
876 791 926 811 vo-

134 834 209 862 cant,
225 831 425 860 absolutionem
446 831 590 865 impertiri,
613 829 770 858 sacerdotes
784 836 880 857 omnes
900 829 926 856 vi

135 876 241 905 ordinis
262 884 294 904 ac
310 880 445 912 potestate
464 880 600 912 poterant,
616 884 666 904 usu
685 883 716 904 ac
737 876 928 911 iurisdictione
943 865 965 893 Β

135 921 187 949 soli
206 921 338 956 episcopi,
356 923 398 950 vel
412 929 445 950 eo
461 922 571 950 absente
582 925 627 949 aut
645 920 829 957 permittente,
841 928 929 949 sacer-

135 969 214 996 dotes
228 969 327 996 eaatcri.
348 968 387 996 Ita
402 976 522 997 canones
537 967 641 1004 antiqui
664 969 764 997 decent
777 977 784 995 :
800 976 816 996 e
828 968 928 1003 quibus

135 1014 257 1042 occurrit
272 1015 354 1043 modo
364 1015 462 1043 concil.
483 1014 578 1042 Carth.
595 1021 625 1048 ιι,
637 1021 699 1042 can.
712 1014 740 1047 5,
755 1013 783 1047 4,
794 1017 822 1041 et
832 1013 927 1042 Carth.

136 1067 178 1091 ιιι,
202 1067 265 1087 can.
281 1060 327 1088 52.
345 1059 459 1088 Diaeoni
481 1067 546 1088 vero
561 1059 657 1095 utique
673 1058 726 1087 hoc
748 1059 929 1087 absolutionis

135 1113 223 1141 genus
237 1105 364 1133 conferre
385 1113 441 1133 non
459 1108 594 1141 poterant.
612 1104 741 1132 Poterant
762 1108 853 1132 autem
881 1104 929 1132 ab-

136 1154 215 1178 sente
231 1151 384 1184 sacerdote,
400 1159 432 1178 ex
446 1150 567 1186 episcopi
581 1149 720 1183 mandato,
729 1150 763 1178 ab
772 1157 930 1178 excommu-

137 1196 274 1224 nicatione
285 1201 313 1225 et
326 1196 452 1224 censuris
462 1196 622 1230 absolvere;
639 1199 721 1232 atque
730 1195 767 1223 ita
775 1199 928 1231 compotem

136 1241 317 1270 Eucharistiae
341 1242 441 1275 facere,
467 1242 696 1278 quemadmodum
719 1247 746 1270 et
771 1241 852 1270 hodie
876 1249 928 1270 usu

135 1289 219 1316 venit.
238 1288 306 1317 Cum
319 1289 391 1317 enim
406 1288 553 1316 conﬁtendi
569 1289 649 1324 copia
668 1288 754 1321 deest,
774 1292 864 1324 potest
881 1288 928 1323 qui

133 1341 249 1362 causam
271 1335 362 1367 habet,
386 1342 437 1363 cur
455 1335 482 1363 id
501 1334 592 1367 faciat,
616 1334 684 1362 citra
703 1334 928 1362 sacramentalem

137 1380 348 1413 absolutionem,
371 1381 405 1408 ad
423 1380 586 1409 celebranda
604 1380 646 1408 vel
665 1380 854 1415 participanda
871 1387 929 1416 my-

137 1426 222 1453 steria
244 1426 290 1461 jus
314 1427 447 1462 accipere,
472 1427 544 1462 quod
567 1426 861 1458 cxcommunicatione,
887 1425 930 1453 vel

137 1480 218 1508 paena
238 1473 291 1500 alia
308 1473 443 1508 perditum
463 1473 522 1501 sola
538 1473 621 1509 hujus
639 1472 807 1501 relaxatione
818 1478 930 1499 revoca-

137 1523 193 1546 tur.
206 1519 267 1546 Non
282 1519 370 1553 video,
384 1519 450 1554 quid
463 1519 511 1547 tibi
522 1519 609 1547 hacin
621 1523 715 1548 nostra
728 1518 862 1546 sententia
876 1517 930 1545 dis-
942 1532 964 1561 ε

138 1564 240 1600 plicere
255 1565 351 1600 possit.
373 1564 401 1592 Si
425 1565 490 1600 quid
510 1565 558 1592 tibi
581 1572 663 1593 secus
686 1563 816 1596 occurrit,
841 1563 930 1598 planis

138 1618 171 1637 ac
186 1610 292 1638 Latinis
309 1610 402 1638 verbis
423 1610 554 1646 exprime.
584 1610 725 1637 Postremo
745 1615 828 1636 vexas
852 1607 890 1643 (α)
902 1608 932 1634 il-

139 1653 198 1686 lud,
208 1654 278 1689 quod
287 1662 349 1690 pag.
359 1654 414 1682 250
430 1655 609 1690 scripseram:
620 1653 737 1681 Clinicos
747 1662 764 1680 α
782 1652 932 1680 sacerdotio

140 1699 227 1725 arceri
241 1698 351 1731 solitos;
369 1698 418 1725 hoc
431 1703 480 1730 est,
492 1699 537 1733 qui
556 1699 715 1733 baptismum
730 1698 756 1726 in
768 1698 868 1725 obitum
884 1706 931 1724 us-

140 1751 190 1777 que
205 1748 408 1778 prorogassent,
433 1743 547 1778 adeoque
570 1744 597 1771 in
624 1743 781 1778 (egritudine
801 1742 932 1778 baptizati

140 1789 257 1824 fuerant.
277 1788 326 1816 Hic
343 1797 408 1816 vero
422 1789 449 1816 in
468 1797 518 1816 nos
530 1789 617 1824 jocari
635 1789 745 1817 voluiin
760 1788 808 1818 :Si
824 1790 857 1816 ad
873 1788 932 1816 οιιί-

140 1838 210 1866 tum,
229 1834 330 1870 inquis,
348 1831 447 1870 usque
459 1834 652 1870 prorogabant,
669 1842 683 1861 a
699 1834 852 1862 sacerdotio
878 1834 932 1861 uti-

141 1888 195 1915 que
216 1887 269 1907 non
283 1880 462 1913 arcebantur;
480 1879 533 1908 nisi
553 1879 624 1907 forte
647 1884 706 1915 post
725 1879 829 1907 obitum
845 1887 933 1907 sacer-

142 1926 218 1954 dotio
234 1926 338 1953 initiari
353 1930 490 1962 poterant.
506 1927 539 1953 At
553 1926 712 1963 baptismum
726 1926 752 1953 in
768 1925 868 1952 obitum
884 1933 931 1952 us-

141 1980 191 2007 que
204 1979 357 2007 prorogare,
369 1976 393 1998 et
408 1972 436 1998 in
458 1971 613 2007 a‘gritudine
635 1970 767 2006 baptizari
786 1971 865 2006 longe
881 1970 934 1998 dif-

143 2018 243 2046 ferunt.
261 2017 361 2045 Verum
379 2018 441 2053 quis
464 2020 560 2051 nescit,
581 2025 644 2045 cum
666 2018 702 2044 ita
724 2017 844 2045 dicitur:
859 2025 874 2044 ιι
889 2025 934 2045 sa-

142 2065 257 2092 cerdotii
273 2065 404 2100 dignitate
418 2068 538 2092 remotos
551 2065 612 2092 illos
624 2064 717 2096 fuisse,
730 2064 776 2099 qui
788 2064 814 2091 in
829 2063 932 2091 obitum

143 2111 410 2146 uSquebaptismum
424 2110 609 2143 distulissent;
625 2118 686 2138 eum
698 2110 798 2138 habere
808 2117 932 2142 sensum,

143 2162 174 2185 ut
197 2165 230 2186 ea
251 2158 360 2186 demum
384 2156 502 2184 infamia:
525 2160 591 2183 nota
607 2156 776 2192 plectantur,
795 2157 819 2185 si
835 2161 934 2192 praeter

975 239 1095 260 canones
1110 231 1182 259 sacri
1200 238 1248 258 eos
1265 238 1361 260 omnes
1378 233 1538 266 excludunt,
1555 234 1602 270 qui
1622 234 1679 262 sive
1695 238 1770 263 cate-

975 276 1102 305 chumeni
1120 280 1225 309 essent,
1241 277 1299 305 sive
1316 285 1371 305 non
1387 283 1490 311 essent,
1515 279 1542 306 in
1564 281 1661 308 morbo
1680 281 1770 316 bapti-

976 323 1030 351 zati
1054 323 1180 352 fuissent.
1209 323 1278 357 Quid
1299 323 1357 352 haec
1379 332 1461 359 porro
1476 325 1528 353 sibi
1548 326 1769 356 velintzlnuerle

975 371 1043 398 illud
1056 371 1150 398 comici
1163 379 1172 398 :
1185 371 1262 404 Quod
1280 379 1319 398 me
1333 372 1371 399 vis
1386 373 1466 408 cogit,
1486 373 1620 401 voluntate
1640 384 1691 402 non
1711 376 1768 402 im—

976 422 1095 452 petrent;
1108 421 1133 444 et
1144 418 1275 445 rationem
1288 417 1367 451 hujus
1380 419 1488 446 canonis
1502 418 1675 454 deprehendes
1688 430 1696 448 :
1710 425 1768 450 tum

977 463 1107 496 sciemus,
1125 471 1188 491 cum
1205 464 1324 499 teipsum
1340 464 1577 500 interpretaberis.

1282 531 1398 559 CAPUT
1419 531 1463 560 lll.

980 585 1099 624 Purgato
1119 587 1151 624 tte
1165 587 1421 624 illustri_cardinali
1437 588 1565 615 Perroniu
1579 588 1771 624 Dispunctiun-

1013 622 1084 660 cuias
1093 621 1253 660 criminatio.
1270 622 1423 660 Rgtragtuta
1437 624 1598 658 perdifﬁcilis
1610 621 1688 660 super
1698 626 1771 653 illius

1012 657 1133 693 opinione
1147 658 1268 692 qua'stia.
1285 657 1468 685 Pmnitantiam
1483 660 1615 693 publicam
1630 657 1668 688 uel
1683 661 1771 688 invitis

1013 691 1129 730 oblatum
1149 700 1223 730 e_sse,_
1235 701 1291 730 non
1310 691 1583 730 exambitam‘vulgo,
1606 703 1637 722 ac
1658 697 1770 730 possint.

1015 726 1052 753 De
1065 727 1182 762 perjurio
1196 727 1289 757 obiter.

1013 779 1051 808 De
1065 781 1250 811 illustrissimo
1264 783 1399 812 cardinali
1423 783 1554 813 Perronio
1569 785 1673 814 frustra
1692 786 1772 814 nobis

978 826 1108 855 invidiam
1124 828 1216 856 facere
1227 830 1348 858 conaris.
1365 829 1458 866 Neque
1473 831 1546 859 enim
1561 832 1602 860 vel
1619 832 1710 860 littera
1725 840 1773 869 ap-

979 873 1094 907 pcllatus
1110 873 1134 902 is
1150 877 1193 902 est
1210 881 1224 901 a
1240 882 1294 908 me,
1309 879 1355 903 aut
1369 875 1403 904 de
1422 876 1482 911 ejus
1504 877 1710 906 existimatione
1724 878 1772 907 de-

980 921 1108 945 tractum.
1124 918 1162 946 De
1178 919 1308 955 opinione
1324 920 1383 956 ipsa
1400 921 1437 948 ita
1454 922 1520 957 quid
1537 924 1668 952 sentirem
1688 931 1773 960 expo-

979 963 1033 996 sui,
1050 967 1080 991 ut
1094 964 1198 992 nomini
1213 973 1366 1000 parcerem.
1383 966 1440 994 lloc
1457 968 1479 996 si
1498 968 1602 997 crimen
1618 973 1671 1002 est,
1683 978 1699 997 a
1711 978 1770 997 ma-

979 1017 1096 1044 gnorum
1113 1011 1235 1039 virorum
1252 1013 1387 1041 sententia
1409 1013 1571 1042 discedere;
1589 1018 1647 1042 tum
1662 1019 1691 1043 tu
1707 1023 1772 1051 pro-

980 1055 1051 1083 fecto
1064 1055 1092 1083 in
1109 1056 1205 1084 eadem
1218 1064 1302 1086 causa
1315 1059 1480 1092 versaberis,
1495 1060 1541 1096 qui
1553 1061 1588 1088 de
1598 1062 1770 1097 poenitentia,

979 1104 1006 1128 ct
1021 1099 1192 1130 absolutione
1205 1103 1329 1138 quaedam
1352 1105 1488 1140 scripsisti
1510 1106 1545 1134 ab
1561 1107 1606 1140 iis,
1630 1115 1691 1143 quae
1714 1112 1772 1137 tres

980 1146 1018 1174 illi
1027 1147 1198 1182 cardinales,
1213 1148 1405 1184 Bellarminus,
1431 1151 1567 1181 Baronius
1583 1158 1609 1181 et
1623 1153 1772 1183 Perronius

979 1192 1089 1228 docent,
1105 1193 1252 1228 plurimum
1265 1195 1440 1224 abhorrentia
1455 1206 1462 1224 :
1478 1197 1532 1225 imo
1546 1206 1609 1226 vero
1624 1206 1639 1226 a
1653 1207 1773 1229 summo-

979 1245 1040 1266 rum
1056 1239 1228 1274 pontiﬁcum,
1243 1241 1386 1269 doctorum
1400 1243 1535 1276 omnium,
1547 1248 1629 1280 atque
1643 1245 1774 1274 Ecclesiae

979 1291 1063 1312 sensu
1087 1285 1171 1313 totius
1196 1285 1303 1319 aliena;
1327 1294 1445 1323 quorum
1477 1290 1608 1317 nonnulla
1637 1291 1773 1327 superiori

979 1329 1070 1364 capite
1091 1329 1283 1360 discussimus.
1308 1333 1416 1360 Atenim
1439 1333 1496 1362 haec
1521 1335 1603 1363 verba
1617 1335 1774 1373 (b):Atqui

980 1383 1055 1403 nemo
1073 1380 1128 1403 tam
1145 1385 1233 1405 vecors
1247 1379 1309 1412 erit,
1326 1380 1371 1414 qui
1384 1379 1525 1408 humanius
1542 1390 1601 1408 cum
1616 1382 1672 1410 illis
1684 1388 1774 1410 actum

979 1426 1062 1457 putet,
1079 1423 1124 1459 qui
1145 1423 1173 1452 in
1189 1424 1281 1451 eadem
1300 1426 1396 1460 swpius
1420 1426 1603 1462 incurrissent,
1623 1433 1649 1456 et
1669 1430 1774 1464 quidem

980 1468 1111 1497 horrenda
1125 1469 1240 1506 ﬂagitia,
1258 1479 1338 1506 quam
1355 1480 1414 1499 cum
1436 1472 1482 1506 iis,
1496 1473 1541 1508 qui
1559 1474 1638 1501 semel
1657 1483 1688 1502 ea
1702 1483 1774 1502 com-

981 1514 1115 1542 misissent
1125 1523 1136 1548 ;
1146 1515 1216 1551 quod
1225 1524 1258 1543 ea;
1268 1516 1316 1543 illa
1327 1517 1447 1552 opinione
1454 1519 1638 1554 consequitur;
1648 1522 1774 1551 acerbius

982 1559 1016 1588 de
1036 1563 1113 1588 tanto
1127 1561 1186 1589 viro
1202 1561 1275 1590 dicta
1291 1566 1356 1591 sunt
1379 1572 1457 1598 quam
1476 1565 1586 1593 modesti
1602 1566 1715 1595 hominis
1730 1576 1775 1595 co-

981 1605 1066 1640 gitata
1078 1605 1148 1633 ratio
1163 1607 1322 1642 postularet.
1339 1607 1389 1636 Hic
1399 1609 1541 1643 nimirum,
1559 1610 1603 1639 hic
1615 1611 1661 1640 ille
1674 1620 1774 1641 succus

983 1651 1113 1686 loliginis.
1135 1651 1203 1680 Puta
1218 1661 1261 1681 me
1280 1654 1361 1682 modo
1374 1654 1409 1683 de
1425 1656 1517 1691 iniqua
1529 1660 1575 1684 tua
1584 1657 1776 1687 criminatione

983 1696 1024 1724 sic
1036 1698 1169 1733 conqueri
1185 1708 1192 1726 :
1207 1697 1275 1732 Quis
1293 1703 1347 1727 tam
1363 1708 1460 1730 vecors
1474 1702 1536 1735 erit,
1554 1707 1585 1730 ut
1599 1705 1646 1740 qui
1662 1705 1776 1734 absurdi

984 1743 1086 1778 aliquid
1103 1747 1130 1771 et
1146 1743 1208 1772 falsi
1223 1752 1256 1773 ex
1275 1745 1428 1782 cujuspiam
1445 1747 1573 1782 opinione
1588 1751 1719 1786 consequi
1735 1753 1777 1779 di—

983 1789 1063 1822 xerit,
1080 1789 1114 1817 ab
1123 1790 1159 1817 'eo
1178 1790 1336 1819 mendacem
1350 1796 1376 1819 et
1394 1793 1543 1821 absurdum
1559 1796 1689 1830 appellari
1704 1797 1778 1827 dicas

984 1834 1070 1867 illum.
1088 1835 1167 1870 cujus
1192 1836 1228 1864 sit
1251 1837 1363 1872 opinio?
1387 1837 1457 1865 Num
1474 1847 1518 1867 me
1541 1840 1600 1868 ideo
1616 1840 1645 1868 in
1656 1841 1703 1876 jus
1722 1843 1775 1871 ob-

984 1883 1057 1907 torto
1072 1879 1143 1908 collo
1159 1881 1258 1916 rapies,
1275 1883 1348 1917 quod
1369 1887 1395 1910 te
1410 1883 1499 1918 ipsum
1523 1886 1664 1914 vecordem
1689 1889 1778 1916 nomi-

984 1925 1082 1958 narim,
1099 1925 1236 1962 verboque
1252 1927 1389 1956 ltcserim?
1407 1929 1488 1964 Atqui
1499 1935 1528 1957 ut
1540 1931 1606 1959 illud
1622 1932 1699 1967 prius
1714 1942 1777 1962 vere

985 1970 1136 2005 meritoque
1153 1970 1278 1999 dicturus
1293 1972 1402 2000 videor:
1424 1973 1464 2001 sic
1477 1974 1592 2002 alterum
1609 1976 1682 2004 istud
1698 1987 1778 2006 usur-

985 2023 1050 2051 pare
1063 2023 1151 2052 neque
1165 2017 1246 2044 velim
1263 2018 1330 2053 ipse,
1345 2026 1434 2054 neque
1452 2025 1592 2055 propterea
1610 2022 1695 2051 videri
1713 2032 1776 2059 pos-

985 2068 1055 2092 Sum,
1074 2060 1145 2096 quod
1169 2062 1246 2095 prius
1266 2061 1393 2089 dixerim.
1418 2062 1466 2089 Est
1487 2064 1559 2090 enim
1575 2065 1659 2096 aliud.
1680 2074 1776 2094 \‘ccoro

985 2106 1046 2134 tlem
1063 2107 1200 2142 appellare
1216 2114 1378 2142 quemquam
1392 2116 1399 2140 ;
1421 2108 1494 2136 aliud
1512 2109 1585 2144 quod
1599 2117 1631 2137 ex
1646 2111 1706 2146 ejus
1716 2120 1779 2140 sen-

986 2152 1069 2179 tentia
1094 2152 1220 2180 concludi
1246 2156 1336 2188 potest
1362 2153 1521 2187 absurdum,
1546 2155 1618 2190 quod
1645 2157 1704 2193 ipse
1724 2166 1777 2185 non

143 2212 220 2238 spem
235 2207 262 2232 et
276 2203 430 2238 opinionem
445 2210 460 2230 a
475 2202 571 2230 morbo
585 2202 792 2229 convaluerint?
805 2202 857 2230 Eos
869 2210 930 2230 vero

986 2197 1219 2229 animadverterit,
1241 2197 1268 2224 id
1289 2198 1421 2232 proﬁteri,
1439 2199 1563 2227 vecordis
1589 2209 1651 2229 esse
1674 2202 1778 2232 dicere.

144 2250 191 2285 qui
212 2250 242 2277 in
261 2249 420 2284 mgritudine
438 2248 566 2283 baptizati
583 2247 682 2280 forent,
698 2255 713 2274 a
728 2247 883 2275 sacerdotio
897 2255 937 2275 re-

143 2296 233 2332 iectus
248 2302 319 2326 esse,
336 2295 415 2322 docet
427 2302 514 2322 canon
533 2294 578 2321 ille
594 2293 748 2321 Neocmsar.
763 2301 812 2326 xu,
827 2298 854 2321 et
868 2293 935 2321 Cor-

146 2342 236 2369 nelius
251 2348 319 2376 papa
331 2339 415 2374 Epist.
428 2340 462 2366 ad
476 2339 591 2366 Fabium
605 2340 754 2367 Antiochiae
765 2339 935 2375 episcopum,

146 2395 206 2424 qua!
221 2390 311 2415 exstat
330 2386 401 2421 apud
417 2386 564 2414 Eusebium
584 2386 631 2413 lib.
650 2394 685 2418 Vl,
702 2393 763 2421 cap.
778 2386 823 2418 55,
841 2385 886 2413 ubi
903 2386 936 2412 de

147 2433 252 2460 Novato
275 2432 386 2462 scribit,
418 2431 506 2466 ipsum
533 2436 628 2466 praeter
654 2438 774 2458 canones
799 2430 935 2458 initiatum

147 2480 233 2507 fuisse
249 2478 403 2506 sacerdotio
427 2488 433 2505 :
461 2478 537 2505 Ἐπεὶ
556 2477 592 2513 μὴ
612 2477 671 2509 ὲξδν
694 2475 728 2512 ἦν
749 2477 795 2504 τὸν
811 2478 839 2504 ὲν
859 2477 937 2514 κλίνῃ

146 2526 190 2552 διὰ
204 2525 281 2551 νόσον
298 2523 491 2559 περιχυθέντα,
504 2523 598 2559 ὥσπερ
610 2523 658 2550 καὶ
673 2520 761 2555 οὗτος,
779 2524 820 2555 εἰς
837 2523 936 2558 κλῆρόν

146 2580 207 2598 τινα.
221 2570 357 2605 γενέσθαι.
374 2570 507 2604 Quoniam
522 2570 597 2605 nefas
607 2575 663 2597 erat
677 2578 746 2602 eum,
761 2570 805 2604 qui
818 2569 849 2596 ob
866 2578 938 2597 mor-

151 2618 210 2643 bum
225 2617 253 2643 in
266 2615 362 2643 lectulo
377 2616 499 2652 perfusus
519 2622 568 2647 est,
585 2615 735 2650 cujusmodi
759 2615 847 2650 fuerat
865 2616 915 2642 iste
930 2636 936 2647 ,

150 2662 178 2688 in
204 2662 303 2689 clerum
318 2662 446 2696 cooptari.
472 2661 636 2697 Dispunctor
653 2662 697 2689 hic
712 2661 806 2690 nescio
821 2661 888 2696 quid
905 2661 938 2688 de

150 2709 376 2736 catechumenatu
393 2708 483 2744 lingit;
496 2707 573 2743 quasi
584 2708 634 2735 soli
647 2708 675 2740 ii,
688 2709 735 2743 qui
749 2707 939 2735 catechumcni

149 2758 254 2786 essent,
279 2755 306 2781 in
328 2761 416 2789 eoque
442 2757 514 2782 statu
539 2753 704 2789 baptismum
729 2754 757 2780 in
781 2751 941 2789 aegritudine

187 2841 225 2876 (α)
240 2839 305 2877 Pag.
321 2840 363 2868 15.

988 2242 1058 2270 Ecce
1081 2246 1110 2270 tu
1124 2250 1185 2279 pag.
1205 2243 1239 2270 ll
1254 2244 1378 2272 misereri
1393 2248 1420 2272 te
1436 2245 1536 2273 scribis
1552 2247 1615 2280 mei,
1632 2249 1705 2283 quod
1728 2257 1779 2285 ego

987 2296 1019 2316 ex
1035 2288 1145 2316 Nicaano
1157 2297 1262 2317 canone
1277 2290 1414 2326 colligam,
1426 2291 1490 2318 olim
1506 2292 1533 2319 in
1549 2293 1645 2321 mortis
1658 2294 1781 2329 periculo

988 2333 1183 2369 pmnitentibus
1198 2354 1206 2367 ,
1241 2334 1364 2370 adeoque
1401 2340 1543 2371 grassante
1570 2339 1778 2372 persecutione,

988 2380 1209 2408 communionem
1227 2388 1288 2408 esse
1304 2388 1475 2417 concessam.
1492 2382 1579 2415 Quam
1601 2388 1628 2411 tu
1648 2392 1696 2420 per
1712 2385 1781 2413 ludi-

987 2426 1078 2453 brium
1102 2427 1193 2461 carpis
1223 2426 1378 2462 opinionem
1406 2435 1514 2461 meam,
1543 2429 1635 2458 nescis
1655 2430 1780 2459 eamdem

988 2473 1084 2505 trium,
1107 2480 1177 2508 quos
1195 2473 1307 2500 honoris
1322 2480 1405 2501 causa
1419 2474 1571 2508 nominavi,
1587 2475 1780 2512 cardinalium,

988 2525 1020 2545 ac
1032 2517 1151 2545 ﬁdelium
1163 2518 1284 2545 omnium
1303 2518 1435 2547 hactenus
1448 2518 1551 2548 fuisse?
1572 2519 1674 2548 llorum
1691 2527 1716 2550 te
1731 2522 1782 2558 igi-

989 2569 1044 2597 tur,
1066 2564 1179 2599 pcrindc
1201 2568 1229 2591 ut
1246 2565 1344 2596 nostri,
1368 2565 1498 2594 miseret:
1523 2574 1584 2602 qua:
1601 2575 1653 2595 vox
1668 2576 1730 2596 cum
1748 2576 1781 2596 ex

989 2615 1146 2646 contemptu
1162 2618 1193 2638 ac
1211 2611 1424 2647 reprehensione
1450 2612 1571 2647 profecta
1588 2614 1634 2646 sit,
1652 2615 1781 2651 intelligis

989 2657 1130 2689 nimirum,
1154 2657 1187 2684 ad
1202 2665 1270 2693 quos
1293 2658 1338 2685 illa
1354 2662 1399 2685 tua
1424 2658 1611 2687 misericordia
1628 2661 1780 2689 cavillatio—

990 2711 1042 2739 que
1055 2704 1198 2739 pertineat.

1026 2749 1116 2785 Atque
1135 2753 1164 2778 ut
1185 2755 1289 2778 semota
1315 2751 1454 2786 paululum
1481 2750 1661 2779 illustrissimi
1683 2755 1711 2779 ct
1725 2750 1776 2779 im-

1028 2839 1066 2875 (b)
1080 2838 1145 2874 Pag.
1165 2839 1210 2867 22.
