1937 3039
165 131 222 161 6’25

824 126 913 154 DiON.
932 126 1107 156 PETAV'IUS

1748 132 1810 160 ’694

163 187 328 217 mortalitate
345 185 497 222 dignissimi
517 184 566 212 viri
593 183 756 212 auctoritate
775 188 802 211 et
821 183 950 218 amplitu-
966 187 987 214 Α
1003 183 1119 218 probare
1137 191 1179 210 me
1203 191 1257 211 non
1275 189 1356 220 posse
1381 183 1436 212 dixi
1448 204 1455 216 .
1480 183 1630 213 faciliorem
1651 185 1684 213 ad
1709 193 1806 222 pacem

162 235 236 268 dine,
250 234 284 261 de
305 240 334 260 rc
349 233 408 267 ipsa
427 237 515 259 tecum
531 231 679 269 disputem,
694 237 751 258 rem
777 230 850 257 clare
866 237 898 256 ac
917 229 958 256 di-

163 280 251 308 lucide
275 277 477 315 proponendam
496 284 556 304 esse
574 277 661 312 prius,
683 276 812 303 arbitror.
832 275 958 311 Scripse—

163 333 219 352 ram
237 323 419 352 Aninmdvers.
434 330 496 357 pag.
512 321 565 349 256
579 331 584 350 :
602 321 794 349 Ptenitentiam
820 321 957 356 publicam

163 370 245 398 semel
264 374 370 396 tantum
389 368 422 394 ab
439 366 562 394 Ecclesia
580 366 693 393 concedi
714 366 812 398 solere,
831 366 890 393 sine
905 373 958 400 qua

163 421 253 443 tamen
270 422 360 447 nemo,
377 414 423 449 qui
442 412 551 448 quidem
568 419 600 440 ea
621 412 737 439 crimina
754 411 938 439 commisisset
950 430 958 442 ,

163 461 263 494 quibus
281 459 448 495 pmnitentia‘
460 460 546 494 genus
560 457 624 484 illud
639 456 820 492 inlligebatur.
838 456 870 483 ad
886 462 960 482 cont-

164 506 321 534 munionem
339 503 445 531 admitti
463 506 579 537 poterat.
597 501 634 528 Ex
651 509 683 528 eo
696 509 760 529 vero
775 500 958 536 perdiliicilem

164 553 299 580 exsistere
325 549 381 577 dixi
409 549 587 584 quaestionem
608 557 614 576 :
635 548 699 583 quid
726 548 780 575 illis
803 547 960 575 hominibus

165 599 267 626 factum
284 597 331 628 sit,
347 596 393 631 qui
409 600 470 630 post
485 595 603 630 priorem
617 594 807 630 ptenitentiam
821 593 848 620 in
864 593 959 620 eadem

166 645 269 672 scelera
285 650 383 670 rursus
398 641 592 669 incurrerent?
608 648 736 668 verumne
749 641 795 671 sit.
814 639 849 667 ab
864 638 960 666 Eccle-

166 691 206 718 sia
222 690 338 724 rejertos
357 689 418 716 illos
438 688 555 723 penitus,
575 695 625 714 nec
643 687 677 714 ad
690 687 823 722 privatam
842 686 959 720 aliquam

166 739 305 770 receptum
325 733 464 764 habuisse,
481 733 561 767 cujus
576 731 707 759 beneﬁcio
723 732 750 758 in
768 732 903 764 integrum
918 737 961 757 re—

167 781 243 814 stitui
259 779 390 815 possent?
407 778 456 806 llic
469 782 557 805 status
571 778 766 805 controversia:
778 777 838 806 fuit.
854 775 892 803 De
904 783 957 811 qua

166 826 232 862 quid
254 833 286 853 ex
304 824 401 860 nuperi
422 823 565 858 cujusdam
583 822 724 858 scriptoris
739 822 830 850 verbis
850 825 877 848 et
896 829 960 849 sen-

1009 233 1036 255 et
1046 228 1294 256 reconciliationem
1308 229 1410 256 aditum
1422 229 1476 258 illis
1487 230 1618 265 patuisse,
1626 231 1673 265 qui
1685 231 1800 266 saepius,

1009 281 1089 309 quam
1115 275 1161 309 qui
1181 274 1263 302 semel
1287 275 1400 302 omnino
1425 281 1604 310 peccassenta
1623 276 1715 312 Neque
1740 284 1809 304 vero

1009 321 1145 355 publicam
1161 320 1232 347 illam
1247 320 1450 355 ptenitentiam,
1473 321 1553 356 cujus
1570 329 1604 349 ex
1621 322 1805 354 Tertulliano,

1009 366 1166 398 Ambrosio,
1179 366 1340 400 cat-terisque
1353 365 1481 394 Patribus
1496 367 1647 394 auctoritas
1661 370 1807 402 repetitur,

1009 411 1143 446 ejusmodi
1166 411 1260 442 fuisse,
1278 415 1306 438 ut
1322 419 1337 438 a
1351 407 1549 447 pmnitehtibus
1564 413 1754 445 exambienda,
1773 421 1806 441 ac

1010 465 1060 492 pro
1072 465 1169 492 magno
1181 457 1312 484 beneiim'o
1327 458 1508 486 eblandienda
1524 458 1620 492 fuerit;
1640 460 1718 494 quasi
1733 468 1808 495 aegre

1011 502 1085 530 illius
1101 502 1217 530 facultas
1235 503 1269 530 ab
1284 503 1422 538 episcopis
1443 503 1516 531 facta
1531 505 1576 532 sit.
1595 504 1643 532 Est
1655 506 1727 532 enim
1746 506 1810 534 luce

1011 548 1126 580 clarius,
1143 549 1203 576 illos
1216 549 1303 584 ipsos,
1319 550 1419 584 quibus
1433 551 1601 586 paenitentiae
1620 558 1706 586 genus
1731 550 1808 579 istud

1011 593 1211 626 Tertullianus,
1225 594 1381 630 Cyprianus
1399 595 1500 630 aliique
1518 599 1683 630 proponunt,
1698 596 1732 623 ad
1750 603 1809 632 pce-

1011 639 1154 666 nitentiam
1178 639 1315 674 publicam
1345 640 1370 667 vi
1390 641 1586 675 propemodum
1615 649 1647 668 ac
1663 641 1808 669 severitate

1011 684 1147 720 cogendos
1173 684 1276 717 fuisse,
1303 692 1365 712 cum
1391 693 1451 713 eam
1480 685 1586 712 amoliri
1610 693 1642 713 ac
1662 687 1807 722 deprecari

1011 730 1084 756 onmi
1109 737 1159 765 ope
1175 734 1202 757 et
1218 730 1324 757 ratione
1350 729 1547 758 contenderent
1563 735 1688 758 :tantum
1706 732 1784 759 abest
1797 752 1806 764 ,

1011 778 1042 802 ut
1074 783 1106 803 ea
1144 776 1259 802 multttm
1295 775 1482 811 ﬂagitantibus
1510 776 1604 812 gratia:
1640 777 1701 805 loco
1737 784 1806 805 con-

1012 828 1089 849 cessa
1104 820 1150 848 sit.

168 855 252 900 tentia
268 855 358 906 colligi
375 855 477 905 posset,
492 869 575 896 tacito
587 855 661 895 illius
674 868 794 901 nomine,
808 867 959 902 subjicien-
977 855 998 882 Β
1046 864 1105 892 Νοη
1122 873 1165 893 me
1178 866 1307 901 prteterit,
1331 866 1478 894 nonnullos
1498 866 1646 901 aliquando
1660 871 1785 902 repertos
1796 888 1806 901 ,

167 918 231 945 dum
257 917 359 952 putavi.
377 914 515 949 Tu,qucm
539 921 589 949 ego
614 913 760 949 prudenter
781 917 808 941 et
833 913 959 941 consulto

167 964 307 993 silueram,
326 961 397 996 qttod
419 961 491 988 illius
503 960 660 995 opinionem
679 966 733 986 non
761 959 915 994 probarem,
932 963 961 986 ut

167 1017 210 1037 me
227 1008 297 1044 apud
314 1008 373 1042 ejus
388 1006 529 1042 dignitatis
540 1004 727 1040 doctrinaeque
741 1005 862 1032 [autores
879 1005 906 1032 in
919 1005 960 1032 in-

166 1055 267 1083 vidiam
287 1054 450 1084 adduceres,
476 1059 573 1087 parum
597 1051 707 1087 quidem
731 1054 884 1086 opportune
911 1058 961 1078 no-

167 1100 288 1129 minasti.
315 1098 394 1132 Quod
423 1098 524 1125 factmn
550 1105 631 1124 nemo
655 1097 775 1132 prudens
798 1095 957 1124 laudaverit.

167 1147 301 1181 Quoniam
318 1146 400 1181 igitur
415 1144 508 1172 invitis
521 1151 553 1171 ac
567 1143 779 1170 reclamantibus
797 1142 887 1174 nobis,
911 1149 960 1169 au-

168 1198 270 1221 ctorem
292 1192 361 1226 ejus,
384 1198 465 1226 quam
482 1196 682 1225 oppugnamus,
700 1188 843 1216 sententia:
866 1187 959 1222 prodi-

168 1236 249 1269 disti;
264 1243 312 1270 age
335 1234 488 1265 videamus,
504 1233 694 1268 cujuscunque
711 1231 822 1260 tandem
841 1231 885 1259 illa
907 1231 957 1266 sit,

168 1290 249 1318 quam
264 1289 278 1308 a
294 1281 371 1308 nobis
383 1288 437 1307 non
453 1279 566 1315 probata
580 1279 678 1306 merito
693 1278 784 1305 fuerit.

203 1326 315 1362 Triplex
336 1333 421 1360 genus
447 1324 612 1360 pmnitentiac
633 1323 799 1357 distinguit:
818 1329 881 1348 nam
906 1320 959 1348 alia

168 1378 210 1402 est
223 1373 341 1409 publica,
358 1372 393 1399 ob
413 1374 522 1407 peccata
544 1369 670 1405 publica;
691 1368 743 1395 alia
763 1367 878 1403 privata,
893 1374 958 1401 pro-

168 1425 229 1456 pter
242 1420 348 1447 ocrulta
363 1421 488 1453 peccata;
511 1417 589 1444 tertia
609 1415 643 1442 ob
660 1414 754 1442 eadem
776 1413 893 1444 occulta,
910 1420 960 1448 pu-

170 1466 240 1494 blice
260 1467 399 1500 suscepta.
416 1463 557 1490 Postrema
581 1461 637 1487 haec
654 1467 708 1486 non
732 1458 819 1485 cuivis
843 1464 873 1484 ac
897 1465 960 1492 pro-

169 1514 274 1541 miscue
293 1517 447 1543 concessa;
464 1516 512 1536 nec
527 1506 644 1542 amplius
661 1504 743 1532 semel
759 1504 786 1531 in
805 1503 878 1530 omni
893 1504 958 1530 vita.

170 1559 207 1585 Ea
222 1565 287 1585 vero
309 1555 412 1592 peccati
435 1553 541 1588 culpam
559 1552 662 1587 pariter
676 1557 707 1578 ac
727 1556 834 1584 poenam
852 1549 960 1577 abster-
974 1544 994 1556 “

169 1603 258 1638 gebat.
277 1602 317 1629 Ad
334 1608 393 1628 eam
410 1606 491 1634 porro
507 1596 713 1627 moderandam,
740 1594 960 1629 pmnitentiarius

171 1649 216 1676 ille
228 1647 369 1683 presbyter
382 1644 522 1680 appositus
534 1645 603 1674 erat,
617 1648 698 1676 quem
711 1639 854 1667 Nectarius
866 1644 961 1674 postea

170 1693 297 1725 sustulit;
315 1695 341 1719 et
354 1689 476 1725 ejusdem
492 1687 697 1724 abrogationem
714 1685 833 1713 Nectarii
850 1692 960 1713 succes-

171 1747 217 1767 sor
231 1738 443 1774 Chrysostomus
464 1738 552 1761 ratam
575 1733 680 1760 habuit.
702 1731 751 1758 llic
772 1731 844 1759 enim
868 1730 960 1757 audita

171 1785 247 1821 prius
263 1782 453 1820 poenitentium
468 1787 561 1812 causa,
577 1783 604 1806 et
616 1786 712 1806 eorum
733 1777 894 1804 criminibus
917 1784 961 1804 se-

169 1834 244 1858 creta
269 1828 443 1857 confessione
469 1826 604 1861 cognitis,
629 1824 805 1855 decernebat,
834 1830 959 1858 quaenam

169 1876 277 1912 publice
297 1871 430 1910 p'rotiteri,
453 1879 513 1907 qua:
532 1877 621 1899 tacere
638 1870 699 1897 illos
715 1872 864 1904 oporteret.
882 1867 960 1901 Quod

169 1921 279 1958 quidem
294 1919 361 1948 nihil
377 1919 411 1946 ad
425 1918 595 1954 judicialem,
612 1916 663 1943 hoc
678 1919 720 1943 est
732 1914 959 1942 saeramentalem

169 1965 370 1994 confessionem
382 1963 512 1999 pertinet,
525 1962 574 1990 sed
590 1961 623 1988 ad
643 1968 714 1993 eam,
729 1967 790 1995 quae
806 1959 960 1987 satisfacto-

172 2013 211 2040 ria
229 2011 397 2039 norninatur.
412 2008 517 2037 Etenim
539 2009 614 2043 prior
626 2007 672 2034 illa
688 2010 793 2035 secreta
810 2009 837 2034 et
851 2005 961 2032 auricu—

171 2058 237 2085 laris
255 2063 395 2091 nunquam
412 2055 540 2089 abrogata
558 2052 619 2085 fuit,
644 2052 691 2080 sed
709 2056 840 2087 perpetuo
860 2052 887 2078 in
907 2050 960 2078 Ec-

171 2102 255 2132 clesia
274 2101 470 2139 perseveravit,
487 2099 621 2134 hodieque
634 2101 800 2134 perseverat.
812 2097 875 2125 Haec
887 2104 961 2124 sum-

173 2150 264 2177 matim
285 2151 381 2175 auctor
402 2145 539 2181 opinionis
561 2145 644 2171 illius.
662 2143 684 2169 Α
699 2143 798 2179 quibus
820 2143 881 2170 ideo
901 2143 959 2169 dis-

1011 911 1058 947 qui
1082 912 1249 939 abundantia
1275 913 1385 948 pietatis
1406 913 1566 948 ablatusque
1587 914 1670 941 divini
1691 936 1698 947 ,
1725 922 1806 949 quem

1010 958 1069 985 dari
1085 958 1119 985 ab
1135 957 1266 991 Ecclesia,
1283 958 1309 985 id
1323 963 1365 986 est
1395 959 1540 994 approbari
1565 960 1668 992 dixisti,
1683 968 1730 988 eas
1753 961 1806 988 sibi

1011 1011 1107 1038 pcenas
1119 1008 1146 1030 et
1159 1004 1300 1032 cruciatus
1314 1004 1384 1031 ultro
1399 1004 1578 1039 deposcerent
1590 1015 1596 1033 :
1611 1006 1713 1041 quique
1728 1006 1806 1034 freno

1010 1049 1113 1083 potius,
1129 1057 1210 1084 quam
1230 1050 1384 1078 calcaribus
1410 1050 1572 1086 indigerent.
1591 1052 1643 1079 Sed
1656 1052 1682 1080 id
1700 1053 1739 1080 uti
1756 1060 1801 1079 ra-

1010 1102 1070 1121 rum
1094 1095 1259 1131 minimeque
1282 1096 1471 1130 quotidianum
1505 1097 1573 1129 fuit,
1597 1098 1634 1125 ita
1657 1098 1804 1134 plerosque

1009 1141 1201 1176 ptenitentium
1219 1146 1326 1169 constat
1348 1142 1447 1170 invitos
1467 1143 1501 1170 ad
1522 1143 1655 1178 publicam
1672 1149 1800 1178 peccato-

1009 1195 1070 1214 rum
1085 1187 1272 1222 pmnitentiam
1290 1188 1400 1216 adactos
1416 1188 1511 1221 fuisse,
1528 1189 1562 1216 ad
1580 1197 1694 1224 eamque
1714 1190 1804 1225 preci-

1011 1233 1074 1266 bus,
1094 1234 1191 1272 _minis,
1218 1234 1384 1268 hortatibus,
1408 1234 1505 1262 crebra
1524 1239 1551 1262 et
1569 1234 1720 1262 vehementi
1744 1243 1806 1262 ora-

1009 1279 1084 1306 tione
1104 1279 1199 1307 Patres
1217 1279 1278 1307 illos
1295 1279 1433 1307 incitasse.
1451 1279 1498 1307 Hic
1515 1287 1565 1315 ego
1582 1280 1719 1316 Cypriano
1732 1284 1802 1308 testo

1010 1332 1064 1352 non
1077 1328 1158 1358 utar;
1175 1332 1229 1360 quo
1246 1333 1326 1352 nemo
1341 1326 1450 1360 gravius
1462 1326 1488 1352 id
1503 1326 1574 1360 quod
1590 1326 1662 1358 dico,
1679 1327 1802 1354 luculen«

1010 1369 1120 1405 tiusque
1142 1370 1296 1397 conﬁrmat.
1319 1370 1401 1398 Plena
1427 1376 1491 1399 sunt
1512 1372 1583 1399 enim
1604 1372 1678 1399 illius
1702 1373 1804 1408 scripta

1010 1415 1247 1444 cohortationibus
1264 1424 1294 1444 ac
1317 1417 1437 1452 querelis
1460 1417 1610 1452 ejusmodi,
1635 1418 1736 1453 quibus
1755 1420 1806 1446 mi-

1011 1469 1086 1489 seros
1100 1462 1160 1490 illos
1172 1462 1205 1489 ad
1220 1463 1438 1497 amplectendam
1450 1463 1659 1499 obeundunque
1671 1465 1805 1500 paeniten-

1012 1508 1087 1539 tiam,
1106 1515 1160 1534 non
1176 1508 1316 1536 blanditiis
1327 1516 1359 1535 ac
1372 1509 1481 1537 lenitate
1494 1510 1605 1543 mulcet,
1622 1510 1669 1537 sed
1682 1512 1803 1538 auctori-

1012 1557 1067 1580 tate
1090 1561 1122 1580 ac
1140 1555 1302 1582 necessitate
1323 1554 1483 1589 compellit:
1502 1560 1558 1582 tum
1577 1564 1671 1584 eorum
1692 1562 1806 1585 cuncta-

1011 1599 1100 1626 tiones
1113 1599 1212 1629 varias.
1232 1607 1264 1627 ac
1283 1600 1523 1634 lergiversationes
1539 1602 1671 1637 increpat.
1689 1603 1805 1631 severis-

1012 1645 1134 1680 simeque
1144 1645 1269 1681 castigat.
1285 1644 1337 1672 Sed
1351 1653 1394 1678 eo,
1407 1652 1439 1672 ac
1456 1646 1570 1681 reliquis
1582 1647 1705 1679 omissis,
1719 1655 1804 1675 unum

1012 1689 1087 1716 illum
1109 1689 1255 1725 proferam,
1277 1691 1356 1725 cujus
1372 1698 1439 1718 voce
1452 1699 1484 1718 ac
1499 1691 1630 1727 sulIragio
1650 1696 1747 1720 auctor
1761 1693 1806 1720 ille

1012 1736 1156 1763 contrariae
1169 1736 1306 1771 opinionis
1319 1743 1351 1763 ac
1367 1741 1499 1771 patronus
1519 1737 1615 1764 nititur
1627 1746 1634 1770 ;
1654 1742 1680 1766 et
1694 1739 1805 1773 quidem

1012 1780 1100 1819 locum
1112 1781 1186 1808 illum
1199 1788 1254 1816 pra:
1268 1782 1374 1809 caeteris
1388 1781 1532 1813 adducam,
1546 1783 1571 1809 in
1583 1790 1637 1818 quo
1649 1783 1683 1809 de
1696 1783 1804 1818 publica

1011 1827 1180 1854 occultorum
1200 1827 1333 1854 scelerum
1349 1827 1508 1862 paenitentia
1532 1827 1629 1856 fecisse
1651 1829 1733 1856 verba
1751 1837 1804 1856 cre-

1011 1872 1096 1899 ditur.
1117 1871 1304 1902 Tcrtullianus
1325 1873 1349 1901 is
1370 1874 1441 1906 erit,
1462 1874 1542 1908 cujus
1562 1882 1577 1901 e
1600 1874 1679 1908 libro,
1705 1875 1752 1910 qui
1767 1875 1805 1903 De

1011 1920 1165 1953 paenitentia
1191 1920 1360 1952 inscribitur,
1383 1920 1534 1947 sententias
1561 1920 1663 1955 aliquot
1692 1921 1802 1954 attulit,

1012 1972 1080 2000 quas
1093 1964 1127 1992 ad
1143 1966 1215 1992 istud
1240 1965 1375 2000 pertinere
1388 1974 1473 2000 genus
1495 1965 1629 1993 allirmat:
1644 1966 1717 1994 unde
1733 1973 1760 1994 et
1776 1972 1804 1994 tu

1011 2011 1070 2046 ipse
1078 2011 1208 2038 nonnulla
1217 2011 1482 2046 prompsisti.Vt-rba
1495 2015 1558 2039 sunt
1573 2012 1644 2040 illius
1658 2020 1673 2040 e
1686 2020 1747 2047 cap.
1762 2013 1779 2040 9
1796 2023 1804 2040 :

1007 2056 1094 2090 Hujus
1111 2056 1193 2094 igitur
1220 2055 1341 2083 secunda:
1356 2061 1381 2082 et
1400 2056 1488 2089 unius,
1506 2061 1604 2090 quanto
1623 2057 1649 2083 in
1669 2063 1744 2083 arcto
1758 2065 1800 2084 ne-

1012 2102 1111 2136 gotium
1126 2106 1176 2134 est,
1196 2106 1269 2128 tanta
1285 2102 1419 2136 operosior
1432 2102 1554 2136 probatio
1568 2107 1617 2134 est,
1636 2107 1665 2129 ut
1683 2110 1735 2129 non
1746 2103 1804 2129 mla

1013 2148 1172 2175 conscientia
1186 2148 1354 2182 prwferatur,
1376 2147 1421 2175 sed
1435 2148 1523 2183 aliquo
1539 2148 1619 2175 etiam
1639 2154 1701 2175 actu
1716 2148 1804 2175 admi-

172 2195 320 2226 sensimns,
339 2191 412 2228 quod
425 2199 455 2219 ex
472 2198 502 2218 ea
521 2190 644 2218 doctrina
661 2193 791 2224 sequatur
805 2198 811 2215 :
827 2188 897 2219 illos,
912 2188 957 2223 qui

1011 2194 1147 2221 nistremr.
1175 2193 1239 2221 lteln
1257 2203 1262 2220 :
1283 2193 1316 2220 Et
1341 2193 1482 2228 temporali
1507 2194 1674 2229 nmiclatione
1705 2198 1804 2221 aeterna

172 2240 295 2276 graviora
322 2241 433 2273 peccata
462 2235 561 2270 saepius
587 2236 754 2266 iterassent,
785 2233 959 2261 tolerabiliori

172 2293 232 2314 esse
250 2283 415 2315 conditione,
429 2289 509 2317 quam
530 2281 575 2316 qui
591 2280 672 2308 semel
695 2279 721 2306 in
738 2279 811 2306 omni
829 2279 882 2306 vita
897 2279 962 2305 deli-

173 2333 305 2367 quissent.
323 2329 390 2357 Nam
412 2327 571 2364 paenitentia
594 2326 701 2362 publica
715 2329 769 2352 tam
789 2320 960 2360 publicorum

173 2386 254 2413 quam
267 2377 437 2404 occultorum
453 2374 611 2405 criminum,
627 2371 710 2399 semel
723 2371 854 2398 duntaxat
870 2372 896 2397 in
910 2370 961 2397 Ec-

173 2426 255 2452 clesia
280 2424 412 2460 permissa
439 2421 507 2453 fuit;
534 2419 606 2454 quod
633 2418 701 2445 adeo
729 2425 821 2444 verum
844 2421 902 2448 est,
933 2421 962 2443 ut

173 2470 333 2506 probatione
356 2476 410 2495 non
431 2470 518 2502 egeat.
533 2465 681 2500 Fingamus
696 2464 788 2499 igitur,
808 2463 960 2498 quempiam

174 2519 235 2551 post
247 2514 382 2550 publicam
398 2513 434 2540 ob
449 2516 559 2546 peccata
577 2510 683 2544 publica
701 2510 740 2536 vel
752 2509 857 2535 occulta
873 2509 961 2544 poeni-

173 2560 287 2587 tentiam
314 2561 461 2592 peractam,
483 2555 509 2581 in
533 2555 627 2582 eadem
653 2561 749 2581 rursus
766 2553 798 2580 ad
826 2554 960 2581 atrociora

174 2604 295 2642 prolabi;
313 2602 376 2637 quid
404 2602 456 2628 isto
469 2600 533 2628 ﬁet?
558 2600 585 2627 Si
607 2599 762 2635 opinionem
779 2600 850 2627 illam
873 2600 962 2633 sequi-

174 2658 253 2678 mur:
272 2655 369 2683 nempe
392 2647 425 2674 ad
439 2647 574 2674 occultant
599 2651 624 2673 et
644 2646 824 2674 auricularem
844 2647 900 2673 sive
916 2654 961 2674 sa-

173 2695 366 2726 cramentalcm
382 2697 522 2729 receptum
536 2693 658 2726 habebit;
675 2701 734 2728 qua:
750 2700 887 2732 nunquam
901 2693 963 2720 sub-

173 2745 238 2777 lata,
252 2746 279 2771 ct
294 2741 419 2769 videlicet
439 2741 536 2768 iterata
554 2740 651 2775 smpins
665 2745 707 2767 est
720 2749 726 2766 :
740 2747 787 2774 per
802 2747 882 2774 quam
898 2739 962 2767 bre-

174 2789 249 2819 viore
272 2789 447 2825 compendio,
467 2787 526 2815 sine
540 2787 646 2822 publica
670 2786 715 2813 illa
737 2786 873 2819 molestia,
899 2793 961 2812 cum

174 2835 296 2864 Ecclesia
310 2833 544 2862 reconciliabitur.
560 2832 615 2859 lloc
628 2831 710 2866 igitur
724 2831 789 2858 illud
802 2835 872 2864 erat,
888 2830 959 2865 quod

1012 2239 1143 2273 supplicia
1168 2247 1218 2265 non
1241 2239 1328 2265 dicam
1344 2239 1497 2273 frustretur,
1520 2239 1565 2266 sed
1587 2244 1729 2274 expunget,
1750 2244 1802 2267 etc.

1012 2283 1040 2309 In
1057 2284 1099 2312 his
1115 2288 1141 2311 et
1153 2284 1214 2311 aliis
1228 2284 1350 2318 ejusdem
1366 2283 1508 2318 scriptoris
1520 2284 1598 2314 locis.
1614 2283 1802 2318 pwnitentiam

1012 2329 1148 2363 publicam
1167 2329 1202 2355 ob
1217 2333 1322 2356 secreta
1345 2334 1454 2363 peccata
1472 2332 1568 2363 sponte
1587 2332 1742 2363 susceptam
1763 2329 1804 2354 in-

1013 2375 1095 2410 telligi
1113 2382 1226 2407 censes;
1246 2383 1334 2409 neque
1350 2382 1472 2406 causam,
1490 2381 1539 2401 cur
1551 2374 1587 2400 ita
1604 2381 1727 2404 censeas,
1745 2381 1805 2409 ape-

1013 2421 1060 2448 ris.
1076 2420 1156 2455 Atqui
1170 2428 1307 2454 nunquam
1322 2420 1385 2447 illud
1399 2421 1514 2455 probare
1527 2421 1640 2454 poteris,
1652 2420 1685 2447 de
1697 2420 1804 2454 publica

1012 2466 1182 2493 occultorum
1212 2466 1356 2492 criminum
1384 2466 1490 2501 magis,
1519 2473 1601 2500 quam
1632 2466 1804 2500 publicorqu

1013 2512 1184 2546 poenitentia.
1201 2512 1274 2547 loqui
1290 2511 1499 2538 Tertullianum.
1514 2511 1601 2546 Hujus
1616 2511 1687 2538 enim
1704 2511 1802 2544 oratio,

1013 2562 1043 2584 nt
1058 2562 1083 2585 et
1097 2557 1237 2593 Cypriani,
1251 2558 1283 2585 de
1298 2557 1419 2593 qualibet
1434 2557 1543 2593 publica
1560 2557 1723 2592 paenitentia
1746 2565 1804 2592 pro-

1013 2603 1098 2635 cedit;
1115 2606 1142 2629 et
1157 2603 1243 2630 solius
1258 2606 1300 2630 est
1316 2602 1432 2634 arbitrii,
1453 2609 1507 2630 non
1525 2602 1648 2634 rationis,
1664 2610 1718 2629 non
1740 2611 1804 2630 conv

1011 2648 1124 2683 jactura:
1137 2648 1232 2675 saltem
1257 2648 1410 2682 levissimae,
1425 2649 1497 2684 quod
1514 2648 1546 2675 ad
1563 2649 1673 2675 tertium
1690 2648 1757 2675 illud
1773 2656 1805 2675 ex

1013 2694 1112 2727 tribus,
1135 2702 1195 2729 quae
1215 2703 1296 2729 supra
1314 2696 1518 2730 proposuimus,
1536 2695 1705 2729 ptenitcntiae
1725 2702 1806 2729 gene-

1014 2740 1106 2772 rihus,
1124 2740 1285 2767 Tertulliani
1306 2741 1364 2768 loca
1387 2742 1431 2767 illa
1448 2740 1624 2775 restringitis.
1642 2740 1748 2767 Amabo
1766 2745 1804 2770 te,

1013 2784 1082 2812 doce
1098 2793 1160 2817 nos,
1179 2786 1277 2821 quibus
1296 2787 1466 2822 argumentis
1482 2786 1567 2813 fretus
1587 2793 1641 2812 non
1656 2793 1737 2813 omne
1755 2793 1804 2820 pn-

1014 2830 1090 2858 blica:
1106 2831 1272 2866 poenitentiae
1287 2839 1373 2867 genus
1388 2831 1534 2868 intelligas,
1544 2831 1591 2860 sed
1604 2832 1677 2860 illam
1688 2837 1803 2859 arcano-
