1937 3039
135 214 188 243 (ιἳὸ

703 213 886 242 ADVERSUS
906 213 988 243 MAT.
1012 213 1189 245 SlMONlUM.

1708 221 1761 249 69.6

130 283 189 303 rum
214 274 360 302 criminum
384 274 544 302 nominatim
568 274 699 310 excipias.
721 274 822 303 Verum
850 283 920 310 age,
936 277 958 305 Δ
973 275 1071 311 d‘guus
1096 279 1147 304 est.
1169 275 1216 308 Te,
1241 276 1285 311 qui
1311 275 1343 303 ad
1368 276 1460 304 eadem
1484 278 1603 312 prudens
1623 287 1654 306 ac
1672 279 1763 306 sciens

128 321 297 349 concedatur
310 320 363 348 hoc
382 321 440 353 tibi,
458 320 530 355 quod
545 320 629 355 gratis
645 321 773 352 allirmas,
787 321 844 356 jam
863 322 918 349 tuis

129 371 156 395 te
175 367 267 395 verbis
289 375 321 395 ac
336 367 470 394 sententia
491 367 660 394 convincam.
680 367 739 394 Non
761 371 863 395 temere
879 367 920 395 ais

130 414 181 449 (α)
193 413 383 449 paenitentiam
404 414 489 446 illam,
504 413 538 440 de
556 420 609 448 qua
624 413 809 440 Tertullianus
826 413 862 440 ibi
877 413 918 440 lo-

129 461 233 495 quitur,
248 459 390 486 indultam.
407 458 504 492 Quer
515 458 563 486 abs
575 462 612 491 te,
625 458 722 493 ecquid
736 458 768 484 ad
783 458 918 493 publicam

130 506 204 532 illam
227 504 398 532 occultorum
419 503 607 538 paenitentiam
629 503 688 538 cogi
706 503 854 538 potuerint,
880 511 923 531 re-

130 558 250 586 veraque
266 550 352 578 coacti
374 550 439 582 sint,
456 549 503 585 qui
522 557 576 576 non
596 549 705 584 publice
732 549 921 584 deliquissent.

132 596 229 624 Utrum
248 596 321 624 voles
333 597 412 630 elige.
428 595 455 622 Si
468 600 579 623 coactos
592 595 705 628 dixeris,
721 595 762 623 sic
776 600 805 622 ut
821 595 924 630 absque

130 643 241 677 publica
263 643 308 669 illa
332 641 521 670 satisfactione
544 641 718 669 reconciliari
742 641 854 669 minime
878 649 925 677 pos

130 689 249 716 tuerint:
268 688 405 724 quomodo
420 696 475 715 non
489 692 592 716 temere
608 687 678 716 dicis
694 688 838 722 indultam,
852 689 926 724 quod

131 739 210 761 tanto
229 734 363 762 beneﬂcio
389 734 553 769 poenitentes
577 734 717 768 alliceret,
744 739 774 762 ut
799 736 874 770 ipsos
898 736 925 764 in

131 787 193 806 eum
209 779 335 818 gradum,
357 787 437 814 quem
458 779 594 814 baptismo
614 781 756 809 consecuti
778 785 866 814 erant,
884 782 927 809 in-

131 824 268 859 tvgrilatis
281 824 498 860 innocentiaeque
509 825 666 854 revocaret?
684 826 789 859 Quibus
805 827 927 854 auctoris

131 870 224 898 verbis
253 871 363 905 tuisque
384 871 452 899 satis
468 871 632 904 ostenditur,
649 875 747 906 sponte
762 880 777 899 a
792 872 927 907 pteniten-

132 915 206 942 tibus
218 914 401 947 ambiendam,
409 919 436 943 et
447 916 541 950 gratiae
550 916 610 943 loco
619 916 818 951 impetrandam
831 916 925 950 fuisse,

973 321 1121 355 offendisti,
1141 322 1165 349 si
1189 326 1278 349 tamen
1303 322 1539 357 animadverteris,
1560 332 1694 353 excusare
1718 333 1762 352 vix

971 375 1093 403 possum.
1114 368 1206 404 Neque
1227 371 1317 395 tamen
1339 368 1483 395 inciviliter
1499 373 1526 396 et
1545 369 1692 398 inhumane
1707 375 1763 398 tra-

971 413 1080 446 ducam,
1102 418 1149 441 aut
1174 413 1307 441 vecordem
1325 413 1474 448 appellabo,
1495 420 1523 441 ut
1536 415 1587 442 hoc
1598 416 1686 451 ipsum
1701 424 1763 445 scn‘

973 459 1035 490 tias,
1057 464 1163 494 quantae
1189 458 1328 486 modestia:
1353 458 1399 490 sit,
1421 466 1503 494 quant
1531 463 1559 486 tu
1585 460 1650 487 mihi
1673 460 1764 489 detra-

973 505 1026 536 bis.
1046 512 1108 532 cum
1133 513 1167 532 ne
1192 513 1207 532 a
1229 509 1256 532 te
1273 504 1381 539 quidem
1405 505 1472 532 adeo
1493 509 1590 539 praeter
1607 505 1653 540 jus
1670 513 1702 533 ac
1718 506 1765 533 de-

974 558 1068 578 corum
1082 558 1162 578 onmc
1179 551 1323 578 lacessitus
1338 554 1364 577 et
1380 550 1551 585 dispunctus,
1570 558 1720 586 repungere
1733 558 1766 578 ac

976 597 1150 624 maledictum
1170 601 1197 624 et
1211 597 1404 624 contumeliam
1419 604 1552 632 reponere
1568 597 1710 624 voluerim.

1011 642 1048 670 De
1063 643 1182 678 periurio
1199 642 1236 677 (b)
1252 650 1304 670 non
1322 643 1431 678 penitus
1458 643 1662 675 aﬂirmaveram,
1676 642 1766 670 nullas

977 696 993 716 a
1016 689 1168 717 canonibus
1184 697 1279 724 potnas
1303 689 1341 716 illi
1362 689 1537 720 constitutas,
1550 689 1598 716 sed
1623 697 1669 716 eas
1693 689 1766 716 solas

978 736 1091 771 intelligi
1117 736 1251 769 volebam,
1275 744 1335 772 quae
1365 736 1450 764 laicos
1477 730 1641 772 obligarent;
1667 737 1767 772 quibus

977 781 1136 815 poenitentia
1164 781 1283 815 publica,
1304 789 1357 808 non
1380 781 1499 811 clericis,
1514 782 1671 816 praescripta
1696 781 1767 808 fuit:

978 829 1034 852 tum
1057 825 1090 852 de
1110 825 1204 860 primis
1224 825 1351 853 Ecclesia
1372 819 1539 860 temperibus
1559 826 1707 861 loquebar;
1733 825 1767 855 ad

977 878 1038 906 quae
1050 870 1193 906 disciplina
1206 870 1260 903 illa,
1277 871 1311 898 de
1325 878 1376 906 qua
1394 878 1484 898 sermo
1496 875 1565 905 erat,
1579 871 1689 906 proprie
1705 878 1767 906 per-

979 916 1056 943 tinet.
1079 915 1171 950 ltaque
1194 915 1365 943 Tiburiensis
1388 916 1432 943 ille
1453 923 1539 943 canon
1556 916 1661 943 alienus
1677 919 1718 943 est
1732 915 1768 942 ab

133 968 184 988 nec
210 961 307 988 iisdem
330 967 420 989 tamen
445 962 602 996 petentibus
629 967 730 990 temere
753 971 925 992 concessam.
943 950 963 977 Β
977 962 1030 989 hoc
1045 962 1164 997 negotio,
1177 970 1232 989 non
1245 962 1332 989 solum
1353 961 1416 997 quia
1437 961 1470 988 de
1492 961 1558 989 solis
1577 961 1684 989 clericis
1699 968 1767 995 prae-

134 1006 215 1034 ltedit
238 1014 304 1042 ergo
323 1007 448 1042 superior
470 1008 515 1034 illa
540 1008 653 1043 quaestio
666 1017 673 1036 :
688 1008 756 1043 quid
779 1008 813 1037 iis
831 1013 926 1044 postea

134 1052 250 1085 factum.
263 1053 285 1081 si
298 1058 358 1088 post
366 1054 503 1089 publicam
514 1054 701 1089 paenitentiam
713 1053 807 1082 cadent
819 1055 926 1082 occulta

133 1096 349 1128 committerent.
374 1097 409 1125 ob
434 1105 495 1133 qua:
519 1098 612 1133 priore
635 1098 692 1131 illa,
713 1105 765 1126 nec
789 1099 925 1132 iteranda,

133 1141 255 1168 damnati
271 1140 391 1169 fuerant.

170 1186 199 1213 Si
221 1187 293 1213 enim
317 1187 464 1214 auriculari
481 1186 664 1222 coalessione,
685 1192 713 1216 et
733 1193 848 1220 secreta,
866 1197 927 1225 quae

134 1236 245 1267 propter
259 1233 366 1260 occulta
378 1237 489 1268 peccata
503 1234 664 1269 suscipitur,
677 1242 792 1270 quaeque
806 1235 926 1262 secunda

134 1281 176 1304 est
196 1278 229 1304 de
252 1278 349 1311 tribus,
368 1279 529 1313 pmnitentia
558 1278 669 1314 defungi
692 1279 811 1312 licuerit,
838 1288 928 1308 nonne

134 1323 314 1351 tolerabiliori
331 1324 489 1352 conditione
508 1325 625 1352 fuissent
640 1325 669 1358 ii,
685 1326 731 1360 qui
749 1326 849 1361 saepius
864 1326 929 1353 hor—

134 1369 220 1397 renda
239 1370 294 1401 illa,
313 1370 360 1398 sed
376 1371 482 1398 occulta
498 1371 600 1398 scelera
620 1375 830 1406 perpetrassent,
845 1378 926 1406 quam

135 1415 181 1450 qui
204 1415 289 1442 semel
309 1415 336 1442 in
358 1416 450 1443 eadem
469 1416 669 1443 incurrissent?
683 1417 788 1451 Quippe
803 1424 864 1444 cum
881 1417 927 1444 isti

135 1468 190 1488 non
208 1461 269 1488 sine
283 1461 430 1488 multorum
445 1469 579 1488 annorum
591 1462 715 1489 cruciatu
733 1469 765 1489 ac
782 1462 926 1497 supplicio,

136 1513 230 1540 pacem
247 1514 278 1532 ac
294 1506 543 1534 reconciliationem
560 1507 671 1540 fuerint,
686 1515 737 1534 nec
752 1507 831 1535 aliter
846 1515 927 1542 quam

135 1551 244 1586 publica
261 1552 430 1586 ptenitentia,
443 1553 594 1584 consecuti,
611 1552 649 1579 illi
668 1557 843 1589 posteaquam
858 1554 928 1581 hanc

135 1596 272 1628 obierant,
297 1601 408 1624 secreta:
431 1597 597 1632 pmnitentize
618 1596 750 1624 beneflcio
775 1598 927 1633 expeditam

137 1644 210 1670 illam
226 1650 258 1670 ac
270 1643 418 1678 parabilem
435 1643 589 1671 habuerint.
611 1643 660 1670 Sin
681 1647 734 1677 est,
752 1648 782 1671 ut
795 1644 828 1671 ad
844 1645 929 1679 publi-

136 1695 196 1714 cum
211 1687 397 1722 paenitentiam
418 1687 478 1722 cogi
498 1695 552 1714 non
577 1687 725 1722 potuerint,
741 1688 788 1716 sed
803 1689 929 1722 precario

139 1732 230 1767 potius
247 1732 319 1760 illius
339 1736 501 1767 potestatem
524 1732 740 1767 impetraverint,
763 1740 813 1760 cur
834 1733 862 1761 in
884 1734 930 1762 illo

138 1779 198 1813 ipso
214 1777 254 1805 De
272 1778 424 1813 pwnitentia
445 1778 514 1805 libro
528 1777 713 1806 Tertullianus
731 1782 785 1805 tam
808 1779 932 1815 impertae

138 1823 171 1849 ad
194 1831 254 1850 eam
271 1823 467 1858 capessendam
483 1823 607 1850 hortatus
632 1823 694 1851 est?
712 1831 762 1851 cur
786 1824 931 1859 plerosque

139 1869 312 1903 tergiversari
326 1877 357 1896 ac
378 1869 506 1904 defugere
529 1869 671 1904 queritur?
685 1877 735 1896 cur
752 1870 883 1905 exemplis
904 1873 931 1898 et

142 1915 302 1948 rationibus,
321 1919 350 1942 ut
364 1915 409 1942 illa
425 1915 509 1943 velint
527 1916 575 1948 uti,
601 1920 656 1942 tam
673 1916 751 1943 enixe
769 1915 931 1951 persuadet?

139 1959 206 1986 Nam
223 1964 284 1995 post
309 1960 364 1991 illa,
383 1968 443 1996 quae
463 1964 541 1988 antea
562 1961 654 1994 citavi,
680 1961 772 1988 statim
797 1961 929 1996 subiicit:

139 2005 283 2040 Plerosque
298 2010 385 2033 tamen
400 2006 447 2032 hoc
462 2014 537 2041 opus,
554 2011 583 2033 ut
595 2006 797 2041 publicationem
815 2008 868 2040 sui,
885 2013 931 2035 aut

139 2051 281 2086 suﬁugere,
297 2056 343 2077 aut
360 2053 391 2078 de
410 2051 453 2078 die
470 2052 497 2078 in
514 2051 582 2079 diem
598 2052 704 2086 differre
722 2060 864 2087 prwsumo,
882 2063 932 2089 pu-

138 2098 212 2124 doris
229 2098 311 2132 magis
327 2106 452 2124 memores
477 2105 555 2133 quam
573 2098 680 2125 salutis.
699 2097 775 2126 Facit
795 2099 889 2126 eodem
905 2103 931 2127 et

139 2143 183 2171 ille
195 2144 283 2176 locus,
296 2151 375 2178 quem
388 2148 484 2170 auctor
496 2143 609 2170 adduxit
623 2151 639 2171 e
652 2143 813 2172 duodecimo
826 2144 929 2178 capite:

140 2189 228 2224 Igitur
244 2197 304 2216 cum
317 2190 397 2222 scias,
414 2189 538 2216 adversus
551 2189 695 2224 gehennam
710 2195 769 2224 post
782 2190 869 2224 prima
884 2191 932 2218 illa

139 2236 304 2262 intinctionis
321 2235 465 2262 Dominicte
482 2237 654 2268 monimenta,
669 2245 725 2264 esse
739 2236 825 2264 adhuc
841 2238 868 2264 in
884 2245 930 2265 ea;-

139 2282 301 2317 Itomologesi
317 2282 432 2310 secunda
446 2283 576 2316 subsidia,
599 2292 647 2310 cur
666 2285 779 2312 salutent
794 2290 867 2312 tuam
886 2285 931 2312 de-

139 2329 227 2356 seris?
251 2336 298 2354 cur
318 2335 406 2354 cessas
430 2327 536 2362 aggredi
560 2327 629 2363 quod
655 2329 725 2356 scias
747 2328 844 2356 mederi
865 2329 933 2357 tibi!

140 2374 259 2407 Apparet
273 2373 344 2406 inde,
361 2374 383 2401 si
400 2373 434 2401 de
458 2373 567 2408 publica
586 2377 754 2401 secretorum
773 2374 931 2408 ptenitentia

138 2425 229 2446 Seruio
242 2422 294 2450 est,
310 2426 363 2445 non
380 2426 440 2446 eam
456 2418 579 2446 beneﬁcii
601 2418 688 2446 instar
704 2419 793 2453 spisse
817 2426 849 2445 ac
862 2419 931 2445 dilli-

138 2464 229 2491 ciliter
244 2464 387 2496 indultum,
407 2464 454 2492 sed
469 2465 511 2492 vel
537 2465 629 2492 invitis
644 2464 761 2491 oblatam
778 2464 874 2497 fuisse,
894 2465 916 2492 si

139 2510 249 2544 quidem
266 2517 329 2537 cum
350 2509 472 2538 Ecclesia
497 2510 692 2538 reconciliandi
708 2510 813 2538 forent:
828 2518 890 2538 nam
907 2512 929 2538 si

136 2557 220 2583 aliter
235 2560 263 2583 et
279 2563 327 2590 per
341 2548 473 2591 privatam
496 2556 683 2591 paenitentiam
704 2561 825 2592 possent,
849 2564 931 2584 aecu-

141 2600 220 2628 sandi
240 2607 295 2627 non
310 2605 399 2632 erant,
423 2601 446 2628 si
470 2601 592 2629 faciliore
613 2602 666 2629 isto
686 2601 805 2629 remedio
821 2601 930 2637 defungi

141 2647 264 2677 mallent,
279 2654 360 2681 quam
382 2647 428 2674 illo
444 2646 493 2678 uti.
516 2654 571 2674 non
594 2647 751 2682 operosiore
776 2647 866 2679 modo,
883 2647 930 2674 sed

141 2692 224 2719 etiam
241 2691 314 2726 quod
329 2699 383 2719 non
398 2696 499 2719 temere
514 2699 602 2726 neque
610 2691 693 2719 facile
707 2692 742 2719 ab
755 2692 891 2727 episcopis
904 2697 932 2720 et

141 2737 332 2766 sacerdotibus
362 2737 502 2773 impetrari
527 2745 607 2772 posse
633 2738 846 2773 cognoscerent?
868 2737 931 2766 Htec

142 2783 282 2819 παράδοξα
297 2787 324 2811 et
339 2784 426 2811 ἄτοπα
442 2791 495 2811 non
515 2784 590 2811 illum
614 2784 783 2812 commisisse
798 2784 864 2816 dixi,
884 2784 929 2820 qui

140 2828 261 2856 fortasse
287 2836 341 2856 non
366 2829 607 2858 animadverterit:
640 2829 730 2865 itaque
755 2829 931 2858 excusatione

177 2915 217 2948 (α)
232 2913 297 2948 Pas.
316 2915 360 2944 18.

976 1008 1082 1040 scribit,
1103 1015 1217 1042 quorum
1243 1008 1350 1043 publica
1371 1007 1529 1042 poenitentia
1555 1015 1609 1034 non
1633 1006 1701 1039 fuit,
1720 1006 1766 1034 sed

975 1054 1057 1081 etiam
1073 1054 1137 1089 quia
1152 1054 1321 1089 temporibus
1341 1053 1396 1081 illis
1421 1053 1556 1081 recentior
1574 1057 1625 1081 est.
1641 1052 1680 1080 Ex
1695 1052 1766 1080 anti-

975 1100 1038 1134 quis
1062 1107 1128 1127 sane
1147 1099 1298 1128 canonibus
1319 1099 1421 1132 nullus,
1443 1100 1489 1134 qui
1514 1099 1623 1134 quidem
1648 1099 1767 1134 probata:

977 1144 1038 1171 ﬁdei
1052 1149 1136 1177 esset,
1154 1144 1325 1177 occurrebat,
1341 1144 1388 1178 qui
1404 1144 1562 1171 nominatim
1577 1143 1696 1178 perjurio
1711 1151 1768 1178 poe-

976 1197 1026 1217 nas
1041 1189 1200 1217 decerneret
1216 1199 1222 1216 :
1239 1197 1327 1224 neque
1342 1189 1368 1217 id
1386 1194 1476 1216 tamen
1495 1193 1570 1217 certo
1584 1189 1768 1223 allii-maleque

976 1235 1044 1266 dixi,
1067 1234 1114 1262 sed
1141 1234 1168 1262 in
1185 1235 1337 1269 exemplum
1362 1239 1466 1262 tantum
1492 1235 1569 1262 attuli
1592 1236 1767 1270 peccatorum

975 1280 1110 1316 gravium,
1124 1280 1223 1314 quibus
1239 1281 1377 1307 canonica:
1398 1280 1479 1307 nullae
1503 1287 1590 1314 poena:
1613 1280 1769 1307 constituto:

976 1326 1112 1354 videntur.
1139 1325 1251 1354 Poteras
1283 1326 1445 1354 llcrdcnscm
1472 1333 1603 1353 canonem
1633 1326 1650 1352 Ἰ
1681 1325 1767 1352 Tibu-

976 1371 1061 1400 ricnsi
1077 1372 1110 1398 ad
1128 1372 1296 1407 propositum
1316 1376 1392 1398 tuum
1409 1371 1539 1406 aptiorem
1553 1370 1689 1406 proferre;
1707 1379 1769 1398 nam

977 1417 1024 1452 qui
1041 1425 1074 1445 ex
1095 1417 1225 1444 Gratiano
1249 1421 1276 1444 ct
1299 1416 1380 1444 lvone
1406 1423 1665 1449 commemorantur,
1685 1417 1770 1453 Euty-

978 1462 1068 1489 cliiani
1084 1462 1126 1490 vel
1143 1461 1255 1490 Fabiani
1269 1470 1355 1497 papa),
1370 1466 1434 1495 etc.,
1459 1462 1536 1497 longe
1551 1462 1685 1490 citerioris
1700 1461 1770 1488 anti-

979 1507 1090 1541 quitatis
1106 1507 1240 1534 videntur.
1260 1507 1371 1539 Verum,
1389 1507 1427 1534 uti
1446 1506 1513 1538 dixi,
1528 1507 1561 1534 de
1584 1513 1615 1533 ea
1638 1513 1666 1534 re
1686 1506 1770 1533 nolim

980 1553 1126 1580 admodum
1142 1561 1273 1588 pugnare.
1292 1552 1324 1579 Et
1341 1552 1395 1579 ﬁeri
1411 1557 1510 1587 potest,
1524 1555 1553 1578 ut
1567 1559 1654 1578 canon
1671 1550 1771 1585 aliquis

981 1606 1063 1633 super
1081 1605 1113 1625 ea
1135 1606 1164 1625 re
1182 1597 1315 1625 vetustior
1337 1601 1474 1630 occurrat,
1491 1604 1571 1632 quem
1597 1599 1693 1624 neuter
1720 1602 1771 1623 no-

981 1648 1066 1670 strum
1084 1642 1315 1670 animadverterit.

1288 1697 1401 1726 CAPUT
1419 1697 1462 1725 Ν.

981 1743 1163 1777 Dispunctoris
1176 1748 1265 1770 errata
1281 1743 1333 1770 duo
1351 1744 1522 1777 castigantur.
1535 1741 1645 1769 Consnli
1657 1751 1773 1770 nonnun-

1061 1787 1140 1813 quam
1157 1787 1173 1805 a
1188 1783 1280 1805 senatu
1296 1778 1423 1804 mandata
1440 1777 1550 1811 qua-stic
1563 1778 1694 1810 capitalis.

1016 1824 1103 1860 Caput
1129 1828 1206 1851 tuum
1230 1828 1357 1858 quartum
1383 1822 1490 1849 duabus
1513 1821 1774 1848 hallucinationibus

981 1873 1022 1896 est
1037 1869 1160 1904 insigne:
1178 1868 1264 1903 prima
1277 1872 1317 1895 est
1334 1875 1394 1903 pag.
1413 1867 1458 1899 26,
1474 1867 1519 1893 ubi
1535 1872 1678 1902 postquam
1693 1874 1773 1901 argu-

981 1916 1046 1941 tiam
1075 1921 1163 1942 meam
1193 1913 1315 1946 illusisti,
1341 1913 1422 1940 verba
1451 1913 1503 1939 ista
1527 1912 1667 1940 Socratis:
1688 1912 1721 1938 Ἢ
1745 1911 1774 1938 δὲ

981 1959 1050 1995 γυνὴ
1077 1959 1260 1995 προϐαίνουσα
1282 1959 1329 1986 καὶ
1359 1958 1422 1985 ἄλλο
1447 1959 1569 1993 πταῖσμα
1591 1957 1689 1992 ἑαυτῆς
1708 1965 1774 1984 κατ-

982 2006 1087 2041 ηγόρει,
1107 2012 1247 2040 perperam
1270 2005 1465 2039 interpretatus
1490 2012 1528 2032 es.
1553 2003 1605 2031 Sed
1626 2005 1708 2031 verba
1727 2007 1773 2030 tua

982 2055 1092 2086 praestat
1115 2051 1209 2077 audire
1227 2059 1234 2077 :
1256 2052 1320 2077 "ate
1342 2049 1428 2082 verba,
1451 2050 1551 2084 inquis,
1568 2050 1775 2083 interpretantur

982 2099 1124 2132 (nimirum
1147 2097 1284 2127 Petavius)
1301 2106 1306 2123 :
1324 2096 1388 2123 litvo
1407 2096 1511 2128 mulier,
1534 2104 1592 2123 cum
1614 2097 1639 2122 In
1655 2095 1775 2123 obeunda

981 2144 1132 2178 paenitentia
1155 2143 1256 2178 longius
1269 2142 1429 2177 procederet,
1448 2142 1560 2169 alterum
1580 2141 1653 2176 nefas
1669 2141 1774 2168 inierint

982 2190 1124 2221 commisit,
1139 2194 1163 2217 et
1188 2189 1298 2216 subinde
1314 2188 1467 2216 declaravit.
1491 2189 1524 2214 Αι
1546 2192 1639 2215 contra
1660 2188 1773 2222 oportuit

984 2235 1017 2271 (si
1033 2235 1136 2263 verbum
1160 2235 1234 2262 verba
1254 2234 1361 2262 reddere
1380 2235 1429 2269 ﬁdi
1454 2235 1607 2268 interpretes
1632 2233 1774 2267 velimus):

947 2286 967 2314 υ
984 2281 1047 2309 ch
1065 2282 1159 2308 mulier
1171 2281 1335 2315 exorbitans,
1354 2281 1406 2308 sire
1432 2281 1635 2316 transgrediens,
1650 2285 1674 2307 et
1698 2279 1775 2307 aliud

981 2333 1115 2361 peccatum
1127 2335 1204 2354 suum
1221 2332 1344 2359 accusat;
1360 2327 1424 2354 dicit
1443 2329 1522 2360 enim,
1542 2326 1670 2361 quomodo
1686 2334 1773 2353 secum

981 2372 1115 2399 dormiens
1131 2372 1223 2406 [uisset
1246 2371 1369 2398 Ecclesite
1384 2371 1523 2398 diaconus.
1539 2370 1612 2397 Itane
1631 2378 1685 2398 vox
1707 2379 1775 2405 προ-

981 2417 1093 2449 ϐαίνειν,
1110 2418 1132 2445 si
1150 2417 1260 2444 verbum
1281 2417 1364 2444 verbo
1379 2417 1493 2444 reddere
1509 2415 1588 2448 velis,
1623 2416 1775 2444 exorbitare

981 2471 1012 2491 ac
1027 2463 1175 2498 transgredi
1190 2462 1342 2497 significat;
1364 2466 1409 2488 aut
1430 2462 1501 2488 idem
1522 2467 1563 2488 est
1586 2462 1658 2496 quod
1683 2471 1773 2497 mp:-

981 2510 1103 2536 ϐαίνεινῖ
1116 2509 1177 2544 quis
1191 2515 1286 2535 novam
1302 2509 1372 2534 lianc
1386 2508 1591 2542 grammaticam
1612 2507 1698 2535 ferat?
1712 2517 1774 2544 προ-

981 2555 1083 2582 ϐαίνειν
1100 2558 1173 2582 recte
1192 2559 1218 2582 et
1238 2554 1272 2580 ab
1294 2553 1490 2588 interpretibus
1516 2557 1543 2580 et
1564 2561 1578 2579 a
1598 2553 1678 2581 nobis
1696 2561 1775 2580 ance-

981 2605 1056 2636 ptum
1075 2604 1118 2628 est
1136 2607 1183 2635 pro
1209 2607 1252 2629 eo,
1275 2599 1346 2634 quod
1366 2603 1406 2626 est
1428 2598 1549 2634 progredi
1571 2606 1603 2625 ac
1626 2598 1772 2633 procedere.

982 2645 1071 2674 Unum
1084 2645 1150 2673 illud
1162 2645 1188 2672 in
1199 2644 1448 2678 Christophorsono
1458 2644 1520 2678 jure
1533 2643 1684 2678 displicuit.
1700 2643 1772 2677 quod

981 2699 997 2718 e
1028 2699 1081 2718 suo
1107 2690 1269 2718 vocabulum
1299 2689 1407 2724 adjecit,
1435 2691 1461 2716 in
1484 2689 1642 2724 conﬁtendo.
1666 2688 1774 2715 Putavit

981 2737 1121 2765 mulierem
1140 2737 1166 2764 iu
1190 2736 1296 2772 publica
1324 2735 1497 2764 confessione
1522 2735 1637 2762 dicenda
1658 2733 1773 2761 tacenda

981 2784 1116 2817 vulgasse,
1142 2785 1169 2809 et
1190 2782 1294 2809 crimen
1321 2781 1386 2808 illud
1416 2780 1516 2808 infame
1541 2779 1613 2806 inter
1630 2778 1682 2805 alia
1710 2784 1772 2812 pro-

981 2828 1102 2861 fessum;
1123 2827 1195 2863 quod
1222 2835 1308 2863 neque
1326 2835 1418 2855 verum
1446 2832 1495 2863 est,
1514 2832 1600 2858 neque
1626 2824 1652 2850 in
1677 2822 1772 2855 Grant»

1019 2917 1055 2950 (b)
1070 2916 1135 2949 Pax.
1152 2916 1197 2945 22.
