1937 3039
161 190 214 221 ωἳ

824 192 916 223 DION.
936 191 1111 222 PETAVIUS

1737 201 1789 229 6'28

159 253 325 281 continetur.
341 252 398 282 Hoc
411 253 528 290 primum
543 258 584 283 est
603 254 811 290 grammaticum
829 255 950 290 σφάλμα.
967 254 991 283 Δ
1004 253 1109 281 hiscum
1119 254 1221 283 sentire
1232 262 1262 283 se
1280 255 1441 291 proﬁteatur
1458 256 1493 292 (c)
1510 257 1583 293 (nam
1602 257 1687 293 legem
1706 257 1788 286 ullam

194 298 273 326 Aliud
286 304 407 328 erratum
427 304 504 328 tuum
518 310 526 328 :
543 309 603 337 pag.
618 301 653 329 29
679 302 770 337 carpis
786 301 863 335 illud,
875 301 948 336 quod

159 352 210 380 ego
223 344 357 378 dixeram,
378 353 392 373 a
410 350 505 374 senatu
522 347 665 375 consulum
679 347 768 380 alteri,
784 347 949 375 ambobusve

159 390 316 425 capitalium
332 399 479 419 causarum
494 392 678 427 cognitionem
695 400 757 420 esse
780 392 948 424 mandatam,

158 440 304 472 antequam
326 437 434 473 publica
449 439 563 473 quaestio
582 440 804 466 constitueretur.
828 437 890 465 Non
911 438 949 465 ita

158 490 186 510 se
200 490 241 510 res
256 483 344 516 habet,
354 483 455 519 inquis.
470 482 583 512 Senatus
598 492 732 519 nunquam
741 483 892 512 consulibus
910 492 948 511 rc-

159 536 219 556 rum
232 530 386 564 capitalium
395 531 567 566 cognitionem
583 530 724 558 commisit.
736 530 814 564 Quod
827 535 855 557 tu
870 530 949 558 dein-

158 581 223 610 ceps
237 575 270 602 ad
287 575 367 603 linem
383 576 480 611 capitis
504 584 590 612 usque
612 575 723 612 probas.
740 575 773 603 Et
792 575 846 608 hic,
857 577 880 604 si
889 575 950 611 qui-

147 620 218 648 idem
239 621 429 657 εἰρωνεύεσθαι
445 627 472 649 et
490 621 611 649 cavillari
634 622 743 654 scirem,
760 625 807 648 aut
825 622 878 649 nisi
899 629 950 657 pu-

157 666 264 694 dentior
284 667 487 703 modestiorque
509 676 598 696 essem
612 675 694 704 quam
712 673 741 696 tu
759 677 804 697 me
818 668 880 696 esse
897 668 948 702 vis,

156 711 254 740 bellam
277 713 344 740 mihi
363 713 476 748 jocaudi
498 713 639 742 materiam
661 714 792 742 obtulisti.
815 713 891 742 Unus
905 713 950 741 Ci-

157 765 221 786 cero
236 759 354 793 docebit,
370 767 451 795 quam
468 764 541 787 recte
556 760 608 788 ista
633 760 788 796 scripseris.
815 759 909 788 Refert
927 759 950 787 is

157 803 185 831 ln
197 812 230 832 eo
244 805 324 838 libro,
340 807 385 841 qui
399 805 436 833 Dc
455 807 536 834 claris
551 806 701 834 oratoribus
714 806 884 838 inscribitur,
903 805 950 833 ubi

157 849 192 878 de
209 850 291 879 Laelio
302 855 328 879 et
345 851 429 879 Galba
446 853 602 880 oratoribus
614 853 679 888 agit,
695 853 759 888 quid
778 852 875 879 Publio
890 851 951 879 Sci-

158 895 239 931 pione
256 902 282 924 et
296 896 328 925 D.
344 897 428 925 Bruto
446 905 519 926 coss.
545 897 639 926 Roma:
660 902 766 933 gestum
789 899 834 930 sit,
850 898 877 925 in
894 898 950 925 haec

159 942 261 970 verba:
281 942 353 970 Nam
379 951 437 970 cum
460 944 488 971 in
504 944 571 971 silva
594 952 644 971 sua
663 944 709 980 (al.
733 943 854 978 Scantio)
875 944 949 978 facta

155 991 240 1017 credes
259 995 336 1022 esset,
355 991 460 1025 notique
479 991 595 1018 homines
616 991 758 1025 interfecti,
780 990 949 1018 insimulare-

156 1040 250 1070 turque
266 1035 383 1070 familia,
403 1035 503 1070 partim
525 1037 607 1063 etiam
631 1036 708 1064 liberi
729 1036 862 1064 societatis
879 1036 948 1071 ejus,

155 1088 214 1116 quae
225 1080 355 1115 picearias
368 1081 400 1109 de
415 1080 448 1109 P.
464 1081 597 1116 Cornelio,
613 1081 644 1109 L.
657 1081 786 1109 Mummio
802 1090 870 1109 coss.
887 1081 947 1108 red-

155 1127 271 1162 emisset,
283 1127 426 1156 decrevisse
440 1133 571 1160 senatum,
587 1133 616 1155 ut
629 1137 660 1156 ea
675 1128 707 1156 de
724 1137 750 1156 re
764 1131 948 1164 cognoscerent

155 1176 180 1198 et
195 1177 340 1200 statuerent
356 1174 487 1201 consules.
502 1174 571 1202 Cum
592 1174 638 1201 illa
658 1174 692 1202 de
713 1177 810 1202 senatu
825 1174 949 1201 Romano

155 1221 182 1245 et
194 1218 354 1246 consulibus
373 1219 401 1246 in
417 1220 570 1255 exemplum
590 1219 786 1247 ecclesiasticas
799 1223 949 1247 consuetu-

155 1261 228 1290 dinis
247 1262 382 1296 all'errem,
395 1263 536 1292 Ciceronis
563 1264 651 1291 locum
669 1264 745 1290 illum
762 1263 895 1291 habebam
919 1263 949 1290 in

156 1307 266 1342 animo;
283 1315 373 1343 neque
389 1308 426 1336 ita
439 1309 505 1336 mihi
516 1316 706 1345 persuaseram
719 1318 725 1336 :
740 1316 756 1336 a
773 1313 868 1337 senatu
887 1316 948 1344 per-

156 1356 238 1388 petuo
254 1354 413 1382 consulibus
435 1358 482 1381 aut
503 1354 563 1382 sine
577 1362 640 1390 pop.
663 1353 744 1381 Rom.
761 1355 840 1389 jussu
863 1354 949 1382 fuisse

156 1400 325 1432 mandatum,
341 1399 388 1428 sed
404 1399 477 1435 quod
501 1400 528 1427 id
553 1399 701 1434 aliquando
720 1400 890 1436 contigisset,
913 1399 947 1427 ad

155 1445 309 1480 exemplum
325 1445 392 1473 satis
414 1452 477 1474 esse
494 1445 569 1473 duxi.
592 1446 626 1472 At
648 1449 678 1473 tu
697 1453 817 1481 praeceps
833 1445 861 1473 in
873 1444 947 1473 aliud

154 1495 306 1519 extremum
324 1491 475 1524 incurristi,
489 1494 519 1519 ut
537 1491 684 1526 generatim
705 1491 882 1527 pronuntiare
896 1499 946 1518 au-

155 1536 253 1565 deres:
276 1542 397 1564 senatum
418 1545 552 1571 nunquam
570 1536 721 1564 consulibus
744 1545 832 1564 rerum
847 1538 947 1573 capita-

156 1582 223 1609 lium
237 1583 411 1618 cognitionem
427 1582 600 1610 commisisse.

192 1627 246 1655 Sed
269 1631 300 1656 ut
318 1627 353 1656 ad
371 1626 562 1656 Nectarianam
581 1628 656 1656 illam
671 1628 813 1657 histeriam
826 1627 947 1662 redeam,

156 1673 273 1701 obsecro
295 1678 398 1709 te,qno
420 1678 590 1709 argumento,
614 1681 668 1709 qua
693 1674 852 1709 conjectura
867 1674 949 1703 nixus

156 1719 300 1748 mulierem
323 1719 404 1748 istam
428 1720 456 1748 in
477 1719 651 1748 confessione
674 1721 783 1756 publica
806 1720 949 1748 infandum

156 1764 223 1793 illud
234 1765 366 1801 ﬂagitium
379 1765 536 1801 propalasse
551 1765 694 1794 defendis?
706 1765 792 1800 Quem
808 1770 948 1793 auctorem

155 1811 299 1839 nominas?
310 1810 378 1839 Nam
390 1811 517 1840 Socrates
529 1816 556 1841 et
568 1811 748 1845 Sozomenus,
758 1812 830 1840 unde
841 1812 897 1839 haec
909 1812 949 1839 hi-

154 1856 241 1886 storia
254 1857 385 1890 manavit,
397 1857 465 1885 nihil
477 1858 531 1885 tale
543 1861 766 1886 commemorant.
780 1857 835 1886 Cur
850 1857 897 1885 tibi
908 1857 948 1885 sic

154 1904 218 1933 illos
233 1904 406 1941 interpretari
418 1905 519 1939 licebit,
535 1910 565 1933 ut
583 1914 616 1934 ex
633 1911 724 1935 mente
739 1910 796 1938 tua,
807 1905 881 1941 quod
893 1913 948 1933 non

155 1957 285 1986 expresse
295 1950 429 1984 referunt,
441 1951 552 1986 aﬂingas
563 1956 591 1980 ct
604 1956 710 1981 attexas
722 1960 730 1985 ;
744 1952 824 1980 nobis
839 1959 948 1980 eorum-

155 1995 217 2024 dom
229 1996 311 2024 verba
322 1997 491 2032 simpliciter,
501 2002 528 2025 et
541 1997 690 2026 secundum
705 1998 824 2025 nativam
838 1997 947 2025 illorum

154 2041 209 2069 vim
218 2042 340 2077 accipere
349 2046 430 2077 atque
437 2043 574 2078 explicare
583 2043 660 2071 nefas
669 2043 738 2071 erit?
746 2043 836 2076 Quare
844 2043 948 2071 diutius

154 2087 184 2116 in
194 2088 347 2117 refutandis
355 2089 415 2117 istis
427 2097 481 2117 non
492 2089 668 2117 morabimur.
681 2089 717 2117 De
727 2097 831 2117 canone
839 2094 948 2117 conten-

154 2133 224 2161 tiosa
241 2141 284 2161 res
295 2138 348 2166 est,
359 2142 447 2169 neque
465 2135 539 2170 quod
559 2135 601 2164 vis
616 2135 665 2171 (η),
692 2134 817 2170 ingratiis
839 2134 947 2162 obtine-

154 2178 208 2207 bis.
230 2177 297 2206 Nam
314 2184 341 2207 ct
356 2179 472 2207 subinde
492 2180 592 2207 κανόνα
610 2188 659 2215 pro
679 2181 736 2215 lege
757 2184 784 2208 et
805 2180 947 2208 sanctione

156 2224 281 2258 sumpsit,
293 2231 354 2251 cum
373 2224 484 2258 subjicit
498 2233 505 2251 :
519 2222 603 2256 Οὗτος
617 2225 631 2251 ό
645 2224 734 2252 κανὼν
748 2226 845 2260 κρατεῖ
865 2224 946 2261 μέχρι

155 2269 203 2297 νῦν
216 2270 245 2297 ev
264 2271 324 2302 ταῖς
336 2270 429 2302 ἄλλαις
445 2271 580 2306 αἱρέσεσι.

471 2325 586 2354 CAPUT
598 2326 630 2352 ν.

155 2371 195 2399 De
208 2373 314 2408 publica
328 2373 500 2408 confessione,
515 2381 573 2408 qua:
588 2372 663 2400 nulla
683 2373 759 2407 vulgo
777 2373 892 2400 moribus
905 2381 946 2400 re-

191 2413 275 2442 cepta.
296 2407 390 2435 Leonis
414 2416 489 2442 papa:
518 2408 666 2435 auctoritas
691 2416 827 2443 perperam
845 2409 874 2436 in
888 2409 945 2437 dis-

191 2443 388 2476 punctiunculis
408 2447 514 2476 accepta
528 2442 577 2478 (ιι).

191 2499 333 2526 Publicam
353 2503 528 2535 peccatorum
551 2500 752 2529 confessionem
769 2502 805 2529 ita
821 2502 945 2531 moribus

156 2544 285 2572 Ecclesiae
300 2549 436 2580 receptam
459 2545 545 2574 fuisse
569 2546 596 2573 in
612 2545 734 2574 Diatriba
757 2555 898 2583 negamus,
915 2553 945 2576 ut

157 2589 184 2617 id
203 2590 260 2625 lege
276 2589 330 2616 ulla
345 2589 542 2624 ecclesiastica,
558 2595 606 2619 aut
617 2599 649 2619 ea
663 2593 945 2629 consuetudine,qute

157 2636 185 2663 in
203 2635 288 2671 legem
300 2636 609 2669 abiisset,constitutum
623 2638 715 2666 fuerit.
732 2639 769 2667 De
782 2647 836 2675 qua
850 2648 943 2673 relnon

156 2689 188 2710 ea
203 2685 334 2717 repetam,
349 2690 409 2718 quze
430 2684 538 2719 plenius
561 2685 617 2713 illic
637 2685 803 2721 uberiusque
825 2690 944 2715 tractata

155 2731 231 2756 sunt.
251 2727 416 2765 Dispunctor
438 2738 502 2759 vero
522 2735 628 2767 noster,
643 2739 706 2761 cum
719 2732 754 2760 de
770 2739 800 2762 re
819 2734 880 2769 ipsa
895 2740 944 2762 no-

247 2861 311 2896 Pag.
325 2862 370 2889 9.7.

245 2895 308 2932 l'ag.
325 2897 370 2924 5L

190 2861 231 2924 it?

966 932 988 961 Β

1004 300 1033 327 ln
1053 299 1173 328 Ecclesia
1195 300 1277 328 latam
1294 309 1354 329 esse
1369 309 1423 329 non
1439 305 1525 336 putat,
1544 309 1605 337 quae
1621 306 1731 336 peccata
1742 309 1789 337 pu-

1005 345 1076 373 blice
1087 345 1203 381 proferri
1229 347 1353 382 jusserit)
1367 367 1375 379 ,
1398 351 1489 375 tamen
1513 348 1598 375 tacito
1611 344 1789 375 etillitterato

1003 400 1140 421 consensu
1168 394 1358 429 episcoporutn
1393 394 1530 422 laudatam
1563 394 1697 430 ejusmodi
1722 404 1789 424 con-

1003 438 1176 466 suetudinem
1192 446 1254 467 esse
1275 439 1423 474 pertendit.
1440 438 1496 467 Nec
1509 440 1714 475 animadvertit,
1733 442 1789 477 pri-

1003 491 1077 511 mum
1097 484 1124 512 id
1138 489 1235 512 contra
1260 492 1311 512 nos
1336 485 1426 513 facere
1439 485 1519 519 nihil,
1539 486 1586 521 qui
1609 486 1643 514 de
1669 487 1727 522 lege
1747 487 1789 514 vel

1003 536 1131 563 expressa
1147 530 1191 557 vel
1206 530 1290 557 tacita
1302 530 1385 558 locuti
1396 538 1510 564 sumus;
1524 530 1623 559 deinde
1631 539 1686 558 non
1697 532 1789 559 minus

1004 572 1042 606 id,
1062 575 1136 610 quod
1151 576 1260 608 asserit,
1277 576 1366 603 sancti
1385 575 1496 609 Leonis,
1512 580 1539 604 ct
1551 576 1704 604 Tridentini
1721 584 1790 604 con-

1003 620 1059 648 cilii
1075 621 1167 649 verbis
1181 625 1209 649 et
1223 621 1382 649 auctoritati
1394 621 1537 657 refragari.
1554 621 1584 650 ι),
1596 621 1651 650 Leo
1662 623 1744 657 epist.
1755 622 1789 650 80

1003 665 1140 701 publicam
1159 666 1232 693 illam
1249 671 1425 703 peccatorum
1439 667 1648 702 professionem,
1663 674 1746 702 quam
1763 667 1790 694 in

1004 714 1105 749 angulo
1116 714 1234 749 quodam
1258 713 1341 742 Italiae
1357 715 1485 750 usurpari
1505 715 1640 746 audierat,
1661 723 1800 749 prtesumﬂ

1003 761 1118 796 ptionem
1136 765 1228 788 contra
1243 761 1417 795 apostolicam
1433 760 1551 795 regulam
1569 760 1696 795 appellat,
1711 767 1790 794 quam

1004 815 1087 842 nuper
1106 807 1239 842 agnoverit
1261 815 1278 834 a
1304 806 1463 843 quibusdam
1491 806 1590 833 illicita
1620 806 1791 839 usurpatione

1004 853 1144 881 committi.
1169 852 1245 881 Scire
1270 853 1360 886 velim,
1388 861 1442 888 qua
1457 857 1486 880 tu
1501 853 1607 880 ratione
1621 851 1771 879 contendas
1781 871 1790 884 ,

1004 899 1142 926 laudatam
1160 899 1352 934 episcoporum
1367 905 1514 931 consensu,
1529 898 1581 926 hoc
1591 902 1644 930 cst,
1661 898 1791 925 Ecclesiae

1002 943 1166 971 auctoritate
1191 943 1408 978 comprobatam,
1438 943 1667 977 prtesumptionem
1694 942 1788 974 ullam,

1002 996 1060 1024 qua:
1074 993 1167 1015 contra
1182 988 1356 1023 apostolicam
1372 988 1488 1023 regulam
1506 988 1601 1015 illicita
1620 988 1791 1022 usurpatione

1002 1034 1144 1062 commissa
1165 1034 1211 1061 sit.
1235 1032 1305 1060 Tum
1327 1034 1350 1062 si
1366 1041 1421 1061 non
1445 1033 1513 1061 satis
1534 1033 1659 1061 consulte
1681 1033 1790 1068 publica

1002 1083 1187 1116 peccatorum,
1209 1079 1292 1107 etiam
1311 1086 1486 1112 arcanorum,
1504 1078 1642 1106 confessio
1663 1078 1723 1114 lege
1742 1078 1790 1104 ali-

1001 1133 1054 1160 qua
1073 1125 1215 1161 praescribi
1243 1124 1372 1160 potuerit,
1390 1128 1421 1152 ut
1441 1132 1476 1151 ex
1501 1123 1657 1151 Tridentini
1676 1123 1789 1150 concilii

1001 1171 1103 1204 verbis,
1125 1171 1259 1208 probante
1284 1175 1320 1204 te,
1347 1170 1520 1206 colligimus;
1551 1177 1643 1197 nonne
1665 1170 1739 1205 paris
1762 1173 1789 1196 et

1000 1217 1124 1253 ejusdem
1151 1209 1344 1253 imprudentis:
1366 1223 1427 1244 esse
1447 1215 1595 1248 videbitur,
1613 1215 1688 1242 illam
1701 1214 1789 1250 ipsam

1001 1263 1108 1299 publice
1125 1262 1272 1291 confitendi
1285 1262 1510 1290 consuetudinem
1530 1269 1585 1289 non
1606 1261 1724 1288 tolerare
1742 1267 1789 1288 so-

999 1306 1077 1340 lum;
1092 1307 1165 1343 quod
1192 1315 1226 1335 ne
1252 1307 1341 1342 ipsum
1356 1307 1467 1343 quidem
1492 1310 1589 1334 contra
1608 1305 1787 1341 apostolicam

1001 1353 1123 1388 regulam
1138 1361 1170 1381 ac
1187 1353 1361 1389 prudentiam
1379 1353 1519 1381 tolerabile
1540 1353 1586 1385 sit,
1595 1352 1642 1380 sed
1651 1352 1791 1380 asciscere

1000 1399 1084 1426 etiam
1102 1406 1134 1426 ac
1145 1399 1275 1427 laudare?
1289 1398 1427 1435 Quidquid
1445 1399 1640 1426 auctoritatuin
1656 1404 1788 1426 accumu-

999 1443 1050 1476 las,
1067 1443 1105 1471 uti
1122 1443 1258 1479 publicam
1269 1447 1445 1479 peccatorum
1453 1442 1655 1470 confessionem
1667 1445 1788 1473 astruas,

998 1489 1068 1517 nihil
1094 1493 1247 1524 promovet.
1274 1489 1378 1517 ﬂorum
1400 1489 1500 1525 quippe
1515 1488 1615 1524 partim
1626 1487 1660 1514 de
1677 1485 1788 1522 publica

999 1534 1046 1562 illa
1072 1533 1243 1569 professione
1265 1534 1428 1569 loquuntur,
1461 1541 1520 1569 qure
1543 1540 1599 1560 non
1629 1535 1684 1559 tam
1709 1538 1787 1563 voce,

961 1598 985 1629 ε
1000 1590 1082 1618 quant
1095 1581 1175 1610 factis
1190 1581 1305 1617 ipsis,et
1318 1581 1411 1608 habitu
1422 1580 1624 1616 pceuitentium,
1634 1586 1667 1605 ac
1679 1578 1788 1627 luctuo—

1000 1627 1039 1655 sis
1052 1626 1181 1655 sordibus
1200 1626 1367 1658 continetur,
1383 1623 1520 1660 quomodo
1527 1628 1554 1651 et
1564 1622 1788 1657 exhomologesin

999 1672 1127 1708 usurpari
1151 1672 1276 1705 scimus;
1300 1671 1400 1707 partim
1416 1670 1482 1706 quid
1497 1668 1643 1705 aliquando
1670 1673 1698 1696 et
1724 1675 1788 1694 raro

998 1722 1103 1755 gestum
1118 1718 1165 1750 sit,
1180 1725 1235 1745 non
1248 1717 1314 1754 quid
1342 1717 1410 1752 lege,
1431 1716 1472 1744 vel
1484 1716 1623 1744 communi
1638 1720 1665 1743 et
1676 1714 1786 1742 laudata

999 1764 1198 1793 consuetudine
1220 1764 1359 1792 sancitum
1373 1763 1467 1797 fuerit,
1487 1761 1647 1790 ostendunt.
1664 1761 1740 1788 Adde
1757 1764 1786 1788 et

999 1812 1136 1847 publicam
1157 1811 1319 1839 nonnullam
1340 1810 1425 1838 fuisse
1437 1808 1649 1840 confessionem,
1663 1815 1718 1843 qua
1738 1815 1786 1843 ge-

999 1856 1116 1884 neratim
1131 1860 1158 1884 et
1173 1856 1301 1885 universe
1311 1859 1472 1892 peccatores
1488 1862 1518 1882 se
1535 1861 1596 1882 esse
1610 1853 1762 1881 faterentur
1777 1861 1785 1880 :

999 1902 1152 1937 cujusmodi
1174 1909 1254 1939 typus
1281 1906 1324 1931 est
1350 1902 1395 1930 ille
1424 1900 1618 1932 confessionis,
1642 1907 1723 1935 quem
1752 1906 1786 1927 ex

999 1948 1114 1977 solemni
1141 1952 1170 1976 et
1196 1948 1317 1984 legitima
1331 1947 1458 1982 formula,
1474 1947 1502 1974 in
1515 1947 1575 1982 ipso
1593 1946 1683 1974 Missae
1696 1945 1785 1978 aditu,

998 2000 1138 2031 praeeunte
1163 1995 1318 2027 sacerdote,
1336 1995 1454 2030 populus
1471 1994 1602 2028 concipit.
1621 1993 1684 2021 Haec
1698 1998 1787 2028 pauca

998 2042 1022 2070 si
1037 2041 1182 2077 diligenter
1196 2042 1387 2074 observentur,
1404 2041 1438 2068 ad
1455 2039 1674 2076 interpretandas
1689 2045 1786 2066 aucto-

998 2087 1095 2116 ritates
1112 2088 1184 2120 illas,
1201 2095 1270 2122 quas
1283 2086 1385 2114 frustra
1398 2085 1535 2128 congeris,
1552 2093 1584 2113 ac
1599 2084 1729 2113 diluenda
1738 2089 1785 2111 tua

997 2133 1091 2162 omnia
1105 2133 1175 2161 satis
1194 2133 1292 2161 idonea
1308 2137 1384 2161 sunt.
1403 2133 1433 2160 ln
1445 2132 1545 2160 Leonis
1557 2131 1715 2160 testimonio
1730 2138 1784 2158 non

998 2181 1086 2216 placet
1099 2180 1152 2208 ista
1166 2180 1293 2208 collectio
1305 2201 1312 2208 .
1321 2180 1391 2207 Cum
1408 2183 1500 2207 tantus
1510 2178 1630 2213 pontifex
1647 2178 1784 2212 publicam

997 2227 1197 2254 confessionem
1233 2225 1464 2260 prwsumptionem
1492 2229 1587 2251 contra
1610 2223 1784 2257 apostolicam

998 2273 1126 2308 regulam,
1138 2272 1280 2308 etquidem
1288 2272 1411 2299 illicitum
1419 2271 1546 2307 appellet,
1557 2270 1620 2298 inde
1630 2269 1783 2301 concludis,

996 2324 1103 2354 peccata
1125 2319 1206 2346 etiam
1233 2319 1338 2346 occulta
1361 2319 1514 2352 pwniteutes
1534 2317 1656 2351 conﬁteri
1679 2315 1784 2347 solitos,

996 2367 1035 2394 vel
1051 2373 1083 2394 ea;
1099 2366 1147 2393 hoc
1155 2366 1212 2393 loco
1227 2371 1326 2400 patere.
1338 2366 1381 2392 An
1399 2373 1454 2392 non
1474 2363 1532 2391 dixi
1546 2363 1659 2398 saepius,
1672 2369 1730 2390 non
1743 2362 1784 2389 sic

995 2420 1012 2439 a
1029 2420 1073 2440 me
1097 2412 1235 2447 publicam
1251 2411 1346 2447 negari
1367 2411 1580 2442 confessionem,
1603 2413 1631 2436 ut
1651 2415 1684 2436 ea
1711 2415 1784 2436 nun-

996 2467 1077 2495 quam
1092 2462 1223 2494 usurpata
1234 2459 1281 2491 sit,
1302 2457 1350 2486 sed
1365 2458 1407 2486 sic
1420 2461 1451 2485 ut
1469 2457 1527 2492 lege
1540 2457 1626 2490 nulla,
1643 2456 1685 2484 vel
1700 2455 1784 2483 tacita

996 2507 1038 2534 vel
1063 2513 1204 2541 expressa,
1229 2509 1354 2541 recepta,
1380 2509 1408 2533 et
1430 2502 1628 2539 ptenitentibus
1654 2501 1783 2536 imposita

998 2552 1098 2580 fuerit?
1115 2552 1218 2580 Deinde
1234 2552 1334 2580 Leonis
1353 2552 1435 2579 verba
1455 2551 1569 2586 legeres,
1582 2554 1609 2578 et
1623 2549 1784 2576 considera-

996 2605 1040 2626 res
1057 2598 1198 2626 attentius.
1216 2597 1275 2625 Non
1296 2597 1404 2630 scribit,
1422 2597 1485 2624 olim
1496 2595 1729 2631 prazsumptionent
1747 2593 1783 2621 il-

997 2645 1051 2672 lam
1068 2645 1107 2672 sic
1121 2649 1262 2679 receptam,
1279 2649 1307 2671 ut
1322 2645 1349 2671 in
1372 2642 1587 2671 consuetudinem
1612 2641 1718 2673 abierit,
1735 2639 1783 2668 sed

995 2698 1023 2717 se
1034 2698 1116 2725 nuper
1134 2690 1270 2726 agnovisse
1291 2689 1368 2721 dicit,
1385 2688 1455 2725 quod
1473 2697 1490 2715 α
1505 2687 1665 2724 quibusdam
1685 2686 1784 2713 illicita

995 2735 1168 2770 usurpatione
1193 2735 1410 2763 committeretur.
1432 2733 1498 2768 Quae
1520 2733 1613 2767 verba,
1633 2739 1728 2767 nuper,
1743 2735 1782 2765 et,

1032 2865 1067 2901 (c)
1083 2865 1150 2901 Pag.
1164 2865 1207 2894 53.
1232 2862 1235 2865 ’
