1937 3039
200 166 248 194 631

485 223 599 252 CAPUT
625 224 680 252 νη.

195 287 249 317 De’
266 289 402 324 Theophili
436 291 612 320 Alexandrini
643 295 757 322 decreto.
789 295 851 324 Non
877 297 980 325 eosdem

233 325 340 365 ubique.
353 325 436 359 fuisse
457 328 649 365 ritus;_deque
672 330 705 357 iis
729 330 795 358 adeo
811 339 857 358 nec
876 336 980 365 temere,

228 367 274 386 nec
293 361 413 397 universe
432 361 667 396 pronuntiandum,
691 365 768 397 velut,
787 371 877 393 utrum
896 361 980 395 nullis

227 395 343 464 ontni$
353 395 458 456 iejutniis
475 398 558 425 missa
574 395 705 426 celebrata
720 395 771 433 sit}
787 401 860 437 quod
869 401 980 437 dispun-

228 434 285 456 ctur
345 438 401 457 rma
416 450 423 458 .

228 434 285 456 ctur
300 434 423 458 affirmat.

229 493 317 529 Super
347 494 490 531 Theophili
523 497 635 526 decreto
669 499 703 527 de
737 500 977 537 Theophaniorum

190 539 315 575 νηστιμῳ
338 540 382 568 die
408 542 540 569 nonnulla
566 543 710 572 dubitandi
741 553 824 574 causa
849 547 902 575 fuit
917 549 975 584 (a):

189 593 272 620 quam
304 591 332 613 et
364 587 509 622 inscriptio
534 594 616 624 auget
644 591 715 626 ipsa.
745 592 857 628 Legitur
882 595 976 622 enim:

188 631 318 665 θεοφίλου
335 631 563 667 Ἀρχιεπισκόπου
581 634 780 672 Ἀλεξανδρείας
787 638 978 675 προσφώνησις

188 674 242 701 τῶν
266 674 414 710 θεοφανίων
432 678 599 706 ἐπιστάντων
611 680 640 707 ἐν
658 681 796 718 Κυριακῇ.
819 682 891 711 Sane
914 674 976 712 haec

188 720 357 748 ἐπιστάντων
383 722 412 749 ὲν
435 723 573 760 Κυριακῇ,
592 725 665 753 haud
680 727 748 754 adeo
762 728 796 755 ad
811 729 976 758 sententiam

187 769 263 794 tuam
288 767 423 801 explicata
447 769 585 798 videntur.
621 770 690 798 Tum
726 773 833 808 reliqua
861 776 976 804 canonis

189 811 349 845 scrupulum
370 812 485 847 injicere
502 819 630 849 possunt.
648 815 701 843 Sed
718 817 875 851 φιλονείκως
893 819 929 846 de
946 827 976 847 re

189 856 326 884 levissima
342 865 398 885 non
411 859 556 892 contendo,
576 862 678 889 νικάτω
698 863 715 898 ὴ
739 863 864 899 ἀλήθεια.
880 865 908 893 Si
922 865 973 892 mi-

188 908 250 934 nus,
267 902 301 928 τὰ
317 903 410 930 εἰκότα
424 904 535 939 μᾶλλον.

222 946 261 975 De
278 948 384 983 jejunio
401 954 428 977 et
445 951 566 979 statione
593 954 721 987 pervellis
746 955 846 988 obiter,
872 956 920 984 sed
942 964 975 986 ea

187 995 284 1025 praeter
300 1000 357 1020 rem
376 997 403 1021 et
417 994 508 1022 alieno
529 995 589 1024 loco
603 1002 670 1025 sunt
687 998 799 1034 injecta.
824 999 897 1029 Sane
912 1001 976 1030 dili-

187 1041 281 1071 genter
296 1038 449 1067 cavendum
471 1041 539 1068 illud
561 1043 642 1070 nobis
666 1048 720 1078 est,
741 1053 777 1073 ne
800 1046 926 1079 καθόλου.
947 1052 975 1076 et

183 1081 290 1111 inﬁnite
307 1083 341 1111 de
355 1085 551 1115 ecclesiasticis
568 1088 668 1117 ritibus
685 1091 824 1118 sententia
844 1093 972 1128 prazcipi-

183 1132 275 1162 tetur;
301 1133 329 1157 et
353 1138 413 1166 quae
440 1138 592 1166 certorum.
619 1135 642 1162 si
668 1135 749 1170 forte,
775 1142 929 1174 temporum
944 1144 972 1168 et

186 1173 369 1203 Ecclesiarum
398 1177 522 1206 instituta
550 1179 675 1215 fuerunt,
706 1190 738 1210 ea
764 1184 798 1211 ad
825 1173 970 1215 universos

186 1226 239 1247 tam
272 1221 353 1250 facile
381 1225 598 1254 transferantur.
632 1227 771 1262 Ejusmodi
799 1234 874 1257 tuum
901 1231 970 1260 illud

182 1273 244 1294 esse
260 1266 369 1295 videtur
381 1268 568 1305 interdictum,
583 1280 637 1308 quo
649 1274 757 1307 statuis,
769 1275 842 1303 nullo
855 1285 969 1311 unquam

177 1311 276 1346 jejunii
289 1313 340 1347 die,
357 1315 436 1344 etiam
458 1322 535 1344 extra
557 1318 806 1355 Quadragesimam,
826 1322 968 1350 missarum

185 1358 317 1386 celebrata
339 1360 422 1395 fuisse
439 1363 568 1391 solemnia
584 1372 592 1392 :
612 1365 684 1400 quod
699 1366 782 1395 nimis
795 1368 924 1396 audacter
942 1373 970 1397 et

178 1406 335 1438 generatim
358 1414 512 1437 asseveras.
531 1409 596 1438 Esto
611 1411 697 1443 enim,
714 1411 742 1439 id
757 1412 785 1439 in
804 1413 970 1448 quibusdam

183 1449 313 1479 Ecelesiis
334 1451 509 1481 observatum
535 1455 638 1484 fuerit:
665 1456 729 1492 quis
746 1461 774 1486 te
790 1458 861 1490 idem
876 1459 972 1487 docuit

217 1526 256 1562 (α)
269 1526 333 1563 Pag.
349 1530 394 1558 44.

200 1624 411 1634 -ξ

864 170 951 199 [11οΝ.
973 169 1145 198 PETAVIUS

995 233 1018 260 Α
1032 229 1134 264 ubique
1152 236 1183 256 ac
1199 232 1332 264 perpetuo
1347 236 1408 257 esse
1425 231 1582 257 servatum?
1594 229 1662 257 Nam
1688 230 1823 266 ἀορίστως

990 897 1011 926 Β

1768 175 1824 204 031

1008 272 1013 279 ”
1033 279 1060 303 et
1077 275 1204 303 universe
1224 275 1365 302 decretum
1385 280 1462 302 tuum
1488 276 1622 311 concipis.
1646 275 1716 310 Quid
1740 278 1823 313 igitur

1031 321 1186 357 Augustino
1211 321 1307 353 facies,
1334 321 1381 356 qui
1411 322 1528 356 epistula
1553 322 1615 354 118,
1638 330 1702 350 cum
1730 324 1821 352 varios

1030 375 1080 402 per
1102 367 1228 395 diversas
1241 367 1318 394 orbis
1335 367 1485 394 Christiani
1500 372 1595 402 partes
1608 369 1680 397 ritus
1699 370 1819 404 exponit,

1031 413 1069 440 ita
1092 413 1214 448 loquitur
1228 424 1233 440 :
1247 412 1320 440 Alibi
1339 413 1428 440 nullus
1457 413 1512 440 dies
1536 414 1736 447 intermittitur,
1769 423 1820 449 quo

1030 467 1082 486 non
1097 459 1242 493 offeratur;
1269 458 1334 485 alibi
1356 458 1474 486 Sabbato
1500 463 1603 486 tantum
1621 465 1646 486 et
1666 459 1820 488 Dominico?

1029 504 1108 539 Apud
1123 504 1300 532 Ambrosium
1315 511 1425 539 quoque
1439 512 1511 532 serm
1533 505 1568 532 54
1594 505 1720 540 legimus.
1736 506 1819 532 etiam

1029 550 1056 578 in
1073 549 1299 585 Quadragesima.
1322 549 1366 577 die
1388 550 1464 577 onmi
1494 550 1659 578 sacriﬁcium
1684 551 1818 584 oblatum,

1028 599 1056 623 et
1090 603 1106 622 a
1140 594 1306 631 quibusdam
1338 595 1573 623 communicatum
1606 595 1702 624 fuisse.
1743 596 1819 624 Adeo

1029 642 1136 673 varius,
1151 649 1202 671 nec
1217 641 1310 669 eadem
1337 648 1367 669 ac
1393 641 1512 676 generali
1545 641 1603 676 lege
1626 643 1815 676 constringen-

1028 687 1080 715 dus
1098 686 1283 715 Ecclesiarum
1297 688 1421 715 omnium
1439 695 1508 715 usus
1526 688 1626 723 priscis
1647 689 1816 722 temporibus

1027 731 1091 759 fuit.
1113 731 1190 765 Quod
1205 732 1297 767 ipsum
1322 736 1349 759 et
1366 732 1400 760 de
1414 732 1596 760 Eucharistiae
1609 733 1818 768 participatione

1026 777 1081 806 dici
1099 778 1246 805 convenit:
1261 786 1344 813 quam
1362 782 1391 805 tu
1411 779 1505 811 nullis,
1531 779 1574 806 vel
1596 783 1674 806 extra
1690 779 1817 812 Quadra-

1026 823 1276 859 gesimam.jejunii
1302 824 1401 852 diebus
1425 829 1598 859 usurpatam,
1626 825 1708 852 nimis
1729 825 1816 853 conti-

1026 870 1123 897 denter
1137 870 1251 903 asseris,
1270 874 1297 898 et
1315 870 1443 898 videlicet
1466 870 1524 898 sola
1540 870 1567 898 id
1583 871 1746 898 auctoritate
1767 875 1815 898 tua

1027 915 1187 949 persuades.

1029 962 1031 964 '
1063 958 1125 987 Haec
1148 965 1225 992 sunt,
1250 968 1310 995 quae
1328 969 1379 996 pro
1403 961 1683 989 Animaduersionibus
1702 961 1813 994 nostris,

1025 1008 1124 1032 contra
1151 1005 1406 1041 Dispunctiunculas
1432 1013 1505 1040 tuas,
1529 1007 1689 1043 opponenda
1708 1007 1818 1042 putavi-

1025 1057 1108 1084 mus,
1136 1059 1171 1079 ne
1201 1052 1236 1084 si,
1266 1053 1339 1087 quod
1367 1058 1397 1081 ut
1423 1053 1541 1081 facerem
1571 1058 1701 1080 auctores
1734 1057 1814 1080 erant

1024 1092 1121 1131 aliqui,
1139 1096 1342 1125 dissimulat-em
1364 1098 1484 1134 penitus,
1510 1098 1592 1126 nimis
1619 1098 1681 1125 illas
1698 1105 1713 1124 a
1733 1097 1813 1126 nobis

1023 1145 1218 1177 contemptas,
1243 1151 1275 1171 ac
1300 1151 1349 1179 pro
1379 1144 1466 1171 nihilo
1489 1144 1587 1172 ductas
1613 1151 1683 1177 esse,
1717 1151 1813 1178 posses

1023 1187 1167 1222 conqueri.
1184 1187 1213 1216 In
1232 1189 1283 1216 hac
1299 1197 1382 1224 porro
1397 1190 1439 1217 vel
1457 1190 1630 1226 purgatione,
1654 1190 1698 1217 vel
1715 1189 1813 1217 confu-

1022 1233 1126 1262 tatione
1143 1239 1249 1269 nostra,
1271 1235 1312 1263 sic
1328 1243 1343 1262 a
1357 1244 1401 1263 me
1413 1236 1577 1264 Christianas
1589 1235 1730 1263 modestia:
1745 1235 1812 1263 cha-

1021 1279 1164 1315 ritatisque
1186 1281 1320 1309 rationem
1343 1282 1461 1309 habitam
1482 1289 1542 1310 esse
1563 1281 1681 1313 conﬁdo.
1708 1285 1738 1308 ut
1761 1281 1812 1309 hoc

1021 1325 1200 1355 nihilominus
1212 1328 1357 1363 intelligas,
1369 1329 1475 1357 felicius
1486 1333 1512 1357 te
1523 1329 1584 1356 aliis
1594 1330 1620 1356 in
1630 1328 1720 1360 rebus,
1729 1335 1811 1362 quam

1023 1371 1051 1398 in
1074 1371 1272 1408 dispungendis
1296 1373 1576 1402 Animadversionibus
1603 1373 1676 1406 istis,
1699 1379 1812 1408 operam

1023 1417 1145 1452 potuisse
1159 1427 1269 1454 ponere.

417 1627 1807 1652 Ἢ

357 1713 731 1774 ADVERSUS
773 1718 1143 1779 CLAUDIUM
1187 1703 1620 1781 SALMASIU‘M.

826 1828 878 1864 (Cf.
896 1829 961 1857 liter.
975 1829 1047 1863 XIX,
1064 1839 1091 1866 p.
1104 1831 1161 1866 10.)

494 1937 608 1967 CAPUT
632 1938 653 1968 1.

182 2003 221 2032 De
241 2003 402 2031 Essenorum
420 2008 492 2031 secta
508 2009 533 2032 et
549 2005 710 2033 discrimine.
733 2005 858 2034 Ridicula
881 2008 913 2035 de
928 2008 968 2036 his

217 2038 513 2076 obsei'vatioUSalmasii
533 2045 558 2067 et
578 2039 690 2068 Hesiodi
704 2041 868 2076 depravatio.
889 2042 969 2071 Philo

215 2073 326 2101 Judwus
347 2074 509 2102 illustratur.

215 2129 306 2158 Solem
332 2130 470 2165 appellare
489 2130 555 2159 Θεόν
582 2131 743 2167 simpliciter
767 2140 800 2161 ac
823 2134 898 2161 nullo
918 2134 967 2162 ad-

180 2173 286 2209 juncto,
303 2175 405 2209 passim
424 2174 551 2202 Julianus
569 2180 652 2208 amat,
672 2177 799 2205 oratione
814 2179 966 2212 praesertim

180 2227 224 2254 ea,
241 2227 322 2255 quam
337 2220 370 2248 de
390 2220 466 2248 illius
488 2221 568 2249 laude
588 2222 707 2257 scripsit.
730 2223 768 2250 Ita
787 2229 814 2251 et
831 2224 967 2260 Josephus

179 2267 339 2295 nominasse
353 2267 484 2301 creditur,
505 2267 553 2295 lib.
576 2275 607 2301 ll,
623 2276 686 2304 cap.
703 2269 729 2301 'l,
748 2270 785 2297 De
801 2271 900 2303 ποία..
919 2273 967 2300 ubi

179 2310 214 2338 de
229 2309 341 2339 Essenis
355 2312 420 2347 agit.
444 2311 499 2339 llos
523 2312 596 2339 enim
617 2313 700 2340 refert
716 2321 778 2341 cum
794 2319 915 2343 ventrem
930 2317 967 2343 le-

178 2361 285 2390 varent,
301 2363 431 2385 excavata
454 2358 563 2391 scrobe,
581 2358 609 2386 in
631 2367 691 2386 eam
717 2359 842 2389 desidere
858 2362 964 2396 solitos,

177 2402 345 2430 circumfuso
361 2404 438 2439 prius
457 2404 549 2438 pallio,
563 2404 601 2436 ὼς
615 2405 652 2440 μὴ
667 2405 716 2437 τὰς
729 2406 816 2440 αὐγὰς
829 2407 965 2443 ὑϐρίζοιεν

176 2447 224 2474 τοῦ
236 2446 313 2480 Θεοῦ,
326 2455 357 2475 ne
372 2447 423 2480 Dei
437 2448 519 2475 radiis
545 2449 672 2484 injuriam
695 2450 823 2484 facerent.
832 2451 900 2479 Nam
918 2453 965 2480 Dei

177 2494 288 2521 nomine
303 2493 427 2528 plerique
450 2494 533 2521 solem
557 2495 711 2531 intelligunt
727 2506 733 2524 :
752 2501 782 2524 ut
797 2502 825 2526 et
843 2497 964 2535 Scaliger

176 2540 206 2566 in
224 2538 340 2566 Elencho
358 2539 508 2567 Trtha-resii
538 2548 598 2577 cap.
620 2541 666 2574 27,
678 2546 706 2570 et
726 2542 840 2573 Drusius
865 2545 912 2573 lib.
938 2553 964 2574 Iv

176 2584 216 2612 De
232 2583 316 2612 tribus
327 2586 415 2618 sectis,
430 2594 458 2621 p.
469 2586 532 2614 2M.
545 2586 664 2616 Tametsi
678 2597 734 2618 non
751 2590 831 2626 plane
844 2597 961 2624 constat.

178 2633 270 2656 utrum
287 2630 371 2658 solem
385 2630 434 2657 Dei
448 2631 582 2659 vocabulo
598 2632 642 2660 hic
661 2633 796 2670 Iosephus
811 2635 932 2664 aﬂ‘ecerit
953 2647 960 2665 :

177 2675 328 2711 praesertim
358 2684 420 2704 cum
446 2676 532 2705 Judaei
560 2677 650 2707 forent
675 2679 782 2714 Esseni,
808 2682 854 2717 qui
877 2683 961 2711 solem

175 2729 237 2751 esse
258 2721 344 2750 Deum
369 2726 480 2758 putasse
498 2731 552 2751 non
576 2724 710 2753 videntur.
736 2725 795 2754 Non
816 2727 962 2755 absurdam

175 2773 267 2796 tamen
288 2769 397 2797 illorum
424 2768 610 2805 conjecturam
632 2771 707 2805 facit,
729 2773 801 2808 quod
822 2773 892 2801 idem
913 2772 962 2802 Jo-

175 2815 277 2849 sephus
293 2819 404 2843 narrat:
428 2815 547 2844 Essenos
569 2816 597 2844 in
618 2817 703 2845 solem
723 2817 811 2852 patria
837 2817 961 2852 quaedam

175 2860 281 2889 cantica
299 2860 442 2895 cecinisse,
457 2861 557 2898 quibus
574 2866 664 2891 ortum
683 2863 742 2895 eius
755 2863 937 2897 precabantur
953 2873 960 2891 :

983 1946 1007 1978 α
1022 1943 1157 1979 Πατρῐους
1172 1943 1200 1970 δέ
1211 1952 1287 1976 τινας
1301 1944 1341 1977 εἰς
1357 1944 1438 1971 αὑτὸν
1454 1945 1548 1981 εὐχὰς,
1567 1945 1661 1983 ὥσπερ
1674 1948 1809 1977 ἱκετεύονο

1023 1997 1069 2021 τες
1089 1989 1240 2016 ἀνατεῖλαι.
1262 1989 1331 2018 Tum
1353 1991 1399 2018 illa
1417 1991 1615 2027 qualiscunque
1638 1995 1809 2030 superstitio,

1021 2035 1094 2070 quod
1105 2035 1258 2063 naturalem
1278 2037 1444 2072 egestionem
1465 2037 1498 2065 ad
1517 2039 1613 2067 solaris
1633 2039 1743 2068 luminis
1765 2042 1810 2068 in-

1018 2081 1118 2116 juriam
1148 2082 1301 2110 traherent.
1333 2082 1487 2112 Salmasius
1509 2091 1572 2111 cum
1602 2085 1629 2112 in
1659 2085 1808 2115 Soliniam’s

1020 2127 1264 2155 Exercitationibus
1279 2127 1313 2156 de
1327 2128 1374 2156 illo
1386 2128 1497 2165 .losephi
1509 2130 1580 2163 loco,
1591 2130 1679 2166 deque
1694 2132 1809 2161 Essenis

1019 2176 1120 2208 ageret,
1133 2173 1169 2200 ita
1183 2173 1295 2208 pudoris
1312 2173 1357 2201 sui
1371 2178 1398 2202 et
1412 2175 1624 2203 existimationis
1638 2177 1740 2205 oblitus
1755 2183 1807 2210 est.

1019 2223 1049 2246 ut
1064 2227 1095 2247 ea
1114 2226 1176 2247 cum
1201 2219 1343 2253 scriberet,
1360 2220 1438 2255 pensi
1463 2221 1530 2249 nihil
1555 2223 1685 2252 habuisse
1708 2232 1808 2260 cogno-

1018 2271 1090 2292 scas.
1104 2265 1168 2299 Ejus
1183 2265 1407 2300 disputationem.
1430 2268 1542 2302 quando
1564 2276 1596 2296 ea
1616 2276 1646 2297 se
1669 2270 1749 2298 nobis
1763 2278 1808 2306 op-

1018 2310 1172 2345 portunitas
1194 2311 1304 2343 obtulit,
1327 2311 1372 2338 hic
1392 2312 1511 2340 breviter
1533 2313 1719 2348 inspiciemus.
1738 2315 1808 2343 Seria

1017 2355 1058 2382 bit
1071 2356 1098 2383 in
1109 2356 1229 2383 Pliniun.
1240 2357 1349 2384 exercit.
1364 2365 1390 2392 p.
1407 2357 1473 2391 612,
1485 2357 1615 2393 Essenos,
1629 2361 1688 2395 qui,
1701 2364 1731 2388 ut
1745 2364 1808 2389 ante

1017 2401 1120 2428 dictum
1135 2405 1187 2433 est,
1207 2402 1235 2429 in
1250 2403 1354 2430 ventris
1375 2411 1459 2431 onere
1476 2404 1591 2432 levando
1606 2406 1750 2438 cavebant,
1772 2414 1807 2434 nc

1017 2447 1050 2474 ad
1074 2447 1126 2474 ista
1154 2447 1328 2482 splendorem
1352 2449 1419 2476 solis
1445 2449 1630 2483 admitterent,
1658 2451 1685 2478 id
1711 2452 1806 2480 eodem

1018 2492 1118 2521 fecisse
1137 2493 1236 2526 modo,
1261 2501 1317 2529 quo
1348 2493 1483 2523 Hesiodus
1508 2499 1582 2523 vetat
1606 2501 1700 2524 contra
1724 2499 1807 2526 solem

1017 2540 1130 2564 stantem
1144 2537 1270 2572 mingere,
1285 2537 1331 2565 sed
1344 2538 1376 2565 de
1389 2543 1463 2566 nocte
1479 2544 1594 2574 tantum,
1609 2542 1652 2570 his
1665 2543 1803 2572 versibus:

1052 2592 1127 2633 ill-{16:
1148 2591 1212 2633 ἄττ’
1225 2593 1348 2633 ’ἠελιριρ
1367 2596 1568 2633 τετραμμένος
1585 2597 1674 2631 ὀρθὸς
1691 2599 1806 2633 ὀμιχεῖν

1051 2627 1150 2661 Αὐτὰρ
1165 2628 1231 2655 ἐπεί
1248 2636 1284 2655 κε
1303 2628 1360 2664 δύῃ
1381 2627 1572 2666 “eain-perac
1591 2627 1804 2661 [cher-lorica.

1017 2681 1080 2710 Haec
1093 2682 1219 2710 Salmasii
1234 2684 1316 2712 verba
1330 2689 1404 2718 sunt,
1420 2685 1449 2714 in
1463 2687 1564 2722 quibus
1580 2695 1739 2723 germanum
1751 2689 1806 2717 cri-

1016 2728 1112 2761 ticum,
1128 2728 1180 2756 hoc
1196 2732 1248 2761 est,
1268 2730 1338 2758 aeris
1354 2734 1382 2758 et
1401 2732 1530 2767 exquisiti
1552 2733 1647 2768 judicii
1669 2742 1805 2769 gramma-

992 2796 995 2800 .
1016 2772 1101 2800 ticum
1118 2780 1262 2808 agnoscas.
1285 2774 1433 2804 Hesiodum
1452 2782 1529 2813 putat
1551 2779 1585 2807 iis
1606 2780 1732 2809 versibus
1756 2788 1804 2809 ve-

1015 2818 1111 2850 tuisse.
1139 2825 1174 2846 ne
1201 2819 1263 2853 quis
1287 2819 1321 2849 de
1339 2825 1421 2849 nocte
1450 2828 1545 2851 contra
1570 2825 1654 2853 solem
1677 2826 1803 2855 meieret.

1016 2862 1087 2896 Quid
1105 2863 1157 2892 hoc
1172 2864 1288 2893 monstri
1304 2868 1356 2900 est,
1367 2866 1502 2898 obsecro?
1519 2868 1645 2907 Nunquis
1665 2871 1700 2901 de
1722 2876 1803 2902 nocte
