1937 3039
74 202 126 230 6‘53

589 203 773 232 ADVERSUS
792 203 969 233 CLAUDII)“
991 204 1202 235 SALMASIUM.

1653 206 1706 235 635

73 251 173 285 contra
189 258 273 290 solem
290 259 376 293 possit
395 258 512 288 meiere?
530 259 641 287 Adeone
661 260 795 288 delirabat
811 260 867 288 lie-
880 261 904 289 Α
916 262 1039 290 moribus
1065 262 1206 298 disputare
1239 262 1409 298 aggrediens,
1438 263 1503 298 quid
1522 263 1550 290 in
1575 271 1606 290 ea
1626 271 1655 291 re
1674 272 1706 292 ac

75 301 183 333 siodus.
202 307 231 329 ut
250 303 303 330 ista
328 304 479 332 scriberet?
503 303 590 332 Homo
617 309 715 333 acutus
735 313 789 333 non
800 305 868 333 vidit

75 348 147 374 duos
164 348 226 376 illos
240 356 337 375 versus
349 352 376 376 et
389 349 524 376 sententia
534 353 561 377 et
572 350 794 384 interpunctione
807 357 869 378 esse

75 393 235 421 distractos.
250 392 289 420 lta
302 401 367 429 ergo
383 394 527 429 legendum
541 399 584 422 est
602 404 609 421 :

112 449 189 486 Μηδξ
207 449 271 486 ἀντ’
290 450 404 486 ἠελίοιο
422 450 621 485 τετραμμένος
640 451 726 485 ὀρθὸς
741 452 866 486 ὀμιχεῖν.

112 484 353 523 Etiamsi-“
368 485 425 523 δρᾷ
444 484 636 523 ﬂemus-Fu
654 486 716 513 ἔστ’
729 484 868 523 enim.

110 519 186 553 Μήτ’
208 519 243 546 ὲν
262 519 330 553 ὀδῷ,
350 519 419 554 μήτ’
437 520 523 553 ἐκτὸς
546 521 617 548 ὀδοῦ
639 521 795 555 προϐάδην
816 523 868 548 οὺ-

112 588 192 624 Μηδ¹
220 589 458 625 ἀπογυμνωθείς.
494 590 643 625 Μακάρων
677 556 871 625 τοὲρήῖἒξέες

697 625 832 662 [fac-cm

105 681 134 709 ld
153 685 199 710 est
214 690 222 709 :

115 735 206 770 Neque
227 739 319 762 contra
337 735 418 762 solem
436 742 575 762 conversus
590 739 674 770 rectus
689 735 789 769 mejita.

111 769 198 797 Porro
213 779 271 797 cum
280 770 413 801 occiderit,
426 777 524 796 memor
537 777 616 804 usque
629 769 662 796 ad
677 771 812 802 orientem,

113 805 205 840 Neque
222 806 250 831 in
266 806 307 832 uia
320 813 400 840 neque
410 809 486 840 extra
497 805 565 832 niam
577 805 720 839 gradiendo
732 805 832 838 meiat;

113 839 205 874 Neque
217 840 365 867 denudatus
378 847 387 865 :
407 839 517 866 deorum
534 840 622 874 utique
638 845 726 867 noctes
741 845 812 867 sunt.

77 898 136 924 Duo
147 901 211 924 sunt
225 896 251 923 in
265 896 308 923 his
321 896 445 924 versibus
462 897 574 924 monita.
592 895 684 924 Primo
696 905 775 925 versu
792 905 864 932 prae-

75 942 154 977 cipit,
179 948 213 969 ne
241 946 336 969 contra
360 942 447 970 solem
472 942 554 969 meiat
581 942 737 978 quispiam,
762 943 796 970 de
820 943 865 970 die

77 988 172 1022 utique
191 994 224 1015 ac
246 987 305 1014 sole
332 987 452 1015 lucente.
469 987 673 1016 Posterior-ibus
693 988 783 1016 tribus
798 988 864 1017 hor-

75 1039 162 1066 tatur,
179 1037 208 1060 ut
225 1041 259 1061 ne
275 1037 338 1068 post
361 1041 491 1061 occasum
509 1034 594 1062 solem
617 1041 650 1061 ac
667 1037 747 1062 nocte
766 1034 863 1062 ambu-
888 1026 894 1034 ’

75 1080 158 1107 laudo
169 1079 262 1112 meiat,
278 1084 325 1107 aut
337 1080 496 1108 denudatus
510 1089 517 1108 :
534 1079 607 1115 quod
619 1080 700 1107 etiam
722 1081 796 1109 nocti
819 1088 866 1110 ve-

75 1126 184 1154 neratio
202 1125 326 1161 quaedam
346 1125 500 1154 adhibenda
515 1126 560 1153 sit.
579 1125 638 1153 Etsi
653 1126 794 1153 conlidens
811 1129 863 1157 est.

75 1179 108 1199 ac
122 1172 253 1199 mortales
269 1179 324 1206 prae
339 1179 369 1199 se
383 1172 534 1199 contemnit
545 1179 659 1205 omnes;
675 1172 717 1200 vir
732 1172 811 1200 aliter
825 1175 866 1199 ta-

76 1225 138 1245 men
155 1217 213 1245 l'orc
232 1221 297 1253 puto
313 1225 376 1244 cum
403 1217 460 1246 haec
487 1217 593 1252 legerit,
621 1217 688 1252 quin
714 1217 756 1245 sui
783 1217 866 1245 vebe«

78 1268 184 1290 menter
200 1263 300 1297 pudeat
319 1263 421 1298 ipsum,
439 1270 471 1290 ac
487 1263 594 1291 levibus
619 1263 735 1290 aliorum
759 1262 866 1290 delictis

76 1310 225 1344 aequiorem
246 1316 276 1336 se
290 1309 418 1344 praebeat,
434 1316 496 1336 cum
517 1312 594 1336 tanto
610 1308 736 1344 graviora
753 1311 780 1335 et
795 1309 866 1335 into-

76 1354 232 1381 leraltiliora
246 1354 281 1381 ab
297 1361 327 1382 se
345 1353 466 1389 proiecta
486 1354 621 1389 cognorit.
648 1353 701 1382 Sed
721 1361 866 1389 pergamus

78 1408 170 1435 porro.
195 1400 306 1428 Falsum
329 1399 428 1427 deinde
447 1400 544 1428 scribit
566 1400 638 1428 idem
665 1399 714 1435 (a),
737 1399 810 1435 quod
831 1401 866 1428 ad

77 1448 259 1483 Epiphanium
283 1450 408 1474 notatum
433 1452 476 1474 est
499 1454 526 1482 p.
558 1447 604 1478 5'1,
633 1446 794 1474 Essenorum
818 1447 866 1474 hoc

77 1494 162 1527 fuisse
180 1493 366 1527 propriunmtt,
376 1493 431 1520 sole
441 1493 551 1525 oriente,
560 1500 647 1527 preces
657 1492 806 1527 funderent.
816 1493 866 1521 Hic

79 1548 142 1568 vero
159 1540 310 1567 constricta
328 1542 435 1567 tenetur
448 1539 569 1566 hominis
585 1538 710 1574 ἀκρισία.
722 1539 798 1575 ‘Nam
811 1539 867 1566 duo

77 1586 227 1618 commisit,
252 1593 313 1620 quae
333 1585 409 1612 nulla
437 1584 663 1620 tergiversatione
691 1584 868 1613 dissimulare

78 1630 188 1664 poterit.
204 1628 337 1660 Primum,
359 1628 432 1664 quod
452 1629 498 1656 ille
521 1628 619 1656 falsum
641 1632 728 1663 putat,
752 1629 867 1657 verissi-

78 1683 152 1702 mum
170 1678 224 1708 est,
243 1677 271 1702 et
288 1673 428 1702 aPhilone
443 1674 527 1702 claris
550 1682 583 1702 ac
608 1674 762 1710 perspicuis
777 1675 869 1703 verbis

77 1721 182 1749 editum
203 1721 273 1748 libro
285 1721 353 1756 Περὶ
371 1721 429 1755 βίου
445 1720 687 1757 θεωρητικοῇριις.
701 1721 766 1752 612,
777 1721 823 1749 ubi
835 1721 870 1749 de

78 1767 192 1795 Essenis
206 1767 339 1794 latissime
356 1767 461 1794 scribit.
482 1765 572 1794 Verba
584 1767 658 1794 illius
673 1776 679 1794 :
693 1767 742 1799 Δὶς
761 1767 790 1794 δὲ
806 1767 869 1794 καθ’

78 1813 198 1849 ἑκάστην
223 1813 331 1848 ἡμέραν
355 1813 482 1840 εἰώθασιν
506 1812 651 1848 εῠχεσοαι,
673 1813 738 1848 περὶ
753 1813 803 1848 τὴν
819 1813 867 1847 Eoi,

79 1860 125 1886 καὶ
141 1859 206 1895 περὶ
220 1859 269 1894 τὴν
281 1859 416 1895 ἑσπέραν·
435 1859 511 1893 ήλιου
529 1859 577 1894 μὲν
591 1858 757 1894 ἀνίσχοντος,
769 1859 871 1894 εὑημε-

80 1905 142 1940 ρὶτις
160 1904 316 1940 αἰτούμενοι
331 1904 380 1940 τὴν
394 1904 479 1937 ὅντως
493 1905 655 1941 εὐημερίαν,
675 1905 764 1940 φωτὸς
787 1905 870 1940 οὖρα.-

80 1950 136 1977 νὶου
151 1950 201 1986 τὴν
211 1950 330 1978 διάνοιαν
341 1950 430 1977 αὐτῶν
448 1950 668 1986 ἀναπλησθῆναι.
686 1950 733 1978 Bis
752 1958 871 1986 unoquo-

79 2005 128 2031 que
143 1997 187 2023 die
203 1996 306 2031 precari
330 1996 424 2029 solent,
447 1995 495 2023 sub
520 2003 647 2023 auroram
667 2001 692 2023 et
711 2004 844 2031 vesperam
859 2003 869 2023 .'

81 2043 181 2070 oriente
201 2042 306 2077 quidem
331 2042 386 2070 sole
413 2050 501 2070 veram
521 2042 604 2076 fausti
628 2042 682 2069 diei
705 2043 870 2077 fanstitatem

80 2089 256 2123 postulantes,
274 2087 400 2115 nimirum
421 2080 449 2114 ut
471 2088 589 2122 ipsorum
609 2096 682 2115 mens
703 2088 800 2115 calcati
814 2088 871 2115 luce

81 2135 225 2169 repleatur.
246 2135 284 2162 lta
300 2142 350 2162 nos
371 2134 522 2170 εὐημερίας
538 2134 689 2170 εὐημερίαν
709 2135 871 2169 interpreta-

82 2188 160 2213 mur,
189 2179 229 2206 uti
261 2180 337 2215 prius
365 2180 466 2214 felicem
501 2179 554 2206 diei
581 2187 703 2210 cursum;
735 2179 870 2214 posterius

81 2219 247 2260 faustitatem
263 2233 295 2254 ac
306 2226 460 2260 felicitatem
476 2225 599 2254 absolute
614 2225 758 2260 signiticet.
774 2224 871 2252 iamne

82 2272 168 2308 pudet
180 2272 298 2300 levitatis
310 2292 316 2303 .
335 2275 383 2299 aut
402 2272 428 2299 id
444 2271 543 2299 falsum
557 2277 608 2304 est,
625 2271 755 2303 Essenos,
766 2271 871 2299 oriente
887 2267 909 2294 Ι)

82 2319 150 2350 sole,
168 2318 274 2354 precari
301 2318 497 2346 consuevisse?
525 2317 687 2353 Quanquam
720 2318 747 2345 id
771 2325 822 2352 ego
845 2317 874 2344 in

82 2363 358 2391 Anintadversionibus
367 2363 563 2398 Epiphanianis
572 2371 625 2391 non
635 2371 650 2391 a
663 2371 706 2391 mc
713 2363 874 2398 pronuntia-

83 2421 153 2443 ram,
172 2412 219 2440 sed
236 2411 347 2446 Iosephi
364 2411 502 2446 ,Scaligeri
515 2410 681 2438 sententiam
696 2409 846 2437 referebam
865 2418 872 2437 :

83 2459 128 2494 qui
145 2462 174 2486 ut
188 2458 308 2485 Osscnos
324 2465 385 2484 cum
409 2456 519 2485 Essenis
534 2456 644 2484 eosdem
660 2456 788 2491 probaret
801 2463 872 2488 esse,

84 2504 228 2538 utriusque
245 2506 326 2530 sectae
338 2502 447 2538 propria
461 2502 532 2530 inter
547 2509 576 2529 se
592 2501 776 2536 comparabat,
793 2505 874 2536 atque

84 2550 135 2577 hoc
141 2550 215 2585 quod
227 2549 293 2581 dixi,
301 2549 441 2584 proprium
447 2548 612 2577 Essenorum
623 2546 707 2575 luisse
717 2554 750 2574 ex
760 2546 875 2574 Philone

84 2595 265 2623 monstrabat.
282 2593 370 2622 Locus
382 2597 424 2623 est
436 2601 497 2629 cap.
508 2594 543 2620 2⁸1
559 2593 711 2621 Triltazresii
726 2600 753 2627 p.
768 2592 832 2624 2|5,
846 2597 875 2620 ut

85 2641 128 2668 vel
145 2648 180 2668 ex
192 2647 226 2667 eo
239 2643 357 2673 constet,
382 2647 483 2667 caecum
502 2639 578 2666 illum
600 2639 627 2666 in
648 2637 874 2674 reprehendendo

86 2685 164 2718 ferri,
189 2693 317 2714 securum
345 2689 372 2714 et
397 2685 521 2714 veritatis
545 2689 572 2713 et
595 2685 698 2721 publici
719 2684 753 2713 de
773 2682 805 2713 'se
826 2683 874 2720 ju-

84 2731 162 2760 dicii.

122 2776 224 2805 Verum
240 2777 321 2813 huius
337 2778 443 2814 generis
462 2782 559 2806 caetera
576 2780 748 2813 pertexamus
762 2785 770 2804 :
788 2783 804 2804 e
815 2775 876 2811 qui-

86 2823 139 2851 bus
158 2823 279 2858 palmare
292 2823 363 2851 istud
382 2827 434 2858 est,
451 2823 524 2858 quod
541 2822 576 2852 de
598 2822 710 2852 Esscuis
725 2829 875 2858 eorumque

121 2911 162 2948 (α)
183 2910 248 2948 ωε.
265 2910 326 2940 ειι.

919 309 1070 342 quastione
1084 313 1167 342 esset,
1184 308 1307 336 funditus
1319 310 1462 345 ignoravit.
1471 309 1528 337 Duo
1539 309 1706 338 Essenorum

919 360 1019 387 genera
1045 353 1167 385 fuerunt,
1190 354 1306 381 alterutri
1330 354 1385 381 τῶν
1407 355 1576 390 πρακτικῶν,
1591 356 1706 383 alterum

918 398 973 425 τῶν
989 399 1174 436 θεωρητικῶν.
1192 400 1231 428 llli
1252 408 1349 428 rursus
1372 400 1497 428 bifariam
1524 401 1622 433 divisi;
1643 409 1705 428 nam

919 445 965 472 alii
979 446 1082 482 ἄγαμοι
1099 450 1125 474 et
1141 447 1253 475 caelibes
1265 447 1385 480 fuerunt,
1396 447 1442 474 alii
1455 447 1558 482 nuptiis
1570 447 1705 482 impliciti.

919 490 957 519 De
970 490 1140 520 Thcorcticis
1167 493 1242 520 solus
1259 493 1336 520 Philo
1361 493 1495 526 meminit,
1511 494 1580 520 libro
1594 494 1640 529 qui
1662 493 1706 520 in-

920 538 1052 565 scribitur
1065 539 1133 573 Περὶ
1145 538 1202 573 βίου
1216 538 1384 574 Θεωρητικοῦ
1397 538 1413 574 ἦ
1429 540 1525 566 ἱκετῶν
1535 539 1656 575 ἀρετῶν,
1671 539 1706 567 de

919 584 1026 612 caeteris
1040 592 1102 611 cum
1116 583 1258 618 ipsePhilo
1269 585 1387 612 breviter
1403 584 1541 612 libro'Ort
1552 586 1606 617 πᾶς
1622 593 1706 611 σπου-

918 629 993 660 δαῖος
1019 628 1171 664 ἐλεύθερος,
1188 632 1215 655 et
1240 629 1268 656 in
1296 629 1427 664 Apologia
1439 637 1489 664 pro
1503 629 1615 661 Judatis,
1627 630 1708 665 cujus

919 672 1102 708 fragmentum
1113 677 1204 702 exstat
1216 674 1287 709 apud
1299 673 1446 702 Eusebium
1456 675 1503 702 lib.
1514 683 1562 702 vni
1574 675 1612 702 De
1625 683 1707 710 praep.

918 727 1010 753 evang.
1025 727 1086 754 cap.
1105 719 1149 751 12,
1163 723 1219 747 tum
1234 728 1301 748 vero
1317 720 1564 755 Joscphusaliquot
1579 721 1607 748 in
1625 721 1708 754 locis,

918 765 966 792 sed
995 766 1119 801 inprimis
1135 767 1182 794 lib.
1201 774 1221 794 ιι
1247 766 1285 793 De
1310 766 1424 799 excidio,
1441 774 1502 802 cap.
1518 767 1545 799 6,
1571 775 1603 795 ex
1621 775 1710 802 eoque

918 810 1090 846 Porphyrius
1103 811 1150 838 lib.
1167 819 1204 843 tv,
1220 811 1291 846 Περὶ
1310 811 1440 846 ἀποχῆς.
1453 812 1602 844 ρυιεείιυιιι
1619 816 1661 840 est
1674 813 1710 840 ab

918 856 1032 884 eruditis
1040 856 1208 889 hominibus,
1216 857 1313 891 ecquid
1322 856 1472 884 Christiani
1482 856 1582 884 iuerint
1593 857 1706 885 Esseni:

918 908 971 929 non
988 901 1026 928 illi
1038 902 1147 936 quidem
1169 901 1279 937 Josepbi
1295 902 1452 937 πρακτικοί,
1468 902 1515 929 sed
1535 901 1708 938 θεωρητικαί,

918 950 1000 981 atque
1014 954 1030 974 a
1043 947 1103 974 solo
1113 947 1228 975 Philone
1242 948 1459 975 commemorati.
1473 948 1608 976 Eusebius
1628 949 1674 975 lib.
1687 955 1706 975 ιι

917 992 988 1020 Hist.
1008 992 1231 1027 ecciesiast.,cap.
1244 993 1289 1024 l7,
1301 992 1472 1020 Christianos
1484 991 1569 1020 luisse
1583 993 1711 1024 credidit,

919 1046 951 1067 ac
966 1039 1105 1074 plerisque
1122 1039 1258 1073 persuasit
1278 1047 1284 1065 :
1301 1038 1328 1064 in
1342 1037 1437 1072 primis
1457 1037 1621 1073 Hieronymo
1638 1037 1711 1064 libro

918 1084 958 1112 De
986 1085 1078 1119 script.
1107 1084 1247 1117 ecclee.,in
1266 1082 1360 1110 Marco
1381 1086 1408 1110 et
1430 1082 1552 1110 Philone.
1571 1082 1710 1118 Negarunt

918 1130 975 1163 alii,
1003 1134 1033 1157 ut
1061 1129 1238 1158 Philastrius.
1270 1128 1329 1156 Non
1361 1132 1402 1157 est
1427 1129 1478 1155 hoc
1505 1128 1566 1155 loco
1591 1127 1709 1155 instituti

918 1176 1008 1203 nostri
1031 1176 1104 1202 litem
1131 1175 1202 1202 hanc
1216 1182 1391 1210 componere.
1416 1173 1542 1200 Tentavit
1561 1173 1587 1200 id
1599 1173 1710 1207 jamdu-

918 1222 983 1249 dum
1014 1222 1155 1249 Serrarius
1179 1226 1282 1254 noster,
1300 1213 1396 1248 contra
1418 1220 1567 1255 Josepltum
1586 1219 1708 1255 Scalige-

919 1273 980 1293 rum
1000 1270 1027 1293 et
1054 1266 1204 1300 Drusiutu;
1236 1274 1351 1301 quorum
1372 1265 1497 1301 ingentes
1516 1265 1579 1292 libri
1611 1265 1661 1292 hac
1677 1265 1712 1292 de

919 1319 973 1339 una
990 1311 1177 1339 controversia
1192 1312 1257 1339 editi
1273 1315 1402 1339 teruntur
1420 1312 1543 1339 omnium
1563 1310 1710 1338 manibus:

920 1363 950 1385 ut
963 1357 1074 1390 nemini,
1091 1357 1144 1385 nisi
1159 1357 1312 1385 litterarum
1326 1357 1447 1384 omnium
1462 1356 1588 1391 rudi,qui
1601 1356 1711 1391 quidem

919 1403 952 1430 de
978 1403 1090 1431 Essenis
1120 1403 1222 1438 aliquid
1241 1403 1326 1436 norit,
1347 1402 1455 1430 nescire
1471 1402 1543 1429 istud
1566 1401 1664 1434 liceat;
1678 1401 1713 1428 de

919 1447 1089 1476 Philonianis
1115 1448 1228 1476 Essenis
1250 1456 1283 1476 ac
1299 1447 1479 1481 Tlteoreticis,
1497 1455 1551 1475 non
1565 1447 1598 1475 de
1619 1448 1713 1475 alteris

921 1495 955 1522 ab
972 1494 1094 1530 Josepho
1107 1495 1254 1529 descriptis
1269 1494 1380 1529 ambigi,
1395 1501 1458 1521 eum
1479 1493 1621 1528 quaeritur,
1633 1493 1712 1520 Chri-

921 1539 1004 1567 stiani
1034 1547 1121 1567 necne
1146 1539 1247 1566 iuerint
1270 1539 1377 1566 Esscni.
1403 1539 1438 1565 At
1461 1538 1514 1566 iste
1537 1537 1712 1573 (Salmasius)

921 1586 1002 1614 unius
1016 1585 1138 1621 Iosephi,
1158 1590 1186 1614 et
1204 1588 1239 1614 ab
1256 1593 1288 1614 eo
1309 1586 1407 1621 proditi
1428 1585 1527 1613 litteris
1549 1586 1712 1612 Essenorum

920 1631 1030 1666 generis
1038 1632 1171 1659 rationem
1187 1631 1282 1659 habuit
1294 1641 1301 1658 :
1315 1631 1436 1659 Philonis
1452 1639 1484 1658 ac
1491 1630 1713 1658 Tlteoreticornm

919 1677 1087 1705 Essenorum
1114 1685 1147 1706 ne
1177 1678 1265 1706 littera
1287 1678 1398 1713 quidem
1420 1678 1545 1705 meminit
1566 1686 1572 1703 :
1593 1683 1663 1712 quos
1678 1684 1714 1703 ne

920 1721 1003 1749 {arido
1023 1721 1133 1756 quidem
1153 1721 1468 1756 didicitunquam.lnde
1483 1726 1535 1755 est,
1555 1722 1627 1757 quod
1642 1721 1713 1755 falso

920 1775 986 1794 ame
1003 1767 1132 1801 scriptum
1147 1767 1276 1798 credidit,
1288 1767 1407 1795 Essenos
1425 1767 1531 1795 oriente
1546 1768 1603 1795 sole
1617 1774 1713 1802 preces

921 1813 1037 1841 fundere
1053 1822 1060 1841 :
1074 1813 1139 1848 quia
1162 1822 1214 1840 non
1228 1813 1270 1840 hic
1282 1819 1332 1846 est,
1361 1814 1460 1848 inquit,
1482 1812 1588 1847 Joseplu'
1609 1822 1712 1840 sensus.

921 1858 1004 1893 Atqui
1025 1857 1136 1894 Iosephi
1152 1858 1226 1885 nulla
1238 1858 1346 1885 isthica
1363 1859 1441 1886 nobis
1458 1858 1529 1886 facta
1542 1859 1643 1886 mentio
1660 1863 1713 1890 est,

921 1904 981 1937 sed,
997 1909 1027 1931 ut
1045 1904 1111 1936 dixi,
1130 1904 1272 1931 Philonem
1303 1904 1368 1940 legit
1399 1911 1552 1939 nunquam,
1581 1912 1661 1939 quem
1685 1904 1714 1932 in

921 1949 1016 1985 grandi
1034 1949 1081 1976 illo
1102 1956 1183 1983 opere
1202 1955 1236 1976 ne
1254 1948 1337 1976 semel
1353 1948 1462 1983 quidem
1479 1948 1611 1975 laudavit.
1626 1948 1658 1974 Et
1672 1952 1714 1974 ta-

921 2003 984 2023 men
1010 1998 1156 2030 postquam
1184 1994 1218 2022 de
1250 1993 1362 2022 Essenis
1392 1993 1527 2021 Praclicis
1542 2001 1576 2020 ex
1595 1993 1715 2029 Joseplio

922 2041 1007 2068 multa
1033 2040 1174 2074 disseruit,
1203 2040 1299 2075 nugari
1324 2042 1401 2074 putat
1416 2047 1460 2066 eos
1474 2039 1519 2074 qui
1531 2047 1646 2066 asserere
1665 2048 1715 2066 au-

921 2087 993 2120 dent,
1004 2095 1048 2114 eo;
1058 2087 1085 2113 in
1099 2090 1182 2113 totum
1198 2085 1364 2113 Christianos
1375 2084 1467 2119 fuisse.
1485 2084 1568 2117 Quasi
1585 2085 1619 2112 de
1634 2084 1715 2112 Esse-

922 2133 966 2161 nis
983 2132 1105 2167 Iosephi,
1122 2131 1169 2166 qui
1188 2131 1225 2159 ita
1255 2130 1385 2163 sentiunt,
1404 2130 1432 2158 id
1447 2134 1588 2164 asseram;
1608 2134 1635 2157 et
1660 2138 1714 2159 non

922 2178 957 2206 de
979 2177 1149 2205 Philontanis
1175 2176 1266 2213 potius
1291 2183 1323 2203 ac
1338 2175 1519 2209 Theoreticis,
1539 2175 1587 2210 qui
1607 2174 1640 2202 ab
1660 2174 1714 2207 illis

923 2223 1036 2259 Josephi
1057 2223 1205 2259 plurimum
1218 2222 1330 2250 distant.

1228 2287 1344 2316 CAPUT
1367 2286 1399 2315 li.

925 2345 963 2373 De
983 2345 1089 2372 Essenis
1105 2345 1266 2372 Theoreticis
1284 2350 1308 2372 et
1326 2344 1467 2372 Practicis.
1485 2343 1614 2372 Salmasii
1627 2351 1713 2370 error.

962 2381 1138 2408 Tertullianus
1156 2380 1188 2407 ab
1202 2389 1231 2407 eo
1245 2381 1414 2414 deprauatus.
1437 2379 1559 2406 Ridicule
1579 2379 1611 2405 de
1636 2386 1714 2405 noca-

960 2417 1020 2442 bulo
1051 2420 1188 2442 mortuum
1205 2416 1302 2449 opinio.
1329 2416 1434 2442 Plinius
1448 2415 1479 2441 ab
1504 2414 1593 2442 eodem
1609 2414 1716 2441 minime

959 2451 1107 2478 intellectus
1125 2450 1282 2484 explicatur.
1299 2450 1488 2485 Patronymica
1509 2450 1618 2476 nomina
1634 2449 1716 2476 etiam

960 2495 977 2513 a
1003 2485 1152 2513 ciuitatibus
1169 2486 1251 2517 dicta,
1269 2490 1361 2512 contra
1375 2484 1454 2520 quam
1466 2484 1600 2512 Salmast‘o
1618 2484 1713 2512 visunt.

961 2541 999 2571 De
1027 2542 1123 2570 iisdem
1151 2541 1263 2569 ESSenis
1282 2540 1388 2569 Plinius
1412 2540 1460 2568 lib.
1482 2548 1508 2573 v,
1528 2547 1589 2575 cap.
1609 2539 1653 2570 Π,
1676 2540 1714 2567 ita

925 2587 1091 2616 scribit:Ab
1114 2586 1246 2614 occidente
1266 2586 1359 2613 littora
1376 2585 1469 2613 Eueni
1485 2585 1610 2621 fugitant,
1633 2594 1716 2622 usque

926 2643 979 2671 qua
991 2640 1093 2668 nocent,
1104 2643 1166 2671 gens
1182 2634 1251 2666 salu,
1265 2637 1290 2661 et
1306 2634 1334 2660 in
1347 2637 1401 2660 toto
1416 2633 1477 2660 orbe
1491 2638 1588 2668 prater
1606 2638 1715 2660 uetera:

927 2681 1007 2711 mira,
1022 2680 1078 2707 sine
1091 2679 1149 2707 ulla
1169 2679 1278 2714 femina,
1301 2679 1373 2706 omni
1388 2686 1479 2705 venere
1498 2677 1633 2710 abdicata,
1659 2677 1716 2706 sine

927 2726 1046 2761 pecuaria,
1067 2725 1138 2753 socia
1148 2725 1311 2759 palmarum,
1335 2727 1389 2752 etc.
1405 2723 1443 2751 De
1457 2729 1576 2758 quonam
1592 2723 1714 2750 Esseno-

927 2779 987 2800 rum
1007 2778 1106 2808 genere
1133 2769 1306 2806 intelligenda
1332 2769 1388 2798 sint
1411 2769 1476 2802 ista,
1501 2769 1601 2796 merito
1628 2766 1715 2803 quaari

925 2821 1025 2854 potest,
1058 2817 1105 2846 sed
1138 2817 1172 2845 dc
1191 2815 1361 2845 Tlleoreticis
1379 2815 1535 2852 persuadet,
1554 2812 1627 2849 quod
1653 2819 1714 2841 eam
