1937 3039
214 191 266 220 655

888 189 978 218 DION.
1000 189 1172 219 PETAVIUS

1804 194 1856 222 636

213 256 321 287 gentem
336 250 420 278 solum
432 250 560 286 appellat,
577 250 629 278 hoc
644 254 697 283 est,
713 249 864 279 solitariam
881 253 908 278 et
927 257 942 277 a
958 257 1005 285 po-
1021 252 1042 280 A
1057 249 1139 284 fuisse
1152 250 1193 278 vel
1205 249 1294 278 littera
1318 248 1464 285 significat,
1488 248 1588 277 nedum
1606 249 1633 277 id
1656 256 1741 276 unum
1758 251 1853 285 operis

214 298 341 333 pulorum
361 297 512 331 frequentia
534 296 687 331 sejunctam
710 301 785 324 :tum
810 296 883 332 quod
901 297 1004 330 palma-

214 351 274 370 rum
283 343 381 370 sociam
392 350 449 369 esse
460 341 538 374 dicit,
549 341 602 369 hoe
621 346 673 374 est,
687 342 715 370 in
734 342 869 377 palmetis.
885 341 1007 377 adeoque

213 387 330 414 desertis
347 387 425 419 locis,
454 391 563 414 aetatem
577 386 686 422 degere.
711 387 769 415 lloc
788 391 818 415 ut
836 387 1006 415 Theoreticis

214 440 247 460 ac
260 432 429 461 Philonianis
443 433 555 462 Essenis
574 434 710 469 congruit,
729 434 769 461 sic
787 441 801 460 a
815 433 1006 462 Practicorum

214 479 349 507 institutis
377 479 516 507 abhorret.
543 479 633 507 Testis
652 483 695 507 est
720 479 810 512 Philo,
829 479 934 515 priores
945 479 1008 507 illos

214 529 290 552 extra
306 526 406 552 mtenia
433 529 461 553 et
479 526 579 562 oppida
597 527 624 554 in
641 527 730 554 hortis
747 534 779 554 ac
797 526 953 555 secessibus
963 526 1008 554 de-

214 578 288 606 gere,
305 574 332 598 et
343 571 503 600 solitudines
519 574 644 607 persequi
662 581 669 600 :
688 572 793 608 Τειχῶν
803 572 855 605 ἔξω
868 572 1007 600 ποιοῦνται

213 616 264 647 τὰς
276 616 416 652 διατριϐὰς
429 617 458 644 ὲν
471 617 581 652 κήποις,
599 617 616 653 ἢ
633 617 801 653 μοναγρίοις,
827 616 946 652 ἐρημίαν
957 625 1008 652 με·

213 662 402 695 ταδιώκοντες,
419 663 570 698 pnesertim
597 664 625 690 in
655 662 783 699 Egypto,
801 665 827 690 et
841 661 875 689 ad
901 661 1007 690 Moerim

215 709 316 743 lacum,
338 711 406 737 mari
427 710 547 737 vicinum
563 718 570 737 :
587 716 642 744 quo
660 709 815 743 frequentes
836 707 945 735 illorum
964 714 1009 734 co-

215 755 295 782 lonia:
314 759 479 788 commeant,
504 759 614 790 propter
641 754 693 782 loci
716 753 960 789 opportunitatem,
975 759 1008 780 ac

215 800 279 827 coeli
296 801 486 828 salubritatem
506 810 511 827 :
528 800 602 835 quod
629 801 673 828 ille
690 804 794 828 tractus
809 799 917 827 lenibus
935 799 1009 826 auris

215 854 231 873 e
247 846 401 882 propinquo
411 847 478 874 mari
496 846 635 882 perﬂatur.
651 846 743 879 Addit,
754 845 855 873 etalibi
872 849 1008 872 terrarum

217 891 288 919 hanc
312 900 374 920 csse
405 897 519 926 sectam,
538 892 672 927 πολλαχοῦ
699 892 750 926 τῆς
775 891 950 926 οἰκουμένης.
971 890 1008 917 De

215 936 349 964 Practicis
358 936 593 972 refertlosephus,
602 944 650 964 eos
659 937 685 964 in
698 937 812 964 urbibus
823 937 936 971 degere:
950 935 1008 962 Mla

214 982 244 1008 δὲ
257 982 307 1008 οὐκ
320 981 394 1008 ἐστιν
404 981 494 1008 αὐτῶν
511 981 602 1013 πόλις·
617 982 674 1008 ἀλλ’
687 982 716 1008 ἐν
730 982 834 1017 ἑκάστῃ
852 980 1009 1017 μετοικοῦσι

215 1027 317 1054 πολλοι.
337 1027 395 1054 Una
413 1028 531 1062 ipsorum
553 1028 645 1055 ciuitas
655 1036 707 1055 non
721 1032 771 1059 est,
787 1027 832 1054 sed
843 1026 1010 1062 singularum

215 1073 339 1108 inquilini
354 1079 415 1100 sunt
438 1073 536 1107 plures.
564 1072 626 1101 Mox
639 1081 646 1099 :
658 1073 792 1109 Κηδεμὼν
811 1073 840 1100 δὲ
860 1074 888 1099 ἐν
906 1072 1009 1108 ἑκάστῃ

215 1119 292 1145 πόλει
307 1118 355 1145 τοῦ
371 1118 659 1155 τάγματοςὲξαίρετος
680 1118 733 1145 τῶν
752 1119 835 1152 ξένων
852 1117 1011 1144 ἀποδείκνυ-

214 1172 270 1196 ται,
282 1164 316 1191 In
329 1163 445 1196 qualibet
467 1164 530 1190 urbe
546 1171 578 1191 ex
597 1164 686 1191 eodem
707 1163 817 1198 collegio
836 1167 947 1190 curator
961 1162 1009 1189 Ito-

216 1210 312 1243 spitum
320 1209 444 1244 specialis
460 1209 578 1244 eligitur.
596 1208 658 1236 llaec
673 1213 739 1235 sunt
763 1212 936 1244 argumento,
955 1207 1011 1234 Pli-

216 1255 479 1290 niideseriptionem
512 1254 546 1281 ad
576 1253 754 1281 Theoreticos
778 1259 806 1281 et
831 1253 1010 1284 Philonianos

216 1301 334 1327 maxime
349 1301 495 1335 pertinere.
509 1300 685 1335 Inquiramus
698 1299 779 1326 modo
797 1307 880 1334 quam
896 1299 967 1327 belle
981 1306 1011 1327 se

216 1348 250 1374 ad
269 1346 388 1375 Plinium
406 1355 487 1375 suum
511 1347 665 1374 Salmasius
685 1347 849 1374 exercuerit.
872 1345 1010 1381 Principio

217 1393 252 1420 de
263 1394 330 1421 solis
348 1393 459 1421 Essenis
470 1393 593 1428 Josephi,
604 1392 652 1428 qui
667 1392 786 1420 l’raetici
801 1396 875 1424 sunt,
890 1391 1010 1419 Plinium

217 1439 338 1473 exponit.
349 1438 407 1465 Non
422 1439 495 1466 enim
508 1438 620 1466 alterius
631 1438 739 1472 generis
753 1437 918 1465 mentionem
935 1437 1008 1465 facit.

218 1483 287 1516 llos,
309 1484 347 1511 ait
374 1484 424 1520 (α),
454 1484 545 1511 littora
573 1483 684 1519 fugisse,
706 1488 735 1511 ut
760 1484 887 1511 interiora
906 1483 1010 1511 Juda’a:

218 1529 378 1558 habitarent.
409 1529 474 1556 Ideo
492 1537 572 1563 porro
607 1529 745 1565 fugiebant
770 1537 851 1561 mare,
880 1535 905 1557 et
930 1538 1010 1565 quant

1060 295 1202 324 habuisse.
1218 295 1314 323 Varias
1328 295 1402 322 enim
1418 298 1492 322 artes
1505 294 1672 322 exercebant
1684 303 1692 328 ;
1710 302 1772 322 nam
1786 295 1860 323 dilu-

1057 341 1119 369 culo
1135 341 1203 377 πρὸς
1218 341 1251 373 ἃς
1262 341 1371 368 ἕκαστοι
1390 341 1487 376 τέχνας
1504 341 1594 367 ἴσασιν
1609 341 1662 367 ὑπὸ
1685 340 1740 368 τῶν
1754 341 1855 377 ἐπιμε-

1058 387 1148 424 λητῶν
1159 388 1312 423 διαφίενται
1325 397 1331 403 ·
1345 387 1436 415 adeas
1453 392 1535 420 artes,
1552 395 1666 422 quarum
1684 388 1764 422 periti
1781 392 1854 420 sunt,

1057 434 1216 462 exercendas
1257 443 1274 461 a
1302 433 1436 469 pra’fectis
1464 434 1637 461 dimittuntur
1668 434 1702 460 ad
1729 434 1854 470 quintam

1059 487 1166 515 usque:
1181 487 1235 515 qua
1250 480 1278 507 in
1289 487 1374 507 unum
1394 479 1595 507 conveniebant
1613 479 1647 506 ad
1658 479 1803 515 prandium
1818 487 1826 512 ;
1841 488 1855 506 a

1059 534 1114 561 quo
1130 526 1228 553 iterum
1257 525 1291 552 ad
1311 532 1452 560 vesperam
1469 524 1496 551 in
1512 531 1594 559 opere
1616 523 1799 551 habebantur.
1817 523 1854 550 Es

1059 572 1104 600 bis
1120 571 1232 599 evidens
1247 574 1300 604 est,
1314 575 1362 598 aut
1383 571 1451 598 istos
1466 570 1640 606 agriculturae
1661 577 1715 597 non
1729 577 1854 601 vacasse.

1060 621 1107 644 aut
1121 623 1176 643 non
1199 616 1311 643 unicum
1339 616 1391 643 hoc
1407 623 1493 651 genus
1510 616 1578 643 artis
1609 615 1771 644 instituisse.
1801 616 1855 643 Sed

1059 670 1148 697 neque
1177 662 1373 689 commercium
1403 669 1484 689 omne
1519 661 1693 696 repudiasse;
1718 669 1782 689 nam
1807 662 1855 698 qui

1060 713 1132 737 artes
1140 708 1242 740 varias,
1259 716 1328 744 quas
1347 707 1466 743 quisque
1479 710 1571 738 norat.
1584 707 1759 738 exercebant,
1778 715 1854 742 qum-

1060 759 1133 782 stum
1163 754 1257 789 utique
1288 753 1436 786 faciebant,
1466 759 1499 779 ac
1533 752 1576 779 vel
1602 759 1700 787 operas
1720 753 1856 785 suas,ch

1061 800 1160 827 artium
1184 806 1267 834 opera
1282 799 1470 826 venditabant.
1486 798 1629 826 Postremo
1650 798 1718 825 nihil
1737 798 1855 826 Essenos

1060 845 1159 873 emisse
1174 852 1262 879 neque
1278 843 1436 871 vendidisse
1451 851 1505 871 non
1523 844 1620 871 scribit
1639 843 1788 878 Iosephus,
1806 844 1855 871 sed

1061 890 1177 917 invicem
1193 899 1199 917 :
1215 889 1299 916 0-3an
1320 890 1350 916 ἐν
1364 888 1489 925 ἀλλήλοις
1511 889 1573 916 οὔτε
1586 889 1777 924 ἀγοράζουσιν,
1793 889 1855 916 οὔτε

1059 936 1206 963 πωλοῦσιν.
1223 935 1299 962 Nihil
1322 936 1391 963 inter
1409 944 1437 962 se
1459 941 1548 962 emunt
1570 940 1616 962 aut
1634 935 1757 963 vendunt.
1782 936 1855 964 Inter

1059 991 1100 1013 se.
1117 982 1166 1015 ait,
1183 990 1236 1010 non
1249 981 1375 1009 καθόλου.
1392 981 1442 1009 Eat
1460 989 1545 1013 nunc,
1563 987 1590 1009 et
1611 981 1696 1010 falsos
1711 981 1854 1017 conjecto-

1060 1036 1106 1056 res
1134 1035 1185 1056 nos
1202 1035 1265 1056 esse
1283 1028 1367 1060 dicat,
1384 1035 1447 1055 cum
1467 1033 1574 1055 veteres
1589 1028 1623 1055 ab
1643 1035 1677 1055 eo
1690 1032 1855 1063 scriptores.

1060 1082 1129 1110 quos
1146 1075 1224 1107 citat,
1249 1081 1303 1101 non
1318 1074 1373 1102 nisi
1402 1073 1513 1109 raptlm,
1534 1081 1567 1101 ae
1584 1081 1633 1108 per
1648 1074 1752 1101 indices
1767 1075 1856 1102 autin

1060 1121 1177 1148 allorum
1201 1120 1407 1148 commentariis
1432 1120 1519 1147 lectos
1544 1127 1608 1147 esse
1624 1127 1687 1147 cum
1710 1119 1856 1148 Kerkoetio

1059 1166 1214 1194 docuimus.
1232 1165 1376 1199 Quantivis
1396 1165 1429 1192 ad
1447 1165 1518 1193 bane
1538 1164 1690 1200 augendam
1715 1166 1855 1201 suspicio-

1059 1219 1122 1240 nem
1139 1212 1282 1240 Plinlanus
1296 1212 1347 1239 iste
1368 1211 1446 1238 locus
1465 1215 1528 1239 est:
1543 1210 1624 1245 cujus
1637 1210 1748 1246 quidem
1766 1210 1855 1239 facilis

1060 1261 1143 1292 atque
1156 1256 1293 1292 explicata
1311 1255 1448 1284 sententia
1464 1259 1518 1287 est,
1536 1255 1560 1283 si
1576 1255 1640 1290 quis
1654 1255 1796 1290 paululum
1810 1255 1855 1284 his

1061 1303 1087 1329 in
1102 1302 1200 1330 litteris
1228 1301 1330 1337 sapiat.
1347 1302 1387 1328 Ab
1411 1300 1555 1333 occidente,
1568 1300 1607 1328 ait
1621 1300 1738 1333 Plinius,
1764 1301 1857 1329 littora

1061 1348 1155 1376 Eueni
1170 1348 1297 1383 fugitant,
1307 1355 1442 1383 usquequa
1455 1351 1558 1374 nocent.
1574 1346 1611 1374 De
1625 1346 1779 1381 Asphaltile
1794 1347 1856 1374 lacu

1060 1394 1117 1422 sive
1133 1394 1203 1421 mari
1215 1393 1322 1421 Mortuo
1342 1393 1492 1428 capiendus
1508 1398 1560 1425 est,
1572 1392 1619 1427 qui
1629 1392 1724 1419 letales
1732 1393 1858 1427 exspirat

1059 1447 1152 1472 auras,
1182 1443 1210 1467 et
1228 1439 1350 1466 vicinum
1373 1445 1464 1466 aerem
1496 1438 1592 1465 inlicit.
1606 1438 1744 1466 Gravitats
1763 1438 1855 1465 odoris

1060 1485 1158 1512 accolis
1172 1483 1289 1519 pestifer,
1299 1484 1337 1511 ait
1352 1483 1463 1511 Tacitus
1483 1483 1531 1511 lib.
1549 1491 1575 1516 v,
1595 1482 1680 1516 Hist,
1698 1491 1759 1519 cap.
1772 1483 1799 1516 6,
1812 1491 1855 1511 ne.

1060 1538 1109 1566 que
1132 1534 1209 1557 vento
1235 1529 1391 1564 impellitur,
1414 1537 1496 1564 neque
1507 1529 1590 1563 pisces
1604 1533 1653 1556 aut
1673 1534 1763 1557 suetas
1779 1530 1856 1565 aquis

218 1575 369 1610 longissime
387 1579 507 1609 poterant
520 1584 535 1602 a
544 1576 679 1603 littoribus
690 1580 714 1603 et
727 1576 853 1611 portubus
865 1584 920 1603 sese
935 1584 1010 1603 amo—
1022 1590 1046 1621 ο
1064 1575 1180 1603 volucres
1194 1576 1308 1610 patitur.

217 1621 311 1648 nabant
325 1621 427 1654 Eueni,
437 1630 469 1649 ne
485 1622 635 1656 puritatiac
650 1623 841 1658 tranquillitati
851 1623 1009 1658 numquam

217 1668 399 1698 sectabantur,
427 1669 564 1696 maritima
589 1669 748 1696 commercia
768 1674 899 1696 nocerent.
923 1669 1008 1696 Mox:

217 1712 323 1740 Littora
348 1713 463 1748 fugiunt,
488 1721 623 1749 usquequa
639 1717 750 1745 nocent;
765 1714 792 1740 id
815 1717 864 1744 est,
882 1717 1010 1748 quatenus

197 1794 202 1796 _
218 1762 310 1785 nocent
333 1759 389 1794 agri
405 1759 508 1786 colendi
524 1759 613 1786 studio
629 1763 732 1786 tantum
751 1758 879 1791 addictis,
892 1763 920 1785 ut
933 1763 1010 1786 erant

219 1803 312 1831 [Cosani
325 1823 334 1837 ,
358 1809 384 1832 et
412 1813 514 1832 onmem
539 1805 743 1840 negotiationem
776 1804 1012 1839 commerciumque

217 1849 412 1877 at-ersantibus.
438 1849 515 1877 Nihil
540 1852 633 1886 quippe
648 1851 779 1883 emebant,
798 1858 844 1878 nec
856 1850 1010 1882 pendebant,

217 1899 247 1922 ut
260 1903 292 1922 ea:
304 1895 419 1930 Josep/to
433 1901 548 1923 constat.

256 1940 326 1968 llinc
352 1945 484 1976 apparet,
510 1945 642 1976 quantum
665 1940 762 1976 judicii
796 1941 829 1968 ad
852 1941 1012 1969 scribendas

219 1984 432 2012 Exercitationes
461 1986 595 2014 attulerit.
620 1985 710 2014 Minus
732 1986 804 2014 enim
819 1987 972 2014 litterarum
984 1986 1011 2014 in

219 2030 254 2057 iis
271 2030 360 2061 verbis
377 2034 429 2062 est,
442 2038 523 2065 quam
534 2037 670 2058 errorum.
686 2030 792 2066 Quippe
808 2039 860 2059 nec
877 2032 910 2059 ad
924 2031 1013 2059 Theo-

218 2075 319 2103 reticos
329 2074 453 2102 Philonis
471 2074 591 2103 Essenos
602 2095 611 2109 ,
629 2083 679 2103 nec
692 2076 726 2103 ad
742 2075 882 2104 Practicos
899 2075 1011 2112 Josephi

218 2121 386 2148 conveniunt
411 2129 473 2157 qua:
497 2122 524 2149 in
549 2121 753 2156 interpretando
774 2123 875 2157 posuit.
897 2123 1010 2151 Ostendi

219 2165 253 2192 ad
274 2165 452 2195 Theoreticos
474 2167 602 2203 inprimis
617 2167 698 2194 Plinii
714 2167 797 2195 verba
810 2173 943 2203 spectare.
957 2167 1012 2196 llos

220 2220 284 2239 vero
302 2213 424 2240 littorum
442 2221 474 2241 ac
490 2214 574 2240 maris
588 2214 820 2249 propinquitatem
840 2215 952 2246 vitasse,
964 2214 1013 2241 fal-

1097 1621 1160 1649 llaec
1181 1625 1246 1648 sunt
1266 1621 1300 1648 ad
1321 1620 1402 1648 Plinii
1419 1624 1538 1648 mentem
1559 1619 1712 1655 aptissima.
1734 1619 1856 1649 Causam

1061 1668 1134 1695 enim
1147 1668 1298 1700 continent,
1313 1675 1364 1695 cur
1378 1666 1473 1694 Esseni
1488 1666 1528 1693 illi
1542 1665 1596 1693 τῶν
1609 1665 1733 1702 ὲρημιῶν
1747 1666 1855 1698 incolat,

1061 1717 1088 1741 et
1106 1713 1178 1741 inter
1193 1713 1311 1748 palmeta
1331 1713 1488 1741 victitantes
1509 1713 1581 1740 haud
1597 1712 1710 1748 propius
1736 1712 1856 1747 Asphal-

1062 1759 1139 1786 titem
1158 1759 1247 1785 laeum
1267 1758 1406 1786 domicilia
1429 1758 1555 1791 ﬁxerint;
1576 1758 1624 1786 sed
1641 1762 1746 1786 tantum
1768 1759 1804 1786 ab
1824 1765 1856 1786 eo

1062 1804 1241 1836 secesserint,
1257 1804 1348 1839 quoad
1367 1804 1410 1831 vis
1428 1803 1502 1831 illius
1519 1807 1625 1831 tractus
1649 1803 1772 1831 maleﬁca
1793 1811 1856 1839 per-

1062 1849 1153 1884 tingit.
1170 1849 1220 1877 llic
1240 1854 1283 1877 est
1311 1849 1357 1877 ille
1385 1849 1486 1877 Mortui
1511 1851 1595 1877 maris
1618 1853 1645 1878 et
1672 1850 1856 1885 circumiecta:

1062 1899 1144 1923 terrae
1160 1895 1273 1930 Squalor
1284 1902 1316 1922 ac
1330 1895 1461 1930 pestilens
1480 1894 1601 1927 habitus,
1617 1902 1699 1930 quem
1716 1895 1856 1930 eleganter

1062 1949 1095 1968 ac
1109 1941 1206 1976 paucis
1217 1941 1403 1969 Tertullianus
1416 1941 1565 1976 descripsit
1577 1941 1604 1968 in
1621 1941 1691 1969 libro
1703 1941 1741 1968 De
1751 1942 1835 1976 pallio
1845 1950 1856 1969 :

1064 1986 1211 2018 Hactenus.
1229 1987 1318 2022 inquit
1330 1987 1377 2022 (c),
1401 1986 1530 2020 Sodoma,
1547 1991 1572 2014 et
1597 1987 1672 2014 nulla
1694 1986 1854 2021 Gomorrlra,

1062 2038 1088 2061 et
1102 2034 1169 2060 cinis
1184 2033 1285 2066 onmia,
1297 2037 1322 2060 et
1341 2033 1525 2068 propinquitas
1540 2033 1623 2060 maris
1630 2033 1713 2066 juxta
1727 2042 1787 2061 cum
1799 2035 1855 2061 solo

1064 2083 1174 2105 mortem
1191 2077 1267 2105 bibit.
1287 2077 1371 2110 Mare,
1388 2078 1488 2114 inquit,
1503 2079 1697 2114 propinquum,
1718 2087 1773 2107 una
1790 2087 1855 2108 cum

1064 2132 1112 2152 ora
1129 2124 1214 2157 omni,
1238 2128 1355 2152 mortem
1373 2132 1404 2152 ac
1419 2129 1524 2160 pestem
1548 2125 1689 2153 combibit.
1712 2125 1777 2154 llaec
1792 2134 1855 2154 vera

1063 2170 1116 2198 loci
1132 2170 1215 2204 hujus
1231 2174 1273 2198 est
1289 2171 1427 2198 sententia
1442 2180 1448 2198 :
1465 2171 1493 2198 in
1513 2179 1568 2206 quo
1583 2171 1698 2200 ridicule
1712 2172 1855 2200 conﬂicta-

1063 2216 1144 2243 batur
1159 2215 1311 2244 Salmasius
1326 2216 1374 2252 (tl).
1391 2216 1443 2250 Qui
1455 2222 1589 2244 mortuum
1602 2218 1658 2250 ivit,
1673 2218 1715 2245 vel
1727 2223 1855 2252 martum,

220 2259 361 2286 sissimum
389 2263 431 2287 est
445 2268 452 2291 ;
484 2267 546 2286 cum
575 2259 664 2286 vicina
687 2260 780 2293 potius,
797 2260 865 2287 mari
884 2264 1010 2294 captasse
1026 2264 1048 2291 ι)
1062 2269 1147 2289 ausus
1159 2266 1202 2289 est
1217 2262 1340 2290 scribere
1355 2263 1382 2289 in
1399 2262 1520 2290 editione
1534 2271 1678 2299 nova,pag.
1694 2263 1756 2297 105,
1774 2265 1855 2299 quasi

221 2303 279 2330 loca
304 2307 419 2331 testetur
445 2303 524 2330 Philo
544 2303 594 2338 (b).
615 2302 719 2330 Deinde
745 2310 833 2337 neque
860 2304 1012 2338 agricultu-

219 2354 290 2381 ram,
311 2357 400 2384 neque
429 2352 515 2376 artem
542 2348 624 2374 ullam
649 2347 830 2375 instituebant
844 2348 1009 2383 Theoretici,

220 2394 269 2421 sed
282 2399 366 2421 totum
382 2395 455 2421 diem
482 2394 511 2419 ὲν
526 2393 642 2428 ἀσκήσει
663 2401 695 2420 ac
711 2401 854 2421 sacrorum
876 2395 1010 2422 librorum

220 2439 398 2466 meditatione
408 2438 611 2473 transigebant,
627 2447 718 2474 neque
736 2439 819 2467 limen
838 2440 1012 2476 egredieban-

221 2488 267 2512 tur
287 2494 293 2512 :
308 2484 364 2516 Τὰς
381 2484 430 2518 μὲν
456 2482 503 2511 οὖν
522 2484 552 2518 ἓξ
575 2485 681 2522 ἡμέρας
691 2486 776 2522 χωρὶς
793 2485 904 2513 ἕκαστοι
918 2488 1013 2523 μονού-

223 2539 300 2565 μενοι
329 2530 395 2565 παρ’
417 2530 523 2563 ἑαυτοῖς
544 2532 574 2558 ὲν
595 2533 652 2564 τοῖς
677 2532 795 2567 λεχθεῖσι
820 2533 1012 2569 μοναστηρίοις

221 2575 409 2610 φιλοσοφοῦσι,
427 2576 477 2612 τὴν
499 2577 609 2604 αὔλειον
633 2578 683 2614 οὐχ
715 2578 936 2614 ὑπ’-κερδαίνοντες,
953 2579 1011 2606 ἀλλ’

219 2622 276 2649 οὐδ’
292 2621 322 2655 ἐξ
335 2622 458 2649 ἀπόπτου
481 2623 656 2660 θεωροῦντες.
681 2624 793 2653 Frustra
810 2626 893 2661 igitur
902 2630 1012 2661 arguta-

221 2672 278 2700 tur,
304 2668 424 2696 Essenos
437 2669 543 2698 idcirco
569 2671 660 2700 littora
684 2671 796 2707 fugisse,
812 2672 885 2707 quod
908 2673 935 2700 in
953 2673 1011 2707 agri

221 2712 345 2740 studium
358 2714 452 2742 intenti
468 2714 566 2744 forent.
585 2716 638 2744 Sed
653 2725 740 2752 neque
756 2717 868 2752 Josephi
885 2718 919 2745 ad
936 2717 1013 2746 Esse-

220 2765 274 2786 nos
287 2758 361 2788 illius
372 2760 560 2797 interpretatio
569 2763 697 2798 quadrat.
717 2762 778 2790 Non
791 2763 864 2791 enim
877 2763 1011 2800 agricolas

258 2838 300 2879 (ᾳ)
315 2839 434 2879 §_a_l_mas.
452 2841 546 2879 Erat-9.
560 2842 634 2870 Plin.
649 2850 711 2879 pag.
728 2842 789 2877 6l2,
805 2842 867 2870 615.

258 2875 298 2909 (b)
315 2875 467 2912 l‘hiloipag.
484 2877 547 2904 612.

260 2913 296 2945 (ε)
310 2910 375 2945 Cap.
389 2911 416 2938 2.

1061 2306 1097 2334 ab
1111 2314 1143 2334 eo
1163 2307 1235 2342 quod
1257 2310 1300 2334 est
1316 2307 1433 2339 morior,
1460 2315 1595 2342 usurpare
1612 2308 1706 2341 liccat,
1727 2315 1855 2341 martum,

1061 2357 1161 2385 mortu,
1179 2353 1222 2381 vel
1243 2357 1387 2385 mortuum,
1403 2357 1527 2386 mortua,-
1545 2358 1572 2381 et
1597 2354 1637 2381 sic
1658 2359 1792 2381 mortuum
1817 2355 1855 2382 ire

1062 2399 1180 2430 dicatur,
1195 2399 1333 2434 quomodo
1362 2399 1496 2427 redditum
1522 2400 1571 2432 ire,
1595 2403 1622 2427 ct
1646 2400 1729 2435 hujus
1745 2402 1856 2436 generis

1061 2445 1124 2472 alia.
1142 2443 1271 2473 Joculare
1295 2444 1423 2478 facinus;
1447 2446 1502 2473 imo
1520 2453 1585 2473 vero
1604 2446 1744 2481 piaculare
1763 2454 1856 2482 grain-

1061 2490 1178 2524 matiei;
1205 2490 1252 2525 qui
1280 2491 1333 2519 hoc
1359 2491 1432 2518 scire
1447 2490 1571 2526 profecto
1589 2491 1694 2525 debuit,
1721 2498 1855 2520 mortuum

1062 2543 1163 2564 nomen
1175 2544 1247 2570 esse,
1264 2544 1317 2564 non
1335 2537 1460 2569 verbum,
1472 2545 1561 2573 neque
1572 2530 1648 2565 verbi
1666 2539 1794 2573 supinum
1808 2544 1855 2566 aut

1062 2582 1256 2617 participium;
1274 2583 1504 2618 quemadmodum
1521 2584 1628 2619 fatuus,
1649 2584 1764 2617 arduus,
1792 2593 1855 2612 con-

1060 2628 1178 2660 spicuus.
1193 2627 1277 2656 Docet
1290 2629 1342 2657 hoc
1355 2634 1483 2658 accurate
1497 2630 1527 2658 S.
1542 2631 1713 2666 Augustinus
1728 2632 1776 2659 lib.
1793 2639 1853 2666 ςιιι,

1061 2673 1102 2700 De
1115 2675 1186 2702 civit.
1201 2674 1262 2706 Dei,
1276 2682 1338 2710 cap.
1354 2676 1398 2708 11,
1414 2676 1499 2711 cujus
1513 2677 1595 2704 verba
1618 2677 1662 2704 hic
1678 2685 1788 2712 quoque
1803 2678 1853 2715 legi

1063 2723 1221 2747 merentur:
1246 2719 1333 2753 Unde,
1349 2721 1449 2757 inquit,
1472 2731 1524 2749 non
1543 2723 1692 2757 importune
1712 2732 1795 2759 neque
1812 2725 1853 2752 iu-

1061 2768 1174 2801 t‘ongrue
1190 2766 1307 2794 arbitror
1326 2769 1466 2801 accidisse,
1486 2769 1536 2796 etsi
1557 2778 1608 2797 non
1634 2770 1750 2798 humana
1772 2772 1853 2798 indu-

1099 2842 1137 2878 (d)
1154 2843 1428 2886 Sal-masnzinnNotzad
1443 2846 1605 2886 Tertu_l_l_.‘De
1620 2848 1785 2886 Pul!i0,t‘dil.
1803 2857 1851 2886 p0-

1063 2883 1170 2906 strcma:
1187 2880 1218 2906 A.
1235 2879 1304 2907 {656
1326 2881 1459 2916 evulgatm
1473 2890 1499 2918 ι).
1517 2883 1578 2911 156.
