1937 3039
47 195 101 224 637

565 198 629 226 ADV
636 194 853 227 EREUS‘CLAU
859 195 943 225 DIUM
961 195 1172 225 SALMASIUM.

1632 196 1684 226 6'58

47 256 128 289 uria,
149 255 255 291 judicio
275 255 391 291 fortasse
407 255 506 290 divino,
523 262 552 285 ut
574 257 622 285 hoc
638 257 754 290 uerbum,
770 256 839 292 quod
855 259 876 286 Α
892 255 1006 283 Linacer
1014 254 1210 291 grammaticus
1224 253 1348 284 eruditus
1370 253 1440 281 libro
1455 260 1474 280 ll
1489 262 1496 280 :
1515 252 1687 289 Patronymi-

47 305 86 328 est
105 301 236 333 moritur,
252 302 280 329 in
294 300 393 329 Latina
407 303 498 338 lingua
513 311 560 330 nec
576 303 745 339 grammatici
761 303 844 330 decli-

48 355 114 374 nare
139 348 286 382 potuerint,
303 356 335 375 ea
356 348 447 383 regula
461 367 469 382 ,
485 357 538 384 qua
559 355 656 377 cwtera
672 348 740 376 talin
762 348 844 375 decli-

48 398 161 420 nantur.
179 391 304 429 Namque
322 394 354 420 ab
369 402 410 427 eo,
430 394 500 430 quod
522 399 561 422 est
577 395 674 429 oritur,
692 395 723 430 ﬁt
737 394 844 422 verbum

48 439 180 472 prwteriti
195 440 322 474 temporis
339 445 418 467 ortus
430 444 490 469 est:
505 446 529 468 et
544 441 568 468 si
583 449 636 475 qua
656 441 758 468 similia
769 446 842 473 sunt,

48 493 107 520 qua
120 493 168 520 per
183 487 307 520 temporis
322 487 452 521 prwteriti
464 487 606 522 participia
618 486 794 514 declinantur.
804 486 843 513 Ab

48 538 78 557 eo
93 539 169 563 vero,
189 531 259 566 quod
278 536 318 558 est
346 532 482 565 moritur,
503 532 527 560 si
545 540 695 568 quaeramus
715 532 845 567 prwterili

49 577 176 611 temporis
188 577 312 616 uerbum,
339 577 492 613 responderi
506 578 573 605 solet
598 581 725 605 mortuus
745 581 807 610 est,
826 585 844 604 ιι

49 622 143 649 littera
169 623 304 658 geminata
321 631 330 651 :
348 623 387 650 sic
410 624 480 651 enim
507 623 605 650 dicitur
620 627 763 656 mortuus,
777 630 845 658 quo-

51 666 132 694 modo
146 667 250 700 fatuus,
265 667 577 704 arduus,conspicuus:
592 669 651 696 etsi
665 676 718 704 qua
732 668 844 702 similia,

49 721 108 748 qua:
131 721 184 740 non
205 719 267 741 sunt
285 714 413 747 praeteriti
435 715 571 750 temporis,
587 715 632 743 sed
655 715 780 750 quoniam
797 722 845 741 no-

50 759 124 785 mina
147 763 219 792 sunt,
238 760 294 787 sine
319 764 433 794 tempore
459 760 639 788 declinantur.
661 760 735 787 Illud
756 765 844 787 autent

49 805 130 841 quasi
155 805 344 839 declinantur,
356 807 426 842 quod
454 806 584 834 declinari
609 815 661 834 non
684 811 779 841 potest,
796 814 845 841 pro

50 852 195 887 participio
214 854 341 886 prmeriti
358 854 481 888 temporis
505 853 613 888 ponitur
627 861 732 881 nomen.
752 853 845 888 inepta

51 901 93 925 est
114 898 210 933 igitur,
223 902 251 926 et
263 898 451 934 grammaticis
472 899 574 934 regulis
587 899 724 926 contraria
739 898 846 926 Salma-

52 944 131 972 siana
146 945 293 980 castigatio
307 954 313 972 :
332 945 485 980 praesertim
502 952 564 973 cum
589 945 619 973 in
637 945 760 981 principe
775 944 848 973 Rhe-

51 988 117 1016 uani
141 989 264 1017 editione
276 989 381 1024 itidem,
398 993 428 1017 ut
442 990 469 1017 in
488 989 617 1025 vulgatis,
632 993 723 1019 exstet
737 994 848 1017 mortem

52 1034 130 1062 bibit.
146 1034 234 1068 Quam
256 1035 405 1064 editionem
430 1036 464 1063 ad
488 1041 612 1064 veterum
625 1036 751 1064 codicum
767 1035 848 1064 tidem

53 1080 200 1116 diligenter
210 1085 334 1110 exactam
357 1082 445 1111 fuisse
469 1081 571 1110 fatetur
595 1082 722 1118 ipsemet,
747 1086 774 1110 et
799 1082 849 1109 ad-

54 1127 188 1155 amussim
199 1135 263 1154 cum
277 1127 335 1161 illo,
351 1135 432 1163 quem
443 1128 576 1162 exhibuit,
588 1128 775 1164 manuscripto
782 1135 849 1156 con-

54 1181 160 1202 ventre.

92 1219 148 1248 Sed
165 1219 200 1247 ad
219 1219 339 1247 Plinium
356 1219 548 1256 revertor(a):
570 1220 651 1255 cujus
667 1225 694 1248 et
714 1221 800 1248 altera
814 1221 850 1249 ab

55 1265 152 1293 eodem
171 1264 308 1293 Salmasio
321 1264 444 1293 adhibita
461 1266 598 1293 correctio
614 1266 671 1294 risu
686 1266 778 1302 digna.
795 1266 849 1294 Pro

56 1312 130 1339 socia
144 1311 297 1347 palmarum
312 1311 397 1340 scribi
412 1311 489 1347 jubet
512 1319 558 1340 esu
580 1312 743 1346 palmarum.
762 1311 851 1347 Impe-

56 1358 119 1391 rite,
136 1358 199 1393 quis
220 1357 320 1393 neget?
347 1356 388 1386 ita
415 1357 488 1385 enim
513 1358 629 1393 abrupta
654 1362 682 1386 et
709 1358 850 1386 incondita

57 1404 139 1432 lectio
155 1404 211 1436 ﬁet,
232 1404 289 1432 sine
313 1404 434 1440 pecunia,
449 1412 494 1431 esu
510 1404 669 1438 palmarum.
686 1403 722 1432 At
742 1404 851 1440 vulgata

57 1454 85 1479 et
102 1458 118 1478 a
135 1450 247 1486 scriptis
259 1450 413 1482 codicibus,
428 1454 455 1478 et
470 1457 485 1477 a
501 1450 638 1478 sententia
658 1451 850 1479 auctoritatem

58 1495 150 1523 habet.
165 1493 195 1522 In
213 1494 341 1530 palmetis
357 1494 454 1530 procul
469 1494 505 1522 ab
524 1494 665 1522 hominum
679 1495 798 1530 strepitu
817 1502 851 1523 ae

59 1540 216 1576 frequentia
234 1540 370 1576 degebant
383 1549 390 1567 :
406 1540 466 1568 ideo
481 1539 555 1568 socia
568 1540 721 1575 palmarum
736 1548 798 1576 gens
812 1540 853 1568 dio

58 1587 142 1615 citur.
159 1585 212 1620 Qui
229 1591 277 1614 aut
303 1586 358 1614 ista
379 1593 436 1614 non
458 1586 543 1622 capit,
561 1589 609 1614 aut
629 1586 711 1614 aliter
732 1585 849 1613 Plinium

58 1633 227 1668 interpolare
254 1632 363 1665 studet,
388 1631 434 1659 vix
456 1639 519 1660 eum
541 1631 714 1668 grammatici
739 1631 851 1660 nomine

57 1678 171 1714 dignum
184 1677 290 1713 judico.
308 1677 387 1710 Quod
399 1676 468 1705 adeo
483 1677 535 1705 iste
552 1685 607 1705 non
621 1681 752 1710 meretur,
766 1681 796 1705 ut
806 1684 851 1705 me

58 1726 207 1759 propterea
225 1723 336 1751 obtorto
360 1723 432 1751 collo
451 1723 583 1758 rapuerit,
605 1723 678 1758 quod
692 1723 728 1751 de
750 1722 853 1751 forma-

57 1770 135 1798 tione
145 1769 287 1797 nominum
303 1769 330 1796 in
340 1777 416 1804 ηνος,
426 1772 456 1795 ut
469 1773 510 1797 est
528 1768 667 1804 Ἑσσηνός,
681 1767 852 1804 agens,scri-

58 1812 174 1848 pserim,
190 1813 393 1848 patronymicas
406 1812 542 1847 ejusmodi
556 1812 717 1841 inﬂexiones
730 1812 852 1841 Arabum

60 1863 91 1888 et
112 1859 278 1887 Asianorum
304 1859 430 1894 proprias
446 1867 518 1893 esse,
544 1859 624 1894 quasi
644 1859 778 1892 ethnicus,
797 1866 853 1886 non

58 1905 260 1940 patronymica:
283 1904 422 1939 appellare
445 1903 598 1932 debuerim.
615 1903 699 1939 Euge,
720 1904 802 1931 homo
825 1903 854 1931 in

61 1951 242 1988 grammatica
262 1950 379 1979 detritus
405 1950 624 1985 patronymicum
647 1949 736 1977 nescit
758 1957 813 1976 non
838 1955 855 1977 a

62 1998 132 2025 solis
155 1997 297 2032 patribus,
315 1996 363 2024 sed
387 1996 470 2023 etiam
500 2005 516 2023 a
540 1995 610 2023 locis
634 2003 667 2023 ac
698 1995 855 2024 civitatibus

62 2044 167 2072 vocari.
194 2043 343 2071 Cledonius
368 2047 445 2070 vetus
463 2042 674 2077 grammaticus,
697 2041 770 2069 inter
788 2049 855 2077 gen-

63 2091 121 2119 tilia
144 2095 172 2118 et
194 2090 383 2126 patronymica
408 2089 437 2117 id
461 2097 523 2117 esse
552 2089 722 2117 discriminis
749 2088 788 2115 ait
803 2087 854 2124 (lt),

63 2138 136 2173 quod
151 2137 262 2173 gentilia
281 2137 388 2164 nomina
402 2145 418 2163 a
435 2136 578 2171 provinciis
594 2136 711 2166 veniunt.
725 2138 857 2172 patrony—

64 2185 136 2212 mica
149 2189 174 2211 et
191 2193 207 2211 a
225 2183 386 2211 civitatibus.
405 2184 476 2218 Ergo
496 2190 530 2211 ex
550 2182 675 2210 Cledonii
692 2181 857 2209 auctoritate

64 2229 168 2266 gentile
181 2229 233 2257 hoc
247 2229 412 2257 Essenorum
428 2235 527 2256 nomen
542 2228 679 2263 appellare
691 2234 747 2254 non
762 2226 855 2259 debui,

897 309 989 328 corum
1013 300 1184 334 Gra’corum,
1200 300 1304 336 inquit,
1325 300 1413 335 forma
1431 299 1565 326 ducuntur
1584 308 1601 326 ιι
1620 299 1685 327 locis

897 346 1037 375 Sicelides.
1055 346 1178 381 Denique
1191 346 1319 381 princeps
1336 345 1405 373 artis
1426 352 1459 371 ac
1478 346 1607 379 magister
1633 350 1687 372 tua:

897 392 1095 428 Despauterius
1114 393 1142 419 in
1160 391 1271 419 Prefat.
1295 391 1329 419 ad
1352 395 1438 418 artem
1462 390 1686 417 versilicatoriam

897 438 977 466 docet
991 437 1037 474 (e),
1055 437 1241 472 patronymica
1265 437 1378 472 formari
1398 445 1414 464 a
1432 437 1532 471 patria.
1550 435 1583 462 Et
1611 436 1686 468 alibi,

897 482 1028 515 Pisidern,
1044 483 1117 518 quod
1129 483 1230 518 gentile
1247 489 1345 509 nomen
1359 486 1411 515 est,
1428 486 1507 509 vocat
1520 481 1689 516 patronymi—

897 537 971 557 cum.
987 528 1050 557 Haec
1065 529 1178 565 indigna
1198 529 1296 561 fateor,
1310 529 1338 555 in
1351 528 1453 563 quibus
1469 535 1616 555 moremur.
1640 526 1688 554 Ve-

898 583 957 602 rum
971 574 1035 610 quid
1050 575 1136 610 facias
1145 576 1158 603 ?
1172 579 1201 602 ut
1215 575 1293 602 homo
1306 578 1357 606 est,
1371 574 1411 601 ita
1423 581 1522 600 morem
1539 581 1627 608 geras.

1200 631 1315 659 CAPUT
1335 630 1379 658 lll.

898 677 1040 712 Epiphanii
1055 677 1127 705 locus
1138 677 1292 704 illustratur
1303 672 1371 703 ma7e
1388 685 1403 702 a
1421 675 1557 712 Salmasia
1570 679 1689 702 uexatus.

934 709 1016 748 Cujus
1028 713 1119 748 iniqua
1130 712 1296 747 reprehensio
1310 711 1463 738 discutitur.
1473 709 1599 745 Ejusdem
1613 717 1690 743 super

932 748 1120 784 prwpositione
1137 748 1211 782 ὑπέρ
1225 751 1331 774 notatus
1344 754 1429 774 error.

933 806 1012 834 Nunc
1032 806 1067 834 ad
1084 805 1228 840 Epiphanii
1255 804 1359 837 locum,
1375 804 1422 839 qui
1443 810 1515 831 unus
1535 802 1591 830 fere
1610 809 1691 829 occa-

899 852 1004 880 sionem
1021 851 1085 878 huic
1100 850 1279 885 disputationi
1295 849 1381 882 dedit,
1402 849 1501 883 stylum
1515 847 1692 881 animumque

899 896 1110 924 transferamus.
1130 895 1167 922 De
1180 893 1295 922 Ossenis
1307 894 1374 921 htcr.
1391 894 1435 925 l9,
1453 900 1514 928 pag.
1530 892 1576 924 40,
1592 891 1630 919 ita
1648 891 1692 918 ille

899 942 995 970 scribit
1008 951 1014 969 :
1032 942 1184 977 Ὠρμηνται
1205 940 1233 966 δὲ
1252 937 1335 970 οὗτοι,
1350 939 1387 970 ὼς
1401 939 1418 974 ὴ
1430 939 1471 969 εἰς
1487 938 1560 974 ἡμᾶς
1576 936 1694 963 ἐλθοῦσα.

899 987 1019 1023 περιέχει
1037 987 1197 1023 παράδοσις,
1209 985 1263 1013 ἀπὸ
1278 985 1328 1020 τῆς
1345 984 1504 1019 Ναϐατικῆς
1522 983 1625 1018 χώρας,
1643 981 1694 1009 καὶ

904 1033 1063 1069 Ἰτουραίας,
1077 1031 1246 1064 Μωαὸιτιδός
1257 1039 1288 1058 τε
1304 1030 1351 1058 καὶ
1365 1029 1553 1066 ’Δρηῖλίτιδος,
1561 1028 1616 1055 τῶν
1627 1027 1692 1054 ὲπὲ-

898 1088 977 1107 κεινα
1000 1080 1050 1115 τῆς
1073 1078 1196 1110 κοιλάδας
1217 1078 1267 1113 τῆς
1281 1076 1387 1112 ἁλυχῆς
1411 1075 1498 1107 οὕτως
1523 1076 1552 1101 ὲν
1572 1076 1605 1109 τῇ
1631 1073 1693 1109 Oet;

899 1125 995 1161 Γραφῇ
1023 1124 1192 1159 καλουμένης
1214 1121 1416 1158 ὑπερκειμένης
1441 1120 1544 1156 χώρας.
1562 1120 1640 1146 Ἐστι
1664 1119 1694 1146 δὲ

899 1171 970 1206 αὕτη
983 1171 1078 1206 Νεκρὰ
1093 1169 1247 1205 καλουμένη
1262 1168 1394 1195 θάλασσα..
1404 1167 1470 1201 Qua:
1481 1168 1522 1194 sic
1536 1167 1563 1194 in
1574 1166 1695 1199 editione

900 1222 994 1246 nostra
1014 1216 1111 1244 Latine
1133 1216 1324 1244 reddidimus:
1345 1213 1448 1242 Ferunt
1467 1214 1533 1240 istos
1552 1221 1584 1240 ea:
1598 1212 1695 1239 Nabu-

901 1267 963 1293 ta'a,
980 1261 1094 1293 Iturtea,
1113 1259 1259 1287 Moabitide
1287 1263 1312 1286 et
1327 1258 1469 1289 Areilitide
1487 1257 1617 1293 originem
1640 1261 1696 1283 tra-

900 1308 990 1341 xisse;
1013 1314 1072 1342 qua:
1090 1306 1208 1341 regiones
1225 1304 1298 1332 ultra
1315 1304 1411 1332 uallem
1431 1303 1630 1337 salsuginosam
1650 1310 1697 1336 po-

901 1354 960 1381 sita:
971 1358 1043 1381 sunt.
1059 1352 1114 1380 Hoc
1128 1352 1198 1379 enim
1211 1351 1316 1379 nomine
1330 1351 1416 1378 uteris
1425 1350 1454 1376 in
1465 1348 1576 1376 Litteris
1589 1352 1693 1375 tractus

902 1399 948 1428 ille
974 1399 1094 1434 superior
1119 1397 1288 1432 appellatur,
1309 1397 1354 1432 qui
1380 1395 1450 1423 idem
1466 1399 1506 1423 est
1532 1403 1593 1422 cum
1622 1394 1694 1421 mari

903 1445 1021 1473 Mortuo.
1034 1444 1075 1471 Ad
1094 1444 1167 1471 hunc
1179 1443 1270 1470 locum
1280 1441 1424 1470 Plinianus
1439 1440 1605 1469 exercitator
1620 1440 1695 1466 auri-

903 1492 978 1519 culas
991 1491 1107 1518 clamore
1125 1490 1212 1517 subito
1229 1489 1299 1516 tollit
1317 1488 1379 1516 totis
1398 1487 1509 1520 uiribus,
1524 1486 1566 1514 sic
1582 1490 1611 1513 ut
1629 1493 1695 1512 nus-

903 1544 987 1573 quam
1010 1536 1079 1565 alihi
1109 1535 1262 1571 majoribus
1294 1533 1465 1569 intemperiis
1489 1532 1618 1568 agitetur.
1642 1531 1697 1559 Sed

903 1583 977 1618 quod
993 1582 1039 1612 isti
1057 1582 1161 1610 homini
1176 1581 1259 1610 fatale
1275 1588 1337 1610 esse
1355 1579 1424 1607 alias
1444 1579 1621 1607 observatum
1643 1582 1696 1611 est,

903 1633 933 1657 ut
950 1629 994 1657 ubi
1023 1629 1143 1656 maxime
1165 1628 1266 1662 satagit
1290 1634 1322 1654 ac
1341 1626 1458 1658 nititur,
1480 1625 1517 1652 ibi
1546 1623 1698 1652 foedissima

903 1673 985 1701 ruina
999 1680 1033 1700 ac
1047 1676 1105 1700 toto
1118 1679 1233 1706 corpore
1245 1670 1433 1706 provolvatur,
1446 1668 1472 1696 id
1487 1668 1539 1696 hoc
1553 1668 1615 1695 loco
1630 1674 1699 1702 pene

903 1726 987 1754 supra
1005 1718 1085 1746 fidem
1101 1719 1126 1746 ei
1145 1717 1272 1752 conligit.
1300 1716 1423 1743 Primum
1450 1715 1525 1742 illius
1558 1720 1628 1740 vana
1656 1715 1699 1740 est

904 1763 1094 1799 reprehensio.
1111 1762 1147 1789 Ut
1161 1762 1234 1789 enim
1250 1760 1344 1789 Graece
1362 1759 1442 1795 periti
1456 1766 1553 1786 omnes
1564 1759 1593 1785 in
1613 1765 1697 1785 unum

904 1808 996 1843 capita
1018 1806 1176 1838 conferant,
1196 1805 1286 1833 ausim
1315 1805 1342 1832 id
1364 1810 1514 1832 asserere:
1535 1810 1590 1829 non
1615 1802 1696 1829 aliam

905 1852 1133 1888 interpretatione
1149 1859 1199 1880 sua
1226 1850 1392 1879 sententiam
1410 1849 1463 1877 loci
1486 1848 1570 1884 hujus
1586 1855 1699 1884 expres-

906 1904 989 1925 suros
1001 1904 1083 1933 quam
1093 1903 1154 1931 quae
1165 1903 1181 1922 a
1191 1895 1272 1923 nobis
1282 1899 1325 1922 est
1338 1893 1455 1922 reddita.
1470 1893 1556 1921 Recte
1570 1901 1605 1920 an
1619 1900 1699 1920 secus

906 1943 1021 1972 senserit
1038 1941 1207 1978 Epiphanius
1219 1960 1226 1974 ,
1242 1940 1309 1967 nihil
1323 1940 1356 1967 ad
1374 1939 1550 1974 interpretem
1568 1939 1698 1973 pertinet.

941 1988 1090 2017 Ostendam
1109 1987 1191 2024 paulo
1208 1991 1286 2022 post,
1306 1989 1385 2013 extra
1408 1985 1519 2019 culpam
1546 1988 1573 2011 ct
1596 1985 1700 2012 erroris

907 2035 1092 2070 suspicionem
1118 2041 1180 2061 esse
1204 2031 1412 2061 sanctissimum
1437 2029 1568 2057 Patrem:
1600 2033 1628 2057 et
1652 2029 1700 2064 qui

906 2081 945 2109 illi
959 2080 1179 2116 stupidissimum
1193 2086 1275 2107 suum
1290 2080 1475 2105 commentum
1493 2074 1636 2106 aﬂinxerit,
1656 2081 1701 2108 pa-

907 2136 968 2156 rum
998 2127 1151 2163 pudenter,
1181 2125 1296 2152 multum
1316 2123 1407 2158 inepte
1436 2121 1543 2149 fecisse.
1564 2119 1642 2146 Nunc
1665 2120 1699 2147 de

908 2174 1004 2201 Latina
1033 2171 1261 2207 interpretatione
1291 2169 1368 2205 prius
1393 2175 1456 2195 cum
1486 2167 1533 2194 illo
1557 2166 1699 2200 caprinam

909 2226 1028 2256 pugnam
1047 2225 1201 2246 conseram.
1217 2216 1332 2250 Quaerit,
1350 2214 1397 2242 ubi
1421 2214 1448 2241 in
1466 2220 1545 2241 sacra
1558 2211 1699 2246 Scriptura

64 2257 118 2304 nisi
135 2274 303 2310 provinciam
315 2273 434 2307 aliquam
447 2257 614 2300 Essenorum
625 2279 688 2300 esse
699 2274 855 2300 constaret:
871 2273 894 2300 ι)
909 2270 1014 2294 tractus
1030 2265 1076 2292 ille
1099 2264 1219 2298 superior
1239 2266 1361 2291 vocetur.
1385 2260 1471 2294 Quasi
1497 2259 1524 2286 id
1548 2258 1630 2286 verba
1647 2257 1700 2285 ista

65 2328 149 2356 quam
162 2320 266 2347 nullam
284 2319 369 2347 fuisse
382 2319 518 2346 hactenus
537 2317 633 2345 didici.
645 2318 685 2345 Tu
701 2325 764 2344 cum
780 2316 858 2352 oppi-

65 2367 131 2395 dum
145 2366 254 2393 illorum
269 2366 297 2392 in
315 2365 445 2392 interiore
459 2364 553 2392 Judtea
573 2363 657 2392 fuisse
678 2363 793 2398 conjicis
808 2362 857 2398 (ε),

66 2422 81 2441 a
94 2420 152 2448 quo
170 2412 289 2439 Ἐσσαῖοι
308 2416 336 2439 et
363 2410 489 2447 Ἐσσηνοι
509 2410 576 2438 dicti
596 2411 713 2443 fuerint;
729 2409 782 2437 etsi
806 2411 859 2436 hoc

67 2459 201 2491 absurde.
226 2462 376 2494 contraque
389 2457 502 2493 Joseplii
533 2464 565 2485 ac
584 2456 706 2485 Philonis
729 2464 860 2492 expressa

68 2505 229 2534 testimonia
252 2504 338 2536 facis,
363 2508 452 2531 tamen
478 2502 530 2530 hoc
548 2501 656 2536 ipsum.
673 2500 746 2535 quod
765 2501 792 2527 in
817 2508 860 2528 me

68 2555 125 2579 tam
155 2550 286 2577 atrociter
306 2548 469 2581 iusectaris,
492 2551 587 2582 tuopte
609 2546 717 2581 judicio
743 2545 857 2581 probas.

69 2595 140 2626 Nam
156 2604 172 2623 a
189 2595 347 2623 civitatibus
366 2593 555 2630 patronymica
577 2592 700 2624 formari,
719 2599 775 2619 non
792 2598 861 2626 gen-

69 2643 141 2674 tltia,
159 2641 307 2669 Cledonius
331 2641 421 2668 docet.
447 2639 611 2668 Consentius
633 2638 702 2666 alter
723 2644 861 2674 gramina-

72 2688 147 2716 ticus
165 2688 204 2715 ait
219 2687 279 2723 (d):
308 2687 501 2722 Patronymica
521 2686 628 2713 nomina
642 2684 771 2720 feminina
792 2684 821 2710 in
838 2683 862 2711 is

69 2733 144 2769 ﬁeri,
157 2737 187 2759 ut
197 2731 322 2759 Lucanus
335 2731 368 2758 ab
386 2731 486 2758 [littera
502 2729 618 2758 Hiberis.
636 2729 685 2757 Est
701 2732 792 2756 autem
813 2726 862 2755 Hi-

72 2779 159 2812 berls,
175 2779 287 2815 opinor,
306 2786 322 2806 a
341 2778 453 2814 regione
475 2784 575 2805 nomen
595 2775 722 2804 inditum.
743 2773 863 2803 Thomas

110 2845 150 2880 (a)
170 2845 360 2880 Excrcql’lin.
375 2853 402 2880 ιι.
413 2844 476 2872 616.

109 2876 150 2942 (lt?
164 2881 245 2908 Tom.
266 2879 286 2906 ll
302 2876 542 2908 Granimaticorum
558 2883 708 2914 veterum,p.
726 2876 804 2906 1892.

109 2917 137 2942 lc
165 2915 284 2942 Saintes.
304 2923 363 2942 una.
382 2915 444 2942 612.

109 2915 146 2954 (ε)
165 2915 284 2944 Salonas.
303 2923 363 2952 pag.
382 2915 444 2944 612.

909 2311 1084 2347 significent.
1101 2313 1215 2336 tractum
1245 2308 1407 2343 superiorem
1433 2307 1462 2334 in
1487 2305 1572 2333 sacris
1588 2304 1700 2332 Litteris

908 2357 1047 2392 regionem
1061 2355 1135 2382 illam
1149 2353 1251 2380 vocari.
1269 2352 1349 2386 Quod
1360 2355 1402 2378 est
1416 2349 1623 2378 alienissimum.
1640 2347 1700 2374 Non

909 2403 962 2430 hoc
988 2402 1055 2430 dicit
1074 2394 1292 2435 Epiphaniusnii
1314 2394 1411 2430 οὗτος,
1439 2395 1486 2424 sed
1513 2394 1624 2422 κοιλάδα
1650 2393 1700 2428 τὴν

909 2448 1013 2484 ἁλυκὴν
1037 2445 1167 2482 appellari
1195 2444 1263 2471 dicit
1283 2443 1332 2479 τὴν
1357 2442 1561 2478 ὑπερκειμένην
1589 2439 1699 2476 χώρανι

910 2495 983 2530 quod
1004 2498 1031 2522 et
1047 2499 1140 2520 verum
1157 2494 1215 2523 est;
1238 2497 1300 2517 nam
1322 2488 1432 2524 φάραγξ
1459 2487 1546 2523 ἁλυκή
1566 2486 1645 2514 vallis
1668 2493 1701 2515 ea

911 2541 1011 2569 dicitur
1023 2559 1030 2572 ,
1046 2539 1114 2567 Gen.
1134 2545 1180 2564 stv
1191 2555 1199 2569 ,
1218 2537 1245 2570 3.
1266 2535 1312 2563 ubi
1327 2534 1495 2570 Asphaltites
1513 2533 1590 2561 lacus
1606 2537 1701 2568 postea

911 2585 999 2613 factus
1009 2587 1062 2611 est.
1076 2583 1110 2610 At
1125 2582 1198 2610 enim
1213 2580 1397 2616 ὑπερκειμένη
1413 2579 1491 2615 χώρα
1502 2587 1558 2606 non
1577 2583 1650 2607 recte
1667 2579 1702 2607 do

912 2631 980 2660 mari
1003 2629 1110 2658 Mortuo
1124 2647 1132 2662 ,
1159 2628 1203 2656 vel
1220 2626 1372 2662 Asphaltitc
1387 2626 1449 2653 lacu
1465 2624 1577 2652 dicitur.
1596 2624 1701 2652 Viderit

912 2678 958 2713 qui
976 2678 1012 2704 ita
1031 2676 1126 2704 Graece
1147 2673 1278 2709 scripsit:
1294 2672 1360 2708 quid
1380 2671 1433 2699 hoc
1451 2671 1484 2699 ad
1507 2669 1701 2706 interpretem!

913 2721 1100 2759 ὑπερκειμένη
1114 2719 1191 2756 χώρα
1210 2719 1279 2747 velis
1300 2718 1372 2747 nolis
1393 2722 1495 2745 tractus
1509 2721 1551 2745 est
1570 2717 1699 2751 superior.

913 2768 969 2797 Sed
985 2775 1074 2804 neque
1091 2765 1261 2803 Epiphanius
1275 2765 1304 2793 in
1317 2765 1398 2800 culpa
1417 2767 1477 2793 est:
1494 2770 1583 2798 netluc
1594 2765 1623 2790 tu
1637 2768 1700 2792 seno

961 2837 993 2871 ά)
1005 2835 1082 2863 Tom.
1100 2834 1124 2871 ll
1141 2831 1479 2871 Grammaticorumyetwp.
1493 2828 1573 2857 SOiI.

961 2837 993 2871 ά)
1005 2837 1082 2863 Tom.
1101 2837 1124 2862 ll
1141 2837 1380 2861 Grammaticorum
1392 2838 1409 2858 ιλ

950 2837 985 2908 is)
1000 2871 1065 2908 Ρη.
1082 2870 1143 2899 560.
1159 2869 1210 2896 Ed.
1227 2867 1294 2896 Rob.
1314 2866 1409 2902 Steph.
