1937 3039
242 211 293 240 639

905 204 995 234 DION.
1018 203 1190 232 PETAVIL‘S

1815 201 1869 231 ϐω

242 274 304 294 sum
318 265 379 301 ejus
396 264 538 300 accepisti.
554 263 650 292 Refert
665 263 844 299 Epiphanius,
862 262 982 291 Ossenos
995 270 1028 290 ex
1042 263 1064 293 Δ
1080 262 1180 289 Strabo
1197 262 1244 289 lib.
1265 269 1301 289 xu
1316 259 1351 288 de
1359 260 1473 289 Celaenis
1491 281 1497 293 ,
1518 260 1584 288 urbe
1604 264 1630 289 et
1652 260 1722 287 colle
1742 260 1868 295 loquens,

242 312 333 339 Pertea
347 310 439 338 ludam
456 309 594 345 profectos
610 317 681 343 esse,
697 309 749 337 hoc
762 314 803 338 est
822 309 959 341 Nabataea,
976 317 1030 336 cm-

243 357 363 392 terisque
388 356 593 383 transamnanis
614 355 772 391 regionibus
787 375 795 388 ,
809 363 870 391 quae
886 355 914 382 in
932 355 1031 383 Arabia

243 406 338 437 postea
356 400 467 429 censitze
493 405 565 429 sunt.
596 402 648 429 Eas
676 401 802 437 regiones
829 405 905 429 trans
933 401 1030 428 vallem

242 447 445 482 salsuginosam
458 454 529 473 esse.
542 446 602 479 Quo
617 447 738 479 nomine,
749 446 836 481 inquit
852 445 1029 481 Epiphanius,

242 501 296 521 non
311 497 410 520 tractus
426 492 568 525 superioris
579 513 586 525 ,
608 495 637 519 ut
654 492 782 526 nugaris,
794 491 842 519 sed
856 492 1031 527 salsuginosa!

244 539 334 569 vallis,
347 539 375 565 in
389 537 540 572 Scripturis
560 537 674 565 allectus
689 537 734 564 ille
756 537 881 571 superior
899 544 963 573 ager
976 541 1029 570 est,

243 583 288 610 ubi
299 583 434 618 quondam
443 582 560 609 Sodoma
569 587 596 610 et
602 581 763 614 Gomorrha,
773 588 924 618 casteraque
931 583 1030 618 oppida

243 630 353 657 luerunt
364 648 371 660 ,
385 628 431 664 qui
446 629 522 656 locus
537 636 611 657 nunc
624 636 700 656 mare
717 628 854 656 Mortuum
869 633 921 663 est,
947 629 1031 665 ὑπερ-

242 675 357 710 κειμένη
378 673 454 710 χώρα
467 681 498 701 ea
511 673 625 706 ratio‘ne,
641 681 722 708 quam
731 673 867 701 dialectici
878 673 1031 709 ampliatio-

242 728 304 748 ncm
319 723 428 753 vocant,
441 720 517 748 lacus
533 720 578 747 ille
591 719 704 747 dicitur.
716 719 762 747 Sic
776 720 803 747 in
817 719 1028 755 Sibyllaeversu:

456 769 559 794 Ἔσται
574 767 672 802 Δῆλος
689 767 803 801 ἄδηλος

241 821 334 847 quer
362 822 395 841 ex
421 818 463 841 te:
483 813 511 840 Si
530 813 609 849 δῆλος
623 818 682 845 est,
706 813 845 848 quomodo
870 813 986 849 ἄδηλος
1007 813 1030 841 si

243 865 333 887 autem
358 860 453 895 ἄδηλος
465 880 472 893 ,
493 860 630 894 quomodo
652 858 821 895 δῆλοςῗΝοιι
839 860 921 887 simul
938 864 964 887 et
984 867 1031 887 eo-

242 906 304 933 dem
324 909 445 940 tempore
463 908 609 940 utrumque
625 909 690 933 sunt
702 912 745 937 ea,
762 905 795 933 de
808 905 908 940 quibus
920 909 1031 932 contra-

242 952 282 978 ria
306 951 379 983 duo,
399 953 445 977 aut
468 946 616 985 pugnantia
646 950 794 983 dicuntur,
818 951 865 978 sed
891 951 962 978 κατὰ
981 951 1031 986 τὴν

240 996 387 1022 ὲπέκτασιν
411 995 484 1030 quod
502 1003 564 1023 esse
586 995 682 1029 desiit,
712 995 802 1023 adhuc
826 995 967 1023 tribuitur.
990 995 1030 1023 lta

241 1041 316 1077 χώρα
336 1042 412 1076 prius
429 1047 497 1074 erat,
515 1042 562 1076 qui
580 1049 653 1069 nunc
670 1043 746 1070 lacus
763 1046 805 1069 est
822 1046 849 1068 et
864 1049 949 1071 mare.
968 1041 1031 1069 llaec

241 1093 355 1122 propter
371 1087 497 1115 frivolum
514 1091 591 1114 tuum
603 1087 752 1123 ἀπόρημα;
770 1086 820 1114 Ubi
839 1087 866 1114 in
878 1095 966 1114 rerum
982 1096 1031 1114 na-

242 1138 302 1159 tura
321 1133 449 1166 reperisti,
466 1137 581 1160 tractum
594 1133 717 1168 regionis,
734 1132 783 1168 τὴν
796 1132 898 1168 χώραν,
912 1132 1031 1160 eumdem

240 1186 297 1205 esse
310 1186 369 1205 cum
386 1179 455 1205 mari
467 1179 480 1206 Ρ
500 1177 583 1206 Potes
597 1177 691 1206 eodem
707 1178 769 1212 jure
798 1177 833 1205 de
853 1185 887 1205 eo
911 1185 1030 1213 percon-

241 1223 310 1255 tari,
339 1223 410 1258 quod
433 1223 529 1250 Matth.
548 1231 598 1255 xu,
617 1223 643 1256 5,
666 1223 799 1258 scriptum
823 1226 879 1251 est:
906 1231 915 1248 ι
930 1222 1031 1250 Hormi

242 1273 381 1302 resurgunt
394 1288 401 1300 ,
415 1278 424 1294 ι
439 1268 488 1294 Ubi
507 1268 536 1294 in
554 1275 642 1294 rerum
659 1272 757 1294 natura
772 1267 893 1302 reperisti
913 1272 1030 1295 mortuos

242 1314 399 1348 resurgere!
415 1313 443 1340 Si
460 1314 532 1341 enim
546 1312 646 1339 mortui
664 1316 739 1346 sunt,
756 1320 811 1340 non
825 1317 991 1347 resurgunt;
1006 1313 1030 1340 si

241 1363 405 1392 resurgunt,
433 1366 486 1385 non
514 1358 616 1385 mortui
641 1362 714 1386 sunt.
739 1357 926 1393 Respondebit
951 1358 1031 1386 facile

242 1403 302 1435 tibi,
317 1404 362 1439 qui
381 1405 467 1438 prima
482 1404 641 1431 dialectices
663 1404 797 1432 elementa
814 1404 958 1434 didicerit:
974 1405 1031 1433 imo

242 1451 289 1486 qui
304 1451 409 1477 ratione
427 1450 465 1477 uti
480 1454 619 1484 utcunque
635 1450 756 1478 sciverit.

279 1494 332 1522 Nec
344 1499 387 1522 est
399 1494 471 1530 quod
484 1495 684 1530 ὑπερκειμένης
698 1495 739 1522 vel
753 1495 896 1530 superioris
913 1499 939 1523 te
953 1502 1030 1523 voca-

242 1540 336 1567 bulum
354 1541 423 1567 adeo
441 1544 625 1573 commoveat;
654 1540 731 1575 quasi
755 1541 783 1568 in
807 1540 892 1568 arduo
920 1541 973 1569 sita
998 1548 1030 1569 ac

243 1592 378 1620 suspensa
395 1586 471 1620 regio
487 1593 548 1613 esse
563 1586 706 1619 debuerit;
722 1586 791 1621 ὑπέρ
807 1587 879 1613 enim
896 1594 953 1614 non
970 1590 1031 1614 tan-
1044 1596 1066 1625 ρ

244 1635 301 1657 tum
325 1634 367 1658 est
394 1638 495 1665 supra,
511 1630 559 1658 sed
582 1631 662 1658 etiam
682 1632 765 1658 ultra.
785 1631 831 1658 Sic
846 1632 989 1668 ὑπερόριον
1004 1632 1032 1660 id

244 1676 358 1709 dicitur,
375 1676 446 1711 quod
461 1677 532 1704 ultra
545 1677 612 1705 lines
625 1685 657 1704 ac
675 1678 775 1705 limites
788 1678 869 1705 situm
883 1682 941 1705 est:
958 1678 1031 1713 quod

244 1721 280 1748 de
296 1722 408 1756 planitie
427 1729 458 1750 ac
472 1722 601 1758 depressa
621 1723 744 1750 convalle
758 1730 814 1750 non
831 1724 931 1756 minus,
949 1731 1031 1758 quam

245 1765 278 1792 de
293 1766 432 1794 montibus
451 1767 578 1801 usurpari
599 1767 678 1794 solet.
693 1767 735 1794 ita
753 1770 781 1794 et
792 1775 916 1802 superum
940 1771 968 1795 et
987 1768 1032 1794 in-

246 1812 331 1846 ferum
359 1819 374 1838 a
400 1811 506 1840 Latinis
531 1820 586 1840 non
609 1812 644 1839 ab
663 1812 810 1840 eminentia
829 1818 858 1840 et
876 1813 1031 1846 altitudine,

245 1857 287 1884 vel
303 1857 456 1886 declivitate
479 1859 619 1886 dicuntur.
636 1858 735 1886 Strabo
761 1859 788 1886 in
804 1859 941 1895 plerisque
965 1860 1033 1888 locis

244 1907 301 1929 tam
323 1903 514 1938 praepositione
535 1903 621 1938 ὑπέρ,
646 1911 727 1938 quam
755 1904 838 1932 verbo
870 1905 1032 1940 ὑπέρκειται

246 1956 313 1975 usus
340 1954 382 1976 est
406 1949 476 1975 citra
500 1949 623 1976 notitiam
642 1949 794 1978 altitudinis
811 1955 838 1978 et
865 1951 1031 1979 eminentiae.

247 1993 284 2020 Ita
303 1994 371 2020 libro
385 2002 426 2021 v1:
454 1994 540 2030 ’Υπὲρ
558 1994 586 2021 δὲ
607 1995 661 2022 τῶν
676 1995 813 2032 Θουρίων,
831 1997 937 2032 inquit,
952 1998 1000 2024 καὶ
1015 1999 1032 2033 ἡ

245 2038 385 2074 Ταυριανὴ
405 2037 481 2074 χώρα
506 2038 638 2076 λεγομένη
664 2041 780 2076 ἵδρυται.
810 2041 897 2076 Supra
921 2042 1033 2070 Thurios

245 2088 283 2111 est
303 2085 383 2111 etiam
396 2084 448 2111 sita
468 2085 540 2120 regio
552 2094 610 2121 qua:
628 2086 766 2113 Tauriana
783 2087 892 2114 dicitur.
908 2086 941 2114 Et
953 2088 1034 2123 paulo

245 2134 307 2164 post
326 2130 395 2166 ὑπὲρ
414 2131 442 2157 δὲ
456 2131 558 2159 τούτων
574 2132 696 2167 Βρέττιοί
710 2133 874 2169 χερρόνησον
885 2133 1031 2166 οἰκοῦντες.

245 2175 328 2202 Libro
357 2176 421 2203 item
440 2185 455 2204 v
483 2177 535 2205 sub
558 2177 686 2205 initium:
716 2177 931 2213 ’Υπεραλπείους
953 2182 1034 2207 vocat

245 2221 443 2256 Transalpinos
472 2223 599 2258 populos.
630 2224 661 2249 0i
697 2223 745 2258 μὲν
776 2223 822 2251 οὖν
852 2225 950 2251 Κελτοὶ
978 2226 1034 2257 τοῖς

245 2265 438 2300 ὺπεραλπείοις
463 2266 602 2302 ὁμοεθνεῖς
619 2267 682 2294 εισι.
709 2267 742 2294 Et
765 2268 860 2295 eodem
885 2268 954 2296 libro
969 2270 1032 2301 τοὺς

245 2312 443 2347 ὑπεραλπείους
465 2312 585 2343 Κελτούς
608 2313 736 2347 appellat.
758 2313 881 2341 Rursus:
904 2314 989 2349 ’Υπὲρ
1004 2315 1032 2342 δὲ

245 2357 413 2390 Πλακεντίας
427 2357 474 2384 ἐπὶ
489 2357 537 2392 μὲν
554 2358 601 2384 τοῦ
621 2357 700 2392 ὅρους
711 2358 760 2392 τῆς
773 2358 876 2385 Κόττον.)
890 2360 941 2395 γῆς
957 2360 1033 2387 Τίκι-

245 2411 290 2430 νον
302 2404 330 2429 ὲν
346 2403 389 2435 λς’
408 2403 506 2438 μιλίοις
521 2403 607 2435 πόλις,
624 2404 671 2429 καὶ
684 2403 827 2440 ὁμώνυμος
842 2405 856 2431 ό
868 2406 1032 2442 παραρρέων

246 2449 368 2483 ποταμὸς
382 2447 542 2483 συμϐάλλων
560 2448 599 2482 τῷ
612 2449 701 2484 Πάδῳ·
719 2448 805 2484 Supra
820 2450 982 2479 Placentiam
998 2452 1032 2478 ad

246 2495 312 2528 fines
327 2494 439 2528 regionis
454 2493 525 2520 Cotti
540 2494 661 2522 Ticinum
677 2495 739 2523 urbs
763 2497 836 2524 abest
863 2498 970 2533 triginta
987 2506 1033 2526 sel:

247 2539 380 2568 millibus.
396 2543 419 2565 et
438 2539 552 2573 ejusdem
566 2541 680 2569 nominis
695 2542 792 2576 ﬂumen
806 2544 986 2579 praeterfluens
1007 2549 1031 2571 et

247 2585 276 2612 in
293 2584 397 2611 Padum
413 2585 539 2613 incidens.
554 2586 621 2619 Qua:
637 2587 781 2617 Strabonis
797 2590 878 2617 verba
894 2590 916 2617 si
931 2589 1033 2617 Salma-

247 2632 306 2658 sius
323 2631 524 2665 interpretetur,
540 2640 593 2659 non
613 2633 757 2666 dubitabit,
774 2635 839 2669 quin
859 2638 885 2662 et
900 2635 969 2662 Galli
982 2643 1033 2663 nos

247 2683 342 2702 onmcs
361 2675 388 2703 in
416 2684 478 2704 aere
497 2679 624 2713 suspensi
650 2680 750 2713 simus;
774 2683 801 2707 et
819 2679 945 2707 Ticinum
970 2688 1032 2708 cum

247 2720 328 2748 ﬂuvio
353 2729 404 2750 suo
429 2722 455 2749 in
472 2723 547 2750 edito
569 2724 660 2758 aliquo
685 2724 745 2752 loco
761 2724 845 2752 situm
866 2724 1032 2752 Placentiam

246 2765 316 2793 infra
332 2775 362 2795 sc
375 2767 519 2804 despiciat.
537 2768 597 2797 Non
609 2769 682 2798 enim
703 2770 881 2807 ὑπερκεῖσθαι
892 2791 900 2805 ,
916 2776 963 2799 aut
978 2779 1033 2799 esse

245 2822 326 2850 supra
337 2836 345 2849 ,
359 2815 413 2843 dici
433 2820 542 2852 potest,
567 2817 622 2846 nisi
637 2817 711 2854 quod
732 2817 879 2846 sublimius
894 2822 946 2858 est.
959 2817 1032 2847 idem

281 2894 320 2929 (α)
338 2893 454 2922 Salinas.
470 2902 496 2934 ιιι
511 2894 571 2924 615.

1082 308 1242 344 ὑπέρκειται
1257 308 1285 334 δὲ
1299 307 1346 335 καὶ
1356 307 1437 343 λίμνη
1453 307 1556 342 φύουσα
1573 307 1706 341 κάλαμον,
1723 314 1803 339 supra
1819 315 1871 341 pa-

1082 355 1123 382 lus
1136 358 1172 381 est
1196 354 1330 381 calamum
1348 353 1436 380 edens.
1455 353 1494 380 An
1510 360 1593 388 supra
1606 352 1701 380 collem
1717 352 1796 387 palus
1814 353 1868 379 im-

1081 400 1186 427 minet?
1201 399 1300 427 [verum
1315 399 1414 426 Strabo
1430 398 1491 425 libr.
1506 406 1549 425 xw
1574 398 1607 425 de
1632 397 1683 425 hoc
1705 397 1765 431 ipso
1777 417 1785 428 ,
1813 404 1868 431 quo

1081 445 1114 473 de
1137 445 1262 481 agimus.
1289 449 1377 472 tractu
1403 444 1538 479 loquens:
1564 443 1738 479 ’Υπέρκειται
1765 442 1794 468 δὲ
1818 443 1867 476 τῆς

1087 491 1215 522 Ἰουδαίας
1225 511 1231 523 ,
1249 490 1297 517 καὶ
1317 489 1365 525 τῆς
1381 489 1482 524 Κοίλης
1500 489 1600 525 Συρίας
1610 509 1617 521 ,
1644 488 1724 523 μέχρι
1739 487 1869 514 Βαϐυλω-

1080 537 1157 569 νίας,
1175 537 1221 563 καὶ
1234 536 1285 571 τῆς
1297 535 1344 562 τοῦ
1358 536 1500 571 Εὐφράτου
1516 534 1653 570 ποταμίας
1667 555 1674 567 ,
1702 534 1770 569 πρὸς
1791 535 1870 561 νότον

1088 582 1200 617 ’Λραὸία
1214 583 1303 613 πᾶσα,
1319 582 1403 618 χωρὶς
1421 581 1474 608 τῶν
1493 582 1522 607 ὲν
1536 582 1569 616 τῇ
1586 580 1783 615 Μεσοποταμίᾳ
1797 581 1871 614 Σκη-

1080 628 1160 655 νιτῶν
1173 636 1180 643 ο
1195 627 1282 662 Supra
1297 628 1421 655 Judtzam
1433 632 1458 654 et
1474 626 1654 662 leesyriam,
1671 634 1752 661 usque
1765 626 1799 653 ad
1813 625 1871 652 Ba-

1081 674 1225 709 byloniam,
1242 678 1266 700 et
1282 673 1416 708 ﬂuvialem
1431 673 1574 708 Euphratis
1588 672 1715 707 regionem
1725 692 1732 704 ,
1745 677 1870 698 austrum

1081 728 1180 752 versus,
1197 724 1252 746 tota
1270 724 1308 746 est
1321 719 1432 751 Arabia,
1447 722 1544 753 pra'ter
1557 718 1689 751 Scenitas,
1705 718 1749 753 qui
1764 718 1792 744 in
1809 717 1870 745 Me—

1080 764 1229 798 sopotamia
1247 769 1318 791 sunt.
1343 763 1425 791 Vides
1446 767 1476 790 ut
1502 770 1584 798 supra
1600 762 1719 790 Iudaeam
1741 763 1870 798 regiones

1081 809 1142 837 illas
1156 810 1281 840 collocet.
1293 814 1320 837 et
1335 809 1513 845 ὑπερκεῖσθαι
1527 809 1611 841 dicat,
1629 809 1680 836 hoc
1693 813 1735 836 est
1748 808 1871 843 superia-

1081 863 1121 882 res
1146 863 1202 882 esse
1210 863 1220 887 ;
1245 855 1317 890 quod
1339 855 1410 882 idem
1432 859 1474 883 est
1497 859 1580 890 atque
1601 854 1748 881 ulteriores.
1766 854 1871 882 Eodem

1081 901 1173 936 itaque
1185 901 1266 928 modo
1278 901 1326 936 τὴν
1339 901 1541 936 ὑπερκειμένην
1554 899 1645 936 χώραν
1659 904 1776 927 tractum
1792 899 1870 926 illum

1081 945 1251 981 superiorem
1279 945 1385 974 vocavit
1413 945 1600 981 Epiphanius,
1630 946 1676 980 qui
1706 944 1806 972 Judteaa
1835 944 1873 971 ad

1081 992 1213 1019 orientem
1235 997 1261 1019 et
1277 991 1418 1019 meridiem
1434 992 1546 1019 ultimus
1562 996 1604 1020 est
1616 1011 1624 1024 ,
1642 997 1668 1019 et
1683 999 1765 1026 supra
1783 991 1871 1019 Palae-

1083 1037 1182 1065 stinam
1201 1037 1354 1072 reliquam:
1372 1036 1418 1072 qui
1433 1044 1498 1071 ager
1514 1037 1590 1070 olim,
1608 1041 1634 1064 et
1649 1036 1741 1068 κοιλὰς
1769 1036 1868 1073 ἁλυκή,

1082 1086 1174 1115 postea
1194 1081 1270 1109 lacus
1288 1081 1356 1108 fuit:
1383 1085 1523 1115 postquam
1547 1081 1617 1108 Deus
1643 1080 1819 1109 Gomorrham
1844 1086 1868 1109 et

1082 1126 1198 1154 Sodoma
1214 1126 1350 1153 subvertit.

1117 1170 1153 1198 Ut
1164 1170 1247 1207 igitur
1259 1171 1359 1198 Arabia
1371 1171 1558 1208 ὑπερκειμένη
1578 1171 1654 1208 χώρα
1668 1172 1769 1201 Iudaea:
1784 1174 1871 1202 totius

1082 1224 1097 1243 a
1113 1216 1248 1244 Strabone
1261 1216 1381 1250 dicitur,
1399 1219 1462 1252 quia
1478 1218 1542 1246 huic
1562 1218 1595 1246 ad
1612 1219 1752 1247 meridiem
1770 1219 1871 1247 obver-

1081 1263 1163 1291 titur:
1177 1263 1218 1291 sic
1232 1263 1343 1298 reliquae.
1361 1262 1460 1290 Judazae
1475 1264 1658 1300 ὑπερκειμένη
1673 1265 1773 1293 dicitur
1785 1286 1792 1298 ,
1808 1273 1873 1301 quae

1081 1307 1219 1342 quondam
1235 1307 1311 1343 χώρα
1327 1308 1397 1340 fuit,
1410 1307 1492 1336 hodie
1511 1308 1587 1337 lacus
1611 1314 1662 1337 est.
1682 1310 1822 1345 Siquidem
1843 1315 1871 1339 et

1081 1357 1220 1380 extremus
1234 1353 1385 1381 Palaestina).
1404 1354 1481 1382 limes
1497 1354 1530 1381 ad
1546 1355 1678 1383 orientem
1701 1364 1773 1391 saepe
1793 1357 1871 1384 lacus

1082 1399 1126 1426 ille
1151 1399 1179 1426 in
1201 1398 1353 1434 Scripturis
1381 1401 1532 1431 sntuitur.
1555 1406 1584 1428 ut
1602 1401 1683 1430 Num.
1702 1410 1804 1436 xniv,
1831 1403 1869 1436 5;

1082 1443 1162 1472 Deut.
1178 1452 1221 1478 ιιι,
1237 1445 1287 1478 l7;
1306 1445 1390 1474 Josue
1406 1454 1456 1479 xv,
1471 1447 1499 1474 2.
1513 1446 1586 1474 Nihil
1599 1453 1641 1476 est
1656 1449 1757 1476 verius.
1773 1448 1872 1476 Omnis

1082 1490 1109 1517 in
1129 1491 1320 1527 interpolando
1334 1492 1513 1528 vexandoque
1533 1493 1593 1520 loco
1614 1494 1660 1521 illo
1680 1494 1808 1522 Salmasii
1823 1502 1873 1522 co-

1082 1539 1163 1564 natus
1176 1536 1272 1564 irritus
1293 1541 1320 1565 et
1339 1537 1430 1565 inanis
1452 1542 1503 1565 est.
1523 1537 1603 1565 lubet
1623 1538 1765 1573 Epiphanii
1788 1539 1871 1566 verba

1083 1582 1123 1610 sic
1149 1582 1267 1616 instrui,
1284 1583 1362 1617 quasi
1379 1583 1511 1618 scriptum
1535 1588 1624 1611 exstet
1646 1585 1702 1619 (a):
1721 1583 1782 1611 Τῶν
1805 1585 1871 1611 ἐπέ-

1082 1636 1160 1656 κεινα
1177 1628 1377 1663 ὑπερκειμένης
1400 1627 1492 1664 χώρας
1513 1629 1562 1664 τῆς
1585 1629 1707 1661 κοιλάδθς
1733 1629 1782 1665 τῆς
1807 1630 1872 1657 ἁλυ-

1082 1674 1134 1709 κῆς
1147 1693 1155 1705 ,
1175 1674 1309 1708 regionum
1331 1675 1443 1701 sitarum
1466 1679 1539 1701 trans
1559 1675 1686 1709 regionem
1701 1676 1770 1703 vallo
1787 1677 1871 1703 maris

1084 1719 1184 1746 Μοτιαὶ
1200 1719 1414 1753 superjacentem.
1435 1719 1500 1746 Nam
1528 1720 1599 1747 ultra
1625 1721 1761 1755 regionem
1787 1721 1872 1749 maris

1085 1763 1185 1792 Mortui
1199 1765 1339 1793 littoribus
1360 1765 1530 1800 adiacentem
1542 1769 1602 1793 erat
1621 1765 1757 1799 Nabataea,
1773 1766 1872 1794 lturma

1083 1816 1110 1838 et
1123 1810 1259 1838 Moabitis.
1273 1810 1335 1838 Haec
1350 1818 1438 1846 neque
1456 1812 1611 1839 necessaria
1629 1815 1689 1844 est,
1707 1816 1734 1840 et
1751 1813 1872 1840 absurda

1084 1859 1126 1884 est
1152 1856 1306 1891 insciteque
1329 1857 1481 1892 castigatio.
1508 1857 1697 1885 Necessariam
1725 1865 1781 1885 non
1810 1866 1874 1886 esse

1084 1902 1184 1937 probat
1205 1903 1279 1937 quod
1303 1910 1353 1938 pro
1379 1907 1486 1938 recepta
1505 1903 1621 1931 lectione
1635 1903 1802 1938 disputatum
1818 1910 1872 1932 est.

1084 1948 1248 1976 Absurditas
1264 1956 1295 1975 ex
1311 1956 1343 1976 eo
1367 1952 1460 1984 patet,
1476 1949 1549 1984 quod
1563 1949 1665 1984 ἁλυκὴν
1680 1950 1791 1976 κοιλάδα
1809 1950 1874 1985 Epi-

1084 1994 1202 2028 phanius
1215 2001 1288 2021 mare
1304 1993 1438 2022 Mortuum
1455 1995 1580 2029 appellet.
1594 1994 1700 2029 Quippe
1716 1995 1813 2024 haeresi
1826 1996 1872 2028 55,

1085 2047 1146 2074 quae
1172 2044 1214 2068 est
1231 2039 1431 2075 Sampsreorum
1443 2060 1451 2072 ,
1476 2041 1531 2073 ait,
1550 2040 1618 2068 istos
1646 2041 1692 2075 qui
1713 2046 1739 2068 et
1756 2041 1872 2069 Escesaai

1085 2089 1169 2119 sunt,
1198 2085 1226 2112 in
1249 2085 1340 2112 Peraea
1361 2086 1481 2113 versari:
1502 2085 1580 2112 Οὕτω
1606 2086 1760 2122 καλουμένῃ
1783 2087 1873 2123 χώρᾳ,

1085 2130 1171 2165 πέραν
1189 2130 1240 2166 τῆς
1260 2130 1391 2165 Ἀλυκῆς,
1416 2130 1475 2165 ἦτοι
1499 2130 1609 2166 Νεκρᾶς
1635 2131 1806 2167 καλουμένης
1829 2132 1874 2158 θα-

1084 2177 1187 2212 λάσσης
1209 2177 1238 2202 ὲν
1252 2177 1284 2211 τῇ
1307 2176 1448 2203 Μοαὸίτιδι
1464 2175 1540 2212 χώρᾳ
1563 2177 1627 2212 περὶ
1645 2177 1689 2204 τὸν
1704 2177 1874 2213 χειμάρρουν

1092 2223 1208 2259 ’Δρνὼν,
1231 2225 1278 2250 καὶ
1300 2224 1429 2250 ἐπέκεινα
1452 2225 1482 2250 ὲν
1500 2226 1534 2260 τῇ
1560 2225 1693 2260 Ἰτουραίᾳ
1715 2225 1761 2251 καὶ
1784 2225 1876 2252 Ναϐα-

1048 2258 1072 2285 Ῑ)
1086 2269 1148 2296 τιδι’
1167 2270 1232 2303 Qui!
1247 2269 1341 2296 Pera‘a
1358 2275 1484 2302 vocatur;
1499 2278 1558 2305 qua:
1571 2274 1608 2297 est
1621 2275 1692 2296 trans
1704 2270 1805 2296 salsum
1821 2271 1874 2298 sive

1085 2315 1222 2342 Mortuum
1238 2324 1311 2343 mare
1324 2335 1332 2348 ,
1359 2315 1428 2350 quod
1442 2316 1539 2342 dicitur
1555 2316 1582 2342 in
1606 2315 1749 2342 Moabitide
1765 2315 1799 2342 ad
1818 2321 1875 2343 tor-

1085 2364 1182 2386 rentem
1199 2361 1298 2392 Arnen,
1319 2367 1342 2387 et
1366 2360 1439 2386 ultra
1458 2361 1485 2386 in
1503 2359 1604 2387 [turma
1621 2364 1645 2386 et
1661 2359 1803 2386 Nabata'a.
1821 2359 1874 2387 Sed

1085 2410 1112 2432 et
1127 2405 1278 2434 Salmasius
1303 2406 1354 2433 hoc
1375 2407 1432 2440 ipse
1451 2406 1613 2437 conﬁtetur,
1629 2406 1678 2440 τὴν
1695 2405 1807 2433 κοιλάδα
1823 2406 1874 2441 τὴν

1092 2449 1207 2485 ’Λλυκήν
1227 2458 1276 2484 pro
1293 2450 1362 2477 mari
1388 2449 1493 2477 Mortuo
1508 2450 1578 2478 sumi
1600 2450 1634 2477 ab
1651 2450 1814 2485 Epiphanio.
1834 2450 1873 2477 Ex

1085 2496 1280 2531 quojncularis
1299 2496 1343 2523 illa
1358 2497 1538 2523 correctionis
1555 2497 1688 2523 sententia
1705 2497 1850 2524 conlicitur
1865 2507 1872 2524 :

1086 2540 1274 2574 Moabitidem,
1291 2541 1421 2568 Ituraaam
1433 2560 1440 2573 ,
1455 2546 1479 2568 et
1498 2546 1607 2568 crateras
1622 2542 1695 2568 ultra
1709 2550 1783 2568 mare
1799 2542 1874 2569 Mor-

1087 2592 1160 2614 tuum
1174 2595 1241 2620 esse,
1254 2587 1323 2622 quod
1337 2587 1405 2614 idem
1418 2586 1554 2614 Mortuum
1569 2597 1642 2615 mare
1655 2594 1695 2615 est
1709 2596 1790 2622 supra
1802 2597 1873 2616 mari

1086 2630 1232 2658 Mortuum.
1251 2631 1356 2658 Etenim
1373 2632 1497 2668 κοιλὰςὴ
1522 2633 1607 2668 ἁλυκή
1635 2636 1710 2660 mare
1737 2633 1872 2660 Mortuum

1085 2681 1150 2708 est.
1180 2681 1210 2704 ut
1234 2677 1404 2712 Epiphanius
1430 2678 1531 2705 diserte
1562 2678 1677 2710 scribit.
1707 2679 1873 2706 assentiente

1086 2724 1286 2759 grammatico:
1308 2731 1390 2759 porro
1403 2724 1588 2760 ὑπερκειμένη
1613 2724 1690 2760 χώρα
1707 2724 1795 2752 eidem
1811 2724 1873 2760 Epi-

1086 2769 1188 2806 phanio
1206 2778 1261 2797 non
1285 2770 1338 2797 alia
1356 2773 1417 2803 est,
1443 2778 1524 2804 quam
1543 2770 1690 2805 ipsummct
1708 2777 1783 2797 mare
1802 2769 1872 2803 mvr-

1087 2821 1174 2845 tuum.
1196 2816 1313 2852 Subjicit
1331 2816 1424 2845 enim:
1449 2815 1548 2844 ἔστιδὲ
1571 2815 1640 2852 αὕτη
1657 2814 1753 2851 Νεκρὰ
1774 2815 1871 2844 καλου-
