1937 3039
43 119 97 147 ιιι

561 117 747 147 ADVERSUS
765 116 945 147 CLAUDIUM
963 116 1178 148 SALMASIUM.

1632 121 1688 152 Gl!

44 177 121 214 μένη
150 175 282 204 θάλασσα.
311 174 363 203 Ubi
383 182 532 211 pronomen
561 176 632 213 αὕτη
659 177 692 205 ad
721 178 840 213 proxime

896 176 1035 204 idsa‘rt‘iw
1058 177 1130 204 ἀλῶν
1154 178 1278 205 dixisset.
1305 176 1335 206 In
1363 176 1462 206 Cenes.
1490 187 1550 215 cap.
1574 189 1630 214 xrv,
1656 182 1684 215 8,

42 225 170 260 positam
198 222 402 258 ὑπερκειμένην
424 222 517 258 χώραν
544 222 671 251 refertur.
691 222 843 252 Salmasius

42 269 268 298 construendum
297 268 334 295 ita
371 267 486 300 statuit,
507 269 587 303 quasi
615 273 689 297 esset
715 269 844 297 ἐπέκεινα

42 315 254 352 ὑπερκειμένης
285 313 377 349 χώρας
406 314 455 349 τῆς
484 314 605 347 κοιλάδος
639 315 689 350 τῆς
715 315 841 350 ’Ᾱλυκῆς.

43 361 143 394 Quare
155 361 289 388 barbarus
304 360 359 392 ille,
373 367 453 394 quem
469 360 543 393 dixi,
561 360 727 396 putidusque
742 368 842 389 sensus

42 405 178 433 exsistit:
200 405 317 440 regiones
332 404 399 431 istas
413 405 514 438 positas
523 413 580 432 esse
589 406 661 432 ultra
676 414 749 433 mare
765 405 841 433 Mor-

44 455 126 477 tuum
137 471 145 483 ,
163 450 233 486 quod
250 454 289 477 est
317 457 399 484 supra
422 458 494 477 mare
510 449 656 478 Mortuum.
673 451 842 486 Epiphanius

42 496 152 531 quippe
164 496 259 523 eodem
277 496 356 523 modo
371 495 483 530 scripsit
499 496 565 523 intr.
583 496 628 528 i9,
643 490 761 527 Essenos
780 505 842 525 esse

43 541 182 577 ἐπέκεινα
194 541 244 576 τῆς
266 541 383 575 ’Ᾱλυκῆς
399 540 470 567 οὕτω
485 541 654 577 καλουμένης
675 542 842 578 ὑπερκειμέ-

43 595 97 622 νης
109 586 221 622 χώρας,
235 594 296 621 qua:
309 590 351 614 est
366 586 501 614 Mortuum
515 594 606 621 mare;
622 595 676 622 quo
690 588 785 616 haeresi
795 589 830 616 53

44 632 118 660 dixit
141 639 203 660 esse
219 633 305 668 πέραν
318 634 368 668 τῆς
385 632 520 668 Ἀλυκῆς,
540 634 599 668 ἦτοι
616 634 726 670 Νεκρᾶς
742 634 841 661 καλου-

46 677 137 713 μένης
163 678 319 714 θαλάσσης,
340 682 365 705 ει
390 679 454 706 hwr.
476 678 529 706 20:
554 679 641 715 πέραν
663 680 712 715 τῆς
732 681 842 717 Νεκρᾶς

45 724 200 760 θαλάσσης.
218 725 302 760 Igitur
326 726 342 760 ὴ
367 725 549 761 περικειμένη,
566 726 643 761 χώρα
667 732 709 754 est
730 726 841 764 Ἀλυκή,

45 770 106 798 sive
123 770 220 807 Νεκρὰ
233 770 365 798 Θάλασσα.

82 816 151 844 Haec
175 816 321 852 Epiphanii
345 817 404 844 loca
430 817 482 844 tria
506 816 541 845 de
563 817 658 845 eodem
681 821 841 853 argumento

894 223 976 250 vallis
994 223 1050 256 illa,
1068 231 1129 259 quae
1144 224 1172 251 in
1204 221 1343 250 Mortuum
1378 233 1454 252 mare
1474 233 1607 254 conversa
1631 233 1684 261 est,

895 268 941 295 ubi
956 267 1483 305 Sodomorum,Gomorrlnr,ca:terique
1497 279 1574 307 reges
1585 277 1684 301 contra

895 318 1014 348 quatuor
1023 314 1092 342 alios
1103 319 1241 342 certamen
1257 315 1386 347 inierunt,
1399 315 1494 343 aLXX
1507 322 1621 345 vocatur
1631 328 1687 346 κοι-

893 358 942 391 λὰς
974 360 991 395 ἡ
1027 360 1126 396 Ἀλυκή
1147 369 1154 387 :
1178 364 1204 388 et
1236 368 1319 395 supra
1351 365 1486 388 commate
1513 362 1547 394 5,
1578 363 1687 398 φάραγξ

894 403 996 440 ἁλυκή.
1011 404 1069 432 Non
1084 405 1198 433 dubium
1209 409 1260 438 est,
1277 405 1343 441 quin
1357 414 1389 433 eo
1403 408 1554 441 respexerit
1568 408 1687 443 Epipha—

893 450 956 478 nius
969 458 1031 478 cum
1046 452 1158 487 scripsit
1173 461 1180 479 :
1196 452 1252 487 Τῆς
1267 452 1390 483 κοιλάὸος
1407 454 1456 488 τῆς
1476 453 1581 488 ἁλυκῆς
1599 454 1687 486 οὕτως

893 496 923 522 ἐν
938 498 971 532 τῇ
981 496 1042 532 θείᾳ
1049 497 1144 533 Γραφῇ
1160 497 1341 533 καλουμένης.
1354 497 1493 533 Nusquam
1510 499 1581 526 enim
1594 500 1688 530 κοιλὰς

898 540 1000 574 Ἀλυκή
1022 542 1075 570 nisi
1093 542 1147 571 hoc
1173 542 1232 569 loco
1253 543 1422 571 nominatur.
1450 544 1485 570 At
1511 551 1566 571 non
1584 545 1682 572 vallem

894 586 1049 614 Salinarum
1067 586 1192 615 Idumam
1207 588 1329 615 citimam
1341 607 1350 620 ,
1370 588 1418 616 sed
1434 590 1572 624 regionem
1590 589 1617 616 in
1633 597 1688 624 qua

892 636 989 667 postea
1021 632 1099 659 lacus
1128 632 1296 668 Asphaltites
1311 633 1433 665 exstitit,
1459 634 1512 661 isto
1539 634 1599 668 ipso
1626 634 1688 662 loco

893 677 1040 712 signiﬁcat.
1073 676 1263 704 Calumniator
1293 677 1386 713 itaque
1416 677 1587 711 Salmasius,
1618 679 1684 706 dum

892 722 1045 757 Epiphanio
1060 722 1086 750 id
1102 722 1215 758 afﬁngit,
1232 723 1305 758 quod
1320 728 1363 751 est
1375 724 1602 752 insulsissimum.
1618 724 1686 752 Nam

893 768 1014 802 nullam,
1042 772 1072 796 ut
1096 768 1133 795 ita
1157 768 1278 796 sensisse
1300 773 1467 797 monstraret
1490 769 1684 805 Epiphanium,

893 813 1025 841 rationem
1049 814 1185 842 adduxit:
1203 814 1280 849 quasi
1307 815 1417 849 impune
1437 822 1486 850 pro
1507 815 1621 843 libidine
1636 823 1683 843 ca-

48 863 124 890 inter
154 870 184 890 se
214 865 373 897 comparata
400 863 550 890 commenti
581 863 656 891 illius
681 863 841 892 inanitatem
857 858 982 888 Bvillari
999 866 1030 886 ac
1047 858 1192 886 traducere
1220 859 1348 894 antiquos
1375 860 1470 887 Patres
1489 861 1579 888 liceat.
1598 860 1685 889 Vallis

48 909 224 944 redarguunt
239 917 245 936 :
265 913 322 935 tum
338 916 403 936 vero
424 909 568 944 capitalem
591 909 704 937 alteram
720 910 841 937 oscitan-

45 954 116 982 tiam
142 953 262 988 pulsant.
285 951 387 980 Scribit
412 954 485 981 enim
508 961 570 990 pag.
586 954 648 987 6l5,
674 946 735 982 non
749 955 842 984 dicere

48 999 246 1035 Epiphanium,
262 998 395 1026 Moabitas
409 998 538 1026 ἐπέκεινα
555 1001 605 1035 τῆς
622 999 731 1036 Νεκρᾶς
742 1000 841 1028 θαλάσ-

48 1053 110 1080 σης,
124 1044 198 1072 ultra
221 1051 296 1072 mare
322 1043 460 1071 Mortuum
480 1044 615 1078 habitare,
642 1045 690 1074 sed
714 1046 842 1074 ἐπέκεινα

47 1089 253 1126 ὑπερκειμένης
279 1088 371 1124 χώρας
389 1089 439 1124 τῆς
461 1089 570 1125 Νεκρᾶς
594 1090 740 1126 θαλάσσης,
768 1091 842 1118 ultra

48 1135 182 1170 regionem
206 1135 384 1162 imminentem
408 1135 478 1162 mari
489 1134 608 1164 Mortuo.
625 1136 702 1170 Quod
717 1144 779 1165 esse
791 1137 842 1164 fal-

48 1189 111 1209 sum
136 1189 170 1209 ex
191 1181 288 1209 haeresi
310 1180 345 1208 20
364 1183 392 1208 et
419 1180 466 1208 55'
486 1182 700 1210 demonstratur.
730 1182 768 1210 lbi
799 1186 842 1211 est

48 1228 135 1259 enim,
150 1227 239 1263 πέραν
258 1228 306 1263 τῆς
328 1228 455 1264 Ἀλυκῆς,
482 1228 541 1263 ἦτοι
565 1228 675 1264 Napi;
707 1228 841 1264 καλουμέ-

49 1282 98 1309 νης
127 1273 266 1309 θαλάσσης
292 1281 354 1302 esse
377 1274 563 1308 Moabitidem,
581 1274 683 1302 omissa
700 1281 767 1302 voce
787 1274 842 1310 χώ-

51 1328 101 1354 ρας
117 1329 124 1347 :
141 1327 224 1355 quam
239 1319 311 1347 idem
327 1320 373 1348 ille
386 1320 501 1348 criticus
526 1320 782 1356 subintelligendam
796 1328 842 1349 as-

51 1365 118 1392 serit
133 1374 142 1392 ;
161 1372 217 1400 quo
232 1365 299 1393 nihil
312 1365 377 1402 ﬁngi
390 1370 480 1401 potest
500 1365 648 1401 stupidius.

351 1422 465 1450 CAPUT
492 1422 537 1450 IV.

51 1466 89 1495 De
102 1467 252 1502 Asphaltite
267 1468 336 1495 lacu.
350 1467 515 1502 Epiphanius
529 1476 546 1495 a
562 1467 692 1496 Salmasii
705 1468 841 1496 calumnia

85 1503 248 1537 defenditur.
276 1503 360 1530 Vallis
376 1503 532 1531 Salinarum
551 1504 614 1538 quid
639 1504 685 1531 sit.
711 1504 841 1532 Salmasii

85 1538 246 1572 multiplicia
261 1542 286 1565 et
301 1538 459 1573 gravissima
474 1543 593 1573 peccata.

85 1593 187 1622 Parum
205 1594 270 1622 huic
296 1594 454 1630 importuno
475 1595 633 1631 castigatori
649 1595 783 1624 facinoris
796 1596 839 1624 vi-

53 1647 112 1668 sum
128 1645 183 1672 est,
197 1640 340 1675 Epiphanii
355 1640 518 1668 sententiam
533 1648 566 1669 ac
580 1641 664 1669 verba
679 1641 838 1677 depravare,

51 1687 103 1714 nisi
123 1691 151 1714 et
179 1686 367 1714 immerentem
395 1686 502 1715 Patrem
529 1695 561 1715 ac
589 1692 785 1723 repugnantem
812 1689 839 1716 in

51 1731 155 1758 erroris
184 1731 226 1759 sui
250 1732 409 1759 societatem
433 1732 565 1759 traheret.
593 1733 649 1768 Τὴν
665 1733 775 1760 κοιλάδα
790 1733 840 1769 τὴν

52 1777 167 1812 ἁλυκήν,
193 1777 220 1804 id
243 1781 297 1810 est,
321 1778 415 1804 uallem
428 1777 634 1813 salsuginosam,
660 1786 741 1813 quam
764 1786 839 1807 mare

53 1821 191 1848 Morinum
207 1821 403 1856 interpretatur
417 1821 597 1857 Epiphanius,
611 1823 645 1851 ab
663 1824 759 1852 eodem
772 1831 840 1851 con-

53 1866 129 1894 fundi
145 1871 222 1900 putat
238 1874 300 1894 cum
319 1867 387 1894 valle
409 1867 576 1901 Salinarum,
594 1870 674 1904 cujus
689 1871 792 1897 mentio
810 1870 839 1898 fit

54 1913 100 1940 lib.
125 1912 147 1942 ιι
172 1912 315 1948 Rrg.,cap.
335 1922 391 1946 vni,
407 1914 451 1947 i5,
469 1919 496 1941 et
513 1914 524 1940 l
547 1914 677 1950 Paralip.,
691 1923 752 1951 cap.
770 1924 838 1950 xm,

54 1959 96 1986 i2.
115 1960 143 1986 In
162 1959 232 1986 libro
248 1959 351 1994 Regum
367 1960 404 1987 ita
421 1960 553 1995 scriptttm
569 1964 611 1988 est
625 1970 632 1987 :
652 1960 727 1988 Fecit
740 1970 841 1997 quoque

53 2005 102 2032 sibi
115 2005 203 2032 David
219 2014 323 2037 nomen,
340 2014 398 2033 eum
409 2012 592 2039 reuerteretur,
609 2011 686 2041 capta
705 2007 796 2041 Syria,
813 2009 840 2034 in

53 2049 120 2077 calle
136 2050 303 2083 Salinarum,
326 2052 401 2078 ιιι-εἱς
419 2051 506 2079 decem
523 2056 547 2078 et
570 2057 628 2079 octo
650 2052 778 2079 millibus.
805 2052 840 2080 Et

54 2096 140 2130 posuit
165 2096 192 2122 in
219 2095 340 2123 ldumwa
358 2097 491 2128 custodes,
511 2098 656 2133 statuitque
672 2098 838 2132 praesidium.

55 2140 188 2168 chraice
209 2134 271 2171 n51:
293 2145 359 2172 sua
389 2142 417 2169 in
442 2142 510 2169 ualle
533 2142 616 2170 Salis.
646 2143 716 2170 LXX
747 2151 839 2172 vocem

894 904 938 932 illa
952 911 1012 939 qua:
1028 904 1055 931 in
1071 902 1182 931 Hebraeo
1197 908 1274 934 mw
1286 905 1397 937 dicitur,
1415 913 1430 932 a
1447 904 1551 934 Graecis
1572 906 1685 942 Ἀλυκή,

893 950 927 978 ab
946 950 1094 986 interprete
1109 954 1204 978 nostro
1226 949 1361 977 Silveslris
1377 951 1540 985 appellatur.
1564 951 1598 978 At
1623 951 1686 979 llic-

892 1002 1023 1031 ronymus
1034 995 1060 1022 in
1075 995 1289 1026 Tradil.,uallem
1299 995 1455 1023 Salinarum
1470 1000 1569 1028 vocat;
1585 997 1685 1032 Aquila

892 1047 956 1067 vero
970 1039 1024 1066 τῶν
1044 1039 1237 1075 Περιπεδίνων,
1254 1039 1280 1067 id
1306 1043 1358 1071 est,
1380 1039 1574 1074 Campestrium
1587 1048 1597 1067 :
1615 1041 1682 1075 legit

892 1086 963 1113 enim
990 1090 1076 1115 nrt-ur.
1094 1085 1245 1113 Theodotio
1263 1085 1318 1112 τῶν
1338 1085 1439 1112 Ἀλσῶν
1451 1105 1458 1117 ,
1483 1085 1510 1113 id
1525 1090 1578 1119 cst,
1603 1085 1686 1113 Luca-

893 1145 973 1164 rum:
989 1137 1061 1172 quod
1076 1137 1109 1164 ad
1127 1136 1273 1172 Vulgatum
1293 1137 1469 1172 interpretem
1491 1138 1608 1165 accedit.
1627 1137 1683 1165 No-

892 1190 955 1211 men
982 1187 1059 1212 πεπτω
1078 1187 1132 1209 tam
1155 1183 1189 1211 de
1206 1190 1273 1218 agro
1288 1183 1414 1216 subacto,
1431 1191 1512 1218 quam
1530 1191 1634 1218 pascuo
1652 1191 1685 1211 ac

891 1242 1039 1263 nemoroso
1059 1235 1199 1262 sumitur:
1217 1234 1291 1270 quod
1317 1234 1514 1264 Tbeodotionis
1540 1240 1622 1271 atque
1646 1235 1685 1263 in-

891 1281 1019 1316 terpretis
1031 1280 1131 1308 veteris
1156 1280 1307 1308 auctoritas
1326 1280 1483 1315 persuadet.
1502 1280 1589 1308 Graeci
1607 1289 1624 1308 a
1638 1281 1685 1308 Sa-

891 1326 955 1353 linis
963 1326 1081 1362 Ἀλυκήν
1093 1329 1249 1358 rerterunt,
1267 1330 1298 1353 ut
1309 1330 1338 1354 et
1351 1325 1535 1362 Hieronymus
1548 1326 1576 1353 in
1592 1325 1685 1353 Tradi-

893 1373 1020 1401 tionibus.
1036 1372 1093 1400 Hos
1112 1372 1137 1400 si
1151 1372 1214 1408 quis
1229 1372 1372 1407 imperitos
1395 1371 1465 1400 adeo
1487 1371 1574 1400 fuisse
1596 1375 1682 1407 putet,

892 1423 922 1446 ut
935 1418 1005 1445 banc
1021 1418 1117 1445 vallem
1126 1425 1189 1445 cum
1200 1417 1286 1445 altera
1310 1417 1472 1453 cognomine
1487 1417 1521 1445 ad
1536 1417 1684 1445 ldumaeam

891 1463 944 1492 sita
959 1462 1170 1496 confunderent,
1186 1470 1229 1490 nat
1252 1461 1277 1490 is
1291 1470 1388 1497 parum
1399 1465 1549 1497 prudenter
1571 1469 1627 1489 imo
1648 1467 1685 1489 te.

892 1503 967 1536 mere
983 1507 1075 1535 faciat.
1090 1506 1154 1535 Haec
1167 1507 1240 1535 enim
1256 1507 1394 1542 posterior
1410 1507 1438 1534 in
1456 1506 1580 1534 idumaeas
1597 1507 1684 1533 conﬂ-

891 1554 974 1582 nibus
989 1554 1078 1589 posita
1095 1554 1213 1582 videtur.
1240 1552 1335 1588 Neque
1348 1561 1414 1581 vero
1433 1553 1462 1580 in
1481 1553 1598 1588 ipsamct
1620 1552 1684 1580 ldu-

891 1607 958 1628 maea
981 1599 1110 1628 collocari
1133 1607 1247 1627 necesse
1271 1604 1335 1628 est:
1352 1599 1424 1634 quod
1439 1598 1544 1627 divinat
1567 1598 1675 1626 Salma-

891 1646 950 1674 sius
968 1646 1018 1681 (a),
1031 1645 1083 1673 levi
1098 1645 1246 1673 admodum
1262 1645 1362 1673 ductus
1376 1650 1547 1680 argumento,
1557 1645 1682 1679 quoniam

890 1697 915 1720 et
932 1692 970 1720 ibi
986 1692 1101 1720 Idumazi
1113 1692 1259 1728 proﬂigati,
1271 1692 1299 1719 in
1314 1696 1418 1719 suamet
1431 1692 1548 1726 ipsorum
1566 1691 1680 1726 regione.

890 1738 1039 1766 Praeclare!
1051 1738 1134 1771 Quasi
1152 1738 1179 1765 in
1197 1737 1313 1765 Idumma
1330 1737 1388 1772 ipsa
1407 1736 1582 1764 conunissum
1597 1735 1682 1763 fuisse

890 1783 1014 1818 praelium
1039 1790 1153 1810 necesse
1172 1782 1219 1809 sit.
1240 1781 1341 1809 Eodem
1357 1781 1565 1817 argumentandi
1582 1787 1683 1816 genere

890 1829 1052 1860 confeceris,
1078 1828 1181 1855 Italiam
1204 1834 1269 1855 esse
1281 1827 1308 1854 in
1333 1825 1438 1859 Africa,
1459 1826 1588 1860 quoniam
1609 1825 1680 1859 Afri,

890 1875 1025 1902 Annibale
1041 1873 1123 1907 duce,
1140 1880 1204 1899 cum
1226 1872 1359 1899 Romanis
1372 1872 1400 1899 in
1413 1871 1489 1898 italia
1513 1875 1680 1906 pugnarunt.

890 1919 1013 1945 Alterum
1039 1916 1167 1944 Salmasii
1193 1919 1404 1951 argumentum,
1436 1916 1500 1950 quia
1524 1915 1681 1949 prmidium

890 1963 988 1990 ibidem
1008 1961 1161 1996 impositum
1177 1964 1349 1992 memoratur,
1372 1961 1400 1986 in
1420 1960 1479 1993 ipsa
1498 1967 1588 1994 nempe
1613 1959 1680 1986 Idu-

891 2016 969 2035 mwa.
989 2006 1040 2034 Ubi
1058 2006 1108 2034 hoc
1123 2005 1202 2041 legis,
1221 2004 1330 2037 ibidem,
1348 2004 1400 2032 hoc
1416 2008 1467 2036 est,
1488 2005 1516 2031 in
1536 2004 1605 2031 valle
1629 2003 1681 2032 Sa-

890 2054 1005 2080 linarum
1031 2052 1189 2088 impositum
1206 2050 1293 2078 fuisse
1313 2049 1492 2086 praesidium?
1515 2050 1605 2085 Atque
1623 2051 1681 2078 haec

891 2099 1011 2134 disputo,
1026 2107 1081 2127 non
1105 2103 1134 2125 ut
1148 2097 1217 2125 certi
1233 2097 1335 2132 aliquid
1350 2095 1384 2124 de
1406 2096 1479 2123 illius
1503 2096 1557 2123 situ
1579 2097 1681 2124 consti-

891 2148 979 2178 tuam,
988 2145 1035 2172 sed
1048 2143 1200 2172 uthominis
1211 2141 1350 2177 ἀλογιστία
1367 2141 1532 2176 castigetur;
1547 2140 1594 2176 qui
1610 2149 1624 2168 e
1636 2149 1681 2169 sa-

55 2187 385 2225 llchraaamretinuerunt,
407 2188 437 2215 ὲν
451 2189 578 2224 γεμέλεχ,
602 2191 680 2224 quasi
699 2190 839 2226 proprium
857 2198 879 2226 ι)
891 2190 946 2218 cris
954 2189 1101 2217 Litterisid
1112 2190 1180 2217 ellici
1193 2188 1349 2217 necessario
1364 2187 1489 2219 credidit,
1503 2190 1571 2214 etut
1585 2187 1612 2213 in
1622 2187 1679 2221 pii:-

54 2239 153 2259 nomen
167 2236 257 2266 esset;
277 2241 342 2266 non,
358 2237 388 2260 ut
403 2234 589 2262 hallucinatur
609 2235 771 2269 Salmasius,
784 2245 841 2263 κοι-

54 2277 118 2304 λάδα
133 2277 188 2304 τῶν
207 2278 289 2310 ἁλῶν,
309 2286 364 2313 quo
386 2280 497 2306 nomine
517 2280 587 2307 LXX
604 2285 703 2308 vocant
719 2282 746 2308 in
770 2282 841 2309 libro

55 2322 74 2350 ll
87 2322 218 2357 Paralip.,
229 2332 291 2351 cum
308 2325 335 2351 in
345 2324 458 2352 Hebmo
471 2326 564 2353 eadem
577 2328 613 2354 sit
622 2335 683 2362 qua:
696 2327 722 2354 in
733 2327 802 2355 libro
818 2328 840 2355 ll

55 2367 119 2402 Reg.
145 2369 301 2403 appellatio,
324 2370 401 2397 vallis
423 2369 505 2398 Salis.
526 2371 555 2398 lu
583 2371 661 2398 titulo
674 2373 770 2407 psalmi
794 2381 839 2400 Lit

56 2412 232 2449 Septuaginta
266 2414 400 2448 reddunt,
430 2416 558 2452 φάραγγα
587 2418 641 2444 τῶν
668 2418 750 2445 ἁλῶν.
781 2418 839 2446 Νοιι

55 2458 175 2486 eamdem
191 2468 252 2487 esse
269 2461 364 2488 vallem
383 2461 539 2489 Salinarum
555 2471 618 2490 cum
634 2465 703 2490 mari
722 2465 838 2498 Mortuo,

56 2512 86 2531 ne
100 2506 261 2540 probatione
278 2507 388 2541 quidem
406 2513 484 2543 eget;
507 2508 533 2535 id
548 2516 610 2536 vero
629 2510 751 2537 sensisse
774 2512 839 2538 bea-

56 2553 109 2577 tum
138 2549 319 2585 Epiphaniou
348 2552 528 2580 falsissimum
562 2558 613 2580 est.
643 2553 762 2580 Κοιλάδα
790 2555 839 2590 τὴν

60 2594 182 2630 ’Λλυκήν,
208 2597 250 2623 vel
280 2596 397 2631 Ἀλυκήν
424 2597 597 2632 simpliciter,
628 2599 687 2626 sive
723 2599 839 2635 ’Λλυκὴν

55 2640 189 2668 θάλασσαν
206 2645 364 2670 constanter
378 2642 548 2678 Epiphanius
575 2644 710 2672 nominat.
740 2645 767 2672 Si
786 2647 840 2672 val-

55 2686 103 2713 lem
131 2686 285 2714 Salinarum
305 2688 495 2722 intellexisset,
511 2697 578 2717 usus
601 2694 675 2718 esset
700 2698 732 2718 eo
760 2698 839 2718 voca-

55 2733 125 2764 bulo,
140 2733 229 2767 quod.
241 2733 308 2760 LXX
327 2739 488 2770 posuerunt,
515 2736 643 2772 Γεμέ).εχ,
665 2737 760 2766 saltem
779 2746 836 2765 κοι-

83 2823 122 2858 (a)
139 2822 204 2859 l’ug.
227 2823 278 2851 6ιῶ

893 2237 997 2271 risque,
1010 2236 1060 2270 τῆς
1074 2235 1280 2270 συλλογιπικῆς
1292 2233 1402 2270 μεθόδου
1415 2240 1529 2269 prorsus
1540 2237 1581 2260 est
1590 2233 1678 2260 rudis.

926 2283 968 2310 Ab
983 2283 1078 2310 eadem
1101 2281 1284 2308 ratiocinandi
1302 2280 1438 2315 imperitia
1460 2277 1612 2314 profectum
1635 2281 1679 2305 est

891 2333 919 2356 et
934 2328 1011 2359 illud,
1028 2327 1100 2362 quod
1115 2326 1231 2355 subinde
1247 2327 1371 2361 sequitur
1388 2334 1394 2352 :
1414 2325 1510 2352 vallem
1526 2324 1606 2351 istam
1628 2323 1661 2350 Sa
1672 2338 1678 2343 -

892 2373 1010 2400 linarum
1026 2379 1042 2398 a
1058 2372 1125 2398 mari
1142 2371 1250 2398 Mortuo
1270 2370 1377 2405 longius
1397 2370 1517 2397 abfuisse
1537 2369 1632 2404 probat
1645 2377 1678 2396 cx

890 2426 924 2446 eo
945 2419 1018 2454 quod
1043 2417 1072 2445 in
1096 2417 1213 2445 ldumaea
1232 2416 1277 2443 sit.
1299 2417 1334 2442 At
1364 2416 1493 2448 Iduma’a,
1519 2415 1607 2450 inquit
1628 2414 1677 2450 (ἰν,

891 2465 956 2492 satis
972 2465 1045 2500 longe
1059 2464 1154 2491 dissita
1178 2472 1194 2490 tt
1211 2463 1279 2489 mari
1295 2462 1411 2489 Mortuo.
1431 2461 1484 2489 Nec
1503 2462 1570 2489 illud
1583 2468 1678 2489 vcruut

891 2514 943 2538 cst.
961 2510 1063 2538 Tamen
1079 2510 1262 2544 experiamur,
1276 2516 1357 2543 quam
1375 2507 1401 2534 id
1414 2508 1485 2535 bcllc
1499 2508 1678 2535 demonstret.

892 2556 1037 2590 Incipiebat
1052 2557 1144 2591 quippe
1160 2556 1191 2582 ab
1210 2554 1319 2590 {Egypti
1335 2553 1425 2585 Casio,
1445 2559 1469 2581 et
1493 2554 1567 2581 lacus
1584 2553 1679 2581 Sirlm-

890 2603 960 2630 nidis
975 2611 1088 2630 enters".
1109 2603 1195 2630 Acute
1218 2609 1293 2630 sane.
1316 2601 1449 2634 Quoniam
1471 2600 1505 2627 ab
1520 2600 1630 2635 IEgpri
1648 2601 1679 2626 li-

890 2649 1002 2677 mitibus
1027 2649 1175 2684 incipiebat
1199 2648 1327 2679 ldumaea,
1351 2647 1412 2674 ideo
1439 2653 1453 2672 a
1479 2645 1546 2672 mari
1570 2645 1679 2672 Mortuo

890 2695 998 2731 longius
1013 2696 1117 2723 aberat.
1131 2695 1250 2723 lioccine
1271 2693 1427 2721 ratiocinari
1441 2698 1493 2726 est,
1507 2693 1562 2719 imo
1577 2693 1614 2718 uti
1634 2700 1677 2718 ra-

890 2741 982 2769 tione?
1009 2741 1102 2769 Itidem
1125 2741 1197 2769 enim
1223 2740 1297 2774 facit,
1316 2747 1348 2766 ac
1365 2740 1386 2767 si
1411 2739 1540 2774 probaret
1564 2737 1672 2772 aliquis,

925 2830 961 2864 (ll)
982 2830 1044 2865 Pag.
1069 2830 1131 2858 GM.
