1937 3039
264 118 317 146 διδ

930 115 1019 145 DiON.
1039 112 1211 144 PETAVlUS

1838 118 1895 147 τις

262 165 326 202 ιιοη¹
337 180 401 202 esse
425 172 581 210 contiguam
607 171 746 208 Pyrenaeis
765 171 898 207 Galliam,
925 174 990 209 quia
1012 174 1046 201 ab
1064 173 1091 204 Α
1104 173 1188 202 maris
1200 180 1216 201 a
1228 172 1368 210 salsugine
1381 172 1426 202 sit.
1447 173 1504 202 Cur
1519 176 1610 201 autem
1624 173 1792 209 Asplialtites
1810 174 1894 203 lacus

263 219 370 252 Rheno,
389 219 433 247 vel
448 219 560 254 Alpibus
577 218 683 254 incipit.
699 218 793 254 Lupus
807 219 947 247 cervarius
961 219 1050 247 bestia

258 270 305 293 est
318 275 325 292 :
340 273 373 293 ea
388 265 508 300 praedam
534 268 613 292 nacta
628 264 754 300 quamvis
770 264 799 292 in
820 264 890 292 fame
905 264 1049 298 mandens,

261 311 318 338 alio
332 311 356 338 si
372 310 534 345 respexerit,
546 310 690 344 prarsentis
702 309 787 337 oblita
798 310 908 344 prtedae,
921 309 955 337 ad
967 309 1050 337 aliam

262 357 436 393 quaerendam
466 356 630 391 digreditur.
655 354 730 383 Fecit
754 355 824 382 idem
853 356 1049 390 grammaticus

262 408 367 431 noster.
388 403 455 429 Cum
479 402 508 429 in
529 409 563 429 eo
586 406 670 434 esset,
689 406 719 429 ut
733 401 861 436 probaret
875 400 1020 428 Idumaeam
1033 407 1049 428 a

263 450 330 476 mari
354 450 464 476 Mortuo
481 448 589 483 longius
607 447 714 481 abesse,
729 453 811 482 atque
825 447 859 474 ad
875 447 901 474 id
918 447 1048 479 venisset,

264 499 293 522 nt
313 503 329 522 a
354 494 507 522 Sirbonidis
524 496 584 522 lacn
601 502 661 522 eam
685 495 806 529 incipere
818 495 934 526 diceret,
951 494 1050 521 avertit

262 542 323 575 ejus
340 541 461 568 animttm
480 540 625 568 Strabonis
639 541 801 574 recordatio,
817 541 863 575 qui
880 540 906 567 in
925 539 1050 567 Sirboni-

262 586 306 613 dis
336 587 395 613 lacu
410 586 538 620 deceptus
567 593 616 620 pro
648 585 804 620 Asphaltite
835 585 912 612 illum
941 585 1049 612 habuit.

262 633 353 665 Quare
377 631 496 659 lnstitnti
523 632 676 666 argumenti
702 639 763 658 mox
781 631 894 663 oblitus,
916 630 950 657 ad
973 631 1050 658 Stra-

262 678 361 706 bonem
381 686 442 705 sese
460 678 606 709 convertit,
623 677 651 704 in
669 685 787 711 eumque
802 677 898 704 dentes
914 676 1014 703 inﬁxit.

297 725 450 758 Antequam
460 723 494 750 ab
509 723 664 758 Asplmltite
684 723 755 755 lacu,
771 726 798 750 et
815 721 865 749 hac
882 725 938 749 tota
952 721 1049 756 dispu-

263 769 366 797 talione
389 769 526 800 recedam,
553 769 686 803 triplicem
713 767 804 795 critici
827 767 906 795 istius
927 773 1048 795 errorem

261 819 395 842 annotare
408 814 482 841 libet.
495 813 596 841 Lucum
615 813 698 845 hunc,
715 813 762 848 qui
780 817 806 840 et
824 819 898 840 mare
913 812 1047 839 Mortuum

263 861 424 896 appellatur,
448 863 528 895 negat
550 859 587 895 (α)
610 867 671 887 esse
693 860 807 887 salsum.
832 857 1047 886 Absurdissimc.

261 906 383 933 Primum
391 906 459 934 Gen.
479 914 534 938 xxv,
549 907 575 938 5,
588 905 739 941 appellatur
749 897 811 936 n‘m
819 909 852 934 at
863 904 986 932 Θάλασσα
995 905 1049 932 τῶν

267 952 364 986 Ἁλῶν,
380 960 452 979 mare
468 952 550 983 Satis,
567 951 593 979 id
605 957 656 984 est,
674 951 791 979 Salium.
810 950 855 977 Sal
871 958 925 977 non
937 954 978 977 est
995 949 1047 982 sal,

261 998 284 1024 si
309 998 334 1024 id
359 1005 435 1025 mare
472 998 573 1026 salsum
590 1005 644 1024 non
658 1000 712 1025 est.
729 996 830 1024 Deinde
841 995 986 1031 Iosephus.
1001 995 1048 1030 qui

260 1048 288 1070 et
305 1044 370 1071 vidit
386 1048 412 1070 et
428 1048 538 1079 gustare
551 1043 650 1078 potuit,
665 1043 714 1070 lib.
730 1051 746 1071 v
764 1042 815 1078 τῆς
835 1041 1047 1076 ’Δλώσεωςμμ

258 1090 305 1118 2'1.
316 1090 354 1116 ait
382 1097 444 1117 esse
467 1089 623 1125 ἁλμυρώδη,
649 1089 701 1117 hoc
723 1093 776 1120 est.
802 1088 914 1116 salsum.
939 1087 1047 1115 Atenim

261 1135 356 1170 objicit
372 1145 378 1163 :
396 1134 472 1162 Mare
488 1143 563 1162 omne
576 1135 677 1162 salsum
697 1139 736 1162 ut
755 1138 846 1168 suapte
859 1138 967 1166 natura,
977 1133 1048 1169 quod

259 1190 349 1208 omnes
368 1183 474 1214 sciunt;
489 1189 569 1216 neque
584 1188 674 1208 verum
691 1188 765 1207 mare
780 1187 844 1214 opus
863 1184 931 1207 esset
946 1180 986 1206 ita
1001 1187 1049 1206 no-

261 1228 372 1254 minare.
396 1227 558 1255 Plumbeum
592 1227 724 1254 acumenl
755 1225 853 1253 Mirum
878 1225 908 1253 ni
938 1232 1051 1259 errasse

261 1273 373 1309 Moysen
388 1273 547 1305 contendat,
567 1272 614 1308 qui
633 1276 663 1300 et
683 1280 758 1299 mare
770 1274 797 1299 et
811 1271 913 1298 ullum
927 1271 1049 1306 appella-

261 1320 307 1346 rit.
323 1319 368 1353 At,
390 1316 413 1346 ὣ
429 1318 527 1353 ἀγαθά,
551 1325 627 1346 mare
639 1325 721 1346 omne
742 1325 840 1345 verum
860 1317 962 1346 salsum
985 1325 1049 1345 esse

260 1368 386 1392 constat:
400 1364 446 1391 sed
465 1364 541 1391 lacus
558 1363 611 1391 iste
625 1370 719 1391 verum
735 1370 812 1391 mare
828 1370 882 1391 non
900 1363 969 1397 fuit;
986 1363 1046 1395 sed,

261 1414 292 1436 ut
313 1409 434 1437 Hebraeis
448 1416 508 1437 mos
529 1412 582 1440 est,
599 1409 761 1445 συναγωγὴν
774 1409 864 1436 πᾶσαν
886 1409 989 1437 ὑδάτων
1008 1410 1047 1437 ita

261 1455 417 1488 nominare,
445 1454 585 1490 Scriptura
611 1463 685 1482 mare
710 1455 818 1483 Salsum
836 1462 935 1488 vocat,
956 1459 986 1483 ut
1012 1455 1047 1483 ab

1100 219 1169 246 nihil
1191 223 1302 255 generet
1322 220 1421 252 alatve,
1451 227 1506 248 non
1527 219 1567 255 τῷ
1587 220 1751 255 ἀλμυρῶδει,
1772 221 1851 256 quod
1867 221 1894 248 ei

1100 264 1197 292 tribuit
1223 263 1368 300 Josephus,
1395 264 1443 292 sed
1467 264 1507 300 τῷ
1528 264 1709 299 ἅσφαλτὼδει,
1731 272 1787 301 quo
1809 273 1894 301 aqua:

1100 309 1160 344 ejus
1176 309 1284 337 infectae
1302 315 1376 344 sunt,
1395 310 1494 338 merito
1511 311 1650 338 tribuitur.

1136 355 1258 383 Tertium
1274 356 1363 383 critici
1377 360 1518 391 peccatum
1538 356 1632 384 eadem
1650 357 1758 392 pagina.
1778 356 1892 385 Salsum

1100 408 1156 428 non
1170 409 1230 429 esse
1247 401 1335 428 lacum
1355 401 1418 429 inde
1438 402 1544 437 probat,
1565 402 1629 437 quia
1653 402 1768 430 bitumen
1784 404 1891 431 salsum

1100 454 1152 473 non
1175 451 1225 481 est,
1245 455 1291 474 nec
1315 447 1381 475 salis
1403 453 1528 475 naturam
1548 448 1635 476 habet.
1651 449 1686 476 At
1706 449 1781 477 lacus
1797 451 1846 477 ille
1858 458 1891 477 ea:

1100 499 1172 518 mero
1189 491 1316 520 bitumine
1334 498 1383 520 est.
1402 493 1474 529 Ergo
1493 494 1573 521 nulla:
1599 495 1626 522 in
1646 495 1799 530 Asphaltite
1827 497 1891 523 lacu

1100 544 1178 572 aquae
1197 542 1271 571 sunt,
1286 539 1335 566 sed
1349 543 1469 574 quantus
1485 545 1603 575 quantus
1618 545 1671 573 est,
1691 542 1758 569 nihil
1775 543 1830 569 nisi
1847 543 1891 569 hi-

1101 586 1193 610 tumen
1217 587 1269 611 est.
1289 583 1425 619 Iosephus
1451 585 1500 614 lib.
1525 593 1542 614 v
1564 585 1613 621 τῆς
1627 585 1843 622 ’Λλώσεως,εεῳ.
1861 588 1891 620 5,

1099 627 1279 662 Asplialtilem
1299 629 1400 661 lacum,
1414 631 1522 664 qualem
1539 631 1645 658 viderat
1665 639 1748 668 stupe,
1764 640 1820 660 non
1840 641 1892 660 cu-

1098 672 1219 708 iusmodi
1243 682 1277 702 ex
1311 675 1494 704 vocabulariis
1524 677 1675 711 didicerat,
1709 679 1890 712 describens,

1105 719 1357 758 Ὑποκουφότητος,
1368 721 1466 756 inquit,
1487 723 1535 749 καὶ
1550 723 1586 749 τὰ
1605 722 1744 759 βαρύτατα
1764 724 1821 751 τῶν
1847 725 1890 756 εἰς

1099 763 1180 790 αὑτὸν
1208 766 1340 800 ῥιφέντων
1368 767 1516 803 ἀναφέρει·
1544 769 1691 796 καταδῦναι
1715 770 1744 796 δὲ
1772 771 1814 802 εἰς
1841 771 1890 798 τὸν

1101 809 1191 844 βυθὸν,
1211 811 1272 838 οὐδὲ
1296 812 1511 848 ἐπιτηδεύσαντα
1539 815 1647 850 ῥᾴδιον·
1669 815 1762 843 Nimia
1778 816 1888 845 levitate

1100 856 1181 882 etiam
1198 864 1257 891 qm
1274 858 1431 892 grauissima
1451 865 1512 886 sunt
1531 860 1558 887 in
1581 868 1639 887 eum
1657 861 1733 895 jacta
1753 863 1864 896 ﬂuitant
1878 873 1888 891 :

1100 900 1215 937 demet-gi
1227 907 1316 929 autem
1337 904 1396 938 quis
1414 903 1442 930 in
1463 904 1622 938 profundum
1639 914 1685 932 nec
1705 906 1737 933 tle
1751 907 1889 935 industria

1098 945 1178 980 facile
1202 950 1298 981 potest.
1329 946 1456 983 Subjicit,
1488 948 1686 985 Vespasianum
1713 951 1887 987 periclitandi

1099 992 1186 1026 gratia
1200 993 1334 1027 quosdam
1353 994 1465 1022 natandi
1482 995 1595 1028 inscios,
1609 996 1710 1024 vinctis
1730 1002 1793 1032 post
1809 1001 1887 1033 terga

1098 1038 1237 1072 manibus,
1251 1038 1278 1066 in
1288 1039 1373 1066 altum
1390 1040 1486 1075 projici
1498 1040 1634 1075 jussisse;
1652 1042 1778 1070 evenisse
1792 1047 1886 1069 autem

1099 1082 1228 1112 omnibus
1246 1088 1378 1118 tanquam
1399 1084 1425 1111 vi
1450 1084 1594 1118 cujusdam
1616 1085 1740 1120 spiritus,
1760 1086 1800 1112 uti
1825 1094 1888 1113 sur-

1098 1135 1159 1155 sum
1177 1128 1279 1164 repulsi
1298 1127 1473 1157 fiuctuarent.
1498 1129 1561 1156 Haec
1581 1129 1718 1164 Iosephus
1740 1139 1773 1158 ex
1794 1130 1887 1158 Ruﬁni

1097 1173 1332 1209 interpretatione.
1347 1175 1442 1207 Addit,
1461 1175 1556 1204 multis
1577 1176 1645 1204 locis
1659 1177 1783 1204 eumdem
1796 1178 1886 1205 lacmn

1098 1218 1192 1254 nigras
1207 1219 1350 1247 bituminis
1363 1220 1458 1255 glebas
1468 1228 1587 1254 vomere,
1607 1229 1656 1250 eas
1674 1230 1740 1250 vero
1761 1223 1888 1250 innatam

1098 1264 1184 1300 figura
1194 1269 1222 1293 et
1234 1266 1421 1301 magnitudine
1447 1267 1535 1296 tauris
1555 1268 1648 1303 capite
1665 1268 1800 1296 truncatis
1816 1269 1888 1296 assi-

1096 1311 1176 1339 miles
1190 1320 1197 1338 :
1210 1311 1267 1348 Τῆς
1283 1311 1374 1347 μέντοι
1387 1312 1524 1348 ἀσφάλτου
1541 1313 1613 1340 κατὰ
1631 1313 1717 1341 πολλὰ
1741 1314 1814 1350 μέρη
1830 1314 1886 1350 βώ-

1096 1355 1158 1388 λους
1174 1356 1291 1392 μέλανας
1303 1357 1446 1385 ἀναδίδωσι
1455 1366 1461 1373 ·
1474 1359 1503 1386 αἱ
1517 1358 1545 1385 δὲ
1559 1360 1731 1394 ἐπινήχονται
1741 1359 1773 1386 τό
1783 1368 1812 1386 τε
1825 1361 1888 1396 σχῆ-

1097 1409 1145 1435 μα,
1162 1401 1210 1428 καὶ
1222 1401 1253 1427 τδ
1269 1401 1384 1436 μέγεθος
1398 1402 1510 1438 ταύροις
1522 1403 1668 1438 ἀκεφάλοις
1685 1404 1885 1440 παραπλήσιαι.

1095 1445 1202 1473 Plinius
1213 1445 1259 1473 lib.
1269 1453 1418 1481 xxxv,cap.
1430 1446 1473 1479 i5,
1485 1447 1626 1475 bituminis
1638 1453 1763 1475 naturam
1773 1449 1839 1476 alibi
1854 1450 1885 1477 li-

261 1502 348 1529 ancro
363 1501 423 1528 lacu
438 1500 607 1529 Genuam“,
625 1501 736 1530 dig-ene
759 1508 821 1529 eum
843 1493 1045 1536 intelligamus;
1059 1512 1082 1543 c
1098 1490 1258 1543 mutinalibi
1272 1496 1438 1520 terramesse
1449 1492 1526 1520 dicit.
1539 1492 1631 1520 Limus
1639 1492 1759 1521 eludant:
1775 1494 1886 1527 lacu,ut

259 1548 320 1582 qui,
345 1551 374 1575 ut
398 1548 493 1576 eodem
518 1547 579 1575 loco
600 1547 736 1584 Josephus
757 1551 862 1580 narrat,
878 1547 967 1576 dulcis
993 1552 1046 1575 est.

261 1595 393 1621 Pneterea
407 1594 470 1629 quis
491 1594 580 1622 nescit
597 1601 672 1622 mare
684 1594 759 1622 aliud
778 1594 833 1622 alio
850 1594 951 1622 salsius
969 1595 1050 1622 esse?

262 1640 365 1668 Pontus
379 1639 500 1668 Euxinus
517 1647 611 1668 verum
636 1646 678 1668 est
693 1648 770 1668 mare
784 1650 790 1668 :
810 1640 880 1668 idem
894 1644 985 1668 tamen
999 1640 1051 1667 πό·

260 1695 340 1722 τιμος
354 1690 407 1717 est.
423 1690 450 1713 et
462 1685 556 1713 dulces
569 1686 652 1713 habet
664 1693 760 1721 aquas,
783 1690 831 1713 ant
846 1685 938 1713 minus
959 1685 1049 1713 salsas

260 1739 344 1766 quam
361 1731 465 1767 reliqua
480 1732 581 1762 maria,
597 1735 628 1758 ut
648 1731 682 1758 iis
696 1731 778 1758 etiam
794 1730 925 1765 adaquari
951 1738 1049 1765 pecora

261 1777 377 1809 soleant,
391 1781 421 1804 ut
437 1777 570 1804 Arrianus
588 1776 617 1803 in
639 1776 745 1811 Periplo
762 1776 854 1808 tradit,
869 1780 897 1804 et
915 1777 1050 1804 Aristote-

238 1820 243 1824 ”
260 1823 300 1850 les
317 1822 355 1850 lib
379 1830 432 1853 xu,
445 1821 485 1849 De
496 1821 559 1849 hist.
583 1822 772 1856 animat.,cap.
787 1821 829 1852 t3,
847 1821 881 1848 dc
904 1822 1049 1850 dulcedine

260 1868 386 1895 afﬁrmat.
401 1868 536 1900 Quocirca
556 1867 633 1894 lacus
656 1866 834 1901 Aspltaltites,
849 1868 922 1901 quod
941 1868 1048 1895 caeteris

260 1914 360 1941 salsior
382 1914 430 1945 sit,
454 1913 516 1940 ideo
531 1919 604 1938 mare
628 1911 811 1939 Salsissimum
836 1912 870 1939 ab
899 1912 1053 1946 interprete

259 1963 356 1986 nostro
380 1958 482 1992 passim
504 1960 628 1989 vocatur,
649 1958 728 1985 Num.
753 1964 846 1988 xxxiv,
870 1957 896 1988 5,
913 1958 992 1984 Deut.
1006 1965 1046 1989 Ill,

259 2004 343 2032 Josue
363 2011 408 2032 xv.
432 2003 545 2031 Tacitus
566 2003 614 2030 lib.
629 2010 645 2029 v
677 2003 751 2031 Hist.
774 2002 864 2030 lacum
886 2003 959 2030 hunc
977 2003 1047 2030 mari

259 2050 334 2077 omni
347 2057 441 2083 sapore
454 2049 641 2084 corruptiorem
657 2048 732 2076 facit.
749 2048 819 2082 Quid
833 2055 899 2084 ergo
912 2048 1048 2076 Salmasio

259 2097 335 2124 venit
358 2097 385 2123 in
409 2100 545 2128 mentem,
565 2099 595 2123 ut
616 2103 678 2123 eum
702 2099 814 2130 negaret
836 2103 898 2122 esse
924 2095 1047 2123 salsum?

259 2143 334 2170 Sane
356 2142 428 2169 Beda
451 2142 521 2169 libro
537 2141 571 2169 de
595 2142 663 2169 locis
688 2142 792 2169 sanctis
808 2149 868 2176 cap.
888 2142 930 2173 15,
955 2141 1045 2168 lacum

1100 1535 1232 1569 diximus,
1247 1544 1408 1573 emergens;
1428 1541 1501 1565 terra
1524 1538 1551 1566 in
1568 1538 1645 1574 Syria
1662 1540 1734 1566 circa
1755 1539 1884 1568 Sidonem

1100 1583 1234 1618 oppidum
1260 1583 1438 1611 maritimum.
1455 1583 1484 1611 Si
1505 1583 1581 1612 lactts
1604 1584 1773 1620 Asphaltites
1786 1594 1886 1613 merum

1099 1628 1216 1657 bitumen
1231 1633 1281 1662 est,
1300 1629 1327 1656 id
1347 1634 1391 1657 est
1416 1629 1508 1656 nullas
1529 1636 1614 1664 aquas
1640 1630 1730 1664 habet,
1748 1632 1885 1666 quomodo

1098 1674 1218 1710 deinergi
1243 1675 1270 1702 in
1290 1682 1354 1702 cum
1373 1679 1463 1710 potest
1481 1675 1594 1710 aliquid,
1615 1680 1663 1702 aut
1677 1683 1693 1703 a
1712 1676 1799 1704 fundo
1822 1685 1885 1705 sur-

1099 1729 1160 1749 sum
1176 1721 1284 1749 occulta
1308 1721 1334 1748 vi
1359 1721 1474 1756 spiritus
1500 1722 1613 1756 repelli?
1633 1722 1752 1750 Fluitare
1768 1731 1835 1751 vero
1853 1730 1885 1750 ac

1098 1766 1233 1794 fluctuare
1255 1767 1283 1794 in
1302 1772 1432 1802 perpetua
1452 1767 1542 1802 gleba,
1559 1768 1603 1795 vel
1624 1768 1681 1795 luto
1703 1768 1883 1803 spississimo,

1098 1813 1145 1848 qui
1170 1813 1274 1848 potest?
1289 1813 1397 1840 Clarius
1417 1813 1614 1841 absurditatem
1638 1813 1782 1842 Strabonis
1809 1815 1884 1843 locus

1098 1858 1214 1886 revincit
1226 1858 1273 1886 lib.
1286 1866 1342 1889 xvr,
1360 1859 1405 1886 ubi
1421 1859 1455 1886 de
1466 1859 1617 1894 Asphaltite
1632 1859 1693 1886 lactt
1709 1859 1760 1887 sub
1774 1861 1885 1888 nomine

1099 1904 1254 1933 Sirbonidis
1283 1905 1349 1940 agit,
1381 1912 1534 1940 perperam,
1565 1909 1595 1932 ut
1625 1910 1687 1933 ante
1718 1905 1883 1934 Salmasium

1098 1951 1291 1978 animadvertit
1308 1950 1427 1978 Ortelius
1451 1954 1477 1978 ct
1499 1950 1693 1983 Casaubonus,
1710 1955 1737 1978 et
1751 1951 1797 1978 alii
1814 1959 1884 1986 pre-

1099 2000 1172 2024 ιρι-εδ
1190 2004 1243 2024 non
1265 1996 1355 2031 pauci.
1380 1995 1459 2023 Hunc
1477 2003 1542 2030 ergo
1568 1997 1656 2023 lacum
1681 1995 1764 2023 refert
1786 1995 1883 2024 Strabo

1097 2050 1159 2070 esse
1173 2041 1320 2077 ἀγχιδαθῆ,
1338 2041 1486 2076 βαθύτατον
1504 2041 1578 2076 ἔχειν
1597 2040 1678 2076 ὕδωρ,
1692 2049 1774 2075 aquas
1790 2041 1883 2068 habere

1097 2087 1332 2122 profundissimas,
1346 2087 1429 2114 sicut
1447 2086 1634 2114 urinatoribus
1647 2086 1739 2113 nullus
1755 2086 1792 2112 ibi
1808 2087 1882 2114 locus

1097 2134 1143 2164 sit.
1164 2133 1211 2160 sed
1227 2133 1273 2168 qni
1288 2133 1502 2160 umbilicotenus
1515 2133 1542 2159 in
1570 2139 1632 2159 cum
1660 2131 1798 2166 procedit,
1821 2139 1882 2159 mox

260 2189 344 2216 istum
366 2188 450 2216 refert
462 2189 640 2216 salsissimum
653 2188 746 2222 ejicere
761 2187 812 2220 sal,
825 2192 850 2214 et
862 2187 910 2214 hoc
930 2187 986 2214 sale
997 2187 1047 2214 sic-
1061 2176 1084 2204 Ῐ)
1098 2180 1247 2207 umnam?»
1260 2179 1385 2207 Βίιυηὶθη
1401 2186 1484 2214 Porro
1498 2178 1582 2206 οθΐιίε
1591 2177 1760 2212 temporibus
1771 2185 1788 2205 (⁵
1801 2178 1883 2205 fundo

258 2239 349 2261 catum
369 2235 464 2269 accipi,
479 2234 568 2261 multis
583 2226 677 2268 ubique
698 2232 851 2260 nationibus
864 2233 1044 2267 profuturum.

295 2281 415 2307 Alterum
429 2280 543 2308 inscitiae
553 2284 634 2313 caput
651 2279 739 2305 laeum
758 2278 928 2313 Asphaltiten
949 2279 1044 2306 eodem

260 2333 344 2354 sensu
364 2326 430 2352 dicit
448 2326 484 2359 (b)
500 2324 630 2359 appellari
656 2324 770 2356 salsum,
790 2330 846 2358 quo
863 2327 961 2350 terram
981 2324 1047 2351 salis

259 2370 341 2398 iidem
360 2371 465 2398 Hebrwi
486 2373 636 2403 nuncupant
653 2376 722 2401 eam,
743 2376 801 2404 qua:
820 2368 925 2396 deserta
949 2374 989 2396 est
1015 2378 1046 2396 ac

259 2417 391 2443 desolata.
411 2415 494 2443 Terra
514 2415 589 2447 salis,
614 2415 655 2442 vel
679 2414 857 2450 salsuginem,
885 2415 1003 2450 ingrata,
1021 2420 1048 2443 et

262 2462 407 2490 infecunda
433 2461 544 2494 dicitur,
568 2468 599 2487 ac
628 2459 752 2496 frugibus
779 2459 889 2492 infelix,
917 2461 1047 2495 quoniam

261 2510 372 2544 salsugo
387 2508 454 2535 satis
469 2507 578 2535 inimica
598 2512 650 2536 est.
672 2508 708 2535 lia
722 2507 873 2535 sterilitatis
883 2511 911 2535 et
925 2507 1049 2535 infecun-

261 2554 356 2582 ditatis
371 2554 480 2589 propria
499 2561 582 2581 causa
604 2558 656 2582 est.
673 2553 701 2580 In
717 2553 784 2580 mari
801 2553 876 2580 nulla
893 2553 1046 2581 fecunditas

261 2605 304 2628 est
317 2607 410 2627 earum
427 2608 529 2631 rerum,
544 2600 653 2635 quibus,
670 2603 699 2627 ut
718 2600 744 2626 in
757 2604 841 2631 terra,
863 2603 961 2626 natura
981 2599 1047 2626 sal1s

262 2645 361 2675 infesta
375 2650 426 2674 est.
440 2646 492 2674 Sed
503 2654 563 2682 quae
576 2646 694 2674 indidem
707 2647 844 2678 oriuntur,
858 2650 905 2673 aut
914 2646 1044 2680 gliscttnt,

262 2693 400 2727 salsugine
416 2693 556 2728 iuvantur.
573 2693 663 2725 Quare
675 2700 729 2720 non
747 2696 837 2728 potest
852 2691 955 2719 salsum
970 2699 1047 2719 mare

261 2738 316 2767 dici
335 2747 384 2775 pro
407 2740 554 2768 infecundo
569 2748 600 2768 ac
613 2739 710 2772 sterili,
733 2747 795 2767 cum
813 2738 966 2767 fecunditas
983 2739 1042 2774 ipsa

293 2817 330 2853 (tt)
343 2817 406 2854 Pag.
421 2817 478 2845 (ili.

1098 2225 1212 2253 ebullire
1239 2226 1352 2257 scribit,
1376 2225 1410 2252 nd
1436 2225 1506 2259 quod
1533 2224 1693 2259 capiendum
1718 2224 1883 2252 arundineas

1099 2276 1170 2299 rates
1189 2273 1329 2307 expeditas
1347 2271 1448 2299 habent
1464 2280 1470 2297 :
1490 2271 1568 2297 Ἔστι
1588 2271 1617 2297 δὲ
1637 2271 1654 2306 ἡ
1675 2270 1813 2305 ἄσφαλτος
1832 2271 1881 2305 γῆς

1100 2318 1183 2352 βῶλος
1197 2318 1380 2354 ὐγραινομένη
1396 2317 1443 2344 καὶ
1461 2316 1634 2352 διαχεομένη,
1652 2316 1732 2343 πάλιν
1753 2316 1781 2342 δὲ
1802 2325 1883 2352 μετα-

1097 2365 1230 2392 ϐάλλουσι
1248 2366 1288 2396 εις
1305 2365 1391 2398 πάγην
1403 2363 1511 2399 ἰσχυρὸν
1527 2363 1580 2389 ὑπὸ
1598 2362 1645 2389 τοῦ
1656 2362 1761 2398 ψυχροῦ
1774 2363 1881 2395 ὕδατος,

1098 2411 1153 2438 οἷόν
1167 2413 1224 2438 ἐστι
1235 2411 1265 2437 τὸ
1277 2411 1327 2445 τῆς
1341 2411 1437 2446 λίμνης
1454 2409 1536 2445 ὕδωρ,
1553 2409 1622 2436 ὥστε
1637 2409 1723 2444 τομῆς
1734 2409 1782 2434 καὶ
1799 2409 1883 2444 κοπῆς

1098 2457 1211 2484 δεῖσθαι·
1230 2457 1353 2484 Bitumen
1366 2461 1404 2484 est
1420 2461 1496 2483 terra:
1512 2455 1597 2490 gleba,
1613 2462 1673 2489 qua:
1697 2453 1840 2488 liquefacta
1853 2462 1882 2480 ac

1098 2504 1217 2539 difﬂuens
1234 2511 1327 2530 rursus
1344 2503 1396 2530 coit
1412 2503 1438 2529 in
1455 2501 1571 2528 solidum
1586 2508 1680 2535 corpus
1696 2507 1772 2534 aqua
1787 2499 1884 2535 frigore

1099 2551 1262 2582 constricta;
1280 2549 1428 2584 eujttsmodi
1446 2549 1519 2575 latus
1535 2547 1608 2575 illius
1627 2551 1666 2574 est
1679 2554 1758 2581 aqua,
1777 2546 1844 2573 adeo
1856 2550 1882 2572 ut

1099 2595 1180 2623 incidi
1195 2596 1330 2629 securique
1351 2601 1416 2628 opus
1435 2593 1539 2620 habent.
1558 2591 1669 2620 Tacitus
1692 2591 1739 2618 lib.
1761 2599 1777 2618 v
1800 2591 1881 2623 Ilist.,

1099 2642 1184 2677 cap.6
1201 2651 1207 2668 :
1227 2640 1338 2668 Incerta:
1354 2640 1432 2667 unda!
1448 2639 1599 2673 superjacta
1611 2643 1639 2664 ut
1651 2637 1736 2664 solido
1752 2637 1880 2666 feruntur.

1100 2689 1184 2716 Periti
1191 2689 1352 2724 imperitique
1359 2687 1440 2713 nandi
1449 2685 1555 2719 perinde
1564 2682 1881 2711 attolluntur.Ccrtoanni

1100 2742 1214 2771 tempore
1230 2735 1345 2761 bitumen
1357 2734 1449 2769 egerit.
1470 2732 1527 2759 Mox
1551 2732 1599 2758 ait.
1615 2730 1744 2758 umlanlcs
1758 2728 1881 2756 bitumine

1131 2815 1166 2850 (b)
1188 2814 1251 2849 Pag.
1267 2812 1328 2840 ιλιι,
