1937 3039
73 125 133 157 585

592 123 782 154 ADVERSUS
803 124 897 154 CLAU
903 122 988 153 DIUM
1009 123 1222 155 SALMASIUM.

1660 125 1716 158 0&8

77 190 163 216 male:
176 187 252 224 pelli,
274 194 404 222 manuque
417 186 488 214 trahi
503 186 537 214 ad
562 186 648 215 littus.
670 186 764 222 Aquas
792 187 877 222 igitur
892 189 913 218 Α
928 187 1129 223 ὑπερτίοενται.
1143 186 1184 214 Ad
1200 186 1273 214 hunc
1285 185 1375 213 locum
1393 185 1420 214 in
1434 187 1715 217 Animadversionibus

77 233 161 260 habet
184 231 362 267 Asphaltites,
383 239 472 267 neque
490 240 591 260 merum
613 231 730 260 bitumen
742 237 802 260 est:
820 233 867 261 sed

76 279 131 306 hoc
145 278 229 306 certis
240 277 412 313 temporibus
437 281 561 309 eructat,
576 278 628 305 hoc
642 281 694 310 est,
711 277 868 313 quotannis,

77 327 108 350 ut
126 323 263 350 Diodorus
281 322 399 355 Siculus,
424 322 530 351 Plinius
550 324 597 352 lib.
627 331 676 356 vn,
697 331 758 359 cap.
783 323 827 356 15,
843 327 870 351 et.

77 369 191 396 Tacitus
215 369 351 404 produnt;
373 372 404 396 ut
427 369 483 402 alii,
509 369 626 397 triennio
648 377 768 404 quoque.
793 368 871 397 Unde

79 415 175 441 frivola
193 419 235 442 est
247 414 383 450 argutatio
402 423 408 442 :
430 414 491 442 ideo
513 415 616 442 salsum
639 423 694 442 non
716 422 787 449 esse,
806 415 870 451 quia

77 459 201 486 bitumen
222 467 326 486 merum
344 463 397 492 est,
412 460 484 494 quod
505 467 561 488 non
577 463 620 488 est.
636 461 750 488 salsum.
768 460 871 496 Legen-

78 505 132 532 dus
147 509 175 532 et
193 505 345 539 Vitruvius,
375 506 422 541 qui
445 506 493 534 lib.
519 514 578 539 vui,
599 515 661 542 cap.
684 508 710 540 3,
729 507 778 540 ait,
799 507 872 534 hunc

79 550 169 577 lacum
198 551 316 578 emittere
343 552 480 579 bituminis
516 552 649 579 maximas
678 552 776 584 moles,
805 561 871 588 quas

77 596 209 631 diripiunt
233 597 278 631 qui
306 596 427 623 habitant
457 597 539 625 circa.
567 596 611 625 Uti
640 598 771 626 salsedini
795 598 872 626 lacus

79 642 159 670 istius
180 643 301 670 bitumen
314 650 368 670 non
383 643 485 676 obstat,
499 643 563 678 quia
581 651 634 672 non
649 651 724 672 mero
739 644 872 672 bitumine

78 688 150 720 ﬂuit,
169 688 216 716 sed
237 696 323 724 aquas
348 689 474 724 proprias
497 689 589 722 habet,
618 697 732 725 quarum
753 689 781 717 in
797 697 872 717 sum-

79 741 156 761 mum
170 733 291 762 bitumen
303 735 389 762 certis
409 734 578 769 temporibus
590 734 685 762 ebullit
703 743 711 762 :
725 735 766 763 sic
783 741 873 769 neque

79 785 177 812 causa,
191 786 240 806 cur
255 779 383 807 immersa
397 786 513 814 corpora
526 779 692 815 repellantur
705 787 737 806 ac
755 778 871 813 ﬂuitent,

81 824 109 852 in
122 823 196 852 idem
215 824 336 852 bitumen
353 823 448 852 referri
464 824 555 857 debet,
574 825 620 852 sed
636 825 663 852 in
683 832 761 861 aquae
772 833 804 852 ac
820 825 872 852 loci

81 869 157 898 illius
168 873 312 903 naturam;
330 877 393 897 nam
403 877 437 897 ex
456 870 574 898 occultis
591 870 727 898 meatibus
740 877 871 906 vaporum

80 921 114 942 ac
129 914 276 949 spirituum
298 914 394 950 ingens
414 915 456 942 vis
478 915 637 948 edunditur,
658 918 685 942 et
702 922 788 950 aquas
811 916 873 944 illas

80 963 213 995 occupat;
229 959 340 995 quibus,
356 963 386 987 ut
401 961 440 988 ait
453 960 599 996 Josephus,
624 968 788 996 repercussa
813 969 873 989 cor-

80 1012 148 1041 pora
169 1013 280 1034 sursum
301 1005 434 1034 feruntur.
453 1006 532 1040 Quod
547 1011 573 1035 et
595 1007 660 1035 alibi
685 1015 794 1044 quoque
808 1015 873 1035 con-

80 1051 173 1086 tingit.
194 1051 228 1079 Ut
252 1050 280 1078 in
298 1050 390 1079 Sicilia
407 1051 440 1079 ad
459 1052 635 1088 Agrigentum
660 1052 737 1081 lacus
762 1053 872 1088 quidam

80 1099 133 1128 est,
151 1095 178 1123 in
196 1104 277 1131 quem
296 1097 379 1124 nandi
399 1097 480 1125 etiam
492 1105 607 1133 prorsus
621 1099 740 1134 imperiti
752 1099 870 1134 deprimi

81 1146 240 1176 nequeunt;
260 1145 291 1168 ut
308 1140 408 1169 Strabo
427 1142 510 1170 rel'ert
532 1142 578 1170 lib.
599 1150 636 1175 vr,
661 1147 689 1171 et
713 1143 873 1171 Aristoteles

81 1186 153 1212 libro
175 1185 247 1219 Περὶ
268 1186 455 1221 θαυμασίων.
477 1186 536 1214 Non
556 1190 647 1222 potest
673 1187 725 1216 hoc
745 1188 873 1215 bitumini

80 1231 181 1263 tribui,
197 1231 270 1266 quod
286 1232 391 1259 nullum
406 1232 490 1259 inillo
507 1233 567 1260 Iaeu
582 1237 689 1261 scatere
701 1238 871 1263 memorant:

81 1276 192 1304 tametsi
210 1276 270 1304 lous
286 1276 314 1303 in
328 1283 360 1304 eo
374 1280 463 1304 tractu
477 1277 588 1312 quidam
607 1283 658 1310 est,
674 1279 719 1306 cui
738 1279 873 1314 liquidum

82 1321 207 1349 bitumen
237 1326 397 1357 supernatat
418 1331 425 1349 :
445 1322 480 1350 de
499 1331 554 1358 quo
580 1323 754 1353 Dioscorides
777 1325 825 1353 lib.
847 1333 872 1358 ι,

82 1368 189 1395 Plinius
203 1368 250 1396 lib.
266 1376 347 1403 xxxv,
363 1376 424 1404 cap.
447 1369 490 1396 l5.
513 1368 579 1397 Vide
596 1369 754 1399 Cluverium
777 1371 824 1399 lib.
840 1379 873 1403 ιι,

83 1413 185 1441 Sicilia:
201 1421 262 1450 cap.
279 1414 306 1448 2,
323 1422 357 1442 ex
381 1421 436 1449 quo
451 1413 602 1443 Salmasius
628 1417 730 1449 omnia,
748 1424 819 1456 lquae
839 1417 874 1445 de

83 1459 135 1487 hoc
153 1459 229 1487 fonte
243 1467 276 1487 ac
289 1459 350 1487 lacu
365 1459 544 1496 Agrigentino
560 1460 692 1496 disputat,
707 1461 735 1489 in
751 1456 873 1490 Solinia-

84 1513 148 1532 nam
172 1505 401 1533 Exercitationem
431 1506 573 1533 transtulit
587 1506 636 1541 (a),
657 1507 729 1541 ejus,
748 1510 777 1535 ut
793 1508 873 1542 solet,
887 1526 908 1556 α

83 1559 234 1588 suppresw
253 1551 374 1584 nomine,
393 1552 466 1580 unde
482 1552 533 1579 ista
548 1556 714 1580 corraserat.

118 1597 208 1632 Atque
224 1596 319 1624 eodem
334 1601 424 1624 tamen
440 1597 486 1624 illo
505 1597 576 1630 loco,
590 1596 624 1624 de
639 1604 689 1625 suo
707 1597 832 1632 imperite
846 1597 874 1624 id

84 1643 211 1674 attexuit,
228 1642 289 1669 ideo
304 1642 432 1669 immersa
448 1641 476 1668 in
496 1641 571 1669 illum
590 1641 679 1670 lacum
700 1649 816 1677 corpora
832 1650 875 1670 re-

84 1688 153 1723 geri,
172 1695 204 1715 ac
222 1687 340 1719 ﬂuitare,
354 1687 425 1722 quod
449 1687 477 1714 in
496 1694 529 1714 eo
552 1687 674 1715 bitumen
700 1691 873 1722 supernatet;

84 1734 214 1770 quoniam
229 1732 297 1760 idem
312 1733 339 1759 in
365 1732 514 1768 Asplmltite
535 1732 595 1760 lacu
622 1732 726 1760 ludant:
743 1733 872 1761 utuvem't.

86 1779 143 1806 lloe
165 1785 259 1804 verum
283 1785 338 1805 non
363 1782 416 1806 est.
441 1777 510 1804 Nam
531 1783 558 1806 et
576 1778 610 1806 de
631 1777 787 1814 Asphaltite
812 1780 874 1807 lacu

84 1825 164 1852 aliter
184 1823 272 1851 Graeci
295 1823 439 1859 Latinique
464 1832 515 1852 nos
539 1824 650 1858 docent,
668 1828 697 1852 ut
717 1825 799 1860 paulo
814 1830 876 1854 ante

85 1871 317 1904 monstravimus;
345 1875 372 1899 et
396 1872 423 1898 in
454 1871 632 1906 Agrigentino
661 1871 724 1899 lacu
754 1873 874 1905 nullum,

84 1918 157 1952 quini
177 1916 285 1951 quidem
304 1916 410 1944 idoneis
429 1917 589 1945 auctoribus
613 1922 731 1950 constet,
753 1918 877 1947 bitumen

85 1963 207 1992 exsistit.
221 1962 288 1990 Nam
303 1962 413 1991 Solinus
430 1963 517 1990 laeum
537 1971 587 1998 pro
608 1963 679 1998 [ante
697 1972 746 1999 per
757 1965 877 1992 oscitan-

85 2011 152 2037 tiam
168 2009 296 2044 scripsit;
315 2009 387 2044 quod
400 2016 455 2036 non
468 2013 550 2044 negat
562 2009 634 2038 illius
646 2014 798 2038 enarrator.
810 2010 877 2038 Vide

86 2055 200 2083 omnino
233 2054 390 2082 Aristotelis
417 2055 507 2082 locum
532 2055 567 2083 de
593 2055 773 2091 Agrigentino
805 2057 875 2083 lacu.

87 2102 225 2137 intelliges
242 2101 365 2136 proiecto
379 2108 434 2128 non
447 2107 508 2128 eam
521 2102 575 2129 vim
593 2102 729 2130 innatanti
744 2102 878 2130 duntaxat

87 2148 167 2184 aquis
186 2148 247 2175 oleo
259 2146 344 2174 tribui
365 2154 457 2182 posse,
477 2150 506 2174 ut
521 2148 548 2174 in
567 2147 649 2175 imam
665 2148 796 2184 depressa
813 2155 879 2176 corv

87 2201 154 2229 pora
170 2200 281 2222 sursum
299 2193 417 2221 attollat.

397 2256 512 2284 CAPUT
533 2256 555 2283 V

90 2314 284 2351 Epiphanianw
298 2314 557 2351 Animadversioncs
571 2324 594 2351 (ιν
604 2314 733 2351 Salmasii
746 2318 878 2351 reprelien-

123 2351 198 2377 sione
219 2350 370 2386 vindicabo.
393 2350 464 2382 Quid
480 2351 515 2386 sit
543 2350 690 2385 ὑπέρθεσις
703 2356 727 2377 et
744 2360 878 2386 superpo-

124 2386 198 2412 silio.
224 2384 353 2412 Salmasii
375 2393 459 2412 error.
482 2385 545 2417 Βίος
562 2384 610 2419 pro
631 2387 684 2413 vita
707 2384 838 2414 circulari"
852 2392 877 2414 et

126 2420 298 2446 matrimonio
327 2420 447 2455 illigata,
478 2425 507 2447 ut
536 2425 561 2447 et
591 2420 701 2455 βιῶσαι.
725 2422 877 2449 Casauboni

125 2456 226 2489 lapsus.

123 2511 183 2538 Non
203 2510 315 2538 meliore
334 2518 466 2538 successu
488 2510 543 2537 alio
558 2510 618 2537 loco
633 2510 660 2538 in
680 2517 731 2539 nos
749 2513 812 2548 styli
834 2514 876 2541 sui

89 2556 305 2584 maledicentiam
327 2556 450 2583 exercuit
465 2556 512 2591 (ὁ).
533 2556 701 2591 Epiphanius
720 2558 748 2584 in
765 2558 877 2593 Exposi-

89 2603 165 2630 tione
182 2601 254 2633 tidei,
272 2602 420 2636 dejejuuio
444 2606 547 2629 sancta:
562 2602 738 2631 hebdomadat
752 2604 876 2638 loquens,

89 2648 127 2675 ait
135 2647 360 2683 (c).Christianos
373 2655 421 2683 per
429 2647 455 2674 id
465 2651 571 2683 tempus
582 2647 688 2683 aliquos
696 2649 820 2682 biduum,
831 2651 878 2677 tri-

89 2694 220 2725 duumve,
233 2698 278 2721 aut
289 2693 467 2729 quatriduum
479 2693 538 2721 sine
551 2693 612 2721 cibo
628 2695 794 2731 transigere:
810 2696 877 2723 ἀλλὰ

87 2739 137 2766 xxi.
148 2739 174 2765 oi
189 2739 328 2766 σπουδαῖοι
343 2739 439 2776 διπλᾶς
465 2739 513 2765 καὶ
533 2739 647 2774 τριπλᾶς
663 2740 710 2768 καὶ
724 2741 878 2777 τετραπλᾰς

125 2795 163 2830 (ίι)
185 2795 300 2831 Salinas.
316 2795 342 2831 in
361 2794 534 2831 Ριίηηειιενε.
550 2803 576 2831 p.
594 2795 655 2822 126.

127 2831 164 2866 ιιι)
186 2829 257 2857 ldetn
274 2829 338 2857 ibid.
358 2830 457 2866 p,5:?.l.

921 239 948 267 p.
977 231 1039 263 363,
1068 231 1248 259 observamus
1278 237 1358 258 usum
1383 231 1458 258 verbi
1484 231 1669 267 ὑπερτιθέναι,
1688 236 1715 261 et.

922 276 1128 313 ὑπερτίθεσθαι,
1146 276 1218 312 quod
1234 281 1275 304 est
1288 276 1376 304 cibum
1387 277 1510 311 differre;
1526 285 1589 304 nam
1602 286 1634 306 ea
1648 286 1714 314 pros

922 324 981 359 pria
995 327 1038 351 est
1054 331 1086 350 ac
1112 330 1244 358 germana
1266 323 1392 350 vocabuli
1414 323 1500 354 notio,
1521 327 1550 350 ut
1572 324 1608 351 sit
1622 333 1717 359 proro-

922 376 996 404 gare,
1015 367 1157 404 protelare,
1179 367 1297 403 di/ferre.
1317 367 1386 395 Hinc
1399 368 1547 404 ὑπέρθεσις
1567 374 1609 396 est
1623 377 1717 403 proro-

921 414 1004 449 gatio,
1031 413 1127 448 utique
1150 413 1238 441 solitae
1265 413 1425 440 cibationis.
1452 413 1717 450 l’lesychinsmnsp-

922 459 1022 491 θέσεις.
1053 459 1192 491 ἀναὸολαὶ,
1220 459 1394 495 ὑπερϐάσεις.
1422 458 1526 486 Glossat
1538 459 1715 488 Graeco-Lata

922 505 1079 540 ὑπέρθεσις,
1098 505 1204 538 dilatio,
1226 505 1445 540 procrastinatio.
1462 505 1615 540 frustratio,
1629 515 1715 538 mora,

922 552 1046 583 t'ntmora,
1067 552 1210 578 cunctatio.
1236 550 1270 578 Et
1290 550 1488 586 ὑπερῡετικός,
1518 551 1715 584 superlativus,

923 597 1076 631 frustrator,
1092 596 1232 631 differens.
1261 596 1326 622 Item
1343 596 1472 631 ὑπέροου,
1494 597 1593 631 profer.
1615 597 1718 630 Quam-

923 642 1018 670 obrem
1038 642 1204 669 accnsativis
1231 642 1339 669 duobus
1374 643 1400 669 in
1420 643 1624 670 constructione
1649 651 1718 678 prte—

924 688 1009 715 ditum
1034 692 1077 716 est
1105 688 1157 716 hoc
1182 689 1296 716 verbum
1322 696 1463 724 :quorum
1493 689 1562 716 alter
1588 689 1719 724 exprimi-

924 736 985 766 tur,
1013 734 1081 762 alter
1104 734 1186 762 tacite
1208 734 1382 762 subauditur.
1415 733 1450 761 Ut
1479 734 1501 762 si
1527 734 1637 767 dicam,
1670 734 1718 761 δύο

923 779 1032 815 ἡμέρας
1055 779 1250 815 ὑπερτίθεται,
1280 783 1379 814 praeter
1414 780 1600 807 accusativum
1636 780 1716 815 spatii

924 833 956 852 ac
981 825 1122 861 temporis,
1140 826 1209 853 alter
1229 825 1384 860 concipitur
1402 825 1441 853 rei
1461 826 1501 853 vel
1520 826 1621 862 negotii
1643 826 1717 861 quod

923 871 1049 898 dill‘ertur
1076 881 1083 899 :
1105 871 1157 899 hoc
1181 872 1254 899 enim
1281 875 1337 904 est,
1365 872 1445 899 biduo
1472 877 1608 908 prorogat.
1639 872 1717 906 Quod

922 916 949 943 in
978 915 1100 951 Dionysii
1137 916 1311 944 Alexandrini
1344 916 1406 944 loco
1443 917 1619 952 perspicuum
1651 922 1715 951 est,

923 969 1002 996 quem
1024 961 1079 988 illic
1107 961 1272 989 adduximus
1294 971 1301 988 :
1329 962 1405 988 Ἐπεὶ
1428 962 1496 997 μηᾶὲ
1525 962 1576 994 τὰς
1603 962 1633 994 ἓξ
1661 961 1716 988 τῶν

922 1006 1052 1041 νηστειῶν
1066 1007 1174 1042 ἡμέρας
1195 1007 1270 1038 ἴσως,
1292 1006 1359 1042 μηδὲ
1381 1007 1483 1043 ὁμοίως
1502 1007 1602 1039 πάντες
1623 1006 1717 1042 διαμέ-
1734 1040 1738 1046 _

922 1059 1011 1078 νουσιν
1022 1059 1029 1066 ·
1045 1051 1103 1078 ἀλλ’
1121 1052 1147 1078 οἱ
1169 1051 1219 1087 μὲν
1243 1052 1289 1078 καὶ
1303 1051 1394 1083 πάσας
1407 1052 1614 1088 ὑπερτιοέασιν,
1627 1052 1716 1079 ἄσιτοι

921 1096 1120 1129 διατελοῦντες·
1149 1098 1173 1124 ol
1198 1097 1226 1124 δὲ
1246 1097 1302 1124 δύο.
1325 1098 1357 1124 Ol
1376 1098 1406 1124 δὲ
1429 1099 1505 1133 τρεῖς
1519 1106 1526 1114 ν
1551 1098 1576 1124 oi
1600 1098 1629 1124 δὲ
1652 1098 1716 1125 τέσ-

923 1150 1026 1178 σαρας·
1047 1143 1071 1169 οἱ
1088 1142 1116 1169 δὲ
1133 1143 1269 1178 οὐδεμίαν.

958 1187 1008 1215 llic
1024 1188 1136 1215 verbum
1156 1189 1330 1224 bmpttOévat
1344 1197 1488 1225 prorogare
1504 1197 1536 1217 ac
1548 1189 1656 1225 diﬂ'erre
1672 1190 1714 1218 si-

923 1233 1054 1269 gniﬁcat;
1081 1233 1233 1269 eodemque
1259 1234 1340 1261 modo
1355 1234 1457 1262 dicitur
1471 1235 1646 1271 ὑπερτιθέναι
1663 1236 1717 1263 πά-

923 1287 983 1311 σας,
1000 1278 1043 1306 vel
1069 1278 1128 1311 δύο,
1142 1279 1185 1307 vel
1208 1281 1284 1315 τρεῖς
1305 1280 1424 1315 ἡμέρας,
1442 1287 1497 1315 quo
1512 1281 1651 1316 διαμένειν
1667 1281 1718 1314 τὰς

922 1323 953 1356 ἓξ
967 1324 1085 1361 ἡμέρας.
1103 1324 1172 1351 Nam
1198 1325 1347 1360 utrobique
1370 1326 1535 1353 subauditur
1555 1327 1636 1354 κατά.
1653 1327 1717 1362 Epi-

924 1370 1040 1404 phanius
1056 1377 1106 1405 pro
1121 1369 1177 1403 δύο,
1189 1371 1274 1406 τρεῖς.
1291 1374 1318 1398 et
1333 1371 1481 1407 τέσσαρας,
1505 1373 1598 1400 dicere
1621 1374 1719 1402 maluit

922 1417 1031 1449 διπλᾶς,
1046 1417 1174 1453 τριπλᾶς,
1188 1417 1354 1453 τετραπλᾶς,
1373 1417 1533 1454 duplicatus,
1556 1419 1717 1455 triplicatos,

923 1462 1144 1497 quadruplicato:
1167 1462 1236 1491 dies.
1255 1463 1402 1492 Possemus
1416 1469 1443 1492 et
1460 1466 1648 1492 accusativum
1674 1466 1718 1493 al-

924 1511 1013 1534 terum
1030 1508 1193 1543 intelligere,
1207 1508 1337 1536 nimirum
1356 1509 1536 1546 ὑπερθὲσειςε
1553 1518 1615 1537 nam
1631 1510 1717 1547 ὑπέρ-

924 1552 997 1584 θεσις
1008 1559 1058 1588 pro
1068 1552 1173 1588 jejunio
1189 1556 1215 1580 et
1230 1553 1440 1587 superpositione
1457 1553 1576 1581 sumitur
1591 1562 1598 1581 :
1613 1554 1650 1580 ita
1665 1555 1718 1582 erit

924 1597 1099 1632 ὑπερτιοέναι
1113 1597 1274 1633 ὑπερθέσεις
1299 1598 1412 1632 perinde
1433 1605 1466 1625 ac
1484 1598 1507 1626 si
1521 1597 1617 1625 Latine
1641 1598 1718 1626 dicas

923 1651 1098 1678 superponere
1113 1644 1346 1679 superpositiones.
1363 1643 1409 1671 Sic
1425 1651 1543 1680 pugnare
1561 1653 1676 1680 pugnam
1691 1649 1720 1672 et

925 1689 952 1717 id
970 1697 1057 1724 genus
1076 1690 1139 1716 alia.
1167 1689 1246 1724 Apud
1271 1688 1416 1724 Evagrium
1435 1689 1483 1717 lib.
1500 1697 1507 1717 ι
1525 1689 1597 1717 Hist.
1611 1688 1719 1720 eccles.,

925 1742 951 1762 c.
967 1734 1013 1767 2i,
1028 1734 1147 1770 insignis
1164 1734 1243 1761 locus
1260 1739 1312 1766 est,
1328 1734 1374 1761 ubi
1389 1734 1423 1761 de
1443 1734 1652 1769 monachorum,
1671 1734 1720 1770 qni

925 1777 954 1805 in
966 1777 1112 1805 Palaestina
1136 1777 1281 1813 degebant,
1299 1778 1428 1806 instituto
1444 1779 1576 1814 loquitur,
1592 1786 1624 1806 ac
1645 1787 1716 1814 prae-

926 1824 1020 1852 sertim
1037 1824 1070 1852 de
1090 1824 1210 1851 mirabili
1225 1831 1320 1851 eorum
1341 1824 1520 1853 abstinentia:
1536 1825 1568 1852 Oi
1585 1825 1719 1858 πολλάκις

928 1869 978 1904 μὲν
1002 1869 1050 1895 καὶ
1073 1868 1122 1900 τὰς
1147 1868 1318 1904 καλυυμὲνας
1342 1868 1534 1904 ὑπερθέσμους
1557 1869 1720 1906 πράττουσι,

927 1914 1051 1950 διήμεροι
1078 1914 1126 1940 καὶ
1148 1914 1293 1950 τριήμεροι
1311 1914 1361 1945 τὰς
1380 1914 1507 1948 νηστείας
1526 1914 1721 1947 ἐκτελοῦντες·

927 1962 981 1988 εισὶ
994 1961 1024 1988 δὲ
1036 1960 1061 1987 οἳ
1078 1960 1124 1987 καὶ
1137 1959 1289 1995 πεμπτῷοι,
1305 1959 1322 1996 ἢ
1341 1960 1389 1986 καὶ
1404 1960 1481 1995 πρός.
1508 1960 1544 1987 lbi
1568 1961 1618 1992 τὰς
1635 1961 1722 1996 ὑπερ-

928 2007 1045 2043 οέσμους
1062 2007 1156 2035 eodem
1170 2014 1253 2035 sensu
1269 2013 1325 2041 quo
1336 2005 1501 2041 ὑπερθέσεις
1515 2007 1656 2041 usurpavit
1668 2015 1675 2039 ;
1689 2014 1722 2035 ac

928 2054 1022 2081 nescio
1041 2061 1075 2081 an
1093 2052 1256 2089 ὑπερθέσεις
1270 2053 1352 2080 etiam
1369 2052 1419 2087 legi
1437 2053 1530 2080 verius
1555 2054 1601 2080 sit.
1626 2053 1721 2088 Neque

929 2103 1019 2127 tamen
1035 2103 1140 2127 temere
1155 2099 1401 2131 commutaverim;
1421 2105 1483 2124 nam
1498 2097 1557 2125 lleri
1577 2102 1677 2133 potest,
1691 2102 1721 2126 ut

929 2144 1121 2180 ὑπερθέσμους
1131 2144 1329 2180 appellaverint
1341 2143 1446 2178 jejunia
1461 2143 1533 2170 ultra
1545 2150 1719 2171 communem

893 2195 916 2222 1)
931 2190 1016 2224 legem
1032 2198 1200 2225 moremque,
1217 2190 1259 2218 vel
1275 2190 1384 2217 solitum
1400 2188 1526 2223 capiendi
1544 2188 1597 2216 cibi
1611 2192 1721 2225 tempus

929 2240 1052 2264 extensa.
1066 2235 1128 2263 Haec
1138 2236 1211 2264 verbi
1224 2243 1257 2263 ac
1272 2236 1419 2264 locutionis
1433 2235 1515 2269 hujus
1528 2235 1722 2270 interpretatio

928 2283 1010 2317 digna
1022 2290 1076 2309 non
1086 2285 1137 2316 est,
1148 2282 1226 2317 cujus
1237 2289 1287 2310 nos
1297 2282 1430 2318 hodieque
1439 2282 1579 2318 poeniteat.
1589 2281 1642 2309 Sed
1652 2289 1719 2317 prte-

928 2333 970 2355 ter
984 2328 1054 2355 hanc
1070 2331 1160 2355 tamen
1170 2328 1229 2355 alite
1246 2328 1473 2363 suppetuntduae,
1482 2335 1551 2363 quas
1563 2335 1617 2354 non
1629 2327 1721 2355 minus

929 2374 1086 2409 probabiles
1109 2373 1213 2408 judico.
1239 2373 1340 2406 Prima,
1368 2374 1408 2401 uti
1436 2375 1550 2402 verbum
1578 2373 1718 2409 ὑπερτιθέ-

928 2429 972 2447 vat
987 2420 1023 2447 sit
1037 2419 1231 2451 transcendere,
1248 2427 1383 2453 superare.
1400 2419 1468 2447 lline
1488 2421 1560 2447 enim
1576 2420 1720 2455 superlati-

928 2473 989 2492 vum
1008 2465 1119 2500 gradum
1137 2464 1224 2492 Graeci
1239 2468 1338 2490 vocant
1356 2464 1551 2499 ὑπεροετικόν,
1566 2468 1593 2491 et
1607 2463 1720 2501 ὑπέρθε·

930 2520 971 2542 σις
986 2511 1122 2547 Hesycltio
1144 2515 1186 2538 est
1201 2510 1362 2545 ὑπέρδασις.
1386 2511 1463 2538 Unde
1486 2510 1661 2546 ὑπερτιοέναι
1677 2518 1719 2539 est

929 2558 1105 2594 ὑπερϐαίνειν
1119 2557 1161 2585 vel
1176 2556 1368 2590 ὑπερϐάλλειν.
1382 2556 1474 2584 Altera
1490 2561 1542 2588 est,
1560 2560 1589 2583 ut
1606 2557 1720 2592 ὑπερτι-

929 2605 1004 2632 θέναι
1022 2605 1057 2632 sit
1076 2604 1184 2637 addere,
1200 2603 1341 2634 imponere,
1363 2610 1396 2630 ac
1422 2607 1520 2637 praeter
1548 2603 1718 2630 ordinanum

928 2658 1008 2678 usum
1034 2649 1157 2689 ipdicere
1173 2658 1180 2676 :
1198 2648 1271 2684 quod
1296 2647 1386 2676 Latini
1410 2655 1584 2682 superponere
1607 2655 1718 2676 vocant.

928 2696 1078 2724 Cassianus
1102 2695 1202 2723 Cotlat.
1220 2696 1240 2728 l,
1258 2703 1284 2723 c.
1299 2694 1344 2728 2i,
1368 2694 1402 2722 de
1423 2694 1520 2720 abbate
1539 2692 1655 2726 Joanne,
1671 2693 1718 2728 qui

929 2741 1026 2770 illusus
1041 2749 1056 2768 a
1069 2741 1192 2769 datmone
1204 2741 1323 2768 biduana
1337 2747 1366 2769 se
1376 2740 1466 2768 inedia
1478 2739 1635 2768 coniecerat
1649 2737 1718 2767 :1»-

965 2798 1001 2835 (ε)
1018 2797 1050 2825 Ν.
1066 2797 1111 2826 aa.
1128 2807 1152 2833 p.
1170 2798 1246 2825 nos.
