1937 3039
48 489 56 511 i

116 2862 154 2921 l7.

75 182 135 212 619

597 181 784 211 ADVERSUS
801 181 891 211 οι.Αο
897 179 982 209 DIUM
1003 178 1213 209 SALMASIUM.

1663 179 1718 209 ϐω

81 242 136 270 bus
157 241 244 270 allixae
259 241 421 277 llligataeque
437 241 503 274 sint,
517 248 573 270 non
599 245 629 270 ut
647 241 783 278 epulanda
805 240 874 270 festa
887 244 912 275 Α
926 239 1025 276 πικρός
1042 246 1077 268 ex
1095 239 1257 275 conjectura
1279 238 1462 268 substitutum
1480 244 1550 273 erat,
1574 239 1665 268 calces
1688 240 1716 267 tu

83 288 145 323 ipsa
163 287 346 322 przrlxeantur.

118 332 256 365 Quocirca
272 336 329 359 tam
346 332 372 359 in
386 332 530 367 Epiphanii
541 333 602 360 loco
616 333 681 366 isto,
699 336 726 361 et
741 332 793 360 hac
811 331 875 368 Epiv

82 378 222 413 phaniana
239 386 306 406 voce
330 378 499 407 declaranda
521 380 690 420 infelixviste
710 379 772 411 fuit,
790 387 874 414 quam

83 424 112 451 in
129 425 226 457 altera,
243 425 323 459 cujus
341 425 367 452 in
386 429 505 453 mentem
526 427 607 453 modo
625 426 709 454 venit.
727 426 831 454 Scribit
847 425 874 453 in

83 470 183 498 haeresi
200 470 404 503 Dositheorum,
425 479 486 506 pag.
502 471 548 503 50.
564 471 748 507 Epiphanius,
765 479 813 500 eos
827 472 875 506 ἔγ-

81 515 267 551 κρατεύεσθαι
285 516 355 552 μετὰ
369 516 400 544 τὸ
420 517 526 552 βιῶσαι.
542 517 597 546 Nos
614 517 712 553 βιῶσαι
733 519 773 546 sic
789 519 876 553 expli-

81 562 229 595 cabamus,
248 564 285 590 uti
300 563 499 591 subaudiretur
514 565 543 591 ὲν
557 563 597 600 τῷ
614 564 705 599 γάμῳ.
722 563 876 592 Salmasius

81 612 182 636 contra
205 607 381 636 Kerkoetium
400 610 526 638 scribens
547 610 695 638 ridiculum
712 610 766 637 hoc
781 611 875 645 appel-

83 654 122 680 lat
134 653 186 689 (η),
201 659 229 682 ct
247 654 346 682 υἱῶσαι
367 655 431 691 legit
447 664 455 684 :
471 664 533 691 qua:
543 662 586 685 est
600 657 761 684 Casauboni
779 657 876 692 cenje-

83 706 162 727 ctura
186 700 213 728 in
230 700 379 728 Exercitat.
396 702 407 729 1
426 702 461 729 ad
476 703 593 730 Annales
617 703 740 731 Barom‘i.
764 703 817 731 Sed
842 712 875 731 ea

83 746 236 774 falsissima
267 751 310 774 est
328 755 438 783 :neque
467 749 535 784 quid
567 753 643 776 esset
668 748 766 784 βιῶσαι
802 748 876 784 apud

83 791 268 827 Epiphanium
298 794 380 822 ambo
412 795 677 823 animadverterunt.
698 795 800 823 llaeresi
828 796 874 829 59,

83 845 162 865 num.
176 837 204 871 «1,
220 846 283 874 pag.
298 839 364 873 496,
382 840 552 876 Epiphanius
561 841 631 869 idem
655 846 752 870 contra
774 842 877 870 Callia-

83 890 130 912 τος
147 891 233 919 agens
245 885 293 920 (ὁ),
309 894 379 921 quos
395 886 548 916 Salmasius
565 888 683 917 annulos
702 889 729 916 in
745 889 873 925 pedibus,

926 293 977 313 nos
991 285 1071 314 elidit
1086 293 1118 313 ac
1133 289 1260 320 proterve
1276 285 1460 315 conviciatur.
1483 285 1548 314 Item
1571 287 1660 322 capite
1678 286 1719 314 De

927 331 1058 367 lyncuria,
1077 331 1142 369 quia
1161 339 1210 366 pro
1228 331 1351 367 λιγύριον
1370 332 1397 359 in
1416 332 1540 368 margine
1553 332 1718 369 λυγκούριον

926 376 1087 403 adnotatum
1101 376 1212 410 reperit,
1228 376 1323 404 eadem
1336 376 1362 403 id
1374 376 1507 405 modestia
1523 377 1715 412 persequitur:

926 423 999 459 quod
1021 426 1050 451 et
1075 423 1138 451 aliis
1163 423 1257 450 itidem
1274 423 1302 450 in
1322 422 1390 449 locis
1414 422 1504 450 facere
1519 423 1616 458 pergit.
1633 423 1715 458 Atqui

926 473 986 498 erat
1002 469 1087 502 illius,
1104 469 1151 504 qui
1168 468 1323 503 prudentiae
1336 468 1440 504 aliquid
1454 468 1579 500 haberet.
1594 467 1721 496 animad-

926 519 1044 548 vertere.
1063 523 1118 544 uon
1138 516 1207 544 istas
1220 516 1254 543 ab
1266 515 1374 543 editore
1388 515 1567 550 conjecturas
1580 521 1644 542 esse
1656 521 1723 549 pro-

926 562 1031 595 fectas;
1049 563 1098 591 sed
1115 567 1258 591 auctorem
1277 561 1363 589 fuisse
1377 561 1535 588 Conradum
1553 559 1721 588 Gesnerum.

926 609 973 644 qui
991 613 1055 638 ante
1069 616 1159 636 annos
1178 608 1249 637 duos
1271 612 1298 635 et
1322 609 1466 642 sexaginta
1487 607 1610 635 libellum
1632 608 1719 635 istum

927 654 1078 690 publicavit
1102 661 1165 683 cum
1189 653 1287 682 Latina
1316 653 1546 688 interpretatione
1580 660 1612 680 ac
1642 653 1717 680 notis

927 700 1137 736 marginalibus,
1150 708 1211 736 quae
1225 700 1317 728 omnia
1335 700 1462 733 totidem,
1474 704 1506 727 ut
1518 703 1608 733 erant,
1624 699 1716 727 verbis

927 746 1115 782 typographus
1129 746 1156 773 in
1168 749 1290 774 nostram
1303 745 1455 773 editionem
1468 745 1618 773 transtulit.
1633 743 1717 780 quue

926 792 1042 827 ipsemet
1054 793 1081 821 in
1096 792 1260 821 Praefatione
1274 793 1340 820 tomi
1355 793 1468 820 secundi
1477 792 1563 827 (nunc
1575 791 1660 827 tertii)
1674 792 1716 819 le-

927 839 998 869 ctori
1015 839 1178 875 signiﬁcavi.
1197 839 1328 867 Consulat
1346 840 1401 871 ille,
1416 840 1439 866 si
1456 838 1716 874 lubet,’l‘igurinam

927 884 1075 912 editionem
1085 885 1199 912 Gesneri
1210 885 1274 912 anni
1288 884 1365 912 1568.
1375 884 1413 912 lbi
1422 885 1514 912 omnia
1524 884 1575 912 ista
1589 884 1717 920 reperiet,

81 928 196 963 pedules
212 934 238 957 et
254 930 351 958 bracas
364 931 390 959 in
407 932 536 960 manibus
548 937 672 968 gestasse
687 933 873 970 κριτικώτσιτα

926 938 986 966 qua:
1000 935 1055 959 tam
1072 931 1170 959 acerbe
1184 931 1359 963 criminatur,
1378 939 1440 958 cum
1456 931 1502 958 illa
1517 931 1575 966 ipsa
1590 931 1718 959 cautione

81 975 239 1010 divinabat,
258 976 387 1005 Ecclesia:
407 978 551 1006 catholica:
569 987 672 1006 morem
694 979 791 1011 refert,
813 987 874 1015 quae

82 1023 221 1050 neminem
242 1024 371 1058 conjugio
392 1024 561 1059 itnplicatum
586 1025 619 1053 ad
643 1033 740 1054 sacros
760 1026 875 1055 ordines

82 1068 214 1101 admittit,
229 1069 281 1096 nisi
298 1070 332 1097 ab
343 1078 429 1098 uxore
439 1071 579 1099 contineat
591 1082 598 1100 :
620 1072 700 1099 Ἀλλὰ
713 1073 760 1099 καὶ
773 1073 818 1100 τὸν
831 1072 871 1100 ἔτι

82 1114 205 1150 βιοῦντα,
226 1116 272 1142 καὶ
286 1117 506 1151 τεκνογονοῦντα,
523 1119 587 1153 μιᾶς
605 1118 734 1153 γυναικὸς
750 1118 816 1146 ὄντα.
829 1118 875 1146 ἆνο

81 1160 143 1196 δρα,
166 1160 197 1187 οὐ
217 1160 334 1196 δέχεται,
351 1162 419 1190 ἀλλὰ
444 1163 497 1190 ἀπὸ
522 1165 587 1199 μιᾶς
609 1164 873 1200 ὲγκρατευσάμενον.

82 1205 150 1239 Quis
169 1207 222 1234 hoc
239 1207 300 1235 loco
318 1207 427 1242 βιοῦντα
450 1209 478 1236 iu
501 1209 612 1236 υἰοῦντα
633 1211 792 1238 convellat?
805 1210 875 1239 Nam

83 1253 202 1280 subinde
226 1254 436 1289 τεκνογονοῦντα
457 1256 586 1290 subjecit.
613 1256 663 1284 llic
688 1257 773 1292 igitur
798 1257 876 1286 locus

84 1298 232 1334 utriusque
244 1299 333 1326 critici
346 1300 486 1336 ἁστοχίαν,
504 1301 591 1329 nostri
609 1309 674 1330 vero
690 1303 875 1331 temeritatem

82 1345 168 1372 etiam
189 1345 290 1381 arguit.
320 1346 467 1374 Enimvero
491 1348 566 1383 βιοῦν
592 1349 758 1384 simpliciter
781 1354 826 1379 est
847 1350 876 1378 in

83 1391 254 1418 matrimonio
263 1392 356 1428 degere
383 1398 408 1420 et
425 1394 452 1421 in
467 1394 601 1426 sa-culari,
619 1395 693 1431 quod
710 1396 798 1429 aiunt,
811 1397 874 1423 rita.

84 1436 122 1463 Ita
136 1435 197 1471 βίον
212 1444 261 1471 pro
273 1437 326 1465 hoc
338 1438 401 1465 vita:
415 1447 526 1474 genere.
543 1444 571 1468 et
585 1440 713 1476 βιωτικόν
726 1449 776 1477 pro
787 1449 876 1470 Sancu-

84 1483 133 1510 lari
156 1487 186 1510 ct
207 1483 357 1520 conjngato
376 1486 480 1520 passim
503 1486 718 1522 Chrysostomus
747 1493 874 1524 usurpat.

84 1528 122 1556 Ex
146 1528 254 1557 inﬁnita
278 1530 357 1566 copia
375 1539 447 1558 unus
464 1532 498 1559 ad
515 1540 628 1560 manum
651 1533 768 1570 insignis
794 1536 875 1563 modo

83 1574 162 1626 locus
177 1579 221 1603 est
232 1579 309 1626 topic
372 1577 503 1626 editionis
520 1578 667 1626 e‘iaviliante
679 1579 797 1626 hom:_7,
811 1587 872 1626 pag.
888 1595 911 1626 ο

83 1620 145 1651 εοι,
166 1627 241 1649 vers.
258 1621 310 1649 ὅδε
328 1620 396 1655 Περὶ
403 1621 728 1658 μετανοίαςκαὶεὺχῆς.
741 1623 787 1651 Sic
801 1624 874 1652 enim

83 1667 208 1702 loquitur
222 1677 228 1694 :
243 1664 329 1700 Οὗτος
349 1667 377 1694 δέ
399 1676 444 1703 μοι
459 1668 474 1694 ὁ
486 1668 565 1703 λόγος
580 1669 611 1696 οὐ
628 1669 697 1706 πρὸς
712 1670 777 1702 τοὺς
793 1671 822 1698 ὲν
836 1671 876 1707 τῷ

83 1712 133 1748 βίῳ
147 1712 359 1748 ἐξεταζομένους
374 1713 454 1748 μόνον
467 1714 551 1747 ἐστὶν,
569 1713 637 1741 ἀλλὰ
658 1715 706 1742 καὶ
727 1715 795 1753 πρὸς
812 1718 876 1749 τοὺς

83 1759 111 1786 ὲν
126 1760 183 1790 τοῖς
197 1758 272 1794 ὄρεσι
288 1758 336 1791 τὰς
356 1759 460 1786 ἑαυτῶν
481 1759 601 1791 καλύϐας
621 1760 806 1796 πηξαμένους.
819 1759 876 1790 Nec

82 1804 253 1832 omittendus
272 1804 305 1831 ad
331 1805 400 1832 idem
422 1806 561 1841 negotium
576 1805 692 1834 Achillis
710 1807 781 1834 Tatii
796 1808 876 1836 locus

81 1855 134 1883 est,
149 1850 196 1877 ulti
209 1850 242 1878 de
253 1850 384 1879 Canicula
401 1861 406 1878 :
420 1851 471 1878 Τὸν
491 1851 567 1879 Κύνα
583 1853 674 1887 μέντοι
688 1853 791 1889 ἀστέρα
809 1854 876 1881 ὄντα

82 1896 111 1922 ὲν
124 1895 166 1931 τῷ
182 1895 232 1931 βίῳ
243 1895 342 1932 ἄστρον
356 1896 480 1932 λέγομεν·
498 1896 634 1924 Canicula:
651 1897 757 1924 stellam
771 1899 876 1933 proprie

82 1946 189 1968 aurum
203 1942 338 1969 nominari
352 1943 389 1969 ait
404 1943 431 1969 in
444 1943 509 1975 vita,
525 1943 577 1970 hoc
589 1947 632 1971 est
657 1944 738 1979 vulgo
747 1949 775 1972 et
788 1953 876 1980 popu-

83 1987 190 2014 lariter.
213 1986 241 2014 In
262 1987 325 2014 aliis
346 1986 508 2022 fragmentis
524 1996 596 2024 qum,
619 1992 697 2023 puto,
719 1993 784 2017 sunt
800 1990 876 2024 ejus-

82 2033 144 2060 dem
162 2032 235 2060 Tatii
252 2043 257 2060 :
279 2033 358 2060 Ἀλλὰ
375 2033 428 2069 μὴν
440 2035 487 2062 καὶ
500 2035 529 2062 ἐν
542 2035 582 2070 τῷ
596 2034 646 2071 βίῳ
660 2037 749 2072 φαμὲν
765 2037 811 2064 τὸν
825 2037 876 2064 Δία

83 2078 140 2105 ὕειν
151 2086 157 2093 ’
174 2079 314 2106 Communi
329 2080 398 2107 inter
412 2080 528 2108 homines
544 2090 593 2109 usu
609 2082 732 2117 loquendi
748 2082 873 2118 dicimus,

82 2125 174 2158 pluere
190 2124 293 2152 Jovem.

388 2195 506 2224 CAPUT
528 2197 568 2224 Vl.

83 2249 214 2293 Salmasii
225 2250 314 2285 iniqua
330 2250 485 2293 obtrectatio
499 2251 658 2293 discutitur;
673 2253 871 2293 ejusdetn_iitttl-
889 2265 912 2293 ι)

118 2285 222 2319 tiplices
245 2294 358 2323 errores.
380 2287 423 2323 ille
442 2288 551 2321 pavonis
575 2289 654 2319 collo,
679 2285 814 2323 conchylio
841 2298 873 2316 ac

115 2328 247 2358 purpura.
272 2321 343 2358 Quid
361 2322 413 2358 sint
429 2323 579 2354 (lataclita;
597 2331 706 2358 eamque
722 2321 810 2351 uocem
824 2325 874 2351 ad-

111 2357 207 2390 jective
223 2358 302 2384 sumi.
326 2357 395 2389 Quid
419 2358 454 2384 sit
470 2358 547 2389 πίνος
563 2359 591 2385 in
606 2357 736 2392 oratione,
751 2360 874 2387 declara-

117 2397 173 2418 tur.
742 2404 744 2407 '

117 2447 152 2474 Ut
176 2455 212 2474 ne
233 2447 368 2481 judicium
391 2449 525 2478 duntaxat
546 2455 574 2478 et
596 2452 798 2487 eruditionem,
824 2454 872 2482 sed

82 2494 229 2520 candorem
245 2495 327 2521 etiam
343 2500 370 2522 et
383 2495 544 2524 civilitatem
565 2498 748 2526 Salmasianis
767 2507 782 2526 a
802 2501 873 2528 scri-

83 2538 135 2572 ptis
146 2539 246 2565 abcssc
256 2540 370 2572 sentias,
383 2546 458 2568 ccrta
470 2541 558 2569 hocin
568 2544 627 2578 capi
633 2547 658 2570 te
669 2545 758 2572 morbi
769 2545 874 2573 utrius-

83 2592 134 2619 que
148 2590 312 2619 argumenta
330 2587 469 2621 colligatur.
488 2587 707 2623 Epiphanianam
723 2590 871 2618 editionem

83 2634 205 2657 nostram
224 2631 328 2666 aliquot
346 2631 416 2659 locis
431 2633 541 2660 vellicant
556 2634 591 2669 (ε)
612 2635 638 2662 in
659 2636 729 2664 libro
750 2635 786 2663 De
800 2645 873 2672 gent-

83 2675 143 2706 mis,
162 2679 191 2701 ut
211 2675 238 2702 in
254 2677 341 2711 capite
367 2677 403 2704 De
418 2679 571 2713 smaragdo.
589 2680 626 2707 lbi
640 2681 704 2716 quia
719 2682 871 2711 variantem

82 2719 108 2745 iu
126 2720 250 2755 margine
268 2721 414 2751 lectionem
436 2723 559 2758 otl'endit,
585 2726 610 2752 in
631 2735 685 2762 qua
707 2729 804 2764 μικρός
821 2736 873 2764 pro

127 2790 154 2838 εξ
175 2789 204 2838 in
213 2790 424 2838 “(.ionl'ulationie,
440 2804 466 2830 p.
483 2797 527 2824 50.

128 2824 153 2863 θ)
175 2824 248 2851 St-ct.
266 2835 303 2859 ιχ,
317 2837 376 2864 pag.
387 2824 430 2856 63.
440 2824 446 2830 ’

128 2868 151 2898 ε)
170 2860 287 2898 §almas.
301 2865 424 2898 pag.9.l)9
443 2867 473 2893 Β.

171 2894 290 2923 Salmas.
302 2894 367 2932 'pa'g.
388 2901 449 2929 193.

202 2943 340 2974 ΡΑτιιοι..
357 2947 415 2977 Gn.
439 2949 550 2982 XLI".

926 978 1018 1012 operis
1024 977 1071 1004 init
1077 977 1103 1005 io
1109 978 1233 1012 praeﬁxa:
1243 977 1409 1013 Margiuibut
1417 977 1511 1013 (verba
1519 982 1584 1006 sunt
1591 978 1716 1011 Gesneri,

925 1030 980 1050 non
993 1023 1100 1059 nostra)
1114 1023 1236 1058 qua-dam
1253 1031 1286 1051 ea;
1300 1024 1452 1059 conjectura
1469 1024 1662 1059 ascripsimus;
1674 1024 1718 1050 id-

925 1077 975 1104 que
997 1077 1146 1101 monemus,
1164 1078 1197 1098 ne
1218 1072 1278 1105 quis
1295 1070 1427 1098 diversam
1447 1071 1584 1098 lectionem
1603 1071 1718 1098 aliorum

925 1114 1045 1141 codicum
1061 1115 1204 1143 existimet.
1221 1115 1282 1143 Non
1305 1124 1356 1144 nos
1377 1116 1480 1152 itaque,
1496 1116 1544 1143 sed
1563 1116 1717 1144 Gesnerum

926 1160 1082 1189 maledictis
1104 1166 1213 1196 onerat,
1229 1169 1245 1190 e
1267 1162 1349 1197 cujus
1367 1162 1488 1190 editione
1510 1163 1563 1190 ista
1583 1162 1717 1191 translata

927 1210 1002 1234 sunt.

961 1253 998 1280 At
1017 1254 1100 1281 etiam
1124 1253 1158 1281 de
1186 1254 1330 1290 smaragdo
1352 1254 1528 1282 Kerltoetium
1559 1255 1719 1290 perstringit

926 1300 1025 1333 obiter,
1050 1308 1132 1336 quem
1155 1301 1193 1327 ait
1205 1300 1245 1336 (ά)
1270 1301 1475 1336 conchyliatum
1495 1301 1616 1328 colorem
1637 1301 1720 1335 lapidi

927 1347 965 1374 illi
983 1347 1114 1375 tribuere.
1128 1346 1185 1374 lloc
1197 1355 1262 1375 vero
1285 1347 1423 1375 calumnia
1443 1351 1496 1375 est.
1512 1346 1572 1375 Non
1586 1347 1636 1374 hoc
1651 1349 1722 1376 scri-

927 1396 1003 1427 ptum
1017 1392 1051 1420 ab
1068 1392 1115 1418 illo
1131 1396 1174 1419 cst
1191 1392 1298 1427 uspiam
1313 1401 1320 1420 :
1339 1391 1387 1420 sed
1402 1399 1482 1419 error
1493 1396 1557 1419 tuus
1571 1392 1607 1419 ah
1622 1391 1720 1420 eodem

927 1440 1026 1466 merito
1054 1438 1256 1473 reprehensus,
1283 1438 1331 1474 qni
1357 1446 1490 1473 pavonem
1512 1445 1528 1465 a
1548 1437 1721 1466 Tcrtulliano

928 1484 998 1512 libro
1013 1483 1052 1511 De
1070 1484 1154 1519 pallio
1167 1484 1298 1520 graphice
1314 1484 1454 1519 depictum
1471 1489 1525 1512 tam
1545 1484 1662 1512 feliciter
1676 1484 1720 1511 in-

929 1530 1127 1565 lerpretabare.
1147 1534 1176 1557 ut
1192 1530 1254 1565 ejus
1275 1531 1377 1558 collum
1401 1538 1523 1566 purpura
1546 1529 1675 1563 tinctum,
1691 1534 1720 1558 et

928 1578 1039 1613 quidem
1064 1581 1160 1605 satura
1186 1585 1218 1604 ac
1242 1585 1316 1605 mera
1336 1585 1399 1605 esse
1417 1578 1542 1612 diceres,
1563 1578 1720 1613 cujusmodi

927 1622 1008 1659 Tyria
1019 1628 1061 1651 est
1071 1631 1104 1651 ac
1127 1623 1257 1659 dihapha.
1280 1622 1562 1659 Rccole.sodes,qua-
1579 1624 1607 1651 in
1626 1624 1721 1652 Masti-

927 1668 1049 1704 gophoro
1065 1669 1148 1696 tertio
1164 1669 1214 1696 tibi
1235 1669 1399 1698 Kerkoetius
1419 1670 1543 1704 reposuit
1553 1670 1607 1705 (e);
1623 1674 1719 1698 contra

926 1723 1007 1750 quem
1028 1719 1198 1750 postremum
1217 1715 1317 1742 librum
1331 1715 1400 1743 nihil
1418 1716 1553 1745 hactenus
1568 1718 1675 1745 hiscere
1688 1726 1718 1746 es

926 1769 1021 1789 ausus.
1034 1761 1072 1789 Ex
1087 1770 1120 1789 eo
1132 1769 1282 1797 cognosces
1294 1769 1376 1797 quam
1387 1762 1502 1791 sinistre
1517 1763 1717 1791 Tertuliianum

926 1809 1069 1843 acceperis
1087 1809 1113 1835 in
1128 1808 1207 1836 Notis
1230 1808 1266 1836 ad
1286 1809 1348 1844 ejus
1371 1808 1501 1841 Pallium,
1525 1814 1552 1836 et
1573 1810 1630 1837 haec
1647 1811 1719 1838 illius

926 1855 1009 1882 verba
1024 1865 1031 1882 :
1051 1855 1211 1891 Quanquam
1227 1860 1253 1883 et
1272 1863 1338 1890 pavo
1353 1855 1445 1890 pluma
1464 1857 1553 1889 uestis,
1570 1861 1595 1884 et
1611 1857 1716 1892 quidem:

925 1901 958 1929 de
972 1901 1105 1928 cataclitia
1126 1910 1135 1929 :
1157 1903 1210 1929 imo
1233 1903 1306 1929 omni
1328 1902 1464 1938 conchylio
1486 1903 1645 1937 depressior,
1665 1912 1718 1939 qua

926 1948 995 1974 colla
1014 1949 1129 1984 ﬂorent:
1148 1953 1173 1976 et
1192 1950 1265 1976 muni
1275 1949 1381 1984 patagio
1396 1949 1556 1980 inauratior,
1576 1957 1630 1984 qua
1644 1954 1718 1984 terga

926 1994 1037 2029 fulgent.
1054 1995 1120 2028 Qua:
1144 1999 1172 2022 tu
1192 1996 1232 2023 sic
1257 1996 1283 2023 in
1308 1996 1381 2024 notis
1405 2004 1431 2032 p.
1451 1997 1503 2023 156
1522 1997 1655 2032 explicas,
1676 1999 1715 2025 uti

926 2040 997 2067 collo
1012 2041 1074 2075 pavi
1091 2049 1195 2068 merum
1215 2050 1346 2077 purpuras
1357 2042 1477 2070 colorem
1491 2051 1522 2070 ac
1539 2043 1630 2070 lumen
1647 2046 1717 2071 assi~

926 2093 1002 2122 gues.
1017 2086 1105 2114 Verba
1120 2092 1166 2114 tua
1181 2093 1246 2115 sunt
1264 2088 1297 2123 (ι’)
1314 2098 1320 2115 :
1335 2088 1507 2124 Cuncliylium
1523 2089 1571 2116 hoc
1584 2089 1640 2116 loco
1657 2099 1715 2116 ma—

925 2135 966 2169 gis
982 2138 1031 2164 est.
1055 2139 1083 2160 ut
1104 2133 1138 2160 sit
1160 2134 1298 2170 conchylia
1312 2136 1364 2162 sive
1379 2136 1546 2171 conchyliqu
1566 2137 1655 2166 vestis.
1678 2137 1716 2163 rcl

926 2181 1111 2216 conchyliatae
1125 2182 1208 2212 color,
1227 2189 1303 2216 quem
1320 2190 1336 2208 a
1349 2190 1468 2216 purpura
1482 2189 1582 2216 semper
1596 2187 1716 2209 auctores

926 2227 1080 2255 distinere.
1101 2228 1170 2254 Nam
1186 2228 1352 2263 conchylium
1369 2230 1466 2256 coloris
1483 2238 1563 2265 genus
1578 2235 1615 2257 est
1633 2230 1716 2257 multo

927 2273 1054 2307 pallidius
1071 2273 1233 2308 diluliusque
1247 2282 1376 2308 purpura.
1396 2275 1430 2302 Ut
1446 2276 1542 2303 mirum
1564 2285 1615 2303 non
1636 2277 1670 2302 sit
1693 2277 1716 2303 si

923 2320 993 2347 colla
1017 2328 1158 2354 pavonum,
1173 2329 1232 2355 qui:
1253 2329 1325 2349 mero
1347 2330 1472 2356 purpura:
1491 2323 1590 2350 lumine
1608 2324 1714 2359 ﬂorent.

925 2366 998 2392 omni
1018 2365 1156 2399 conchylio
1172 2367 1303 2402 vegetiora
1324 2367 1420 2394 dixerit
1440 2368 1642 2401 Tertullianus;
1656 2378 1715 2396 cum

925 2411 1062 2447 conchylia
1077 2413 1168 2440 omnia
1184 2413 1353 2440 saturitate»:
1368 2414 1444 2440 illaut
1462 2415 1537 2449 ﬂoris
1558 2424 1590 2442 ac
1607 2416 1715 2444 luminis

925 2466 978 2484 non
991 2457 1115 2490 habeant,
1131 2467 1211 2494 quam
1235 2459 1312 2487 habet
1336 2468 1464 2495 purpura.
1492 2462 1576 2496 Igitur
1597 2462 1624 2490 in
1644 2463 1716 2490 collo

925 2506 1040 2540 pavonis
1058 2506 1149 2533 inesse
1168 2507 1255 2534 sentis
1273 2513 1328 2534 non
1344 2507 1560 2542 conchyliatum,
1584 2507 1636 2536 hoc
1661 2513 1714 2541 cst,

924 2550 1041 2578 dilutum
1060 2559 1092 2578 ac
1106 2552 1276 2587 pallidiorem
1289 2553 1420 2585 colorem,
1437 2553 1483 2582 sed
1498 2561 1665 2589 purpureum
1681 2563 1712 2583 ex

924 2597 970 2625 illa
989 2606 1062 2626 mera
1079 2603 1106 2626 et
1123 2602 1216 2626 satura
1237 2607 1368 2634 purpura.
1384 2599 1441 2627 lmo
1455 2607 1521 2628 vero
1538 2600 1610 2628 hanc
1625 2600 1712 2636 ipsam

925 2652 1074 2679 purpuram
1090 2645 1201 2681 Tyriam
1221 2653 1284 2674 esse
1300 2654 1332 2674 ac
1347 2646 1494 2682 dibapham
1515 2647 1580 2675 alibi
1596 2647 1713 2675 demon-

925 2693 998 2718 stras
1007 2691 1079 2726 (pag.
1092 2691 1152 2721 ηδ,
1166 2691 1227 2727 127)
1237 2692 1285 2727 (g).
1303 2700 1365 2720 cum
1376 2692 1469 2721 ﬂorem
1481 2693 1556 2721 illum
1566 2694 1714 2729 conchylio

924 2737 1092 2771 pressiorcm
1108 2738 1136 2764 in
1147 2739 1219 2765 collo
1234 2739 1349 2774 pavonis
1360 2741 1534 2768 concolorcm
1546 2749 1606 2769 csse
1616 2741 1712 2775 dispu-

960 2806 995 2839 (ε)
1009 2806 1073 2843 l’ag.
1093 2808 1126 2834 '72
1141 2816 1199 2843 sqq.

961 2843 995 2875 (ί)
1014 2842 1086 2878 1ςι1ἱι.
1102 2842 1257 2871 novissimm
1271 2853 1297 2878 p.
1313 2846 1374 2873 ist.

961 2877 998 2911 (g)
1013 2877 1083 2904 Edit.
1102 2879 1258 2906 novissima.-
1314 2881 1375 2908 l75.

1532 2959 1570 2990 21
