1937 3039
193 181 241 209 Gb‘l

194 244 236 267 tas
260 239 436 275 Babylonicis
459 241 581 268 vestibus
603 242 803 271 tricliniaribus
818 249 865 272 aut
880 246 990 273 aecubi-
1005 251 1026 277 Α

193 287 308 318 talibus,
331 295 400 322 quas
426 287 562 322 dibaphas
588 288 687 324 Tyrias
713 298 774 318 esse
796 291 934 327 significas
954 301 986 321 ex

193 332 322 359 Cornelio
337 332 441 368 Nepote
454 334 526 368 apud
542 334 662 362 Plinium
677 336 724 363 lib.
738 344 776 369 ix,
793 345 853 373 cap.
870 339 914 366 39.
929 339 987 373 Qua

194 378 221 404 in
238 378 469 413 interpretatione
490 379 590 415 duplex
613 385 655 408 est
681 387 788 417 stupor.
809 383 943 418 Primum,
964 386 987 414 si

194 423 256 450 ideo
270 423 458 452 Tertullianus
475 426 576 453 collum
595 428 710 462 pavonis
726 430 849 464 quolibet
865 432 988 467 conchy-

194 469 230 496 lio
248 469 371 505 vegetius
386 478 447 498 esse
458 471 536 504 dicit,
552 473 616 508 quia
632 481 783 509 purpuram
796 484 912 509 meram,
928 485 988 513 quae

195 516 289 551 utique
308 517 454 552 conchylio
472 519 594 553 vegetior
611 526 663 553 est,
682 520 734 549 hoc
751 522 854 551 lumine
869 525 988 552 antecel-

194 562 224 589 lit
241 571 248 591 :
271 562 386 597 perinde
411 563 486 590 illum
509 564 668 599 loquentem
688 566 767 600 facis,
782 575 814 595 ac
831 569 854 596 si
873 569 986 602 diceret,

193 605 326 634 Helenam
353 608 416 636 nive
442 616 504 637 esse
531 610 731 644 candidiorem,
760 614 815 641 imo
845 619 922 643 creta
947 617 988 644 vel

193 661 288 688 gypso.
306 654 378 687 Quid
392 655 464 682 enim
475 655 575 683 mirum
585 661 637 688 est,
650 658 723 693 quod
736 659 772 687 sit
781 667 903 696 purpura
914 669 988 689 mera

194 703 344 734 suturaque
365 700 523 733 micantius,
549 701 575 729 id
591 703 672 731 etiam
686 706 841 742 conchylio,
855 709 927 743 quod
942 717 990 743 per

193 752 224 772 se
246 746 360 774 dilutius
393 750 419 774 ot
442 747 570 782 pallidius
593 754 645 782 est,
669 758 729 779 esse
752 754 893 788 vegetius?
920 754 988 782 Nam

193 791 329 826 particula
342 792 396 819 imo
408 800 508 827 angere
521 802 576 822 rem
591 795 681 829 debet,
699 802 725 824 et
739 799 827 834 majus
842 800 946 836 aliquid
961 802 989 829 in

193 836 289 864 eodem
306 844 405 872 genere
427 838 671 875 vehementiusque
697 842 844 877 subjicere.
867 847 901 872 At
924 853 990 873 con-

194 883 285 918 chylio
293 891 393 919 genere
406 884 465 919 ipso
481 886 560 921 longe
576 895 697 922 purpura
714 889 890 925 vividiorest,
907 893 989 921 adeo-

193 937 257 964 que,
273 931 345 965 qttod
360 939 393 959 ea
412 937 492 966 putas
511 932 643 960 infectum
656 943 727 968 esse,
744 937 844 965 collum
864 940 988 974 pavonis.
1007 929 1028 956 Β

194 976 242 1003 Est
261 976 346 1012 igitur
363 978 535 1013 ineptissinta
558 981 609 1009 ista
629 982 773 1010 collectio:
793 985 905 1018 perinde
919 993 952 1013 ac
966 987 989 1014 si

193 1023 254 1057 quis
276 1027 382 1058 poetam
408 1027 564 1061 quempiam
597 1028 713 1057 laudans
739 1035 855 1062 asserat,
879 1031 990 1067 Virgilio

193 1070 408 1103 praestantiorem
432 1080 511 1105 esse,
533 1073 587 1102 imo
607 1073 727 1102 Lucano.
754 1074 891 1110 Secundo,
916 1078 990 1112 quod

193 1117 307 1152 pavonis
322 1118 424 1146 collum
441 1120 484 1146 vel
508 1127 581 1147 mera
607 1125 759 1156 suturaque
783 1130 919 1158 purpura,
945 1124 986 1151 vel

192 1161 288 1190 eadem
302 1162 383 1199 Tyria
398 1171 429 1190 ac
441 1164 562 1200 dibapha
577 1166 691 1193 tinctum
706 1174 767 1194 esse
779 1168 832 1199 vis,
848 1168 991 1202 pueriliter

193 1208 317 1236 aberras.
329 1208 397 1242 Quis
409 1217 542 1244 pavonem
557 1210 625 1238 vidit
640 1219 760 1246 unquam
773 1220 836 1239 cum
854 1221 991 1248 purpureo

193 1254 265 1282 collo
282 1258 309 1282 et
325 1255 433 1282 coccini
460 1256 548 1284 instar
568 1258 699 1285 rubente?
718 1259 930 1294 Conehyliattnn
948 1266 991 1287 est

194 1299 310 1334 pavonis
323 1301 436 1332 collum,
453 1309 486 1329 ac
502 1302 583 1330 simul
603 1303 684 1330 viridi
705 1307 731 1330 et
752 1304 929 1339 smaragdino
944 1313 990 1333 co-

195 1345 253 1372 lore
279 1348 471 1380 temperatum,
498 1353 528 1375 ut
553 1357 586 1375 ex
612 1348 726 1376 Plnedro
750 1354 777 1377 et
800 1349 877 1378 Phile
897 1351 991 1379 docuit

195 1389 419 1426 Mastigophorus
433 1392 487 1420 ille.
509 1392 565 1420 lmo
581 1394 628 1428 qui
649 1395 743 1422 oculos
756 1399 794 1427 et,
809 1403 864 1431 quo
880 1396 914 1424 iis
929 1402 990 1424 uta-

194 1439 252 1469 tur,
268 1444 441 1466 communem
459 1446 571 1467 sensum
589 1439 683 1473 habet,
701 1441 737 1468 ita
754 1441 901 1476 judicabit.
916 1442 992 1476 Quo-

195 1484 268 1510 circa
284 1491 338 1512 non
351 1485 558 1520 smaragdinum
572 1487 692 1514 colorem
704 1489 908 1524 conchyliatum
923 1490 992 1517 dixit

195 1537 257 1558 esse
274 1530 449 1563 Kerkoetius,
470 1537 499 1559 ut.
518 1533 628 1568 nugaris
642 1555 648 1565 ,
666 1534 713 1561 sed
733 1542 795 1561 cum
813 1535 991 1570 smaragdino

197 1577 287 1605 virore
301 1578 413 1606 mistum
427 1586 488 1606 esse
501 1580 704 1615 conchyliatum
717 1590 724 1607 ε
737 1581 809 1616 quod
821 1582 988 1617 scriptorum
1003 1581 1024 1610 C

196 1623 350 1652 auctoritas
366 1631 399 1651 ac
412 1632 513 1653 sensus
528 1625 587 1660 ipse
602 1625 744 1654 discernit.

231 1668 260 1696 In
276 1669 372 1697 eodem
389 1669 550 1699 Tertulliani
571 1671 631 1699 loco
648 1672 721 1699 aliud
740 1677 782 1700 est
807 1672 989 1702 Saltuasiame

196 1715 359 1744 temeritatis
378 1716 522 1751 vestigium
541 1716 589 1752 (a).
607 1716 742 1744 Catuclita
757 1722 840 1753 negat
855 1719 889 1746 de
907 1726 990 1746 accu—

196 1762 305 1790 bitoriis
321 1762 446 1790 vestibus
467 1763 606 1798 usurpari,
618 1767 645 1791 et
657 1765 703 1799 qui
717 1765 758 1792 sie
774 1765 990 1800 interpretentur

196 1816 322 1844 magnam
341 1816 396 1844 prae
416 1816 445 1836 se
464 1808 536 1836 ferre
557 1809 594 1837 ait
612 1809 699 1837 Graeci
719 1805 856 1838 sermonis
879 1811 990 1846 imperi-

195 1855 261 1882 tiam
276 1863 282 1881 ε
300 1854 403 1890 quippe
419 1854 488 1882 nihil
504 1854 579 1883 aliud
596 1863 658 1884 esse
670 1855 821 1883 κατάκλιτα
835 1855 889 1886 nisi
906 1863 989 1884 accu-

195 1900 264 1935 bita,
283 1901 341 1929 sive
365 1907 441 1929 toros
463 1901 549 1936 ipsos,
568 1902 737 1937 minimeque
757 1907 857 1933 vestes,
873 1909 935 1937 quae
957 1902 991 1930 iis

196 1947 313 1974 insterni
333 1947 432 1975 solent.
451 1945 504 1974 Sed
522 1947 548 1974 id
565 1955 628 1975 esse
643 1947 742 1975 falsum
760 1955 793 1975 ex
810 1946 879 1974 LXX
904 1947 991 1974 lnter-

196 1999 303 2029 pretum
317 1993 410 2022 Graeca
424 1994 551 2027 lectione,
563 1998 590 2022 et
604 1993 634 2021 S.
646 1994 738 2022 Basilii
750 1994 914 2022 auctoritate
929 2002 992 2022 con-

197 2046 260 2068 stat.
280 2040 358 2068 Isaia:
373 2048 415 2073 ιιι,
439 2040 485 2074 25,
506 2039 639 2076 Θὲριστρα
665 2040 815 2067 κατάκλιτα
841 2040 990 2073 dicuntur;

199 2087 244 2114 ubi
259 2087 410 2114 κατάκλιτα
434 2087 570 2122 adjective
584 2087 655 2115 sumi
681 2094 794 2115 necesse
818 2093 871 2119 est,
887 2091 914 2114 et
928 2091 992 2115 sunt

198 2132 379 2160 accubitoria.
405 2132 443 2160 lla
468 2133 586 2161 Basilius
603 2133 727 2168 exponit,
748 2133 795 2168 qui
817 2133 889 2161 haud
911 2134 992 2168 paulo

199 2178 292 2206 Graece
308 2179 421 2214 peritior
431 2179 482 2206 fuit
497 2187 579 2214 quam
594 2178 758 2207 Salmasius.
772 2179 931 2206 Κατάκλιτα
944 2179 992 2206 νῦν

199 2224 274 2259 λέγει
288 2224 321 2251 τὰ
336 2226 364 2252 ὲν
379 2224 419 2260 τῷ
440 2225 650 2252 κατακλίνεσθαι
666 2225 699 2251 δι’
714 2225 868 2261 ὑπερϐολὴν
887 2226 992 2262 τρυφῆς

200 2273 258 2303 ταῖς
272 2271 374 2304 κλίναις
395 2271 595 2306 ἐπιϐαλλόμενοι
607 2279 614 2286 ·
642 2271 771 2298 rataclilu
790 2277 875 2305 uocat,
894 2280 952 2308 qua:
967 2274 993 2299 in

200 2317 389 2349 acrumbcmlo,
413 2325 468 2352 pra;
489 2317 570 2343 nimio
598 2317 674 2349 luxu,
697 2317 772 2345 lectis
799 2319 992 2346 insternuntttr.

200 2362 298 2390 Vidcat
313 2371 385 2390 IIIIIIC
399 2363 562 2394 Salmasius,
576 2371 658 2397 qnam
672 2371 701 2390 se
718 2364 816 2391 merito
829 2363 914 2392 Graeci
933 2373 991 2392 ser-

202 2409 291 2437 monis
307 2409 403 2444 peritia
420 2409 515 2444 iactet,
537 2417 568 2436 ac
584 2409 748 2437 Tertulliani
771 2409 935 2446 interpretes
950 2419 993 2439 re-

202 2455 363 2491 prehendat,
380 2456 427 2491 qui
452 2455 559 2488 eodem,
581 2464 636 2491 quo
659 2455 788 2489 Basilius,
807 2465 890 2485 sensu
914 2462 991 2485 cata-

201 2503 264 2530 clita
283 2506 470 2538 sumpserunt.

237 2549 310 2577 Nihil
322 2549 408 2584 magis
422 2549 542 2578 hominis
554 2549 696 2580 intererat.
709 2558 791 2585 quam
806 2552 907 2580 veteris
920 2552 993 2580 illius

200 2595 258 2622 litis
273 2594 433 2622 memoriam
448 2595 585 2628 obterere,
603 2603 655 2623 nec
670 2595 863 2631 intempestiva
878 2597 938 2631 ejus
952 2605 994 2624 re-

201 2635 362 2668 cordatione
379 2639 557 2676 insigniorcm
583 2649 662 2670 suam
684 2642 792 2677 culpam
819 2641 919 2670 facere.
939 2643 993 2670 Sed

202 2695 256 2715 non
278 2690 390 2722 potest:
417 2695 478 2714 nam
499 2695 565 2715 ecce
591 2689 682 2717 denuo
711 2689 824 2717 alterius
849 2689 931 2716 errati
951 2689 994 2716 sui

202 2733 363 2761 memoriam
388 2734 496 2762 rciricat
512 2734 561 2770 (ιι),
582 2735 646 2763 dum
668 2735 843 2764 lierkoetium
873 2743 996 2771 anquo-

1011 2257 1032 2284 D

238 2812 276 2849 (α)
302 2812 420 2850 Salmas.
440 2815 467 2850 in
485 2813 561 2842 Notis
587 2815 622 2841 ad
648 2814 758 2841 Tertull.
786 2813 855 2841 Pall.
871 2821 932 2850 cap.
959 2815 986 2848 ὅ,

202 2856 265 2885 pag.
285 2849 345 2883 125,
357 2855 384 2877 et
401 2850 427 2877 in
441 2849 548 2885 Canful.
563 2850 685 2877 lierkoel.
700 2857 726 2884 p.
745 2849 794 2877 1‘28
811 2853 837 2877 ct
856 2849 916 2885 sqq.

877 185 966 215 DION.
989 186 1160 215 l’ETAVlUS

1786 184 1842 212 G52

1044 246 1125 274 modo
1141 252 1241 273 vexare
1266 245 1368 273 studet.
1393 243 1544 272 Verissima
1569 243 1666 271 scribit
1687 246 1760 276 esse,
1777 251 1840 278 qtae

1042 293 1150 327 primus
1172 291 1205 319 de
1230 291 1355 319 vocabuli
1384 291 1462 318 πίνου
1488 289 1688 325 signiﬁcatione
1715 290 1836 324 aperuit,

1040 339 1173 374 quidquid
1185 341 1282 366 contra
1298 338 1446 365 blatterent
1458 337 1514 364 alii.
1528 337 1585 370 Age
1600 343 1677 371 ergo,
1694 336 1838 362 videmnus

1039 384 1273 421 quemadmodum
1286 391 1407 420 purgare
1425 383 1471 410 illa
1492 382 1590 418 possit,
1609 389 1669 416 quae
1684 388 1769 416 super
1784 382 1838 408 ista

1040 440 1105 459 voce
1113 430 1275 458 Kerkoetius
1287 430 1313 458 ei
1323 430 1419 464 objicit
1429 430 1455 456 in
1463 428 1688 464 Mastigophoros
1701 428 1736 462 (ιτ)
1752 437 1758 454 :
1773 435 1837 454 nam

1041 477 1192 505 Salmasius
1210 477 1237 504 in
1260 476 1457 504 Confutatione
1491 474 1673 502 Animadvers.
1695 474 1838 501 Kerkoctii

1040 528 1144 555 censet,
1157 523 1192 550 ab
1203 521 1440 550 Halicarnassensi
1453 521 1584 557 Dionysio
1600 521 1677 548 πίνον
1692 522 1838 557 ἀρχαῖκόν,

1040 569 1100 596 sive
1129 567 1222 604 χνοῦν,
1251 568 1351 603 opponi
1381 575 1494 595 suorum
1514 572 1668 602 temporum
1693 567 1841 594 rhetorica:

1040 614 1169 642 imbecilli
1200 619 1227 641 et
1251 614 1356 641 viribus
1375 613 1488 640 carenti.
1511 612 1599 644 lianc,
1622 613 1720 648 inquit,
1739 611 1841 639 distin-

1041 662 1096 696 guit
1114 660 1146 687 ab
1162 660 1208 687 illo
1224 660 1294 695 πίνῳ
1310 659 1448 686 rltetoricw
1467 659 1594 694 antiqum,
1611 667 1669 692 qua:
1684 658 1764 693 fortis
1778 664 1842 685 erat

1040 712 1064 733 et
1081 706 1201 733 mascula
1230 705 1394 741 multantth
1408 705 1461 731 arti
1475 709 1499 732 et
1516 705 1701 732 exercitationi
1715 704 1841 736 debebat,

1040 759 1099 779 cum
1116 753 1165 779 illa
1183 758 1290 779 econtra
1307 761 1394 779 recens
1414 750 1520 778 dicendi
1545 751 1625 783 ratio,
1640 759 1697 785 qutc
1713 750 1843 786 Dionysii

1042 800 1201 835 temporibus
1226 800 1338 835 vigebat,
1360 798 1435 825 nulla
1466 803 1523 825 arte
1545 802 1687 828 constaret,
1707 797 1752 824 sed
1779 800 1843 824 solo

1041 848 1138 882 impetu
1149 856 1159 880 ;
1170 855 1201 874 ea;
1220 846 1414 880 tentpomlitale
1428 845 1521 880 quippe
1536 849 1596 872 tunc
1609 844 1752 878 plurimum
1770 852 1843 879 gau-

1041 893 1138 920 debant
1154 892 1318 927 :fundelmnt
1339 892 1439 926 itaque,
1461 899 1512 917 non
1533 889 1672 922 dicebant;
1693 889 1842 925 ἐμοῦντες,

1044 940 1094 967 οὐκ
1108 939 1296 975 ἁκριῦοῠντες.
1308 937 1365 964 lloc
1385 945 1447 964 cum
1465 937 1598 964 scriberet
1614 936 1775 966 Salmasius,
1789 944 1842 963 ne-

1042 985 1268 1021 queintellignbat
1277 983 1401 1018 profecto
1410 983 1475 1018 quid
1485 983 1629 1014 Scriberet,
1639 987 1664 1010 et
1674 981 1841 1018 Dionysium

1042 1032 1313 1059 Halicarnassensetn
1346 1030 1428 1057 nimis
1440 1029 1539 1064 raptim
1555 1027 1750 1064 legerat.Nihi|
1764 1028 1842 1055 enirn

1042 1079 1129 1114 magis
1140 1081 1237 1105 contra
1251 1076 1395 1111 scriptoris
1409 1076 1484 1103 illius
1498 1080 1615 1103 mentem
1632 1075 1722 1103 all'erri
1736 1075 1841 1110 potuit.

1041 1134 1123 1162 quam
1142 1126 1215 1162 quod
1235 1126 1282 1152 illo
1300 1125 1389 1160 capite
1402 1124 1544 1152 disseruit.
1564 1123 1671 1159 Quippe
1689 1123 1844 1159 Dionysius

1042 1173 1176 1208 triplicem
1192 1172 1300 1200 dicendi
1324 1172 1511 1199 characterem
1531 1171 1628 1198 statuit
1645 1179 1651 1197 :
1676 1170 1782 1205 primus
1796 1174 1843 1197 est

1042 1220 1128 1255 αὑστη
1134 1219 1191 1254 pos,
1202 1223 1335 1249 austeras.
1348 1222 1374 1245 ct
1387 1217 1544 1248 archaicus,
1553 1217 1600 1252 qui
1613 1220 1638 1244 et
1648 1217 1745 1244 scaber
1756 1220 1843 1251 atque

1042 1266 1185 1300 impolitus
1199 1269 1240 1293 est
1254 1275 1260 1292 :
1280 1265 1361 1300 cujus
1381 1264 1509 1299 proprius
1522 1267 1564 1290 est
1580 1263 1670 1294 πίνος,
1687 1263 1745 1290 sive
1757 1262 1843 1298 χνοῦς

1041 1310 1091 1345 τῆς
1108 1310 1300 1345 ἀρχαιότητος,
1328 1309 1497 1344 antiquitatis
1521 1308 1567 1335 ille
1587 1308 1677 1340 situs;
1698 1307 1843 1335 secundus

1042 1359 1085 1383 est
1098 1355 1264 1391 γλαφυρὸςῆ
1279 1354 1410 1391 ἀνθηρός,
1428 1355 1530 1390 politus
1549 1357 1576 1382 et
1597 1358 1736 1389 comptus,
1753 1360 1767 1380 a
1783 1361 1842 1388 quo

1043 1401 1121 1433 πίνος
1139 1401 1285 1435 abhorret;
1301 1401 1400 1428 tertius
1415 1400 1516 1433 κοινός,
1529 1399 1576 1434 qui
1594 1400 1738 1426 amborum
1758 1399 1844 1426 dotes

1043 1447 1071 1474 in
1089 1454 1118 1475 se
1133 1447 1267 1474 continet.
1280 1446 1319 1474 Ad
1335 1447 1454 1482 primum
1468 1453 1556 1481 genus
1572 1445 1736 1480 pertinente
1749 1445 1844 1480 poetis

1042 1491 1191 1526 Pindarus,
1210 1492 1360 1529 Eschylus
1373 1501 1380 1525 ;
1395 1500 1426 1519 ex
1443 1491 1587 1520 historicis
1602 1490 1785 1527 Thucydides.
1798 1491 1842 1518 Ad

1043 1540 1194 1568 secundum
1208 1539 1356 1569 Hesiodus,
1371 1538 1492 1574 Sappho,
1504 1539 1658 1570 Anacreon,
1670 1536 1843 1569 Simonides,

1041 1585 1186 1621 Euripides
1194 1594 1227 1613 ex
1240 1585 1345 1620 poetis;
1362 1592 1394 1612 ex
1405 1584 1544 1612 historicis
1557 1583 1684 1619 Ephorus
1700 1590 1733 1610 ac
1750 1581 1843 1610 meo.

1042 1639 1177 1668 pompas;
1202 1639 1235 1658 ex
1256 1630 1416 1658 oratoribus
1436 1629 1592 1663 Isocrates;
1616 1629 1727 1656 tertium
1752 1636 1842 1665 genus

1043 1679 1169 1706 obtinent
1185 1681 1271 1713 pecte:
1287 1677 1398 1713 quidem
1418 1675 1568 1707 Homerus.
1586 1675 1772 1706 Stesichorus,
1790 1675 1842 1702 Al-

1045 1731 1129 1757 caeus,
1148 1723 1314 1758 Sophocles:
1332 1730 1365 1750 ex
1382 1722 1524 1750 historicis
1540 1720 1714 1754 Herodotus;
1728 1728 1762 1748 ex
1776 1727 1842 1747 ora-

1046 1770 1153 1798 toribus
1166 1768 1376 1797 DemOstbencs.
1390 1767 1510 1795 Secundi
1524 1766 1632 1803 generis
1645 1766 1810 1801 scriptores,
1826 1773 1842 1792 a

1045 1814 1146 1850 quibus
1172 1813 1249 1845 πίνος
1278 1813 1366 1845 abest,
1397 1812 1535 1848 prioribus
1563 1811 1733 1846 antiquiores
1760 1815 1840 1843 sunt,

1044 1867 1162 1896 quorum
1179 1859 1307 1895 proprius
1331 1862 1374 1886 est.
1393 1859 1479 1890 πίνος.
1504 1857 1572 1885 Nam
1598 1857 1737 1885 Hesiodus
1759 1857 1842 1893 longe

1043 1906 1154 1934 Pindari
1170 1910 1197 1934 et
1213 1905 1338 1942 [Eschyli
1365 1909 1473 1933 zelatem
1499 1904 1659 1932 antecessit.
1678 1904 1714 1930 At
1734 1903 1842 1930 Salma-

1044 1953 1102 1981 sius
1130 1952 1291 1988 Dionysium
1317 1952 1356 1979 ait
1380 1951 1458 1978 πίνον
1482 1951 1607 1978 tribuere
1635 1950 1842 1986 antiquioribus

1045 1998 1131 2025 multo
1157 2005 1240 2032 quam
1263 2001 1343 2025 erant
1370 1996 1484 2030 secundi
1501 1997 1623 2032 generis,
1640 2000 1668 2023 et
1689 1996 1740 2024 hos
1766 1996 1843 2031 ipsos

1043 2042 1159 2070 allirmat
1177 2042 1300 2079 Dionysii
1325 2047 1449 2078 tempore
1467 2042 1564 2070 fuisse.
1593 2042 1687 2077 Itaque
1705 2041 1843 2078 Dionysii,

1044 2089 1070 2116 id
1087 2093 1130 2117 est
1147 2089 1274 2125 Augusti,
1297 2090 1397 2116 szeculo
1412 2090 1540 2117 vixerunt
1556 2088 1702 2122 Hesiodus,
1718 2088 1842 2123 Sappho,

1044 2136 1199 2169 Anacreon,
1227 2135 1385 2170 Euripides.
1411 2135 1547 2163 Prmterea
1572 2135 1618 2170 qui
1644 2135 1671 2162 in
1693 2135 1843 2170 posteriori

1044 2187 1204 2216 censentur,
1219 2189 1246 2211 et
1264 2184 1335 2219 πίνῳ
1352 2187 1458 2216 carent,
1480 2183 1532 2211 hos
1552 2182 1652 2211 asserit
1672 2181 1749 2208 nulla
1772 2187 1842 2215 arte,

1046 2230 1090 2257 sed
1106 2230 1163 2257 solo
1177 2230 1285 2265 impetu,
1303 2234 1380 2265 atque
1391 2237 1423 2256 ex
1442 2234 1555 2264 tempore
1567 2228 1678 2256 dixisse.
1695 2227 1789 2261 Quare
1801 2230 1845 2255 ni-

1049 2276 1085 2303 hil
1103 2276 1136 2303 ad
1160 2276 1336 2304 scribendum
1357 2283 1448 2311 neque
1464 2276 1543 2308 artis,
1564 2282 1654 2310 neque
1672 2274 1776 2306 cultus,
1795 2282 1844 2302 ne-

1047 2331 1101 2358 que
1115 2323 1249 2358 temporis
1266 2322 1383 2350 contulit
1404 2323 1550 2354 Isocrates,
1567 2326 1616 2348 aut
1633 2321 1797 2355 Euripides;
1813 2325 1843 2348 ut

1047 2367 1080 2393 de
1093 2367 1201 2394 cmteris
1216 2370 1333 2396 taceam,
1355 2374 1425 2401 quos
1441 2371 1550 2394 constat
1568 2365 1786 2394 laboriosissime
1801 2365 1844 2393 di-

1046 2412 1280 2448 ligentissimeque
1297 2411 1452 2447 scripsisse.

1082 2458 1146 2486 Ha-c
1162 2461 1226 2486 sunt
1247 2461 1372 2493 portenta
1389 2464 1444 2485 non
1467 2457 1597 2485 meditate
1614 2456 1772 2490 scribentis,
1795 2456 1843 2484 sed

1047 2506 1185 2541 ἐμοῦντος,
1201 2505 1328 2532 vomentis
1352 2504 1492 2536 Salmasii,
1516 2511 1632 2539 quorutn
1660 2505 1763 2539 pudere
1784 2504 1842 2539 jam

1048 2552 1138 2586 ipsum
1156 2551 1252 2583 debet;
1269 2551 1425 2578 instaurare
1439 2557 1504 2577 vero
1519 2549 1691 2581 memoriam,
1705 2552 1732 2576 et
1749 2549 1842 2576 invitis

1048 2599 1141 2631 etiam,
1163 2603 1245 2633 atque
1272 2598 1346 2625 aliud
1373 2598 1517 2633 agentibus
1539 2597 1696 2630 obtrudcrc,
1716 2597 1843 2632 profecto

1047 2652 1101 2672 non
1121 2644 1209 2672 decet.
1229 2644 1280 2671 Sed
1295 2652 1325 2671 ea
1340 2645 1480 2679 copiosius
1501 2645 1528 2671 in
1541 2644 1621 2672 tertio
1636 2643 1842 2679 Mastigopbom

1048 2691 1226 2718 Aremoricus
1254 2690 1416 2718 Kerkuetins
1440 2691 1566 2726 exposuit
1583 2699 1589 2717 :
1608 2697 1668 2725 qua:
1691 2689 1810 2718 comiter
1829 2697 1843 2716 a

1050 2736 1186 2765 Salmasio
1203 2738 1340 2773 praeterita
1357 2737 1586 2772 dissimulataque
1603 2741 1676 2765 sunt.

1079 2815 1117 2850 (b)
1129 2814 1251 2851 ASalmas.
1271 2815 1365 2844 Emere.
1385 2815 1503 2844 Plinian.
1520 2823 1547 2851 p.
1563 2814 1625 2843 859.

1079 2849 1114 2886 (c)
1129 2849 1193 2886 Pag.
1211 2851 1270 2877 175.
