1937 3039
116 202 172 232 655

637 209 827 239 ‘ADVERSL‘S
846 209 1026 239 CLAUDIUM
1046 213 1258 242 SALMASIUM.

1705 218 1758 245 θοι

126 293 1755 323 ====m==a

762 384 1123 430 EXCERPTUM

404 472 451 500 EX
471 473 619 502 DlONYSll
640 473 779 502 PETAVll
807 472 1145 505 DlSSEﬂTATlONIBUS
1171 476 1460 505 EiICLESlASTlCIS.

742 545 847 574 LIBRI
871 545 899 574 ll
922 544 1051 576 CAPUT
1073 547 1128 578 lll.

114 671 155 699 De
175 671 317 719 Epipitanii
335 672 635 719 lqcofatsat‘i-apeziue‘
651 672 1101 719 (.salnt‘asiimqttidgie‘trapezitico
1123 676 1286 719 feno‘retres
1312 679 1407 719 libros
1424 687 1496 707 anno
1518 679 1586 719 iﬁlli
1604 682 1746 719 emiserat)

151 707 303 746 coitjectura
321 706 467 746 refellitur:
484 706 604 746 idemque
619 708 784 746 declaratur:
804 706 993 741 Negotiatores‘
1004 710 1077 736 haud
1091 706 1159 738 recte
1173 712 1226 739 dici
1237 714 1269 739 ab
1285 714 1375 741 eodem
1390 706 1544 742 damnatos
1557 706 1589 743 ait

152 742 212 774 Bia;
225 743 427 771 matrimonium
444 744 575 770 interdum
591 744 745 779 signi/teat;
760 747 852 770 contra
868 751 949 777 quam
962 747 1094 779 trapezita
1111 747 1232 774 credidit.

155 855 197 882 Ad
209 857 375 891 ptenllentiae
389 856 470 884 ritum
486 857 513 885 in
526 857 649 885 Ecclesia
661 862 752 885 vetere
765 857 908 885 referenda
923 860 946 888 Α
996 858 1036 885 Ad
1051 858 1108 886 haec
1125 859 1240 892 theatra,
1258 869 1391 896 equorum
1404 853 1565 896 certamina,
1582 866 1749 899 venationes,

113 907 179 930 sunt
195 903 320 937 quazdam
335 910 426 932 errata
443 905 582 939 trapezin
597 904 684 931 nostri
700 903 863 939 (Salmasii).
877 903 906 930 ln

114 948 274 983 pradatione
294 949 326 976 ad
356 949 497 978 Lectorem
531 951 671 985 praemissa
693 949 772 976 libris
794 949 831 976 De
852 953 908 976 tra-

112 995 225 1027 pezin‘co
241 995 346 1028 fenore,
374 1003 400 1030 p.
419 996 463 1026 57,
491 996 635 1031 Epiphanii
659 995 747 1022 locum
762 995 906 1030 quemdam

112 1040 214 1075 attigit,
236 1045 263 1067 et
277 1041 341 1067 dum
356 1041 437 1069 nimis
453 1046 568 1077 argutus
588 1049 649 1069 esse
669 1041 770 1074 studet,
787 1041 907 1076 pessime

112 1084 189 1111 illum
212 1085 328 1120 accepit.
346 1085 374 1112 ln
392 1085 467 1113 calce
485 1086 575 1120 magni
596 1085 686 1120 operis
714 1086 787 1120 quod
802 1086 837 1112 de
853 1086 907 1112 lue-

112 1130 222 1158 rcsibus
243 1131 356 1166 scripsit
374 1131 555 1166 Epiphanius,
579 1131 721 1159 catholica;
744 1131 806 1158 ﬁdei
829 1139 906 1158 surn-

112 1184 196 1207 mam,
211 1183 244 1203 ac
269 1183 376 1204 morum
399 1181 426 1204 et
453 1177 643 1204 institutorum
666 1177 806 1210 Ecclesiae,
830 1177 906 1205 brevi

111 1222 300 1256 disputatione
312 1223 472 1257 complexus
484 1227 538 1256 est,
558 1226 589 1250 ut
610 1223 644 1250 iis
658 1223 731 1250 velut
747 1223 820 1250 notis
841 1231 905 1258 ger-

110 1275 221 1295 manam
232 1268 334 1296 Christi
349 1277 479 1303 sponsam
493 1270 528 1297 ab
542 1270 680 1297 hieretieis
691 1270 903 1301 conventiculis,

110 1321 172 1348 qua:
187 1314 406 1341 concubinarum
428 1313 510 1342 habet
536 1315 607 1346 loco,
631 1315 782 1344 discernat.
799 1315 837 1342 Ac
853 1315 905 1343 sub

112 1360 193 1387 linem
219 1361 354 1396 priet-ipua
374 1361 499 1396 qnzvdam
516 1361 663 1388 criminum
685 1361 774 1396 capita
789 1361 903 1397 colligit,

110 1414 171 1440 qute
195 1406 319 1440 ejusdem
342 1407 484 1434 catholicae
506 1406 636 1435 Ecclesiae
658 1408 782 1435 moribus
797 1416 904 1443 usuque

110 1452 286 1480 damnantur.
305 1453 450 1488 Ἀπὲχεται
473 1454 625 1486 κοινωνίας,
653 1454 753 1489 inquit,
776 1455 903 1482 ἁπάντων

109 1499 243 1533 αἱρέσεων
263 1499 345 1533 (forte
365 1498 536 1534 αἱρετικῶν),
560 1499 746 1535 ἀποκηρύττει
765 1500 901 1535 πορνείαν,

109 1544 159 1571 καὶ
184 1544 320 1580 μοιχείαν.
346 1545 394 1571 καὶ
418 1544 572 1578 ἀσέλγειαν,
597 1545 645 1571 καὶ
669 1544 902 1581 εἰδωλολατρείαν,
921 1541 941 1567 Β

110 1590 158 1617 καὶ
177 1590 269 1624 φόνον,
286 1590 332 1616 καὶ
347 1590 438 1617 πᾶσαν
462 1590 646 1626 παρανομίαν,
670 1595 724 1618 etc.
755 1590 816 1619 Mox
833 1601 839 1618 :
857 1592 904 1618 καὶ

109 1635 280 1669 πλεονεξίαν,
296 1634 345 1662 καὶ
354 1635 530 1670 τοκοληψιαν·
547 1636 763 1672 πραγματευτὰς
777 1636 827 1662 οὐκ
838 1636 905 1663 ἁπο-

109 1681 219 1716 δέχεται
230 1690 237 1696 ·
249 1681 305 1708 ἀλλ’
320 1681 532 1718 ὑποδεεστέρους
552 1681 662 1708 πάντων
679 1682 797 1717 ἡγεῖται.
814 1682 904 1716 Προσ-

111 1727 198 1763 (popa;
223 1727 356 1762 λαμῦἀνξι
378 1728 454 1763 παρὰ
479 1728 533 1754 τῶν
558 1728 608 1755 οὐκ
641 1728 822 1760 ἀδικούντων,
844 1729 904 1756 οὐδὲ

110 1774 355 1809 παρανομούντων,
379 1774 447 1800 ἀλλὰ
469 1774 582 1806 δικαίως
605 1774 745 1809 βιούντων.
765 1774 822 1801 lloc
839 1779 902 1802 est:

110 1819 150 1846 Alt
163 1821 282 1846 ninnium
306 1822 490 1847 communione
505 1821 688 1847 Ita-relicom":
704 1820 816 1848 abstinet
831 1829 840 1847 :
857 1821 904 1846 ab-

108 1866 182 1892 dicat
199 1865 411 1899 ferme/itionem,
431 1866 591 1892 adulterium
620 1865 905 1901 patulantiam,idolo-

111 1913 233 1943 tatriam,
246 1912 415 1938 homicidium
431 1918 454 1939 et
465 1913 631 1948 iniquitatem
647 1921 760 1943 onmem,
772 1918 824 1939 etc.
837 1912 903 1939 Tum

111 1957 260 1991 improbam
284 1959 466 1993 cupiditatem,
485 1965 510 1985 et
528 1960 669 1986 auaritiam
686 1964 764 1993 atque
783 1967 901 1986 usuram.

113 2002 299 2038 Negotiatores
316 2013 366 2031 non
379 2005 521 2032 admodum
540 2005 644 2039 probat,
665 2005 710 2032 sed
729 2005 846 2032 vinnium
867 2005 904 2031 in-

111 2051 188 2084 ﬁmos
204 2051 292 2078 habet.
307 2051 460 2079 Oblutiones
483 2053 579 2086 accipit
604 2051 636 2078 ab
652 2052 686 2078 iis
711 2052 757 2086 qui
774 2051 903 2085 injuriam

111 2098 173 2124 aliis
185 2106 236 2124 non
252 2098 364 2132 faciunt,
380 2107 461 2133 neque
472 2098 555 2125 scelus
568 2098 674 2133 aliquod
687 2099 844 2132 admittunt,
858 2098 903 2125 scd

110 2144 178 2178 iuste
193 2145 294 2171 vivunt.
308 2143 358 2171 llic
375 2145 542 2180 Epiphanius
558 2144 705 2179 przecipua,
719 2148 749 2170 ut
765 2144 834 2175 dixi,
846 2152 904 2172 sce-

111 2190 166 2217 lera
183 2194 211 2217 et
230 2190 332 2225 ﬂagitia
350 2195 503 2225 percenset,
539 2197 555 2217 a
579 2191 682 2225 quibus
699 2191 829 2217 abhorret
851 2190 902 2217 Ec-

110 2236 206 2268 clesia,
219 2240 246 2263 et
262 2244 323 2271 qua:
338 2237 504 2264 auctoritate
520 2244 569 2264 sua
587 2237 760 2264 condemnat.
780 2236 830 2264 Ubi
848 2245 900 2264 vox

109 2283 295 2319 ἀποκηρύττει
314 2291 366 2310 ιιοιι
382 2283 433 2310 hoc
452 2284 566 2318 praecise
588 2283 733 2318 signiﬁcat,
748 2292 901 2311 excommuv

109 2330 210 2361 nitore,
226 2329 265 2356 vel
281 2338 297 2355 a
315 2330 498 2367 conmunitum:
513 2338 602 2356 arcere
615 2338 647 2356 ac
670 2338 825 2365 segregare:
842 2335 902 2357 tan-

109 2383 193 2410 quam
210 2383 307 2402 omnes
323 2376 369 2411 qui
386 2376 413 2403 in
430 2384 472 2408 ea,
491 2384 552 2411 quae
568 2377 667 2404 ibidem
684 2381 838 2408 enumerat,
860 2378 902 2403 in-

110 2421 240 2453 ciderint,
258 2421 292 2448 ab
311 2422 500 2450 ecclesiastica
524 2424 718 2450 communione.
740 2422 856 2457 rejiciat,
874 2428 903 2449 ut

109 2468 261 2494 arbitratur
284 2469 424 2502 trapezita.
444 2468 495 2501 Qui
515 2473 544 2496 et
565 2468 687 2496 indidem
711 2469 825 2504 colligit,
850 2476 902 2495 non

109 2514 195 2540 solum
209 2515 254 2549 qui
270 2522 379 2540 usuram
391 2515 537 2548 accipiunt,
555 2514 723 2541 abdicatione
745 2514 776 2541 ab
793 2514 904 2542 ecclesia

108 2561 227 2593 punitos,
237 2559 350 2586 scribere
363 2559 400 2586 ibi
412 2559 602 2594 Epiphaniam,
614 2560 658 2587 sed
669 2561 748 2587 etiam
762 2569 850 2587 omnes
864 2569 905 2587 nc-

109 2607 266 2642 gotiatorcs,
284 2606 510 2642 πραγματευτάς.
534 2607 587 2634 Sed
613 2607 725 2634 minime
750 2607 903 2635 audiendus

110 2657 161 2680 est.
176 2651 245 2679 Nam
260 2652 462 2687 ἀποκηρύττειν
479 2660 534 2679 non
553 2657 606 2679 tam
628 2652 748 2684 illorum,
764 2652 811 2687 qui
826 2653 902 2687 ejus-

111 2699 184 2726 modi
200 2698 316 2726 crimina
338 2699 532 2734 perpetrarint.
548 2707 631 2734 quam
656 2699 803 2727 criminum
829 2700 897 2734 ipso-

111 2751 171 2771 rum
187 2744 390 2772 abdicationem
403 2745 663 2780 damnationemque
678 2745 814 2779 designat.
828 2748 901 2773 Alio-

109 2791 156 2826 qui
184 2798 266 2819 ncmo
293 2799 348 2819 non
374 2792 657 2820 excommunicandus
685 2792 791 2826 fuisset,
815 2798 842 2820 et
867 2793 902 2820 ab

113 2837 231 2865 Ecclesia
240 2836 459 2872 proscribendus.
484 2837 552 2871 Quis
575 2843 618 2866 est
635 2839 708 2866 enim
724 2839 770 2874 qui
787 2846 841 2866 non
860 2838 901 2866 in-

112 2887 205 2910 currat
221 2882 366 2917 aliquando
387 2884 414 2910 in
440 2884 672 2920 maledicentiam,
688 2885 897 2920 detractionem,
922 2907 924 2909 .

108 2929 324 2963 contentionem,
343 2929 504 2958 avaritiam?

958 904 1063 931 musica
1075 907 1230 940 spectacula
1240 901 1416 935 condemnat.
1426 909 1628 945 ’Λποκηρύσσει
1638 912 1749 947 Οέατρα,

957 949 1005 975 καὶ
1021 949 1158 982 ἱππικοὺς,
1177 952 1224 978 καὶ
1235 954 1362 988 κυνήγια,
1380 955 1525 989 μουσικούς
1542 965 1571 982 τε
1600 958 1646 983 καὶ
1661 959 1751 985 πᾶσαν

958 995 1120 1030 κακολογίαν
1141 997 1188 1024 καὶ
1215 999 1389 1032 καταλαλιὰν,
1411 1001 1457 1026 καὶ
1479 1003 1568 1028 πᾶσαν
1600 1003 1689 1038 μάχην
1704 1005 1751 1030 καὶ

958 1039 1142 1076 βλασφημίαν.
1160 1043 1284 1077 Damnat,
1302 1045 1400 1080 inquit,
1413 1045 1528 1078 theatra,
1539 1053 1669 1082 equestres
1686 1058 1749 1084 agar

957 1093 1013 1118 nes,
1032 1088 1191 1120 venationes,
1211 1090 1313 1116 musica
1330 1092 1489 1125 spectacula,
1510 1097 1534 1119 et
1546 1101 1647 1120 onmem
1665 1095 1749 1125 male-

956 1131 1098 1159 dicentiam
1109 1138 1134 1160 et
1146 1134 1371 1169 obtrectationem,
1396 1145 1548 1173 omnemque
1558 1142 1749 1168 contentionem

956 1183 980 1205 et
997 1179 1174 1207 maledictum.
1196 1181 1237 1208 An
1259 1183 1305 1217 qui
1325 1183 1503 1212 theatralibus
1523 1187 1686 1220 spectaculis
1702 1192 1749 1214 aut

956 1225 1145 1258 circensibus,
1171 1230 1218 1253 aut
1241 1228 1432 1257 venationibus
1457 1230 1637 1265 interfuerat,
1656 1234 1748 1260 statim

955 1272 1238 1301 cxcommunicatione
1253 1274 1436 1309 plectebatur?
1454 1276 1509 1303 Iloc
1524 1277 1547 1304 si
1563 1278 1591 1304 in
1607 1286 1658 1305 usu
1681 1278 1749 1307 fuis-

956 1323 1008 1350 set,
1037 1323 1093 1344 tmn
1119 1319 1242 1353 proiecto
1260 1320 1435 1349 Christianus
1459 1329 1540 1350 nemo
1561 1324 1703 1360 plerisque
1720 1326 1746 1353 in

955 1364 1114 1392 civitatibus
1131 1366 1157 1392 in
1181 1366 1326 1393 ecclesiam
1347 1372 1373 1394 et
1392 1368 1426 1394 ad
1457 1377 1537 1396 usum
1561 1377 1744 1399 sacramento-

955 1416 1016 1436 rum
1033 1409 1131 1437 fuisset
1145 1411 1294 1444 admissns,
1308 1417 1354 1439 aut
1370 1414 1449 1448 pauci
1463 1415 1618 1443 admodum.
1639 1416 1747 1444 Crebra:

955 1459 1020 1482 sunt
1041 1456 1112 1491 apud
1137 1456 1270 1485 Joannem
1288 1458 1516 1494 Cbrysostomum
1537 1462 1666 1496 querelae,
1685 1459 1764 1490 cum'

956 1501 1106 1530 Antiochiae
1129 1503 1217 1530 adhuc
1248 1505 1392 1541 presbyter
1432 1507 1560 1541 populum
1585 1507 1694 1536 doceret
1715 1509 1748 1536 de

957 1547 1092 1582 paucitate
1111 1549 1322 1577 commeantium
1350 1551 1383 1578 ad
1414 1552 1570 1586 ecclesiam,
1597 1561 1629 1580 ac
1654 1561 1748 1582 sacras

957 1600 1074 1628 synaxes
1098 1594 1277 1629 obeuntium;
1307 1596 1404 1631 quibus
1433 1599 1551 1626 maxime
1577 1599 1672 1628 diebus
1693 1601 1747 1628 ludi

957 1646 989 1665 ac
1015 1640 1172 1674 spectacula
1197 1641 1400 1676 prmbebantur.
1424 1643 1511 1676 Quam
1529 1652 1599 1680 saepe
1617 1647 1747 1682 populum

957 1684 984 1711 in
999 1692 1047 1713 cas
1069 1692 1113 1713 res
1133 1685 1350 1722 intemperanter
1371 1689 1487 1716 ellttsum
1504 1699 1566 1718 cum
1582 1693 1616 1719 ab
1632 1693 1685 1720 illis
1702 1694 1747 1721 de—

956 1733 1059 1757 terrere
1077 1731 1180 1763 studet,
1206 1732 1263 1758 tum
1285 1732 1317 1759 ad
1336 1734 1480 1762 ecclesiam
1497 1741 1523 1763 et
1541 1736 1661 1765 lidelium
1682 1747 1747 1767 con-

955 1781 1054 1803 ventus
1071 1776 1250 1804 celebrandas
1268 1778 1398 1806 allicere?
1424 1780 1491 1807 Cum
1509 1781 1590 1808 etiam
1607 1784 1748 1812 auditores

955 1821 1081 1849 hortatur
1094 1830 1159 1850 suos
1171 1843 1178 1856 ,
1208 1827 1238 1850 ut
1255 1832 1335 1858 quam
1355 1828 1483 1859 poterunt
1499 1827 1631 1861 plurimos
1645 1830 1679 1856 ab
1695 1831 1747 1858 illis

955 1869 1120 1902 spectat-Illis
1147 1877 1241 1896 secum
1268 1870 1302 1897 ad
1329 1872 1474 1898 ecclesiam
1507 1873 1654 1901 adducant.
1687 1877 1747 1904 Non

956 1913 1037 1948 igitur
1056 1914 1092 1940 ob
1107 1915 1157 1941 ista
1178 1916 1371 1943 communione
1394 1916 1522 1946 Ecclesiae
1546 1920 1666 1954 privatos
1682 1923 1747 1950 1ὶι1ε‹

955 1958 995 1986 les
1014 1959 1160 1986 verisimile
1184 1963 1241 1993 est,
1270 1962 1421 1995 praesertim
1436 1970 1498 1990 cum
1517 1964 1551 1989 ab
1576 1965 1747 2000 imperatori-

955 2004 1006 2031 bus
1020 2004 1185 2033 Christianis
1200 2009 1227 2032 et
1250 2006 1457 2041 magistratibus
1480 2010 1616 2038 solemnes
1645 2012 1681 2038 illi
1700 2020 1748 2047 ap-

955 2054 1067 2084 paratus
1079 2058 1109 2078 ac
1123 2051 1178 2078 lttdi
1193 2052 1267 2079 velut
1279 2061 1311 2080 ex
1323 2053 1411 2080 ollicio
1427 2059 1622 2089 pratslarrntur
1635 2060 1744 2092 populo.

954 2097 994 2123 Ad
1011 2097 1068 2124 lucc
1080 2102 1190 2133 propter
1201 2098 1269 2126 levia
1282 2102 1308 2125 et
1320 2099 1436 2126 venialia
1453 2106 1562 2135 peccata
1578 2110 1658 2129 nemo
1672 2112 1747 2130 cont~

955 2143 1086 2171 munione
1106 2145 1236 2172 multatus
1254 2151 1304 2172 est.
1333 2144 1452 2173 Possunt
1466 2151 1556 2173 autem
1579 2156 1611 2175 ex
1640 2150 1672 2176 iis
1686 2158 1747 2184 qum

958 2188 1127 2224 Epiphanius
1149 2191 1287 2217 recensuit
1320 2192 1449 2218 nonnulla
1477 2201 1537 2220 esse
1567 2194 1646 2227 levia,
1674 2196 1746 2222 velut

957 2235 1130 2262 maledictum
1160 2237 1271 2271 aliquod
1300 2242 1402 2265 temere
1431 2246 1462 2266 ac
1492 2240 1571 2267 facile
1599 2241 1744 2275 prolatum.

954 2280 1021 2308 Nam
1034 2282 1213 2317 Augustinus,
1228 2285 1393 2311 sermone“
1412 2283 1450 2311 De
1466 2286 1575 2318 sanctis,
1593 2286 1636 2312 ubi
1653 2288 1744 2322 gravia

954 2332 1065 2362 peccata
1083 2328 1229 2363 distinguit
1246 2336 1260 2355 a
1285 2330 1400 2361 levibus,
1420 2330 1491 2358 inter
1515 2331 1583 2358 levia
1609 2339 1745 2365 numeral,

953 2374 1057 2409 quando
1077 2383 1135 2400 cum
1159 2375 1231 2401 omni
1246 2375 1376 2409 facilitate
1401 2386 1432 2403 ac
1452 2378 1597 2404 temeritate
1611 2380 1743 2406 ntalctli-ti-

954 2429 1023 2448 mus.
1047 2420 1187 2456 Ejusmodi
1203 2426 1230 2447 et
1247 2422 1299 2448 alia
1317 2426 1524 2450 commemorari
1545 2431 1668 2459 possunt,
1686 2435 1746 2460 que,

955 2465 1142 2493 Terlttllianus
1166 2466 1263 2492 delicta
1288 2473 1366 2494 vocat
1389 2469 1551 2502 quotidiath
1570 2470 1745 2496 incursionis:

954 2520 1015 2546 qua:
1030 2516 1120 2539 tamen
1137 2512 1207 2538 inter
1221 2519 1254 2538 ea
1269 2516 1445 2540 continentur
1468 2523 1527 2548 qua:
1545 2516 1579 2542 ab
1595 2516 1746 2551 Epiphanio

954 2558 1094 2585 nominata
1115 2563 1188 2586 sunt.
1216 2557 1275 2586 Non
1290 2560 1362 2586 enim
1390 2561 1448 2586 sola
1475 2562 1518 2587 illa
1540 2570 1600 2596 qtae
1617 2563 1706 2590 letalia
1721 2570 1746 2590 et

955 2605 1059 2632 atrocia
1071 2610 1135 2631 sunt
1153 2606 1178 2631 in
1190 2605 1285 2633 eodem
1298 2614 1407 2640 genere,
1425 2607 1471 2633 sed
1483 2609 1566 2634 etiam
1586 2609 1652 2635 levia
1669 2617 1745 2637 com-

955 2651 1099 2686 prehendit
1120 2652 1175 2684 ille,
1197 2653 1317 2687 quando,
1335 2654 1451 2687 exempli
1474 2661 1568 2685 causa,
1586 2655 1676 2681 πᾶσαν
1696 2664 1746 2681 κα-

953 2698 1079 2729 κολογίαν
1092 2702 1118 2725 et
1128 2698 1304 2731 καταλαλιὰν,
1320 2700 1410 2725 πᾶσαν
1424 2700 1512 2736 μάχην
1528 2701 1573 2727 καὶ
1589 2701 1744 2733 πλεονεξίαν

953 2744 1190 2780 ἀποκηρύττεσθαι
1201 2745 1270 2771 dixit
1283 2745 1316 2771 ab
1329 2742 1459 2773 Ecclesia.
1471 2744 1546 2774 Unde
1554 2746 1576 2773 si
1586 2746 1744 2781 dqupﬁt—

953 2790 1047 2818 τεσθαι
1065 2791 1100 2818 sit
1119 2791 1354 2822 excommunicari,
1374 2795 1402 2817 ut
1419 2793 1558 2826 trapezitm
1572 2793 1669 2827 placet.
1689 2801 1742 2819 non

954 2843 1043 2865 autem
1059 2838 1203 2872 improbari
1218 2843 1243 2865 et
1264 2838 1413 2873 abjudr’cari
1430 2843 1546 2871 nuntium,
1576 2843 1604 2865 ut.
1626 2847 1669 2864 res
1685 2839 1742 2873 ipsa

954 2885 1044 2914 docet.
1057 2892 1168 2911 necesse
1183 2889 1234 2916 est,
1248 2885 1283 2911 ob
1297 2885 1364 2911 Invia
1377 2894 1490 2920 qua-que
1502 2886 1617 2912 crimina
1630 2893 1741 2912 exmm-

955 2932 1106 2959 municatos
1123 2930 1215 2963 fuisse,
1241 2931 1265 2957 id
1283 2935 1323 2958 cst
1356 2932 1389 2957 ab
1406 2930 1533 2957 [Coele-sim
1551 2931 1743 2958 contio-mione
