1937 3039
79 194 132 223 675
830 195 980 224 ΝΟΤΙΤΙΑ-
1664 200 1721 229 674

110 254 288 284 Coloniensis
306 253 345 290 (α)
367 254 446 287 1566,
460 254 532 289 apud
550 255 707 293 Maternum
719 253 877 288 Chalinum,
891 262 926 282 ex
938 255 1071 284 auctiore.
1095 254 1175 287 Joan.
1198 255 1309 283 Bordati
1326 255 1456 289 editione,
1471 261 1498 285 et
1515 257 1594 290 1588,
1608 266 1640 286 ex
1656 259 1718 286 edi-

79 302 153 330 tione
169 300 280 328 Martini
299 300 423 328 Juvenis.

113 349 310 381 Goslaricnsis,
338 348 488 383 majOribus
519 348 591 384 typis
617 356 680 376 cum
704 349 818 386 copioso
840 349 933 378 indice
947 349 1043 379 ϐιωςο
1058 350 1216 384 verborum,
1237 350 1426 386 Sylburgianm
1448 351 1570 387 vestigiis
1586 352 1718 383 insistens

82 394 162 427 l616.
182 395 268 424 forma
279 400 374 423 octava
389 394 502 431 majore.

764 453 901 482 Editiones
918 453 1036 482 Latium.

113 508 309 543 Christopbori
325 507 546 544 Ilegettdorphiui
563 510 688 544 prosaria
712 510 903 546 interpretatio
927 511 1086 546 (admodum
1113 510 1222 546 infelix)
1245 519 1306 539 cum
1330 511 1444 539 homilia
1471 510 1658 547 Chrysostomi
1686 512 1720 540 de

80 554 286 589 magistratibus
300 557 327 582 et
339 554 534 589 potestatibus,
551 554 687 591 llagenom
704 562 737 583 ex
768 556 885 583 oﬂicina.
901 556 980 584 Joan.
995 557 1098 585 Seeerii
1119 557 1199 590 1528,
1213 557 1240 590 8,
1257 561 1284 586 et
1296 557 1385 585 Paris.
1402 557 1482 590 1542,
1498 557 1570 594 apud
1587 556 1720 585 Jacobum

79 597 244 636 Bogardum.
259 601 330 637 (Hal.
344 601 425 629 Suev.
444 602 521 636 1540,
536 602 564 635 4,
578 602 606 630 in
620 601 678 630 Cat.
696 602 760 630 bibl.
778 603 883 639 Tigur.,
897 609 964 632 tom.
979 605 1012 638 Il,
1031 613 1093 641 pag.
1117 604 1190 639 186.)

112 649 233 677 Erbardi
249 649 423 682 lledeneccii,
439 649 552 685 medici,
566 651 755 686 interpretatio
771 652 864 679 itidem
875 653 1010 687 prosaria,
1023 653 1050 680 iu
1071 653 1240 681 Bibliotheca
1249 652 1361 680 Patrum
1374 657 1450 680 tomo
1468 652 1513 686 Vl,
1528 657 1600 690 part.
1614 661 1634 685 ι,
1651 653 1719 680 edit.

78 694 177 722 Colon.
192 698 220 723 et
236 695 305 723 edit.
321 695 482 724 novissima:
495 695 584 731 Lugd.
601 700 668 725 tom.
687 696 734 731 IX,
748 704 782 725 ex
797 697 1027 734 interpretatione
1041 697 1157 726 Joannis
1176 698 1303 726 Bordatis
1323 704 1350 726 et
1365 697 1527 726 Hedeueccii
1542 706 1557 725 a
1572 697 1722 726 Fraucisco

78 743 184 772 Nansio
201 743 328 779 plurimis
341 743 368 770 in
384 744 452 772 locis
468 744 625 772 emendata.

115 790 202 819 Ulrici
214 789 361 826 Bollingeri
376 789 554 824 Metaplirasis
572 791 694 824 metrica,
707 799 741 820 ex
759 792 921 820 recensione
935 792 1012 821 Pauli
1024 793 1139 826 Melissi,
1161 793 1282 822 Schedii.
1300 793 1387 829 Spirae
1402 792 1482 827 1596,
1499 792 1527 821 8.

791 861 1013 890 Crteco—Lntinw.

116 915 142 942 1.
164 915 233 943 Cum
260 914 385 950 prosaria
414 915 540 944 versione
565 915 661 945 Jacobi
672 917 794 952 Bordati,
815 919 956 955 Biturigis,
970 919 1018 955 qui
1032 928 1067 948 ex
1087 928 1140 948 ms.
1167 920 1263 948 codice
1280 919 1375 948 Jacobi
1389 921 1544 948 Salomonis
1558 920 1720 955 Interaquaﬁ

79 964 196 989 testatur
213 969 243 989 se
258 963 413 997 complures
427 971 523 991 versus
539 968 619 991 antea
626 964 744 992 omissos
753 972 898 993 revocasse
915 966 963 1002 (ὸ).
980 965 1068 999 Paris,
1080 966 1160 999 1561,
1172 966 1199 994 4.
1212 974 1245 994 ex
1260 966 1367 994 ofﬁcina
1384 966 1474 994 Caroli
1491 966 1604 998 Perieri,
1619 965 1721 993 additis

78 1009 113 1036 ..d
129 1009 233 1036 calcem
251 1009 378 1044 pauculis
392 1009 477 1037 variis
501 1010 564 1038 lect.
580 1010 719 1046 Praecipue
742 1012 823 1046 capiti
839 1011 873 1039 16
889 1012 994 1040 addidit
1006 1021 1103 1041 versus
1116 1013 1161 1047 58,
1178 1021 1249 1049 quos
1259 1018 1351 1040 tamen
1367 1013 1442 1041 Frid.
1455 1013 1620 1049 Sylburgius
1639 1013 1721 1048 negat

79 1063 109 1083 se
122 1056 151 1083 in
166 1055 292 1083 Palatino
307 1064 358 1084 ms.
372 1056 519 1092 reperisse,
538 1065 626 1092 neque
647 1058 699 1085 sibi
714 1058 800 1086 videri
814 1058 905 1086 Nouni
925 1059 1029 1088 referre
1051 1060 1171 1095 stylum:
1203 1060 1286 1087 etiam
1306 1059 1428 1088 Nansius
1449 1059 1563 1087 incuris
1588 1058 1719 1087 secundis

79 1104 166 1130 multa
184 1103 211 1130 in
232 1102 286 1130 illis
303 1107 434 1138 suspecta
448 1103 500 1131 sibi
516 1108 543 1131 et
560 1103 652 1131 Nouui
668 1105 747 1139 genio
764 1112 818 1132 non
833 1105 901 1133 satis
918 1106 1066 1134 convenire
1077 1109 1197 1133 testatus
1209 1109 1261 1134 est.

110 1150 139 1177 2.
160 1150 228 1178 Cum
243 1150 370 1178 versione
391 1150 484 1178 itidem
502 1151 625 1186 prosaria
643 1152 756 1179 Erhardi
772 1152 945 1187 lledeueccii,
964 1153 1047 1182 Basil.
1066 1153 1132 1181 1571
1147 1157 1174 1181 et
1192 1153 1272 1186 1577,
1287 1153 1359 1189 apud
1374 1153 1485 1182 Petrum
1504 1152 1619 1180 Pernam
1639 1155 1721 1187 atque

79 1198 159 1226 1588.
183 1197 236 1226 Sed
252 1203 279 1226 et
298 1197 387 1227 Paris.
405 1199 484 1233 1578,
505 1199 537 1233 8,
554 1200 625 1235 apud
649 1199 683 1227 ll.
711 1199 892 1235 Stephanum,
910 1202 958 1237 qui
981 1202 1136 1229 versionem
1155 1202 1259 1237 aliquot
1281 1202 1349 1230 locis
1367 1201 1534 1229 emendavit.
1556 1200 1626 1228 Tum
1648 1199 1721 1234 apud

77 1246 241 1274 Couimelin.
259 1247 339 1279 1596.
358 1247 385 1280 8,
403 1248 504 1276 additis
520 1247 652 1276 Friderici
670 1247 809 1284 Sylburgii
825 1248 889 1284 (qui
907 1257 958 1277 ms.
973 1249 1094 1277 codicem
1114 1249 1269 1276 Palatinum
1285 1248 1430 1283 contulit).
1446 1249 1520 1276 notis
1532 1253 1559 1276 et
1569 1247 1665 1275 Graeco
1678 1247 1723 1274 in-

77 1293 147 1320 dice.
165 1291 229 1320 Hice
250 1292 387 1329 Sylburgii
408 1294 493 1322 editio
510 1302 607 1322 recusa
624 1294 857 1331 Lips.»[primum
876 1294 986 1330 Lipsiw,
1008 1295 1088 1328 1615,
1105 1295 1131 1328 8,
1147 1303 1229 1330 quam
1248 1295 1315 1323 edit.
1339 1296 1425 1322 habeo
1443 1299 1472 1322 et
1491 1295 1673 1329 Baumgartcn
1693 1293 1721 1322 in

78 1339 260 1367 Nat/aridum
283 1349 333 1367 von
353 1340 456 1368 merkw.
477 1340 572 1374 Bdcli.,
592 1345 658 1368 tom.
676 1341 733 1375 VII,
754 1349 816 1377 pag.
835 1341 886 1368 118
906 1349 962 1377 sq..
974 1342 1093 1370 breviter
1106 1343 1256 1375 recensuit,
1272 1341 1338 1369 ibid.
1354 1341 1435 1373 1618,
1451 1341 1478 1373 8,
1491 1341 1518 1368 in
1531 1339 1652 1368 Meuken.
1667 1344 1722 1368 cat.

78 1387 96 1420 Ι,
111 1395 173 1422 pag.
188 1387 223 1414 53
244 1386 278 1413 ΙΙ.
293 1386 450 1423 ]—Lipsia:
466 1388 545 1421 1629,
565 1389 594 1421 8,
615 1389 741 1417 Fabr.—
754 1389 883 1426 Sylburg.
899 1397 934 1417 ne
952 1398 986 1417 ex
1007 1389 1103 1418 Nansii
1128 1390 1269 1417 laboribus
1288 1389 1392 1424 aliquid
1414 1390 1587 1424 decerperet,
1612 1392 1724 1416 secutus

77 1433 226 1461 editionem
242 1437 271 1460 ut
286 1442 301 1461 ιι
319 1433 406 1462 Perna
432 1439 460 1462 et
472 1434 612 1470 Stephano
631 1443 760 1471 expressa
777 1440 830 1470 est,
849 1443 927 1464 suam
942 1436 979 1463 ita
999 1435 1142 1472 inscripsit
1161 1445 1169 1463 ;
1186 1435 1446 1463 Νόννου-Νοηηὶ
1462 1434 1648 1470 Panopolitani
1666 1442 1721 1461 me-

77 1479 215 1514 taphrasi:
233 1479 371 1515 Evangelii
387 1480 531 1508 secundum
550 1480 683 1510 Joannem
701 1483 825 1511 versibus
838 1482 958 1510 heroicis
971 1490 1033 1510 cum
1053 1490 1105 1510 ms.
1126 1482 1187 1510 eod.
1205 1482 1264 1510 Pal.
1280 1482 1394 1515 collata;
1418 1481 1548 1510 brevibus
1568 1481 1642 1509 notis
1659 1481 1723 1508 illu-

79 1529 186 1559 strata;
207 1526 353 1554 verborum
371 1527 462 1554 indice
485 1532 586 1560 aucta;
607 1528 711 1556 rectius
735 1528 840 1564 aliquot
862 1528 890 1556 in
913 1528 983 1556 locis
1000 1536 1090 1556 versa.
1112 1528 1201 1564 Opera
1222 1527 1296 1555 Frid.
1313 1528 1461 1563 Sbiurgii,
1483 1527 1575 1555 Vewr.
1594 1527 1623 1555 In
1641 1531 1722 1555 notas

78 1573 202 1608 conjecit
217 1577 244 1601 et
262 1572 295 1600 V.
320 1573 352 1600 L.
370 1573 476 1601 cod.cis
491 1578 518 1601 et
538 1582 603 1602 suas
617 1574 802 1610 conjecturas,
818 1575 881 1602 item
893 1575 954 1602 illos
970 1574 1005 1602 58
1020 1582 1127 1606 versus,
1145 1583 1215 1610 quos
1232 1574 1368 1603 ltonlutus
1382 1583 1411 1602 ιιι
1431 1581 1493 1610 cap.
1505 1582 1532 1602 vt
1554 1574 1720 1606 inseruerat,

77 1621 125 1648 sed
146 1628 236 1656 neque
251 1620 313 1649 cod.
333 1621 420 1648 Palat.
442 1621 534 1654 habet.
556 1629 647 1656 neque
666 1622 757 1649 Nonui
775 1622 875 1658 stylum
899 1622 1002 1650 referre
1024 1623 1063 1650 ait
1082 1622 1253 1658 Sylburg.-—-
1265 1622 1397 1657 Stephan.
1416 1623 1483 1650 edit.
1502 1630 1518 1650 a
1538 1622 1674 1650 Maittario
1688 1622 1723 1650 Α.

77 1670 97 1693 ι.
113 1665 158 1699 Ill,
182 1675 244 1703 pag.
271 1667 322 1694 773
344 1667 467 1703 pleniore
489 1668 569 1695 titulo
591 1668 706 1697 refertur
734 1677 741 1696 :
765 1667 901 1695 Homerici
926 1668 1054 1696 Centone:
1073 1672 1100 1696 et
1124 1668 1220 1695 Proba:
1244 1667 1382 1695 Fulcom'a
1404 1667 1533 1696 Centone:
1564 1667 1723 1703 Virgiliani,

77 1714 188 1750 utrique
205 1716 233 1744 in
247 1715 371 1750 quazdam
395 1715 516 1743 historia:
541 1723 627 1742 sacrm
648 1715 739 1751 capita
756 1715 865 1750 scripti;
885 1714 975 1742 Nomii
996 1715 1168 1750 paraphrasi:
1190 1715 1327 1750 Evangelii
1340 1715 1454 1742 Joannis
1475 1715 1566 1743 (ἳνα-ιε
1575 1720 1600 1742 et
1613 1715 1724 1748 Latine;

77 1762 177 1789 cxcud.
194 1760 279 1789 Henr.
296 1761 463 1796 Stephanus.
481 1761 560 1792 1578.
582 1760 624 1788 l2.
643 1761 672 1788 lu
688 1762 803 1797 epistola
814 1762 1025 1797 uuucupatoria,
1040 1762 1119 1797 cujus
1136 1767 1239 1798 partem
1253 1762 1324 1790 idem
1343 1762 1479 1789 Maitlaire
1490 1762 1589 1790 excudi
1606 1762 1681 1795 fecit,
1695 1762 1723 1789 in

79 1812 143 1835 nota
157 1808 186 1838 ά.
205 1809 244 1835 ait
259 1807 427 1844 Stephanus,
453 1816 483 1837 se
501 1807 592 1836 Nonni
617 1809 736 1844 poemati
761 1809 924 1844 apposuisse
944 1808 1071 1836 Erhardii
1093 1808 1251 1837 Edeneccii
1267 1808 1618 1845 (sic)iuterpretationem,
1641 1807 1724 1843 paulo

79 1855 199 1883 fortasse
213 1857 352 1884 meliorem
366 1856 471 1892 aliquot
486 1856 514 1884 iu
534 1855 604 1884 locis
621 1856 731 1884 factam.
751 1855 838 1883 11Αιιι..

114 1915 141 1943 5.
163 1914 232 1943 Cum
258 1915 385 1943 versione
400 1915 510 1944 Bordati
523 1919 551 1944 et
564 1915 739 1948 lledeneccii,
753 1914 800 1943 sed
822 1922 837 1942 a
858 1913 1006 1943 Francisco
1020 1914 1123 1943 Nausio
1148 1914 1302 1947 emendata,
1325 1918 1352 1943 et
1381 1921 1511 1950 perquam
1527 1912 1586 1940 utili
1597 1911 1724 1940 instituto

79 1962 182 1990 additis
199 1970 214 1990 c
230 1963 341 1997 regione
360 1961 463 1991 Graecis
493 1962 604 1992 Joannis
626 1963 802 1999 evangelista:
833 1963 943 1997 verbis,
967 1963 1220 1998 versiculorumque
1242 1963 1374 1994 numeris,
1402 1961 1488 1995 Lugd.
1513 1960 1572 1987 Bal.
1594 1959 1678 1991 1589.
1694 1959 1722 1989 8.

79 2009 150 2044 apud
170 2008 348 2037 Franciscum
368 2009 594 2045 Raphelengium.
611 2009 661 2037 Hic
673 2008 793 2037 Nansius
816 2013 913 2045 praeter
934 2017 1030 2037 versus
1053 2009 1087 2036 68
1101 2017 1115 2035 a
1130 2008 1246 2035 Boi-dato
1267 2006 1386 2041 additOs,
1403 2007 1462 2043 ipse
1484 2014 1517 2033 ex
1541 2006 1650 2041 ingenio
1671 2012 1722 2032 suo

80 2055 242 2082 inter-seruit
262 2062 361 2084 versus
376 2055 429 2083 369
452 2056 532 2084 uncis
550 2056 675 2084 inclusos
689 2055 731 2083 vel
747 2056 845 2083 minori
865 2056 1024 2084 charactere
1038 2062 1194 2091 expressos.
1214 2053 1299 2082 Notas
1322 2055 1404 2081 etiam
1426 2053 1550 2080 eruditas
1564 2057 1590 2079 et
1605 2052 1723 2086 castiga-

80 2100 169 2128 tiones
182 2101 297 2133 addidit.
314 2106 395 2138 atque
413 2102 440 2129 in
453 2103 497 2130 his
517 2102 650 2130 Iladriani
673 2102 747 2130 Junii
763 2103 894 2138 pauculas
907 2102 1101 2134 correctiones,
1114 2109 1183 2137 quas
1203 2100 1316 2128 editioni
1333 2099 1502 2135 llagenoeusi
1521 2106 1545 2125 a.
1562 2098 1628 2126 1627
1640 2105 1721 2124 manu

80 2154 129 2174 sua
149 2148 196 2175 ille
209 2149 385 2183 aseripserat.
407 2149 494 2177 Curas
511 2149 648 2177 secundas
668 2149 696 2176 in
717 2148 842 2176 Nomium
859 2149 979 2177 Nansius
1001 2149 1088 2176 edidit
1108 2147 1288 2183 sexagenario
1309 2147 1398 2181 major
1417 2146 1538 2178 a.1595,
1556 2146 1583 2174 8.
1611 2145 1639 2172 lu
1654 2145 1720 2174 bibl.

79 2191 164 2220 Pctrii
178 2192 287 2220 Francii
307 2193 338 2220 V.
354 2194 386 2222 (Σ.
400 2193 450 2222 fuit
468 2194 562 2222 Nansii
575 2195 659 2222 editio
669 2202 730 2222 cum
746 2203 813 2223 mss.
828 2195 950 2232 Sopiugii
967 2195 1214 2223 emendationibus.
1233 2193 1314 2221 Fabr.
1331 2192 1449 2220 Nansius
1466 2193 1492 2220 in
1504 2191 1580 2228 przel‘.
1593 2191 1626 2219 dc
1639 2191 1718 2219 editt-

81 2239 310 2268 anteccdentibus
323 2240 466 2275 iudicavit,
481 2245 507 2268 ct
518 2242 591 2269 notis
607 2241 665 2270 suis
679 2242 846 2277 peculiarem
865 2242 980 2278 pra-ﬁxit
994 2241 1211 2277 inscriptionem.
1233 2240 1258 2268 ls
1271 2248 1427 2276 quanquam
1444 2240 1470 2267 iu
1483 2239 1562 2266 titulo
1577 2238 1721 2277 gloriatur.

78 2287 261 2322 paraphrasin
279 2289 394 2315 antehac
410 2287 489 2315 valde
508 2293 536 2315 et
559 2291 717 2324 corruptam
731 2292 759 2316 et
776 2289 910 2322 mutilam,
933 2296 1007 2316 nunc
1026 2288 1143 2324 primum
1163 2286 1414 2315 emendatissimam
1432 2289 1458 2313 et
1478 2285 1623 2320 perfectam
1640 2289 1722 2319 atque

78 2334 215 2370 integram
229 2342 400 2370 comparere,
411 2339 439 2362 et
452 2335 478 2362 in
491 2335 564 2362 notis
576 2334 659 2362 multa
677 2343 732 2363 non
744 2336 864 2371 vulgaria
877 2336 988 2363 tractari
1004 2343 1036 2363 ac
1049 2336 1141 2362 varios
1156 2340 1298 2363 auctorum
1314 2335 1389 2362 locos
1401 2333 1500 2368 corrigi
1514 2336 1561 2359 aut
1577 2331 1721 2361 illustrari.

78 2385 131 2408 et:
143 2380 326 2415 quorumdam
343 2380 562 2416 παραδιορθώσει
577 2381 723 2414 vindicari,
739 2387 820 2416 atque
832 2381 915 2410 editio
928 2381 987 2417 ipsa
1002 2381 1074 2409 haud
1091 2382 1165 2417 parvi
1181 2385 1224 2409 est
1238 2381 1396 2409 :estimauda
1410 2391 1416 2408 :
1430 2384 1519 2407 tamen
1533 2383 1560 2406 et
1572 2377 1618 2405 alii
1631 2377 1722 2405 critici

80 2427 166 2454 multa
180 2426 208 2453 in
222 2426 274 2455 ista
286 2426 489 2459 desiderarunt,
504 2431 530 2454 et
542 2427 600 2462 ipse
610 2426 730 2455 Nansius
739 2432 795 2455 tum
811 2427 839 2455 in
863 2424 934 2455 ruris
941 2427 1074 2459 secundis,
1087 2427 1114 2454 in
1129 2427 1239 2462 quibus,
1249 2426 1430 2462 ait,quaadam
1445 2433 1459 2453 a
1472 2425 1580 2453 nemine
1588 2424 1723 2451 hactenus

79 2475 228 2502 observata
253 2477 383 2501 notantur
401 2474 429 2501 in
447 2475 516 2502 alios
531 2475 612 2502 eliam
629 2479 774 2508 auctores,
793 2474 897 2501 addidit
913 2474 997 2502 multa
1012 2474 1022 2509 (
1032 2482 1058 2501 v.
1074 2473 1229 2509 Banmgart.
1254 2473 1411 2501 Nachricht.
1429 2473 1447 2500 1.
1462 2480 1498 2503 c..
1511 2480 1539 2507 p.
1556 2471 1617 2505 115,
1635 2472 1720 2506 sqq.),

79 2525 137 2547 tum
152 2519 181 2547 in
198 2519 308 2547 scriniis
324 2519 445 2555 reliquit.
462 2519 490 2548 lu
505 2521 633 2548 biblioth.
657 2521 730 2548 enim
746 2519 871 2548 Leidensi
884 2524 926 2548 est
945 2528 1000 2548 non
1020 2521 1110 2548 solum
1121 2520 1260 2555 exemplar
1279 2519 1345 2548 edit.
1363 2518 1432 2547 1589
1449 2526 1512 2546 cum
1526 2518 1723 2554 manuscriptis

116 2599 157 2634 (a)
183 2597 444 2639 Sylbttl’gius,uqtri
525 2599 642 2639 .pistola
671 2599 873 2639 niinciipatoria

928 2602 1018 2626 tamen
1037 2597 1145 2625 decimo
1168 2596 1250 2632 capiti
1270 2596 1381 2624 unicqu
1405 2603 1420 2623 a
1442 2595 1562 2632 Bordato
1583 2595 1721 2631 adjectum

80 2633 272 2670 magnus'iuit
293 2633 645 2670 ingenii’stylique’Nonu.
668 2634 830 2670 admirator,
847 2634 873 2661 in

928 2641 1037 2661 versuto
1057 2631 1225 2665 inseruisse;
1240 2633 1294 2659 vid.
1311 2637 1368 2659 uol.
1386 2639 1444 2666 seq.
1462 2631 1549 2659 Haut.

82 2669 363 2705 Praefatudiligenter
373 2669 524 2705 irece’usuit
547 2669 626 2697 editt.
654 2669 822 2705 superiores,
848 2673 876 2696 et

81 2704 188 2746 notavit
199 2704 492 2746 Mafilntltn_.C0llll_llll‘ll
525 2705 553 2732 iu
569 2704 665 2746 priore
679 2705 747 2746 edit.
763 2712 876 2746 expres-

81 2740 153 2767 sisse
173 2740 240 2767 edit.
256 2739 380 2771 Bordati,
399 2741 446 2767 sed
461 2739 555 2767 Gneca
569 2739 606 2768 ita
625 2740 793 2775 negligenter
818 2744 875 2766 tra-

82 2779 186 2811 ctasse,
209 2780 238 2802 ut
253 2775 444 2811 etiamerrata
467 2774 674 2811 typographica,
694 2774 755 2811 quae
771 2774 875 2802 Borda-

83 2813 128 2837 tus
145 2810 174 2836 in
197 2817 246 2837 sua
262 2810 328 2837 edit.
345 2810 490 2840 indicarat.
509 2810 847 2845 inemendataireliquerit
865 2819 872 2837 ε

84 2851 110 2872 a.
123 2850 216 2872 autem
230 2845 312 2876 1588,
325 2845 408 2872 missa
422 2845 531 2873 Bordati
545 2845 674 2877 cditioue,
689 2844 873 2872 Parisiensem

86 2887 110 2916 ξι.
126 2880 195 2907 1556
210 2885 348 2916 secutum.
364 2882 473 2908 omissis
488 2889 574 2916 usque
589 2881 621 2908 ad
638 2886 719 2914 caput
739 2881 770 2907 16
786 2879 876 2907 omui—

86 2914 137 2943 bus
161 2916 216 2944 illis
230 2915 368 2948 versibus,
386 2924 456 2950 quos
471 2914 605 2944 Bordatus
627 2915 780 2949 addiderat,
799 2918 876 2943 sexto

966 2669 1003 2704 (b)
1024 2667 1126 2704 Nempe
1143 2669 1178 2696 80
1193 2676 1287 2704 versus
1304 2677 1310 2695 :
1325 2667 1385 2699 sed,
1402 2668 1563 2695 notantibus
1576 2666 1680 2694 Nansio
1695 2671 1722 2695 et

931 2703 1128 2737 Sylbitrgio,'si
1154 2703 1312 2730 accuratius
1329 2710 1436 2730 summa
1460 2706 1722 2737 computeturtpro

928 2740 963 2766 80
987 2736 1093 2766 tantum
1114 2739 1147 2766 67
1165 2746 1262 2766 versus
1279 2746 1294 2765 a
1308 2737 1425 2765 Bordato
1441 2736 1540 2771 adjecti
1562 2741 1635 2764 sunt.
1652 2736 1720 2763 Nam

929 2778 1008 2802 sexto
1027 2774 1108 2809 capiti
1136 2781 1191 2801 uno
1215 2774 1366 2808 eodemque
1388 2773 1415 2800 iu
1438 2773 1498 2800 loco
1517 2771 1553 2799 58
1569 2779 1665 2809 versas
1685 2771 1723 2797 ab

929 2817 962 2837 eo
988 2806 1183 2843 sunt-additi;
1213 2806 1330 2845 septimo
1354 2816 1445 2845 unus._
1461 2808 1575 2834 ultimus
1595 2806 1720 2845 scilicet;

928 2845 1101 2875 duodecimo,
1123 2841 1216 2871 decem
1230 2841 1365 2877 fdecilno
1385 2843 1476 2872 tertio,
1499 2849 1587 2877 unus;
1611 2841 1719 2867 decimo

929 2884 1027 2915 quarto
1045 2887 1109 2912 sex;
1125 2876 1353 2915 ilccimolquiuto,
1367 2881 1500 2915 quatuor;
1518 2876 1624 2915 decimo
1639 2879 1717 2903 octa-

930 2909 975 2949 v'o,
995 2918 1068 2948 tres;
1087 2909 1199 2950 reliquis
1215 2909 1281 2941 nam
1302 2909 1383 2948 plane
1397 2911 1528 2939 additum.
1546 2909 1634 2938 mat.
