  <div class='ocr_page' id='page_1' title='image "/cluster/home/n/w/nwhite01/storage/ocr_20150623/43/njp.32101007506163/378.png"; bbox 0 0 1937 3039; ppageno 0'>
   <div class='ocr_carea' id='block_1_1' title="bbox 112 184 877 230">
    <p class='ocr_par' dir='ltr' id='par_1_1' title="bbox 112 184 877 218">
     <span class='ocr_line' id='line_1_1' title="bbox 112 184 877 218; baseline 0.007 -6"><span class='ocrx_word' id='word_1_1' title='bbox 112 184 167 213; x_wconf 80' lang='lat'><strong>677</strong></span> <span class='ocrx_word' id='word_1_2' title='bbox 257 201 262 205; x_wconf 92' lang='lat'><strong><em>-</em></strong></span> <span class='ocrx_word' id='word_1_3' title='bbox 528 216 530 218; x_wconf 32' lang='grc' dir='ltr'><strong><em>τ</em></strong></span> <span class='ocrx_word' id='word_1_4' title='bbox 847 189 877 217; x_wconf 74' lang='grc' dir='ltr'>Νι</span> 
     </span>
    </p>
   </div>
   <div class='ocr_carea' id='block_1_2' title="bbox 984 184 1749 230">
    <p class='ocr_par' dir='ltr' id='par_1_2' title="bbox 990 202 1749 230">
     <span class='ocr_line' id='line_1_2' title="bbox 990 202 1749 230; baseline 0.013 -11"><span class='ocrx_word' id='word_1_5' title='bbox 990 213 997 219; x_wconf 94' lang='grc'>.</span> <span class='ocrx_word' id='word_1_6' title='bbox 1696 202 1749 230; x_wconf 83' lang='grc'><strong>678</strong></span> 
     </span>
    </p>
   </div>
   <div class='ocr_carea' id='block_1_3' title="bbox 113 243 1748 292">
    <p class='ocr_par' dir='ltr' id='par_1_3' title="bbox 113 243 1748 292">
     <span class='ocr_line' id='line_1_3' title="bbox 113 243 1748 292; baseline 0.009 -22"><span class='ocrx_word' id='word_1_7' title='bbox 113 247 143 292; x_wconf 73' lang='grc' dir='ltr'><strong>ιιι</strong></span> <span class='ocrx_word' id='word_1_8' title='bbox 159 243 254 292; x_wconf 80' lang='lat' dir='ltr'><strong>Billius</strong></span> <span class='ocrx_word' id='word_1_9' title='bbox 275 245 371 280; x_wconf 74' lang='lat' dir='ltr'><strong>edidit,</strong></span> <span class='ocrx_word' id='word_1_10' title='bbox 387 246 443 275; x_wconf 82' lang='lat' dir='ltr'><strong>sive</strong></span> <span class='ocrx_word' id='word_1_11' title='bbox 457 245 545 274; x_wconf 82' lang='lat' dir='ltr'><strong>Nonni</strong></span> <span class='ocrx_word' id='word_1_12' title='bbox 563 246 681 281; x_wconf 83' lang='lat' dir='ltr'><strong>abbatis,</strong></span> <span class='ocrx_word' id='word_1_13' title='bbox 702 251 731 274; x_wconf 92' lang='lat' dir='ltr'><strong>ut</strong></span> <span class='ocrx_word' id='word_1_14' title='bbox 751 248 777 275; x_wconf 93' lang='lat' dir='ltr'><strong>in</strong></span> <span class='ocrx_word' id='word_1_15' title='bbox 793 248 922 285; x_wconf 76' lang='lat' dir='ltr'><strong>Cataiogo</strong></span> <span class='ocrx_word' id='word_1_16' title='bbox 938 257 1004 278; x_wconf 87' lang='lat' dir='ltr'><strong>mss.</strong></span> <span class='ocrx_word' id='word_1_17' title='bbox 1023 250 1087 278; x_wconf 88' lang='lat' dir='ltr'><strong>bibl.</strong></span> <span class='ocrx_word' id='word_1_18' title='bbox 1109 250 1307 280; x_wconf 78' lang='lat' dir='ltr'><strong>Escorialensis</strong></span> <span class='ocrx_word' id='word_1_19' title='bbox 1328 254 1436 282; x_wconf 74' lang='lat' dir='ltr'><strong>exhibet</strong></span> <span class='ocrx_word' id='word_1_20' title='bbox 1457 255 1482 282; x_wconf 87' lang='lat' dir='ltr'><strong>in</strong></span> <span class='ocrx_word' id='word_1_21' title='bbox 1499 256 1573 284; x_wconf 75' lang='lat' dir='ltr'><strong>calce</strong></span> <span class='ocrx_word' id='word_1_22' title='bbox 1601 257 1748 292; x_wconf 70' lang='lat' dir='ltr'><strong>Apparatus</strong></span> 
     </span>
    </p>
   </div>
   <div class='ocr_carea' id='block_1_4' title="bbox 113 291 1748 337">
    <p class='ocr_par' dir='ltr' id='par_1_4' title="bbox 113 291 1748 337">
     <span class='ocr_line' id='line_1_4' title="bbox 113 291 1748 337; baseline 0.008 -18"><span class='ocrx_word' id='word_1_23' title='bbox 113 291 195 319; x_wconf 76' lang='lat' dir='ltr'><strong>Sam‘</strong></span> <span class='ocrx_word' id='word_1_24' title='bbox 218 291 384 327; x_wconf 83' lang='lat' dir='ltr'><strong>Possenius,</strong></span> <span class='ocrx_word' id='word_1_25' title='bbox 403 294 438 322; x_wconf 88' lang='lat' dir='ltr'><strong>ob</strong></span> <span class='ocrx_word' id='word_1_26' title='bbox 458 295 604 322; x_wconf 86' lang='lat' dir='ltr'><strong>nonnullas</strong></span> <span class='ocrx_word' id='word_1_27' title='bbox 626 295 851 324; x_wconf 78' lang='lat' dir='ltr'><strong>liallucinationes</strong></span> <span class='ocrx_word' id='word_1_28' title='bbox 869 302 895 324; x_wconf 90' lang='lat' dir='ltr'><strong>et</strong></span> <span class='ocrx_word' id='word_1_29' title='bbox 913 297 940 324; x_wconf 92' lang='lat' dir='ltr'><strong>in</strong></span> <span class='ocrx_word' id='word_1_30' title='bbox 965 298 1056 330; x_wconf 85' lang='lat' dir='ltr'><strong>rebus,</strong></span> <span class='ocrx_word' id='word_1_31' title='bbox 1089 306 1158 333; x_wconf 85' lang='lat' dir='ltr'><strong>quas</strong></span> <span class='ocrx_word' id='word_1_32' title='bbox 1183 299 1279 326; x_wconf 76' lang='lat' dir='ltr'><strong>Nonno</strong></span> <span class='ocrx_word' id='word_1_33' title='bbox 1299 305 1384 334; x_wconf 64' lang='lat' dir='ltr'><strong>poetae</strong></span> <span class='ocrx_word' id='word_1_34' title='bbox 1408 304 1641 337; x_wconf 82' lang='lat' dir='ltr'><strong>perspectissimas</strong></span> <span class='ocrx_word' id='word_1_35' title='bbox 1658 304 1748 332; x_wconf 64' lang='lat' dir='ltr'><strong>luisse</strong></span> 
     </span>
    </p>
   </div>
   <div class='ocr_carea' id='block_1_5' title="bbox 111 337 1751 385">
    <p class='ocr_par' dir='ltr' id='par_1_5' title="bbox 111 337 1751 385">
     <span class='ocr_line' id='line_1_5' title="bbox 111 337 1751 385; baseline 0.008 -21"><span class='ocrx_word' id='word_1_36' title='bbox 111 337 203 371; x_wconf 79' lang='lat' dir='ltr'><strong>docet,</strong></span> <span class='ocrx_word' id='word_1_37' title='bbox 220 339 324 374; x_wconf 89' lang='lat' dir='ltr'><strong>lapsus,</strong></span> <span class='ocrx_word' id='word_1_38' title='bbox 340 340 386 368; x_wconf 93' lang='lat' dir='ltr'><strong>illo</strong></span> <span class='ocrx_word' id='word_1_39' title='bbox 401 347 462 369; x_wconf 77' lang='lat' dir='ltr'><strong>esse</strong></span> <span class='ocrx_word' id='word_1_40' title='bbox 480 341 636 376; x_wconf 78' lang='lat' dir='ltr'><strong>indignum;</strong></span> <span class='ocrx_word' id='word_1_41' title='bbox 654 341 789 376; x_wconf 74' lang='lat' dir='ltr'><strong>pnecipue</strong></span> <span class='ocrx_word' id='word_1_42' title='bbox 804 348 865 368; x_wconf 79' lang='lat' dir='ltr'><strong>cum</strong></span> <span class='ocrx_word' id='word_1_43' title='bbox 882 342 909 369; x_wconf 92' lang='lat' dir='ltr'><strong>in</strong></span> <span class='ocrx_word' id='word_1_44' title='bbox 926 343 1021 370; x_wconf 86' lang='lat' dir='ltr'><strong>codice</strong></span> <span class='ocrx_word' id='word_1_45' title='bbox 1035 342 1254 376; x_wconf 77' lang='lat' dir='ltr'><strong>Vindobonensi,</strong></span> <span class='ocrx_word' id='word_1_46' title='bbox 1277 349 1306 372; x_wconf 87' lang='lat' dir='ltr'><strong>ut</strong></span> <span class='ocrx_word' id='word_1_47' title='bbox 1320 353 1351 373; x_wconf 83' lang='lat' dir='ltr'><strong>ex</strong></span> <span class='ocrx_word' id='word_1_48' title='bbox 1367 346 1522 374; x_wconf 78' lang='lat' dir='ltr'><strong>Montacutu</strong></span> <span class='ocrx_word' id='word_1_49' title='bbox 1537 354 1600 376; x_wconf 81' lang='lat' dir='ltr'><strong>emt.</strong></span> <span class='ocrx_word' id='word_1_50' title='bbox 1617 357 1679 385; x_wconf 78' lang='lat' dir='ltr'><strong>pag.</strong></span> <span class='ocrx_word' id='word_1_51' title='bbox 1690 351 1751 383; x_wconf 70' lang='lat'><strong>1:47,</strong></span> 
     </span>
    </p>
   </div>
   <div class='ocr_carea' id='block_1_6' title="bbox 110 385 1747 429">
    <p class='ocr_par' dir='ltr' id='par_1_6' title="bbox 110 385 1747 429">
     <span class='ocr_line' id='line_1_6' title="bbox 110 385 1747 429; baseline 0.005 -16"><span class='ocrx_word' id='word_1_52' title='bbox 110 389 138 413; x_wconf 86' lang='lat' dir='ltr'><strong>et</strong></span> <span class='ocrx_word' id='word_1_53' title='bbox 155 385 301 415; x_wconf 82' lang='lat' dir='ltr'><strong>Lambeeio</strong></span> <span class='ocrx_word' id='word_1_54' title='bbox 316 392 382 415; x_wconf 89' lang='lat' dir='ltr'><strong>tom.</strong></span> <span class='ocrx_word' id='word_1_55' title='bbox 399 387 442 420; x_wconf 87' lang='lat' dir='ltr'><strong>Ill,</strong></span> <span class='ocrx_word' id='word_1_56' title='bbox 462 388 496 416; x_wconf 90' lang='lat' dir='ltr'><strong>de</strong></span> <span class='ocrx_word' id='word_1_57' title='bbox 509 389 575 416; x_wconf 86' lang='lat' dir='ltr'><strong>bibl.</strong></span> <span class='ocrx_word' id='word_1_58' title='bbox 597 387 714 416; x_wconf 85' lang='lat' dir='ltr'><strong>Viudob.</strong></span> <span class='ocrx_word' id='word_1_59' title='bbox 739 396 799 424; x_wconf 83' lang='lat' dir='ltr'><strong>pag.</strong></span> <span class='ocrx_word' id='word_1_60' title='bbox 816 389 879 422; x_wconf 79' lang='lat'><strong>‘207,</strong></span> <span class='ocrx_word' id='word_1_61' title='bbox 898 389 978 426; x_wconf 53' lang='lat' dir='ltr'><strong>[papa</strong></span> <span class='ocrx_word' id='word_1_62' title='bbox 994 390 1048 418; x_wconf 69' lang='grc'><strong>452</strong></span> <span class='ocrx_word' id='word_1_63' title='bbox 1067 399 1109 426; x_wconf 88' lang='lat' dir='ltr'><strong>sq.</strong></span> <span class='ocrx_word' id='word_1_64' title='bbox 1123 392 1213 427; x_wconf 87' lang='lat' dir='ltr'><strong>ibique</strong></span> <span class='ocrx_word' id='word_1_65' title='bbox 1224 391 1336 424; x_wconf 81' lang='lat' dir='ltr'><strong>Kollnr..</strong></span> <span class='ocrx_word' id='word_1_66' title='bbox 1351 392 1359 429; x_wconf 90' lang='lat'><strong>]</strong></span> <span class='ocrx_word' id='word_1_67' title='bbox 1372 398 1492 428; x_wconf 82' lang='lat' dir='ltr'><strong>apparet,</strong></span> <span class='ocrx_word' id='word_1_68' title='bbox 1509 395 1613 421; x_wconf 88' lang='lat' dir='ltr'><strong>nullum</strong></span> <span class='ocrx_word' id='word_1_69' title='bbox 1625 397 1747 424; x_wconf 85' lang='lat' dir='ltr'><strong>auctoris</strong></span> 
     </span>
    </p>
   </div>
   <div class='ocr_carea' id='block_1_7' title="bbox 111 436 1745 474">
    <p class='ocr_par' dir='ltr' id='par_1_7' title="bbox 111 436 1745 474">
     <span class='ocr_line' id='line_1_7' title="bbox 111 436 1745 474; baseline 0.006 -14"><span class='ocrx_word' id='word_1_70' title='bbox 111 441 210 461; x_wconf 80' lang='lat' dir='ltr'><strong>nomen</strong></span> <span class='ocrx_word' id='word_1_71' title='bbox 229 439 327 469; x_wconf 83' lang='lat' dir='ltr'><strong>exstet,</strong></span> <span class='ocrx_word' id='word_1_72' title='bbox 346 440 373 464; x_wconf 85' lang='lat' dir='ltr'><strong>et</strong></span> <span class='ocrx_word' id='word_1_73' title='bbox 392 436 605 465; x_wconf 73' lang='lat' dir='ltr'><strong>commentarius</strong></span> <span class='ocrx_word' id='word_1_74' title='bbox 627 437 671 464; x_wconf 82' lang='lat' dir='ltr'><strong>hic</strong></span> <span class='ocrx_word' id='word_1_75' title='bbox 699 436 734 465; x_wconf 82' lang='lat' dir='ltr'><strong>ad</strong></span> <span class='ocrx_word' id='word_1_76' title='bbox 761 437 906 466; x_wconf 81' lang='lat' dir='ltr'><strong>Maximum</strong></span> <span class='ocrx_word' id='word_1_77' title='bbox 926 441 1070 474; x_wconf 81' lang='lat' dir='ltr'><strong>quemdam</strong></span> <span class='ocrx_word' id='word_1_78' title='bbox 1091 440 1187 468; x_wconf 78' lang='lat' dir='ltr'><strong>referri</strong></span> <span class='ocrx_word' id='word_1_79' title='bbox 1210 439 1333 468; x_wconf 87' lang='lat' dir='ltr'><strong>videatur</strong></span> <span class='ocrx_word' id='word_1_80' title='bbox 1353 448 1367 467; x_wconf 84' lang='lat' dir='ltr'><strong>a</strong></span> <span class='ocrx_word' id='word_1_81' title='bbox 1387 440 1492 472; x_wconf 85' lang='lat' dir='ltr'><strong>Joanne</strong></span> <span class='ocrx_word' id='word_1_82' title='bbox 1514 441 1611 472; x_wconf 81' lang='lat' dir='ltr'><strong>&#39;l‘zetza</strong></span> <span class='ocrx_word' id='word_1_83' title='bbox 1627 441 1745 469; x_wconf 79' lang='lat' dir='ltr'><strong>Chiliad.</strong></span> 
     </span>
    </p>
   </div>
   <div class='ocr_carea' id='block_1_8' title="bbox 111 481 281 512">
    <p class='ocr_par' dir='ltr' id='par_1_8' title="bbox 111 481 281 512">
     <span class='ocr_line' id='line_1_8' title="bbox 111 481 281 512; baseline 0.012 -5"><span class='ocrx_word' id='word_1_84' title='bbox 111 488 148 512; x_wconf 71' lang='grc' dir='ltr'>ιι,</span> <span class='ocrx_word' id='word_1_85' title='bbox 170 489 195 508; x_wconf 90' lang='lat' dir='ltr'><strong>v.</strong></span> <span class='ocrx_word' id='word_1_86' title='bbox 218 481 281 509; x_wconf 78' lang='lat'><strong>865.</strong></span> 
     </span>
    </p>
   </div>
   <div class='ocr_carea' id='block_1_9' title="bbox 497 573 1368 610">
    <p class='ocr_par' dir='ltr' id='par_1_9' title="bbox 497 573 1368 610">
     <span class='ocr_line' id='line_1_9' title="bbox 497 573 1368 610; baseline 0.002 -10"><span class='ocrx_word' id='word_1_87' title='bbox 497 574 567 607; x_wconf 71' lang='grc' dir='ltr'><strong>Περὶ</strong></span> <span class='ocrx_word' id='word_1_88' title='bbox 581 573 635 600; x_wconf 80' lang='grc' dir='ltr'><strong>τοῦ</strong></span> <span class='ocrx_word' id='word_1_89' title='bbox 645 575 789 609; x_wconf 74' lang='grc' dir='ltr'><em>λέγοντος</em></span> <span class='ocrx_word' id='word_1_90' title='bbox 804 575 942 610; x_wconf 78' lang='grc' dir='ltr'><strong>χρησμοῦ</strong></span> <span class='ocrx_word' id='word_1_91' title='bbox 956 575 1009 608; x_wconf 84' lang='grc' dir='ltr'><strong>τὰς</strong></span> <span class='ocrx_word' id='word_1_92' title='bbox 1023 575 1171 608; x_wconf 75' lang='grc' dir='ltr'><strong>Θετταλὸς</strong></span> <span class='ocrx_word' id='word_1_93' title='bbox 1185 576 1239 608; x_wconf 84' lang='grc' dir='ltr'><strong>τὰς</strong></span> <span class='ocrx_word' id='word_1_94' title='bbox 1256 576 1368 609; x_wconf 75' lang='grc' dir='ltr'><em>ἵππους</em></span> 
     </span>
    </p>
   </div>
   <div class='ocr_carea' id='block_1_10' title="bbox 500 610 1286 646">
    <p class='ocr_par' dir='ltr' id='par_1_10' title="bbox 500 610 1286 646">
     <span class='ocr_line' id='line_1_10' title="bbox 500 610 1286 646; baseline 0.001 -9"><span class='ocrx_word' id='word_1_95' title='bbox 500 611 658 646; x_wconf 67' lang='grc' dir='ltr'><strong>Μέμνηται</strong></span> <span class='ocrx_word' id='word_1_96' title='bbox 668 610 726 646; x_wconf 67' lang='grc' dir='ltr'><strong>μὲν</strong></span> <span class='ocrx_word' id='word_1_97' title='bbox 740 612 787 638; x_wconf 78' lang='grc' dir='ltr'><strong>καὶ</strong></span> <span class='ocrx_word' id='word_1_98' title='bbox 804 610 940 645; x_wconf 79' lang='grc' dir='ltr'><strong>Μάξιμος</strong></span> <span class='ocrx_word' id='word_1_99' title='bbox 955 611 1092 645; x_wconf 77' lang='grc' dir='ltr'><strong>ἱστοριῶν</strong></span> <span class='ocrx_word' id='word_1_100' title='bbox 1105 610 1167 644; x_wconf 85' lang='grc' dir='ltr'><em>τοῖς</em></span> <span class='ocrx_word' id='word_1_101' title='bbox 1182 611 1286 646; x_wconf 77' lang='grc' dir='ltr'><em>λόγοις</em></span> 
     </span>
    </p>
   </div>
   <div class='ocr_carea' id='block_1_11' title="bbox 501 645 1149 680">
    <p class='ocr_par' dir='ltr' id='par_1_11' title="bbox 501 645 1149 680">
     <span class='ocr_line' id='line_1_11' title="bbox 501 645 1149 680; baseline 0.002 -8"><span class='ocrx_word' id='word_1_102' title='bbox 501 646 549 677; x_wconf 69' lang='lat' dir='ltr'><strong>“Ac</strong></span> <span class='ocrx_word' id='word_1_103' title='bbox 562 645 695 680; x_wconf 71' lang='grc' dir='ltr'><strong>Ισῖορίίις</strong></span> <span class='ocrx_word' id='word_1_104' title='bbox 707 645 820 680; x_wconf 55' lang='grc' dir='ltr'><strong>ἔγραψε</strong></span> <span class='ocrx_word' id='word_1_105' title='bbox 840 646 1002 680; x_wconf 76' lang='grc' dir='ltr'><em>Γρηγόριος</em></span> <span class='ocrx_word' id='word_1_106' title='bbox 1018 648 1034 673; x_wconf 82' lang='grc' dir='ltr'><em>ό</em></span> <span class='ocrx_word' id='word_1_107' title='bbox 1047 646 1149 680; x_wconf 78' lang='grc' dir='ltr'><strong>μέγας.</strong></span> 
     </span>
    </p>
   </div>
   <div class='ocr_carea' id='block_1_12' title="bbox 501 679 1378 716">
    <p class='ocr_par' dir='ltr' id='par_1_12' title="bbox 501 679 1378 716">
     <span class='ocr_line' id='line_1_12' title="bbox 501 679 1378 716; baseline 0.002 -10"><span class='ocrx_word' id='word_1_108' title='bbox 501 681 591 712; x_wconf 76' lang='grc' dir='ltr'><em>Ἔπος</em></span> <span class='ocrx_word' id='word_1_109' title='bbox 609 679 635 705; x_wconf 81' lang='grc' dir='ltr'><em>δ’</em></span> <span class='ocrx_word' id='word_1_110' title='bbox 653 680 744 707; x_wconf 71' lang='grc' dir='ltr'><em>οὐδὲν</em></span> <span class='ocrx_word' id='word_1_111' title='bbox 759 681 830 708; x_wconf 75' lang='grc' dir='ltr'><strong>οὐδὲ</strong></span> <span class='ocrx_word' id='word_1_112' title='bbox 846 679 947 715; x_wconf 76' lang='grc' dir='ltr'><strong>,βραχὺ</strong></span> <span class='ocrx_word' id='word_1_113' title='bbox 965 680 1023 707; x_wconf 81' lang='grc' dir='ltr'><strong>τῶν</strong></span> <span class='ocrx_word' id='word_1_114' title='bbox 1039 679 1094 708; x_wconf 72' lang='grc' dir='ltr'><strong>-ἑοῦ</strong></span> <span class='ocrx_word' id='word_1_115' title='bbox 1105 681 1245 716; x_wconf 81' lang='grc' dir='ltr'><strong>χρησμοῦ</strong></span> <span class='ocrx_word' id='word_1_116' title='bbox 1259 680 1378 715; x_wconf 56' lang='lat' dir='ltr'><strong>etprima.</strong></span> 
     </span>
    </p>
   </div>
   <div class='ocr_carea' id='block_1_13' title="bbox 144 769 1740 808">
    <p class='ocr_par' dir='ltr' id='par_1_13' title="bbox 144 769 1740 808">
     <span class='ocr_line' id='line_1_13' title="bbox 144 769 1740 808; baseline 0.001 -10"><span class='ocrx_word' id='word_1_117' title='bbox 144 771 212 799; x_wconf 63' lang='lat' dir='ltr'><strong>Viile</strong></span> <span class='ocrx_word' id='word_1_118' title='bbox 227 772 329 799; x_wconf 79' lang='lat' dir='ltr'><strong>laudati</strong></span> <span class='ocrx_word' id='word_1_119' title='bbox 343 771 457 799; x_wconf 73' lang='lat' dir='ltr'><strong>Bentleii</strong></span> <span class='ocrx_word' id='word_1_120' title='bbox 472 771 695 800; x_wconf 88' lang='lat' dir='ltr'><strong>dissertatioucm</strong></span> <span class='ocrx_word' id='word_1_121' title='bbox 709 773 743 801; x_wconf 86' lang='lat' dir='ltr'><strong>de</strong></span> <span class='ocrx_word' id='word_1_122' title='bbox 756 773 880 808; x_wconf 80' lang='lat' dir='ltr'><strong>epistolis</strong></span> <span class='ocrx_word' id='word_1_123' title='bbox 895 772 1048 800; x_wconf 80' lang='lat' dir='ltr'><strong>Phalaridis</strong></span> <span class='ocrx_word' id='word_1_124' title='bbox 1062 773 1163 800; x_wconf 86' lang='lat' dir='ltr'><strong>editam</strong></span> <span class='ocrx_word' id='word_1_125' title='bbox 1190 769 1301 806; x_wconf 73' lang='lat' dir='ltr'><strong>Anglice</strong></span> <span class='ocrx_word' id='word_1_126' title='bbox 1315 772 1431 800; x_wconf 85' lang='lat' dir='ltr'><strong>Londini</strong></span> <span class='ocrx_word' id='word_1_127' title='bbox 1444 772 1558 804; x_wconf 76' lang='lat' dir='ltr'><strong>n.1699,</strong></span> <span class='ocrx_word' id='word_1_128' title='bbox 1571 780 1631 807; x_wconf 83' lang='lat' dir='ltr'><strong>pag.</strong></span> <span class='ocrx_word' id='word_1_129' title='bbox 1643 772 1740 804; x_wconf 64' lang='lat'><strong>“24,26.</strong></span> 
     </span>
    </p>
   </div>
   <div class='ocr_carea' id='block_1_14' title="bbox 105 818 1741 856">
    <p class='ocr_par' dir='ltr' id='par_1_14' title="bbox 105 818 1741 856">
     <span class='ocr_line' id='line_1_14' title="bbox 105 818 1741 856; baseline 0 -10"><span class='ocrx_word' id='word_1_130' title='bbox 105 819 242 846; x_wconf 73' lang='lat' dir='ltr'><strong>Caeterum</strong></span> <span class='ocrx_word' id='word_1_131' title='bbox 262 820 287 846; x_wconf 93' lang='lat' dir='ltr'><strong>in</strong></span> <span class='ocrx_word' id='word_1_132' title='bbox 305 818 392 846; x_wconf 88' lang='lat' dir='ltr'><strong>Nonni</strong></span> <span class='ocrx_word' id='word_1_133' title='bbox 412 820 608 847; x_wconf 82' lang='lat' dir='ltr'><strong>commentario</strong></span> <span class='ocrx_word' id='word_1_134' title='bbox 623 827 754 855; x_wconf 88' lang='lat' dir='ltr'><strong>equarum</strong></span> <span class='ocrx_word' id='word_1_135' title='bbox 774 820 994 848; x_wconf 77' lang='lat' dir='ltr'><strong>Thessalicarum</strong></span> <span class='ocrx_word' id='word_1_136' title='bbox 1017 820 1126 856; x_wconf 87' lang='lat' dir='ltr'><strong>quidem</strong></span> <span class='ocrx_word' id='word_1_137' title='bbox 1153 820 1288 854; x_wconf 80' lang='lat' dir='ltr'><strong>aliquam,</strong></span> <span class='ocrx_word' id='word_1_138' title='bbox 1311 824 1338 846; x_wconf 88' lang='lat' dir='ltr'><strong>at</strong></span> <span class='ocrx_word' id='word_1_139' title='bbox 1361 820 1463 846; x_wconf 87' lang='lat' dir='ltr'><strong>nullam</strong></span> <span class='ocrx_word' id='word_1_140' title='bbox 1486 821 1592 855; x_wconf 72' lang='lat' dir='ltr'><strong>reperio</strong></span> <span class='ocrx_word' id='word_1_141' title='bbox 1616 820 1741 856; x_wconf 86' lang='grc' dir='ltr'><strong>χρησμοῦ</strong></span> 
     </span>
    </p>
   </div>
   <div class='ocr_carea' id='block_1_15' title="bbox 105 864 1740 900">
    <p class='ocr_par' dir='ltr' id='par_1_15' title="bbox 105 864 1740 900">
     <span class='ocr_line' id='line_1_15' title="bbox 105 864 1740 900; baseline 0.001 -9"><span class='ocrx_word' id='word_1_142' title='bbox 105 865 191 897; x_wconf 83' lang='lat' dir='ltr'><strong>illius,</strong></span> <span class='ocrx_word' id='word_1_143' title='bbox 208 873 222 891; x_wconf 82' lang='lat' dir='ltr'><strong>a</strong></span> <span class='ocrx_word' id='word_1_144' title='bbox 237 865 336 892; x_wconf 85' lang='lat' dir='ltr'><strong>Tzctza</strong></span> <span class='ocrx_word' id='word_1_145' title='bbox 356 864 510 896; x_wconf 78' lang='lat' dir='ltr'><strong>memorati,</strong></span> <span class='ocrx_word' id='word_1_146' title='bbox 527 866 702 893; x_wconf 79' lang='lat' dir='ltr'><strong>mentionem.</strong></span> <span class='ocrx_word' id='word_1_147' title='bbox 724 865 756 892; x_wconf 88' lang='lat' dir='ltr'><strong>Et</strong></span> <span class='ocrx_word' id='word_1_148' title='bbox 771 870 888 897; x_wconf 74' lang='lat' dir='ltr'><strong>constat.</strong></span> <span class='ocrx_word' id='word_1_149' title='bbox 910 865 981 900; x_wconf 82' lang='lat' dir='ltr'><strong>quod</strong></span> <span class='ocrx_word' id='word_1_150' title='bbox 998 871 1094 900; x_wconf 72' lang='lat' dir='ltr'><strong>praeter</strong></span> <span class='ocrx_word' id='word_1_151' title='bbox 1107 865 1231 892; x_wconf 86' lang='lat' dir='ltr'><strong>Nonnum</strong></span> <span class='ocrx_word' id='word_1_152' title='bbox 1247 865 1380 893; x_wconf 73' lang='lat' dir='ltr'><strong>Maximus</strong></span> <span class='ocrx_word' id='word_1_153' title='bbox 1398 865 1539 892; x_wconf 78' lang='lat' dir='ltr'><strong>confessor</strong></span> <span class='ocrx_word' id='word_1_154' title='bbox 1553 865 1609 892; x_wconf 74' lang='lat' dir='ltr'><strong>loca</strong></span> <span class='ocrx_word' id='word_1_155' title='bbox 1622 865 1740 892; x_wconf 84' lang='lat' dir='ltr'><strong>dillicilia</strong></span> 
     </span>
    </p>
   </div>
   <div class='ocr_carea' id='block_1_16' title="bbox 103 910 1740 946">
    <p class='ocr_par' dir='ltr' id='par_1_16' title="bbox 103 910 1740 946">
     <span class='ocr_line' id='line_1_16' title="bbox 103 910 1740 946; baseline -0.001 -6"><span class='ocrx_word' id='word_1_156' title='bbox 103 911 269 940; x_wconf 75' lang='lat' dir='ltr'><strong>Nasianzeni</strong></span> <span class='ocrx_word' id='word_1_157' title='bbox 288 910 450 938; x_wconf 84' lang='lat' dir='ltr'><strong>illustranda</strong></span> <span class='ocrx_word' id='word_1_158' title='bbox 467 910 520 938; x_wconf 79' lang='lat' dir='ltr'><strong>sibi</strong></span> <span class='ocrx_word' id='word_1_159' title='bbox 536 912 664 946; x_wconf 86' lang='lat' dir='ltr'><strong>sumpsit,</strong></span> <span class='ocrx_word' id='word_1_160' title='bbox 683 917 712 938; x_wconf 91' lang='lat' dir='ltr'><strong>ut</strong></span> <span class='ocrx_word' id='word_1_161' title='bbox 734 912 857 940; x_wconf 80' lang='lat' dir='ltr'><strong>fecerunt</strong></span> <span class='ocrx_word' id='word_1_162' title='bbox 872 912 953 939; x_wconf 85' lang='lat' dir='ltr'><strong>etiam</strong></span> <span class='ocrx_word' id='word_1_163' title='bbox 973 911 1045 938; x_wconf 79' lang='lat' dir='ltr'><strong>Elius</strong></span> <span class='ocrx_word' id='word_1_164' title='bbox 1070 911 1220 945; x_wconf 78' lang='lat' dir='ltr'><strong>Cretensis,</strong></span> <span class='ocrx_word' id='word_1_165' title='bbox 1237 911 1354 939; x_wconf 83' lang='lat' dir='ltr'><strong>Basilius</strong></span> <span class='ocrx_word' id='word_1_166' title='bbox 1371 911 1554 939; x_wconf 76' lang='lat' dir='ltr'><strong>Czesare‘ousis</strong></span> <span class='ocrx_word' id='word_1_167' title='bbox 1570 910 1682 944; x_wconf 74' lang='lat' dir='ltr'><strong>(magno</strong></span> <span class='ocrx_word' id='word_1_168' title='bbox 1695 912 1740 938; x_wconf 87' lang='lat' dir='ltr'><strong>illo</strong></span> 
     </span>
    </p>
   </div>
   <div class='ocr_carea' id='block_1_17' title="bbox 102 956 1739 996">
    <p class='ocr_par' dir='ltr' id='par_1_17' title="bbox 102 956 1739 996">
     <span class='ocr_line' id='line_1_17' title="bbox 102 956 1739 996; baseline -0.001 -10"><span class='ocrx_word' id='word_1_169' title='bbox 102 959 224 996; x_wconf 86' lang='lat' dir='ltr'><strong>junior),</strong></span> <span class='ocrx_word' id='word_1_170' title='bbox 240 958 349 985; x_wconf 76' lang='lat' dir='ltr'><strong>Nicetas</strong></span> <span class='ocrx_word' id='word_1_171' title='bbox 364 956 523 990; x_wconf 87' lang='lat' dir='ltr'><strong>Serronius,</strong></span> <span class='ocrx_word' id='word_1_172' title='bbox 541 957 622 985; x_wconf 79' lang='lat' dir='ltr'><strong>Micli.</strong></span> <span class='ocrx_word' id='word_1_173' title='bbox 641 958 746 985; x_wconf 85' lang='lat' dir='ltr'><strong>Psellus</strong></span> <span class='ocrx_word' id='word_1_174' title='bbox 764 959 874 993; x_wconf 83' lang='lat' dir='ltr'><strong>aliique.</strong></span> <span class='ocrx_word' id='word_1_175' title='bbox 897 958 1060 985; x_wconf 75' lang='lat' dir='ltr'><strong>Prodierunt</strong></span> <span class='ocrx_word' id='word_1_176' title='bbox 1075 957 1183 984; x_wconf 72' lang='lat' dir='ltr'><strong>Maximi</strong></span> <span class='ocrx_word' id='word_1_177' title='bbox 1197 959 1299 985; x_wconf 83' lang='lat' dir='ltr'><strong>scholia</strong></span> <span class='ocrx_word' id='word_1_178' title='bbox 1315 959 1340 985; x_wconf 93' lang='lat' dir='ltr'><strong>iu</strong></span> <span class='ocrx_word' id='word_1_179' title='bbox 1352 958 1515 986; x_wconf 78' lang='lat' dir='ltr'><strong>Nazianzeni</strong></span> <span class='ocrx_word' id='word_1_180' title='bbox 1533 959 1606 986; x_wconf 82' lang='lat' dir='ltr'><strong>locos</strong></span> <span class='ocrx_word' id='word_1_181' title='bbox 1618 957 1739 985; x_wconf 73' lang='lat' dir='ltr'><strong>tiiﬂit‘iit‘s</strong></span> 
     </span>
    </p>
   </div>
   <div class='ocr_carea' id='block_1_18' title="bbox 103 1003 1738 1040">
    <p class='ocr_par' dir='ltr' id='par_1_18' title="bbox 103 1003 1738 1040">
     <span class='ocr_line' id='line_1_18' title="bbox 103 1003 1738 1040; baseline -0.002 -6"><span class='ocrx_word' id='word_1_182' title='bbox 103 1015 166 1034; x_wconf 89' lang='lat' dir='ltr'><strong>cum</strong></span> <span class='ocrx_word' id='word_1_183' title='bbox 187 1006 284 1032; x_wconf 81' lang='lat' dir='ltr'><strong>Latina</strong></span> <span class='ocrx_word' id='word_1_184' title='bbox 300 1005 426 1033; x_wconf 85' lang='lat' dir='ltr'><strong>versione</strong></span> <span class='ocrx_word' id='word_1_185' title='bbox 442 1003 555 1031; x_wconf 82' lang='lat' dir='ltr'><strong>Joannis</strong></span> <span class='ocrx_word' id='word_1_186' title='bbox 579 1005 651 1032; x_wconf 84' lang='lat' dir='ltr'><strong>Scoti</strong></span> <span class='ocrx_word' id='word_1_187' title='bbox 673 1005 811 1040; x_wconf 68' lang='lat' dir='ltr'><strong>Erigeuaa,</strong></span> <span class='ocrx_word' id='word_1_188' title='bbox 832 1004 920 1032; x_wconf 75' lang='lat' dir='ltr'><strong>Oxon.</strong></span> <span class='ocrx_word' id='word_1_189' title='bbox 946 1004 1025 1034; x_wconf 75' lang='grc'><strong>1631.</strong></span> <span class='ocrx_word' id='word_1_190' title='bbox 1052 1004 1087 1031; x_wconf 82' lang='lat' dir='ltr'><strong>fol</strong></span> <span class='ocrx_word' id='word_1_191' title='bbox 1104 1025 1111 1037; x_wconf 85' lang='lat'><strong>,</strong></span> <span class='ocrx_word' id='word_1_192' title='bbox 1132 1010 1158 1032; x_wconf 86' lang='lat' dir='ltr'><strong>et</strong></span> <span class='ocrx_word' id='word_1_193' title='bbox 1180 1014 1195 1032; x_wconf 84' lang='lat' dir='ltr'><strong>a</strong></span> <span class='ocrx_word' id='word_1_194' title='bbox 1215 1005 1302 1032; x_wconf 86' lang='lat' dir='ltr'><strong>Nonni</strong></span> <span class='ocrx_word' id='word_1_195' title='bbox 1325 1005 1527 1032; x_wconf 80' lang='lat' dir='ltr'><strong>commentariis</strong></span> <span class='ocrx_word' id='word_1_196' title='bbox 1554 1004 1738 1031; x_wconf 74' lang='lat' dir='ltr'><strong>diversissima</strong></span> 
     </span>
    </p>
   </div>
   <div class='ocr_carea' id='block_1_19' title="bbox 103 1051 1739 1088">
    <p class='ocr_par' dir='ltr' id='par_1_19' title="bbox 103 1051 1739 1088">
     <span class='ocr_line' id='line_1_19' title="bbox 103 1051 1739 1088; baseline -0.002 -8"><span class='ocrx_word' id='word_1_197' title='bbox 103 1057 178 1081; x_wconf 84' lang='lat' dir='ltr'><strong>sunt.</strong></span> <span class='ocrx_word' id='word_1_198' title='bbox 200 1052 333 1079; x_wconf 69' lang='lat' dir='ltr'><strong>therum</strong></span> <span class='ocrx_word' id='word_1_199' title='bbox 349 1052 506 1088; x_wconf 87' lang='lat' dir='ltr'><strong>quicunque</strong></span> <span class='ocrx_word' id='word_1_200' title='bbox 523 1053 574 1080; x_wconf 88' lang='lat' dir='ltr'><strong>iste</strong></span> <span class='ocrx_word' id='word_1_201' title='bbox 590 1051 671 1080; x_wconf 78' lang='lat' dir='ltr'><strong>fuerit</strong></span> <span class='ocrx_word' id='word_1_202' title='bbox 689 1052 814 1085; x_wconf 86' lang='lat' dir='ltr'><strong>Nonnus,</strong></span> <span class='ocrx_word' id='word_1_203' title='bbox 830 1051 887 1080; x_wconf 81' lang='lat' dir='ltr'><strong>sive</strong></span> <span class='ocrx_word' id='word_1_204' title='bbox 903 1055 996 1078; x_wconf 81' lang='lat' dir='ltr'><strong>uoster</strong></span> <span class='ocrx_word' id='word_1_205' title='bbox 1014 1051 1058 1078; x_wconf 86' lang='lat' dir='ltr'><strong>ille</strong></span> <span class='ocrx_word' id='word_1_206' title='bbox 1069 1071 1077 1083; x_wconf 77' lang='lat'><strong>,</strong></span> <span class='ocrx_word' id='word_1_207' title='bbox 1094 1051 1150 1078; x_wconf 77' lang='lat' dir='ltr'><strong>sive</strong></span> <span class='ocrx_word' id='word_1_208' title='bbox 1169 1059 1183 1078; x_wconf 91' lang='lat' dir='ltr'><strong>a</strong></span> <span class='ocrx_word' id='word_1_209' title='bbox 1206 1051 1401 1086; x_wconf 81' lang='lat' dir='ltr'><strong>Panopolitauo</strong></span> <span class='ocrx_word' id='word_1_210' title='bbox 1416 1056 1518 1082; x_wconf 79' lang='lat' dir='ltr'><strong>nostro.</strong></span> <span class='ocrx_word' id='word_1_211' title='bbox 1537 1055 1566 1077; x_wconf 90' lang='lat' dir='ltr'><strong>ut</strong></span> <span class='ocrx_word' id='word_1_212' title='bbox 1581 1051 1739 1078; x_wconf 76' lang='lat' dir='ltr'><strong>doctissimo</strong></span> 
     </span>
    </p>
   </div>
   <div class='ocr_carea' id='block_1_20' title="bbox 102 1096 1738 1134">
    <p class='ocr_par' dir='ltr' id='par_1_20' title="bbox 102 1096 1738 1134">
     <span class='ocr_line' id='line_1_20' title="bbox 102 1096 1738 1134; baseline -0.001 -9"><span class='ocrx_word' id='word_1_213' title='bbox 102 1100 162 1126; x_wconf 70' lang='lat' dir='ltr'><strong>viro</strong></span> <span class='ocrx_word' id='word_1_214' title='bbox 177 1099 292 1126; x_wconf 84' lang='lat' dir='ltr'><strong>libenter</strong></span> <span class='ocrx_word' id='word_1_215' title='bbox 313 1099 425 1134; x_wconf 81' lang='lat' dir='ltr'><strong>largior,</strong></span> <span class='ocrx_word' id='word_1_216' title='bbox 442 1099 577 1131; x_wconf 86' lang='lat' dir='ltr'><strong>diversus,</strong></span> <span class='ocrx_word' id='word_1_217' title='bbox 592 1106 647 1126; x_wconf 91' lang='lat' dir='ltr'><strong>non</strong></span> <span class='ocrx_word' id='word_1_218' title='bbox 662 1099 859 1125; x_wconf 81' lang='lat' dir='ltr'><strong>contemnenda</strong></span> <span class='ocrx_word' id='word_1_219' title='bbox 875 1098 998 1133; x_wconf 64' lang='lat' dir='ltr'><strong>quaulam</strong></span> <span class='ocrx_word' id='word_1_220' title='bbox 1017 1106 1066 1125; x_wconf 86' lang='lat' dir='ltr'><strong>nec</strong></span> <span class='ocrx_word' id='word_1_221' title='bbox 1083 1098 1153 1126; x_wconf 89' lang='lat' dir='ltr'><strong>lectu</strong></span> <span class='ocrx_word' id='word_1_222' title='bbox 1170 1097 1318 1132; x_wconf 83' lang='lat' dir='ltr'><strong>injucunda</strong></span> <span class='ocrx_word' id='word_1_223' title='bbox 1338 1098 1370 1124; x_wconf 88' lang='lat' dir='ltr'><strong>ad</strong></span> <span class='ocrx_word' id='word_1_224' title='bbox 1385 1096 1584 1124; x_wconf 86' lang='lat' dir='ltr'><strong>Nazianzeuum</strong></span> <span class='ocrx_word' id='word_1_225' title='bbox 1598 1097 1738 1124; x_wconf 88' lang='lat' dir='ltr'><strong>illustran-</strong></span> 
     </span>
    </p>
   </div>
   <div class='ocr_carea' id='block_1_21' title="bbox 102 1143 1738 1181">
    <p class='ocr_par' dir='ltr' id='par_1_21' title="bbox 102 1143 1738 1181">
     <span class='ocr_line' id='line_1_21' title="bbox 102 1143 1738 1181; baseline -0.001 -9"><span class='ocrx_word' id='word_1_226' title='bbox 102 1146 167 1173; x_wconf 85' lang='lat' dir='ltr'><strong>dum</strong></span> <span class='ocrx_word' id='word_1_227' title='bbox 192 1149 349 1178; x_wconf 85' lang='lat' dir='ltr'><strong>aunolasso,</strong></span> <span class='ocrx_word' id='word_1_228' title='bbox 374 1146 460 1181; x_wconf 81' lang='lat' dir='ltr'><strong>:equis</strong></span> <span class='ocrx_word' id='word_1_229' title='bbox 482 1145 693 1174; x_wconf 55' lang='lat' dir='ltr'><strong>aestimator-ibus</strong></span> <span class='ocrx_word' id='word_1_230' title='bbox 716 1145 862 1172; x_wconf 81' lang='lat' dir='ltr'><strong>videbitur.</strong></span> <span class='ocrx_word' id='word_1_231' title='bbox 890 1145 1021 1177; x_wconf 85' lang='lat' dir='ltr'><strong>Dionem,</strong></span> <span class='ocrx_word' id='word_1_232' title='bbox 1055 1149 1312 1176; x_wconf 82' lang='lat' dir='ltr'><strong>commentatorem.</strong></span> <span class='ocrx_word' id='word_1_233' title='bbox 1340 1144 1643 1180; x_wconf 78' lang='grc' dir='ltr'><strong>ὑπομνηματογράφον,</strong></span> <span class='ocrx_word' id='word_1_234' title='bbox 1671 1143 1738 1170; x_wconf 80' lang='lat' dir='ltr'><strong>citat</strong></span> 
     </span>
    </p>
   </div>
   <div class='ocr_carea' id='block_1_22' title="bbox 104 1191 1734 1227">
    <p class='ocr_par' dir='ltr' id='par_1_22' title="bbox 104 1191 1734 1227">
     <span class='ocr_line' id='line_1_22' title="bbox 104 1191 1734 1227; baseline -0.002 -7"><span class='ocrx_word' id='word_1_235' title='bbox 104 1193 168 1220; x_wconf 80' lang='lat' dir='ltr'><strong>bist.</strong></span> <span class='ocrx_word' id='word_1_236' title='bbox 196 1201 299 1220; x_wconf 73' lang='lat' dir='ltr'><strong>xxxv”.</strong></span> <span class='ocrx_word' id='word_1_237' title='bbox 325 1193 493 1227; x_wconf 67' lang='lat' dir='ltr'><strong>Aristaeneti,</strong></span> <span class='ocrx_word' id='word_1_238' title='bbox 523 1194 658 1227; x_wconf 86' lang='lat' dir='ltr'><strong>rhetoris,</strong></span> <span class='ocrx_word' id='word_1_239' title='bbox 690 1192 814 1221; x_wconf 89' lang='lat' dir='ltr'><strong>meminit</strong></span> <span class='ocrx_word' id='word_1_240' title='bbox 840 1193 906 1220; x_wconf 88' lang='lat' dir='ltr'><strong>bist.</strong></span> <span class='ocrx_word' id='word_1_241' title='bbox 935 1200 1028 1225; x_wconf 80' lang='lat' dir='ltr'><strong>xxx&quot;,</strong></span> <span class='ocrx_word' id='word_1_242' title='bbox 1060 1192 1093 1220; x_wconf 82' lang='lat' dir='ltr'><strong>ad</strong></span> <span class='ocrx_word' id='word_1_243' title='bbox 1123 1195 1193 1220; x_wconf 79' lang='lat' dir='ltr'><strong>orat.</strong></span> <span class='ocrx_word' id='word_1_244' title='bbox 1219 1191 1246 1222; x_wconf 65' lang='grc' dir='ltr'>Ξ,</span> <span class='ocrx_word' id='word_1_245' title='bbox 1261 1191 1432 1219; x_wconf 70' lang='lat' dir='ltr'><strong>Alexandria:</strong></span> <span class='ocrx_word' id='word_1_246' title='bbox 1455 1199 1484 1220; x_wconf 87' lang='lat' dir='ltr'><strong>se</strong></span> <span class='ocrx_word' id='word_1_247' title='bbox 1508 1191 1593 1219; x_wconf 79' lang='lat' dir='ltr'><strong>fuisse</strong></span> <span class='ocrx_word' id='word_1_248' title='bbox 1620 1193 1734 1217; x_wconf 80' lang='lat' dir='ltr'><strong>testatur</strong></span> 
     </span>
    </p>
   </div>
   <div class='ocr_carea' id='block_1_23' title="bbox 104 1240 290 1268">
    <p class='ocr_par' dir='ltr' id='par_1_23' title="bbox 104 1240 290 1268">
     <span class='ocr_line' id='line_1_23' title="bbox 104 1240 290 1268; baseline 0 0"><span class='ocrx_word' id='word_1_249' title='bbox 104 1240 168 1268; x_wconf 84' lang='lat' dir='ltr'><strong>hist.</strong></span> <span class='ocrx_word' id='word_1_250' title='bbox 191 1247 290 1268; x_wconf 78' lang='lat' dir='ltr'><strong>nxm.</strong></span> 
     </span>
    </p>
   </div>
   <div class='ocr_carea' id='block_1_24' title="bbox 786 1644 1035 1658">
    <p class='ocr_par' dir='ltr' id='par_1_24' title="bbox 786 1644 1035 1658">
     <span class='ocr_line' id='line_1_24' title="bbox 786 1644 1035 1658; baseline 0 -2"><span class='ocrx_word' id='word_1_251' title='bbox 786 1644 921 1658; x_wconf 69' lang='lat'><strong>-—-.-</strong></span> <span class='ocrx_word' id='word_1_252' title='bbox 927 1645 1035 1656; x_wconf 54' lang='lat'><strong>---</strong></span> 
     </span>
    </p>
   </div>
  </div>
