1953 3040
196 147 243 176 751

817 147 922 178 ΝΟΝΝΙ
943 146 1196 176 PANOPOLITANI

196 206 425 242 eratlntelligcns
439 205 543 237 lumen,
560 206 608 234 sed
623 211 652 234 ut
668 207 757 235 solum
775 206 910 235 Omnibus
924 214 984 242 ape-

1048 206 1129 232 Πᾶσιν
1140 205 1304 239 ἀναπτύξειε
1324 205 1455 241 οεηγόρον
1472 206 1637 242 ἀνθερεῶνα,

195 257 266 281 viret
286 253 486 288 diviniloquum
515 258 636 281 mentum
654 253 695 289 [id
715 259 753 281 est
769 253 814 290 es]
829 253 861 280 Et
879 254 990 281 luminis

198 306 352 334 prreenrsor
361 307 414 326 non
431 299 569 334 praedicati
582 305 736 334 appareret,
751 300 902 327 Commune
913 300 989 327 lesli-

199 345 321 371 monium
348 343 444 371 dicens
464 344 547 371 Deum
564 345 704 380 recipienti
719 346 827 380 populo.
846 344 860 373 9
883 343 989 372 Etenim

199 395 250 415 suo
273 396 336 415 eum
358 388 439 415 Patre
462 396 556 415 verum
578 389 746 424 primitivum
771 390 863 417 lumen
888 389 990 424 Unige-

199 434 285 460 nitum
303 432 420 461 Verbum
439 438 509 468 erat,
533 435 606 470 quod
626 435 762 463 hominem
780 443 888 463 omnem
910 443 989 463 mun-

198 479 256 510 dat,
273 478 471 512 Spiritualibus
493 480 578 507 radiis
594 480 735 508 illustrans
754 485 881 508 naturam
898 480 988 507 homi-

198 531 262 550 num
292 523 320 558 4
335 523 507 551 Venientiunt
531 524 557 552 in
582 529 692 552 terram.
717 526 750 553 10
772 525 835 553 Erat
856 530 945 553 autem
961 526 988 553 in

198 568 342 596 ineredulo
360 569 463 597 mundo
484 569 660 605 hnprovisus.
682 576 712 599 et
728 572 848 600 mundus
867 572 989 600 inlinitus

197 618 257 642 erat
270 623 318 649 per
333 615 434 650 ipsum,
452 615 485 643 Et
499 615 618 643 Verbum
638 624 692 644 non
711 617 838 652 cognovit
855 617 987 644 advenam

199 662 319 689 mundus
332 669 438 690 errans.
457 662 487 690 11
505 662 594 698 Prope
606 667 665 690 erat
680 663 751 698 apud
764 671 847 697 suos;
864 663 907 690 sui
923 671 988 690 vero

198 709 287 742 ipsum
310 708 455 743 insipienle
478 708 554 736 rahie
579 707 614 735 Ut
636 708 771 744 hospitem
793 717 847 736 non
871 709 988 736 honora-

196 754 273 781 bant.
292 754 326 780 1‘2
343 755 394 787 Qui
412 761 477 781 vero
500 754 588 789 ipsum
610 754 735 790 prudenti
757 755 850 782 animo
866 756 925 784 Non
943 763 988 783 er-

196 800 291 826 rantes
307 803 496 834 susceperunt,
516 805 543 827 et
569 808 623 827 non
646 804 764 827 mentem
783 800 920 828 habebant
943 808 989 828 er-

196 850 313 875 rantem.
339 845 483 872 Coalestem
504 845 633 873 omnibus
654 854 739 873 unum
762 847 872 874 donavit
897 848 986 875 hono-

1041 251 1097 278 Kal
1112 252 1195 286 φάεος
1211 252 1393 288 προκέλευϐος
1409 251 1575 287 ἀκηρύκτοιο
1589 253 1696 289 φανείη,

1041 296 1129 332 Ξυνὴν
1147 299 1301 334 μαρτυρίην
1319 298 1424 324 ἐνέπων
1437 298 1593 333 θεοδέγμονι
1604 299 1671 335 λαῷ.

1041 341 1058 369 9
1071 341 1125 368 Kal
1141 341 1194 377 γὰρ
1205 342 1250 368 ἐοῦ
1262 343 1334 377 μετὰ.
1345 342 1452 378 Πατρδς
1465 343 1599 378 ἐτήτυμον
1612 343 1760 379 ἀρχέγονον
1774 349 1832 380 φῶς

1040 386 1215 422 Μουνογενὴς
1232 387 1317 420 Λόγος
1329 385 1387 422 ἦεν,
1406 387 1434 418 ὃς
1449 386 1534 422 ἀνέρα
1551 388 1640 414 πάντα
1658 389 1796 425 καθαίρει,

1041 432 1247 467 Πνευματικαῐς
1258 433 1348 459 ἀκτῖσι
1362 432 1540 466 καταυγάζων
1553 433 1634 468 φύσιν
1649 434 1756 469 ἀνδρῶν

1040 476 1067 512 5
1089 477 1257 513 Ἐρχομένων
1274 478 1320 504 ἐπὶ
1335 479 1425 512 γαῖαν.
1439 478 1471 505 10
1487 478 1554 514 Ἔην
1571 478 1593 504 δ’
1608 479 1637 506 ἐν
1653 479 1762 506 ἀπεώέῖ
1786 482 1831 507 κό-

1721 526 1797 562 [σμῳ

1046 571 1201 607 ’Λπροῖδὴς,
1217 570 1264 598 καὶ
1279 571 1379 606 κόσμος
1390 571 1528 607 ἀπείριτος
1542 571 1606 598 ἔσκε
1619 572 1652 598 δι’
1667 573 1765 605 αὑτοῦ,

1039 616 1094 642 Kal
1109 615 1195 649 Λόγον
1209 616 1240 642 οὺ
1256 615 1389 649 γίνωσκεν
1406 615 1526 650 ἐπήλυδα
1543 616 1643 650 κόσμος
1659 616 1769 651 ἀλήτης.

1040 661 1069 687 il
1095 661 1194 695 Ἐγγύς
1210 660 1258 696 ἔην
1274 659 1356 692 ἰδίων,
1371 660 1429 686 ἴδιοι
1447 660 1475 687 δέ
1494 669 1538 695 μιν
1553 660 1757 696 ἄφρονιλὺσσῃ,

1045 706 1088 738 Ὠς
1102 706 1176 740 ξένον
1189 727 1196 739 ,
1216 706 1265 733 οὐκ
1287 705 1440 742 ἐγέραιρον.
1462 706 1493 733 l2
1512 706 1589 732 Ὅσοι
1603 706 1632 733 δέ
1649 714 1694 741 μιν
1715 705 1829 741 ἔμφρονι

1701 752 1795 788 [θυμῷ

1044 798 1189 830 ’Λπλανέες
1206 798 1326 831 δέξαντο,
1343 798 1390 824 καὶ
1406 798 1436 824 οὐ
1452 798 1509 825 νόον
1525 795 1598 833 εἶχον
1610 799 1724 834 ἀλήτην,

1038 844 1174 880 Οὐρανίην
1189 845 1319 871 πάντεσσι
1333 844 1398 880 μίαν
1414 844 1557 880 δωρήσατο
1577 844 1669 881 τιμὴν,

196 898 264 923 rem,
282 890 342 918 Filii
361 890 406 918 Dei
420 891 508 918 Patris
525 899 633 927 semper
647 892 702 919 vivi
721 897 750 919 ut
766 893 939 928 dicerentur,
951 894 984 921 15

1048 891 1127 917 Γέκνα
1139 890 1207 917 Θεοῦ
1224 890 1372 925 Γενετῆρος
1387 889 1546 922 ἀειζώοντος
1558 890 1677 923 ἀκούειν,

196 935 270 968 Quos
292 940 390 963 natura
414 943 469 963 non
489 937 595 972 peperit
617 945 763 972 puerpera,
781 945 836 965 non
859 939 913 966 vita
936 946 984 966 eo-

195 981 289 1017 gnovit
310 981 441 1010 Humana:
463 990 574 1018 germen
594 983 762 1016 voluntatis;
785 992 875 1019 neque
894 985 984 1020 ipsum

195 1028 293 1056 Carnis
316 1036 410 1056 amore
435 1029 518 1064 geniti
543 1030 665 1065 nuptiale
693 1031 781 1058 aravit
803 1031 904 1064 cubile,
931 1030 985 1059 Sed

196 1074 243 1103 Dei
262 1075 317 1102 nati
336 1080 400 1102 sunt
415 1083 469 1102 non
486 1075 556 1102 arati
573 1076 621 1103 lilii
650 1076 749 1104 Patris.
768 1077 801 1104 H
819 1076 852 1104 Et
865 1076 984 1105 Verbum

195 1128 244 1156 per
259 1128 288 1148 se
299 1123 437 1149 exsistens
452 1129 517 1148 caro
530 1121 632 1149 factum
647 1127 700 1154 est,
720 1122 791 1150 Deus
809 1123 901 1156 homo,
917 1122 986 1151 Sero

194 1167 329 1201 genitum,
351 1168 428 1203 prius
442 1168 574 1203 genitum,
597 1167 727 1196 ineﬂ’abili
743 1168 860 1204 quodam
875 1169 985 1196 vinculo

194 1214 366 1242 Censocians
391 1215 514 1243 divinam
541 1216 650 1243 mortali
673 1223 829 1251 comparent
856 1215 983 1244 formam.

196 1260 228 1287 lit
243 1260 313 1288 Dens
334 1260 446 1288 domttm
472 1261 589 1289 incoluit
610 1269 673 1289 eum
696 1262 863 1294 hominibus,
883 1266 910 1290 et
927 1263 986 1298 gloo

194 1307 262 1332 riam
279 1305 340 1340 ejus
354 1305 482 1334 Vidimus
496 1307 626 1334 humanis
641 1307 739 1340 oculis,
753 1307 832 1342 quasi
853 1307 984 1335 honorem

195 1350 254 1377 Filii
269 1351 403 1386 unigeniti
420 1351 455 1378 ab
469 1351 605 1379 altissitno
619 1351 708 1380 Patre.
721 1352 752 1378 Et
763 1353 850 1387 gratia
866 1353 986 1389 repletus

193 1400 246 1428 est.
264 1400 291 1424 et
306 1397 420 1424 veritate
431 1396 534 1425 Patris.

229 1443 263 1469 l5
286 1443 322 1471 De
342 1444 485 1479 earnigero
518 1447 608 1472 autem
638 1443 727 1472 Verbo
753 1445 922 1480 praenuntius
943 1445 985 1472 vir

192 1488 292 1516 Castus
313 1489 431 1517 Joannes
452 1489 624 1517 confirmavit
646 1490 838 1519 testiﬁcantem
859 1499 953 1519 vocem
975 1501 981 1519 :

194 1534 244 1561 llic
266 1537 309 1561 est
330 1542 410 1575 quem
432 1534 488 1561 dixi
506 1534 737 1569 irreprehensibili
763 1544 889 1564 sermone
910 1545 917 1564 :
944 1537 984 1565 Me
998 1547 1019 1575 ο

194 1579 350 1611 antecessit,
366 1573 500 1613 posterior
514 1580 559 1614 qui
569 1581 653 1610 venit,
665 1580 733 1614 Quia
741 1583 981 1617 mepriorerat.l6

193 1625 260 1652 Nam
285 1632 380 1652 omnes
405 1625 440 1652 ab
467 1625 527 1661 ipso
546 1626 710 1661 Aecepimus
740 1627 840 1656 divina:
863 1629 982 1664 plenitu-

193 1671 266 1697 (linis
281 1677 369 1697 seram
380 1670 459 1697 aliain
470 1669 629 1705 Oppositam
643 1673 727 1706 priori
739 1673 832 1708 gratia:
843 1675 958 1709 gratiam
971 1684 979 1702 :

193 1716 228 1742 17
249 1716 311 1751 quia
325 1716 392 1750 legis
407 1716 518 1744 Librum
531 1716 616 1744 totius
633 1716 713 1745 Pater
732 1726 780 1752 per
795 1718 898 1747 Mosem
912 1728 982 1755 prat-

194 1762 250 1789 huit
266 1762 378 1797 populo,
397 1762 430 1789 Et
446 1763 534 1798 gratia
553 1771 587 1791 ex
608 1763 730 1797 Christo,
746 1769 773 1792 et
793 1766 894 1793 veritas
907 1767 981 1794 venit

194 1807 306 1834 mundo.
324 1808 357 1835 l8
381 1808 414 1835 Et
437 1807 522 1836 Deum
541 1817 591 1844 per
612 1817 642 1837 se
663 1811 784 1845 genitum
807 1815 904 1839 contra
919 1820 982 1848 gra-

192 1853 332 1881 dientibus
344 1853 432 1882 oculis
448 1853 593 1890 Nunquam
613 1855 714 1891 aliquis
727 1856 813 1890 vidit;
835 1865 886 1885 suo
901 1866 983 1886 enar-

193 1900 266 1926 ravit
294 1908 420 1928 sermone
442 1900 489 1929 llle
504 1902 597 1929 divino
615 1903 779 1931 observatus
799 1908 934 1932 consueto
955 1905 982 1933 in

193 1945 267 1977 sinu,
281 1943 456 1980 Unigenitus,
473 1947 555 1974 simul
569 1948 716 1976 ambulans
731 1956 794 1976 cum
808 1950 983 1985 irreprehem

193 1996 266 2023 sibili
292 1995 384 2025 Putre.
409 1997 442 2024 l9
465 1997 625 2027 Testimonii
652 2008 716 2029 vero
743 2001 788 2029 hie
812 2009 855 2029 est
880 2010 982 2037 sermo,

193 2057 273 2083 quem
296 2049 444 2078 immortali
462 2051 579 2086 quatiam
596 2060 664 2080 voce
687 2052 789 2082 Fidelis
802 2053 923 2084 Joannes
938 2064 985 2084 ve-

192 2102 318 2138 riloquus
333 2103 401 2131 dixit
415 2104 443 2139 6
459 2112 559 2140 przeco,
576 2104 754 2134 Hebraeorum
773 2107 883 2143 quando
899 2116 984 2145 popu-

192 2153 236 2183 lus
256 2155 372 2185 desertte
392 2157 426 2184 ad
447 2157 559 2185 dorsum
577 2157 652 2186 silvae
668 2158 778 2188 Levitas
795 2162 939 2196 praemisit,
958 2168 985 2191 et

1038 936 1071 963 13
1086 935 1139 967 Οὓς
1156 934 1237 969 φύσις
1247 934 1296 961 οὐκ
1314 933 1391 961 ὥδινε
1411 935 1537 970 λεχωῖὰς,
1550 935 1646 969 οὺβίος
1664 935 1736 969 ἔγνω

1043 980 1205 1016 Ἀνδρομέου
1223 979 1368 1015 βλάστημα
1385 979 1548 1015 θελήματος,
1567 979 1627 1006 οὐδὲ
1645 979 1692 1006 καὶ
1706 979 1778 1015 αὺτὴ

1037 1026 1140 1062 Σαρκδς
1153 1025 1328 1062 ἐρωτοτόκοιο
1346 1025 1481 1060 γαμήλιος
1496 1025 1593 1061 ἤροσεν
1606 1025 1681 1060 εὐνὴ,

1042 1072 1123 1099 ’Λλλὰ
1137 1072 1205 1098 Θεοῦ
1216 1071 1348 1106 γεγάασιν
1365 1072 1484 1107 ἀνήροτα
1499 1071 1581 1097 τέκνα
1592 1071 1707 1106 Τοκῆος.

1037 1120 1071 1147 14
1088 1119 1144 1146 Kal
1161 1119 1247 1153 Λόγος
1262 1118 1453 1150 αὑτοτέλεστος
1463 1118 1606 1154 ἐσαρκώθη
1620 1118 1687 1151 Θεὸς
1696 1118 1777 1154 ἀνὴρ,

1043 1164 1196 1198 Ὀψίγονος,
1216 1163 1407 1199 προγένεθλος,
1424 1163 1453 1189 ἐν
1468 1163 1641 1199 ἀρρήτῳ-τινὶ
1657 1163 1750 1199 δεσμῷ

1035 1207 1164 1239 Ξυνώσας
1181 1207 1281 1244 ζαθέην
1297 1207 1444 1243 βροτοειδέῖ
1455 1207 1559 1241 σύζυγα
1572 1209 1689 1244 μορφήν.

1036 1253 1090 1280 Kal
1109 1253 1176 1285 Θεὸς
1195 1251 1269 1280 οἷκον
1284 1253 1357 1280 ἐναιε
1380 1253 1428 1279 σὺν
1443 1252 1567 1288 ἀνδράσι,
1587 1253 1634 1279 καὶ
1653 1253 1730 1285 κλέος
1746 1254 1830 1282 αὐτοῦ

1036 1298 1151 1333 Εἴδομεν
1164 1298 1352 1334 ἀνδρομέοισιν
1369 1298 1398 1325 ἐν
1412 1298 1543 1333 ὄμμασιν,
1562 1296 1606 1325 οἷά
1617 1307 1647 1325 τε
1658 1299 1742 1334 τιμὴν

1036 1343 1102 1370 Υίοῦ
1119 1344 1292 1379 μουνογόνοιο
1311 1343 1376 1380 παρ’
1392 1343 1513 1378 ὑψίστοιο
1528 1344 1643 1378 Tox-hoc.

1036 1389 1092 1415 Kal
1105 1389 1215 1424 χάριτος
1233 1389 1365 1424 πέπληθε,
1381 1389 1428 1416 καὶ
1437 1389 1567 1424 ἀτρεκὶης
1584 1388 1745 1424 Γενετῆρος.

1072 1434 1106 1462 15
1127 1435 1212 1470 ’Λμφὶ
1229 1435 1256 1461 δὲ
1272 1427 1744 1471 σαρκοφόροιοΛόγουῖπρωτάγγελος
1758 1436 1830 1472 ἀνὴρ

1042 1481 1136 1515 Ἀγνὺς
1154 1481 1281 1517 Ἰωάννης
1295 1481 1450 1508 πιστώσατο
1466 1482 1593 1517 μάρτυρα
1606 1482 1701 1518 φωνήν
1712 1489 1720 1497 ·

1036 1523 1119 1559 Οὗτος
1136 1526 1183 1562 ἔην
1196 1527 1224 1553 ὃν
1238 1526 1328 1553 ἔειπον
1341 1527 1483 1562 ἀμωμήτῳ
1499 1527 1539 1554 ἐνὶ
1555 1526 1642 1562 μύθῳ·

1038 1572 1149 1608 Πρῶτος
1164 1573 1239 1607 ἐμεῖο
1255 1571 1380 1608 βέϐηκεν,
1395 1572 1537 1608 όπίστερος
1553 1573 1625 1606 ὅστις
1640 1573 1740 1605 ἱκάνει,

1035 1618 1110 1644 Ὀττι
1127 1627 1176 1653 μευ
1191 1615 1226 1654 ἦν
1239 1617 1406 1654 πρώτιστος·
1416 1617 1446 1645 l6
1467 1619 1507 1645 ὅτι
1525 1619 1680 1655 ξύμπαντες
1690 1619 1738 1646 ἀπ’
1746 1618 1830 1646 αὐτοῦ

1039 1663 1182 1699 Ἠράμεθα
1198 1663 1295 1695 ζαθέου
1313 1663 1496 1701 πληρώματος
1503 1665 1607 1701 ,δψιμον
1621 1665 1705 1701 ἄλλην

1039 1709 1188 1736 ’Λντίοετον
1198 1711 1333 1747 προτέρης
1341 1711 1450 1746 χάριτος
1464 1709 1557 1747 χᾶρινο
1570 1711 1602 1738 17
1624 1712 1681 1739 ὅττι
1693 1710 1830 1747 Θεμίστων

1033 1754 1128 1791 Βίϐλον
1141 1755 1209 1782 ὅλων
1222 1756 1338 1792 Γενέτης
1350 1756 1393 1783 διὰ
1412 1757 1526 1788 Μωσὲος
1543 1755 1638 1782 ὤπασε
1650 1756 1720 1791 λαῷ⁷

1033 1801 1089 1827 Kal.
1099 1801 1179 1837 χάρις
1194 1802 1226 1828 ἐκ
1241 1802 1379 1837 Χριστοῖο,
1399 1803 1446 1829 καὶ
1466 1802 1580 1838 ἀτρεκίη
1596 1802 1660 1829 πέλε
1675 1803 1783 1838 κόσμῳ.

1034 1846 1068 1874 18
1083 1848 1136 1874 Kal
1151 1847 1216 1875 Θεὸν
1231 1847 1421 1882 αὐτογένεθλον
1436 1849 1465 1875 ὲν
1481 1848 1665 1884 ἀντιπόροισιν
1679 1849 1806 1880 όπωπαῖς

1036 1893 1141 1920 Οὔτιοτέ
1153 1902 1196 1925 τις
1213 1893 1377 1926 σκοπίαζεν·
1392 1894 1429 1930 ἐῷ
1439 1894 1604 1930 διεπέφραδε
1619 1894 1699 1930 μύθῳ

1035 1939 1132 1972 Κεῖνος
1147 1940 1161 1965 ό
1174 1939 1311 1976 Θεσπεσίῳ
1328 1940 1518 1976 μεμελημένος
1525 1940 1605 1976 necta
1622 1941 1715 1976 κόλπῳ

1034 1984 1217 2021 Μουνογενὴς,
1236 1986 1379 2021 ὁμόφοιτος
1398 1986 1558 2022 ἀμωμήτοιο
1570 1987 1684 2022 Τοκῆος.

1036 2030 1069 2058 19
1085 2030 1246 2066 Μαρτυρίης
1264 2030 1286 2058 δ’
1301 2031 1344 2058 ὅδε
1365 2031 1460 2067 μῦθος,
1477 2030 1507 2058 ὃν
1527 2031 1666 2067 ἀμϐροσίῃ
1681 2032 1737 2059 τινὶ
1750 2034 1826 2068 φωνῇ

1035 2076 1134 2108 Πιστὸς
1160 2077 1285 2112 Ἰωάννης
1297 2077 1461 2113 ὲτυμόθροος
1473 2077 1568 2105 ἔννεπε
1582 2079 1616 2113 κή
1622 2078 1679 2113 ρυξ,

1038 2121 1064 2157 7
1086 2121 1219 2157 Ἑϐραίων
1237 2122 1279 2148 ὅτε
1291 2122 1355 2154 λαὸς
1370 2123 1506 2158 ἐρημάδος
1520 2124 1558 2155 εἰς
1569 2124 1647 2158 ῥάχιν
1656 2123 1722 2159 ὕλης

1036 2167 1152 2200 Λευῖτας
1168 2168 1307 2203 προΐαλλε,
1320 2168 1366 2195 καὶ
1379 2169 1535 2204 ἀγρύπνους
1548 2169 1653 2204 ῑερῆας,

798 2247 936 2278 TEXTUS
955 2251 1221 2283 EVANGELISTAE.

228 2317 245 2344 9
255 2315 350 2366 :Hv'tb
363 2316 421 2351 φῶς
429 2317 459 2366 τὸ
475 2316 611 2366 ἀληθινὸν,
624 2317 639 2343 ὃ
652 2317 764 2352 φωτίζει
777 2318 866 2346 πάντα
879 2320 984 2358 ἄνθρω-
1000 2335 1021 2363 D
1036 2325 1206 2361 Μονογενοῡς
1219 2326 1295 2363 παρὰ
1316 2327 1433 2364 Πατρδς)
1449 2327 1556 2364 πλήρης
1573 2327 1684 2364 χάριτος
1699 2329 1747 2356 καὶ
1760 2329 1828 2366 ἀλη-

193 2368 244 2386 πον
255 2359 404 2394 ἐρχόμενον
418 2359 457 2390 εἰς
471 2359 517 2385 τὸν
531 2359 645 2394 κόσμον.

229 2407 262 2435 10
284 2407 328 2433 Ἐν
344 2406 384 2442 τῷ
398 2406 493 2442 κόσμῳ
506 2404 551 2442 ἦν,
567 2407 615 2432 καὶ
631 2406 646 2432 6
663 2405 764 2441 κόσμος
778 2406 814 2434 δι’
825 2408 909 2437 αὑτοῦ
923 2411 983 2446 ἐγέ-

194 2457 265 2475 νετο·
283 2449 330 2475 καὶ
344 2449 357 2475 ὁ
369 2448 471 2482 κόσμος
481 2448 561 2474 αὑτὸν
572 2449 623 2475 οὐκ
640 2449 720 2484 ἔγνω.
975 2451 979 2454 ’

175 2485 178 2488 ⁴
228 2497 258 2524 11
270 2497 317 2528 Εἰς
325 2497 358 2523 τὰ
369 2496 421 2523 ἴδια
428 2493 505 2531 ἦλθε,
519 2497 566 2523 καὶ
576 2497 600 2523 οί
613 2497 672 2524 ἴδιοι
686 2498 768 2526 αὑτὸν
779 2499 809 2526 οὐ
819 2501 982 2537 παρέλαϐον·

229 2545 263 2571 12
281 2545 357 2571 Ὅσοι
371 2544 399 2570 δὲ
413 2544 509 2571 ἔλαϐον
524 2545 615 2578 αὑτὸν,
636 2545 736 2573 ἔδωκεν
749 2549 841 2581 αὐτοῖς
858 2550 984 2582 ἐξουσίαν

193 2585 277 2612 τέκνα
287 2585 354 2612 Θεοῦ
365 2585 502 2619 γενέσθαι,
528 2588 585 2619 τοῖς
604 2588 778 2616 πιστεύουσιν
800 2592 840 2622 εις
854 2591 885 2617 τὸ
899 2591 985 2626 ὄνομα

194 2634 288 2653 αυτου·

230 2674 264 2717 15
279 2674 309 2717 Οἳ
326 2675 376 2701 οὐκ
390 2675 420 2708 ἐξ
432 2675 566 2712 αἱμάτων,
583 2677 645 2704 οὐδὲ
661 2678 692 2705 ἐκ
704 2679 858 2717 θελήματος
872 2681 983 2716 σαρκὸς,

192 2715 253 2784 ἓύδὲ
278 2716 310 2744 ἐκ
335 2717 486 2754 θελήματος
516 2718 622 2754 ἀνδρὸς,
651 2720 708 2748 ἀλλ’
730 2715 850 2749 ἐκθεοῦ
871 2715 985 2758 ἐγεννή-

210 2766 291 2784 τισαν.

210 2766 291 2791 ησαν.

229 2807 263 2834 14
279 2808 333 2834 Kal.
353 2808 368 2835 ὁ
391 2808 476 2843 Λόγος
491 2808 558 2845 σὰρξ
572 2810 681 2845 ἐγένετο
693 2831 700 2843 ,
727 2811 773 2837 καὶ
786 2812 939 2847 ἐσκήνωσεν
954 2813 983 2839 ἐν

193 2847 260 2885 ἡμῖν
286 2849 345 2885 (καὶ
376 2851 546 2887 ἐθεασάμεθα
572 2852 623 2888 τὴν
641 2852 720 2885 δόξαν
737 2852 831 2886 αὐτοῦ,
847 2853 925 2886 δόξαν
946 2854 983 2886 ὡς

1037 2367 1120 2400 Θείας.

1074 2409 1108 2437 15
1131 2410 1258 2446 Ἰωάννης
1272 2413 1406 2447 μαρτυρεῖ
1422 2411 1486 2447 περὶ
1509 2411 1608 2444 αὐτοῦ,
1628 2412 1675 2439 καὶ
1694 2411 1825 2449 κέκραγε,

1037 2450 1123 2485 λέγων
1135 2459 1141 2466 ·
1158 2449 1241 2484 Οὗτος
1252 2450 1286 2488 ἦν
1299 2453 1329 2478 ὃν
1345 2451 1437 2479 εἷπον·
1459 2453 1487 2479 '0
1499 2454 1586 2480 ὀπίσω
1602 2462 1652 2489 μου
1668 2453 1825 2490 ἐρχόμενος,

1037 2492 1192 2528 ἔμπροσθέν
1213 2502 1263 2529 μου
1277 2494 1387 2528 γέγονεν
1401 2503 1407 2510 ·
1420 2495 1460 2521 ὅτι
1474 2495 1583 2531 πρῶτός
1599 2504 1650 2531 μου
1660 2493 1704 2530 ἦν.

1074 2534 1107 2562 16
1118 2535 1171 2562 Kal
1184 2535 1216 2562 ἐκ
1222 2536 1268 2562 τοῦ
1281 2535 1465 2572 πληρώματος
1473 2536 1555 2564 αὐτοῦ
1567 2538 1647 2572 ἡμεῖς
1656 2537 1756 2569 πάντες
1769 2537 1827 2565 ἐλά-

1038 2576 1131 2612 ϐομεν,
1143 2577 1190 2604 καὶ
1200 2577 1279 2613 χάριν
1294 2578 1356 2604 ἀντὶ
1368 2578 1488 2613 χάριτος,

1076 2618 1107 2644 l'l
1123 2618 1185 2645 Ὅτι
1199 2618 1304 2654 όνόμος
1319 2619 1362 2646 διὰ
1379 2619 1501 2652 Μωσέως
1514 2619 1606 2655 ἐδόθη·
1624 2620 1641 2656 ἠ
1653 2619 1733 2656 χάρις
1747 2621 1796 2648 καὶ
1809 2623 1826 2657 ὴ

1037 2659 1149 2695 ἀλήθεια
1162 2659 1207 2686 διὰ
1227 2659 1314 2694 Ἰησοῦ
1329 2660 1447 2695 Χριστοῦ
1459 2662 1577 2695 ἐγένετο.

1073 2701 1104 2728 18
1114 2700 1181 2727 Θεὸν
1193 2701 1278 2733 οὐδεὶς
1291 2701 1397 2737 ἑώρακε
1418 2702 1541 2729 πώποτε¹
1558 2702 1572 2728 ὁ
1588 2703 1734 2739 μονογενὴς
1750 2703 1826 2736 Υἱὸς,

1035 2743 1049 2769 δ
1066 2742 1104 2769 ὣν
1115 2743 1154 2774 είς
1164 2743 1211 2769 τὸν
1224 2743 1324 2770 κόλπον
1335 2743 1382 2770 τοῦ
1404 2744 1521 2779 Πατρὸς,
1536 2744 1639 2776 ἐκεῖνος
1661 2744 1826 2780 ἐξηγήσατο.

1073 2784 1107 2812 19
1121 2784 1175 2811 Καὶ
1192 2784 1262 2820 αὕτη
1283 2784 1357 2811 ἐστὶν
1378 2786 1394 2821 ὴ
1411 2786 1550 2821 μαρτυρία.
1563 2785 1611 2812 τοῦ
1631 2786 1766 2818 Ἰωάννου,
1781 2786 1826 2813 ὅτε

1036 2825 1200 2853 ἀπέστειλαν
1220 2826 1243 2852 οἱ
1273 2826 1393 2853 Ἰουδαῖοι
1415 2827 1444 2860 ἐξ
1468 2826 1662 2863 Ἰεροσολύμων
1680 2827 1765 2863 ἱερεῖς
1778 2825 1828 2855 καὶ

1038 2867 1163 2900 Λευῖτας,
1176 2868 1219 2895 ἵνα
1238 2869 1411 2904 ἐρωτήσωσιν
1424 2868 1505 2896 αὐτόν
1515 2877 1521 2884 ·
1537 2869 1573 2896 Σὺ
1588 2869 1629 2901 τίς
1643 2865 1680 2902 εἷς
