1953 3040
200 175 252 202 755

817 180 921 208 NONNI
941 179 1194 208 PANOPOLITAM

1782 184 1844 213 756

199 241 283 268 prope
296 241 383 269 agnus
400 235 528 270 prudens.
544 235 579 264 50
594 235 644 264 Hie
660 243 702 264 est
719 237 752 264 de
767 246 821 272 quo
841 238 916 266 dixi:
932 239 982 266 Po-

1045 239 1131 265 Ἠνίδε
1143 239 1311 273 παγγενὲταο
1323 238 1389 265 Θεοῦ
1407 239 1500 274 σχεδὸν
1515 239 1600 275 ἀμνὸς
1613 239 1747 275 ἐχέφρων.

199 279 297 306 sterior
319 279 393 307 venit
415 280 455 307 vir
476 280 527 313 Qui
554 287 618 309 ante
640 290 683 309 me
705 287 775 310 erat.
795 284 825 310 51
851 283 908 319 Ego
922 292 987 312 vero

199 324 288 357 ipsum
310 331 362 350 non
381 328 461 352 antea
478 326 594 360 cognovi
615 326 720 358 Oculis,
745 327 792 355 sed
815 333 844 355 ut
859 329 988 356 omnibus

199 369 302 397 habens
329 370 496 405 incognitam
523 372 619 399 faciem
644 372 728 400 Israel
753 373 815 402 liliis
839 381 894 401 non
915 374 988 404 desi-

197 413 288 447 gnatis
319 415 559 448 manifestaretur,
583 417 650 444 Veni
674 425 725 453 ego
748 426 901 452 prazcursur
932 428 987 447 non

197 459 352 494 praedicata:
378 461 437 493 vite,
462 461 608 497 Baptizans
631 464 783 496 indoctum,
813 466 984 494 incredulum

197 506 337 541 populum,
353 512 503 535 errantem.

230 607 266 634 52
281 607 314 634 Et
337 609 464 643 aperiens
488 617 520 636 os
541 610 675 642 divmum,
695 611 746 638 toti
766 611 919 639 sciscitanti
941 620 986 647 po-

194 655 259 689 pulo
271 653 471 682 Testimonium
488 655 558 682 dixit
577 663 627 684 sua
640 664 736 684 omnes
753 657 924 685 demulcente
939 666 986 685 vo-

194 708 226 727 ce
243 709 250 726 :
264 700 343 733 Quod
359 700 466 728 scilicet
480 709 495 728 a
511 702 673 729 ccelestibus
690 702 902 730 descendentem
917 703 986 731 vidit

194 745 302 773 sinibus
321 746 455 782 Spiritum
477 747 536 779 Dei,
550 748 655 776 alarum
666 748 786 777 delatum
805 751 930 785 prudenti
946 751 986 777 vi-

194 791 329 824 bratione,
343 793 383 819 Ad
397 800 555 827 expressam
573 794 752 822 imitationem
775 797 917 828 columbae,
940 797 986 823 do-

193 845 243 865 nec
258 846 341 873 super
362 839 450 874 ipsum
467 838 557 872 Venit,
576 844 603 867 et
621 841 658 867 ibi
681 842 793 869 mansit.
813 842 848 869 55
868 842 924 878 Ego
940 850 985 869 au-

192 887 247 910 tem
263 884 352 918 ipsum
371 892 425 911 non
443 889 523 912 antea
541 887 667 920 cognovi,
689 886 741 914 Sed
759 888 825 915 mihi
844 889 901 924 ipse
916 889 985 916 dixit

1038 283 1073 309 '50
1090 280 1174 315 Οὗτος
1186 283 1233 319 ἔην
1252 284 1281 310 ὃν
1294 283 1395 310 ἕειποψ
1422 285 1577 319 Ὀπίστερος
1593 284 1701 320 ἔρχεται
1713 285 1800 321 ἀνὴρ,

1040 328 1089 359 ’ος
1106 337 1156 363 μευ
1174 329 1223 363 ἔφυ
1238 329 1432 365 προπάροιθεν.
1453 329 1483 357 51
1505 329 1574 364 Ἐγὼ
1589 331 1617 356 δέ
1634 339 1680 365 μιν
1696 330 1727 357 οὐ
1744 331 1839 367 πάρος

1696 375 1798 412 [ἔγνων

1040 421 1190 456 Ὀμμασιν,
1203 421 1261 448 ἀλλ’
1276 423 1319 448 ἵνα
1333 422 1416 448 πᾶσιν
1432 421 1500 457 ἔχων
1517 422 1656 456 ἄγνωστον
1668 422 1784 455 ὀπωπὴν

1047 467 1154 503 Ἰσραὴλ
1169 468 1306 494 τεκέεσσιν
1319 468 1499 504 ἀσημάντοισι
1513 469 1619 504 φανείη,

1037 511 1139 540 Ἦλθον
1152 514 1206 548 ἐγὼ
1223 514 1404 549 προκελευοος
1423 515 1588 550 ἀκηρύκτοιο
1598 516 1722 551 πορείης,

1038 559 1179 592 Βαπτίζων
1193 560 1334 587 ἀδίδακτον
1349 560 1469 587 ἀπευθέα
1484 561 1546 588 λαὸν
1564 561 1676 597 ἀλήτην.

1072 606 1108 632 52
1124 607 1178 632 Kal.
1193 607 1313 638 πετάσας
1327 607 1413 641 στόμα.
1429 607 1510 639 θεῖον,
1525 607 1578 643 ὅλῳ
1594 607 1750 641 φιλοπευθέῖ
1764 608 1824 644 λαῷ

1037 651 1198 687 Μαρτυρίην
1210 652 1341 688 ἀγόρευεν
1357 654 1387 688 ἑῇ
1402 653 1547 687 πανθελγέῖ
1563 655 1649 689 φωνῇ,

1037 697 1117 724 ’Ὀττι
1133 706 1185 732 περ
1196 697 1323 733 αίθερίων
1338 699 1538 733 κατανεύμενον
1552 698 1648 734 ἔδρακε
1665 700 1774 726 κόλπων

1036 740 1147 778 Πνεῦμα
1157 743 1237 774 Θεοῦ,
1246 743 1389 778 πτερύγιον
1398 744 1584 780 πεφορημένον
1592 744 1706 780 ἔμφρονι
1717 746 1830 781 παλμῷ,

1043 788 1201 814 ’Λντίτυπον
1220 788 1333 823 μίμημα
1345 788 1495 821 πελειάδος,
1513 788 1592 824 ἄχρις
1603 789 1646 815 ἐπ’
1662 789 1741 816 αὐτὸν

1035 831 1132 866 Ἷὶλθε,
1144 834 1190 861 καὶ
1210 834 1301 860 αὐτόθι
1313 835 1419 870 μίμνεν.
1441 835 1476 861 55
1495 834 1565 869 Ἐγὼ
1576 835 1605 862 δέ
1623 844 1668 870 μιν
1687 837 1717 862 οὐ
1740 836 1832 871 πάρος

1684 881 1793 917 [ἕγνων,

193 936 242 956 sua
261 929 440 964 signilieativa
457 939 534 964 voce,
550 931 601 964 Qui
621 940 664 959 me
682 934 823 967 praemisit,
839 942 982 969 regenera-

1045 924 1124 951 Ἀλλά
1138 933 1183 960 μοι
1196 925 1277 956 αὐτὸς
1290 925 1379 951 ἔειπεν
1395 926 1425 961 ἑῇ
1444 926 1593 962 σημάντορι
1609 928 1695 962 φωνῇ,

192 978 282 1001 torum
306 981 406 1010 corpus
430 976 572 1003 hominum
599 977 741 1012 Baptizare
764 986 818 1006 non
840 980 931 1014 ignitis
957 985 984 1008 et

190 1022 287 1055 spiritu
302 1023 694 1058 carentibuslavacris:Super
711 1033 790 1060 quem
808 1027 983 1061 conspexeris

193 1066 280 1093 levem
300 1066 511 1094 descendentem
531 1068 665 1102 Spiritum
682 1068 729 1096 Dei
756 1071 940 1106 intelligentis,
957 1077 984 1100 et

193 1112 230 1139 ibi
249 1111 363 1140 ﬁrmiter
379 1118 545 1145 manentem,
566 1114 615 1141 Hic
636 1123 690 1142 non
716 1116 874 1144 illuminatis
896 1118 982 1144 lucem

193 1152 353 1184 hominibus
379 1157 528 1192 prmbehit,
560 1158 624 1194 igne
653 1160 794 1195 baptizans
818 1165 844 1188 ct
874 1162 981 1196 spiritu.

190 1202 224 1229 51
234 1201 267 1228 Ει
277 1202 365 1237 ipsum
379 1203 466 1230 oculis.
477 1202 536 1230 Vidi
551 1209 645 1239 ego,et
656 1205 709 1232 dixi
724 1210 815 1233 veram
832 1207 982 1234 tcstilican-

189 1254 244 1275 tem
260 1256 364 1280 vocem,
376 1248 454 1281 Quod
466 1249 510 1276 Dei
523 1249 610 1277 Filius
629 1251 673 1278 hic
689 1250 752 1286 [est]
769 1259 876 1286 semper
888 1253 981 1280 viven-

190 1294 226 1320 lis
239 1293 341 1321 Patris.
359 1294 394 1321 55
412 1294 464 1322 Sed
479 1302 541 1321 cum
556 1303 620 1323 sane
637 1297 723 1323 lucem
738 1297 817 1323 aliam
835 1305 982 1326 recurrens

192 1340 244 1374 10
261 1339 420 1367 adduxisset
440 1348 551 1372 aurora,
571 1341 682 1370 Divinus
700 1343 741 1368 vir
757 1343 842 1374 stetit,
865 1343 920 1371 duo
934 1351 982 1371 au-

189 1389 243 1412 tem
258 1385 338 1420 juxta
350 1393 412 1413 eum
426 1385 553 1421 discipuli
567 1386 666 1414 Christi
679 1387 776 1414 divinrc
793 1388 877 1422 ignari
893 1388 981 1416 adhuc

190 1431 285 1458 forma:
298 1441 304 1458 :
318 1431 352 1459 56
364 1431 505 1459 Christum
517 1433 614 1460 videns
625 1433 792 1461 incedentem
809 1442 891 1469 super
906 1442 980 1462 mea-

189 1477 270 1504 bilem
285 1483 386 1505 terram
405 1478 559 1513 pedestrem
577 1479 834 1510 viatorem,Currus
854 1480 981 1516 altigradi

189 1524 335 1551 sublimem
358 1525 482 1559 aurigam
508 1524 608 1552 Castus
623 1523 752 1556 Joannes,
775 1534 871 1553 rursus
889 1527 981 1554 sonuit

189 1574 320 1596 consueta
336 1577 420 1597 voce:
437 1569 487 1597 llic
502 1570 623 1597 caelestis
642 1569 687 1597 Dei
704 1571 817 1606 loquens
833 1579 920 1607 agnus
938 1572 980 1599 in—

189 1615 272 1642 cedit.
292 1615 328 1642 57
343 1615 375 1642 lit
390 1616 509 1642 divinam
528 1616 671 1644 audientes
689 1618 793 1644 veracis
814 1618 864 1645 viri
886 1625 978 1646 vocem

189 1659 249 1687 Non
266 1666 392 1688 errantes
405 1661 461 1688 duo
479 1661 543 1693 viri,
562 1663 728 1697 posteriores
744 1667 876 1690 venerunt
891 1663 978 1691 viato-

191 1715 234 1736 res
254 1707 363 1734 Cliristo
383 1708 534 1736 incedente.
558 1708 593 1735 58
614 1708 647 1734 Ει
662 1716 709 1743 per
724 1717 753 1736 se
765 1709 872 1736 doctum
891 1709 980 1736 visum

190 1755 398 1789 llespectantem
421 1755 544 1789 geminos
569 1754 602 1780 ad
619 1754 693 1781 viros
710 1755 837 1786 volvens,
857 1754 978 1790 Sequen-

191 1801 258 1827 tium
270 1800 451 1835 interrogavit
463 1800 686 1834 conjunctionern
697 1800 831 1835 geminam
846 1801 981 1829 virorum:

189 1846 224 1875 59
239 1846 298 1874 I‘lue
313 1847 379 1882 quid
392 1851 539 1882 querentes
550 1847 669 1875 venitis?
684 1845 715 1872 Et
729 1854 809 1874 unam
827 1847 906 1875 ambo
921 1846 980 1874 Sci-

189 1892 388 1929 scitantellege
411 1892 575 1920 concordem
595 1897 748 1920 sonuerunt
763 1901 868 1926 vocem,
891 1893 978 1921 llabbi

189 1946 274 1982 (quod
296 1949 396 1973 vocant
419 1945 586 1981 prwceptor),
601 1945 713 1973 ubinam
742 1945 869 1974 habitas?
892 1947 927 1974 40
948 1945 982 1972 Et

190 2007 272 2026 unam
295 1998 429 2026 ambobus
445 1997 503 2025 Rex
519 1998 832 2025 communicavitvocem
848 2006 855 2026 :
872 1997 980 2033 Venite,

189 2057 216 2079 et
231 2052 330 2079 videte.
347 2051 380 2078 Et
398 2055 532 2079 venerunt
547 2051 674 2086 usquead
691 2051 812 2083 domum,
831 2051 863 2078 Et
877 2051 981 2079 didice-

189 2103 255 2126 runt
270 2099 317 2126 ubi
333 2099 477 2126 habitaret.
503 2097 648 2126 Domestici
666 2106 730 2126 vero
746 2098 874 2134 discipuli
901 2098 975 2126 Diem

190 2151 267 2178 illum
290 2145 483 2187 transégerunt
502 2150 573 2178 intra
597 2150 704 2178 Christi
719 2151 842 2184 domum,
869 2149 925 2178 Deo
938 2153 980 2179 vi-

189 2203 243 2232 cini
258 2204 370 2233 Decima
383 2207 474 2231 autem
490 2203 569 2230 velox
583 2203 707 2231 cucurrit
723 2203 802 2231 hera.

1036 970 1131 1001 Ὅστις
1146 971 1195 1005 ἐμὲ
1210 970 1328 1005 προέηκε
1343 970 1527 1005 παλιγγενέων
1543 971 1625 1007 δέμας
1640 972 1745 1007 ἀνδρῶν

1034 1015 1190 1048 Βαπτίζειν,
1208 1015 1338 1051 ἀπύροισι
1351 1016 1398 1042 καὶ
1417 1017 1590 1044 ἁπνεύστοισι
1605 1019 1734 1053 λοετροῖς·

1033 1061 1081 1093 Et;
1093 1061 1122 1088 ὃν
1139 1061 1172 1088 ἂν
1183 1061 1331 1097 ἁθρήσειας
1347 1062 1496 1098 ὑπηνέμιον
1511 1063 1675 1090 καταϐαῖνον

1034 1108 1146 1144 Πνεῦμα
1158 1109 1224 1135 Θεοῦ
1236 1109 1348 1144 νοεροῖο,
1365 1110 1412 1136 καὶ
1427 1109 1519 1137 αὐτόθι
1531 1109 1634 1145 ἔμπεδα
1654 1111 1760 1146 μίμνει,

1034 1152 1118 1186 Οὗτος
1133 1154 1311 1189 ἀφωτίστοισι
1324 1154 1390 1189 φάος
1404 1155 1567 1191 μερόπεσσιν
1583 1155 1707 1189 ὀπάσσει,

1040 1200 1084 1227 Ἐν
1095 1200 1162 1235 πυρὶ
1179 1199 1316 1235 βαπτίζων
1329 1201 1376 1227 καὶ
1389 1201 1535 1236 πνεύματι,
1552 1201 1587 1228 54
1603 1202 1656 1228 Καί
1669 1211 1716 1237 μιν
1727 1203 1828 1239 ὀπωπῇ

1034 1244 1113 1273 Εἶδον
1133 1246 1197 1280 ἐγὼ,
1217 1248 1264 1273 καὶ
1279 1246 1370 1273 ἔειπον
1380 1247 1483 1283 ἀληθέα
1497 1248 1623 1283 μάρτυρα
1643 1249 1744 1284 φωνὴν,

1034 1293 1111 1318 Ὅττι
1124 1292 1191 1318 Θεοῦ
1201 1294 1277 1327 γόνος
1292 1290 1379 1325 οὗτος,
1394 1294 1518 1325 ἁειζώοιο
1532 1295 1553 1320 Τ
1555 1295 1645 1330 οκῆος.

1039 1336 1074 1364 35
1091 1341 1162 1368 Ἀλλ’
1175 1341 1220 1367 ὅτε
1228 1340 1259 1376 δὴ
1276 1340 1342 1374 φάος
1358 1340 1421 1366 ἄλλο
1433 1340 1611 1375 παλίνδρομος
1625 1340 1725 1374 ἤγαγεν
1740 1339 1809 1373 ἠὼς,

1035 1382 1083 1417 ιι
1097 1383 1173 1414 Θεῖος
1185 1383 1254 1418 ἀνὴρ
1267 1384 1376 1417 ἕστηκε,
1394 1382 1448 1409 δύω
1456 1382 1484 1409 δέ
1500 1384 1524 1409 οἱ
1539 1383 1602 1418 ἄγχι
1617 1383 1737 1418 μαθηταὶ

1032 1428 1150 1463 Χριστοῦ
1163 1428 1310 1463 θεσπεσίης
1324 1428 1475 1463 ἀδαήμονες
1490 1428 1574 1455 είσέτι
1593 1429 1699 1464 μορφῆς
1710 1437 1716 1443 ·

1032 1473 1066 1500 56
1077 1474 1195 1509 Χριστὸν
1209 1473 1270 1500 ἰδὼν
1287 1474 1425 1509 στείχοντα
1437 1473 1519 1509 βατὴν
1530 1474 1611 1509 χθόνα
1627 1473 1707 1506 πεζὸν
1722 1473 1826 1508 ὁδίτην,

1033 1519 1065 1544 ’Ἃ
1072 1526 1174 1554 ρματος
1190 1517 1331 1553 ύψιπόροιο
1347 1518 1490 1553 μετάρσιον
1505 1518 1618 1553 ἡνιοχῆα

1039 1563 1134 1597 Ἅγνὸς
1153 1563 1290 1598 Ἰωάννης,
1304 1563 1383 1590 πάλιν
1397 1564 1471 1598 ἴαχεν
1485 1563 1563 1597 ὴθάδι
1579 1565 1665 1598 φωνῇ·

1034 1606 1118 1640 Οὗτος
1134 1609 1306 1644 ὲπουρανίοιο
1322 1608 1389 1635 Θεοῦ
1401 1609 1478 1641 λάλος
1495 1609 1580 1644 ἀμνὸς
1593 1609 1690 1636 ὁδεύει.

1028 1654 1065 1682 '57
1078 1655 1132 1682 Kal
1151 1649 1250 1691 ζαθέην
1264 1656 1369 1688 ἀΐοντες
1383 1655 1497 1690 ἁληθέος
1506 1655 1602 1690 ἀνδρὸς
1616 1655 1681 1691 ίωὴν

1037 1700 1184 1732 Ἀπλανέες
1195 1700 1241 1727 δύο
1254 1700 1351 1734 φῶτες,
1368 1700 1507 1735 ὀπίστεροι
1521 1697 1602 1735 ἦλθον
1617 1699 1701 1726 ὁδῖται

1033 1743 1150 1780 Χριστοῦ
1166 1743 1361 1778 νεισσομένοιο-
1377 1743 1410 1770 58
1429 1743 1483 1770 Kal.
1505 1743 1691 1770 αὐτοδίδακτον
1710 1743 1825 1778 ὀπωπὴν

1039 1787 1318 1824 Ἐντροπαλιξομένην
1328 1787 1456 1823 διδύμους
1466 1789 1512 1815 ἐπὶ
1527 1788 1621 1823 φῶτας
1636 1788 1736 1820 ἑλίξας,

1039 1834 1211 1869 Ἑσπομένων
1225 1834 1327 1869 ἐρέεινε
1340 1834 1474 1869 συνωρίδα
1488 1833 1596 1869 δίζυγον
1611 1834 1716 1870 ἀνδρῶν
1727 1842 1734 1850 ·

1032 1881 1067 1909 59
1082 1880 1166 1918 Δεῦρο
1180 1882 1205 1908 τί
1220 1881 1398 1916 μαστεύοντες
1415 1881 1520 1909 ίκάνετε
1533 1890 1540 1914 ;
1555 1881 1609 1908 Kal.
1624 1881 1687 1916 μίαν
1697 1880 1782 1916 ἄμφω

1035 1927 1205 1962 Πευθομὲνου
1212 1927 1345 1963 Βασιλῆος
1361 1927 1491 1963 ὀμόθροον
1502 1928 1577 1962 ἴαχον
1594 1926 1694 1962 αὐδήν·

1040 1973 1151 2000 Ῥαὸϐὶν
1164 1973 1242 2008 (ὅπερ
1255 1973 1382 2000 καλέουσι
1393 1973 1629 2009 διδάσκαλε),πῆ
1646 1981 1710 1999 ποτε
1725 1972 1823 2005 ναίειςς

1033 2019 1068 2047 40
1079 2020 1134 2046 Καὶ
1147 2020 1210 2055 μίαν
1223 2019 1415 2055 ἀμφοτέροισιν
1423 2019 1509 2052 Ἀναξ
1519 2019 1657 2052 ξυνώσατο
1668 2019 1769 2053 φωνήν·

1033 2064 1127 2098 Δεῦτε,
1147 2066 1194 2092 καὶ
1206 2065 1360 2101 ἁθρὴσοιτε.
1381 2065 1437 2092 Kal.
1453 2065 1552 2101 ἤλυθον
1567 2065 1629 2100 ἄχρι
1644 2064 1789 2100 μελάθροδ,

1033 2111 1088 2138 Καὶ
1104 2111 1187 2147 μάθον
1200 2111 1300 2138 ὁππόθι
1315 2113 1398 2138 ναῖεν.
1423 2111 1590 2147 Ὑπωρόφιοι
1603 2110 1631 2136 δὲ
1650 2109 1773 2145 μαθητα)⁵

1033 2155 1131 2193 Ἦμαρ
1149 2158 1236 2184 ἐκεῖνο
1249 2158 1379 2185 τέλεσσαν
1396 2158 1449 2184 ἔσω
1462 2158 1590 2193 Χριστοῐο
1607 2155 1754 2192 μελάθρου,

1041 2203 1185 2239 Ἀγχίθεοι.
1201 2204 1305 2240 Δεκάτη
1320 2204 1348 2230 δὲ
1365 2203 1514 2240 ποδήνεμος
1525 2203 1634 2239 ἔτρεχεν
1645 2201 1715 2238 ὥρη.

795 2271 936 2300 TEXTUS
955 2272 1218 2301 EVANGELISTAE.

224 2345 259 2374 50
274 2343 357 2378 Οὗτός
371 2346 428 2372 ἐστι
444 2344 508 2379 περὶ
518 2341 549 2371 οὗ
565 2343 620 2378 ὲγὼ
637 2341 714 2370 εἶπον
724 2351 730 2358 ο
755 2343 857 2370 Ὀπίσω
870 2353 921 2379 μου
934 2344 980 2380 ἐρ-
997 2346 1019 2374 D
1070 2345 1104 2373 55
1116 2345 1155 2381 Τῇ
1168 2345 1298 2380 ἐπαύριον
1320 2345 1400 2372 πάλιν
1419 2344 1540 2379 εἱστήκει
1553 2343 1567 2369 ὁ
1584 2341 1720 2377 Ἰωάννης,
1734 2340 1781 2369 καὶ
1793 2341 1831 2381 ἐκ.

189 2397 265 2424 χεται
285 2387 363 2424 ἀνὴρ,
379 2387 408 2419 ὃς
421 2385 575 2422 ἔμπροσθέν
600 2393 650 2420 μου
673 2385 798 2419 γέγονεν’
814 2385 854 2412 ὅτι
877 2385 983 2421 πρῶτός

202 2439 241 2457 nou
258 2428 302 2457 ἧν.

191 2439 361 2506 εὴοῒ-ἰιηίῖὰγὼ
373 2472 424 2498 οὐκ
439 2471 513 2506 ᾔδειν
530 2469 611 2496 αὐτόν
622 2477 629 2484 ν
649 2468 706 2495 ἀλλ’
724 2469 767 2496 ἵνα
783 2470 927 2505 φανερωθῇ
944 2470 983 2505 τῷ

195 2514 314 2550 Ἰσραὴλ,
328 2513 372 2540 διὰ
384 2512 462 2539 τοῦτο
474 2510 555 2548 ἦλθον
572 2511 627 2545 ἐγὼ
643 2511 670 2537 ἐν
686 2510 725 2546 τῷ
743 2511 817 2538 ὕδατι
832 2512 981 2547 βαπτίζων.

226 2555 260 2582 52
279 2554 335 2581 Καὶ
356 2553 548 2589 ἐμαρτύρησεν
575 2552 713 2588 Ἰωάννης,
730 2553 833 2588 λέγων·
857 2554 919 2580 Ὅτι
940 2562 984 2580 τε·

191 2597 291 2632 θέαμαι
313 2595 343 2622 τδ
367 2595 480 2630 Πνεῦμα
501 2594 663 2621 καταὸαῖνον
683 2594 748 2621 ὡσεὶ
770 2595 934 2630 περιστερὰν
952 2595 981 2628 ἐξ

190 2637 315 2674 οὐρανοῦ,
329 2637 375 2665 καὶ
390 2637 495 2672 ἔμεινεν
509 2637 550 2663 ἐπ’
566 2636 657 2663 αὐτόν.

226 2680 262 2707 55
283 2679 368 2714 Κάγὼ
395 2680 445 2706 οὐκ
471 2679 544 2715 ᾔδειν
556 2678 653 2706 αὐτόν·
682 2678 740 2704 ἀλλ’
768 2684 781 2704 ο
804 2678 916 2714 πέμψας
946 2688 979 2713 με

191 2722 331 2757 βαπτίζειν
353 2722 382 2748 ἐν
404 2721 490 2753 ὕδατι,
510 2721 613 2753 ἐκεῖνός
635 2729 680 2756 μοι
700 2717 794 2747 εἶπεν·
822 2721 880 2753 Ἐφ’
893 2721 922 2746 ὃν
946 2720 980 2747 ἂν

191 2764 250 2800 ἴδῃς
264 2763 294 2790 τὸ
310 2762 421 2797 Πνεῦμα
434 2763 596 2790 καταϐαῖνον
611 2764 659 2789 καὶ
674 2762 755 2798 μένον
771 2762 816 2788 ἐπ’
828 2762 920 2794 αὑτὸν,
933 2758 979 2788 οῦ-

191 2805 235 2836 τὸς
246 2806 318 2832 ἐστιν
327 2805 340 2830 ὁ
353 2804 489 2839 βαπτίζων
505 2806 532 2831 ἐν
545 2805 685 2840 Πνεύματι
704 2804 783 2840 ἁγίῳ.

227 2847 260 2873 51
284 2846 369 2880 Κάγὼ
398 2846 518 2881 ἑώρακα,
544 2847 589 2874 καὶ
619 2846 819 2885 μεμαρτύρηκα
843 2846 882 2872 ὅτι
906 2843 982 2878 οὗτος

191 2888 264 2915 ἑστιν
277 2889 290 2914 ὁ
305 2888 366 2921 Υἱὸς
382 2888 427 2916 τοῦ
444 2888 521 2915 Θεοῦ.

1033 2387 1088 2414 τῶν
1102 2387 1230 2423 μαθητῶν
1244 2387 1325 2414 αὐτοῦ
1340 2386 1397 2413 δύο.

1070 2429 1103 2456 56
1123 2429 1178 2455 Καὶ
1191 2428 1330 2464 ἐμϐλέψας
1351 2428 1390 2464 τῷ
1413 2428 1501 2464 Ἰησοῦ
1517 2426 1721 2463 περιπατοῦντι,
1735 2424 1821 2459 λέγει·

1037 2471 1115 2497 ’Ίδεό
1128 2461 1382 2504 eanec-1:069:01.
1445 2461 1451 2464 '
1471 2461 1485 2478 ’

1071 2513 1103 2540 57
1116 2513 1171 2538 Καὶ
1188 2512 1308 2547 ἥκουσαν
1321 2511 1404 2538 αὑτοῦ
1419 2512 1442 2539 οἱ
1464 2511 1511 2538 δύο
1535 2510 1655 2546 μαθηταὶ
1669 2507 1821 2539 λαλοῦντος,

1036 2554 1083 2581 καὶ
1098 2553 1285 2589 ἠκολούθησαν
1295 2553 1333 2589 τῷ
1351 2553 1450 2589 Ἰησοῦ.

1071 2595 1105 2622 58
1122 2596 1254 2630 Στραφεὶς
1268 2595 1296 2621 δὲ
1313 2596 1328 2621 ό
1346 2595 1460 2630 Ἰησοῦς,
1476 2594 1523 2621 καὶ
1541 2593 1709 2628 θεασάμενος
1728 2591 1824 2624 αὐτοὺς

1035 2637 1258 2669 ἀκολουθοῦντας,
1270 2636 1343 2671 λέγει
1355 2637 1447 2668 αὐτοῖς
1455 2645 1461 2651 -

1070 2679 1103 2707 59
1119 2678 1151 2705 Τί
1163 2679 1286 2714 ζητεῖτε;
1308 2680 1338 2705 Οἱ
1350 2678 1378 2705 δὲ
1395 2676 1471 2705 εἷπον
1486 2677 1560 2713 αὐτῷ
1570 2685 1576 2692 ·
1606 2675 1702 2703 Ῥαὸϐὶ
1714 2675 1737 2711 (ὃ
1749 2674 1823 2710 λέγε-

1037 2728 1082 2747 ται
1098 2721 1326 2756 ἑρμηνευόμενον,
1341 2720 1507 2755 διδάσκαλε),
1525 2718 1577 2745 ποῦ
1595 2718 1702 2753 μένειςς

1069 2762 1104 2789 40
1116 2755 1197 2797 λέγει
1212 2762 1319 2793 αὐτοῖς·
1339 2761 1471 2797 Ἔρχεσθε
1494 2761 1542 2787 καὶ
1559 2760 1636 2787 ἴδετε.
1658 2757 1760 2785 Ἦλθον
1779 2755 1823 2783 καὶ

1038 2804 1106 2832 εἶδον
1127 2805 1178 2831 ποῦ
1195 2804 1287 2839 μένει·
1300 2802 1351 2831 καὶ
1361 2803 1426 2839 παρ’
1439 2802 1514 2837 αὑτῷ
1528 2802 1638 2839 ἔμειναν
1657 2801 1707 2837 τὴν
1719 2800 1820 2836 ἡμέραν

1038 2846 1153 2883 ἐκείνην.
1171 2846 1240 2882 Ὥρα
1254 2846 1282 2872 δὲ
1295 2844 1328 2883 ἦν
1341 2845 1379 2877 ὡς
1393 2845 1504 2880 δεκάτη.
