1953 3040
57 170 110 199 ’161

58 230 76 258 5
88 229 142 257 Καὶ
151 229 246 266 Μαρίη
255 227 391 264 δμώεσσιν
404 228 533 256 ἐκέκλετο
549 227 627 256 τοῦτο
643 228 779 262 τελέσσαι,

58 274 178 311 Χριστὸς
191 275 260 310 ὅπερ
274 274 385 306 λέξειεν.
399 274 415 301 6
435 274 583 310 ’Λμοιὸαίῳ
595 275 618 302 δ’
633 275 675 302 ἐνὶ
691 275 772 311 τοίχῳ

60 321 225 356 Κεκλιμένοι
239 320 377 355 στοιχηδὺν
393 320 526 355 όμόζυγες
539 320 714 356 ἀμφιφορῆες

62 365 114 398 Ἓξ
126 366 218 398 ἕσσαν,
233 366 297 400 τρία
313 366 400 402 μέτρα
416 366 574 401 κεχανδότες
588 366 663 402 εὐρέϊ
679 366 782 402 κόλπῳ,

67 412 114 439 Ἦὲ
126 412 191 438 δύω·
209 412 256 438 καὶ
268 411 383 443 ἕκαστος
403 411 555 439 Ἰουδαίοισι
569 412 714 446 φυλάσσων

61 457 166 492 Λαῖνέῳ
185 457 298 484 κενεῶνι
314 457 461 492 καθάρσιον
474 457 569 484 ἕϐλυεν
586 457 668 493 ὕδωρ,

67 503 163 537 Ἀγνὸν
180 502 262 538 ὕδωρ.
280 502 294 528 7
308 502 363 529 Καὶ
376 502 494 537 Χριστὸς
511 502 722 539 ὑποδρηστῆρας
737 502 855 537 ἐπείγων

62 548 176 583 Διψάδος
187 548 338 583 εἰλαπίνης,
354 548 489 575 οίνοσσόον
507 548 566 583 ἷαχε
580 549 678 584 φωνήν·

70 593 235 630 Ἀρτιχύτων
251 594 355 620 ὑδάτων
368 593 524 628 ἐγκύμονας
536 593 716 630 ἀμφιφορῆας

64 640 190 676 Πλήσατέ
209 649 264 676 μοι.
281 641 337 667 Καὶ
353 640 458 671 πάντας
472 640 618 674 ἀμοιεαδὶς
633 640 712 667 ἄλλον
728 640 770 666 ἐπ’
785 639 857 676 ἀλλῳ

64 687 197 720 Nattam-0.;
211 686 365 721 ὲπλήσαντο
379 685 527 721 διάκτοροι,
543 685 649 712 εἰσόκεν
661 686 752 713 αὐτῶν

71 732 242 767 ’Δκροφανὴς
258 731 369 766 εὑῠδρος
383 731 517 765 ἐπέστεφε
532 731 619 767 χεῖλος
633 731 727 768 ὲέρση.

68 779 162 813 Ἀφνω
178 779 200 805 δ’
214 778 310 804 ἔπλετο
323 778 427 813 θαῦμα,
444 778 490 805 καὶ
504 779 545 810 είς
560 777 639 813 χύσιν
657 778 771 810 αἴθοπος
785 779 858 806 οῖνου

66 823 181 859 Χιονέην
197 824 297 860 ἧμειψε
311 824 395 859 χρόην
407 824 565 859 ὲτερόχροον
583 823 655 860 ὕδωρ

66 870 191 905 Χεύματι
208 870 384 904 φοινίσσοντι,
398 870 445 896 καὶ
458 870 600 905 ὑδροδόκου
615 870 660 897 διὰ
677 870 788 904 κόλπου,

68 916 184 948 ’Ὑδατος
202 916 332 951 ἀκρήτοιο
347 915 466 950 φιλεύῖος
482 916 576 943 ἔπλεεν
590 916 672 951 αὔρη.

68 962 85 988 8
100 961 211 998 υἰγώπῃ
222 962 244 987 δ’
258 962 400 988 ἐκέλευσεν
414 962 500 995 Ἀναξ
514 962 664 998 σημάντορι
682 964 769 998 φωνῇ·

68 1007 211 1043 Κρηναίης
223 1007 351 1043 ἀρύοντες
366 1007 526 1042 ὑπωροφίης
543 1008 597 1035 ἀπὸ
611 1007 703 1043 ληνοῦ,

71 1052 220 1087 Εἰλαπίνης
232 1052 353 1088 μεδέοντι
368 1052 515 1087 κομίσσατε
530 1053 648 1088 νήδυμον
664 1053 747 1089 ὕδωρ.

70 1100 102 1126 οί
117 1099 145 1126 δὲ
170 1099 254 1134 χύδην
267 1098 382 1134 ἀρύοντο
398 1099 599 1126 παλιννόστοισι
615 1099 770 1130 κυπέλλοις.

71 1145 88 1172 9
102 1144 154 1172 Καὶ
169 1145 271 1181 ταμίης
284 1145 328 1171 ὅτε
339 1145 429 1177 δαιτὸς
441 1145 572 1179 ἐγεύσατο
585 1145 703 1181 μάρτυρι
717 1145 809 1181 λαιμῷ

72 1191 202 1226 Νάματος
219 1191 375 1222 οίνωοέντος
388 1191 561 1226 ὲρευθιόωντι
578 1191 691 1227 ῥεέθρῳ,

74 1237 113 1264 Ub
130 1237 178 1272 μὲν
197 1236 267 1272 ἀνὴρ
286 1236 368 1263 πόθεν
382 1235 431 1272 ἦεν
442 1236 581 1263 ἐπίστατο·
598 1237 746 1272 ὑδροφόρος
758 1236 786 1263 δὲ

76 1282 157 1319 ’ῌδεε
169 1282 262 1318 λάτρις
277 1282 380 1318 ὅμιλος,
392 1283 421 1314 ὃς
430 1277 587 1318 ὑγροχύτων
601 1282 656 1309 ἀπὸ
673 1282 780 1309 κόλπων

76 1329 191 1362 ¹’Δγγεσι
209 1328 324 1360 λαῖνέοις
337 1328 514 1363 μετανάστιω
529 1329 632 1364 ᾕφυσεν
650 1328 732 1364 ὖδωρ.

78 1374 112 1402 10
124 1374 273 1409 Είλαπίνης
288 1374 348 1401 τότε
364 1374 471 1409 πομπὸς
485 1373 538 1400 ἔσω
557 1374 688 1409 μεγάροιο
704 1373 840 1406 καλέσσας

77 1419 204 1454 Νυμφίον
215 1419 418 1455 ἀρτιχόρευτον,
431 1419 468 1454 ἐῷ
480 1419 671 1455 προσπτύξατο
684 1419 759 1455 μύοῳ
769 1428 776 1435 ·

78 1463 132 1499 18
140 1464 197 1497 Πᾶς
209 1464 257 1499 μὲν
268 1464 347 1500 ἀνὴρ,
360 1463 514 1500 πρώτιστον
524 1465 637 1500 ὲῢχροον
646 1463 716 1493 οἶνον
726 1465 865 1500 ἀφύσσων,

76 1509 248 1544 Κιρνάμενος
260 1508 415 1545 προτίθησι,
434 1508 626 1544 βαρυνομένων
639 1509 667 1536 δὲ
678 1510 805 1545 καρήνων

79 1553 196 1589 Ἀνδρας
208 1553 270 1580 ἰδὼν
284 1553 441 1589 μεθύοντας,
456 1554 588 1581 ἐλάσσονα
601 1554 726 1590 δεύτερον
737 1552 806 1582 οἶνον

84 1598 148 1633 Ὀψὲ
165 1599 252 1635 φέρει*
271 1600 303 1625 σὺ
323 1599 351 1625 δὲ
369 1599 462 1626 τοῦτον
477 1600 628 1636 ὑπέρτερον
642 1599 748 1626 ἔνδοθεν
764 1599 840 1626 οἴκου

78 1641 156 1670 οἶνον
171 1643 241 1679 ἔχων
254 1643 389 1678 ὲφύλαξας
402 1643 454 1676 ἓως
467 1644 532 1671 πέλε
550 1644 668 1676 λοίσθιος
682 1644 753 1680 ὥρη.

79 1690 110 1716 11
128 1690 308 1725 Πρωτοφανὲς
324 1690 383 1717 τόδε
400 1690 492 1726 θαῦμα
509 1690 670 1726 φιλακρήτῳ
684 1691 761 1726 παρά
774 1689 871 1725 παστῷ

85 1735 189 1770 Ἰησοῦς
208 1736 358 1768 ἐτέλεσσεν,
376 1736 430 1771 ὅπη
444 1737 598 1764 Καναναῖον
613 1736 706 1763 ἀκούει

82 1782 187 1808 Ἔνδιον
201 1781 370 1816 αίπύδμητον
386 1782 580 1818 ἀκερσεκόμων
595 1781 756 1809 Γαλιλαίων.

86 1826 222 1862 Ἑϐραίοις
233 1827 255 1853 δ’
270 1826 402 1862 ἀνέφηνεν
414 1827 461 1863 ὲὴν
479 1827 618 1862 ὑψαύχενα
632 1828 715 1863 τιμὴν

80 1873 215 1908 Διψαλέην
230 1874 304 1909 παρὰ
314 1874 401 1901 δαῖτα·
417 1873 590 1909 διχοστασίην
606 1874 634 1900 δὲ
649 1873 774 1910 μενοινῆς

83 1918 196 1944 Ἤθεσιν
211 1918 378 1945 ἀκλινέεσσιν
395 1917 580 1946 ἐπιστώσαντο
595 1918 723 1953 μαθηταί.

83 1964 117 1990 12
133 1964 170 1990 Οὺ
179 1963 229 1998 μὲν
245 1962 327 1997 Ἀναξ
342 1964 438 1999 δήθυνε
450 1964 530 1991 πέδον
538 1964 692 1990 Καναναῖον
705 1962 803 1990 ἀκοῦον

82 2006 239 2041 Νυμφιδίην
257 2007 326 2042 μετὰ
339 2007 417 2034 δαῖτα
433 2007 625 2042 μεθυσφαλέων
638 2007 785 2042 ὑμεναίων,

90 2052 171 2078 Ἀλλὰ
184 2053 373 2088 Καφαρναοὺμ
389 2053 555 2087 ἁλιγείτονος
566 2054 666 2089 ἕδρανα
676 2053 785 2088 βαίνων,

83 2097 221 2132 Νόστιμον
238 2097 311 2132 ἴχνος
324 2097 442 2132 ἔκαμψε,
459 2098 620 2125 καταιϐάτιν
632 2096 710 2134 οἶμον
722 2098 822 2125 ὁδεύων

84 2142 181 2173 Δὺτὸς,
198 2142 266 2178 ὁμοῦ
284 2143 381 2177 γνωτοί
397 2152 427 2170 τε
442 2144 598 2179 συνήλυδες’
612 2144 750 2179 αὐτογόνῳ
761 2145 790 2171 δὲ

85 2187 223 2223 Ιιαροένος
235 2189 384 2224 ὡμάρτησε
400 2190 534 2224 Θεητόκος
547 2189 601 2216 υἰέῖ
615 2190 716 2225 μήτηρ·

85 2230 146 2260 Οἷσι
160 2233 379 2270 δυωδεκάριθμος
393 2235 538 2270 ὁμόστολος
547 2233 619 2270 εῖχεν
635 2235 735 2262 ὁδεύων

92 2279 241 2315 Ἀγχιοέων
257 2280 321 2316 μίαν
339 2279 417 2316 οἷμον
432 2281 575 2318 όπίστερος
585 2282 668 2319 ἑσμὸς
678 2283 804 2319 ἑταίρων.

539 167 783 197 PARAPIIRASlS
801 168 835 196 IN
853 167 1060 197 JOANNEM.‘
1076 171 1153 198 CAP.
1169 169 1201 198 ll.

1605 171 1611 175 “
1642 172 1698 200 7G9.

866 233 888 260 Α
904 236 955 256 mae
971 236 1071 257 cursus
1087 229 1159 256 venit
1172 229 1317 257 circularis
1331 230 1414 257 bone.
1431 230 1447 257 5
1461 229 1493 257 Et
1508 229 1591 259 Maria
1603 230 1694 259 famu-

905 275 947 302 los
960 275 1066 302 vocavit
1079 279 1108 302 ut
1122 275 1173 303 hoc
1185 276 1357 311 perﬁcerent,
1373 275 1501 304 Christus
1513 278 1696 314 quodcunque

905 321 1030 349 dixisset.
1049 321 1066 348 6
1080 321 1213 357 Opposito
1227 325 1317 348 autem
1331 321 1358 347 in
1373 322 1476 356 pariete
1489 321 1634 350 flcclinala:
1649 331 1696 350 or-

905 367 969 395 dine
988 368 1144 403 conjunctaa
1155 368 1294 403 amphorae
1309 367 1361 395 Sex
1378 372 1467 400 erant,
1485 373 1539 395 tres
1552 376 1696 397 mensuras

905 414 1045 449 capientes
1067 413 1121 441 lato
1142 414 1214 445 sinu,
1237 413 1284 441 Vel
1304 413 1429 441 duaszet
1447 413 1573 448 quaelibet
1596 413 1697 443 .ludazis

905 460 1065 488 custodiens
1085 459 1218 494 Lapidosa
1232 461 1349 487 cavilate
1368 459 1508 486 lustralem
1530 460 1698 487 scaturiebat

907 513 1017 541 aquam,
1035 505 1135 533 Puram
1150 513 1259 541 aquam.
1275 506 1289 532 7
1303 505 1334 532 Et
1353 505 1481 533 Christus
1497 505 1639 533 ministros
1653 513 1699 532 ur-

907 559 973 586 gens
996 551 1133 579 Sitibundi
1153 551 1290 584 convivii,
1307 551 1448 579 viniferam
1473 552 1565 578 sonuit
1581 558 1674 578 vocem
1691 559 1698 578 :

909 597 1014 625 Recens
1033 597 1093 625 fusa
1110 605 1180 632 aqua
1204 597 1319 624 refertas
1334 596 1480 632 amphoras
1496 596 1607 631 lmplete
1622 596 1699 623 milii.

908 642 942 669 Et
957 650 1052 671 omnes
1066 643 1221 670 alternatim
1237 650 1319 670 unam
1340 646 1400 676 post
1415 642 1495 669 aliam
1509 643 1585 676 Aqua
1603 641 1700 676 imple-

910 693 1007 716 verunt
1024 689 1153 722 ministri,
1174 689 1262 716 donec
1281 689 1404 723 ipsarum
1426 688 1453 715 ln
1477 688 1634 716 summitate
1655 695 1702 722 ap-

909 742 1009 769 parens
1023 742 1145 770 aquosus
1165 736 1313 762 coronabat
1328 734 1403 760 labra
1418 741 1473 761 ros.
1493 732 1589 760 Subito
1610 735 1701 760 autem

909 783 969 807 erat
992 780 1173 812 miraculum,
1190 783 1217 807 et
1238 780 1266 807 in
1289 779 1401 806 lluorem
1419 778 1489 813 nigri
1510 778 1565 805 vini
1588 777 1703 805 Niveum

910 826 1026 853 mutavit
1040 826 1160 853 colorem
1173 825 1308 853 diversam
1321 832 1419 859 aquam
1431 823 1529 851 Fluore
1539 824 1702 856 rubicundo,

910 875 938 899 ct
960 878 1056 906 aquam
1074 871 1225 906 capientem
1241 878 1288 906 per
1309 871 1410 902 sinum,
1430 870 1514 904 Aqua:
1530 877 1611 896 mera:
1634 869 1703 896 ιδ)ιί-

877 901 898 928 Β
913 901 1001 944 ficans
1020 901 1133 944 natabat
1150 901 1263 943 humor:
1275 916 1292 943 8
1306 901 1431 943 Convivii
1449 901 1538 941 autem
1553 915 1704 949 inspectori

910 963 993 998 jussit
1004 963 1062 990 Rex
1085 962 1263 998 significativa
1287 970 1372 989 voce:
1398 960 1520 988 Fontano
1545 959 1704 988 haurientes

913 1009 1063 1037 domestico
1080 1016 1114 1036 ex
1128 1008 1199 1040 lacu,
1215 1008 1336 1035 Convivii
1352 1008 1516 1035 moderatori
1531 1006 1625 1034 all‘erte
1641 1013 1706 1033 sua-

912 1063 975 1084 vem
991 1062 1100 1090 aquam.
1120 1055 1160 1081 llli
1183 1061 1248 1082 vero
1266 1053 1367 1081 affatim
1384 1053 1545 1081 hauriebam
1565 1052 1705 1080 redeunti—
1742 1060 1750 1069 ”

914 1102 967 1130 bus
991 1102 1108 1138 poculis.
1133 1101 1150 1128 9
1172 1100 1207 1127 Ει
1249 1100 1422 1135 dispensator
1452 1099 1560 1135 quando
1586 1098 1706 1126 convivii

916 1152 1055 1185 gustasset
1072 1148 1238 1176 testificante
1253 1150 1362 1182 gutture
1376 1148 1482 1182 Aquam
1496 1148 1523 1174 in
1540 1146 1631 1173 vinum
1647 1153 1707 1173 vcr-

917 1203 976 1223 sam
993 1193 1148 1222 rubicundo
1167 1193 1263 1225 fluore,
1284 1192 1343 1220 Non
1361 1201 1427 1220 sane
1441 1193 1483 1219 vir
1498 1192 1634 1219 undenam
1649 1194 1709 1218 erat

918 1242 1014 1275 scivit;
1032 1241 1164 1276 aquarius
1185 1244 1275 1268 autem
1292 1239 1378 1266 Scivit
1392 1238 1527 1266 famulans
1544 1242 1644 1270 cattus,
1661 1236 1708 1272 qui

919 1294 1017 1323 aquam
1034 1285 1212 1313 fundentibus
1234 1293 1267 1312 ex
1287 1285 1392 1312 sinibus
1407 1283 1488 1312 Vasis
1508 1282 1622 1318 lapideis
1643 1282 1710 1310 alie-

918 1340 981 1360 nam
1001 1331 1093 1359 hausit
1113 1338 1224 1366 aquam.
1241 1331 1275 1358 10
1288 1329 1411 1358 Convivii
1425 1333 1490 1356 tunc
1502 1329 1554 1356 dux
1571 1329 1642 1356 intra
1659 1328 1710 1355 do-

919 1386 993 1406 mum
1012 1385 1113 1406 vocans
1131 1377 1268 1412 Sponsqu
1285 1376 1393 1404 noviter
1409 1375 1532 1405 ductum.
1547 1382 1598 1402 suo
1611 1374 1711 1402 allatus

919 1428 961 1453 est
971 1424 1053 1451 verbo
1063 1432 1070 1450 :
1080 1423 1133 1458 19
1142 1422 1237 1450 Omnis
1246 1421 1354 1456 quidem
1366 1421 1406 1448 vir
1413 1421 1528 1455 primum
1537 1419 1600 1446 boni
1611 1418 1712 1446 coloris

919 1470 1013 1497 vinum
1029 1475 1168 1503 promens,
1182 1467 1292 1502 Eligens
1312 1467 1436 1501 apponit,
1456 1465 1577 1501 gravatis
1591 1472 1654 1492 vero
1669 1471 1713 1492 ea!

920 1515 1023 1550 pitibus
1037 1513 1118 1541 Viros
1132 1513 1230 1540 videns
1243 1512 1343 1543 ebrios,
1359 1512 1439 1539 vilius
1454 1510 1527 1538 aliud
1540 1510 1633 1538 vinum
1645 1509 1711 1537 Sero

921 1559 990 1592 fert;
1011 1563 1040 1586 tu
1056 1566 1120 1586 vero
1137 1558 1189 1585 hoc
1210 1557 1385 1592 praestantius
1400 1557 1471 1584 intra
1486 1556 1595 1584 domum
1613 1555 1712 1584 Vinum

921 1605 1036 1637 habens,
1057 1604 1174 1632 servasti
1194 1603 1281 1631 donec
1298 1607 1370 1631 esset
1386 1603 1482 1630 ultima
1504 1603 1581 1630 hora.
1599 1602 1629 1629 M
1650 1601 1713 1629 Pri-

919 1658 993 1678 mum
1009 1657 1145 1686 apparens
1160 1650 1213 1677 hoc
1229 1649 1390 1676 miraculum
1405 1649 1473 1676 meri
1493 1648 1594 1684 cupido
1608 1648 1635 1675 in
1648 1655 1715 1675 con-

919 1696 993 1724 vivio
1008 1695 1089 1723 Jesus
1108 1695 1233 1731 perfecit,
1256 1695 1302 1722 ubi
1320 1694 1486 1722 Cananaaum
1501 1694 1578 1721 audit
1592 1692 1637 1729 [id
1655 1697 1714 1725 est,

920 1740 1237 1777 dicitur]Diversorium
1268 1740 1321 1767 alte
1347 1744 1517 1767 exstructum
1541 1740 1714 1767 intonsorum

922 1787 1106 1815 Galilaeorum.
1143 1786 1264 1813 Hebraeis
1299 1791 1389 1813 autem
1422 1785 1607 1813 manifeslavit
1633 1793 1714 1812 suum

922 1833 1072 1868 gloriosum
1100 1832 1230 1859 honorem
1255 1831 1400 1858 Sitibundo
1418 1832 1444 1858 in
1462 1831 1606 1858 convivio:
1628 1830 1716 1858 ambi-

922 1877 1053 1913 guitatem
1077 1882 1168 1903 autem
1188 1877 1288 1903 mentis
1314 1875 1434 1902 Moribus
1460 1875 1545 1901 ﬁrmis
1570 1874 1717 1901 continua—

923 1926 987 1949 runt
1009 1921 1145 1955 discipuli.
1167 1919 1199 1946 12
1218 1919 1276 1946 Non
1298 1926 1364 1946 sane
1380 1917 1436 1946 [lex
1451 1917 1672 1945 commorabatur
1687 1916 1716 1944 in

923 1972 996 1996 terra
1014 1967 1149 1994 Cananzea
1164 1966 1238 1993 dicta
1253 1965 1387 2000 Sponsale
1403 1969 1464 2000 post
1481 1964 1636 1990 convivium
1651 1963 1717 1999 vino

924 2021 1076 2050 carentium
1090 2020 1260 2055 nuptiarum,
1276 2017 1328 2046 Sed
1342 2018 1514 2053 Capernaum
1530 2015 1662 2043 maritimi
1681 2015 1717 2042 ad

925 2073 1084 2101 mansiones
1100 2072 1212 2105 vadens,
1228 2070 1347 2098 Rediens
1359 2069 1503 2105 vestigium
1525 2068 1609 2101 ﬂexit,
1630 2066 1717 2095 decli-

926 2133 985 2154 vem
1003 2125 1128 2153 semitam
1145 2123 1275 2152 incedens
1288 2122 1358 2158 Ipse,
1374 2121 1456 2149 simul
1470 2125 1497 2149 et
1512 2121 1611 2147 fratres
1627 2117 1718 2146 cumi-

927 2182 986 2211 tes;
1005 2185 1052 2212 per
1066 2185 1096 2205 se
1109 2176 1231 2212 genitum
1244 2182 1308 2203 vero
1323 2173 1405 2210 Virgo
1421 2173 1586 2208 sequebatur
1602 2171 1719 2206 Dcipara

894 2248 914 2276 ο
930 2230 1016 2258 lilium
1030 2233 1132 2257 mater:
1147 2228 1315 2261 Quibuscum
1328 2226 1513 2254 duodeuarius
1527 2231 1620 2252 comes
1634 2223 1719 2251 habe.

930 2284 977 2311 bat
996 2282 1126 2310 incedens
1145 2280 1305 2308 Divinorum
1323 2287 1406 2307 uuam
1422 2278 1493 2306 viam
1510 2277 1646 2313 posterior
1660 2281 1719 2303 cm-

688 2353 830 2382 TEXTUS
850 2351 1119 2382 EVAhGELlSTlE.

123 2423 150 2450 5.
168 2423 248 2457 Λέγει
264 2423 281 2457 ἡ
299 2423 390 2458 μήτηρ
410 2422 492 2450 αὑτοῦ
511 2421 568 2454 τοῖς
591 2421 735 2455 διακόνοις·
754 2423 789 2450 Ὅ
804 2432 831 2450 τι
847 2424 881 2451 ἂν
929 2420 1141 2457 ἀρχιτρίκλινος

86 2465 156 2500 λέγῃ
174 2465 248 2500 ὑμῖν,
261 2465 401 2499 ποιήσατε.

968 2456 999 2491 170
1015 2456 1079 2489 Καὶ
1094 2460 1169 2494 λέγει
1194 2458 1279 2493 αὑτῷ-
1301 2459 1360 2489 Ili;
1383 2457 1526 2494 ἄνθρωπος
1544 2457 1653 2493 πρῶτον
1675 2456 1721 2485 τὸν

124 2499 154 2533 ϐξ
168 2503 258 2532 Ἱισαν
279 2506 307 2532 δὲ
324 2506 383 2532 ἐκεῖ
399 2505 488 2541 ὑδρίαι
500 2504 599 2532 λίθιναι
616 2504 657 2537 ἐξ.
673 2505 799 2540 κείμεναι
811 2505 882 2533 κατά
930 2503 1012 2532 καλὸν
1028 2502 1098 2530 οἶνον
1122 2501 1223 2536 τίθησι,
1247 2500 1295 2526 καὶ
1318 2500 1382 2526 ὅταν
1406 2499 1572 2541 μεθυσθῶσι,
1596 2500 1656 2526 τότε
1674 2500 1721 2527 τὺν

87 2547 135 2573 τὸν
151 2546 321 2582 καθαρισμον
333 2546 387 2573 τῶν
406 2538 549 2580 Ἰουδαίων,
565 2546 701 2582 χωροῦσαι
715 2538 768 2573 ἀνὰ
783 2554 884 2582 μετρη-
930 2547 1046 2573 ἐλάσσω·
1059 2545 1091 2571 σὺ
1102 2544 1259 2578 τετήρηκας
1271 2541 1317 2568 τὸν
1335 2540 1416 2567 καλὸν
1431 2538 1501 2567 οἶνον
1512 2541 1564 2573 ἕως
1577 2542 1648 2577 ἄρτι.

88 2589 140 2620 τὰς
155 2588 201 2614 δύο
215 2588 231 2623 ἢ
248 2590 332 2623 τρεῖς.

126 2630 141 2656 7
155 2630 237 2663 Λέγει
250 2630 342 2662 αὐτοῖς
352 2630 367 2656 ό
383 2629 496 2665 Ἰησοῦς-
509 2629 642 2665 Γεμίσατε
654 2629 704 2662 τὰς
715 2629 808 2665 ὑδρίας
820 2629 883 2656 ὑδα-

87 2679 147 2703 τος.
167 2671 223 2698 Καὶ
236 2671 368 2706 ἐγέμισαν
378 2671 463 2703 αὑτὰς
479 2671 531 2702 ἕως
546 2671 610 2698 ἅνω.

127 2713 144 2740 8
158 2713 213 2740 Καὶ
223 2713 297 2747 λέγει
306 2714 406 2745 αὺτοῖς·
427 2713 588 2748 Ἀντλήσατε
602 2712 659 2746 νῦν,
675 2713 720 2740 καὶ
735 2712 831 2749 φέρετε
841 2712 880 2748 τῷ

89 2755 171 2792 ἁρχιτ
177 2755 297 2791 ρικλίνῳ.
316 2755 371 2782 Καὶ
385 2757 512 2791 ἤνεγκαν.

129 2797 146 2824 9
167 2797 210 2828 Ὠς
218 2796 247 2823 δὲ
257 2796 387 2830 ἐγεύσατο
395 2799 409 2824 ὁ
420 2796 619 2832 ἀρχιτρίκλινος
632 2796 662 2823 τὸ
674 2796 746 2832 ὕδωρ
753 2794 824 2823 οἶνον
836 2805 882 2831 γε-

91 2839 246 2874 γενημένον
261 2838 318 2873 (καὶ
331 2839 381 2865 οὑκ
395 2839 453 2874 ᾔδει
469 2838 551 2866 πόθεν
574 2838 658 2865 ἐστίν·
674 2839 698 2866 oi
719 2839 748 2866 δὲ
764 2839 884 2866 διάκονοι

90 2879 205 2914 ᾔδεισαν
217 2881 243 2907 οἱ
258 2880 420 2917 ἡντληκόπιις
436 2881 466 2908 τὺ
483 2880 579 2917 ὕδωρ),
593 2881 676 2916 φωνεῖ
688 2881 733 2908 τὸν
743 2880 858 2916 νυμφίον
872 2881 886 2906 ὁ

966 2588 998 2614 11
1016 2586 1124 2622 Ταύτην
1141 2584 1253 2618 ἐποίησε
1274 2583 1323 2618 τὴν
1339 2582 1426 2618 ἀρχὴν
1439 2583 1493 2609 τῶν
1509 2583 1630 2619 σημείων
1640 2584 1654 2609 ό
1669 2583 1723 2618 Ἰη-

934 2629 998 2661 σοῦς
1014 2630 1043 2656 ἐν
1060 2628 1137 2663 Κανᾷ
1153 2627 1203 2662 τῆς
1220 2625 1375 2657 Γαλιλαίας,
1391 2624 1437 2651 καὶ
1451 2625 1607 2660 ὲφανέρωσε
1618 2625 1666 2661 τὴν
1677 2626 1723 2654 δό-

933 2671 981 2704 ξαν
998 2670 1090 2698 αὑτοῦ·
1109 2670 1156 2696 καὶ⁸
1172 2668 1333 2695 ἐπίστευσαν
1349 2667 1389 2698 είς
1405 2666 1485 2693 αὐτὸν
1500 2668 1524 2693 οἰ
1541 2667 1661 2703 μαθηταὶ
1673 2666 1725 2694 αὐ·-

930 2721 988 2740 του.

967 2754 1000 2781 12
1016 2753 1093 2780 Μετὰ
1103 2753 1182 2780 τοῦτο
1193 2751 1295 2787 κατέϐη
1312 2752 1352 2783 είς
1364 2752 1562 2787 Καπερναοὺμ,
1576 2750 1657 2781 αὐτὸς
1673 2749 1721 2776 καὶ

931 2798 948 2832 ἡ
967 2797 1057 2832 μήτηρ
1074 2795 1156 2822 αὑτοῦ
1171 2795 1218 2822 καὶ
1233 2795 1258 2821 οί
1271 2793 1381 2828 ἀδελφοὶ
1401 2793 1484 2820 αὑτοῦ
1503 2794 1550 2819 καὶ
1563 2794 1587 2820 οἱ
1603 2792 1724 2829 μαθηταὶ

934 2837 1028 2866 αὐτοῦ·
1041 2839 1088 2865 καὶ
1101 2837 1159 2864 ἐκεῖ
1171 2836 1280 2873 ἔμειναν
1297 2836 1327 2862 ού
1340 2835 1441 2867 πολλὰς
1453 2834 1568 2871 ἡμέρας.
