1953 3040
257 157 310 184 763

877 158 981 185 NL)le
999 158 1253 186 PANUI’OLITANI

1857 161 1913 190 764

256 220 301 241 ius
317 212 464 241 seriorum.
482 212 575 248 Neque
590 221 655 242 sane
677 214 712 242 ibi
733 221 834 243 mansnt
854 224 901 251 per
919 217 979 245 dies
994 225 1051 246 cre-

1112 219 1142 245 ,ὶύ
1161 218 1189 245 δὲ
1205 219 1254 253 μὲν
1268 217 1360 244 αὐτόθι
1377 218 1474 253 μίμνεν
1487 218 1515 250 ὲς
1531 218 1623 254 ἡματα
1641 219 1731 246 πυκνὰ
1746 218 1890 255 θαμίζων·

257 261 321 286 bros
344 258 521 293 frequentans
534 268 540 286 :
554 258 642 294 Prope
664 260 735 288 enim
761 265 825 289 tunc
842 265 902 289 erat
919 262 1024 290 Pascha
1042 272 1049 290 :

228 317 229 322 η
259 304 292 331 l5
307 311 448 331 sacrorum
470 304 659 332 tractationem
686 313 749 333 vero
770 307 919 340 honorans.
936 308 1051 336 Sancto-

256 358 317 378 rum
332 350 456 378 ascendit
471 350 504 377 ad
523 350 602 378 sedes
628 350 877 388 Hierosolymorum
896 353 964 381 Cum
987 363 1052 389 pru-

257 398 386 425 dentibus
397 397 490 425 sociis.
511 398 543 425 M
565 398 660 425 Divino
674 403 765 426 autem
783 399 809 426 in
831 400 932 434 templo
944 400 1052 427 Cornu-

257 447 301 471 tos
318 443 400 470 boves
422 443 545 476 invenit,
567 447 594 470 et
613 444 796 479 lanigerarum
815 445 927 472 ordines
943 445 1050 478 ovium,

259 488 291 515 Et
307 488 397 515 varias
415 489 545 516 membris
561 489 719 521 columbas;
740 490 878 518 sedentem
891 498 955 517 vero
970 490 1052 517 Num-

257 536 403 563 mularium
419 539 521 563 coetum
536 536 639 563 invenit
653 536 745 563 divitis
762 544 873 568 mensa},
891 537 923 563 Et
937 537 1051 564 multum

258 585 361 608 cretum
379 581 446 608 vidit
461 582 644 617 negotiantem
658 589 742 616 supra
759 582 864 614 sedilia,
883 581 983 610 Venale
1002 590 1051 610 ne-

259 628 362 663 gotium
384 628 541 654 habentem.
556 628 589 655 15
607 627 639 654 Et
656 628 681 654 in
697 629 826 658 manibus
845 629 958 657 volvens
970 629 1052 656 Com-

258 674 365 707 plexum
378 682 411 701 ex
425 673 536 701 funibus
553 674 675 709 spurium
698 673 761 702 fecit
778 675 930 710 ﬂagellum.
954 675 986 702 Et
1001 676 1051 703 bo-

257 720 351 747 vinum
366 727 473 755 gregem
487 720 601 754 expulit,
616 724 643 746 et
657 720 768 748 ordines
784 721 887 752 Ovium,
907 721 989 748 Extra
1002 721 1052 748 do-

258 773 332 793 mum
359 766 518 798 odoratam;
536 766 662 793 crebrum
685 769 774 793 autem
791 766 913 798 volvens,
926 766 1051 802 Praeceps

259 812 429 847 percutiebat
455 819 577 839 eversam
607 816 792 846 qua-stuosam
817 812 908 839 sedem
931 812 952 838 E
972 820 1051 840 sacro

259 859 429 893 pavimento;
441 858 572 893 praecipiti
580 862 670 884 autem
682 858 831 885 vibratione
839 857 941 885 EtIndit
953 859 980 885 in
993 863 1051 886 ter-

1109 263 1221 298 Ὲγγύθι
1233 264 1288 299 γὰρ
1302 263 1362 290 τότε
1377 264 1482 298 11ασχα”
1499 265 1531 291 15
1547 264 1696 300 θυηπολίην
1709 265 1736 292 δὲ
1750 265 1909 301 γεραίρων,

1102 309 1232 343 Εὑαγέων
1245 308 1387 335 ἀνέϐαινεν
1403 310 1431 340 ἐς
1443 308 1554 343 ἒδρανον
1572 309 1690 344 Ἰροσολύ
1694 319 1765 345 μων,

1103 355 1155 381 Σὺν
1172 355 1294 385 πινυτοίς
1309 354 1441 389 ἑτάροισι.
1457 354 1489 382 14
1504 354 1648 390 Θεοκλήτῳ
1661 355 1684 380 δ’
1699 355 1740 381 ἐν).
1754 355 1815 390 νηῷ

1102 399 1257 435 Εὑκεράους
1277 400 1341 434 βόας
1360 398 1433 435 εὗρε,
1448 399 1494 426 καὶ
1509 400 1660 435 εἰροπόκων
1676 401 1757 436 στίχα
1773 401 1887 436 μήλων,

1102 444 1157 471 Καὶ
1171 445 1282 476 στικτὰς
1297 444 1421 479 μελέεσσι
1434 444 1575 476 πελειάδας
1586 453 1592 458 ·
1608 445 1735 480 ἑζόμενον
1751 446 1782 472 δὲ

1102 490 1276 525 Κερμοδότην
1294 490 1373 525 χορὸν
1390 487 1453 525 εὗρε
1468 490 1656 525 φιλοπλούτοιο
1669 491 1826 527 τραπέζης,

1102 536 1157 563 Καὶ
1171 535 1254 562 πολὺν
1265 536 1348 571 ἐσμὸν
1361 536 1456 562 ὄπωπε
1474 535 1645 572 φιλέμπορον
1657 537 1736 571 ὑψόθι
1749 537 1864 569 θὼκων,

1105 583 1194 609 Ὤνιον
1210 581 1319 617 ἔχοντα.
1333 581 1367 609 15
1378 582 1433 607 Καὶ
1445 583 1474 608 ἐν
1488 581 1646 618 παλάμῃσιν
1663 582 1751 614 ἑλίξας

1103 628 1265 662 Σύμπλοχον
1280 629 1312 654 ὲκ
1326 628 1442 664 σχοίνοιο
1456 628 1536 663 νόθην
1549 629 1662 664 ποίησεν
1678 629 1828 664 ἱμάσθλην,

1103 675 1157 702 Καὶ
1172 674 1251 710 βοέην
1267 674 1370 710 ἀγέλην
1384 674 1511 709 ἐξήλασε,
1526 676 1574 701 κα)⁸
1595 675 1672 710 στίχα
1689 674 1794 710 μήλων,

1102 720 1189 755 Νόσφι
1204 720 1286 756 δόμου
1305 720 1448 752 θυόεντος’
1475 721 1665 756 ὲπασαυτὲρην
1681 720 1708 747 δὲ
1727 719 1878 752 κυλίνδων,

1102 766 1250 801 Κύμϐαχον
1263 764 1390 800 ἡκόντιζε
1402 765 1573 801 μετάτροπον
1584 765 1704 801 ἔμπορον
1715 766 1798 800 ἕδρην

1109 811 1154 844 Ἐξ
1168 811 1241 847 ἱεροῦ
1251 811 1388 838 δαπέδων
1405 811 1586 848 κυϐιστητῆρι
1604 812 1632 838 δὲ
1646 812 1744 848 παλμῷ

1109 857 1216 892 Ἑξέχεε
1237 857 1313 892 χθονί¹
1331 857 1423 893 κέρμα
1439 857 1654 892 πολυστρέπτοιο
1665 858 1819 894 τραπέζης.

258 912 316 931 ram
327 904 468 939 pecuniam
485 904 599 930 multum
608 903 741 931 versatilis
753 911 862 931 mensa).
873 904 928 938 ao
942 905 974 931 l6
989 904 1051 931 Viru

1112 903 1155 937 ει
1167 903 1199 930 16
1215 903 1304 938 Ἀνδρὶ
1318 903 1347 929 δὲ
1361 903 1543 938 πιπρήσκοντι
1559 903 1703 936 πελειάδας
1718 904 1777 939 ἴαχε
1794 904 1904 939 φωνήν·

258 955 349 976 autem
363 949 489 976 vendenti
500 949 643 976 columbas
659 949 752 976 sonuit
764 956 857 977 vocem
868 959 875 976 z
888 949 949 977 lliuc
964 954 1052 978 trans-

258 997 325 1023 l'erte
345 995 497 1030 lapidosum
514 1000 590 1022 extra
610 995 752 1029 templum,
772 995 865 1030 Neque
882 995 951 1023 lncri
965 995 1052 1023 arida:

258 1040 356 1067 mentis
371 1040 475 1074 gravati
499 1039 620 1072 stimulo,
633 1039 768 1068 Mercatus
789 1041 900 1068 domum
927 1045 1051 1068 sanctam

258 1086 309 1113 mei
331 1085 438 1113 faciatis
459 1085 569 1113 Patris:
589 1085 757 1114 Precationis
772 1087 844 1114 enim
864 1087 923 1114 hac
941 1086 1049 1114 domus.

260 1132 291 1158 l1
309 1132 340 1158 Et
355 1131 489 1159 recordati
506 1136 570 1158 sunt
583 1131 712 1167 discipuli
727 1132 805 1165 Quod
815 1132 947 1160 divinitus
963 1132 1050 1167 inspi—

258 1185 316 1206 rato
328 1180 465 1215 signatum
478 1183 537 1206 erat
553 1179 623 1206 libro
640 1189 646 1207 :
666 1179 746 1207 Zelus
765 1187 807 1207 me
823 1179 923 1207 divinae
937 1183 990 1207 tute
1004 1186 1052 1206 co-

258 1227 342 1254 medit
363 1227 472 1254 domus.
495 1226 528 1252 18
545 1225 577 1252 Ει
597 1225 647 1260 ipsi
664 1225 836 1252 minatricem
851 1224 985 1252 eructavit
1006 1231 1053 1259 po-

260 1273 340 1307 pulus
365 1279 479 1299 vocem:
502 1271 599 1304 Qualia
613 1270 685 1306 apud
717 1270 845 1298 llebneos
875 1269 950 1296 varia
973 1269 1051 1304 signa

258 1317 396 1348 ostendes,
412 1316 489 1349 Quod
515 1321 542 1342 tu
567 1315 624 1342 hzec
649 1315 805 1350 periei-isti?
826 1315 856 1341 19
872 1314 1051 1342 Contentioso

258 1365 348 1388 autem
369 1361 467 1395 populo
485 1360 677 1386 Admirandam
693 1359 860 1394 incognitam
877 1359 931 1386 Rex
943 1362 1050 1386 eructa-

258 1407 297 1434 vit
316 1415 407 1434 vocem
424 1405 546 1433 :Sulvite
571 1405 639 1432 hanc
664 1405 787 1436 domum,
809 1412 859 1440 ego
876 1412 942 1432 vero
964 1405 1049 1439 ipsam

258 1453 362 1488 erigant
378 1453 477 1480 Diebus
491 1453 517 1479 iu
534 1451 632 1478 tribus.
646 1451 681 1478 20
695 1450 847 1485 Respondit
860 1455 952 1478 autem
967 1459 1052 1486 popu-

259 1500 303 1527 lus
317 1509 323 1526 :
339 1498 426 1531 Quam
446 1497 575 1524 Solomon
591 1497 655 1523 lecit
670 1496 789 1531 lapidum
809 1496 884 1523 vario
897 1502 1005 1528 ornatu,
1022 1496 1050 1522 in

259 1545 370 1580 longum
380 1544 486 1570 initium
503 1550 639 1570 reversam
656 1545 749 1569 texens
763 1540 815 1568 Sex
829 1546 856 1568 et
869 1541 1050 1576 quadraginta

1103 948 1197 975 Ταῦτα
1212 949 1420 984 μεταστήσασθε
1431 948 1557 980 λιθώδεος
1570 949 1661 975 ἔκτοθι
1677 949 1754 984 νηοῦ,

1102 995 1177 1030 Μηδὲ
1191 995 1376 1029 φιλοχτεάνοιο
1388 995 1448 1021 νόου
1467 994 1631 1030 βεϐαρηότες
1647 995 1758 1030 οἴστρῳ,

1109 1042 1260 1078 Ἐμπορίης
1276 1042 1357 1077 δόμον
1372 1042 1452 1077 ἁγνὸν
1470 1042 1537 1078 ἐμοῦ
1549 1042 1677 1078 τελέσητε
1691 1043 1808 1077 Τοκῆος·

1105 1088 1196 1123 Εὺχῆς
1208 1088 1261 1123 γὰρ
1273 1088 1331 1114 τόδε
1342 1087 1430 1122 δῶμα.
1447 1088 1479 1114 17
1496 1087 1548 1114 Καὶ
1565 1088 1718 1123 ὲμνήσαντο
1739 1087 1864 1122 μαθηταὶ

1103 1133 1180 1160 Ὄττι
1196 1133 1368 1168 θεοπνεύστῳ
1382 1133 1587 1169 κεχαραγμένον
1599 1133 1695 1159 ἔπλετο
1706 1133 1791 1168 βίϐλῳ
1804 1142 1810 1148 -

1103 1179 1187 1214 Ζῆλος
1203 1178 1253 1214 ἐμὲ
1267 1178 1374 1210 ζαθέοιο
1389 1179 1453 1205 ’τεοῦ
1469 1178 1663 1205 καταδαίννται
1679 1179 1767 1205 οἴκου.

1103 1224 1136 1250 18
1154 1224 1208 1250 Καί
1224 1224 1249 1250 οἱ
1266 1223 1460 1259 ἀπειλήτειραν
1475 1224 1594 1262 ᾁνήρυγε
1605 1223 1669 1255 λαὸς
1689 1224 1772 1259 ἰωήν

1102 1271 1170 1296 Ποῖα
1182 1270 1246 1305 παρ’
1266 1269 1401 1305 Ἑϐραίοις
1414 1269 1580 1305 ὲτερότροπα
1595 1271 1626 1305 σή
1632 1278 1702 1304 ματα
1711 1269 1821 1302 δείξεις,

1104 1315 1181 1342 "Om
1198 1317 1230 1342 σὺ
1242 1315 1327 1342 ταῦτα
1344 1315 1490 1347 τέλεσσας;
1507 1315 1540 1342 19
1557 1315 1734 1351 ’Λμιλλητῆρι
1749 1315 1777 1341 δὲ
1793 1315 1853 1352 λαῷ

1101 1361 1263 1396 Θαμϐαλέην
1276 1361 1412 1395 ἄγνωστον
1424 1360 1508 1393 Ἀναξ
1520 1360 1652 1396 ὴρεύγετο
1669 1361 1761 1396 φωνήν
1771 1369 1779 1375 ·

1101 1406 1208 1433 Λύσατε
1223 1406 1301 1433 τοῦτο
1314 1407 1457 1442 μέλαθρον,
1474 1406 1530 1441 ἐγὼ
1545 1406 1574 1433 δέ
1590 1415 1637 1442 μιν
1650 1407 1730 1437 αὐτὸς
1742 1407 1844 1443 ὲγείρω

1104 1451 1225 1486 Ἥμασιν
1240 1452 1269 1477 ὲν
1286 1452 1445 1488 τρισσοῖσιν.
1463 1451 1497 1478 20
1518 1451 1734 1485 Ἐπεφθέγξαντο
1747 1451 1776 1478 δὲ
1790 1452 1862 1479 λαοί·

1105 1497 1153 1523 Ὃν
1169 1496 1295 1532 Σολομὼν
1308 1497 1405 1532 ποίησε
1416 1496 1498 1524 λίθων
1517 1498 1656 1533 ἐτερόχροῑ
1667 1497 1773 1534 κόσμῳ,

1080 1573 1085 1583 ⁸
1103 1543 1150 1574 El;
1162 1541 1270 1578 δολιχὴν
1285 1541 1396 1577 summa
1413 1542 1598 1577 παλινδίνητον
1616 1543 1738 1576 ὑφαίνων

258 1573 447 1618 ωιίίίίιειιιὶυιιίε
465 1587 627 1623 cupidorum
641 1595 788 1619 annorum,
809 1586 946 1614 x‘Ediliciis
959 1591 1050 1622 poste-

1112 1587 1157 1619 Ἑξ
1170 1587 1217 1613 καὶ
1229 1587 1434 1622 τεσσαράκοντα
1449 1586 1629 1622 φιλοκτίστων
1644 1583 1788 1620 ἐνιαυτῶν,

259 1636 378 1663 tioribus
398 1642 495 1662 rursus
517 1633 634 1661 solutam
653 1633 764 1660 domum
787 1633 907 1668 erigeres
934 1632 1050 1659 Tanlam

259 1685 321 1717 post
344 1684 455 1712 metam,
480 1684 541 1715 post
557 1680 644 1707 tertia:
667 1687 780 1708 cursum
806 1679 928 1706 aurorae?
947 1679 977 1706 ‘2l
1005 1678 1052 1706 llle

260 1727 390 1761 templum
405 1725 474 1753 dixit
493 1726 535 1752 sui
550 1726 682 1760 corporis.
703 1725 775 1760 quod
791 1725 909 1760 quodam
926 1732 1052 1752 sermone

260 1772 376 1800 llorrido
393 1771 520 1799 Christus
538 1775 596 1798 erat
611 1775 672 1806 post
688 1772 798 1799 tertium
817 1772 888 1799 diem
904 1772 1052 1799 resuscita—

260 1823 348 1845 turus.
366 1818 401 1844 22
415 1817 468 1844 Sed
482 1818 591 1852 quando
604 1825 668 1844 sane
680 1822 741 1852 post
755 1818 845 1845 sinum
857 1817 990 1852 irregradi
1005 1817 1052 1844 ba-

260 1863 344 1890 rathri
360 1862 456 1890 Redux
470 1870 504 1890 ex
517 1862 612 1889 inieris
627 1870 724 1890 rursus
738 1862 847 1890 vivente
862 1862 979 1896 quodam
997 1861 1052 1889 fato

261 1909 386 1936 Veterem
405 1907 574 1942 reciprOeum
589 1915 668 1934 suum
683 1908 832 1942 resumpsit
845 1908 974 1935 honorem
989 1907 1050 1934 (ἓως

261 1955 366 1986 lcstem,
389 1958 455 1981 tunc
478 1954 566 1981 solum
590 1954 726 1981 recordati
748 1958 812 1981 sunt
831 1953 957 1988 discipuli
974 1953 1052 1986 Quod

261 2002 371 2028 domum
387 2007 486 2034 corpus
504 1999 637 2032 dixisset;
657 1999 776 2034 deiloqui
793 2002 884 2026 autent
897 1998 959 2026 libri
977 1997 1052 2025 Divi-

263 2055 327 2075 num
340 2047 536 2074 conﬁrmarunt
553 2053 718 2077 sermonem,
742 2050 769 2072 et
780 2044 955 2072 crediderunt
971 2044 1053 2071 verbo

262 2092 342 2120 Jcsns
365 2092 437 2127 quod
456 2091 534 2118 dixit.
557 2091 593 2118 25
613 2090 748 2118 Divinitus
769 2095 857 2118 autem
879 2090 1011 2117 aediﬁcato
1026 2089 1053 2116 in

264 2139 363 2174 templo
379 2137 470 2173 Usque
480 2141 549 2170 erat,
563 2140 589 2164 et
603 2136 697 2164 sedilia
711 2136 837 2164 transivit
852 2135 1054 2170 Hierosolymo-

1105 1631 1262 1666 Κτίσμασιν
1277 1631 1446 1664 ὁπλοτέροισι
1462 1631 1622 1658 παλίλλυτον
1639 1629 1712 1658 οἷκον
1726 1632 1836 1668 ἐγείρῃς

1105 1676 1255 1711 Τοσσατίην
1272 1676 1342 1712 μετὰ
1354 1677 1455 1704 νύσσαν
1469 1677 1515 1703 ἐπὶ
1529 1678 1658 1712 τριτάτης
1667 1678 1767 1713 δρόμον
1777 1678 1842 1713 ἠοῦς
1853 1689 1860 1712 ;

1105 1723 1136 1750 21
1155 1724 1250 1754 Κεῖνος
1259 1723 1323 1757 νηὸν
1337 1723 1426 1749 ἔειπεν
1437 1722 1482 1748 ἐοῦ
1493 1722 1583 1758 χροὸς,
1600 1724 1629 1750 ὃν
1643 1732 1696 1750 τινι
1719 1724 1798 1759 μύθῳ

1104 1768 1212 1804 Φρικτῷ
1225 1768 1342 1804 Χριστὸς
1356 1768 1468 1803 ἔμελλεν
1485 1769 1531 1795 ἐπὶ
1542 1769 1633 1803 τρίτον
1645 1767 1722 1805 ἦμαρ
1733 1770 1859 1805 ἐγείρειν.

1105 1814 1141 1841 22
1161 1814 1230 1841 Ἀλλ’
1244 1814 1288 1840 ὅτε
1304 1814 1335 1849 δὴ
1353 1813 1421 1849 μετὰ
1436 1813 1534 1841 κόλπον
1549 1815 1707 1850 ἀνοστήτοιο
1721 1815 1852 1850 βερέθρου

1105 1860 1242 1895 Νόστιμος
1256 1859 1286 1892 ἐξ
1303 1859 1380 1886 ἀΐδαο
1398 1859 1541 1896 παλινζώῳ
1551 1861 1605 1887 τινὶ
1625 1861 1720 1896 πότμῳ

1113 1906 1243 1941 ’Λρχαίην
1260 1904 1422 1940 παλίνορσον
1437 1905 1484 1941 ἑὴν
1497 1905 1645 1941 ἀνεδήσατο
1655 1907 1739 1942 τιμὴν

1105 1951 1252 1987 Οὐρανίην,
1267 1951 1329 1977 τότε
1346 1950 1443 1986 μοῦνον
1458 1951 1646 1986 ἁνεμνήσαντο
1664 1951 1796 1986 μαθηταὶ,

1106 1997 1182 2023 Ὂττι
1193 1996 1273 2032 δόμον
1289 1995 1375 2031 δέμας
1388 1993 1448 2022 εἷπε
1461 2003 1467 2010 ”
1482 1995 1660 2030 θεογλώσσοιο
1672 1996 1700 2022 δὲ
1715 1996 1808 2030 βίϐλου

1105 2042 1181 2068 Θεῖον
1192 2040 1378 2068 ἐπιστώσαντο
1392 2040 1481 2075 λόγον,
1495 2041 1620 2068 πείθοντό
1631 2050 1660 2067 τε
1675 2041 1764 2077 μύθῳ,

1112 2087 1214 2122 Ἰησοῦς
1227 2087 1256 2114 ὃν
1267 2087 1351 2113 ἔειπε.
1365 2087 1402 2114 25
1412 2086 1557 2123 Θεοδμήτῳ
1573 2087 1595 2113 δ’
1611 2087 1657 2114 ἐπὶ
1669 2087 1726 2122 νηῷ

1109 2135 1206 2169 Ἀχρις
1214 2133 1273 2169 ἔην,
1291 2133 1339 2160 καὶ
1352 2133 1446 2160 ἔδεθλα
1456 2133 1589 2168 διέστιχεν
1608 2133 1799 2169 Ὶροσολύμων,

865 2215 1006 2243 TEXTUS
1025 2213 1294 2242 EVANGELiSTAE.

298 2287 332 2314 15
343 2286 397 2312 Καὶ
409 2285 492 2320 ἐγγὺς
499 2283 533 2320 ἦν
543 2285 573 2311 τὸ
585 2285 679 2320 [ῐάσχα
688 2284 742 2311 τῶν
762 2283 905 2316 Ἰουδαίων,
915 2285 962 2311 καὶ
972 2285 1054 2320 ἀνέϐη
1073 2288 1094 2315 D
1107 2284 1139 2311 Τί
1153 2285 1266 2321 σημεῖον
1280 2284 1414 2316 δεικνύεις
1425 2284 1505 2319 ἡμῖν,
1516 2283 1556 2310 ὅτι
1570 2283 1655 2310 ταῦτα
1671 2284 1774 2317 ποιεῖς;

264 2330 304 2360 εἰς
322 2327 495 2363 Ἰεροσόλυμα
511 2327 525 2353 ὁ
545 2326 662 2361 Ἰησοῦς.

300 2370 334 2397 14
349 2369 404 2396 Καὶ
416 2365 496 2404 εὗρεν
510 2368 538 2394 ἐν
553 2367 592 2402 τῷ
604 2367 669 2402 ἱερῴ
681 2367 744 2398 τοὺς
758 2366 914 2399 πωλοῦντας
930 2367 994 2402 βόας
1007 2368 1054 2394 καὶ

264 2412 388 2447 πρόϐατα
401 2411 448 2437 καὶ
458 2409 633 2444 περιστερὰς,
642 2408 689 2435 καὶ
699 2409 760 2440 τοὺς
775 2409 962 2444 κερματιστὰς
988 2409 1055 2436 καθ-

265 2453 394 2489 ημένους.
903 2486 905 2488 .

301 2495 334 2521 15
356 2493 411 2520 Καὶ
428 2492 546 2527 ποιήσας
570 2492 731 2528 φραγέλλιον
755 2493 787 2519 ἐκ
802 2492 934 2527 σχοινίων,
951 2493 1054 2525 πάντας

265 2536 392 2570 ἐξέϐαλεν
406 2537 438 2562 ἐκ
447 2534 494 2560 τοῦ
512 2534 595 2569 ἱεροῦ,
610 2535 644 2561 τά
657 2544 687 2561 τε
701 2535 826 2570 πρόϐατα
838 2535 885 2561 καὶ
901 2534 964 2565 τοὺς
978 2534 1053 2569 βόας,

266 2579 313 2605 καὶ⁸
329 2577 384 2604 τῶν
396 2576 577 2604 κολλυϐιστῶν
593 2576 684 2612 ἐξέχεε
703 2577 734 2603 τὸ
748 2577 848 2612 κέρμα,
867 2576 913 2602 καὶ
927 2576 976 2608 τὰς
989 2585 1056 2612 τρα-

266 2618 352 2651 πέζας
371 2617 527 2653 ἀνέστρεψε·

303 2661 336 2687 16
348 2660 401 2686 Καὶ
409 2662 465 2691 τοῖς
475 2659 525 2691 τὰς
535 2659 701 2696 περιστερὰς
710 2657 845 2685 πωλοῦσιν
854 2656 940 2684 εἶπεν·
953 2658 1054 2694 Ἄρατε

265 2702 351 2729 ταῦτα
364 2702 498 2729 ἐντεῦθεν·
515 2703 552 2738 μὴ
569 2703 670 2729 ποιεῖτε
683 2701 728 2727 τὸν
740 2698 813 2728 οἷκον
825 2700 871 2727 τοῦ
884 2701 990 2736 Πατρός
1004 2710 1053 2736 μου

265 2743 339 2771 οἷκον
353 2743 496 2779 ἐμπορίου.

301 2786 333 2812 17
354 2785 543 2820 Ἐμνήσθησαν
557 2784 585 2810 δὲ
597 2785 621 2810 οἱ
634 2783 754 2818 μαθηταὶ
767 2784 858 2815 αὐτοῦ,
873 2785 914 2811 ὅτι
928 2793 1051 2820 γεγραμ-

269 2826 348 2862 μένον
365 2827 448 2853 ὲστιν·
475 2827 504 2851 '0
521 2825 599 2860 ζῆλος
615 2826 662 2852 τοῦ
678 2827 753 2852 οἴκου
768 2835 813 2853 σου
830 2828 966 2861 κατέφαγέ
987 2836 1030 2861 με.

304 2868 338 2896 18
358 2867 557 2903 ’Λπωιρίθησοιν
574 2865 618 2895 οὖν
633 2868 656 2894 οἱ
674 2867 805 2902 Ἰουδαῖοι,
819 2869 863 2894 καὶ
879 2866 954 2896 εἷπον
968 2869 1052 2904 αύτῴ-

1139 2326 1173 2354 19
1196 2325 1344 2361 Ἀπεκρίθη
1360 2327 1374 2352 ό
1397 2324 1500 2360 Ἰησοῦς
1515 2325 1562 2351 καὶ
1579 2322 1657 2351 εἶπεν
1671 2325 1774 2356 αὐτοῖς·
1789 2325 1889 2354 Λύσατε

1102 2367 1147 2394 τὸν
1158 2367 1221 2394 ναδν
1237 2367 1341 2400 τοῦτον,
1355 2367 1402 2393 καὶ
1417 2368 1446 2393 ὲν
1458 2366 1547 2401 τρισὶν
1562 2366 1679 2402 ἡμέραις
1694 2366 1784 2401 ὲγερῶ
1799 2367 1886 2394 αὐτόν.

1138 2409 1174 2436 20
1200 2406 1284 2435 Εἶπον
1306 2407 1352 2435 οὖν
1378 2410 1402 2434 οἱ
1429 2408 1561 2434 Ἰουδαῖον
1580 2404 1602 2433 Τ
1604 2407 1791 2443 εσσαράκοντα
1808 2409 1851 2435 καὶ
1862 2408 1888 2440 ἓξ

1103 2451 1191 2478 ἐτεσιν
1201 2450 1364 2486 ᾠκοδομήθη
1377 2451 1391 2476 ὁ
1401 2450 1464 2482 ναὸς
1475 2445 1562 2482 οὗτος,
1578 2449 1626 2476 καὶ
1638 2449 1670 2476 σὺ
1685 2450 1715 2476 ὲν
1729 2450 1819 2485 τρισὶν
1827 2451 1888 2486 ἡμέ-

1102 2501 1165 2528 ραις
1181 2493 1287 2528 ὲγερείς
1301 2492 1382 2519 αὐτόν
1393 2501 1400 2524 ;

1139 2535 1171 2562 21
1199 2535 1318 2566 Ἐκεῖνος
1335 2534 1365 2561 δὲ
1379 2533 1455 2567 ἔλεγε
1473 2533 1539 2569 περὶ
1554 2532 1601 2560 τοῦ
1618 2532 1682 2560 ναοῦ
1701 2532 1749 2559 τοῦ
1770 2532 1887 2568 σώματος

1103 2576 1196 2604 αὐτοῦ.

1138 2618 1174 2645 22
1188 2618 1253 2645 ’Ὀτε
1268 2614 1313 2645 οὖν
1326 2617 1430 2653 ἠγέρθη
1445 2618 1477 2643 ὲκ
1490 2616 1604 2653 νεκρῶν,
1616 2615 1791 2652 ἐμνήσθησαν
1803 2617 1826 2642 οἱ
1841 2624 1887 2652 μο-

1103 2660 1183 2696 θηταὶ
1196 2659 1277 2687 αὑτοῦ
1291 2661 1332 2687 ὅτι
1345 2659 1425 2686 τοῦτο
1441 2659 1533 2693 ἔλεγεν
1549 2659 1650 2689 αὐτοῖς·
1667 2657 1715 2684 καὶ
1732 2657 1885 2684 ἐπίστευσαν

1102 2703 1135 2737 τῇ
1153 2702 1256 2737 Γραφῇ,
1271 2701 1318 2728 καὶ
1334 2700 1372 2735 τῷ
1388 2701 1459 2736 λόγῳ
1476 2697 1498 2734 ᾧ
1512 2697 1588 2726 εἶπεν
1604 2700 1618 2726 ό
1639 2699 1752 2734 Ἰησοῦς.

1138 2744 1174 2771 25
1194 2743 1236 2775 Ὠς
1251 2743 1280 2769 δὲ
1297 2741 1331 2778 ἦν
1344 2743 1373 2769 ἐν
1395 2741 1591 2777 Ἱεροσολύμοις
1607 2742 1635 2768 ὲν
1655 2741 1694 2776 τῷ
1708 2740 1804 2776 Πάσχα
1819 2741 1844 2767 ὲν
1856 2740 1884 2775 τῇ

1105 2787 1194 2821 ἑορτῇ,
1213 2785 1305 2811 πολλοὶ
1324 2784 1490 2810 ἐπίστευσαν
1509 2783 1549 2814 εἰς
1563 2783 1594 2809 τὸ
1610 2782 1695 2817 ὄνομα
1712 2782 1806 2814 αὐτοῦ,
1824 2782 1886 2808 θεω‹

1108 2827 1215 2863 ροῦντες
1228 2827 1308 2854 αὐτοῦ
1329 2825 1362 2853 τὰ
1376 2826 1478 2861 σημεῖα
1494 2825 1510 2852 ἃ
1524 2824 1619 2851 ἐποίει.
