1953 3040
62 177 122 205 765

62 236 184 269 Elatiin
198 237 238 263 ἔτι
252 237 357 272 Πάσχα,
379 239 425 265 καὶ
443 239 605 274 ἀρνοφὰγων
620 242 720 277 ίερήων

64 283 172 317 Ὀργια
187 283 366 317 μυπιπόλευε
383 283 528 320 φιλόκροτα
546 285 623 318 θυιὰς
639 288 736 323 ἑορτή*

64 327 170 354 Πολλοὶ
184 327 286 354 λύσσαν
300 327 412 355 ἄπιστον
432 329 616 365 ἐπε-τρέψαιντο
632 331 765 366 θυέλλαις,

63 373 182 408 Χριστῷ
198 373 289 399 πίστιν
306 373 413 408 ἔχοντες
428 375 456 406 ὲς
469 375 580 411 οὕνομα.
597 377 632 404 24
645 378 822 414 Πειθομένοις
833 380 861 406 δὲ

71 418 217 453 Ἀνδράσιν
233 419 262 444 οὐ
278 419 405 446 πίστευεν
422 420 465 447 ἐὺν
481 421 552 449 νόον.
569 422 604 449 25
624 423 660 449 Οὐ
682 424 736 459 γὰρ
752 425 861 452 ἀκούειν

67 464 172 490 Ἀλλου
187 463 386 499 φθεγγομένοιο
398 466 479 501 νόθης
495 466 639 494 ὲπεδεύετο
652 469 745 504 φωνῆς

67 510 125 544 22
146 511 239 546 Ὀφρα
268 510 340 546 μάθῃ
363 511 423 538 νόον
443 511 537 547 ἀνδρὸς
558 513 724 550 ἀμάρτυρον·
746 513 815 550 ἔργα
834 515 862 542 δὲ

707 559 714 595 [
729 560 825 594 φωτῶν

70 600 172 634 Ἴιῐδεεν
188 601 385 634 αὐτοδίδακτος,
406 602 456 628 ὅσα
472 603 569 638 φρενὸς
583 603 687 630 ἔνδοθεν
698 605 768 640 ἀνὴρ

66 642 161 679 Εἷχεν,
179 645 330 681 ἀκηρύκτῳ
344 645 539 682 κεκαλυμμένα
553 648 634 683 φάρεϊ
649 648 737 684 σιγῆς.

400 703 481 730 ΚΕΦ,
495 703 533 730 Γ¹.

108 755 122 782 1
143 753 197 782 Ἦν
208 756 236 782 δέ
251 765 293 788 τις
310 757 382 792 ἱερὸν
394 754 464 792 αἷμα
475 759 645 792 γοοπλανέων
658 760 809 795 Φαρισαίων

75 802 174 837 ’Δρχὸς
193 802 336 835 Ἰουδαίων,
355 803 508 838 πολυλήϊος,
524 804 634 839 ἔννομος
645 806 724 841 ἀνήρ·

70 846 182 881 υῦνομά
198 848 221 873 oi
238 847 402 883 Νικόδημος.
417 848 434 875 2
453 849 623 886 Ἀμάρτυρος
637 848 712 882 οὗτος
726 851 817 887 ὁδίτης

68 892 182 927 Χριστῷ
199 893 295 924 νυκτὸς
313 893 398 920 ἵκανε·
414 893 627 930 φυλλασσομένῳ
639 895 699 921 ποδὶ
716 896 825 930 βαίνων,

71 937 205 972 Ἐννυχος
221 939 260 969 εἰς
274 938 354 974 δόμον
367 937 459 974 ἦλθεν,
474 940 526 975 ὅπη
540 941 616 974 φάος.
639 941 727 976 ’Λνδρὶ
736 941 763 968 δὲ
775 941 862 978 πιστῷ

76 984 183 1018 Ἰησοῦς
200 984 307 1010 ἐνέπων
324 985 510 1021 βαπτίσματος
526 987 614 1013 ἔνθεον
626 986 734 1023 αἴγλην,

70 1030 235 1065 Νυκτιφανῆ
256 1031 412 1067 Νικόδημον
424 1031 461 1067 ἐῷ
478 1032 643 1068 φαιδρύνατο
657 1033 744 1068 μύθῳ.

70 1076 127 1101 Καί
140 1077 164 1101 οί
179 1076 263 1111 μῦθον
278 1076 350 1109 ἔλεξε
365 1077 424 1112 Θεῷ
434 1078 571 1113 πειθήνιος
582 1079 661 1114 ἁνήρ·

74 1121 189 1148 Ῥειεϐὶν
208 1122 393 1158 ποικιλόμυθε,
409 1124 566 1160 θεοφραδὲς,
583 1124 658 1159 ἴδμεν
675 1124 800 1156 ὸπιοπαίς

71 1168 151 1194 ’Ὁττι
166 1168 232 1195 Θεοῦ
249 1171 375 1205 πομπῇσι
394 1170 553 1201 διδάσκαλος
569 1170 626 1196 ἵκεο
642 1170 756 1205 κόσμου,

75 1213 239 1249 Ἀνδρομέου
256 1215 354 1249 βιότοιο
372 1215 492 1250 βοηθόος·
508 1215 538 1242 οὐ
551 1215 662 1242 δύναται
678 1216 732 1250 γὰρ

69 1259 173 1294 Θνητὸς
183 1259 252 1296 ἀνὴρ
261 1261 324 1287 τάδε
338 1262 425 1288 πάντα
437 1261 595 1297 πολύτροπσ,
605 1261 732 1297 θαύματα
743 1262 860 1297 τεύχειν,

70 1306 159 1332 ’Ὀσσα
171 1305 202 1331 σὺ
219 1305 354 1342 θεσπεσίῳ
367 1307 468 1339 τελέεις
483 1308 592 1342 παιήονι
610 1308 697 1343 μύθῳ,

70 1351 103 1377 El.
121 1352 158 1387 μή
173 1352 197 1377 οἱ
216 1352 358 1384 συνάεθλος
372 1353 533 1385 ἀλεξίκακος
547 1354 613 1386 Θεὺς
630 1355 684 1389 εἴη.

70 1397 87 1423 5
108 1397 210 1432 Ἰησοῦς
224 1398 245 1425 δ’
260 1399 390 1434 ἀγόρευεν
404 1399 454 1433 ἀση
461 1399 553 1434 μάντῳ
567 1401 618 1427 τινὶ
636 1400 722 1436 μύθῳ⁸

71 1444 102 1470 Εί
113 1443 160 1478 ’μή
178 1453 219 1476 τις
238 1445 306 1479 μετὰ
322 1445 424 1480 κέντρα
440 1445 635 1480 τελεσσιγόνοιο
647 1446 756 1481 λοχείης

71 1489 173 1523 (θνητὸς
185 1489 254 1524 ἀνὴρ
271 1489 387 1516 τίκτοιτο
398 1490 428 1516 τὸ
441 1490 577 1526 δεύτερον,
593 1491 701 1526 αἰθέρος
714 1491 798 1526 αὐλῆς

71 1533 108 1559 Οὐ
120 1533 230 1560 δύναται
245 1534 338 1569 βροτὸς
349 1530 425 1567 οὗτος
440 1536 511 1571 ἔχειν
524 1535 632 1562 αἰώνιον
642 1537 738 1572 ἀρχήν.

71 1579 88 1604 ιι
104 1580 157 1605 Καὶ
168 1580 287 1615 κεράσας
296 1580 450 1616 Νικόδημος
462 1582 581 1617 ἁνήρυγε
597 1581 715 1617 θαύματι
729 1583 832 1617 φωνήν·

73 1625 134 1656 Πῶς
145 1624 255 1651 δύναται
269 1626 336 1660 μετὰ
348 1628 435 1661 γῆρας
446 1626 525 1662 ἀνὴρ,
540 1626 608 1662 μετὰ
620 1627 736 1654 λευκάδα
750 1627 861 1663 χαίτην,

74 1670 174 1705 ⁵’Λλλην
186 1671 355 1706 ὀψιτέλεστον
366 1671 436 1707 ἔχειν
448 1672 529 1699 ὠδῖνα
538 1673 666 1708 γενέθλης
676 1682 682 1704 ς

74 1717 118 1752 Μὴ
133 1717 242 1744 δύναται
253 1718 314 1753 δίχα
326 1718 438 1754 πατρὸς,
455 1719 594 1752 ὰεξιτόκου
608 1719 652 1745 διὰ
664 1718 763 1745 κόλπου

73 1762 198 1797 Μητέρος
209 1763 326 1798 ἀρχαίης
335 1763 475 1798 ἐγκύμονα
488 1764 609 1799 γαστέρα
625 1763 721 1795 δύνων,

73 1808 178 1843 (θεσμὸν
195 1808 259 1834 ἰδεῖν
276 1809 402 1843 γονόεντα
417 1809 610 1836 παλλιννόστου
628 1811 763 1841 τοκετοῐο;

73 1854 90 1880 5
108 1854 211 1889 Ἰησοῦς
225 1855 247 1880 δ’
263 1854 431 1890 ἀπὲιμειπτο.
448 1855 607 1882 διδάσκαλον
622 1855 706 1890 ἄνδρα
720 1855 861 1882 διδάσκων·

76 1900 106 1925 Εἰ
121 1899 156 1934 μή
167 1908 209 1931 τις
222 1899 365 1935 καθαροῖσι
381 1901 465 1936 δέμας
478 1901 613 1936 λουτροῖσι
631 1901 771 1936 καθαίρων

75 1945 230 1980 ΙΙνεύματος
245 1945 273 1978 ἐξ
286 1946 372 1980 ἁγίοιο
389 1946 435 1973 καὶ
449 1946 543 1978 ὕδατος
558 1948 598 1973 εἰν
616 1946 656 1973 ἐνὶ
670 1947 772 1982 θεσμῷ,

81 1991 246 2027 Ὁπλοτέρην
259 1992 359 2024 δέξοιτο
373 1992 510 2026 γενέθλιον
526 1993 645 2028 ἄσπορον
662 1992 765 2027 ἀρχὴν⁹

82 2036 238 2063 ’Δντίτυπον
250 2037 362 2073 μίμημα
374 2039 528 2072 γυναικείου
544 2040 675 2071 τοκετοῖο,

76 2082 113 2107 Οὐ
127 2081 236 2108 δύναται
250 2082 343 2118 βροτὸς
356 2080 432 2115 οὗτος
447 2084 639 2119 ὲπεσσομὲνοιο
652 2084 746 2119 νοῆσαι

77 2127 211 2162 υζρρανίην
227 2127 323 2160 αἰῶνος
340 2129 487 2165 ἀτέρμονος
499 2129 583 2164 ἥλικα
597 2130 690 2165 τιμήν.

76 2172 131 2208 24
141 2173 158 2199 6
169 2174 224 2199 Καὶ
232 2173 285 2209 γὰρ
293 2174 360 2210 ὅπερ
371 2176 498 2210 μερόπων
507 2175 598 2211 χθονίη
609 2175 739 2202 διεώσατο
746 2174 861 2210 γαστὴρ,

549 181 795 210 ΡᾹΠΑΡΠΒΛΞΙΞ
816 183 848 210 ΙΝ
868 183 1073 214 JOANNEll.—-
1089 186 1166 214 CAP.
1182 186 1224 213 lll.

1644 188 1696 216 766

875 247 894 274 Α
911 253 981 277 rum,
997 244 1144 272 Celebrans
1152 245 1241 272 adhuc
1258 244 1379 278 Pascha;
1400 249 1427 272 et
1445 248 1634 281 aguivororuui
1651 255 1696 274 sa-

912 291 1052 318 cerdotum
1080 292 1205 326 Mysteria
1231 292 1363 318 tractabat
1391 293 1543 326 plausibilia
1576 294 1698 320 solemne

911 335 1009 364 festum
1024 347 1030 363 :
1045 337 1120 364 Multi
1135 336 1224 372 [tum]
1236 336 1338 363 rabiem
1362 336 1528 363 incredulam
1554 338 1698 364 commise-

912 387 976 410 runt
990 384 1087 415 ventis,
1098 383 1199 410 Christi
1211 384 1288 410 ﬁdem
1299 382 1461 410 habentesin
1476 389 1582 409 nomen.
1591 383 1626 409 9.4
1633 382 1698 410 Cre-

911 428 1038 456 dentibus
1058 437 1134 456 *vero
1147 428 1220 456 Viris
1249 436 1303 455 non
1332 428 1443 456 conﬁdit
1467 435 1545 455 suum
1564 428 1694 455 animum.

911 473 947 500 25
965 473 1023 500 Non
1040 474 1111 501 enim
1133 474 1227 501 audire
1240 474 1328 500 Alium
1347 474 1499 508 loquentem
1515 474 1607 507 spuria
1624 473 1696 500 indi-

912 518 991 553 gebat
1001 519 1136 553 voce,23
1146 518 1178 545 Ut
1188 519 1305 546 disceret
1317 520 1436 545 animum
1449 519 1498 545 viri
1510 519 1567 546 sine
1576 518 1698 545 testimo-

912 564 974 596 nio;
995 571 1076 598 opera
1095 568 1185 591 autem
1210 565 1330 591 virorum
1350 564 1457 592 Sciebat
1474 572 1521 599 per
1535 572 1564 592 se
1585 564 1698 596 doctus,

912 616 1081 643 quaecunque
1099 609 1170 636 intra
1183 613 1300 636 mentem
1318 609 1359 636 vir
1378 609 1508 643 Habebat,
1530 618 1583 637 nou
1601 610 1699 646 prmdi-

913 658 974 681 cato
985 655 1120 681 occultata
1138 656 1254 691 tegmine
1272 655 1383 682 silentii.

1234 712 1310 740 CAP.
1331 712 1376 740 Ill.

948 767 961 793 1
982 768 1045 794 Erat
1073 772 1163 795 autem
1184 769 1294 803 quidam
1320 769 1391 796 sacri
1420 770 1526 804 generis
1551 769 1699 804 luctivago—

912 819 972 838 rum
996 812 1204 846 Phariszeorum,
1225 813 1355 848 Princeps
1376 813 1543 845 Judmorum,
1567 814 1697 849 locuples,

909 859 1000 893 justus
1017 859 1075 890 vir;
1090 859 1192 885 Nomen
1218 859 1242 886 ei
1267 859 1440 886 Nicodemus.
1465 860 1481 885 2
1507 860 1608 895 Expers
1627 860 1702 887 testi-

877 915 899 941 η
914 904 997 931 monii
1022 904 1065 930 hic
1080 904 1167 930 viator
1183 904 1224 930 Ad
1242 903 1381 932 Christum
1403 909 1486 931 noctu
1508 905 1598 937 venit;
1619 909 1700 932 cauto

917 950 984 985 pede
1000 949 1142 982 incedens,
1157 949 1314 977 Nocturnus
1332 950 1358 977 in
1373 950 1484 977 domum
1499 951 1573 977 venit
1593 951 1637 978 ubi
1655 951 1699 978 lux

916 996 1085 1033 γει-ιιι).νίΓο
1110 1001 1198 1023 autem
1220 995 1291 1022 ﬁdeli
1315 995 1395 1023 Jcsus
1419 1003 1550 1023 enarrans
1573 996 1699 1030 baptismi

915 1043 1037 1070 di\inum
1068 1042 1252 1077 splendorem,
1279 1041 1365 1069 Noctu
1390 1045 1563 1076 apparentem
1585 1041 1702 1069 Nicode~

915 1097 989 1117 mum
1007 1097 1057 1117 suo
1078 1088 1226 1116 illustravit
1241 1088 1333 1115 verbo.
1350 1087 1381 1113 Et
1395 1087 1444 1121 ipsi
1463 1095 1615 1114 sermonem
1633 1087 1702 1114 dixit

916 1136 970 1162 Deo
986 1135 1115 1162 credulus
1130 1134 1171 1160 vir
1184 1144 1190 1160 :
1206 1133 1294 1160 Rahbi
1308 1133 1435 1165 facunde,
1449 1133 1584 1167 deiloque,
1598 1133 1702 1160 scimus

915 1186 1027 1215 aspectu
1051 1179 1130 1213 Quod
1154 1179 1202 1206 Dei
1218 1179 1301 1206 ductu
1326 1178 1457 1213 magister
1473 1178 1570 1205 venisti
1595 1178 1699 1208 mundi.

916 1227 1046 1254 Humana:
1068 1226 1128 1253 vita:
1151 1225 1258 1259 adjutor
1273 1234 1279 1252 :
1296 1232 1349 1251 non
1376 1229 1464 1259 potest
1487 1225 1558 1251 enim
1580 1223 1701 1250 Mortalis

915 1274 997 1300 homo
1018 1272 1076 1299 luce
1099 1271 1189 1298 omnia
1206 1271 1281 1297 varia
1307 1270 1438 1297 miracula
1464 1269 1562 1301 facere,
1584 1269 1649 1302 Quae
1673 1273 1702 1296 tu

915 1318 1008 1345 divino
1029 1316 1136 1352 perﬁcis
1157 1316 1310 1342 medicante
1329 1315 1422 1345 verbo,
1439 1314 1496 1342 Nisi
1518 1315 1543 1341 ei
1560 1315 1703 1341 auxiliator

915 1364 985 1390 mala
1009 1362 1148 1398 depellens
1174 1360 1246 1388 Deus
1272 1360 1364 1387 fuerit.
1383 1359 1494 1387 ZJesus
1521 1363 1610 1386 autem
1635 1359 1704 1386 dixit

915 1407 1033 1434 obscuro
1055 1405 1172 1440 quodam
1193 1405 1277 1432 verbo
1293 1404 1368 1431 :Nisi
1392 1404 1455 1439 quis
1480 1407 1541 1439 post
1563 1404 1703 1431 stimulum

916 1452 999 1479 fetum
1016 1451 1183 1486 perﬁcientis
1205 1455 1301 1485 partus
1322 1449 1445 1477 Mortalis
1467 1450 1508 1476 vir
1525 1453 1607 1476 natus
1623 1448 1704 1476 fuerit

915 1497 1025 1529 iterum,
1050 1496 1112 1523 cmli
1138 1496 1207 1522 aulae
1231 1495 1291 1522 Non
1310 1498 1399 1530 potest
1425 1495 1506 1521 homo
1531 1494 1576 1520 ille
1603 1493 1703 1520 habere

914 1545 1047 1569 attentum
1076 1541 1269 1575 principatum.
1295 1540 1312 1566 4
1336 1540 1368 1566 Et
1395 1540 1515 1566 miscens
1539 1538 1703 1565 Nicodemus

874 1590 896 1619 C
912 1586 1047 1615 eructavit
1060 1593 1120 1612 cum
1134 1585 1313 1612 admiratione
1329 1591 1421 1611 vocem
1441 1593 1447 1610 :
1464 1583 1605 1616 Quomodo
1616 1586 1704 1618 potest

917 1637 978 1668 post
1003 1635 1140 1658 senectam
1156 1630 1209 1662 vir,
1236 1634 1296 1664 post
1312 1629 1388 1656 albos
1410 1629 1511 1660 crines,
1531 1628 1618 1654 Alium
1643 1635 1704 1655 sero

917 1678 1067 1714 perlectum
1090 1677 1192 1703 habere
1210 1680 1318 1710 partum
1344 1674 1549 1709 generationis?
1565 1674 1632 1701 Num
1658 1681 1706 1709 po-

916 1728 966 1752 test
987 1725 1046 1752 sine
1063 1727 1141 1757 patre
1159 1722 1242 1750 fetum
1260 1725 1404 1756 augentem
1422 1728 1470 1755 per
1496 1720 1585 1747 sinum
1610 1719 1705 1747 Matris

918 1770 1035 1803 antiquae
1058 1767 1199 1803 gravidum
1215 1771 1336 1794 ventrem
1361 1765 1484 1796 subiens,
1510 1765 1595 1799 Leges
1614 1765 1706 1793 videre

917 1813 1064 1847 genitrices
1087 1811 1221 1846 reciproci
1243 1810 1359 1845 partus?
1376 1809 1483 1837 51esus
1500 1817 1565 1837 vero
1591 1818 1703 1844 respon-

921 1859 972 1889 dit,
987 1858 1147 1893 magistrum
1160 1858 1247 1884 virum
1263 1857 1364 1883 docens
1377 1866 1384 1883 :
1398 1856 1455 1884 Nisi
1473 1857 1534 1890 quis
1552 1857 1631 1890 puris
1645 1865 1706 1884 cor-

916 1910 971 1938 pus
983 1902 1098 1929 lavacris
1115 1909 1234 1936 purgans
1248 1901 1352 1936 Spiritu
1374 1909 1407 1928 ex
1423 1905 1520 1929 sancto
1535 1905 1561 1928 et
1580 1908 1650 1935 aqua
1678 1902 1705 1929 in

916 1962 970 1981 una
986 1953 1137 1985 sanctione,
1153 1952 1300 1980 Recenlius
1311 1952 1425 1987 recipiat
1442 1951 1629 1987 generativum
1645 1960 1700 1979 non

917 2007 1080 2035 scminatum
1111 2004 1298 2040 principium,
1330 2004 1495 2038 Expressam
1524 2003 1704 2030 imitationem

918 2058 1059 2086 muliebris
1074 2062 1177 2093 partus,
1203 2055 1262 2083 Non
1279 2059 1368 2091 potest
1390 2055 1471 2082 homo
1496 2055 1540 2082 hic
1556 2055 1640 2081 futuri
1658 2063 1706 2082 co-

919 2118 1051 2145 gnoscere
1074 2109 1220 2137 leestem
1238 2108 1330 2136 saeculi
1346 2107 1444 2134 inﬁniti
1466 2112 1633 2151 comtaneum
1656 2107 1705 2134 ho-

919 2169 1023 2188 norem.
1051 2160 1104 2195 25
1122 2160 1139 2187 6
1161 2161 1269 2187 Etenim
1300 2158 1373 2194 quod
1397 2158 1538 2186 hominum
1567 2158 1706 2185 terrestris

75 2218 182 2253 Σαρκὸς
199 2219 253 2245 ἀπὸ
267 2219 379 2255 βροτέης
394 2220 593 2256 μορφοὺμενον,
609 2221 744 2257 ἀνδρομέη
761 2219 830 2256 σὰρξ

919 2214 1047 2249 protrusit
1069 2216 1171 2246 venter,
1199 2212 1288 2240 Carne
1329 2212 1362 2239 ab
1390 2212 1509 2238 humana
1541 2211 1704 2244 formatum,

76 2262 161 2290 Τοῦτο
174 2263 266 2291 πέλει·
282 2265 312 2291 τὸ
328 2265 355 2292 δὲ
370 2265 450 2299 θεῖον,
465 2266 534 2301 ὅπερ
545 2265 673 2302 καθαροῖο
686 2265 794 2300 λοετροῦ

918 2266 1036 2294 humana
1047 2272 1112 2293 caro
1131 2264 1186 2293 Hoc
1209 2268 1271 2293 est:
1291 2265 1412 2292 divinum
1430 2268 1521 2291 autem
1535 2263 1613 2297 illud,
1633 2263 1706 2298 quod

677 2343 816 2371 TEXI‘US
835 2341 1101 2371 EVANGELISTJE.

77 2435 84 2443 ε
111 2410 146 2436 ‘24
161 2410 244 2442 Αὐτὸς
260 2410 288 2436 δὲ
298 2412 312 2437 ὁ
331 2411 433 2446 Ἰησοῦς
444 2412 492 2437 οὐκ
505 2411 646 2438 ἐπίστευεν
657 2411 752 2438 ἑαυτὸν
764 2412 864 2445 αὐτοῖς,

76 2452 120 2479 διὶ
138 2452 168 2478 τὸ
180 2452 261 2478 αὑτὸν
271 2451 415 2486 γινώσκειν
430 2453 544 2484 πάντας·

113 2493 148 2519 ‘25
165 2494 220 2519 Καὶ
233 2494 274 2519 ὅτι
286 2494 317 2519 οὺ
331 2493 424 2529 χρείαν
438 2492 509 2528 εἶχεν
522 2494 564 2520 ἵνα
574 2502 615 2525 τις
630 2494 790 2529 μαρτυρήσῃ
804 2495 867 2530 περὶ

76 2534 122 2560 τοῦ
138 2533 292 2569 ἁνθρὼπου’
309 2535 388 2566 αὐτὸς
405 2535 458 2570 γὰρ
479 2535 611 2569 ἐγίνωσκε
631 2534 658 2560 τί
674 2533 707 2570 ἦν
724 2536 752 2561 ὲν
766 2535 805 2570 τῷ
820 2537 867 2562 ἁν-

78 2576 92 2602 0
97 2575 181 2610 ρώπῳ
186 2595 192 2602 .

404 2618 482 2644 ΚΕΦ.
502 2618 538 2645 Γ¹.

115 2658 126 2684 Ι
143 2654 197 2684 Ἦν
207 2658 236 2685 δὲ
252 2659 394 2695 ἅνθρωπος
409 2659 441 2686 ἐκ
460 2659 514 2685 τῶν
528 2659 697 2695 Φαρισαίων,
718 2657 868 2694 Νικόδημος

78 2699 163 2734 ὄνομα
176 2700 261 2735 αὐτῷ,
279 2701 369 2736 ἄρχων
383 2700 436 2726 τῶν
456 2701 601 2728 Ἰουδαίων.

113 2741 131 2767 2
143 2738 227 2773 οὗτος
243 2740 309 2776 ἦλθε
328 2741 395 2776 πρὸς
413 2742 458 2768 τὸν
479 2742 582 2777 Ἰησοῦν
600 2743 705 2774 νυκτὸς,
731 2743 778 2769 καὶ
793 2739 869 2769 εἶπεν

80 2782 167 2818 αὐτῷ·
193 2782 298 2814 Ῥαδὸὶ,
323 2783 431 2818 οἴδαμεν
454 2784 495 2810 ὅτι
518 2783 572 2810 ἀπὸ
596 2783 663 2810 Θεοῦ
683 2784 814 2819 ἐλήλυθας
831 2783 870 2810 δι-

79 2824 209 2856 δλσκαλος
220 2832 226 2838 ·
244 2824 331 2856 οὐδεὶς
342 2825 395 2860 γὰρ
407 2825 489 2852 ταῦτα
502 2825 534 2852 τὰ
551 2827 650 2860 σημεῖα
662 2825 772 2853 δύναται
783 2826 869 2852 ποιεῖν

80 2866 96 2892 ἆ
113 2876 142 2894 σι
160 2866 256 2898 ποιεῖς,
275 2865 322 2892 ἐὰν
335 2865 373 2901 μὴ
389 2865 431 2904 ᾑὸ
444 2866 510 2899 θεὸς
524 2867 582 2902 μετ’
597 2867 689 2894 αὑτοῦ.

952 2411 969 2438 5
981 2410 1130 2446 Ἀπεκρίθη
1139 2410 1153 2436 ό
1161 2409 1263 2446 Ίησοῦς
1274 2409 1319 2437 καὶ
1331 2408 1408 2436 εἶπεν
1423 2408 1496 2445 αὑτῷ
1507 2417 1514 2424 ·
1538 2408 1623 2443 ’Λμὴν
1633 2407 1706 2443 ἀμὴν

917 2453 989 2487 λέγω
1007 2461 1057 2483 σοι,
1083 2452 1131 2479 ἐὰν
1150 2452 1188 2487 μή
1213 2461 1254 2483 τις
1269 2452 1385 2487 γεννηθῇ
1411 2451 1523 2484 ἄνωθεν,
1544 2451 1573 2477 οὐ
1595 2450 1706 2477 δύναται

917 2495 982 2521 ἰδεῖν
995 2494 1051 2529 τὴν
1059 2493 1197 2529 βασιλείαν
1211 2493 1257 2520 τοῦ
1273 2493 1350 2520 Θεοῦ.

951 2537 967 2563 Ιι
987 2536 1069 2569 Λέγει
1085 2535 1153 2570 πρὸς
1171 2535 1252 2561 αὑτὸν
1277 2536 1291 2560 ὁ
1314 2534 1467 2569 Νικόδημος
1480 2542 1487 2549 ·
1507 2533 1569 2566 Πῶς
1595 2533 1706 2560 δύναται

915 2577 1057 2612 ἄνθρωπος
1071 2576 1234 2611 γεννηθῆναι
1249 2575 1339 2611 γέρων
1353 2575 1408 2606 div;
1428 2575 1464 2610 μὴ
1477 2574 1589 2601 δύναται
1603 2575 1643 2606 εἰς
1658 2574 1707 2609 τὴν

917 2618 1019 2644 κοιλίαν
1046 2618 1096 2652 τῆς
1120 2617 1222 2653 μητρὸς
1249 2616 1331 2643 αὑτοῦ
1356 2616 1482 2651 δεύτερον
1504 2615 1634 2642 εἰσελθεῖν
1659 2615 1707 2642 καὶ

917 2659 1080 2694 γεννηθῆναι
1091 2667 1098 2691 ;

951 2701 968 2728 5
984 2700 1131 2736 Ἀπεκρίθη
1147 2703 1162 2728 ό
1178 2699 1295 2736 Ἰησοῦς·
1319 2699 1404 2735 Ἀμὴν
1416 2699 1490 2734 ἀμὴν
1505 2698 1576 2733 λέγω
1592 2706 1643 2729 σοι,
1659 2696 1707 2723 ὲὰν

919 2743 956 2777 μή
970 2750 1010 2773 τις
1027 2743 1143 2778 γεννηθῇ
1156 2742 1185 2774 ἐξ
1199 2742 1295 2773 ὓδατος
1306 2742 1353 2767 καὶ
1369 2740 1536 2776 Πνεύματος,
1552 2740 1582 2766 οὐ
1594 2739 1706 2765 δύναται

917 2783 1048 2810 είσελθεῖν
1062 2786 1101 2816 εἰς
1118 2784 1166 2820 τὴν
1185 2783 1322 2819 βασιλείαν
1336 2782 1383 2809 τοῦ
1399 2782 1477 2810 Θεοῦ.

954 2825 971 2852 6
984 2825 1020 2852 Τὸ
1038 2826 1218 2861 γεγενημένον
1237 2826 1269 2852 ὲκ
1285 2825 1334 2860 τῆς
1352 2825 1462 2859 σαρκὸς,
1488 2822 1556 2858 σάρξ
1570 2823 1644 2848 ἐστι·
1659 2820 1707 2848 καὶ

918 2867 949 2893 τὸ
964 2869 1149 2903 γεγενημένον
1164 2869 1196 2894 ἑκ
1213 2867 1260 2894 τοῦ
1275 2867 1440 2902 πνεύματος,
1457 2864 1564 2900 πνεῦμά
1577 2864 1644 2890 ἐστι.
