1953 3040
255 170 306 198 Ὶύτ

880 163 986 192 NONNI
1002 161 1255 191 PANOPOLITANI

1838 161 1886 189 768

253 235 286 254 ex
303 233 372 261 puro
389 225 497 254 lavacro
512 224 634 260 Spiritus
649 231 697 259 per
719 229 748 251 se
762 222 848 258 geniti
869 226 912 250 est
928 221 989 257 puri
1005 222 1045 249 la-

1107 219 1259 255 ]νεύματος
1276 219 1433 253 αὑτογόνοιο
1449 219 1524 246 πέλει
1538 219 1668 256 καθαροῖο
1678 218 1801 254 λοετρυῦ,

254 271 341 303 vacri,
363 270 482 306 Spiritus
502 274 545 298 est
559 270 662 301 vitalis.
682 268 830 296 obstetrice
847 274 958 295 carente
977 275 1046 302 qua-

232 324 234 330 ν
255 317 318 343 dam
344 317 404 352 lege
420 315 606 351 Spontaneum
629 322 739 350 germen
766 313 918 349 regenerati
940 317 1045 348 partus.

257 361 273 388 7
294 361 327 388 Et
349 369 404 388 non
429 361 629 396 obstupescalis
645 360 799 394 deiloquum
821 359 857 386 ob
879 366 1046 390 sermonem,

256 407 313 435 Vos
326 407 349 434 si
367 406 421 434 dixi
443 407 516 442 quod
531 414 644 433 necesse
653 406 688 433 sit
699 406 839 441 percipere
857 405 934 440 Aqua
953 409 1046 431 natum

256 453 330 480 aliud
361 452 468 479 initium
496 451 693 487 generationis.
716 451 732 478 8
757 451 876 486 Spiritus
905 450 1046 478 revolutus

257 497 390 524 invisibili
418 497 537 532 quadam
565 497 718 524 vibratioue
743 496 823 523 Novit
854 494 969 530 perﬂare
999 494 1045 522 ubi

257 544 316 571 vult
334 552 340 570 :
355 551 439 578 prope
452 548 626 578 apparentem
645 550 708 570 vero
724 541 804 570 Vocis
816 549 901 569 aerea:
914 540 1046 569 divinitus

256 593 360 616 motum
390 589 510 616 sonitum
535 589 614 616 audis
637 588 759 616 Auribus
787 588 887 615 vestris
909 587 1043 618 delatum,

255 635 303 662 sed
319 635 390 662 scire
403 634 462 662 Non
482 638 557 669 potes
578 635 717 670 palpebris
727 633 799 661 unde
815 633 916 665 veniat,
937 633 978 659 vel
992 639 1046 667 quo

255 679 346 707 vadat.
372 680 417 708 Sic
433 681 524 708 omnis
547 686 588 708 est
611 685 690 716 typus
708 680 759 708 viri
778 688 810 707 ex
834 678 896 714 igne
917 678 1046 705 liumenle

254 725 322 752 Cum
352 726 449 760 spiritu
469 726 615 761 procreati,
632 731 659 754 et
684 734 738 753 non
758 725 891 760 vertigine
914 723 1043 759 pulveris.

255 772 272 799 9
286 771 357 798 Dixit
374 781 380 798 :
398 778 425 799 et
447 772 611 799 Nieodemus
631 771 773 807 respondit
789 781 796 798 :
815 771 878 798 liae
898 770 954 797 ﬁeri
971 769 1046 802 Quo-

256 816 337 843 modo
362 817 495 851 possunt?
518 816 550 843 10
569 817 602 843 Ει
623 816 750 844 Christus
774 816 908 843 eructavit
923 815 1044 843 divinam

255 868 364 887 vocem:
385 860 414 888 In
432 861 514 888 Israel
530 865 558 888 tu
579 861 688 896 quidem
711 869 742 889 es
758 861 864 893 doctor,
886 861 979 888 nescis
994 868 1045 887 au-

255 907 330 931 tem”!
357 905 409 933 Sed
438 911 464 934 te
493 907 551 933 haec
577 907 672 939 latent,
698 913 785 934 meam
805 915 871 934 vero
892 914 947 934 non
972 907 1044 934 nosti

255 951 392 977 ruentem?
414 951 443 977 11
459 950 622 979 Testilicans
641 951 826 986 ﬁrmiloquum
851 951 936 978 Amen
959 951 1044 980 Amen

255 1003 352 1022 rursus
369 997 415 1028 sit,
433 996 535 1024 Divina:
546 997 619 1032 quod
639 997 742 1025 scimus
757 1005 850 1024 verum
869 997 978 1032 plenmn
996 1004 1045 1024 vo-

255 1040 307 1071 cis.
329 1040 491 1076 Loquimur,
515 1043 685 1070 seminantes
706 1042 732 1069 in
755 1049 837 1069 aures
861 1044 1045 1076 repugnantes

255 1085 376 1112 virorum
402 1085 495 1114 Labiis
519 1095 573 1114 non
601 1087 775 1120 errantibus;
800 1089 828 1114 et
848 1089 942 1114 nostro
965 1085 1046 1114 Patre

254 1130 431 1166 Quaecunque
459 1132 493 1159 ab
512 1133 682 1168 Altiregente
705 1140 772 1160 mea:
786 1132 940 1160 didicerunt
953 1139 1045 1165 aures,

255 1175 417 1204 Testimonii
441 1185 567 1213 praecone
592 1179 724 1206 docemus
752 1178 850 1206 scienti
875 1185 941 1205 voce
966 1186 973 1204 :
994 1178 1046 1205 Νο-

255 1227 343 1249 strum
370 1228 459 1251 autem
481 1224 609 1253 indocilis
634 1224 849 1252 intractabilium
871 1231 949 1251 mens
970 1223 1045 1251 viro-

256 1275 317 1294 rum
336 1267 428 1297 Fiilele
453 1270 640 1297 testimonium
663 1277 719 1297 non
738 1269 846 1304 recipit.
863 1270 896 1296 12
918 1268 978 1297 Νοη
1001 1277 1046 1296 er-

255 1314 376 1341 rantium
399 1323 464 1342 vero
485 1315 515 1342 Si
537 1315 683 1350 quemdam
707 1322 862 1343 sermonem
877 1315 932 1342 dixi
958 1319 1046 1342 terro-

254 1361 353 1388 strium
379 1361 466 1396 gratia
488 1369 611 1397 operum,
633 1361 666 1388 Et
689 1361 757 1388 adeo
780 1364 878 1388 vestra:
905 1361 990 1388 tarda:
1012 1360 1045 1388 ad

255 1408 422 1435 credendum
441 1411 505 1435 sunt
523 1415 624 1435 aures:
640 1407 668 1434 Si
685 1408 837 1435 exercitum
853 1407 989 1434 volantem
1004 1407 1046 1434 vel

256 1453 318 1480 caeli
334 1460 416 1487 opera
431 1453 625 1487 pnndicavero,
641 1451 727 1488 Magis
739 1452 888 1488 inexpertis
903 1453 976 1480 unde
986 1460 1046 1480 cre-

256 1497 327 1526 detis
344 1498 454 1529 animis,
478 1497 606 1525 lecstis
629 1498 773 1526 audientes
798 1498 943 1526 invisibilis
965 1501 1046 1525 natu-

256 1550 314 1569 ram
337 1542 476 1568 materiae?
491 1542 523 1569 15
536 1541 681 1577 Nunquam
702 1549 766 1569 vero
782 1542 864 1569 homo
884 1542 954 1569 alius
968 1542 1045 1569 velo-

1097 264 1210 300 Πνεῦμα
1227 265 1304 292 πέλει
1317 265 1452 301 ζωαρκὲς,
1469 265 1610 301 ἀμαιεύτῳ
1622 265 1675 292 τινὶ
1690 263 1785 299 θεσμῷ

1097 310 1254 345 Δὺτόματον
1267 310 1412 345 βλάστημα
1427 310 1605 345 παλιγγενέος
1619 310 1748 337 taxat-oio.

1097 356 1113 382 7
1128 356 1183 383 Καὶ
1201 357 1238 392 μὴ
1254 356 1359 392 θάμϐος
1371 356 1451 391 ἔχητε
1460 356 1625 391 θεοφραδέος
1638 356 1703 392 περὶ
1719 355 1818 391 μύθου,

1103 401 1205 437 ’Υμέας
1218 402 1297 438 είπερ
1311 402 1403 429 ἔειπον
1414 402 1455 429 ὅτι
1469 402 1549 438 χρέος
1563 402 1622 428 ἐστὶ
1635 402 1730 436 νοῆσαι

1098 447 1194 474 ’Υδατι
1208 447 1370 483 τικτομένην
1383 447 1478 483 ἑτέρην
1493 447 1605 482 βαλϐῖδα
1617 447 1756 483 γενέθλης.

1097 492 1114 520 8
1127 493 1240 529 Πνεῦμα
1258 493 1447 529 παλινδίνητον
1463 493 1574 529 ἁθηήτῳ
1585 493 1638 519 τινὶ
1653 493 1764 528 παλμῷ,

1097 537 1156 565 οἶδε
1171 539 1338 575 περιπνείειν
1354 539 1395 565 ὅθι
1411 538 1534 573 βούλεται
1544 547 1550 553 ·
1569 539 1708 574 ἀγχιφανῆ
1722 539 1753 566 δὲ

1096 585 1190 620 Φωνῆς
1201 585 1298 620 ἠερίης
1309 584 1430 611 θεοδινέα
1441 584 1542 620 βόμϐον
1558 584 1668 615 ἀκούεις

1097 630 1198 658 Οὖασιν
1213 631 1357 666 ὑμετέροις
1375 631 1580 667 πεφορημένον·
1599 631 1667 658 ἀλλά
1676 631 1772 667 δαῆναι

1097 676 1134 702 Οὐ
1147 675 1260 702 δύνασαι
1277 675 1434 711 βλεφάροις.
1448 676 1530 703 πόθεν
1543 676 1664 712 ἔρχεται,
1679 677 1696 712 ἢ
1710 677 1775 704 πόσε
1790 676 1888 712 βαίνει.

1096 721 1174 748 Οὕτω
1185 720 1286 752 παντὸς
1302 721 1352 755 ἔφυ
1368 720 1453 753 τύπος
1467 721 1563 757 ἀνέρος
1577 723 1609 748 ὲκ
1621 722 1707 758 πυρὸς
1721 722 1804 758 ὑγροῦ

1096 767 1236 802 Πνεύματι
1249 767 1428 802 τικτομένοιο,
1444 768 1492 794 καὶ
1504 768 1534 794 οὐ
1552 769 1730 804 στροφάλιγγι
1745 769 1850 804 κονίης.

1096 813 1113 840 9
1123 814 1237 840 Ἐννεπε
1249 821 1256 828 ·
1271 813 1317 840 καὶ
1331 814 1487 849 Νικόδημος
1501 814 1631 849 ἀμείϐετο
1640 823 1646 829 ·
1659 814 1751 841 Ταῦτα
1760 814 1889 849 γενέσθαι

1096 859 1159 891 Πῶς
1183 859 1316 892 δύναται;
1344 860 1376 888 10
1399 860 1453 886 Καὶ
1475 859 1592 896 Χριστὸς
1618 861 1737 896 ἀνήρυγε
1761 860 1890 887 θέσκελον

1552 900 1570 915 ³
1727 904 1832 940 [ὀμφήν
1843 913 1851 920 '

1101 947 1207 984 Ἰσραὴλ
1224 948 1256 975 σὺ
1275 949 1324 984 μὲν
1337 949 1396 975 sccl.
1409 949 1579 980 διδάσκαλος,
1593 950 1624 976 οὐ
1638 950 1723 982 νοέεις
1737 951 1783 983 es;

1101 993 1181 1020 Ἀλλά
1195 1002 1225 1019 σε
1241 993 1326 1020 ταῦτα
1340 994 1462 1030 λέληθεν,
1475 995 1546 1030 ἐμὴν
1559 995 1580 1021 δ’
1593 995 1643 1022 οὐκ
1655 993 1732 1022 οἷσθα
1748 997 1890 1032 μενοινήν;

1096 1038 1125 1065 11
1141 1039 1288 1074 Μάρτυρον
1305 1039 1491 1075 ὲμπεδόμυθον
1508 1040 1582 1076 ἀμὴν
1597 1041 1673 1076 ἀμὴν
1690 1042 1769 1068 πάλιν
1780 1042 1862 1076 ἔστω,

1094 1083 1248 1119 Θεσπεσίης
1262 1084 1348 1120 τόπερ
1362 1085 1438 1120 ίδμεν
1450 1086 1582 1121 ἐτήτυμον
1598 1085 1696 1120 ἔγκυον
1705 1086 1808 1123 ὀμφῆς,

1094 1129 1282 1165 Φθεγγόμεθα,
1296 1131 1453 1166 σπείροντες
1467 1131 1496 1163 ὲς
1511 1131 1595 1158 οὔατα
1606 1132 1732 1168 δύσμαχα
1749 1133 1859 1167 φωτῶν,

1095 1174 1219 1201 Χείλεσιν
1231 1175 1407 1208 ἀπλανέεσσι,
1424 1177 1471 1204 καὶ
1484 1177 1627 1213 ἡμετέροιο
1647 1178 1751 1214 Toxilo;

1096 1223 1185 1250 Ὄσσα
1200 1223 1264 1258 παρ’
1277 1223 1467 1263 Ὑψιμέδοντος
1481 1225 1675 1260 ὲμαὶδεδάασιν
1689 1225 1798 1256 ἀκουαὶ,

1095 1270 1257 1306 Μαρτυρίης
1274 1271 1374 1306 κήρυκι
1390 1270 1553 1307 διδάσκομεν
1564 1271 1654 1307 ῐδμονι
1671 1273 1762 1307 φωνῇ·

1101 1316 1254 1353 Ἦμετέρην
1265 1317 1288 1344 δ’
1300 1317 1441 1349 ἀδίδακτος
1455 1318 1599 1354 ἀκηλήτων
1612 1319 1670 1350 νόος
1683 1319 1787 1354 ἀνδρῶν

1096 1362 1197 1398 Πιστὴν
1214 1363 1368 1398 μαρτυρίην
1381 1364 1412 1389 οὐ
1423 1363 1558 1398 δέχνυται.
1577 1364 1610 1391 12
1629 1363 1783 1391 ’Λπλανὲων
1796 1364 1826 1391 δὲ

1096 1407 1131 1435 Et
1142 1417 1205 1435 τινα
1226 1408 1310 1444 μῦθον
1327 1408 1418 1435 ἔειπον
1433 1408 1593 1444 ἐπιχθονίων
1607 1409 1687 1445 χάριν
1701 1409 1801 1444 ἔργων,

1096 1453 1152 1479 Καὶ
1165 1453 1244 1480 τόσον
1261 1453 1364 1489 ὑμείων
1380 1453 1559 1489 βαρυπειθέες
1572 1454 1641 1481 είσὶν
1655 1454 1764 1486 ἀκουαὶ,

1096 1499 1128 1525 Et
1148 1499 1279 1535 στρατιὴν
1297 1499 1492 1535 πτερόεσσανῆ
1512 1499 1621 1535 αἰθέρος
1634 1499 1702 1536 ἔργα
1717 1500 1818 1535 βοήσω,

1096 1545 1204 1573 Μᾶλλον
1217 1546 1389 1581 ἀπειρήτοισι
1415 1545 1497 1572 πόθεν
1512 1545 1639 1572 πείθεσθε
1651 1547 1798 1581 μενοιναϊς,

255 1601 314 1621 cem
329 1593 423 1628 pedem
449 1593 561 1622 vibrans
582 1594 741 1623 Caelestiqu
764 1594 880 1622 calcavit
897 1595 951 1630 26
967 1595 1043 1622 inac-

1107 1591 1231 1628 )ίιρανίης
1243 1591 1348 1623 ἀΐοντες
1360 1591 1480 1626 ἀθηήτου
1493 1591 1575 1626 φύσιν
1587 1591 1671 1627 ὕλης;

255 1653 364 1673 cessum
384 1646 515 1674 ambitum
531 1647 709 1680 circulorum,
724 1646 781 1674 Nisi
800 1647 909 1675 divinus
926 1647 981 1681 hic,
997 1647 1045 1682 qui

256 1698 437 1726 immortalem
463 1706 540 1726 suam
563 1699 679 1726 formam
705 1699 820 1728 Coelitus
842 1699 983 1727 descendit
1003 1699 1046 1726 in-

256 1754 416 1778 consuetam
435 1758 519 1778 carne
538 1751 681 1787 copulans,
702 1751 826 1780 Hominis
849 1751 925 1780 solus
950 1751 1045 1785 Filius,

255 1803 303 1839 qui
318 1804 424 1832 stellata
442 1804 470 1831 in
485 1804 567 1832 domo
585 1804 707 1832 Patrium
727 1805 816 1832 solum
834 1804 948 1837 habens,
964 1809 1045 1832 :eter-

262 1865 316 1885 nus
335 1857 362 1884 in
384 1857 464 1885 caelis
479 1857 594 1885 habitat.
611 1857 644 1885 M
661 1857 694 1884 Et
707 1857 846 1893 scopulosi
859 1858 938 1893 juxta
958 1858 1048 1893 regio-

255 1917 318 1937 nem
339 1909 439 1938 descrti
463 1909 543 1938 sicuti
559 1909 648 1938 Moses
670 1908 823 1938 Marsorum
846 1910 975 1937 exaltavit
989 1917 1047 1937 ser-

256 1966 363 1998 pentem
386 1967 574 1998 corruptorem
589 1963 741 1994 hominum,
761 1961 886 1997 Lignosre
902 1961 1046 1989 habentem

259 2015 374 2049 liguram
391 2014 506 2042 efﬁctam
527 2015 632 2050 spina):
650 2015 695 2042 Sic
708 2014 953 2042 membrivororum
967 2013 1048 2049 perli-

256 2064 332 2093 cicns
362 2065 542 2094 allevamenla
567 2065 738 2097 morborum,
763 2069 790 2092 et
818 2064 905 2093 Filius
928 2065 1048 2092 hominis

257 2117 422 2145 mortalibus
438 2117 614 2150 exaltabitur,
632 2117 770 2145 Solventis
789 2117 910 2146 dolorem
927 2117 961 2144 ad
985 2117 1047 2144 imi-

257 2168 388 2196 tationem
404 2169 570 2204 serpentium
590 2168 692 2204 [ἴδοι-ω,
712 2169 745 2197 15
765 2169 808 2202 Ut,
824 2169 913 2205 ipsum
933 2169 1049 2205 quicun-

257 2228 310 2255 que
326 2221 461 2256 receperit
474 2221 573 2249 mentis
596 2221 707 2249 credula
725 2222 794 2258 lege,
815 2221 884 2249 Vita;
904 2222 978 2249 viros
991 2221 1048 2249 cla-

1097 1637 1132 1664 15
1148 1637 1253 1664 οὔποτε
1265 1636 1294 1663 δὲ
1309 1637 1403 1673 βροτὸς
1415 1637 1505 1669 ἀλλος,
1520 1638 1671 1674 ὑπηνέμιον
1686 1638 1755 1665 πόδα
1767 1639 1892 1672 πάλλων,

1097 1683 1150 1718 27
1161 1683 1302 1719 Οὐρανίων
1314 1683 1449 1719 ὲπάτησεν
1461 1683 1613 1719 ἀνέμϐατον
1629 1684 1732 1719 ἄντυγα
1743 1685 1862 1719 κύκλων,

1097 1727 1129 1755 Et
1147 1728 1184 1764 μὴ
1199 1727 1326 1760 θέσκελος
1343 1725 1430 1760 οὗτος,
1448 1728 1477 1760 ὃς
1493 1728 1632 1763 ἀθανάτην
1645 1729 1674 1755 Eo
1694 1729 1803 1766 μορφὴν

1097 1773 1251 1808 Οὐρανόθεν
1265 1773 1426 1800 κατέϐαινεν
1440 1773 1527 1808 άηθέα
1539 1774 1622 1809 σαρκὶ
1637 1774 1791 1807 συνάπτων,

1103 1818 1260 1854 Ἀνθρώπου
1276 1818 1355 1854 μόνος
1371 1819 1445 1851 Υἱὸς,
1465 1819 1494 1851 ὃς
1508 1819 1665 1856 ἀστερόεντι
1683 1820 1811 1856 μελάθρῳ

1088 1860 1214 1898 (Πάτρων
1229 1860 1308 1895 οὖδας
1323 1863 1402 1898 ἔχων,
1416 1863 1524 1896 αἰώνιος
1537 1864 1634 1900 αίθέρα
1649 1865 1728 1892 ναίει.

1098 1907 1132 1934 14
1144 1908 1199 1935 Καὶ
1213 1909 1329 1944 σκοπιῆς
1346 1908 1422 1945 παρὰ
1435 1909 1520 1942 πέζαν
1536 1910 1673 1946 ὲρημάδος
1685 1908 1730 1938 οἴά
1748 1918 1777 1938 τε
1787 1911 1892 1947 Μωσῆς

1097 1954 1276 1989 Δακνομένων
1294 1954 1401 1988 ὕψωσεν
1418 1955 1480 1989 ὅφιν
1494 1954 1631 1991 δηλήμονα
1646 1956 1753 1991 φωτῶν,

1098 1999 1252 2036 Δουρατέης
1270 2000 1422 2035 μεθέποντα
1432 2000 1517 2028 τύπον
1532 2001 1645 2037 ποιητὸν
1660 2001 1781 2038 ἀκάνθης
1794 2009 1803 2018 ⁸

1099 2045 1178 2072 Οὕτω
1188 2045 1339 2081 γυιοϐόρων
1353 2047 1453 2074 τελέων
1465 2048 1601 2083 ἀλκτήρια
1614 2047 1729 2081 νούσων,

1098 2091 1154 2118 Καὶ
1170 2091 1237 2124 ιΙάῖς
1250 2091 1403 2127 ἀνθρώποιο
1420 2092 1526 2128 βροτοῖς
1541 2092 1691 2128 ὑψούμενος
1707 2092 1795 2126 ἔσται,

1098 2137 1250 2164 Δυσιπόνου
1267 2137 1380 2174 μίμημα
1393 2137 1576 2174 δρακοντείοιο
1589 2137 1736 2173 προσώπου
1748 2146 1755 2152 ·

1100 2182 1134 2210 15
1146 2184 1236 2220 Ὂφρα
1248 2192 1293 2219 μιν
1305 2184 1334 2216 ὃς
1345 2185 1451 2218 δέξαιτο
1463 2185 1523 2211 νόου
1536 2184 1681 2220 πειθήμονι
1695 2184 1801 2220 θεσμῷ,

1099 2229 1175 2265 Ζωῆς
1189 2229 1364 2266 κυδιάνειραν
1377 2230 1539 2266 ὲσαθρήσειε
1554 2231 1686 2267 γαλήνην,

257 2281 303 2302 ros
318 2273 476 2302 reddentem
489 2274 603 2309 aspiciat
619 2274 858 2310 tranquillitatem,
877 2274 970 2303 Donec
985 2274 1045 2302 lata:

1107 2275 1145 2308 Ξίς
1158 2276 1219 2303 ὅσον
1236 2275 1408 2312 εὐρυγένειος
1418 2276 1554 2303 ἑλίσσεται
1567 2275 1684 2312 ἔμπεδος
1697 2274 1776 2304 αίῶν.

863 2354 1005 2383 TEXTUS
1024 2355 1197 2384 EVANGELI
1203 2355 1291 2384 STE.

291 2425 307 2452 7
323 2425 368 2460 Μὴ
386 2425 530 2462 θαυμάσῃς
549 2425 591 2452 ὃτι
608 2423 683 2452 εἶπόν
699 2431 757 2451 σοι·
773 2424 819 2458 Δεῖ
834 2423 907 2460 ὑμᾶς
918 2424 1048 2461 γεννηθῆ-

258 2474 302 2493 ναι
317 2466 430 2494 ἀνωθεν.

293 2514 310 2541 8
323 2515 359 2541 Τὸ
380 2514 487 2550 πνεῦμα
499 2515 566 2542 ὅπου
582 2515 742 2549 θέλειξπνείο
756 2514 804 2541 καὶ
821 2514 871 2550 τὴν
888 2514 980 2550 φωνὴν
1001 2513 1050 2541 αὑ-

259 2556 305 2582 τοῦ
324 2555 444 2588 ἀκούεις,
465 2557 522 2583 ἀλλ’
543 2558 593 2584 οὐκ
608 2555 683 2589 οἶδας
705 2556 787 2584 πόθεν
809 2556 919 2592 ἔρχεται
933 2557 981 2584 καὶ
997 2555 1049 2583 ποῦ

259 2596 374 2631 ὑπάγειο
390 2597 476 2629 οὕτως
487 2598 546 2625 ἐστὶ
561 2599 614 2631 πᾶς
629 2600 643 2626 ὁ
655 2599 854 2635 γεγεννημένος
865 2600 898 2626 ἐκ
908 2598 956 2625 τοῦ
969 2597 1051 2626 πνεύ-

261 2647 355 2673 ματος.

294 2686 310 2713 9
332 2686 480 2724 Ἀπεκρίθη
495 2687 651 2725 Νικόδημος
663 2688 711 2716 καὶ
724 2686 801 2716 εἶπεν
815 2687 890 2724 αὐτῷ
901 2696 908 2704 ⁸
925 2688 989 2721 Πῶς
1002 2688 1048 2715 δύ-

259 2737 337 2757 ναται
351 2729 438 2757 ταῦτα
455 2730 581 2765 γενέσθαι
591 2739 599 2763 ;

295 2779 329 2807 10
349 2779 500 2814 Ἀπεκρίθη
517 2780 532 2806 ὁ
551 2779 656 2815 Ἰησοῦς
677 2779 725 2807 καὶ
740 2777 817 2806 εἴπεν
833 2778 924 2815 αὐτῷ·
943 2779 980 2806 Σὺ
997 2777 1023 2805 εἴ
1037 2780 1052 2806 ό

259 2820 422 2853 διδάσκαλος
437 2821 485 2848 τοῦ
505 2821 625 2858 Ἰσραὴλ,
634 2821 774 2850 καὶταῦτα
788 2822 818 2848 οὐ
833 2821 996 2856 γινώσκεις;

296 2870 324 2897 ll
344 2869 430 2905 ’Λμὴν
443 2869 516 2906 ἀμὴν
532 2870 604 2906 λέγω
618 2879 670 2904 σοι,
691 2871 733 2898 ὅτι
749 2871 763 2898 δ
777 2870 888 2906 οἴδαμεν
904 2869 1049 2904 λαλοῦμεν,

1455 2392 1473 2408 ἢ

1100 2425 1147 2452 καὶ
1163 2425 1177 2452 δ
1193 2424 1357 2461 ἑωράκαμεν
1380 2425 1573 2462 μαρτυροῦμεν
1583 2434 1590 2441 ·
1613 2424 1660 2452 καὶ
1673 2424 1724 2461 τὴν
1737 2425 1893 2462 μαρτυρίαν

1101 2466 1179 2502 ἡμῶν
1195 2466 1226 2493 οὐ
1240 2466 1405 2502 λαμϐάνετε.

1137 2514 1171 2542 12
1188 2515 1220 2541 Et
1235 2514 1269 2542 τὰ
1288 2515 1396 2549 ἐπίγεια
1410 2512 1486 2543 εἷπον
1508 2515 1646 2551 ὑμῖν,κα“ι
1665 2515 1695 2542 οὺ
1708 2514 1871 2542 πιστεύσετε
1882 2524 1889 2533 -

1101 2556 1171 2589 πῶς,
1188 2556 1236 2583 ἐὰν
1251 2557 1322 2584 εἴπω
1335 2557 1399 2593 ὑμῖν
1416 2557 1450 2584 τὰ
1466 2558 1624 2593 ἐπουράνια,
1638 2556 1818 2590 πιστεύσετες

1137 2605 1171 2633 15
1184 2606 1239 2632 Καὶ
1257 2605 1346 2637 οὐδεὶς
1361 2605 1531 2641 ἀναϐέϐηκεν
1543 2606 1584 2638 είς
1601 2605 1647 2632 τὸν
1670 2605 1785 2641 οὐρανὸν
1808 2606 1833 2632 εί
1856 2605 1893 2641 μὴ

1101 2647 1116 2674 ὁ
1128 2647 1161 2674 ὲκ
1182 2647 1229 2674 τοῦ
1254 2647 1369 2683 οὐρανοῦ
1384 2647 1518 2680 καταϐὰς,
1537 2648 1551 2674 ὁ
1563 2647 1628 2680 Υίὺς
1649 2647 1697 2674 τοῦ
1713 2646 1860 2683 ἀνθρώπου
1877 2646 1892 2672 ὁ

1100 2687 1138 2716 ὣν
1152 2689 1181 2716 ὲν
1194 2689 1233 2724 τῷ
1246 2688 1364 2724 οὐρανῷ.

1137 2737 1171 2765 14
1179 2737 1234 2763 Καὶ
1248 2736 1340 2769 καθὼς
1347 2738 1450 2773 Μωσῆς
1463 2736 1555 2772 ὕψωσε
1567 2737 1614 2764 τὸν
1625 2737 1687 2771 ὅφιν
1698 2737 1728 2764 ὲν
1738 2738 1772 2774 τῇ
1786 2737 1893 2772 ἐρήμῳ,

1101 2777 1187 2809 οὕτως
1203 2778 1345 2814 ὑψωθῆναι
1360 2778 1401 2805 δεῖ
1413 2779 1459 2806 τὸν
1472 2779 1537 2807 Υίδν
1551 2778 1599 2806 τοῦ
1610 2778 1754 2815 ἀνθρώπου
1767 2787 1774 2794 ·

1138 2827 1172 2855 15
1187 2827 1247 2854 ’Ἱνα
1267 2828 1321 2859 πᾶς
1336 2828 1350 2854 ὁ
1373 2828 1509 2856 πιστεύων
1533 2829 1574 2861 είς
1588 2828 1670 2856 αὐτὸν
1687 2828 1724 2864 μὴ
1746 2827 1893 2864 ἀπόληται,

1103 2868 1159 2896 ἀλλ’
1172 2869 1221 2905 ἔχῃ
1237 2869 1310 2905 ζωὴν
1325 2868 1444 2898 αἰώνιον.
