1953 3040
48 141 102 169 769

48 200 84 226 16
98 199 180 226 Οὕτω
190 197 248 234 γὰρ
261 196 438 233 πολύμορφον
457 195 570 231 ἐφίλατο
584 196 687 231 κόσμον
704 196 807 232 ἀλήτην

51 245 212 281 ’Υψιμέδων
226 243 408 280 σκηπτοῦχος,
423 243 464 269 ὅτι
479 242 671 277 χραισμήτορα
683 241 781 277 φωτῶν

43 290 210 324 Μουνογενῆ
223 289 310 323 Λάγον
324 286 378 316 Υία
394 288 477 324 πόρεν
489 287 636 323 τετράζυγι
651 287 756 323 κόσμῳ,

48 335 145 370 ’Ὀφρα
163 343 209 370 μιν
218 334 247 366 ὃς
260 334 373 367 δέξοιτο,
391 333 561 369 μετάτροπον
574 330 641 367 ἦθος
656 332 786 368 ἀμείψας,

44 382 147 408 Πίστιν
164 382 193 412 ἐς
209 380 403 415 ἁστυφέ).ικτον
419 379 542 406 ἑκούσιον
554 378 656 414 αὐχένα
668 378 814 414 κάμπτων,

46 428 129 462 Ζωῆς
142 426 271 463 οὐρανίης
283 425 391 453 αίώνιον
405 427 444 458 είς
459 425 539 462 χορὸν
554 425 629 461 ἔλθῃ,

46 474 144 500 Ναίων
160 473 272 507 ἄφθιτον
288 471 361 499 οἷκον
377 472 406 498 ἐν
421 471 554 507 εὐδένδρῳ
568 471 737 507 παραδείσῳ.

48 519 83 545 17
99 518 138 544 Οὐ
154 517 209 554 γὰρ
223 517 267 544 ἐὸν
281 517 367 552 Λόγον
378 514 431 544 Υἴα
442 517 536 552 Πατὴρ
548 517 614 548 Θεὸς
629 516 724 543 ὤπασε
737 517 843 552 κόσμῳ,

47 563 162 598 Κόσμον
179 563 222 589 ἵνα
239 562 341 598 κρίνειε
356 561 501 598 προώριον,
515 561 583 589 ἀλλὰ
596 561 733 589 πεσοῦσαν

54 609 223 644 Ἀνδρομέην
239 609 282 636 (va
297 609 387 636 πᾶσαν
400 609 562 644 ἀναστήσειέ
575 608 715 644 γενέθλην.

50 656 84 683 18
99 655 148 686 ’ος
162 655 191 681 δέ
209 663 254 690 μιν
270 654 404 686 ἀπλανιος
418 654 532 690 κραδίης
548 654 686 690 μειλίξατο
701 653 796 690 θεσμῷ

54 701 153 736 Ῥίψας
166 700 298 736 ὴερίοισιν
312 700 427 727 ἀπειθέα
441 700 543 728 λύσσαν
559 700 667 736 ἀήταις,

54 744 156 780 Ὀρθὴν
172 744 264 772 πίστιν
275 744 354 779 ἔχων,
368 745 398 771 οὺ
412 745 533 781 κρίνεται
551 754 558 760 ·
576 746 600 771 εἰ
616 745 645 772 δέ
660 753 701 776 τις
714 744 783 780 ἀνὴρ

55 790 225 827 ’Δνδρομέην
240 791 287 818 ἐπὶ
307 790 395 826 σάρκα
411 790 558 826 νοοσφαλές
573 791 652 826 ὄμμα
666 791 803 823 τιταίνων,

48 837 187 872 Τολμήεις
201 836 337 864 ἐπέτασσε
350 837 489 873 θεημάχον
502 837 668 874 ἀνθερεῶνα,

55 882 140 918 ’Λνὴρ
154 882 280 918 κέκριται
295 880 382 916 οὗτος,
397 884 439 910 ὅτι
454 883 629 919 βραδυπειθέῖ
643 883 722 920 θυμῷ

46 928 136 955 υῦπω
149 928 240 956 πίστιν
257 929 360 962 ἔδεκτο,
373 929 421 957 καὶ
431 930 462 957 οὐ
478 930 612 966 μετέθηκε
625 930 760 966 μενοινὴν,

51 974 133 1006 Υίέος
147 974 270 1009 ὑψίστοιο
283 974 350 1002 Θεοῦ
363 975 478 1003 Γενέταο
489 975 609 1012 πιθήσας

51 1020 209 1056 Τηλυγέτου
225 1021 357 1057 Βασιλῆος
371 1022 400 1054 ές
414 1021 526 1058 οὕνομα.
546 1022 579 1049 19
594 1022 743 1055 Δυσσεῦέος
755 1022 784 1049 δὲ

51 1067 166 1102 Κόσμου
182 1067 313 1101 σύγγονος
324 1068 372 1103 ἥδε
389 1067 465 1095 πέλει
479 1067 581 1104 κρίσις.
593 1068 746 1104 Οὐρανόθεν
762 1067 817 1104 γὰρ

50 1112 109 1147 28
130 1112 178 1144 Et;
195 1112 280 1148 χθόνα
303 1112 405 1148 φέγγος
430 1113 522 1140 ῐκινι·
540 1113 587 1140 καὶ
604 1112 744 1140 ἀσταθέων
768 1112 846 1146 γένος

689 1156 811 1193 [ἀνδρῶν

50 1201 173 1236 Φέγγεος
187 1201 391 1238 ἀστράπτοντος
403 1202 515 1237 ἐφίλατο
526 1203 625 1239 μᾶλλον
637 1203 762 1238 ὁμίχλην,

53 1247 108 1274 Καὶ
124 1247 193 1281 φάος
206 1248 237 1275 οὐ
252 1248 396 1275 ποθέουσιν
413 1249 478 1276 ὅσον
491 1249 572 1284 ζόφον
583 1257 591 1264 ·
610 1249 679 1285 ἔργα
691 1248 745 1284 γὰρ
756 1247 846 1275 αὐτῶν

52 1293 127 1327 mea
143 1294 229 1322 πέλει.
250 1294 286 1321 20
304 1295 358 1322 Καὶ
374 1296 428 1327 πᾶς
445 1304 487 1327 τις
503 1295 573 1331 ἀνὴρ
585 1294 732 1330 ἀθεμίστια
749 1293 845 1329 ῥέζων,

56 1339 138 1372 Ἀξια
152 1339 248 1371 νυκτὸς
260 1340 339 1376 ἔχων,
358 1340 466 1375 στυγέει
482 1340 562 1375 φάος,
577 1340 676 1367 οὔποτε
691 1339 778 1375 βαίνει

54 1384 102 1416 Εἰς
115 1386 184 1419 φάος
201 1386 405 1421 ἀγχικέλευθος,
422 1388 497 1419 ὅπως
514 1387 550 1423 μὴ
569 1387 670 1422 φέγγος
684 1387 780 1423 ἐλέγξῃ

56 1431 156 1466 Ἔργα,
170 1431 259 1466 τάπερ
271 1431 357 1458 τελέει
373 1433 475 1468 κρυφίῃ
493 1433 689 1468 κεκαλυμμένα
706 1434 781 1468 σιγῇ.

53 1477 87 1504 ει
107 1478 157 1509 Ὃς
170 1477 198 1504 δέ
210 1476 376 1514 θεουδείῃσιν
393 1479 514 1514 ἐτήτυμα
533 1479 622 1506 πάντα
636 1478 777 1513 φυλάσσει,

55 1521 158 1553 Ἴξεται
171 1521 382 1554 αὐτοκέλευστος
393 1523 446 1558 ὅπη
461 1523 538 1557 φάος,
555 1523 626 1558 δφρα
640 1522 736 1558 φανείη

58 1568 158 1603 Ἔργα,
173 1567 261 1603 τάπερ
275 1568 372 1604 ποίησε
387 1567 454 1595 Θεοῦ
470 1568 650 1603 τετελεσμένα
664 1568 757 1604 βουλῇ.

58 1614 185 1642 Ἔννεπε.
221 1614 257 1641 922
276 1614 330 1641 Καὶ
348 1614 495 1650 μετέπειτα
509 1615 588 1642 πέδον
600 1615 741 1642 Γαλιλαῖον
754 1614 848 1646 ἐάσας,

63 1660 159 1695 ’Δγνὲν
176 1660 309 1687 Ἰουδαίων
324 1659 476 1687 ὑπεδύσατο
491 1660 592 1687 κόλπον
610 1660 741 1696 ἀρούρης.

58 1705 114 1732 Καὶ
126 1704 192 1736 Θεὸς
203 1704 296 1731 αὐτόθι
311 1705 393 1740 μίμνε
407 1706 455 1732 σὺν
471 1705 616 1732 ἀντιθέοισι
633 1705 777 1740 μαθηταῖς,

59 1749 200 1776 Ναιετὰων
214 1749 316 1776 ὀθνεῖον
335 1748 467 1777 ἐναύλιον.
486 1750 650 1785 ’Λγχιπὸρου
662 1750 691 1776 δέ

60 1795 142 1830 Γαίης
155 1794 232 1821 αίόλα
245 1793 316 1828 φῦλα
327 1793 401 1829 σοφῷ
417 1794 564 1830 βαπτίζετο
578 1794 689 1830 ῥείθρῳ,

59 1841 176 1876 Σμήχων
184 1840 335 1876 ἁνδρομέης
343 1840 458 1876 κραδίης
465 1840 561 1876 ῥύπον.
573 1840 609 1867 9.3
615 1837 667 1867 Ἦν
674 1840 702 1867 δὲ
714 1840 760 1868 καὶ
770 1839 851 1872 αὐτὸς

60 1886 137 1918 θεῖος
160 1885 287 1920 Ἰωάννης
301 1885 443 1912 θεοπειθέα
456 1885 520 1912 λαὸν
535 1884 639 1920 ἀλήτην

62 1933 158 1959 Ὕεατι
179 1933 316 1968 βαπτίζων
334 1932 521 1968 βαθυκύμονος
538 1931 634 1966 ἐγγύθι
648 1931 762 1966 Σαλείμ.

61 1979 140 2006 Κείθι
155 1979 210 2015 γὰρ
225 1979 387 2015 εὐρυπόροιο
401 1978 590 2013 κυλινδομένου
613 1978 746 2012 ποταμοῖο

61 2025 202 2060 Χεύμασιν
216 2025 325 2057 ἀενάοις
339 2024 501 2059 κυμαίνεται
517 2022 632 2058 ἄφθονον
649 2021 722 2058 ὓδωρ

64 2072 179 2107 Ἀρκιον
193 2072 234 2097 etv
249 2071 289 2098 ἐνὶ
304 2071 396 2098 πᾶσιν.
416 2067 619 2096 Ἐκυκλὼσαντο
632 2068 660 2094 δὲ
672 2067 732 2094 λαοὶ

63 2117 197 2153 Εὐσεϐίης
210 2118 259 2145 ἕνα
271 2117 360 2153 φῶτα,
373 2117 420 2143 καὶ
433 2115 531 2151 όψινόῳ
550 2114 676 2151 μετανοίῃ

69 2163 241 2198 Ἀμπλακίας
254 2163 405 2195 νίπτοντες,
424 2161 614 2197 ἐφαιδρύνοντο
631 2159 764 2196 ῥεέθροις.

62 2208 99 2236 24
110 2209 193 2236 Οὔπω
206 2209 260 2245 γὰρ
273 2209 317 2236 διὰ
329 2208 442 2245 λέκτρον
456 2206 648 2243 ἁμερσιγάμου
664 2205 791 2242 βασιλῆος

524 136 769 165 PARAPIIIMSIS
785 136 820 165 lN
839 136 1044 165 JOANNEM.—
1063 138 1139 166 CAP.
1160 137 1203 166 Ill.

1633 143 1685 171 πο

894 195 1079 231 generationis
1102 196 1222 224 volvitur
1241 195 1350 225 ﬁrmum
1370 205 1467 226 aevum.
1487 198 1520 226 16
1542 199 1588 227 Sic
1608 200 1683 229 enim

897 242 1002 269 varium
1017 242 1112 270 dilexit
1134 241 1266 270 mundum
1282 247 1419 271 errantem
1440 240 1605 280 A'ltiregens,
1624 253 1685 274 sce—

896 287 1059 322 ptritenens,
1070 291 1099 315 ut
1114 288 1266 323 adiutorem
1278 289 1418 317 hominum
1430 289 1605 326 Unigenilum
1618 292 1686 321 Ver-

895 333 959 361 bum
976 333 1073 361 Filium
1088 334 1194 362 dederit
1215 334 1380 370 quadrijugo
1399 336 1511 369 mundo,
1526 337 1572 371 Ut,
1595 339 1683 373 ipsum

895 379 941 414 qui
963 380 1108 415 receperit,
1130 381 1273 409 versatiles
1297 389 1388 409 mores
1412 382 1570 417 immutans,
1588 383 1685 417 Fidem

895 425 930 453 ad
959 426 1065 453 ﬂrmam
1090 426 1272 454 voluntariam
1298 428 1432 455 cervicem
1471 427 1596 461 ﬂectens,
1622 430 1687 457 Viue

895 472 1016 499 cmlestis
1031 476 1161 499 mternum
1179 472 1204 499 in
1217 476 1318 500 coetum
1331 474 1433 505 veniat,
1447 472 1579 502 llabitans
1597 474 1686 502 incor-

895 521 1004 552 ruptam
1030 517 1141 544 domum
1173 518 1200 545 iu
1234 518 1381 546 arboribus
1414 520 1522 546 consito
1547 519 1685 554 paradiso.

896 562 929 588 17
954 561 1014 589 Non
1038 562 1111 590 enim
1134 562 1253 590 Verbum
1278 571 1358 591 suum
1383 563 1480 590 Filium
1505 565 1577 592 Deus
1606 564 1688 592 Pater

895 607 971 636 dedit
983 608 1095 640 mundo,
1112 607 1243 635 Mundum
1255 611 1286 635 ut
1299 608 1404 643 judicet
1422 612 1485 637 ante
1503 613 1621 645 tempus,
1638 611 1686 639 sed

895 653 1001 688 lapsam
1016 652 1168 680 Humanam
1186 657 1216 681 ut
1235 661 1342 681 omnem
1367 655 1513 682 resuscitet
1533 656 1687 690 generatio—

895 707 968 727 nem.
993 699 1025 727 l8
1047 700 1098 733 Qui
1120 700 1304 735 igituripsum
1328 700 1397 728 ﬁrmi
1422 701 1514 730 cordis
1538 702 1688 737 placaverit

896 744 965 780 lege,
990 745 1131 780 Ahjiciens
1154 746 1242 773 aereis
1266 745 1434 773 incredulam
1458 747 1564 775 rabiem
1585 748 1686 781 ventis,

896 790 1008 829 Rectam
1026 792 1105 820 ﬁdem
1124 792 1238 826 habens,
1260 800 1314 820 non
1329 793 1487 828 judicatur:
1504 794 1527 821 si
1542 801 1608 822 vero
1621 794 1685 829 quis

896 837 938 864 vir
964 827 1115 865 ﬂumanam
1138 838 1165 865 in
1190 845 1302 866 carnem
1325 843 1417 867 mente
1441 845 1550 874 captum
1576 841 1687 868 oculum

862 894 883 921 Β
897 882 1028 917 dirigens,
1045 883 1140 910 Audax
1163 884 1301 918 aperuerit
1324 884 1378 912 Deo
1400 892 1555 920 repugnans
1578 894 1620 919 os,
1639 886 1688 914 Vir

894 928 1034 964 judicatus
1054 933 1096 957 est
1111 929 1166 960 hic.
1184 931 1247 964 quia
1259 930 1337 957 tarde
1358 931 1488 958 credente
1508 931 1600 959 animo
1614 932 1688 960 Non-

897 974 962 1002 dum
981 974 1061 1002 (idem
1083 975 1216 1010 suscepit,
1237 980 1264 1003 et
1287 983 1340 1003 non
1357 977 1553 1007 transmutavit
1575 983 1687 1005 senten-

897 1020 973 1052 tiam,
989 1020 1051 1048 Filii
1068 1021 1197 1048 altissimi
1210 1020 1258 1049 Dei
1277 1020 1366 1049 Palris
1379 1021 1495 1050 credens
1514 1021 1601 1049 Unice
1615 1023 1687 1051 dile.

897 1065 933 1092 cti
952 1065 1033 1101 Regis
1050 1066 1077 1093 in
1091 1073 1202 1093 nomen.
1220 1066 1253 1094 l9
1269 1066 1345 1101 lmpii
1367 1070 1457 1094 autem
1477 1067 1569 1094 Mundi
1587 1075 1688 1102 conge-

897 1110 984 1148 nilum
1003 1110 1054 1137 hoc
1075 1113 1117 1138 est
1130 1109 1275 1145 judicium.
1289 1110 1344 1144 29
1358 1109 1474 1138 Coelitus
1493 1111 1565 1138 enim
1586 1110 1614 1137 in
1634 1115 1688 1138 ter-

897 1163 955 1182 ram
973 1155 1064 1183 lumen
1084 1155 1168 1187 venit,
1192 1158 1220 1183 et
1242 1155 1412 1182 instabilium
1438 1163 1525 1191 genus
1546 1155 1687 1184 hominum

897 1199 1013 1227 Lumine
1033 1199 1153 1235 fulgente
1178 1199 1273 1228 dilexit
1298 1200 1385 1235 magis
1413 1200 1567 1235 caliginem,
1591 1200 1624 1229 Et
1649 1201 1689 1229 lu-

898 1253 960 1272 men
972 1253 1026 1272 non
1041 1245 1198 1273 desiderant
1213 1250 1344 1281 quantum
1360 1246 1488 1273 tenebras
1502 1253 1602 1281 :opera
1615 1247 1688 1275 enim

898 1289 1020 1324 ipsorum
1041 1289 1131 1317 Curva
1144 1294 1234 1317 erant.
1250 1290 1285 1317 20
1301 1289 1333 1317 Et
1347 1290 1505 1325 quicunque
1527 1290 1569 1318 vir
1582 1291 1688 1321 nefaria

898 1335 1105 1371 iaciens,Digna
1122 1339 1203 1363 nocte
1218 1336 1333 1369 habens,
1356 1336 1413 1363 odit
1434 1336 1538 1368 lumen,
1560 1344 1612 1364 nec
1636 1344 1690 1366 ωι-

897 1388 980 1416 quam
997 1381 1071 1408 venit
1084 1381 1112 1408 In
1128 1381 1216 1408 lucem
1233 1381 1360 1413 vicinam,
1386 1388 1420 1408 ne
1436 1380 1526 1408 lumen
1545 1381 1690 1416 redarguat

898 1426 988 1462 Opera
1005 1435 1066 1462 qua:
1081 1426 1150 1454 facit
1164 1426 1272 1454 occulto
1292 1430 1362 1454 tecta
1379 1426 1499 1454 silentio.
1513 1427 1545 1453 2i
1560 1426 1611 1459 Qui
1624 1434 1690 1454 vero

899 1472 1000 1507 pietate
1019 1479 1083 1500 vera
1099 1472 1191 1501 omnia
1203 1471 1334 1504 custodit,
1354 1471 1450 1499 Veniet
1464 1475 1560 1506 sponte
1580 1472 1627 1499 ubi
1649 1472 1690 1499 lu-

901 1531 974 1556 men,
989 1527 1019 1551 ut
1041 1523 1250 1551 manifestentur
1268 1522 1356 1558 Opera
1378 1530 1438 1558 quae
1452 1522 1517 1550 fecit
1538 1522 1585 1550 Dei
1599 1521 1693 1559 perfe-

900 1579 945 1603 cta
959 1576 1109 1603 voluntate.
1123 1575 1206 1602 Dixit.
1228 1575 1264 1602 22
1280 1574 1313 1601 Et
1327 1575 1456 1610 deinceps
1471 1582 1567 1610 campo
1579 1574 1692 1602 Galilao

901 1627 1008 1659 relicto,
1025 1627 1155 1655 Sanctum
1175 1627 1330 1654 Iudaeorum
1346 1627 1430 1654 subiit
1444 1627 1534 1654 sinum
1550 1631 1640 1654 terrae.
1657 1626 1692 1654 Et

900 1679 973 1707 Deus
997 1679 1032 1706 ibi
1054 1679 1156 1707 mansit
1177 1687 1239 1707 cum
1262 1679 1362 1706 divinis
1385 1679 1540 1714 discipulis,
1557 1678 1691 1708 llahitans

901 1732 1019 1759 alienum
1037 1731 1219 1759 domicilium.
1243 1730 1407 1767 Propinqua:
1421 1739 1487 1759 vero
1498 1730 1588 1758 Terra:
1600 1732 1691 1760 varias

902 1782 991 1810 tribus
1007 1781 1124 1817 sapienti
1142 1781 1297 1816 baptizabat
1312 1781 1398 1814 ﬂuxu,
1413 1782 1579 1817 Ahstcrgcns
1591 1783 1625 1810 ab
1642 1783 1693 1810 hu-

901 1843 983 1864 mano
999 1835 1082 1863 corde
1098 1835 1205 1862 sordes.
1224 1835 1258 1862 23
1275 1834 1340 1862 Erat
1353 1839 1444 1863 autem
1459 1839 1487 1863 et
1505 1836 1563 1871 ipse
1578 1835 1692 1863 Divinus

901 1887 1021 1916 Joannes
1043 1887 1099 1916 Deo
1122 1887 1279 1914 credentem
1298 1887 1428 1922 populum
1454 1891 1591 1914 errantem
1613 1887 1692 1923 Aqua

902 1940 1056 1975 baptizans,
1075 1937 1202 1974 profundi
1226 1937 1316 1965 ﬂuxus
1331 1937 1409 1972 juxta
1433 1937 1534 1966 Salem.
1554 1938 1593 1966 lbi
1619 1939 1692 1967 enim

902 1992 997 2020 vadosi
1011 1992 1094 2020 veluti
1109 1990 1230 2018 ﬂuminis
1246 1989 1378 2017 Fluxibus
1394 1989 1533 2024 perpetuis
1544 1989 1693 2018 ﬂuctuabat

903 2046 978 2081 larga
999 2053 1080 2080 aqua.
1108 2043 1250 2072 Sufﬁciens
1269 2050 1325 2070 una
1351 2042 1491 2070 omnibus.
1509 2043 1693 2071 Circumdedit

904 2102 994 2125 autem
1012 2097 1130 2132 populus
1145 2095 1256 2124 Pietatis
1275 2095 1386 2122 unicum
1405 2094 1504 2126 virum,
1524 2098 1552 2122 et
1566 2102 1629 2122 sero
1648 2102 1693 2122 sa-

904 2151 994 2186 piente
1015 2150 1174 2185 pmnitentia
1204 2149 1299 2176 Errata
1330 2148 1453 2175 lavantes
1479 2146 1694 2182 puriﬁcabantur

905 2203 1023 2231 ﬂuentis.
1048 2203 1083 2230 21
1108 2201 1232 2230 Nondum
1252 2202 1323 2230 enim
1339 2203 1448 2237 propter
1470 2200 1619 2227 thalamum
1640 2206 1693 2226 nu-

664 2263 804 2292 TEXTUS
825 2260 1087 2291 EVANGELISTIE.

100 2314 135 2342 16
151 2313 229 2340 Οὕτω
244 2313 300 2349 γὰρ
315 2313 458 2348 ἠγάπησεν
476 2313 490 2340 ό
507 2313 572 2344 Θεὸς
588 2312 634 2339 τὸν
657 2311 770 2346 κόσμον,
783 2309 852 2336 ὥστε
871 2312 893 2341 D
904 2308 955 2335 οὐκ
974 2307 1082 2344 ἔρχεται
1097 2306 1165 2343 πρὸς
1180 2307 1210 2334 τὸ
1225 2306 1300 2341 φῶςυ
1327 2306 1371 2333 ἵνα
1387 2305 1425 2341 μὴ
1441 2303 1554 2338 ἐλεγχθῇ
1568 2301 1601 2329 τὰ
1626 2300 1694 2337 ιργλ.

63 2357 111 2385 τὸν
126 2357 192 2383 Υἱὺν
217 2355 300 2382 αὑτοῦ
325 2355 372 2383 τδν
401 2355 531 2391 μονογενῆ
556 2354 667 2384 εδωκεν,
696 2353 740 2379 ἵνα
763 2352 817 2383 πᾶς
841 2352 855 2378 ὁ

65 2397 203 2425 πιστεύων
224 2398 265 2430 είς
285 2397 367 2424 αὐτὸν
391 2397 428 2433 μὴ
452 2395 598 2431 ἀπόληται,
625 2394 683 2422 ἀλλ’
707 2393 756 2429 ἔχῃ
783 2393 855 2429 ζωὴν

65 2440 133 2467 αἰών
138 2449 187 2467 ιον.

104 2482 138 2509 17
161 2481 198 2508 Οὐ
215 2481 271 2518 γὰρ
288 2480 447 2509 ἀπέστειλεν
465 2480 479 2506 ὁ
496 2478 562 2511 Θεὸς
577 2478 622 2505 τὸν
637 2477 701 2504 Υἱδν
720 2476 802 2503 αὑτοῦ
817 2477 857 2508 είς

66 2524 113 2550 τὸν
134 2523 247 2558 κόσμον,
265 2524 309 2550 ἴνα
326 2523 407 2559 κρίνῃ
421 2523 468 2549 τδν
491 2521 604 2556 κόσμον,
622 2519 681 2546 ἀλλ’
700 2519 743 2546 ἵνα
755 2519 828 2554 σωθῇ
843 2520 857 2545 ό

67 2565 171 2600 κόσμος
185 2565 218 2591 δι’
233 2564 328 2592 αὑτοῦ.

104 2608 138 2634 18
155 2608 183 2634 ’0
198 2606 333 2634 πιστεύων
352 2606 392 2637 εἰς
407 2604 498 2636 αὐτὸν,
520 2603 551 2630 οὐ
577 2603 699 2639 κρίνεται
711 2610 717 2617 ·
747 2602 760 2628 ὁ
773 2601 801 2628 δὲ
820 2601 858 2637 μὴ

69 2648 216 2680 πιστεύων,
239 2649 289 2684 ἠδη
309 2648 446 2683 κέκριται,
466 2646 508 2672 ὃτι
527 2645 563 2681 μὴ
580 2645 761 2672 πεπίστευκεν
775 2645 815 2676 εἱς
828 2644 858 2671 τὸ

68 2691 156 2717 δνοιια
172 2691 219 2717 τοῦ
234 2688 395 2725 μονογενοῦς
411 2687 477 2715 Υίοῦ
490 2686 536 2714 τοῦ
549 2686 628 2714 Θεοῦ.

106 2731 142 2759 19
157 2731 230 2766 Αὕτη
247 2730 276 2757 δέ
293 2732 367 2757 ἐστιν
381 2731 398 2765 ή
417 2729 518 2765 κρίσις,
541 2728 581 2755 ὃτι
597 2727 628 2754 τὸ
650 2727 709 2762 φῶς
729 2726 857 2762 ἐλήλυθεν

70 2773 111 2806 εἰς
129 2773 175 2799 τὸν
193 2774 307 2808 κόσμον,
326 2771 372 2798 καὶ
395 2771 542 2806 ἠγάπησαν
561 2769 586 2796 οἱ
601 2769 740 2805 ἄνθρωποι
758 2768 857 2804 μᾶλλον

70 2815 102 2842 τδ
114 2814 208 2846 σκότος
222 2814 239 2849 ἢ
252 2813 283 2840 τὸ
297 2813 354 2848 φῶς
365 2821 372 2828 ·
397 2809 431 2847 ἦν
444 2812 498 2847 γὰρ
510 2810 617 2846 πονηρὰ
629 2810 718 2837 αὐτῶν
733 2809 767 2836 τὰ
779 2809 857 2846 ἔργα.

107 2856 143 2885 ἳο
159 2857 215 2888 Πᾶς
233 2855 286 2892 γὰρ
300 2856 314 2882 ό
327 2854 416 2890 φαῦλα
434 2854 576 2888 πράσσων,
591 2854 666 2888 μισεῖ
679 2852 708 2879 τὸ
724 2851 796 2887 φῶς·
811 2852 858 2878 καὶ

908 2349 990 2376 αὐτοῦ
995 2369 1001 2376 .

943 2390 1015 2417 21Ὀ
1026 2389 1055 2416 δὲ
1071 2389 1155 2416 ποιῶν
1165 2388 1214 2424 τὴν
1228 2388 1367 2424 ἀλήθειαν,
1379 2387 1488 2422 ἔρχεται
1500 2384 1567 2420 πρὸς
1582 2383 1612 2411 τὸ
1625 2383 1693 2418 φῶς,

909 2433 952 2460 ἵνα
978 2431 1121 2467 φανερωθῇ
1148 2430 1229 2461 ὠτοῦ
1254 2430 1287 2456 τὰ
1318 2429 1398 2465 ἔργα,
1425 2429 1467 2455 ὅτι
1497 2428 1525 2454 ἐν
1544 2425 1604 2462 Θεῷ
1622 2426 1695 2452 ἐστιν

906 2473 1084 2510 είργασμένα.

941 2516 976 2543 22
993 2515 1070 2543 Μετὰ
1094 2513 1181 2541 ταῦτα
1207 2510 1289 2549 ἦλθεν
1307 2512 1323 2538 ὀ
1343 2509 1446 2546 Ἰησοῦς
1463 2509 1510 2536 καὶ
1530 2510 1555 2536 oi
1578 2509 1696 2545 μαθηταὶ

906 2557 989 2584 αὑτοῦ
1005 2557 1045 2588 είς
1065 2556 1114 2591 τὴν
1132 2554 1262 2582 Ἰουδαίαν
1279 2553 1347 2588 γῆν·
1368 2552 1414 2579 καὶ
1430 2552 1489 2578 ἐκεῖ
1504 2551 1622 2585 διέτριϐε
1637 2551 1697 2586 μετ’

907 2599 995 2626 αὐτῶν
1010 2598 1056 2625 καὶ
1073 2597 1228 2628 ἐϐάπτιζεν.

941 2641 977 2668 ‘25
991 2638 1045 2667 'llv
1057 2640 1085 2667 δέ
1098 2639 1145 2666 καὶ
1162 2638 1289 2673 Ἰωάννης
1307 2634 1445 2671 βαπτίζων
1460 2635 1488 2662 ὲν
1504 2633 1601 2665 Αἰνὼν,
1614 2633 1697 2667 ἐγγὺς

907 2681 954 2708 τοῦ
968 2681 1080 2717 Σαλείμ,
1100 2681 1140 2707 ὅτι
1161 2679 1246 2706 ὕδατα
1266 2677 1353 2705 πολλὰ
1377 2674 1410 2712 ἦν
1425 2676 1499 2702 ἐκεῖ·
1517 2675 1564 2702 καὶ
1581 2674 1698 2710 παρεγί-

906 2732 982 2752 νοντο
997 2721 1043 2749 καὶ
1058 2722 1246 2754 ἐϐαπτίζοντο.

939 2765 977 2792 24
997 2764 1081 2791 Οὗπω
1102 2763 1156 2802 γὰρ
1174 2762 1208 2800 ἦν
1224 2762 1390 2800 βεσλημένος
1410 2761 1450 2793 εἰς
1468 2761 1518 2796 τὴν
1541 2755 1664 2794 φυλακὴν
1676 2755 1692 2782 ὀ

912 2806 1048 2842 Ἰωάννης.
