1953 3040
249 153 303 182 ’175

859 146 966 176 NONNI
983 146 1176 176 PANOPOLIT
1180 147 1238 176 ANI

1839 150 1899 177 77G

251 209 315 238 aliis
327 207 402 236 misti
413 205 552 235 communi
569 205 628 241 lege
641 204 671 232 In
688 204 760 232 victu
787 205 902 234 invicem
925 214 1041 234 conver-

1101 206 1130 233 )ὑ
1142 206 1197 242 γὰρ
1213 206 1335 234 Ἰουδαῖοι
1353 207 1467 242 μιγάδες
1484 206 1589 243 ξυνήονι
1606 206 1700 243 θεσμῷ

249 254 382 281 sabantur
402 256 430 280 et
451 251 629 280 Samaritani.
656 251 690 278 l0
716 249 750 277 Et
772 250 797 278 ei
822 250 949 279 Christus
972 251 1041 279 dixit

251 299 370 326 obscuro
386 298 504 334 quodam
521 304 650 325 sermone
666 306 673 324 :
690 296 719 323 Si
738 304 834 324 nosses
847 297 974 325 altissimi
993 296 1040 324 Dei

249 344 380 379 gratiam.
395 344 420 370 si
433 343 534 370 donum
552 343 640 370 Scires
655 361 662 374 .
678 342 711 369 Et
727 343 788 378 quis
802 346 875 370 esset
889 342 935 377 qui
953 342 1038 370 dixit:

250 389 388 418 Terrestri
400 398 432 417 ex
450 389 525 416 fonte
550 389 587 416 Da
610 389 676 416 mihi
699 389 800 416 sitienti
823 388 916 416 bibere
939 394 1042 424 tempo-

249 436 335 463 ralem
361 443 470 470 aquam.
497 435 557 470 Ipsa
581 438 708 470 prompto
731 435 824 461 animo
843 438 972 462 aeternam
993 442 1040 470 pe-

251 481 346 509 tiisses
365 482 400 508 ab
426 481 486 516 ipso
510 480 605 507 Vivam
623 488 733 516 aquam.
753 485 781 508 et
801 480 873 508 hanc
891 480 1040 515 sapientem

250 533 345 562 potum
362 532 455 563 posset
471 527 601 562 praebere.
616 527 646 554 11
666 526 739 554 Dixit
756 530 846 554 autent
869 534 925 553 non
943 526 1043 554 intelli-

250 582 318 609 gens
330 574 426 602 mulier
433 574 615 601 viviﬁcantem
626 581 724 608 aquam
738 582 745 600 :
762 573 784 601 0
799 573 868 606 Rex,
888 578 982 609 stupor
1000 578 1041 602 te-

250 625 298 648 net
320 628 373 652 me,
390 624 418 647 tu
437 621 509 648 enim
524 621 642 648 rotundo
657 621 761 648 circulo
783 619 842 647 Non
862 619 961 648 cadum
978 620 1042 648 hau-

251 670 339 693 strum
358 665 423 696 fers,
445 673 500 692 non
517 664 609 693 funem
625 665 708 696 tollis.
723 664 759 692 Ut
773 665 800 692 in
816 664 981 700 profundum
995 665 1042 692 de-

250 711 355 742 mittas,
377 711 518 746 subriguis
540 718 556 738 e
579 711 686 739 sinibus
700 710 826 738 Manibus
843 711 1043 738 alternantibus

248 757 357 785 ducens
379 757 497 784 alienant
510 764 609 792 aquam
623 765 630 789 ς
644 756 675 783 Ει
689 762 788 792 puteus
800 760 842 785 est
856 756 1043 792 profundissi-

250 809 326 836 mus;
342 809 375 829 ex
395 802 519 828 terrestri
537 806 631 837 autem
655 802 719 829 sinu
741 802 818 830 Hanc
840 801 912 830 unde
931 801 1042 829 vitalem

250 847 384 875 hauriens
410 848 584 883 peregrinam
610 855 722 882 aquam,
755 848 816 879 ipse
844 848 928 876 habes
948 851 1042 883 potum

249 893 351 921 alium?
368 893 402 920 12
434 892 506 920 Num
531 900 623 920 mares
643 893 713 920 filios
729 893 844 922 habente
857 893 941 921 Jacob
959 893 1044 928 Major

250 944 347 966 nostro
360 946 390 966 es
406 939 500 965 divino
518 938 612 974 patre?
629 937 681 971 Qui
699 943 810 973 puteum
835 939 952 974 praebuit
970 939 1043 967 hunc

249 993 351 1012 munus
365 984 546 1011 Samaritana:
563 987 654 1016 teme.
670 983 703 1012 Et
718 985 788 1012 bibit
804 992 838 1012 ex
855 985 915 1021 ipso
935 986 963 1012 in
984 985 1044 1012 solo

249 1030 382 1058 nutritam
404 1030 507 1058 foedere
521 1030 663 1064 _sancitam
683 1038 801 1065 aquam.
822 1030 883 1066 ipse
909 1031 992 1059 simul
1016 1034 1045 1059 et

249 1075 327 1104 liberi
345 1079 372 1102 et
393 1079 587 1103 montanorum
603 1075 754 1110 generatio,
776 1075 1046 1111 Quadrupedumque

248 1121 364 1157 greges?
375 1121 409 1148 15
419 1120 571 1148 Excitatam
580 1124 671 1148 autem
687 1121 830 1149 mulierem
843 1120 925 1149 Iesus
941 1121 1044 1154 docuit,

247 1174 281 1194 ex
300 1166 418 1202 caligine
434 1167 462 1193 in
475 1166 563 1194 lucem
579 1166 709 1194 trahens:
723 1166 775 1200 Qui
791 1166 859 1194 bibit
872 1167 1045 1195 terrestrium

248 1213 399 1240 caritatum
428 1213 605 1248 temporalem
635 1219 734 1248 aquam
766 1212 967 1249 Scaturiginis,
1002 1215 1046 1242 vel

248 1258 357 1286 dulcem
371 1265 469 1294 aquam
481 1258 594 1285 humilis
605 1257 688 1290 ﬂuvii,
702 1258 780 1286 Sitict
790 1266 905 1286 rursus:
919 1259 952 1286 H
963 1266 1046 1294 quant

249 1312 315 1332 vero
328 1305 353 1334 ei
368 1305 524 1340 praebuero,
548 1304 603 1340 36
616 1304 760 1340 Nunquam
784 1305 859 1332 sitiet
881 1304 978 1332 bibens
992 1311 1047 1332 cot-

250 1350 345 1378 lcstem
360 1357 458 1385 aquam
473 1360 479 1377 :
494 1349 546 1377 Sed
559 1351 583 1377 ci
598 1349 624 1377 in
639 1350 798 1385 praeordiis
810 1350 930 1378 manebit
943 1350 1043 1383 fluxus.

250 1395 378 1432 prudenti
405 1396 477 1424 saltu
505 1395 612 1423 Saliens
640 1396 817 1431 inteLligentis
847 1396 1044 1431 profunditatis

250 1443 344 1470 divino
363 1442 464 1477 impetu
481 1441 576 1470 Fontis
592 1442 666 1469 intus
683 1442 795 1469 latentis
812 1449 910 1470 rursus
925 1450 1045 1470 nascens

251 1488 331 1515 firma
351 1495 422 1523 aqua
446 1487 513 1514 Vita:
525 1491 644 1519 αξιοι-ηαξ,
658 1491 685 1515 οι
697 1495 752 1516 non
763 1488 900 1516 terrestris
913 1487 1044 1516 fluminis.

252 1540 289 1567 15
303 1539 398 1568 Jesum
420 1543 513 1567 autem
535 1539 642 1575 rogavit
659 1539 757 1568 mulier
774 1540 886 1568 credula
901 1547 971 1567 voce
985 1549 993 1567 :
1005 1539 1044 1567 Da

251 1591 331 1624 mihi,
349 1591 473 1624 Domine,
496 1590 567 1618 hanc
582 1591 614 1618 ad
631 1591 778 1619 bibendum
800 1592 912 1619 vitalem
930 1599 1040 1626 aquam,

251 1643 275 1670 Λ
291 1642 459 1678 scaturigine
480 1643 605 1670 terrestri
628 1642 777 1676 diversam,
800 1647 829 1670 ut
851 1644 948 1671 bibens
965 1643 1042 1671 Nunc

251 1703 334 1731 quam
358 1695 459 1727 sitiam,
478 1698 505 1722 et
519 1703 574 1722 non
596 1696 712 1731 amplius
730 1696 785 1723 huc
801 1696 908 1723 veniam
927 1696 966 1723 Ex
983 1703 1044 1731 pro-

253 1747 347 1775 fundis
370 1747 535 1775 cavitatibus
552 1747 663 1776 haurire
679 1751 803 1775 coactam
825 1755 934 1783 aquam.
958 1747 1041 1776 Dixit.

252 1798 286 1827 16
299 1798 336 1825 Et
352 1802 491 1826 versutam
504 1799 664 1834 responsivo
679 1799 798 1834 quodam
817 1807 946 1828 sermone
963 1799 1045 1841 Iesus

251 1851 353 1879 multos
369 1851 444 1879 viros
461 1851 608 1880 habentem
622 1851 739 1879 tentavit
754 1852 894 1880 mulierem
909 1861 916 1880 :
931 1852 1000 1880 Veni
1016 1856 1045 1881 et

250 1910 318 1931 voca
347 1908 425 1930 tuum
453 1903 582 1931 maritum
596 1910 603 1928 :
617 1909 650 1929 ex
658 1903 767 1931 civitate
777 1908 866 1931 autem
875 1903 984 1931 Festina
996 1911 1045 1938 pe-

250 1952 332 1979 dibus
357 1953 490 1981 celeribus
508 1953 608 1980 iterum
617 1951 781 1981 hucvenire.
789 1953 871 1982 Dixit.
881 1955 913 1981 17
922 1953 956 1980 Ει
970 1956 1046 1992 igno-

250 2011 316 2031 rans
338 2004 418 2031 multi
438 2005 551 2034 seminis
566 2005 600 2033 de
616 2005 745 2033 thalamis
767 2005 903 2035 Mentiens
928 2006 1046 2035 Samari-

251 2059 316 2083 tana
336 2064 428 2084 veram
444 2058 538 2084 sonuit
554 2065 647 2085 vocem
665 2057 746 2091 :Qure
767 2059 897 2086 maritum
920 2067 976 2087 non
1001 2059 1046 2088 ha-

252 2107 312 2139 beo,
329 2108 401 2136 unde
416 2110 544 2136 maritum
559 2109 593 2137 ad
610 2114 637 2136 te
649 2110 774 2137 vocabo?
792 2109 851 2137 Non
867 2111 940 2139 enim
958 2112 1045 2140 habeo

251 2159 365 2188 charum
381 2161 480 2188 virum.
496 2162 528 2189 l8
541 2161 611 2190 Deus
623 2166 714 2190 autem
730 2163 871 2200 redarguit
884 2165 1044 2193 mulierem:

251 2212 330 2247 Novi,
348 2215 455 2249 mulier,
473 2219 535 2250 post
558 2216 680 2252 quinque
695 2217 819 2252 spurium
841 2222 917 2245 tuum
934 2222 1042 2246 sextum

1099 253 1143 284 Ἐς
1158 253 1215 288 βίον
1227 252 1381 288 ἀλλήλοισιν
1395 253 1504 288 ὁμίλεον
1522 253 1539 288 ἢ
1554 253 1733 288 Σαμαρεῖται.

1092 297 1126 324 10
1147 298 1201 325 Καί
1212 299 1239 325 οἱ
1254 299 1371 334 Χριστὸς
1388 298 1479 326 ἔειπεν
1493 298 1642 334 ἀσημάντῳ
1656 298 1710 324 τινὶ
1726 297 1821 333 μύθῳ·

1092 344 1124 370 Et
1137 344 1224 379 μάθες
1236 343 1358 378 ὑψίστοιο
1370 344 1438 371 Θεοῦ
1452 345 1541 380 χάριν,
1562 345 1586 370 εί
1597 343 1669 370 δόσιν
1683 343 1780 377 ἔγνως,

1092 390 1147 416 Kal.
1161 389 1201 422 τίς
1214 389 1260 425 ἔην
1273 390 1302 422 ὃς
1314 389 1405 417 ἔειπεν
1415 398 1423 406 ⁵
1449 389 1619 425 Ἐπιχθονίης
1631 390 1685 416 ἀπὸ
1702 389 1797 424 πηγῆς

1092 435 1142 466 Δός
1158 443 1202 470 μοι
1213 434 1292 470 δίψαν
1306 435 1394 470 ἔχοντι
1413 436 1486 462 πιεῖν
1502 434 1648 470 μινυώριον
1665 434 1748 470 ὕδωρ,

1091 481 1167 517 Αὐτὴ
1179 482 1355 518 προφρονέως
1366 481 1475 508 αἰώνιον
1486 481 1565 517 ῇτεες
1581 481 1663 508 αὑτὸν

1093 527 1167 555 Ζωδν
1180 527 1262 564 ὕδωρ,
1277 528 1324 555 καὶ
1338 527 1418 555 τοῦτο
1428 528 1509 562 σοφὸν
1524 527 1605 554 ποτὸν
1618 525 1690 562 εἶχεν
1701 527 1833 554 ὀπάσσαι.

1094 573 1125 600 11
1147 570 1214 599 Εἷπε
1226 573 1255 599 δὲ
1271 573 1308 609 μὴ
1325 573 1438 600 νοέουσα
1450 573 1519 608 γυνὴ
1533 572 1659 608 φυσίζοον
1671 572 1743 608 ὕδωρ
1751 581 1759 589 ·

1092 616 1128 645 Ὦ
1144 619 1222 650 Ἀνα,
1235 618 1338 654 θάμϐος
1351 618 1407 654 ἔχει
1423 626 1468 654 με’
1487 618 1519 644 σὺ
1532 618 1586 654 γὰρ
1597 618 1743 654 τροχοειδέῖ
1753 618 1851 654 κύκλῳ

1094 665 1130 691 Οὺ
1144 664 1226 692 κάδον
1239 664 1396 700 ἐλκυστῆρα
1416 664 1518 700 φέρεις,
1530 664 1559 691 οὐ
1572 665 1675 699 σχοῖνον
1689 664 1804 699 adﬁne,

1094 710 1187 745 ’Ὀφρα
1199 709 1273 745 βυθῷ
1285 709 1433 744 χαλάσειας
1446 709 1618 744 ὑποϐρυχίων
1632 709 1686 736 ἀπὸ
1702 709 1823 742 κόλπων,

1092 754 1195 790 Χερσὶν
1209 755 1394 791 ἀμοιϐαίοισιν
1406 756 1481 790 ἄγων
1498 755 1675 790 μετανάστιον
1690 754 1778 790 ὕδωρ·

1094 801 1149 828 Καὶ
1162 800 1251 836 φρέαρ
1265 801 1325 828 ἐστὶ
1340 800 1467 836 βάθιστον
1477 809 1483 817 ·
1500 801 1555 828 ἀπὸ
1570 800 1686 836 χθονίοιο
1697 800 1726 827 δὲ
1741 800 1845 827 κόλπου

1094 847 1180 874 Τοῦτο
1196 847 1279 874 πόθεν
1295 847 1424 883 ζείδωρον
1441 847 1592 882 ἀρυόμενος
1608 846 1682 880 ξένον
1695 847 1778 883 ὕδωρ,

1094 893 1181 925 Αὐτὸς
1195 893 1268 929 ἔχεις
1280 894 1361 920 ποτὸν
1375 894 1456 925 ἄλλος
1470 893 1504 920 12
1515 893 1560 929 Μὴ
1575 893 1771 927 ἀρσενόπαιδος
1787 892 1890 920 Ἰακὼῆ

1095 939 1200 971 Μείζων
1216 939 1361 977 ἡμετέροιο
1373 940 1466 972 nam;
1479 940 1587 972 ζαθέοιο
1600 940 1716 976 τοκῆοςς

1097 984 1146 1017 ’ος
1161 985 1249 1021 φρέαρ
1265 985 1360 1012 ὤπασε
1375 985 1454 1012 τοῦτο
1468 986 1552 1021 γέρας
1566 986 1741 1023 Σαμαρείτιδι
1756 985 1834 1021 γαίῃ,

1094 1031 1150 1057 Καὶ
1165 1030 1226 1058 πίεν
1239 1030 1269 1063 ἐξ
1288 1031 1380 1058 αὐτοῖο
1395 1031 1558 1067 πεδοτροφὲς
1571 1032 1664 1067 ὅρκιον
1676 1032 1760 1067 ὕδωρ,

1095 1076 1182 1108 Αὐτὸς
1193 1076 1261 1111 ὁμοῦ
1279 1077 1326 1104 καὶ
1337 1076 1441 1109 παῖδες,
1455 1077 1639 1113 όρεσσινόμων
1651 1085 1680 1103 τε
1695 1076 1820 1112 γενέθλη,

1095 1122 1274 1157 Τετραπὸδων
1288 1131 1319 1149 τε
1336 1122 1493 1157 φάλαγγεςς
1516 1123 1550 1150 13
1576 1123 1774 1158 Ἀνεγρομένην
1786 1122 1816 1149 δὲ
1837 1131 1887 1155 γυ·

1759 1168 1854 1204 [ναίια

1103 1212 1206 1249 Ἰησοῦς
1219 1213 1348 1246 ἐδίδαξεν,
1366 1214 1412 1240 ἀπ’
1430 1213 1529 1249 ἀχλύος
1545 1214 1585 1246 είς
1602 1214 1670 1249 φάος
1687 1214 1790 1241 ἕλκων·

1099 1260 1147 1290 ’ος
1162 1258 1252 1285 πίεται
1268 1259 1380 1294 χθονίων
1395 1255 1514 1293 λαγόνων
1528 1259 1673 1294 μινυώριον
1690 1259 1761 1295 ὕδωρ

1097 1304 1225 1338 Πίδακος,
1241 1305 1257 1340 ἢ
1271 1305 1357 1339 γλυκὺ
1373 1307 1447 1341 νᾶμα
1458 1306 1637 1340 χαμαιγενέος
1649 1306 1790 1340 ποταμοῖο,

1097 1350 1210 1386 Διψήσει
1229 1351 1389 1387 παλίνορσος
1399 1360 1406 1367 ·
1426 1352 1459 1379 14
1473 1352 1541 1388 ὅπερ
1552 1351 1580 1378 δέ
1596 1353 1620 1378 οἱ
1640 1351 1801 1386 ἐγγυαλίξω,

1096 1396 1150 1432 37
1168 1395 1273 1423 Οῠποτε
1287 1396 1406 1431 διψήσειε
1420 1396 1488 1424 πιὼν
1501 1396 1609 1424 αἰώνιον
1627 1397 1709 1432 ὕδωρ,

1103 1442 1185 1470 Ἀλλά
1199 1443 1223 1470 οἱ
1240 1444 1269 1470 ἐν
1282 1443 1446 1478 πραπίδεσσι
1459 1443 1535 1478 μενεῖ
1547 1443 1617 1478 ῥόος,
1630 1442 1744 1478 ἔμφρονι
1756 1441 1860 1478 πα).μῷ

1102 1487 1262 1524 ’Λλλόμενον
1278 1489 1380 1523 νοεροῖο
1393 1487 1474 1523 βυθοῦ
1492 1487 1605 1515 θεοδινέῖ
1623 1489 1688 1524 ῥιπῇ

1097 1534 1193 1570 Πηγῆς
1211 1534 1368 1570 ἐνδομὺχοιο
1381 1534 1536 1570 παλιμφυὲς
1550 1534 1666 1570 ἔμπεδον
1680 1534 1752 1570 ὕδωρ

1096 1580 1174 1615 Ζωῆς
1191 1581 1307 1612 ἀενάοιο,
1323 1581 1370 1607 καὶ
1387 1580 1418 1606 οὐ
1438 1580 1545 1615 χθονίου
1565 1581 1706 1614 ποταμοῖο.

1097 1624 1130 1651 15
1157 1624 1259 1660 Ἰησοῦν
1269 1624 1291 1650 δ’
1307 1625 1412 1651 ἱκέτευε
1425 1624 1494 1659 γυνὴ
1507 1625 1649 1660 πειθήμονι
1668 1625 1743 1660 φωνῇ

1092 1670 1141 1701 Δός
1155 1679 1210 1705 μοι,
1229 1671 1356 1706 Κοίρανε,
1371 1671 1449 1698 τοῦτο
1465 1672 1536 1697 πιεῖν
1548 1671 1683 1706 βιοτήσιον
1697 1671 1780 1706 ὕδωρ,

1093 1716 1208 1748 Πίδακος
1226 1716 1336 1750 οὐδαίης
1349 1715 1500 1752 ἀλλότριον,
1514 1716 1586 1751 ὄφρα
1602 1716 1701 1742 πιοῦσα

1093 1762 1205 1796 Μήποτε
1219 1761 1334 1796 διψήσω,
1349 1761 1396 1788 καὶ
1409 1761 1507 1796 μηκέτι
1517 1762 1597 1797 δεῦρο
1610 1762 1731 1797 περήσω,

1099 1807 1147 1833 Ἐκ
1166 1806 1265 1842 βυθίων
1275 1807 1397 1841 λαγόνων
1411 1807 1506 1842 ἀρύειν
1524 1807 1599 1842 βεὸιη
1605 1807 1684 1842 μένον
1697 1807 1778 1843 ὕδωρ.

1093 1850 1171 1879 Εἴπε.
1187 1852 1221 1880 16
1232 1853 1287 1879 Καὶ
1303 1852 1488 1888 ἁγκυλόμητιν
1507 1853 1645 1888 ἀμοιϐαίῳ
1659 1853 1711 1880 τινὶ
1732 1853 1814 1889 μύθῳ

1100 1898 1204 1932 Ἰησοῦς
1217 1897 1385 1933 πολύανδρον
1399 1897 1556 1934 ἐπειρήτιζε
1569 1900 1686 1933 γυναῖκα
1696 1907 1703 1914 ·

1095 1942 1205 1980 Ἕρχεο,
1223 1944 1271 1970 καὶ
1285 1943 1415 1979 κίκλησκε
1431 1944 1491 1970 τεὸν
1504 1944 1582 1971 πόσιν
1595 1953 1602 1960 ο
1618 1945 1650 1971 ἐκ
1664 1945 1755 1977 πόλιος
1769 1945 1799 1974 δὲ

1094 1989 1196 2016 Σπεῦδε
1214 1989 1293 2016 ποσὶν
1303 1991 1434 2025 ταχινοῖσι
1444 1990 1600 2026 τοδεύτερον
1612 1991 1705 2018 ἐνθάδε
1718 1992 1830 2026 βαίνειν.

1094 2032 1174 2062 Εἶπε.
1191 2035 1223 2062 17
1231 2035 1286 2062 Καὶ
1292 2035 1470 2071 ὰγνὼσσουσα
1479 2035 1672 2072 πολυσπερέων
1680 2037 1743 2072 περὶ
1751 2037 1882 2073 λέκτρων,

1094 2081 1254 2116 Ψευδομένη
1267 2082 1430 2118 Σαμαρεῖτις
1444 2082 1579 2117 ἐτήτυμον
1592 2083 1651 2117 ίαχε
1666 2083 1757 2118 φωνήν
1769 2092 1777 2099 α

1099 2127 1132 2154 'H
1141 2127 1219 2153 πόσιν
1231 2128 1262 2153 οὗ
1274 2127 1440 2163 μεθέπουσα,
1456 2128 1536 2155 πόθεν
1553 2129 1632 2155 πόσιν
1645 2129 1685 2160 εἰς
1699 2129 1728 2155 σὲ
1743 2129 1882 2162 καλέσσω;

1094 2172 1130 2199 Οὐ
1141 2173 1196 2209 γὰρ
1211 2173 1265 2208 ἔχω
1279 2172 1354 2208 φίλον
1371 2174 1465 2210 ἄνδρα.
1488 2174 1519 2201 18
1531 2175 1596 2206 Θεὸς
1606 2175 1628 2201 δ’
1644 2175 1741 2210 ἦλεγξε
1751 2177 1881 2209 γυναῖκα’

1094 2215 1170 2249 Οἶδα,
1181 2217 1271 2252 γύναι,
1286 2218 1355 2254 μετὰ
1368 2219 1448 2246 πέντε
1459 2219 1535 2247 νόθον
1547 2219 1606 2247 τεὸν
1616 2220 1694 2247 ἕκτον
1705 2221 1830 2256 ἀκοίτην.

851 2283 993 2311 TEXTUS
1012 2283 1275 2313 EVANGELISTIE.

287 2345 331 2395 10⁸
343 2345 493 2395 Ἀπεκρίθη
507 2346 625 2395 ’ξίησοῢς
637 2348 700 2395 ’καὶι
709 2345 787 2395 εἶπεν
808 2348 879 2395 αὐτῇ
887 2357 899 2395 ’⁸
916 2349 948 2375 El
969 2349 1043 2385 ᾔδεις
1059 2351 1081 2379 D
1095 2351 1125 2376 οὐ
1135 2351 1171 2395 μὴ
1179 2351 1279 2389 διψήσῃ
1287 2352 1379 2395 εζςτον
1387 2353 1484 2387 αἰῶνα,
1495 2354 1562 2382 ἀλλὰ
1571 2356 1601 2383 τὸ
1612 2356 1684 2392 ὕδωρ
1692 2357 1790 2384 ὃδώσω
1798 2359 1878 2395 αὐτῷ,

250 2387 300 2422 τὴν
317 2387 421 2422 δωρεὰν
441 2387 487 2414 τοῦ
505 2387 584 2420 Θεοῦ,
601 2388 649 2414 καὶ
674 2388 716 2420 τίς
741 2389 815 2416 ἐστιν
840 2390 855 2416 ό
871 2389 959 2424 λέγων
985 2399 1042 2418 σοι·

251 2428 301 2460 Δός
321 2436 366 2463 μοι
381 2429 452 2455 πιεῖν
463 2434 471 2445 θ
492 2429 524 2456 σὺ
537 2429 571 2456 ἂι
585 2429 689 2466 ᾔτησας
709 2429 802 2463 αὑτὸν,
820 2430 868 2457 καὶ
891 2431 992 2459 ἔδωκεν
1011 2432 1045 2459 ἄν

253 2477 294 2496 σοι
305 2469 377 2504 ὕδωρ
393 2469 459 2501 ζῶν.

286 2511 317 2538 11
338 2511 419 2545 Λέγει
447 2510 521 2545 αὐτῷ
542 2511 558 2546 ἡ
588 2512 677 2547 γυνή·
702 2511 807 2548 Κύριε,
832 2513 893 2540 οὔτε
918 2515 1044 2551 ἄντλημα

251 2551 332 2587 ἔχεις,
348 2553 395 2578 καὶ
415 2552 445 2578 τὸ
461 2552 549 2588 φρέαρ
571 2553 630 2579 ἐστὶ
647 2553 714 2590 βαθύ
726 2563 732 2570 ·
754 2555 837 2582 πόθεν
858 2554 904 2584 οὖν
924 2556 996 2591 ἔχεις
1013 2557 1044 2584 τὸ

252 2593 323 2628 ὕδωρ
339 2594 370 2620 τὸ
386 2593 440 2625 ζῶν
451 2602 457 2626 ς

286 2635 321 2661 12
339 2635 384 2670 Μὴ
401 2635 432 2661 σὺ
452 2635 552 2669 μείζων
566 2634 592 2662 εἴ
609 2637 655 2664 τοῦ
672 2639 775 2674 πατρὸς
787 2639 867 2675 ἡμῶν
891 2640 998 2674 Ἰακὼϐ,
1014 2641 1045 2674 ὃς

252 2675 350 2702 ἔδωκεν
361 2677 426 2710 ἡμῖν
444 2676 475 2702 τὸ
492 2676 591 2713 φρέαρ,
610 2679 656 2704 καὶ
674 2680 755 2712 αὐτὸς
769 2680 799 2713 ἐξ
815 2681 897 2708 αὑτοῦ
912 2681 982 2715 ἔπιε,
997 2684 1044 2710 καὶ

251 2718 275 2743 οἱ
290 2717 344 2743 υίοὶ
359 2716 454 2749 αὐτοῦ,
472 2719 519 2744 καὶ
537 2719 571 2746 τὰ
587 2719 734 2756 θρέμματα
749 2722 850 2755 αὺτοῦ;

287 2758 321 2784 15
347 2758 494 2799 ’Λπεκρίοη
518 2761 533 2786 ό
555 2761 658 2795 Ἰησοῦς
674 2763 722 2789 καὶ
743 2761 820 2790 εἶπεν
839 2764 923 2799 αὐτῇ·
945 2765 1004 2798 Πᾶς
1027 2767 1042 2794 ὁ

249 2798 338 2839 πίνων
352 2798 384 2826 ἐκ
396 2800 442 2826 τοῦ
457 2800 553 2833 ὓδατος
566 2802 673 2833 τούτου,
688 2803 796 2839 διψήσει
811 2798 901 2833 πάλινξ

287 2838 322 2868 14
341 2840 390 2872 ’ος
402 2840 424 2868 δ’
437 2842 470 2870 ἂν
481 2843 532 2880 πίῃ
544 2843 576 2869 ὲκ
586 2843 633 2869 τοῦ
650 2838 786 2876 ὓδατοςοὗ
801 2845 856 2880 ἐγὼ
867 2846 945 2875 δώσω
954 2847 1039 2884 αὐτῷ,

1094 2393 1239 2459 γῗνήσεται
1253 2395 1282 2421 ὲν
1299 2393 1375 2430 αὺτῷ
1387 2395 1462 2432 πηγὴ
1477 2395 1571 2429 ὕδατος
1585 2398 1732 2433 ἁλλομένου
1745 2400 1787 2432 εις
1811 2393 1879 2437 ζωήν

1094 2441 1112 2459 α
1124 2442 1212 2459 ωνιον.

1094 2441 1212 2461 αιωνιον.

1130 2475 1164 2518 15
1186 2476 1267 2518 Λέγει
1295 2477 1363 2512 πρὸς
1392 2478 1472 2506 αὐτὸν
1493 2480 1509 2514 ή
1538 2481 1629 2516 γυνή·
1653 2481 1751 2517 Κύριε,
1770 2482 1816 2514 δός
1840 2493 1880 2518 μοι

1094 2516 1218 2585 Σοῦἰοῖτὸ
1240 2517 1324 2554 ὕδωρ,
1338 2519 1381 2546 ἵνα
1404 2521 1441 2556 μὴ
1461 2521 1541 2556 διψῶ,
1563 2522 1631 2558 μηδὲ
1645 2522 1769 2558 ἔρχωμαι
1791 2516 1881 2552 Evado:

1112 2567 1141 2586 ντ
1159 2568 1172 2585 ε
1185 2567 1209 2586 ν.

1131 2600 1163 2627 16
1183 2601 1265 2634 Λέγει
1290 2602 1357 2638 αὐτῇ
1381 2604 1396 2630 ὸ
1415 2604 1518 2639 Ἰησοῦς
1530 2615 1537 2622 ·
1560 2605 1680 2641 ”Υπαγε,
1698 2606 1824 2642 φώνησον
1839 2608 1881 2635 τὶν

1093 2641 1178 2677 ἄνδρα
1199 2651 1257 2674 σου,
1273 2644 1320 2670 καὶ
1335 2644 1396 2672 ἐλθὲ
1412 2645 1516 2673 ἐνθάδε.

1130 2683 1162 2710 17
1189 2683 1337 2720 ’Λπεκρίοη
1352 2687 1368 2721 ὴ
1383 2687 1450 2722 γυνὴ
1468 2687 1513 2714 καὶ
1527 2685 1621 2714 εἷπενο
1640 2687 1696 2715 Οὔκ
1710 2688 1765 2724 ἔχω
1787 2690 1876 2726 ἄνδρα.

1093 2725 1174 2792 ἒέγει
1187 2726 1256 2762 αὐτῇ
1271 2727 1285 2752 ὀ
1306 2728 1422 2762 Ἰησοῦς·
1437 2729 1534 2762 Καλῶς
1548 2728 1645 2763 εἶπας⁶
1663 2731 1704 2758 ὅτι
1721 2731 1823 2769 Ἄνδρα
1833 2725 1879 2761 οὐκ

1108 2775 1157 2793 γω.

1126 2776 1157 2793 ω.

1108 2775 1163 2835 χ18
1183 2808 1272 2853 Πέντε.
1285 2809 1340 2845 γὰρ
1355 2810 1453 2853 ᾄνδρας
1466 2812 1558 2848 ἕσχες’
1576 2813 1622 2840 καὶ
1634 2812 1682 2842 νῦν
1693 2813 1723 2842 ὃν
1738 2813 1824 2853 ἔχεις,
1832 2815 1879 2844 οὐκ

1094 2850 1151 2878 ἐστι
1167 2858 1213 2878 σου
1226 2851 1310 2887 ἀνήρ·
1325 2852 1404 2879 τοῦτο
1416 2854 1514 2890 ἀληθὲς
1529 2855 1654 2891 εἴρηκας.
