1953 3040
181 176 235 204 ’179

814 167 919 197 ΝΟΝΝΙ
940 165 1190 196 PANOPOLITAN!

1757 157 1816 187 730

183 238 296 268 loquens
309 232 368 268 ipse
383 239 442 260 sum
456 240 463 264 ;
484 230 669 266 propinquum
691 236 756 256 vero
769 228 865 256 Oculis
881 229 970 256 intue-

1049 228 1138 264 ριστδς
1156 229 1171 255 ὁ
1186 227 1228 254 σοὶ
1240 224 1342 253 λαλέων
1360 223 1442 255 αὑτὸς
1460 221 1535 249 πέλω
1545 229 1552 236 ·
1570 219 1708 255 ἀγχιφανῆ
1721 218 1750 246 δὲ

182 280 222 308 ris
236 286 278 307 mc
288 286 367 315 quem
382 278 494 305 auribus
508 284 616 311 semper
629 275 718 303 audis.

217 325 274 362 40
284 325 411 352 Christus
426 331 476 358 ego
486 330 556 356 sumI
577 331 631 349 non
643 321 781 350 secundus
797 321 867 348 alius
884 321 969 348 venit.

182 369 218 397 27
243 369 337 404 Neque
360 369 449 403 ipsum
481 367 658 402 interrogavit
674 366 782 399 Petrus,
801 366 852 393 etsi
870 365 970 396 audax,

185 423 274 450 neque
287 415 446 449 quisipsum
464 413 555 440 Ausus
569 413 758 448 interrogavit,
780 412 845 447 quid
856 410 972 446 quaerit?

186 466 232 488 aut
248 468 297 487 cur
314 468 376 487 cum
392 459 450 494 ipsa
471 458 614 493 loquitur?
625 458 660 485 28
684 457 772 484 Celeri
790 460 881 484 autem
900 456 973 483 ince~

185 507 254 534 deus
269 505 335 542 pede
343 505 462 533 Situlam
484 504 659 532 committens
678 503 776 530 mulier
793 502 877 529 Deum
903 501 973 528 rcci-

186 552 270 587 pienti
290 543 375 586 puteo
389 551 418 577 ln
436 550 574 587 civitatem
592 549 737 583 vestigium
753 547 838 580 ﬁexit,
856 551 883 575 ct
900 546 974 574 dixit

186 599 314 625 omnibus
329 597 434 624 civibus
448 605 453 623 :
470 596 504 623 ‘29
522 595 619 622 Venite
634 598 660 622 ct
673 594 762 621 videte
776 597 866 621 vatem
884 593 973 620 virum

188 643 360 677 prophetam,
378 640 430 674 Qui
454 639 519 666 mihi
544 638 612 666 dixit
632 636 722 664 omnia
744 644 804 671 qua:
822 635 884 663 feci.
904 634 974 662 Num

189 688 272 715 David
287 687 336 713 llic
351 686 459 720 optimae
475 685 560 720 prolis
573 683 695 719 parentis
709 686 823 710 vocatus
840 681 912 708 illius
928 687 974 707 vc-

188 733 245 760 nit?
262 732 296 759 50
310 732 438 758 Nuntium
457 735 546 756 autent
560 729 702 756 audientes
721 734 863 761 compares
880 725 976 752 Sama-

188 779 280 811 ritani,
297 776 471 812 Conjunctim
497 775 617 802 velocem
638 773 864 808 aggretlicbantur
891 771 975 802 viam,

190 825 229 851 Ex
244 824 355 851 civitate
371 821 529 850 incedentes
544 820 577 847 ad
601 819 686 846 divini
702 818 804 844 aditum
825 816 919 849 fontis,
936 815 976 842 Ad

191 870 274 897 Deum
299 869 410 897 stimulo
435 867 538 894 conciti
565 873 620 893 uno
655 868 774 891 mentem
801 862 975 889 demulcente

190 922 326 943 scrmono.

224 961 255 987 51
278 959 355 986 Tunc
379 961 500 992 tempore
527 953 698 986 intermedio,
726 956 871 987 antequam
900 955 977 978 extra

189 1006 328 1033 civitatem
341 1004 468 1032 venirent
484 1001 655 1028 Arctantium
673 999 786 1025 nubium
799 998 887 1025 instar
898 995 976 1023 densi

190 1053 289 1080 ﬁuctus
320 1050 476 1079 hominum.
504 1047 643 1074 Christum
662 1044 921 1075 circumdederunt,
953 1045 980 1068 et

191 1097 302 1125 allecuti
334 1099 399 1123 sunt
428 1092 558 1127 discipuli
583 1100 590 1118 :
614 1090 711 1121 Itabbi,
729 1096 806 1117 sume
821 1088 880 1114 hmc
892 1090 920 1113 et
933 1093 980 1113 co-

191 1143 280 1171 mede.
301 1140 337 1168 3‘2
358 1139 438 1166 Mota:
461 1141 552 1164 autem
579 1136 676 1162 Manus
703 1138 786 1161 muta:
812 1132 981 1166 intelligente

192 1188 355 1216 testilicante
384 1184 494 1212 silentio
518 1183 615 1210 Cibum
641 1179 820 1214 temporalem
851 1176 978 1206 removit.

194 1235 251 1262 lucc
266 1233 382 1260 dicens:
396 1230 486 1257 Alium
501 1228 590 1255 cibum
608 1226 665 1253 l'ero
684 1225 807 1255 vitalem,
823 1229 904 1257 quem
922 1221 982 1247 ani-

193 1288 238 1308 mo
246 1278 302 1306 Vos
312 1276 436 1304 nescitis.
449 1275 483 1302 55
494 1274 526 1300 Ει
541 1273 609 1300 dixit
621 1271 691 1297 alius
709 1270 742 1296 ad
753 1269 836 1295 alium
853 1276 859 1295 :
878 1267 946 1293 Num
957 1266 982 1293 ei

195 1322 268 1350 aliud
279 1321 393 1357 przcbuit
403 1319 436 1346 ad
445 1316 641 1345 comedendum
651 1313 812 1350 peregrinus
819 1312 880 1338 vir?
893 1312 927 1338 54
936 1310 984 1337 Pa-

196 1369 247 1396 tris
265 1356 371 1394 amator
381 1368 470 1391 autem
487 1363 555 1390 dixit
564 1361 619 1387 Rex
636 1360 712 1386 aliter
729 1358 864 1386 sentiente
878 1356 961 1383 verbe
976 1364 983 1383 ι

195 1413 280 1440 Cibus
296 1418 374 1438 meus
386 1413 428 1437 est
441 1407 570 1439 verbum;
583 1412 660 1432 meus
674 1408 764 1439 potus,
779 1409 862 1437 opera
876 1401 984 1432 Patris;

196 1457 282 1485 Cibus
302 1462 379 1482 meus
400 1457 452 1485 est,
470 1452 559 1480 solum
582 1453 612 1477 ut
629 1448 799 1476 immutabile
817 1445 985 1474 desiderium

197 1503 287 1530 Patris
296 1502 348 1529 mei
358 1499 466 1532 faciam,
476 1502 503 1526 et
511 1497 632 1524 divinum
641 1501 710 1529 opus
721 1493 869 1528 perﬁciam.
880 1492 916 1520 55
930 1491 987 1519 Vos

199 1557 288 1577 nonne
315 1548 368 1574 hoc
398 1552 494 1573 omnes
525 1550 580 1570 uno
619 1540 828 1569 communicatis
862 1545 988 1566 sermone

1024 263 1148 308 Ὄμμασι
1163 272 1326 302 παπταίνεις
1343 279 1388 305 με,
1404 268 1450 295 τὸν
1466 267 1560 294 οῠασιν
1574 266 1633 293 αίὲν
1646 263 1767 295 ἀκούεις.

1058 319 1111 355 ῆι
1119 317 1235 354 Χριστὸς
1246 316 1301 351 ἐγὼ
1311 316 1440 350 γενόμην,
1453 314 1482 340 οὐ
1492 312 1617 346 δεύτερος
1625 310 1703 341 ἄλλος
1713 309 1813 336 ἱκάνει.

1023 364 1058 391 27
1070 364 1136 391 Οὐδέ
1148 372 1194 400 μιν
1205 363 1293 398 εῐρετο
1301 361 1414 397 Πέτρος,
1428 359 1475 386 ἅτε
1488 356 1589 393 θρασύς
1597 365 1603 371 ·
1614 356 1674 383 οὐδέ
1685 363 1727 387 τις
1734 355 1815 382 αὐτον

1024 410 1170 446 Τολμήσας
1183 409 1297 444 ἐρέεινε,
1313 407 1340 433 τί
1355 406 1467 437 δίζεται,
1484 404 1501 439 ἢ
1513 403 1540 429 τί
1558 403 1616 438 μετ’
1632 400 1718 436 αὐτῆς

1024 456 1186 490 Φθέγγεται.
1200 454 1236 481 ‘28
1261 452 1397 487 Ὢκυτέρῳ
1415 450 1444 477 δὲ
1458 449 1647 483 διαστείχουσα
1662 446 1773 481 πεδίλῳ,

1010 501 1132 528 μΚάλπιν
1147 499 1318 535 ἐπιτρέψασα
1330 496 1399 531 γυνὴ
1413 495 1568 529 θεοδέγμονι
1586 494 1672 528 πηγῇ,

1027 547 1073 577 Εἰς
1087 545 1164 572 πόλιν
1179 544 1251 579 ἴχνος
1264 541 1382 577 ἔκαμψε,
1398 541 1446 566 καὶ
1457 539 1551 566 ἔννεπε
1563 539 1630 564 πᾶσι
1644 536 1779 567 πολίταις·

1025 592 1060 618 29
1079 590 1162 617 Δεῦτε
1177 590 1225 616 καὶ
1241 588 1381 623 ἀθρήσητε
1398 584 1548 620 θεοπρόπον
1563 583 1648 618 ἄνδρα.
1662 583 1816 618 προφήτην,

1028 638 1122 668 Ὅστις
1135 636 1196 671 ἐμοὶ
1211 634 1279 670 φάτο
1295 634 1382 660 πάντα
1397 632 1485 666 τάπερ
1496 627 1635 666 κάμονῙΗ
1648 628 1683 665 ῥά
1697 637 1727 654 νυ
1736 626 1818 654 Δαϐἱδ

1028 679 1111 713 Οὗτος
1128 681 1313 716 ἀριστογόνοιο
1330 678 1466 714 βοώμενος
1481 677 1538 708 υίὸς
1553 676 1659 708 ἱκάνει;

1027 727 1061 754 50
1086 725 1227 761 Ἀγγελίην
1242 724 1264 751 δ’
1281 724 1386 754 ἀΐοντες
1402 721 1550 758 ὀμοζυγέες
1567 719 1745 755 Σαμαρεῖται,

1029 771 1191 808 Συμφερτὴν
1203 769 1369 806 ταχύγουνον
1383 767 1563 795 ἐπεσσεύοντο
1577 765 1701 800 παρείην,

1034 819 1083 845 Ἐκ
1100 818 1192 849 πόλιος
1208 816 1361 851 στείχοντες
1377 815 1406 846 ὲς
1420 812 1547 848 ἀγχιθέου
1565 812 1652 846 στόμα
1663 809 1765 844 πηγῆς,

1029 865 1077 895 Εἰς
1096 863 1163 889 Θεὸν
1175 861 1364 896 οίστρηθέντες
1383 860 1423 886 ἑνὶ
1434 856 1608 894 φρενοθελγέῖ
1626 855 1712 890 μύθῳ.

994 905 1015 932 Β
1059 908 1091 935 3|
1101 906 1187 934 Ἔνθα
1194 906 1290 942 χρόνου
1301 904 1434 940 μεσσηγὺ,
1446 903 1510 938 πρὶν
1517 902 1612 932 ἄστεος
1620 899 1709 926 ἔκτοθι
1718 898 1820 934 βαίνειν

1030 952 1214 988 Στεινομένων
1229 950 1373 985 νεφεληδὺν
1387 949 1532 989 ὲπήτριμί
1543 946 1653 981 κύματα
1666 945 1749 975 λαῶν,

1030 998 1147 1035 Χριστὸν
1165 996 1365 1027 ἐκυκλώσαντο,
1380 994 1428 1021 καὶ
1445 992 1611 1027 ἐφθέγξαντο
1624 989 1752 1026 μαθηταί·

1037 1033 1157 1077 Ἱδαὸϐὶν,
1173 1043 1285 1078 δέχνυσο
1303 1040 1399 1072 ταῦτα,
1417 1039 1463 1066 καὶ
1475 1038 1558 1065 ἔσθιε.
1575 1037 1610 1064 52
1626 1035 1783 1070 Κινυμένης
1794 1033 1822 1060 δὲ

1031 1090 1130 1126 Χειρός
1145 1087 1299 1123 άφωνήτοιο
1311 1087 1422 1121 νοήμονι
1437 1085 1554 1120 μάρτυρι
1570 1083 1632 1118 σιγῇ

1032 1137 1115 1162 Δαῖτα
1131 1132 1304 1170 μινυνθαδίην
1316 1130 1491 1162 ἀπεσείσατο,
1508 1128 1593 1156 ταῦτα
1607 1128 1716 1162 βοήσας-

1034 1181 1135 1217 Ἀλλην
1146 1181 1223 1207 δαῖτα
1236 1178 1312 1214 φέρω
1327 1177 1473 1212 βιοτήσιον,
1489 1176 1522 1210 ἢν
1536 1175 1576 1201 ἐνὶ
1589 1173 1669 1209 θυμῷ

1039 1227 1133 1262 Ὑμεῖς
1146 1225 1196 1252 οὑκ
1208 1224 1315 1258 ὲδάητε.
1326 1223 1361 1250 33
1371 1223 1426 1249 Kal.
1437 1221 1546 1248 ἔννεπεν
1561 1219 1640 1250 ἄλλος
1651 1219 1693 1244 ἐπ’
1705 1218 1788 1253 ἄλλῳο

1033 1270 1073 1299 Ἦ
1087 1272 1122 1307 ῥά
1132 1271 1156 1297 ot
1170 1270 1250 1302 ἄλλος
1266 1269 1370 1295 ὄπασσε
1386 1268 1482 1302 φαγεῖν
1493 1266 1636 1301 ἐπιδήμιος
1647 1265 1718 1300 ἀνήρ
1729 1273 1735 1296 ;

1035 1320 1071 1347 3A
1089 1317 1249 1351 Φιλοπάτωρ
1263 1316 1286 1343 δ’
1304 1315 1435 1350 ἀγόρευεν
1452 1312 1537 1345 Ἀναξ
1552 1311 1708 1347 ἐτερόφρονι
1730 1310 1824 1346 θυμῷ·

1036 1365 1118 1402 Εῐδαρ
1131 1364 1197 1400 ὲμὸν
1210 1363 1275 1389 πέλε
1292 1361 1385 1397 μῦθος·
1400 1360 1466 1396 ὲμὸν
1481 1359 1571 1391 ποτὸν,
1586 1358 1655 1393 ἔργα
1669 1357 1772 1391 Τοκῆος
1784 1365 1791 1371 ·

1036 1410 1121 1446 Εἷδαρ
1140 1409 1205 1445 ἐμὸν
1219 1408 1284 1434 πέλε
1297 1407 1406 1442 μοῦνον,
1417 1406 1490 1437 ὅπως
1507 1405 1640 1440 ἄτρεπτον
1659 1402 1758 1437 ἐέλδωρ

1038 1456 1144 1492 Πατρδς
1159 1454 1226 1490 ἐμοῦ
1239 1454 1373 1489 τελέοιμι,
1393 1452 1440 1479 καὶ
1455 1451 1545 1477 ἔνθεον
1560 1451 1640 1485 ἔργον
1658 1449 1778 1475 ἀνύσσω.

1039 1502 1073 1530 35
1099 1502 1193 1536 Ὑμεῖς
1210 1501 1240 1527 οὺ
1256 1500 1315 1527 τόδε
1327 1499 1428 1529 πάντες
1447 1497 1487 1524 ἑνὶ
1503 1495 1638 1528 ξυνὼσατε
1656 1494 1733 1530 μύθῳ

1042 1548 1162 1583 Ἴδμονες
1175 1547 1283 1583 ὡράων,
1293 1545 1334 1572 ὅτι
1351 1544 1476 1570 λείπεται
1491 1542 1575 1568 εἰσέτι
1585 1541 1672 1576 μούνη

198 1595 282 1623 Periti
297 1598 462 1627 temporum,
475 1588 550 1624 quod
565 1587 655 1615 deﬁcit
673 1586 763 1613 adhuc
776 1586 833 1613 sola
852 1585 985 1612 Mensium

1049 1582 1146 1629 Μήνῶν
1162 1582 1354 1628 τετραέλικτος
1370 1589 1524 1623 άελλήεσσα
1543 1587 1651 1622 πορείη,

199 1644 297 1675 quater
310 1636 508 1665 circumvoluta
522 1635 599 1661 velox
618 1633 671 1664 via,
686 1631 719 1658 Et
731 1636 812 1658 aestas
827 1630 984 1666 splendidos

201 1686 306 1713 fructus
329 1683 418 1710 ferens
435 1680 546 1708 veniet?
568 1687 642 1711 ecce,
663 1685 760 1705 omnes
784 1677 825 1703 Ad
850 1677 988 1704 civitatem

200 1731 353 1767 oppositam
372 1728 486 1755 attollite
505 1726 639 1753 circulum
657 1724 742 1755 visus,
761 1722 904 1756 Quomodo
924 1721 992 1748 civi-

201 1781 272 1804 tates
296 1775 363 1802 albis
391 1773 606 1809 pcrltorrescunt
630 1769 782 1804 segetibus,
810 1767 843 1794 Et
871 1767 991 1794 humana

201 1823 325 1858 indigent
341 1821 486 1855 eloquente
506 1824 607 1850 messe,
629 1814 772 1849 Quomodo
792 1814 875 1849 spica:
895 1813 993 1840 ﬂorent

202 1869 361 1905 prudentes.
384 1866 419 1893 56
443 1865 472 1891 Si
496 1871 560 1891 vero
584 1863 645 1897 quis
670 1862 712 1889 vir
726 1861 780 1897 42
806 1859 910 1891 Labiis,
936 1866 992 1886 non

202 1914 339 1944 manibus,
362 1912 461 1939 tollens
484 1910 640 1943 loquentem
666 1908 775 1939 falcem,
792 1906 896 1933 Vicina:
919 1913 994 1933 rese-

204 1962 292 1988 cuerit
306 1959 365 1994 pias
379 1961 485 1993 segetes
501 1960 589 1986 terrae,
608 1953 759 1981 Mercedem
778 1953 878 1986 habet;
894 1956 921 1979 et
939 1951 994 1978 Deo

205 2005 280 2033 Patri
296 2005 429 2031 viventem
445 2000 614 2031 custodiens,
635 1998 665 2025 In
685 2003 794 2032 tempus
811 2005 865 2024 non
882 2004 995 2024 cessans

205 2048 401 2084 iulelligcntem
425 2046 543 2073 fructum
564 2047 722 2079 congregat,
747 2042 782 2069 Ut
799 2047 826 2069 et
841 2043 886 2076 qui
913 2042 997 2069 semi.

206 2100 264 2128 nat,
285 2099 312 2122 et
326 2093 372 2128 qui
394 2096 470 2127 prata
492 2091 583 2118 divina
600 2093 685 2121 secat,
706 2088 829 2116 Gaudeat
851 2087 946 2120 simul,
969 2092 997 2114 et

208 2141 297 2169 ﬁdelia
314 2138 449 2168 sacriﬁcia
471 2136 546 2163 Patri
567 2136 659 2168 l'aciat,
674 2134 790 2161 Pietatis
815 2139 951 2161 aratorem
971 2138 998 2161 et

209 2193 358 2215 messorem
374 2184 525 2212 bonorans.
540 2181 575 2208 57
591 2180 660 2208 llinc
676 2183 719 2208 est
735 2180 781 2207 ille
800 2186 892 2206 sermo
903 2186 996 2211 verus,

1043 1640 1098 1668 Καὶ
1117 1639 1196 1674 θέρος
1212 1637 1403 1673 ἀγλαόκαρπον
1421 1634 1575 1665 ὲλεύσεταις
1592 1632 1677 1667 ὴνίδε,
1698 1631 1798 1662 πάντες

1044 1685 1091 1716 Εἰς
1107 1683 1184 1710 πόλιν
1200 1681 1388 1710 ἀντικέλευθον
1401 1679 1511 1715 άείρατε
1527 1678 1627 1704 κύκλον
1643 1676 1770 1710 ὀπωπῆς,

1045 1730 1108 1761 Πῶς
1125 1730 1215 1761 πόλιες
1231 1729 1345 1762 λευκῇσι
1358 1724 1581 1760 περιφρῐσσουσιν
1595 1723 1707 1754 ἁλωαῖς,

1045 1776 1102 1803 Καὶ.
1117 1774 1227 1811 βροτέου
1239 1773 1381 1809 χατέουσιν
1397 1770 1562 1805 ὲῦγλώσσοιο
1576 1767 1716 1803 θερισμοῦ,

1047 1821 1108 1852 Πῶς
1122 1819 1237 1855 στάχυες
1247 1818 1403 1846 θαλέθουσιν
1417 1816 1570 1851 ἐχέφρονες.
1582 1814 1617 1842 56
1633 1815 1663 1840 El
1676 1813 1704 1839 δέ
1714 1821 1756 1844 τις
1765 1812 1836 1848 ἀνὴρ

1046 1866 1099 1902 43
1116 1864 1289 1896 Χείλεσιν,οὐ
1303 1863 1469 1898 παλάμῃσιν,
1481 1860 1621 1897 ἁερτάξων
1638 1859 1717 1886 λάλον
1733 1859 1836 1895 ἅρπην,

1046 1911 1168 1942 Γείτονος
1183 1909 1300 1944 άμήσειε
1315 1907 1424 1934 θεουδέα
1440 1907 1502 1942 λήῖα
1515 1905 1607 1941 γαίης⁹

1046 1955 1150 1982 Μισθὸν
1166 1954 1237 1989 ἔχει·
1255 1954 1301 1980 καὶ
1313 1953 1401 1988 Πατρὶ
1415 1952 1473 1987 θεῷ
1487 1951 1590 1983 ζώοντα
1606 1944 1779 1985 φυλάσσων,⁹

1047 1999 1095 2030 Εἰς
1109 1999 1203 2035 χρόνον
1219 1999 1248 2024 οὗ
1263 1998 1390 2033 λήγοντα,
1400 1997 1518 2032 νοήμονα
1533 1995 1638 2030 καρπὸν
1652 1995 1770 2029 ἀγείρει·

1050 2046 1140 2080 ὀφρα
1148 2053 1195 2072 κεν
1207 2046 1222 2071 ὁ
1236 2044 1364 2078 σπείρων,
1374 2042 1421 2068 καὶ
1436 2043 1450 2068 ὁ
1464 2041 1527 2077 λὴῐα
1542 2040 1657 2067 θέσκελα
1674 2040 1785 2076 κείρων,

1049 2091 1138 2127 Χαίρῃ
1154 2090 1232 2126 ὁμοῦ,
1247 2090 1293 2117 καὶ
1305 2089 1389 2116 πιστά
1404 2088 1517 2115 θαλύσια
1530 2087 1617 2122 Πατρὶ
1629 2087 1753 2122 τελέσσῃ,

1051 2136 1184 2172 Εὐσεϐίης
1196 2136 1317 2171 ἀροτῆρα
1330 2135 1378 2161 xal.
1393 2134 1523 2170 ἁμητῆρσ.
1535 2132 1681 2167 γεραίρων.

1051 2183 1084 2210 37
1106 2182 1202 2209 Ἔνθεν
1218 2182 1265 2216 ἔην
1280 2181 1323 2207 ὁδε
1339 2179 1422 2216 μῦθος
1437 2179 1579 2214 ἐτήτυμος,
1598 2177 1709 2205 οὕνεκεν
1720 2176 1790 2212 ἀνὴρ

811 2257 953 2287 TEXTUS
971 2258 1236 2288 EVANGELISTIE.

245 2334 355 2361 271(0).
373 2333 419 2359 ἐπὶ
444 2329 532 2366 τούτῳ
551 2327 633 2365 ἦλθον
656 2330 680 2356 οἱ
704 2329 823 2364 μαθηταὶ
843 2328 936 2359 αὑτοῦ.
955 2330 1002 2356 καὶ
1018 2332 1041 2361 ι)
1053 2331 1168 2366 ἠνεγκεν
1181 2328 1256 2364 αὖτῷ
1269 2330 1382 2363 φαγεῖν;

213 2375 370 2411 ἐθαύμασαν
394 2374 435 2400 ὅτι
457 2372 527 2408 μετὰ
544 2370 672 2406 γυναικὸς
688 2370 776 2396 ἐλάλει
786 2379 792 2384 ·
809 2369 895 2402 οὐδεὶς
911 2370 1002 2405 μέντοι

214 2416 289 2444 εἷπε·
308 2417 341 2443 Τί
354 2417 460 2451 huic;
475 2414 503 2450 ἢ,
519 2414 552 2440 Τί
565 2414 654 2445 λαλεῖς
671 2413 729 2448 μετ’
741 2412 842 2447 αὺτῆς;

249 2459 286 2486 28
312 2458 429 2492 ΊΑφῆκεν
453 2454 499 2482 οὖν
524 2455 573 2491 τὴν
598 2454 692 2489 ὑδρίαν
715 2454 800 2488 αὐτῆς
822 2453 934 2489 ήγυνὴ,
957 2454 1004 2479 καὶ

215 2501 336 2536 ἀπῆλθεν
348 2501 386 2531 είς
401 2499 450 2534 τὴν
464 2497 550 2529 πόλιν,
566 2496 613 2523 καὶ
625 2496 699 2529 λέγει
711 2497 767 2536 τοῖς
780 2495 933 2530 ἀνθρώποις
944 2503 950 2509 ·

251 2535 286 2570 29
307 2541 399 2572 Δεῦτε,
414 2540 483 2566 ἴδετε
498 2538 650 2573 ἄνθρωπον,
667 2537 695 2568 ὃς
709 2535 770 2562 εἶπέ
786 2546 831 2573 μοι
855 2536 944 2563 πάντα
958 2535 1008 2562 ὅσα

219 2584 334 2617 ἐποίησα
346 2591 352 2596 ·
370 2582 434 2616 μήτι
446 2577 522 2611 οὗτός
536 2580 608 2605 ἐστιν
624 2580 638 2605 ὁ
656 2578 786 2613 Χριστός;

253 2626 287 2653 50
314 2623 438 2658 Ἐξῆλθον
452 2619 497 2648 οὖν
510 2622 542 2648 ὲκ
557 2621 606 2656 τῆς
623 2620 735 2653 πόλεως,
751 2621 798 2647 καὶ
812 2620 926 2654 ἦρχοντο
940 2617 1009 2654 πρὸς

220 2667 299 2695 αὑτόν
304 2687 310 2693 .

255 2708 286 2734 51
315 2706 359 2733 Ἐν
378 2706 407 2732 δὲ
428 2703 468 2739 τῷ
490 2703 589 2740 μεταξὺ
606 2703 719 2739 ἠρώτων
736 2701 816 2728 αὑτὸν
829 2701 853 2727 οί
876 2700 1005 2736 μαθηταὶ,

221 2748 354 2782 λέγοντες·
377 2746 484 2778 Ῥαϐεὶ,
504 2746 585 2780 φάγε.

256 2790 292 2818 ’52
314 2790 344 2816 '0
367 2789 395 2816 δὲ
418 2786 494 2815 εἶπεν
509 2788 614 2817 αὐτοῖς·
636 2785 705 2819 Ἐγὼ
723 2784 824 2821 βρῶσιν
840 2783 894 2818 ἔχω
912 2783 1008 2817 φαγεῖν

222 2827 255 2862 ἥν
272 2828 349 2864 ὑμεῖς
363 2830 412 2857 οὐκ
425 2829 524 2856 οἴδατε.

266 2874 301 2902 55
315 2872 427 2905 Ἔλεγον
442 2869 488 2897 οὖν
501 2869 526 2895 οἱ
543 2866 662 2904 μαθηταὶ
679 2867 746 2903 πρὸς
762 2866 906 2902 ἀλλήλους·
923 2865 1010 2900 Μήτις

1090 2371 1124 2398 54
1143 2371 1224 2405 Λέγει
1241 2371 1331 2402 αὐτοῖς
1353 2370 1368 2396 ὁ
1388 2368 1509 2404 Ἰησοῦς·
1531 2367 1612 2402 Ἐμὸν
1637 2366 1735 2402 βρῶμά
1760 2366 1844 2396 ἐστιν,

1055 2413 1099 2440 ἴνα
1116 2412 1184 2438 ποιῶ
1196 2412 1227 2438 τὸ
1241 2411 1347 2447 θέλημα
1359 2410 1406 2437 τοῦ
1419 2409 1576 2445 πέμψαντός
1589 2417 1635 2445 με,
1646 2408 1694 2435 καὶ
1710 2406 1846 2433 τελειώσω

1056 2453 1139 2480 αὑτοῦ
1158 2454 1188 2480 τὸ
1203 2453 1294 2488 ἔργον.
1843 2462 1846 2466 ’

1090 2495 1125 2522 35
1144 2495 1200 2530 Οὐχ
1219 2495 1299 2530 ὑμεῖς
1310 2493 1414 2528 λέγετε,
1430 2492 1471 2520 ὅτι
1486 2492 1527 2519 ἔτι
1539 2490 1710 2526 τετράμηνόν
1724 2489 1848 2520 somni.

1055 2537 1069 2563 ὁ
1083 2536 1211 2571 θερισμὸς
1234 2535 1359 2571 ἔρχεται;
1382 2534 1458 2564 Ἰδοὺ.
1473 2533 1545 2566 λέγω
1562 2532 1637 2567 ὑμῖν,
1654 2531 1774 2565 ἐπάρατε
1787 2530 1849 2560 τοὺς

1057 2570 1213 2612 ὀφθαλμοὺς
1226 2576 1313 2611 ὑμῶν,
1330 2576 1377 2602 καὶ
1389 2574 1524 2602 θεάσασθε
1539 2573 1587 2605 τὰς
1601 2573 1693 2608 χώρας
1704 2572 1746 2598 ὅτι
1755 2570 1850 2597 λευκαί

1058 2619 1111 2646 εἰσι
1128 2618 1195 2654 πρὸς
1211 2617 1340 2653 θερισμὸν
1354 2616 1415 2651 ἢδη.

1094 2659 1129 2686 56
1149 2659 1203 2686 Καὶ
1223 2660 1237 2685 ὁ
1262 2658 1377 2694 θερίζων
1394 2657 1489 2692 μισθὸν
1509 2656 1654 2691 λαμϐάνει,
1669 2654 1717 2681 καὶ
1739 2653 1850 2694 συνάγει

1060 2701 1165 2736 καρπὸν
1185 2701 1224 2731 είς
1239 2699 1311 2735 ζωὴν
1332 2698 1456 2725 αἰώνιον·
1479 2698 1522 2724 ἶνα
1544 2697 1591 2723 καὶ
1612 2698 1626 2723 ὁ
1651 2695 1772 2730 σπείρων
1784 2693 1850 2729 ὁμοῦ

1061 2743 1154 2778 χαίρῃ,
1171 2742 1219 2768 καὶ
1235 2742 1249 2767 ὁ
1265 2740 1389 2777 θερίζων.

1098 2775 1144 2810 57η
1158 2784 1201 2810 Ἐν
1218 2782 1273 2818 γὰρ
1294 2775 1380 2816 τούτῳ
1396 2782 1410 2807 ὁ
1423 2781 1502 2814 λόγος
1532 2779 1606 2807 ἐστὶν
1622 2779 1636 2805 ὁ
1650 2775 1790 2813 ἀληθινὸς,
1805 2775 1845 2802 ὅτι

1063 2824 1142 2856 ἄλλος
1157 2824 1230 2850 ἐστὶν
1244 2824 1258 2850 ὁ
1276 2822 1407 2857 σπείρων,
1420 2822 1468 2849 καὶ
1482 2821 1560 2852 ἄλλος
1572 2821 1586 2846 ὁ
1604 2819 1731 2856 θερίζων.
