1953 3040
553 121 583 137 κ

151 184 206 212 785

182 261 189 268 .
210 260 217 267 .
240 260 247 267 .
269 259 276 266 .
308 239 371 275 κω
405 238 422 266 ι
442 238 515 274 Ὅπη
528 239 696 274 κεκαῡμένος
708 239 789 275 ἀνὴρ.

153 286 288 321 ’Ἀλμασιν
301 284 494 319 αὑτομάτοισιν
509 283 571 311 ίδὼν
582 284 746 321 ὀρχούμενον
758 284 841 320 ὕδωρ,

156 331 276 358 ὐππότε
291 329 450 365 κυμαίνοντι
463 329 548 364 δέμας
562 329 691 366 φαίδρυνε
709 329 823 365 λοετρῷ,

152 374 249 410 Θερμὰ
267 373 471 409 πεπαινομένης
489 373 654 400 ἀπεσείσατο
670 373 782 409 κύματα
799 374 906 407 νούσου,

151 421 285 456 Φέρτερον
303 419 414 455 ἰητῆρος
429 419 490 446 ίδὼν
504 419 670 455 ὀδυνήφατον
685 418 768 456 ὕδωρ.

151 465 169 492 5
189 463 243 492 Ἦν
255 464 284 491 δέ
295 473 337 496 τις
350 464 552 500 ἐμπεδόμοχθος
563 464 633 500 ἀνὴρ
647 465 724 501 παρὰ
738 465 839 500 γείτονι
857 467 945 502 πηγῇ,

152 511 235 546 Τρεῖς
247 509 362 542 δεκάδας
379 510 513 545 δασπλῆτι
525 510 722 546 παριππεύσας
740 511 781 538 ἐνὶ
794 511 892 547 νούσῳ,

152 556 210 583 Καὶ
225 555 306 582 πάλιν
318 554 399 589 δγδοα
413 554 501 582 κύκλα
516 555 712 590 κυλινδομένων
723 556 865 583 ἐνιαυτῶν.

153 601 171 628 6
190 600 290 628 Τοῦτον
305 600 367 628 ἰδὼν
379 600 523 628 ἀτίνακτον
540 601 652 637 ἐθήμονι
668 601 794 637 κείμενον
811 602 874 638 εὐνῇ

160 645 274 682 Ἰησοῦς,
290 646 402 682 ἐνόησεν
416 647 457 673 ὄτι
472 647 587 682 χρονίων
601 646 648 673 ἐπὶ
661 646 784 683 λέκτρων

154 690 219 727 Εἶχε
233 691 392 727 δυσαθλήτῳ
403 691 580 727 πεπεδημένα
591 691 708 725 γούνατα
724 691 821 727 νούσῳ.

154 737 209 763 Καί
223 745 271 772 μιν
280 736 364 769 Ἀναξ
372 737 484 773 ἐρέεινε,
494 737 563 772 χέων
576 737 736 773 οἰκτίρμονα
749 737 842 772 φωνήν
850 744 857 753 ·

161 782 296 818 ’Δσκηθὴς
306 782 407 814 ἐθέλεις
418 782 498 809 πάλιν
511 782 644 818 Saltem;
665 783 680 809 7
692 782 784 818 Αὐτὰρ
796 783 811 809 6
822 783 944 817 κάμνων,

160 829 208 855 Ἐκ
218 828 315 864 φρενὸς
329 829 458 864 ἀδρανέος
469 828 628 864 βεϐιημένον
640 827 733 864 ἆσθμα
744 828 881 860 τιταίνων,

153 873 296 910 Λεπταλέῃ
314 874 394 910 μόγις
413 872 490 902 εἶπεν
505 874 575 910 ἀνὴρ
595 873 779 909 βραδυπευθὲῖ
795 875 872 909 φωνῇ
884 880 890 888 ·

154 919 283 954 Κοίρανε,
299 919 472 955 νουσοκὸμοιο
485 919 671 954 φιλοστόργοιο
686 918 804 954 χατίζω·
869 930 886 944 σ

154 965 192 991 Οὐ
207 964 261 1000 γὰρ
273 964 327 1000 ἐχω
341 965 402 992 τινὰ
417 964 494 999 φῶτα
509 965 661 1000 διάκτορον,
674 964 745 1000 δφρα
760 972 792 990 κε
806 964 899 1000 πηγῆς

153 1010 257 1042 Θυάδος
275 1009 446 1037 αὐτοέλικτον
464 1010 526 1037 ἰδὼν
539 1010 722 1046 κυρτούμενον
739 1009 822 1046 ὕδωρ,

154 1053 203 1085 Εἰς
215 1053 292 1089 ἱερὴν
305 1053 456 1089 ἀσάμινθον
470 1053 623 1089 ἐλαφρίζων
638 1062 672 1089 με
686 1053 820 1089 χαλάσσῃ.

156 1100 247 1135 ὐφρα
261 1099 311 1134 μὲν
322 1100 487 1135 ἀστήρικτον
501 1099 568 1134 ἐμὸν
583 1099 652 1126 πόδα
664 1099 766 1135 νωθρὸν
781 1099 899 1134 ἐρέσσω,

153 1143 248 1179 Τόφρα
265 1144 294 1170 δὲ
312 1144 412 1179 μᾶλλον
425 1145 501 1180 ἐμεῖο
515 1144 647 1179 νεώτερος
660 1144 717 1177 ὀξέϊ
731 1144 833 1180 παλμῷ

154 1188 349 1225 Προφθάμενος
359 1190 454 1225 βροτὸς
468 1189 548 1222 ἄλλος
561 1190 743 1226 ἐλαφρότερος
760 1190 920 1218 καταϐαίνει

160 1234 259 1270 Ἀφρὸν
275 1235 471 1271 ἀερσιπότητον
484 1236 668 1272 ἐρευγομένης
682 1236 843 1272 ἀσαμίνθου.

153 1279 170 1306 8
190 1278 243 1306 Καί
259 1288 305 1315 μιν
318 1280 401 1314 ’Δναξ
416 1280 550 1316 θάρσυνεν
566 1281 597 1316 ἑῇ
612 1281 732 1316 ζωαρκέῖ
745 1283 838 1317 φωνῇ·

155 1325 266 1361 Ἐγρεο,
280 1325 393 1361 λέκτρον
407 1325 495 1362 ἀειρε,
510 1326 558 1354 καὶ
581 1326 659 1362 ἐρχεο
676 1326 777 1361 κοῦφος
790 1326 891 1362 ὁδίτης.

153 1371 171 1398 9
190 1371 339 1403 Νουσαλὲος
351 1372 373 1399 δ’
383 1372 527 1405 ἀνέπαλτο,
543 1373 590 1401 καὶ⁴
600 1374 640 1405 είς
652 1372 732 1399 πέδον
741 1373 813 1407 ἴχνος
823 1372 943 1407 ἐρείσας,

154 1415 262 1442 Ἶστατο
271 1423 278 1430 ·
299 1415 347 1443 καὶ
358 1416 491 1452 κλιντῆρα
504 1416 594 1444 λαϐὼν
609 1417 782 1452 ἐπικείμενον
795 1415 873 1452 ὤμῳ,

155 1460 266 1496 Ἔστιχε
278 1461 410 1488 πάνδοκον
422 1460 506 1495 οἷκον,
522 1462 608 1498 ἀήθεα
621 1461 740 1496 γούνατα
754 1461 873 1494 πάλλων,

154 1505 209 1532 Καὶ
222 1506 339 1541 καμάτῳ
352 1506 522 1542 βαρύφορτον
535 1506 660 1542 ἐπωμίδα
674 1506 788 1542 λέκτρον
798 1506 908 1542 ἀείρων.

154 1551 209 1577 Καὶ
222 1552 284 1577 τότε
297 1551 432 1578 σάϐϐατον
445 1550 505 1587 ἦεν.
545 1553 579 1580 10
605 1552 649 1578 Ἐν
662 1552 786 1586 εὐλάῖγγι
797 1552 827 1578 δὲ
836 1551 894 1587 νηῷ

155 1596 208 1631 5o
233 1596 328 1632 Ἀνὲρα
345 1598 560 1630 παπταίνοντες,
577 1597 607 1624 ὃν
621 1598 738 1634 ἀρχαίης
753 1597 807 1625 ἀπὸ
825 1596 921 1624 νούσου
956 1591 978 1620 C

154 1642 299 1678 Λυσιπόνῳ
311 1643 461 1678 ταχυεργδς
474 1643 559 1676 ’Δναξ
569 1644 665 1679 ιήσατο
677 1643 764 1678 μύθῳ,

154 1687 259 1724 Εἴρεον·
278 1689 372 1720 Ὅστις
391 1689 495 1723 ἄνωγεν
510 1690 540 1724 ἐῇ
558 1689 709 1725 σημάντορι
726 1690 802 1725 φωνῇ

153 1734 273 1770 Λέκτρον
288 1735 456 1770 ἀερτάζοντα
475 1735 662 1770 παλινδίνητον
679 1735 802 1768 ὁδεύειν;

154 1781 184 1807 Η
199 1781 254 1806 Καὶ
268 1780 410 1816 φθονεροῖς
424 1781 582 1816 ἀπάμειπτο
600 1781 674 1817 σοφῷ
689 1781 823 1808 θεοπειθέῖ
844 1781 922 1817 μύθῳ
934 1789 941 1797 ·

153 1826 249 1858 Ὅστις
264 1826 318 1852 ἀπὸ
334 1827 478 1862 κλιντῆρος
494 1827 671 1863 άνεζώγρησε
689 1828 817 1862 πεσόντα,

152 1871 238 1903 Αὐτὸς
253 1873 315 1907 ἐμοὶ
327 1872 470 1904 κατέλεξεν
483 1872 627 1908 ἀερτάζειν
644 1873 691 1900 καὶ
705 1873 816 1900 ὁδεύειν.

154 1918 189 1945 12
200 1918 256 1944 Καί
271 1927 318 1953 μιν
339 1919 475 1946 Ἰουδαίων
491 1919 572 1946 πάλιν
585 1919 675 1954 εἴρετο
690 1919 753 1951 λαὸς
767 1919 894 1954 ἀγήνωρ·

152 1964 202 1995 Τίς
217 1964 298 1992 πέλεν
313 1965 342 1997 ὃς
360 1973 390 1992 σε
404 1965 531 1992 κέλευσεν
545 1965 698 2000 ἀδειμάντῳ
711 1965 764 1991 τινὶ
778 1966 869 2000 φωνῇ’

155 2009 265 2045 Ἕρχεο,
280 2009 327 2036 σὸν
340 2009 472 2046 κλιντῆρα
486 2010 576 2037 λαϐὼν
590 2010 781 2046 πεφορημένον
795 2009 878 2045 ὥμῳ;

153 2055 187 2082 13
200 2056 237 2082 Οὐ
250 2055 300 2090 μὲν
314 2055 384 2092 ἀνὴρ
397 2056 528 2091 δεδάηκεν
543 2056 592 2091 ἐῆς
607 2057 701 2092 ίήτορα
717 2055 823 2083 νούσου.

153 2101 186 2127 M
195 2101 250 2128 Καί
267 2110 314 2136 μιν
331 2101 392 2128 ίδὼν
406 2102 545 2137 στείχοντα
559 2102 683 2133 λιθώδεος
696 2101 781 2129 ἔνδοθι
793 2102 868 2137 νηοῦ,

153 2145 252 2182 Ὕϐριν
263 2147 423 2182 ἀναμνήσας
436 2147 582 2183 προτέρην,
600 2147 748 2183 ποινήτορα
761 2147 868 2180 νούσου,

634 177 879 208 PARAPIIRASIS
899 177 930 205 IN
952 177 1121 205 JOANNEM.
1141 191 1176 196 —
1193 175 1270 204 CAP.
1296 175 1325 202 V.

1728 175 1780 204 783

1002 252 1008 259 .
1026 256 1034 265 .
1057 257 1064 265 .
1084 256 1092 264 .
1114 257 1121 263 .
1140 233 1411 272 AﬁtUhiaastuans
1423 233 1473 266 vir,
1490 233 1611 262 Saltibus
1623 237 1782 269 spontaneis

998 283 1093 311 videns
1109 282 1250 310 salientem
1265 286 1377 315 aquam,
1393 278 1508 312 Quando
1518 278 1667 307 ﬁuctuante
1681 287 1782 314 corpus

997 335 1141 368 purgasset
1148 331 1269 362 lavacro,
1277 328 1388 356 Calidos
1396 328 1520 356 concocti
1527 328 1677 363 expulisset
1684 327 1784 354 ﬂuctus

996 377 1097 410 marbi,
1116 375 1336 404 Pmstantiorem
1353 373 1459 402 medico
1478 372 1573 401 videns
1588 373 1783 408 mitigatoriam

996 431 1105 458 aquam.
1114 422 1132 449 5
1139 422 1203 449 Erat
1212 425 1303 448 autem
1309 419 1421 455 quidam
1429 422 1560 454 perpetuo
1569 418 1697 446 laborans
1703 418 1785 445 virad

997 469 1116 496 vicinum
1126 468 1239 499 fontem,
1249 467 1318 494 Tres
1325 464 1443 494 dccades
1454 464 1530 499 gravi
1541 463 1702 498 obequitans
1713 470 1786 490 mor»-

996 515 1049 546 bo,
1065 513 1098 540 Et
1123 518 1219 540 rursus
1239 516 1303 540 octo
1318 511 1439 539 circulos
1459 510 1614 538 volutorum
1639 516 1784 536 annorum.

997 560 1015 588 6
1028 559 1107 587 Hunc
1120 558 1218 586 videns
1235 565 1289 585 non
1308 557 1440 592 agitatum
1456 559 1590 583 consueto
1603 554 1739 589 iacentem
1758 552 1785 579 in

996 605 1068 633 lecto
1081 604 1172 637 Iesus,
1194 602 1386 631 animadvertit
1401 600 1476 637 quod
1500 599 1642 628 diuturnis
1659 599 1687 626 in
1709 597 1787 625 lectis

997 650 1115 678 Haberet
1139 649 1285 677 incnrabili
1308 648 1391 683 ligata
1410 654 1499 683 genua
1519 645 1626 673 morbo.
1640 644 1674 671 Et
1697 644 1787 678 ipsum

997 695 1054 723 Rex
1079 693 1276 730 interrogabat,
1294 692 1412 721 fundens
1437 690 1642 719 misericordem
1669 695 1786 716 vocem:

996 741 1144 769 Incolumis
1158 740 1200 768 vis
1214 747 1312 767 rursus
1324 739 1408 767 esse?
1423 740 1438 766 'l
1448 737 1502 765 Sed
1521 737 1660 768 laborans,
1669 734 1708 762 Ex
1718 741 1789 769 pra:-

996 787 1100 815 cordiis
1113 786 1250 814 debilibus
1274 788 1399 812 coactum
1422 783 1572 811 anhelitum
1597 781 1721 812 trahens,
1736 779 1790 806 Te-

997 834 1044 860 nui
1060 832 1105 859 vix
1125 831 1194 859 dixit
1207 831 1249 858 vir
1259 829 1336 857 tarde
1349 829 1442 856 audita
1456 835 1523 856 voce
1537 835 1545 853 :
1561 826 1685 859 Domine,
1701 831 1789 860 aegro-

996 885 1057 904 rum
1077 879 1205 904 curatore
1227 873 1360 902 benevolo
1379 873 1498 908 indigeo.
1519 871 1579 899 Non
1608 871 1681 898 enim
1701 869 1789 896 hahoo

963 917 983 945 Β
998 923 1117 957 aliquem
1132 921 1221 948 virum
1236 919 1404 952 ministrum,
1421 921 1452 945 ut
1465 917 1549 945 fontis
1567 915 1681 943 Turbati
1696 922 1744 950 per
1759 922 1789 942 se

995 967 1116 995 volutam
1131 966 1228 994 videns
1248 965 1382 993 elevatam
1403 970 1500 998 aquam
1511 982 1518 994 .
1536 963 1565 990 In
1581 969 1688 990 sacram
1705 960 1788 995 pisci-

995 1017 1058 1037 nam
1068 1009 1162 1036 levans
1173 1016 1216 1036 me
1230 1008 1363 1036 demittat.
1379 1007 1447 1035 Cum
1458 1006 1530 1034 enim
1545 1005 1681 1033 inﬁrmum
1697 1012 1788 1032 meum

996 1056 1091 1091 pedem
1120 1055 1280 1089 languidum
1299 1061 1413 1086 moveo,
1429 1052 1507 1080 Tunc
1525 1059 1568 1079 me
1583 1051 1679 1086 junior
1702 1050 1788 1078 celeri

995 1101 1148 1130 vibratione
1162 1100 1337 1128 Praeveniens
1359 1099 1440 1126 homo
1462 1098 1532 1125 alius
1548 1096 1633 1124 levior
1647 1095 1789 1124 descendit

996 1147 1024 1174 In
1037 1154 1163 1182 spumam
1177 1146 1321 1174 sublimem
1331 1144 1480 1172 eructantis
1493 1143 1613 1178 piscinae.
1623 1142 1640 1170 8
1650 1141 1684 1168 Et
1698 1141 1788 1176 ipsum

995 1193 1054 1221 Rex
1070 1192 1243 1220 conﬁrmavit
1267 1199 1317 1220 sua
1332 1190 1438 1218 viviﬁca
1458 1197 1525 1217 voce
1542 1196 1550 1215 :
1569 1188 1667 1223 Surge,
1688 1191 1788 1215 lectum

995 1240 1071 1272 tolle,
1081 1242 1110 1266 et
1124 1237 1205 1271 vade,
1224 1237 1293 1265 levis
1305 1236 1406 1264 viator.
1421 1235 1438 1264 9
1459 1234 1682 1263 Valetudinarius
1697 1236 1788 1260 autem

995 1284 1080 1317 saliit,
1099 1288 1127 1311 et
1141 1283 1170 1311 in
1187 1283 1275 1311 solum
1289 1281 1435 1317 vestigium
1447 1280 1573 1314 ﬁrmans,
1591 1279 1674 1307 Stetit
1690 1288 1697 1306 :
1709 1283 1737 1306 et
1751 1278 1790 1305 Ie-

996 1335 1070 1357 ctum
1098 1336 1212 1357 sumens
1239 1327 1398 1363 impositum
1426 1326 1550 1353 humeris
1575 1323 1724 1352 Incedebat
1741 1330 1790 1358 per

996 1375 1207 1410 capacissimam
1224 1373 1352 1406 domum,
1376 1373 1538 1408 inconsueta
1562 1378 1651 1407 genua
1667 1371 1788 1401 vibrans.

997 1421 1050 1456 51
1069 1419 1102 1448 Et
1128 1419 1223 1447 labore
1244 1419 1336 1454 gravis
1356 1417 1486 1454 ponderis
1502 1416 1672 1444 humeralem
1687 1416 1788 1444 lectum

997 1472 1107 1499 tollens.
1115 1471 1149 1498 Et
1167 1474 1233 1498 tunc
1244 1470 1389 1498 sabbatum
1402 1473 1472 1497 erat.
1492 1468 1526 1496 10
1541 1467 1571 1495 ln
1586 1467 1709 1506 lapidoso
1723 1473 1789 1494 vero

996 1524 1098 1559 templo
1122 1522 1217 1550 Virum
1237 1521 1380 1554 videntes,
1398 1528 1479 1556 quem
1502 1520 1615 1555 antiquo
1636 1527 1670 1547 ex
1692 1519 1788 1546 morbo

997 1575 1167 1610 Dolorifrago
1189 1582 1272 1610 opere
1290 1578 1433 1610 promptus
1450 1573 1506 1601 Bex
1530 1575 1675 1600 sanaverat
1689 1571 1785 1603 verbo,

997 1627 1219 1663 lntcrrogabant:
1232 1626 1364 1660 Quisnam
1376 1626 1459 1661 Jussit
1468 1632 1518 1653 sua
1534 1624 1706 1660 signiﬁcante
1721 1630 1788 1651 voce

997 1679 1110 1707 Lectum
1135 1679 1305 1707 attollentem
1322 1682 1350 1706 te
1365 1685 1507 1706 reversuro
1529 1677 1694 1705 ambulare?
1706 1677 1736 1703 Η
1755 1677 1788 1703 Et

995 1732 1095 1760 invidis
1110 1732 1252 1766 respondit
1267 1731 1382 1766 sapienti
1396 1730 1452 1758 Deo
1470 1735 1583 1765 parente
1599 1730 1683 1758 verbo
1707 1739 1715 1757 :
1733 1729 1786 1762 Qui

997 1791 1012 1811 e
1030 1783 1101 1811 lecto
1123 1783 1286 1811 instauravit
1303 1783 1422 1818 lapsum,
1439 1782 1486 1809 Ille
1500 1790 1543 1809 me
1555 1781 1642 1816 jussit
1662 1782 1788 1808 attollere

996 1839 1024 1863 et
1039 1835 1190 1862 ambulare.
1211 1835 1244 1861 12
1263 1834 1296 1862 Ει
1309 1834 1400 1869 ipsum
1416 1833 1573 1861 Judaeorum
1588 1840 1685 1861 rursus
1702 1833 1787 1860 inter-

996 1887 1103 1922 rogavit
1128 1886 1246 1922 populus
1272 1886 1408 1921 superbus
1424 1895 1430 1913 :
1448 1885 1516 1918 Quis
1535 1890 1578 1913 est
1597 1885 1644 1920 qui
1662 1889 1689 1912 te
1701 1885 1785 1920 jussit

995 1937 1129 1972 intrepida
1147 1936 1263 1972 quadam
1275 1944 1358 1964 voce:
1370 1936 1453 1968 Vade,
1465 1940 1543 1964 tuum
1559 1937 1658 1964 lectum
1673 1943 1784 1964 sumens

995 1993 1130 2024 gestatum
1146 1989 1280 2017 humero?
1297 1989 1329 2016 l5
1342 1989 1401 2017 Non
1418 1997 1486 2017 sane
1506 1990 1550 2017 vir
1567 1989 1649 2017 scivit
1665 1989 1711 2016 sui
1726 1997 1785 2017 me-

995 2041 1088 2068 dicum
1111 2041 1212 2069 morbi.
1229 2041 1263 2069 14
1280 2041 1312 2068 Et
1334 2042 1424 2077 ipsum
1442 2042 1540 2070 videns
1554 2042 1725 2070 incedentem
1743 2041 1784 2068 Ia-

994 2093 1091 2128 pidoso
1114 2093 1144 2121 in
1157 2094 1268 2129 templo,
1285 2094 1466 2123 Petulantiam
1484 2095 1512 2122 in
1529 2095 1688 2122 memoriam
1703 2101 1782 2121 revo-

993 2153 1061 2174 cans
1081 2146 1212 2181 priorem,
1228 2146 1365 2175 vindicem
1382 2146 1489 2182 morbi,
1505 2146 1632 2175 Christus
1651 2152 1782 2174 coercens

750 2204 892 2234 TEXTUS
910 2203 1174 2232 EVANGELIbTIE.

149 2263 282 2296 νούντων,
295 2263 403 2298 τυφλῶν
413 2283 421 2296 ,
438 2264 550 2300 χωλῶν,
566 2264 656 2301 ξηρῶν
667 2284 675 2298 ,
690 2265 875 2302 ἐκδεχομένων
888 2265 937 2300 τὴν
952 2266 976 2296 D
990 2264 1071 2292 ϐατόν
1084 2272 1143 2296 σου,
1152 2264 1200 2291 καὶ
1216 2265 1374 2300 περιπάτει.

149 2305 197 2333 τοῦ
211 2305 307 2338 ὓδατος
320 2306 437 2341 κίνησιν.

184 2347 201 2374 4
221 2347 353 2381 Ἀγγελος
367 2347 422 2382 γὰρ
435 2347 506 2374 κατά
521 2348 616 2383 καιρὸν
632 2347 792 2375 κατέϐαινεν
804 2348 833 2374 ἐν
843 2348 876 2382 τῇ
889 2356 938 2374 κο-

149 2388 311 2424 λυμϐήθρᾳ,
338 2390 385 2416 καὶ
405 2388 539 2424 ἐτάρασσε
563 2389 594 2416 τὸ
619 2389 709 2426 ὕδωρ·
723 2391 738 2417 6
757 2388 804 2417 οὖν
829 2389 938 2425 πρῶτος

149 2430 237 2465 ἐμϐὰς
256 2429 323 2465 μετὰ
335 2430 385 2465 τὴν
399 2430 521 2466 ταραχὴν
536 2429 584 2457 τοῦ
599 2431 710 2465 ὓδατος,
723 2431 802 2467 ὑγιὴς
820 2431 936 2466 ἐγίνετο,

149 2468 173 2506 ᾧ
185 2471 285 2506 δήποτε
304 2472 446 2506 κατείχετο
460 2472 606 2506 νοσήματι.

184 2512 201 2540 5
213 2510 268 2539 'l-lv
282 2511 312 2539 δέ
333 2521 375 2544 τις
388 2509 536 2548 ἀνθρωποξ
547 2513 606 2540 ἐκεῖ
629 2512 776 2548 τριάκοντα
797 2513 869 2540 ὀκτὼ
888 2513 936 2549 ἐτη

149 2554 220 2590 ἔχων
233 2555 263 2582 ἐν
274 2555 308 2590 τῇ
323 2554 461 2590 ἀσθενείᾳ.

184 2595 201 2623 6
211 2594 312 2622 Τοῦτον
328 2595 391 2623 ιδὼν
405 2597 419 2623 6
442 2595 545 2632 Ἰησοῦς
561 2594 773 2631 κατακείμενον.
794 2596 840 2623 καὶ
853 2596 935 2630 γνοὺς

148 2637 190 2664 ὅτι
201 2637 285 2664 πολὺν
295 2637 347 2673 ήδη
359 2638 454 2674 χρόνον
466 2637 522 2673 ἔχει
533 2656 541 2670 ,
554 2637 629 2672 λέγει
641 2636 731 2672 αὐτῷ’
749 2636 843 2669 Θέλεις
854 2637 933 2673 ὑγιὴς

149 2678 275 2713 γενέσθαι
283 2687 291 2712 ;

183 2719 200 2746 7
224 2719 372 2755 Ἀπεκρίθη
387 2720 462 2755 αύτῷ
483 2721 498 2747 6
513 2719 649 2747 ἀσθενῶν·
672 2720 776 2756 Κύριε,
791 2719 933 2756 ἄνθρωπον

147 2760 199 2787 οὐκ
209 2760 278 2795 ἔχω,
294 2761 355 2795 ίνα,
371 2761 435 2789 ὅταν
453 2762 576 2798 ταραχθῇ
597 2761 628 2788 τὸ
642 2761 713 2798 ὕδωρ
726 2781 733 2793 ,
747 2761 831 2797 βάλλῃ
847 2770 881 2796 με
893 2762 933 2793 είς

148 2801 197 2837 τὴν
211 2802 420 2838 κολυμϐήθραν·
435 2804 465 2830 ἐν
485 2800 508 2838 ᾧ
521 2803 550 2830 δὲ
569 2803 684 2839 ἔρχομαι
700 2803 770 2838 ἐγὼ,
785 2803 864 2835 ἀλλος
879 2803 932 2839 πρὸ

148 2843 215 2878 ἐμοῦ
229 2844 397 2872 καταϐαίνει.

183 2885 201 2912 8
213 2885 295 2922 Λέγει
312 2885 386 2923 αὐτῴ
398 2887 412 2914 6
431 2886 546 2924 Ἰησοῦς-
563 2888 697 2924 Ἕγειραι,
710 2885 776 2923 ἆρον
786 2885 830 2916 τὸν
846 2886 930 2924 κράϐ-

1025 2305 1041 2333 9
1055 2305 1110 2332 Καὶ
1124 2305 1227 2337 εὐθέως
1246 2306 1355 2339 ἐγένετο
1370 2305 1450 2341 ὑγιὴς
1462 2306 1476 2332 6
1492 2304 1636 2341 ἄνθρωπος
1646 2313 1654 2320 ·
1669 2304 1716 2331 καὶ
1727 2302 1779 2340 ἦρε

989 2346 1036 2373 τὸν
1048 2346 1205 2382 κράϐϐατον
1218 2346 1300 2373 αὑτοῦ
1311 2368 1319 2380 ,
1335 2348 1383 2374 καὶ
1393 2346 1565 2383 περιεπάτει.
1573 2344 1627 2373 Ἦν
1636 2345 1665 2372 δέ
1673 2345 1777 2373 σάϐϐα-

989 2396 1036 2415 τον
1050 2389 1079 2415 ἐν
1093 2388 1185 2424 ἐκείνῃ
1201 2390 1233 2424 τῇ
1246 2389 1348 2425 ἡμέρᾳ,

1026 2430 1060 2458 10
1082 2430 1195 2464 Ἔλεγον
1219 2428 1266 2457 οὖν
1290 2431 1314 2458 οί
1337 2430 1456 2457 Ἰουδαῖοι
1471 2430 1511 2465 τῷ
1527 2429 1775 2466 τεθεραπευμένῳ·

989 2471 1127 2498 Σάϐϐατόν
1141 2472 1226 2505 ἐστιν,
1240 2471 1292 2498 οὐκ
1305 2471 1396 2505 ἔξεστί,
1408 2480 1452 2499 σοι
1465 2469 1531 2507 ἆραι
1546 2471 1592 2498 τὸν
1609 2471 1777 2507 κράϐϐατον.

1024 2512 1055 2539 Η
1074 2512 1224 2548 Ἀπεκρίθη
1235 2513 1342 2544 αὐτοῖς·
1363 2513 1393 2540 '0
1410 2514 1526 2548 ποιήσας
1540 2521 1574 2547 με
1588 2513 1662 2548 ὑγιῆ,
1673 2513 1777 2545 ἐκεῖνός

989 2563 1035 2589 μοι
1051 2553 1142 2582 εἶπεν·
1154 2552 1239 2589 ’Δρον
1254 2553 1300 2581 τὸν
1310 2553 1471 2590 ,κραϐϐατόν
1487 2562 1545 2586 σου,
1557 2554 1605 2581 καὶ
1617 2555 1773 2590 περιπάτει.

1023 2596 1058 2623 12
1081 2595 1241 2632 Ἠρώτησαν
1263 2593 1310 2623 οὖν
1325 2595 1424 2623 αὐτόν·
1443 2595 1492 2627 Τίς
1510 2596 1585 2623 ἐστιν
1604 2597 1619 2623 6
1631 2597 1775 2633 ἄνθρωπος

987 2638 1001 2664 6
1015 2637 1100 2665 εἰπών
1119 2646 1179 2666 σοι·
1196 2635 1281 2673 Ἆρον
1297 2637 1344 2664 τὸν
1363 2637 1519 2672 κράϐϐατόν
1540 2646 1606 2671 σου,
1627 2639 1674 2666 καὶ
1695 2646 1772 2675 περι-

986 2687 1067 2706 πατει
1078 2687 1086 2712 ;

1021 2721 1055 2748 15
1074 2721 1103 2747 '0
1117 2720 1145 2748 δὲ
1161 2719 1245 2752 ἰαθεὶς
1256 2720 1307 2747 οὐκ
1319 2720 1378 2756 ῇδει
1395 2721 1438 2752 τίς
1459 2721 1549 2748 ἐστιν·
1567 2721 1582 2748 ὁ
1595 2721 1648 2756 γὰρ
1668 2719 1771 2755 Ἰησοῦς

985 2761 1125 2795 ἐξένευσεν
1137 2761 1215 2797 ὄχλου
1230 2762 1306 2793 ὄντος
1317 2763 1346 2789 ἐν
1362 2761 1400 2797 τῷ
1413 2762 1498 2798 τύπῳ.

1022 2803 1056 2830 14
1072 2803 1150 2830 Μετά
1165 2803 1251 2830 ταῦτα
1272 2804 1394 2837 εὑρίσκει
1415 2805 1496 2831 αὐτὸν
1519 2804 1533 2830 6
1553 2802 1655 2838 Ἰησοῦς
1676 2802 1706 2828 ἐν
1730 2802 1770 2836 τῷ

986 2844 1068 2880 ίερῷ,
1085 2846 1131 2872 καὶ
1143 2843 1220 2872 εἶπεν
1235 2846 1326 2880 αὐτῷ·
1346 2847 1408 2878 Ἴδε,
1425 2846 1505 2880 ὑγιὴς
1522 2845 1652 2879 γέγονας’
1668 2843 1769 2879 μηκέτι

984 2887 1135 2922 ἁμάρτανε,
1151 2887 1193 2915 ἵνα
1211 2887 1248 2924 μὴ
1265 2887 1354 2923 χεῖρόν
1369 2887 1394 2914 τί
1411 2895 1451 2914 σοι
1467 2886 1588 2923 γένητιι.
