1953 3040
170 167 220 194 ἾὲΊ
800 169 906 198 ΝΟΝΝΙ
922 170 965 197 PA

1028 169 1175 198 'OLITANI

1380 108 1397 116 .—

1748 172 1802 201 783

170 225 295 261 prmcepit
312 225 476 253 testificante
492 225 575 253 verbo
589 235 595 252 :
612 226 692 260 Ecce,
709 227 833 255 morbum
845 228 961 261 habens,

1028 229 1131 265 [ριστδς
1145 227 1314 255 ἀναστέλλων
1327 226 1484 253 ἐπετέλλετο
1499 226 1615 263 μάρτυρι
1634 226 1727 262 μύθῳ·

169 280 254 300 sanus
270 272 358 300 factus
371 279 400 300 es
415 282 421 299 :
440 280 473 300 ne
486 273 604 307 amplius
618 272 703 303 facias
717 273 862 302 Peccatum
875 275 959 306 aliud.

169 325 204 344 ne
225 317 303 352 pejus
317 317 384 351 quid
398 317 512 345 sentias.
530 317 563 346 15
575 317 608 345 Et
622 318 712 346 audax
732 318 853 347 Hebraeis
866 327 961 347 recur-

170 369 234 389 rens
254 363 369 389 nuntius
388 363 475 395 stetit,
500 362 660 391 Sermonem
688 364 814 391 renuenti
838 364 961 392 clamans

169 408 308 435 amnlanti
323 409 436 443 populo,
455 407 533 441 Quod
565 408 655 443 ipsum
675 409 902 444 sponteillarsum
917 409 961 437 di-

169 453 233 481 vina
254 460 319 481 voce
330 452 410 481 Jesus
424 453 564 488 iussisset,
581 457 609 481 et
630 455 808 490 scrogradum
827 456 960 483 viatorem

169 498 294 525 Morbum
305 497 419 526 ferentis
430 498 491 526 lecti
504 499 695 527 inconsuetum
710 499 821 528 fecisset
835 501 960 528 latorem.

172 543 205 571 16
223 543 309 578 Cujus
329 544 417 579 gratia
442 543 548 572 Hebraei
568 544 691 574 furentes
714 546 854 582 insipienti
870 546 962 574 animo

169 588 262 616 Iesum
289 589 534 624 persequebantur,
558 591 632 625 quod
656 591 781 619 divinum
803 592 874 626 apud
890 596 962 619 tem-

171 634 256 669 plum,
266 633 335 662 Cum
351 634 497 662 sabbatum
507 638 590 667 esset,
600 640 746 663 conaretur
759 636 809 663 hoc
820 636 960 671 perﬁcere,

172 681 254 709 Solus
269 689 323 708 non
338 681 491 709 observans
510 681 621 716 quando
644 681 772 709 humanis
785 689 800 709 a
820 683 962 710 laboribus

170 726 273 754 Omnes
286 727 383 754 otiosis
400 727 606 755 commisissent
629 734 701 763 opus
715 728 812 763 spinis.
832 728 866 754 1⁵1
881 727 962 756 Jesus

172 775 265 799 autem
285 771 365 804 dixit,
381 771 498 800 fundens
513 773 660 808 gloriosam
675 780 782 805 vocem,
797 773 893 801 Adhuc
904 773 961 808 jam

172 815 253 844 Pater
268 820 397 852 operatur
410 816 436 844 in
453 821 586 845 consueto
597 817 700 845 mundo
718 817 839 845 Moribus
850 825 962 852 expres-

171 862 221 894 sis,
235 865 263 889 et
274 869 324 897 ego
335 861 420 890 Filius
434 870 503 898 opus
518 867 591 891 texo.
605 863 639 891 18
647 862 761 898 Propter
772 863 844 898 quod
856 863 961 891 Hebraei

1013 274 1096 309 Ἤδη,
1110 273 1206 300 νοῦσον
1223 273 1302 308 ἔχων,
1320 272 1380 304 σόος
1395 271 1475 298 ἔπλεο
1487 280 1494 288 ο
1517 272 1614 307 μηκέτι
1631 272 1711 308 ῥέξῃς

1018 317 1190 354 ’Ᾱμπλακίην
1206 318 1314 353 ἑτέρην,
1330 317 1369 352 μὴ
1383 317 1513 352 κύντερον
1526 317 1589 344 ἄλλο
1600 318 1709 353 νοήσῃς.

1012 363 1047 390 15
1062 363 1117 390 Καὶ
1129 362 1232 398 θρασὺς
1245 361 1396 398 Ἐὁραίοιοι
1409 361 1587 398 παλίνδρομος
1598 363 1711 397 ἄγγελος
1721 362 1801 399 ἔστη,

1011 410 1104 437 Μῦθον
1118 408 1286 444 ἀναινομένῳ
1301 408 1384 443 βοόων
1398 408 1529 444 ζηλήμονι
1544 408 1611 443 λαῷ,

1013 456 1093 482 ¹¹οττι
1106 463 1152 491 μιν
1164 454 1372 486 αὐτοκέλευστος
1387 455 1516 490 ἀπήμονα
1532 454 1637 482 θέσπιδι
1652 456 1728 490 φωνῇ

1017 501 1124 537 Ἰησοῦς
1136 500 1274 533 ἐκέλευσε,
1290 499 1334 526 καὶ
1355 499 1528 534 όψικέλευθον
1538 499 1627 534 ὸδίτην

1013 545 1192 580 Νουσοκὸμου
1207 543 1351 579 κλιντῆρος
1361 543 1448 579 ἀήθεα
1463 544 1530 580 θῆκε
1540 544 1640 580 φορ-ἦα.

1014 591 1048 619 16
1063 587 1101 618 Οὖ
1117 591 1198 626 χάριν
1219 590 1339 626 Ἐσραῑοι
1354 589 1499 625 μανιώδεες
1515 591 1611 626 ἄφρονι
1625 590 1705 626 θυμῷ

1020 637 1124 673 Ἰησοῦν
1138 637 1250 663 ἐδίωκον
1259 655 1266 668 ,
1283 637 1324 663 ὅτι
1340 636 1428 672 ζαθέω
1442 636 1518 672 παρά
1531 636 1602 672 νηῷ,

1018 681 1137 709 Ὁππότε
1150 681 1287 708 σάϐϐατον
1300 679 1360 716 ἦεν,
1375 681 1499 716 ἐπείγετο
1512 681 1598 708 ταῦτα
1611 681 1746 714 τελέσσαι,

1013 727 1120 759 Μοῦνος
1137 726 1190 753 ἐὼν
1205 726 1360 761 ἀφύλακτος
1372 727 1417 753 ὅτε
1434 726 1550 762 βροτέων
1564 726 1618 753 ἀπὸ
1641 726 1747 763 μόχθων

1013 773 1119 804 Πάντες
1132 773 1304 808 ἀεργηλοῖσιν
1321 772 1470 808 ἐπέτρεπον
1481 772 1561 808 ἔργον
1572 772 1712 804 ἀκάνθαις.

1014 818 1045 845 17
1068 817 1174 853 Ἰησοῦς
1198 818 1220 845 δ’
1236 817 1350 854 ἀγόρευε
1364 817 1434 852 χέων
1449 817 1586 852 ὑψαύχενα
1600 817 1692 852 φωνήν
1702 825 1709 832 '
1726 844 1733 852 κ

1013 864 1104 891 Είσέτι
1119 863 1165 890 νῦν
1181 863 1294 899 Γενέτης
1309 863 1455 899 ἐργάζεται
1467 863 1546 898 ήθάδι
1558 863 1653 898 κόσμῳ

170 907 268 935 doloso
282 908 458 942 inquirebant
467 909 551 936 exitio
563 908 702 936 Christum
713 909 877 942 interﬁcere,
888 909 960 944 quod

1028 910 1125 937 HOecw
1138 909 1294 941 ἀντιτύποις
1306 929 1313 941 ,
1327 909 1374 936 καὶ
1387 908 1442 944 ἐγὼ
1454 909 1521 940 Πάῑς
1536 909 1615 944 ἔργον
1631 908 1746 942 ὑφαίνω.

175 958 226 978 lion
239 952 327 981 solum
339 953 447 981 volebat
462 953 567 981 solvere
580 953 743 988 Legitimum
758 955 854 982 otiosa
867 955 960 989 splen-

171 999 264 1025 dorem
277 997 452 1026 observatum
467 1006 584 1032 aurorae,
602 1000 656 1028 Sed
667 1000 740 1036 quod
756 1000 880 1036 mystica:
900 1003 962 1035 post

171 1050 285 1071 cursum
308 1051 425 1076 aurorae.
450 1043 482 1071 Et
510 1043 595 1072 Deum
615 1053 663 1080 per
687 1052 717 1073 se
738 1046 860 1080 genitum
882 1052 962 1073 suum

171 1094 297 1118 vocasset
311 1090 525 1126 Parentem,52
537 1090 680 1126 [Equalem
695 1091 799 1119 faciens
811 1099 889 1119 suam
905 1091 964 1126 glo-

172 1135 239 1163 riam
255 1137 361 1165 caelesti
378 1136 455 1173 Regi.
476 1138 509 1165 l9
522 1137 602 1166 Jesus
619 1141 709 1165 autem
725 1137 805 1170 dixit,
815 1138 902 1164 Amen
922 1141 964 1164 tc-

171 1181 319 1209 stiﬁcatum
332 1182 368 1209 sit
379 1182 465 1211 :Nihil
479 1191 526 1211 sua
542 1184 682 1211 voluntate
693 1183 792 1218 poterit
800 1182 887 1210 Filius
900 1190 961 1217 per-

172 1226 265 1258 licere,
273 1225 330 1254 Nisi
351 1227 502 1262 inspexerit
514 1236 594 1255 suum
609 1227 793 1263 perﬁcientem
806 1227 962 1255 Parentem.

172 1270 261 1305 Opera
276 1273 348 1298 enim
364 1272 392 1300 in
410 1272 570 1300 universum
586 1273 677 1300 omnia
695 1279 864 1307 quaecunque
885 1279 964 1299 meus

174 1315 254 1343 Pater
262 1316 336 1349 facit,
350 1317 413 1344 lla'c
430 1317 512 1345 Deum
524 1316 668 1345 Parenlem
681 1319 794 1346 imitans
804 1317 889 1346 Filius
900 1325 963 1353 per-

173 1361 238 1388 tlcit.
261 1362 296 1388 20
310 1361 408 1390 Filium
425 1363 498 1390 enim
521 1363 609 1398 diligit
628 1362 708 1391 Pater
728 1370 808 1391 suum
823 1372 830 1390 :
845 1366 874 1390 et
889 1370 964 1398 qua:-

173 1413 282 1441 cunque
295 1406 370 1439 facit,
380 1407 450 1435 Filio
463 1415 528 1436 caro
545 1408 687 1436 ostendit:
705 1413 734 1436 et
749 1407 840 1435 adhuc
859 1408 963 1443 majora

173 1452 310 1486 ostendet,
322 1453 357 1481 Ut
376 1452 513 1481 miremini
528 1453 720 1489 perfectiorum
734 1453 822 1489 gratia
838 1461 963 1489 operum.

173 1503 205 1532 21
231 1503 309 1532 Sicut
326 1505 400 1532 enim
425 1505 505 1532 Pater
520 1509 644 1532 mortuos
660 1508 722 1540 post
746 1503 830 1532 fatum
851 1504 963 1536 excitat,

174 1555 310 1592 Vegetans
327 1556 518 1592 retrogradum
544 1556 724 1585 immobilinm
751 1564 852 1592 corpus
876 1556 965 1584 homi~

174 1616 240 1636 num
255 1617 263 1636 :
279 1608 326 1636 Sic
342 1616 412 1645 quos
426 1609 485 1637 vult
506 1613 533 1637 et
554 1609 653 1638 similis
673 1609 758 1637 Filius
772 1609 874 1637 excitat
885 1628 893 1641 ,
910 1608 964 1636 Ite-

175 1667 274 1687 creans
293 1666 486 1695 corruptorum
502 1668 602 1689 rursus
616 1666 780 1696 congregata
798 1667 914 1695 corpora
929 1659 967 1688 vi-

175 1718 283 1740 rorum.
294 1711 331 1739 22
348 1711 490 1741 Neminem
510 1713 585 1741 enim
595 1712 761 1747 judicaverit
776 1711 856 1740 Pater
870 1719 965 1740 meus:

175 1764 325 1792 humanum
349 1771 412 1791 vero
437 1763 535 1792 Serum
553 1764 623 1792 Filio
637 1763 712 1791 dedit
729 1771 809 1791 omne
821 1763 967 1798 judicium.

175 1815 212 1844 εδ
222 1820 251 1844 ut
265 1823 361 1845 omnes
375 1816 474 1844 Filium
490 1816 624 1844 honorent
637 1816 768 1851 arqualem
782 1822 833 1844 suo
847 1814 968 1848 Parenti,

176 1866 253 1896 Sicut
281 1872 308 1896 et
325 1867 480 1903 gloriﬁcent
505 1868 691 1904 altiregentem
716 1867 837 1896 Patrem.
859 1866 888 1894 Si
904 1874 969 1895 vero

175 1919 238 1955 quis
250 1919 406 1948 instabilem
421 1919 502 1948 habet
520 1924 650 1953 mentem,
664 1927 753 1954 neque
766 1919 890 1948 Parentis
902 1918 968 1948 Glo~

176 1969 264 1998 rilicat
272 1969 392 1998 Verbum
401 1971 510 2004 Filium,
523 1979 573 1999 nec
587 1971 732 2000 Parentem
743 1971 868 1999 honorat.
877 1971 913 1998 24
922 1971 970 1999 Te-

177 2023 300 2051 stiﬂeans
316 2023 499 2058 ﬁrmiloquum
515 2023 613 2058 Amen,
631 2024 717 2051 Amen
729 2031 827 2052 rursus
838 2024 886 2056 sit,
901 2023 968 2056 Qui—

178 2081 288 2109 cunque
299 2075 341 2102 vir
354 2075 490 2110 receperit
503 2076 603 2104 mentis
619 2076 731 2104 credula
747 2076 805 2111 lege
822 2075 969 2103 Sermones

177 2131 299 2160 nostros,
313 2131 341 2155 et
352 2135 414 2157 meo
428 2128 576 2157 crediderit
587 2128 672 2161 Patri,
683 2128 713 2156 In
721 2128 856 2163 judicium
871 2131 969 2156 ventu-

177 2183 239 2204 rum
263 2183 319 2204 non
335 2175 424 2212 "venit,
438 2178 487 2206 sed
507 2178 541 2206 ad
562 2179 637 2206 illam
661 2178 752 2206 Vitam
776 2179 970 2211 immortalem,

1014 956 1049 983 18
1060 953 1097 983 Οἶι
1109 955 1188 991 χάριν
1211 955 1330 991 Ἑϐραῖοι
1343 955 1422 990 δολίῳ
1439 955 1572 990 μαστευον
1587 954 1691 990 ὀλέθρῳ

1013 1002 1131 1037 Χριστὸν
1145 1001 1320 1028 ἀποκτενέειν
1332 1021 1339 1033 ,
1356 1001 1398 1027 ὃτι
1413 1001 1451 1036 μὴ
1468 1000 1546 1036 μόνον
1560 999 1640 1035 ήθελε
1655 999 1730 1026 λύειν

1015 1045 1147 1080 Ἔννομον
1159 1045 1309 1081 ἀπρήκτοιο
1323 1044 1401 1076 σέλας
1415 1044 1624 1079 πεφυλαγμένον
1638 1043 1715 1078 ἠοῦς,

1020 1090 1090 1116 Ἀλλ’
1103 1090 1145 1116 ὃτι
1161 1089 1336 1125 μυστιπόλοιο
1354 1090 1422 1125 μετά
1435 1089 1534 1124 δρόμον
1547 1088 1713 1124 ἠριγενείης,

1014 1133 1070 1159 Καὶ
1088 1132 1155 1159 Θεὸν
1171 1132 1361 1168 αὺτογένεθλον
1375 1133 1418 1160 ἐὸν
1435 1133 1564 1168 κίκλησκε
1579 1132 1681 1168 τοκῆα,

1014 1177 1067 1213 53
1085 1177 1196 1210 ’ἰσάζων
1207 1178 1251 1205 έδν
1264 1176 1342 1213 εὖχος
1359 1178 1514 1214 ἐπουρανίῳ
1527 1177 1650 1213 Βασιλῆῖ.

1014 1220 1048 1250 19
1069 1223 1172 1259 Ἰησοῦς
1192 1222 1370 1259 δ’ἀγόρευεν·
1392 1223 1478 1259 ’Δμὴν
1492 1223 1678 1259 ἐπιμάρτυρον
1698 1222 1778 1254 ἔστω,

1014 1268 1097 1296 Οὐδὲν
1110 1270 1141 1304 ἐῇ
1160 1269 1245 1304 ἰότητι
1257 1269 1401 1304 δυνήσεται
1421 1269 1485 1301 Υἱὸς
1498 1268 1624 1302 ἀνύσσαι,

1014 1315 1046 1341 Εἰ
1064 1315 1101 1350 μὴ
1118 1314 1294 1350 ἐσαθρήσειεν
1308 1314 1352 1341 ἐὸν
1366 1314 1492 1340 τελέοντα
1506 1314 1607 1350 Τοκῆα.

1016 1361 1104 1395 Ἔργα
1122 1360 1176 1394 γὰρ
1188 1361 1228 1387 εἰν
1244 1360 1285 1386 ἐνὶ
1298 1359 1388 1386 πάντα
1402 1359 1497 1395 Πατὴρ
1509 1359 1575 1395 ἐμὸς
1590 1358 1697 1386 ὁππόσα
1717 1359 1804 1394 ῥέζει,

1014 1406 1108 1433 Ταῦτα
1119 1405 1186 1432 Θεὸν
1200 1405 1316 1440 Γενέτην
1333 1404 1500 1440 μιμούμενος
1514 1405 1578 1437 Υίδς
1590 1406 1711 1433 ἀνύσσει.

1014 1451 1050 1478 20
1064 1451 1132 1478 Υίέα
1146 1451 1201 1486 γὰρ
1213 1450 1300 1486 φιλέει
1315 1450 1431 1485 Γενέτης
1444 1450 1488 1477 ἐόν
1500 1458 1507 1465 ·
1523 1451 1592 1477 ὄσσα
1606 1450 1634 1477 δέ
1648 1450 1750 1485 τεύχει,

1014 1496 1095 1523 Παιδλ⁵
1108 1496 1177 1532 φίλῳ
1189 1496 1326 1527 δείκνυσι,
1340 1495 1388 1521 καὶ
1402 1495 1485 1522 εἰσέτι
1502 1495 1612 1530 μείζονα
1626 1495 1719 1528 δείξει,

1017 1542 1110 1577 Ὀφρα
1122 1550 1153 1568 κε
1168 1541 1328 1577 θαμϐήσητε
1343 1541 1515 1577 τελειοτέρων
1527 1541 1606 1577 χάριν
1623 1541 1720 1576 ἔργων,

978 1586 999 1615 C
1016 1588 1046 1615 21
1064 1588 1168 1623 Ὥσπερ
1182 1588 1236 1623 γὰρ
1248 1588 1364 1623 Γενέτης
1379 1588 1478 1620 νέκυας
1491 1588 1560 1623 μετὰ
1574 1587 1677 1622 πὰτμον
1689 1587 1793 1624 ἐγείρει

1015 1634 1164 1669 Ζωγρήσας
1176 1634 1339 1670 παλίνορσον
1353 1634 1488 1669 ἀκινήτων
1498 1633 1584 1669 δέμας
1600 1633 1715 1669 ἀνδρῶν,

1016 1679 1110 1711 Οὕτως
1123 1679 1170 1711 οὓς
1184 1679 1271 1706 ἐθέλει
1282 1679 1330 1706 καὶ
1342 1679 1445 1715 ὁμοίῖος
1458 1679 1523 1711 Υἱὸς
1539 1679 1651 1715 ἐγείρει,

1016 1726 1165 1760 Ζωγρήσας
1179 1725 1317 1761 φθιμένων
1332 1725 1519 1761 παλινάγρετα
1530 1725 1645 1760 σώματα
1660 1724 1767 1760 φωτῶν.

1017 1770 1053 1797 22
1068 1770 1168 1797 Οὕτινα
1180 1770 1234 1806 γὰρ
1248 1771 1350 1806 κρίνειε
1364 1770 1459 1806 Πατὴρ
1476 1770 1541 1805 ἐμός
1553 1778 1560 1785 ’
1578 1770 1730 1805 ἀνδρομέην
1740 1769 1770 1795 δέ

1019 1815 1136 1850 Ὀψιμον
1148 1815 1209 1842 Υίέῖ
1221 1815 1307 1842 δῶκεν
1320 1815 1384 1851 ὅλην
1397 1816 1496 1851 κρίσιν,
1509 1815 1545 1842 25
1556 1815 1628 1850 ἧφρα
1649 1823 1681 1841 κε
1705 1814 1806 1845 πάντες

1018 1861 1085 1887 Υίέα
1096 1861 1249 1895 τιμήσωσιν
1263 1860 1385 1895 ίσόζυγον
1401 1858 1423 1894 ᾧ
1439 1860 1580 1895 Γενετῆρι.
1736 1864 1742 1870 ’

1018 1903 1070 1932 Οἷά
1081 1914 1111 1932 τε
1123 1905 1278 1932 κυδαίνουσι
1293 1906 1340 1932 καὶ
1351 1905 1516 1940 ὑψιμέδοντα
1529 1904 1631 1940 Τοκῆα.

1018 1951 1049 1978 Et
1062 1951 1091 1978 δέ
1103 1959 1145 1983 τις
1154 1950 1370 1986 ἀλλοπρόσαλλον
1385 1950 1442 1986 ἔχει
1457 1951 1527 1981 νόον,
1542 1950 1602 1976 οὐδὲ
1613 1950 1716 1985 Τοκῆος

1018 1996 1146 2023 Κυδαίνει
1157 1996 1242 2030 Δόγον
1253 1993 1316 2029 Υἴα,
1330 1996 1377 2023 καὶ
1389 1997 1420 2023 οὐ
1430 1995 1568 2030 Γενετῆρα
1579 1994 1712 2030 γεραίρει.

1017 2042 1052 2069 ΞΔ
1068 2043 1214 2078 Μάρτυρον
1227 2041 1415 2078 ἐμπεδόμυθον
1434 2042 1507 2077 ἀμὴν
1524 2041 1599 2078 ἀμὴν
1611 2040 1691 2067 πάλιν
1707 2040 1789 2072 ἔστω,

1019 2088 1114 2119 Ὅστις
1131 2088 1201 2123 ἀνὴρ
1218 2088 1320 2120 δέξοιτο
1336 2088 1397 2114 νόου
1413 2087 1558 2123 πειθήμονι
1575 2086 1668 2122 θεσμῷ

1019 2132 1128 2164 Μύθους
1143 2133 1309 2168 ἡμετέρους,
1323 2137 1371 2160 καὶ
1385 2133 1445 2169 ἐμῷ
1459 2133 1579 2160 πείθοιτο
1588 2131 1684 2166 Τοκῆῖ,

1020 2179 1067 2211 Εἰς
1080 2178 1171 2214 κρίσιν
1185 2179 1336 2215 ἐρχομένην
1351 2179 1402 2206 οὑκ
1414 2179 1534 2215 ἔρχεται,
1551 2177 1608 2205 ἀλλ’
1625 2177 1667 2203 ἐπ’
1681 2176 1791 2212 ἐκείνην

779 2254 920 2282 TEXTUS
939 2253 1205 2282 EVANGELIST/E.

213 2335 249 2363 15
268 2335 402 2370 Ἀπῆλθεν
412 2337 426 2363 6
438 2335 591 2371 ἄνθρωπος.
608 2336 656 2362 καὶ
671 2325 815 2370 ἀνήγγειλε
829 2336 885 2367 τοῖς
901 2335 967 2362 ’ἰου-
982 2337 1004 2364 D
1019 2335 1161 2362 ποιοῦντα’
1175 2334 1193 2361 ἃ
1209 2335 1264 2369 γὰρ
1283 2333 1316 2360 ἂν
1333 2335 1436 2364 ἐκεῖνος
1453 2334 1514 2368 ποιῇ
1527 2352 1535 2365 ,
1550 2332 1637 2359 ταῦτα
1654 2331 1701 2358 καὶ
1713 2331 1728 2356 6
1746 2331 1808 2360 Υἱὸς

178 2377 262 2409 δαίοις
275 2378 316 2404 ὅτι
339 2378 442 2413 Ἰησοῦς
455 2378 529 2404 ἐστιν
540 2379 555 2404 6
568 2378 684 2412 ποιήσας
698 2377 781 2404 αὑτὸν
795 2378 869 2412 ὑγιῆ.

214 2419 248 2446 Ni
273 2419 329 2447 Καὶ
351 2419 396 2446 διὰ
419 2420 497 2447 τοῦτο
520 2419 631 2447 ἐδίωκον
654 2419 700 2445 τὸν
726 2419 830 2454 Ἰησοῦν
854 2419 878 2446 oi
904 2420 970 2446 ’1ου-

179 2460 263 2494 δαῖοι,
293 2461 342 2488 καὶ
371 2461 486 2496 ἐζήτουν
509 2462 591 2488 αὐτὸν
610 2461 791 2494 ἀποκτεῖναι,
818 2460 860 2487 ὅτι
884 2460 972 2487 ταῦτα

180 2500 265 2528 ἐποίει
276 2502 304 2528 ἐν
322 2501 459 2537 σαὸὃάτῳ.

214 2543 247 2570 17
268 2543 297 2570 ’0
323 2543 352 2569 δὲ
375 2543 480 2578 Ἰησοῦς
503 2543 671 2579 ἀπεκρίνατο
697 2544 807 2576 αὐτοῖς’
832 2543 862 2570 '0
877 2543 972 2579 Πατήρ

182 2593 233 2619 μου
246 2584 299 2615 ἕως
312 2584 375 2619 ἄρτι
388 2585 543 2619 ἐργάζεται,
559 2586 637 2620 κάγὼ
651 2585 814 2621 ἐργάζομαι.

217 2626 250 2652 18
268 2625 319 2652 Διὰ
336 2625 415 2651 τοῦτο
439 2624 486 2652 οὖν
513 2626 611 2661 μᾶλλον
625 2627 738 2662 ἐζήτουν
759 2627 840 2653 αὐτὸν
856 2627 881 2654 οἱ
907 2627 971 2653 Ἰου-

179 2668 249 2694 δαῖοι
275 2667 454 2700 ἀποκτεῖναι,
483 2668 524 2693 ὃτι
540 2668 570 2694 οὐ
598 2669 678 2703 μόνον
701 2669 761 2695 ἔλυε
775 2669 805 2695 τὸ
822 2668 969 2702 σάὸὃατον,

181 2709 249 2736 ἀλλὰ
262 2709 309 2736 καὶ
325 2708 434 2744 Πατέρα
456 2709 521 2735 ἴδιον
538 2708 614 2743 ἔλεγε
630 2710 673 2736 τὸν
694 2710 776 2743 Θεὸν,
793 2707 851 2737 ἴσον
874 2710 970 2737 ἑαυτὸν

182 2755 265 2778 ποιῶν
278 2750 316 2785 τῷ
327 2749 398 2785 Θεῷ.

217 2792 251 2819 19
270 2791 450 2828 Ἀπεκρίνατο
472 2789 518 2818 οὖν
534 2793 549 2818 6
571 2792 673 2828 Ἰησοῦς
692 2792 738 2819 καὶ
762 2790 840 2819 εἶπεν
858 2792 970 2824 αὐτοῖς’

187 2833 273 2869 ’Δμὴν
292 2834 366 2870 ἀμὴν
384 2834 456 2868 λέγω
481 2834 563 2869 ύμῖν,
577 2835 606 2861 οὐ
631 2834 739 2861 δύναται
765 2835 780 2860 6
798 2834 862 2865 Υἱὸς
886 2835 972 2860 ποιεῖν

183 2876 226 2910 de”
244 2876 341 2903 ἑαυτοῦ
369 2876 465 2911 οὐδὲν,
486 2877 532 2904 ἐὰν
560 2877 596 2912 μή
626 2885 652 2903 τι
678 2876 763 2912 βλέπῃ
788 2875 834 2902 τὸν
863 2875 971 2910 Πατέρα

1021 2376 1121 2412 ὁμοίως
1137 2377 1220 2403 ποιεῖ.

1056 2418 1091 2445 20
1113 2418 1142 2444 '0
1164 2416 1218 2453 γὰρ
1243 2416 1337 2452 Πατὴρ
1366 2416 1438 2451 φιλεῖ
1465 2416 1510 2442 τὸν
1535 2414 1617 2446 Υίδν,
1646 2413 1694 2439 καὶ
1720 2412 1808 2439 πάντα

1021 2459 1157 2486 δείκνυσιν
1174 2458 1249 2493 αὐτῷ
1266 2458 1284 2485 ἃ
1307 2458 1387 2490 αὐτὸς
1403 2458 1491 2484 ποιεῖ·
1511 2456 1560 2483 κα)⁴
1583 2455 1693 2490 μείζονα
1705 2453 1808 2481 τούτων

1022 2500 1103 2534 δείξει
1120 2499 1195 2536 αὐτῷ
1213 2500 1296 2535 ἔργα,
1314 2499 1359 2526 ἵνα
1369 2500 1448 2534 ὑμεῖς
1460 2496 1630 2532 θαυμάζητε.

1057 2544 1089 2570 21
1110 2543 1215 2578 ’Ὠσπερ
1227 2542 1281 2578 γὰρ
1294 2542 1309 2568 6
1322 2541 1417 2577 Πατὴρ
1431 2539 1531 2574 ἐγείρει
1545 2539 1608 2569 τοὺς
1630 2537 1743 2572 νεκροὺς
1761 2537 1808 2564 καὶ

1023 2585 1160 2616 ζωοποιεῖ,
1174 2584 1245 2610 οὕτω
1259 2584 1307 2610 καὶ
1321 2584 1336 2609 ό
1345 2583 1407 2614 Υίὺς
1420 2581 1467 2613 οὒς
1483 2580 1554 2607 θέλει
1565 2580 1701 2611 ζωοποιεῖ.

1056 2626 1093 2654 2’2
1106 2626 1172 2653 Οὐδὲ
1187 2625 1240 2661 γὰρ
1251 2625 1266 2652 ό
1279 2624 1373 2660 Πατήρ
1387 2623 1473 2659 κρίνει
1489 2622 1594 2654 οὐδένα,
1610 2620 1677 2647 ἀλλὰ
1687 2620 1738 2656 τὴν
1749 2620 1809 2657 κρί-

1024 2676 1064 2695 σιν
1079 2669 1167 2694 πᾶσαν
1186 2667 1285 2693 δέδωκε
1301 2666 1339 2700 τῷ
1352 2664 1420 2699 Υῑῷ.

1058 2710 1093 2737 25
1113 2710 1170 2736 Ἵνα
1192 2709 1292 2739 πάντες
1317 2706 1416 2742 τιμῶσι
1433 2706 1478 2732 τὸν
1494 2704 1573 2736 Υίὸν,
1600 2703 1692 2734 καθὼς
1708 2703 1808 2738 τιμῶσι

1022 2752 1068 2778 τὸν
1078 2752 1195 2786 Πατέρα.
1215 2751 1244 2777 Ὀ
1263 2750 1299 2784 μὴ
1313 2748 1400 2783 τιμῶν
1413 2747 1457 2774 τὸν
1475 2746 1548 2777 Υίὸν,
1563 2745 1594 2772 οὐ
1609 2745 1676 2780 τιμᾷ
1689 2744 1736 2771 τὸν
1751 2745 1808 2771 Πα-

1023 2793 1090 2828 τέρα
1104 2793 1150 2819 τὺν
1164 2791 1309 2826 πέμψαντα
1322 2790 1413 2817 αὐτόν.

1057 2826 1094 2860 ΞΑ
1113 2834 1199 2869 Ἀμὴν
1213 2832 1284 2867 ἀμὴν
1299 2832 1370 2866 λέγω
1393 2831 1456 2866 ὑμῖν
1468 2850 1475 2861 ,
1500 2830 1541 2855 ὅτι
1559 2829 1573 2854 ό
1595 2827 1641 2854 τὸν
1663 2826 1745 2869 λόγον
1756 2834 1808 2869 μου

1024 2866 1207 2909 ἀκούωνίκαὶ
1222 2866 1356 2901 πιστεύων
1373 2871 1412 2907 τῷ
1435 2870 1572 2906 πέμψαντί
1591 2878 1639 2905 με,
1657 2868 1714 2904 ἔχει
1736 2866 1808 2903 ζωήν
