  <div class='ocr_page' id='page_1' title='image "/cluster/home/n/w/nwhite01/storage/ocr_20150623/43/njp.32101007506163/434.png"; bbox 0 0 1953 3040; ppageno 0'>
   <div class='ocr_carea' id='block_1_1' title="bbox 172 161 867 204">
    <p class='ocr_par' dir='ltr' id='par_1_1' title="bbox 172 161 867 204">
     <span class='ocr_line' id='line_1_1' title="bbox 172 161 867 204; baseline -0.007 -10"><span class='ocrx_word' id='word_1_1' title='bbox 172 168 250 204; x_wconf 75' lang='grc' dir='ltr'>Ζωῂν</span> <span class='ocrx_word' id='word_1_2' title='bbox 264 165 429 202; x_wconf 76' lang='grc' dir='ltr'>ἀμϐροσίην,</span> <span class='ocrx_word' id='word_1_3' title='bbox 443 165 491 200; x_wconf 79' lang='grc' dir='ltr'>τὴν</span> <span class='ocrx_word' id='word_1_4' title='bbox 507 164 539 191; x_wconf 73' lang='grc' dir='ltr'>οὺ</span> <span class='ocrx_word' id='word_1_5' title='bbox 550 164 646 200; x_wconf 73' lang='grc' dir='ltr'>χρόνος</span> <span class='ocrx_word' id='word_1_6' title='bbox 665 161 735 190; x_wconf 84' lang='grc' dir='ltr'>οἶδεν</span> <span class='ocrx_word' id='word_1_7' title='bbox 748 163 867 195; x_wconf 79' lang='grc' dir='ltr'>ὀλέσσαι,</span> 
     </span>
    </p>
   </div>
   <div class='ocr_carea' id='block_1_2' title="bbox 171 209 948 246">
    <p class='ocr_par' dir='ltr' id='par_1_2' title="bbox 171 209 948 246">
     <span class='ocr_line' id='line_1_2' title="bbox 171 209 948 246; baseline -0.005 -7"><span class='ocrx_word' id='word_1_8' title='bbox 171 212 275 246; x_wconf 76' lang='grc' dir='ltr'>Ἶξεται</span> <span class='ocrx_word' id='word_1_9' title='bbox 287 213 320 238; x_wconf 82' lang='grc' dir='ltr'>ἐκ</span> <span class='ocrx_word' id='word_1_10' title='bbox 334 211 460 238; x_wconf 81' lang='grc' dir='ltr'>Θανάτοιο</span> <span class='ocrx_word' id='word_1_11' title='bbox 476 210 657 246; x_wconf 76' lang='grc' dir='ltr'>μετάτροπος.</span> <span class='ocrx_word' id='word_1_12' title='bbox 672 210 708 236; x_wconf 70' lang='grc'>25</span> <span class='ocrx_word' id='word_1_13' title='bbox 728 210 873 245; x_wconf 79' lang='grc' dir='ltr'>Ἀπροῖδὴς</span> <span class='ocrx_word' id='word_1_14' title='bbox 893 209 948 244; x_wconf 86' lang='grc' dir='ltr'>γὰρ</span> 
     </span>
    </p>
   </div>
   <div class='ocr_carea' id='block_1_3' title="bbox 173 255 860 291">
    <p class='ocr_par' dir='ltr' id='par_1_3' title="bbox 173 255 860 291">
     <span class='ocr_line' id='line_1_3' title="bbox 173 255 860 291; baseline -0.004 -7"><span class='ocrx_word' id='word_1_15' title='bbox 173 259 252 285; x_wconf 82' lang='grc' dir='ltr'>Μαῖα</span> <span class='ocrx_word' id='word_1_16' title='bbox 264 256 450 291; x_wconf 82' lang='grc' dir='ltr'>παλιγγενέων</span> <span class='ocrx_word' id='word_1_17' title='bbox 471 256 599 291; x_wconf 83' lang='grc' dir='ltr'>μερόπων</span> <span class='ocrx_word' id='word_1_18' title='bbox 626 255 784 287; x_wconf 86' lang='grc' dir='ltr'>νεκυοσσόος</span> <span class='ocrx_word' id='word_1_19' title='bbox 801 255 860 290; x_wconf 82' lang='grc' dir='ltr'>ὥρη</span> 
     </span>
    </p>
   </div>
   <div class='ocr_carea' id='block_1_4' title="bbox 174 300 845 338">
    <p class='ocr_par' dir='ltr' id='par_1_4' title="bbox 174 300 845 338">
     <span class='ocr_line' id='line_1_4' title="bbox 174 300 845 338; baseline -0.007 -7"><span class='ocrx_word' id='word_1_20' title='bbox 174 303 278 336; x_wconf 79' lang='grc' dir='ltr'>Ἲξεται</span> <span class='ocrx_word' id='word_1_21' title='bbox 295 302 476 338; x_wconf 75' lang='grc' dir='ltr'>ὀψιτέλεστος,</span> <span class='ocrx_word' id='word_1_22' title='bbox 491 301 620 332; x_wconf 86' lang='grc' dir='ltr'>ἀναυδέες</span> <span class='ocrx_word' id='word_1_23' title='bbox 636 300 738 327; x_wconf 80' lang='grc' dir='ltr'>ὁππότε</span> <span class='ocrx_word' id='word_1_24' title='bbox 752 300 845 335; x_wconf 81' lang='grc' dir='ltr'>νεκροὶ</span> 
     </span>
    </p>
   </div>
   <div class='ocr_carea' id='block_1_5' title="bbox 174 345 823 382">
    <p class='ocr_par' dir='ltr' id='par_1_5' title="bbox 174 345 823 382">
     <span class='ocr_line' id='line_1_5' title="bbox 174 345 823 382; baseline -0.008 -7"><span class='ocrx_word' id='word_1_25' title='bbox 174 346 258 380; x_wconf 80' lang='grc' dir='ltr'>Δῦτις</span> <span class='ocrx_word' id='word_1_26' title='bbox 270 347 444 382; x_wconf 77' lang='grc' dir='ltr'>ἀναζήσωσιν</span> <span class='ocrx_word' id='word_1_27' title='bbox 461 347 615 382; x_wconf 83' lang='grc' dir='ltr'>ἀνοστήτων</span> <span class='ocrx_word' id='word_1_28' title='bbox 636 345 690 372; x_wconf 81' lang='grc' dir='ltr'>ἀπὸ</span> <span class='ocrx_word' id='word_1_29' title='bbox 705 345 823 376; x_wconf 81' lang='grc' dir='ltr'>κόλπων,</span> 
     </span>
    </p>
   </div>
   <div class='ocr_carea' id='block_1_6' title="bbox 175 390 772 428">
    <p class='ocr_par' dir='ltr' id='par_1_6' title="bbox 175 390 772 428">
     <span class='ocr_line' id='line_1_6' title="bbox 175 390 772 428; baseline -0.007 -7"><span class='ocrx_word' id='word_1_30' title='bbox 175 394 281 425; x_wconf 75' lang='grc' dir='ltr'>Πάντες</span> <span class='ocrx_word' id='word_1_31' title='bbox 295 393 468 428; x_wconf 81' lang='grc' dir='ltr'>ἀλεξιμόροιο</span> <span class='ocrx_word' id='word_1_32' title='bbox 481 392 550 428; x_wconf 74' lang='grc' dir='ltr'>ἐμῆς</span> <span class='ocrx_word' id='word_1_33' title='bbox 566 392 670 423; x_wconf 81' lang='grc' dir='ltr'>ἀΐοντες</span> <span class='ocrx_word' id='word_1_34' title='bbox 687 390 753 426; x_wconf 84' lang='grc' dir='ltr'>ίωῆς</span> <span class='ocrx_word' id='word_1_35' title='bbox 764 410 772 423; x_wconf 90' lang='grc'>,</span> 
     </span>
    </p>
   </div>
   <div class='ocr_carea' id='block_1_7' title="bbox 176 437 736 474">
    <p class='ocr_par' dir='ltr' id='par_1_7' title="bbox 176 437 736 474">
     <span class='ocr_line' id='line_1_7' title="bbox 176 437 736 474; baseline -0.005 -8"><span class='ocrx_word' id='word_1_36' title='bbox 176 439 276 471; x_wconf 72' lang='grc' dir='ltr'>Παιδὸς</span> <span class='ocrx_word' id='word_1_37' title='bbox 289 438 446 474; x_wconf 76' lang='grc' dir='ltr'>τηλυγέτοιο</span> <span class='ocrx_word' id='word_1_38' title='bbox 461 446 493 473; x_wconf 82' lang='grc' dir='ltr'>φε</span> <span class='ocrx_word' id='word_1_39' title='bbox 499 437 609 473; x_wconf 76' lang='grc' dir='ltr'>ροζώοιο</span> <span class='ocrx_word' id='word_1_40' title='bbox 621 437 736 472; x_wconf 85' lang='grc' dir='ltr'>Τοκῆος.</span> 
     </span>
    </p>
   </div>
   <div class='ocr_carea' id='block_1_8' title="bbox 177 480 958 517">
    <p class='ocr_par' dir='ltr' id='par_1_8' title="bbox 177 480 958 517">
     <span class='ocr_line' id='line_1_8' title="bbox 177 480 958 517; baseline 0.005 -13"><span class='ocrx_word' id='word_1_41' title='bbox 177 480 213 506; x_wconf 73' lang='grc'>26</span> <span class='ocrx_word' id='word_1_42' title='bbox 232 480 336 514; x_wconf 80' lang='grc' dir='ltr'>Ὥσπερ</span> <span class='ocrx_word' id='word_1_43' title='bbox 349 482 402 514; x_wconf 69' lang='grc' dir='ltr'>γάρ</span> <span class='ocrx_word' id='word_1_44' title='bbox 417 480 532 514; x_wconf 78' lang='grc' dir='ltr'>Γενέτης</span> <span class='ocrx_word' id='word_1_45' title='bbox 549 481 660 514; x_wconf 80' lang='grc' dir='ltr'>μεθεπει</span> <span class='ocrx_word' id='word_1_46' title='bbox 673 481 840 516; x_wconf 88' lang='grc' dir='ltr'>παμμήτορα</span> <span class='ocrx_word' id='word_1_47' title='bbox 854 485 958 517; x_wconf 80' lang='grc' dir='ltr'>κόσμου</span> 
     </span>
    </p>
   </div>
   <div class='ocr_carea' id='block_1_9' title="bbox 178 521 852 560">
    <p class='ocr_par' dir='ltr' id='par_1_9' title="bbox 178 521 852 560">
     <span class='ocr_line' id='line_1_9' title="bbox 178 521 852 560; baseline 0.003 -11"><span class='ocrx_word' id='word_1_48' title='bbox 178 523 264 557; x_wconf 84' lang='grc' dir='ltr'>Ζωὴν,</span> <span class='ocrx_word' id='word_1_49' title='bbox 279 523 313 560; x_wconf 75' lang='grc' dir='ltr'>ἧς</span> <span class='ocrx_word' id='word_1_50' title='bbox 329 523 382 550; x_wconf 70' lang='grc' dir='ltr'>ἄπο</span> <span class='ocrx_word' id='word_1_51' title='bbox 395 524 461 550; x_wconf 82' lang='grc' dir='ltr'>πᾶσι</span> <span class='ocrx_word' id='word_1_52' title='bbox 478 523 599 558; x_wconf 74' lang='grc' dir='ltr'>βιοσσόον</span> <span class='ocrx_word' id='word_1_53' title='bbox 613 521 706 559; x_wconf 82' lang='grc' dir='ltr'>ἆσθμα</span> <span class='ocrx_word' id='word_1_54' title='bbox 722 524 852 557; x_wconf 82' lang='grc' dir='ltr'>τιταίνει,</span> 
     </span>
    </p>
   </div>
   <div class='ocr_carea' id='block_1_10' title="bbox 179 566 805 603">
    <p class='ocr_par' dir='ltr' id='par_1_10' title="bbox 179 566 805 603">
     <span class='ocr_line' id='line_1_10' title="bbox 179 566 805 603; baseline 0.003 -10"><span class='ocrx_word' id='word_1_55' title='bbox 179 567 256 593; x_wconf 79' lang='grc' dir='ltr'>Οὕτω</span> <span class='ocrx_word' id='word_1_56' title='bbox 268 568 450 602; x_wconf 75' lang='grc' dir='ltr'>παμμεδέοντι</span> <span class='ocrx_word' id='word_1_57' title='bbox 465 568 511 594; x_wconf 74' lang='grc' dir='ltr'>καὶ</span> <span class='ocrx_word' id='word_1_58' title='bbox 525 566 582 594; x_wconf 81' lang='grc' dir='ltr'>Υἱέί</span> <span class='ocrx_word' id='word_1_59' title='bbox 597 567 667 593; x_wconf 77' lang='grc' dir='ltr'>δῶκε</span> <span class='ocrx_word' id='word_1_60' title='bbox 682 567 805 603; x_wconf 79' lang='grc' dir='ltr'>κομίζειν</span> 
     </span>
    </p>
   </div>
   <div class='ocr_carea' id='block_1_11' title="bbox 176 615 846 652">
    <p class='ocr_par' dir='ltr' id='par_1_11' title="bbox 176 615 846 652">
     <span class='ocr_line' id='line_1_11' title="bbox 176 615 846 652; baseline -0.004 -8"><span class='ocrx_word' id='word_1_61' title='bbox 176 616 265 652; x_wconf 80' lang='grc' dir='ltr'>Ζωὴν,</span> <span class='ocrx_word' id='word_1_62' title='bbox 280 616 315 642; x_wconf 77' lang='grc'><strong>27</strong></span> <span class='ocrx_word' id='word_1_63' title='bbox 330 616 378 643; x_wconf 69' lang='grc' dir='ltr'>καὶ</span> <span class='ocrx_word' id='word_1_64' title='bbox 388 615 490 652; x_wconf 80' lang='grc' dir='ltr'>ζαθέην</span> <span class='ocrx_word' id='word_1_65' title='bbox 500 615 632 651; x_wconf 80' lang='grc' dir='ltr'>ὑψίζυγον</span> <span class='ocrx_word' id='word_1_66' title='bbox 642 615 736 644; x_wconf 81' lang='grc' dir='ltr'>ὤπασε</span> <span class='ocrx_word' id='word_1_67' title='bbox 752 615 846 651; x_wconf 84' lang='grc' dir='ltr'>τιμὴν,</span> 
     </span>
    </p>
   </div>
   <div class='ocr_carea' id='block_1_12' title="bbox 176 658 913 698">
    <p class='ocr_par' dir='ltr' id='par_1_12' title="bbox 176 658 913 698">
     <span class='ocr_line' id='line_1_12' title="bbox 176 658 913 698; baseline -0.004 -8"><span class='ocrx_word' id='word_1_68' title='bbox 176 662 232 698; x_wconf 60' lang='grc'><strong>54</strong></span> <span class='ocrx_word' id='word_1_69' title='bbox 247 663 302 690; x_wconf 75' lang='grc' dir='ltr'>Καὶ</span> <span class='ocrx_word' id='word_1_70' title='bbox 320 662 411 697; x_wconf 85' lang='grc' dir='ltr'>κρίσιν</span> <span class='ocrx_word' id='word_1_71' title='bbox 423 658 460 689; x_wconf 80' lang='grc' dir='ltr'>ὧν</span> <span class='ocrx_word' id='word_1_72' title='bbox 472 661 560 690; x_wconf 89' lang='grc' dir='ltr'>ἐθέλει</span> <span class='ocrx_word' id='word_1_73' title='bbox 574 661 677 688; x_wconf 76' lang='grc' dir='ltr'>τελέειν</span> <span class='ocrx_word' id='word_1_74' title='bbox 692 661 795 696; x_wconf 77' lang='grc' dir='ltr'>ίσόζυγι</span> <span class='ocrx_word' id='word_1_75' title='bbox 808 659 913 696; x_wconf 84' lang='grc' dir='ltr'>θεσμῷ,</span> 
     </span>
    </p>
   </div>
   <div class='ocr_carea' id='block_1_13' title="bbox 177 706 837 744">
    <p class='ocr_par' dir='ltr' id='par_1_13' title="bbox 177 706 837 744">
     <span class='ocr_line' id='line_1_13' title="bbox 177 706 837 744; baseline -0.005 -9"><span class='ocrx_word' id='word_1_76' title='bbox 177 707 310 744; x_wconf 83' lang='grc' dir='ltr'>Ὀττιπερ</span> <span class='ocrx_word' id='word_1_77' title='bbox 324 707 479 743; x_wconf 86' lang='grc' dir='ltr'>ἀνθρώποιο</span> <span class='ocrx_word' id='word_1_78' title='bbox 495 708 638 743; x_wconf 77' lang='grc' dir='ltr'>φερέσῦιος</span> <span class='ocrx_word' id='word_1_79' title='bbox 653 707 717 739; x_wconf 79' lang='grc' dir='ltr'>Υἱὸς</span> <span class='ocrx_word' id='word_1_80' title='bbox 732 706 837 734; x_wconf 87' lang='grc' dir='ltr'>ἀκούει.</span> 
     </span>
    </p>
   </div>
   <div class='ocr_carea' id='block_1_14' title="bbox 177 751 968 790">
    <p class='ocr_par' dir='ltr' id='par_1_14' title="bbox 177 751 968 790">
     <span class='ocr_line' id='line_1_14' title="bbox 177 751 968 790; baseline -0.005 -10"><span class='ocrx_word' id='word_1_81' title='bbox 177 754 212 780; x_wconf 76' lang='lat'>28</span> <span class='ocrx_word' id='word_1_82' title='bbox 226 754 281 781; x_wconf 78' lang='grc' dir='ltr'>Καὶ</span> <span class='ocrx_word' id='word_1_83' title='bbox 293 753 331 790; x_wconf 85' lang='grc' dir='ltr'>μὴ</span> <span class='ocrx_word' id='word_1_84' title='bbox 344 753 447 789; x_wconf 79' lang='grc' dir='ltr'>θάμϐος</span> <span class='ocrx_word' id='word_1_85' title='bbox 461 753 560 789; x_wconf 77' lang='grc' dir='ltr'>ἔχοιτε,</span> <span class='ocrx_word' id='word_1_86' title='bbox 572 753 619 781; x_wconf 74' lang='grc' dir='ltr'>καὶ</span> <span class='ocrx_word' id='word_1_87' title='bbox 634 753 728 779; x_wconf 79' lang='grc' dir='ltr'>εἴτινα</span> <span class='ocrx_word' id='word_1_88' title='bbox 741 751 868 779; x_wconf 77' lang='grc' dir='ltr'>θέσκελον</span> <span class='ocrx_word' id='word_1_89' title='bbox 880 751 968 786; x_wconf 73' lang='grc' dir='ltr'>ὀμφὴν</span> 
     </span>
    </p>
   </div>
   <div class='ocr_carea' id='block_1_15' title="bbox 178 797 897 834">
    <p class='ocr_par' dir='ltr' id='par_1_15' title="bbox 178 797 897 834">
     <span class='ocr_line' id='line_1_15' title="bbox 178 797 897 834; baseline -0.003 -8"><span class='ocrx_word' id='word_1_90' title='bbox 178 799 311 826; x_wconf 86' lang='grc' dir='ltr'>Ἔννεπον</span> <span class='ocrx_word' id='word_1_91' title='bbox 328 800 492 834; x_wconf 82' lang='grc' dir='ltr'>ἐσσομένην,</span> <span class='ocrx_word' id='word_1_92' title='bbox 508 799 550 825; x_wconf 78' lang='grc' dir='ltr'>ὅτι</span> <span class='ocrx_word' id='word_1_93' title='bbox 566 798 684 831; x_wconf 85' lang='grc' dir='ltr'>λοίσθιος</span> <span class='ocrx_word' id='word_1_94' title='bbox 697 798 807 833; x_wconf 74' lang='grc' dir='ltr'>ἔρχεται</span> <span class='ocrx_word' id='word_1_95' title='bbox 822 797 897 832; x_wconf 81' lang='grc' dir='ltr'>ὥρη,</span> 
     </span>
    </p>
   </div>
   <div class='ocr_carea' id='block_1_16' title="bbox 177 842 861 880">
    <p class='ocr_par' dir='ltr' id='par_1_16' title="bbox 177 842 861 880">
     <span class='ocr_line' id='line_1_16' title="bbox 177 842 861 880; baseline -0.004 -9"><span class='ocrx_word' id='word_1_96' title='bbox 177 845 233 872; x_wconf 77' lang='grc' dir='ltr'>Καὶ</span> <span class='ocrx_word' id='word_1_97' title='bbox 245 845 293 872; x_wconf 89' lang='grc' dir='ltr'>νῦν</span> <span class='ocrx_word' id='word_1_98' title='bbox 308 844 508 880; x_wconf 73' lang='grc' dir='ltr'>ἀμφιϐέϐηκεν,</span> <span class='ocrx_word' id='word_1_99' title='bbox 524 844 633 876; x_wconf 85' lang='grc' dir='ltr'>ἀολλέες</span> <span class='ocrx_word' id='word_1_100' title='bbox 649 844 752 870; x_wconf 84' lang='grc' dir='ltr'>ὁππότε</span> <span class='ocrx_word' id='word_1_101' title='bbox 770 842 861 878; x_wconf 74' lang='grc' dir='ltr'>νεκροὶ</span> 
     </span>
    </p>
   </div>
   <div class='ocr_carea' id='block_1_17' title="bbox 177 889 816 926">
    <p class='ocr_par' dir='ltr' id='par_1_17' title="bbox 177 889 816 926">
     <span class='ocr_line' id='line_1_17' title="bbox 177 889 816 926; baseline -0.003 -9"><span class='ocrx_word' id='word_1_102' title='bbox 177 891 323 917; x_wconf 87' lang='grc' dir='ltr'>Ζωοτόκων</span> <span class='ocrx_word' id='word_1_103' title='bbox 337 891 442 922; x_wconf 82' lang='grc' dir='ltr'>ἀΐοντες</span> <span class='ocrx_word' id='word_1_104' title='bbox 456 891 611 926; x_wconf 86' lang='grc' dir='ltr'>ὰνοστήτων</span> <span class='ocrx_word' id='word_1_105' title='bbox 625 889 678 916; x_wconf 76' lang='grc' dir='ltr'>ἀπὸ</span> <span class='ocrx_word' id='word_1_106' title='bbox 692 889 723 915; x_wconf 86' lang='grc' dir='ltr'>τύ</span> <span class='ocrx_word' id='word_1_107' title='bbox 728 889 816 924; x_wconf 77' lang='grc' dir='ltr'>μΰων,</span> 
     </span>
    </p>
   </div>
   <div class='ocr_carea' id='block_1_18' title="bbox 177 934 878 972">
    <p class='ocr_par' dir='ltr' id='par_1_18' title="bbox 177 934 878 972">
     <span class='ocr_line' id='line_1_18' title="bbox 177 934 878 972; baseline -0.001 -11"><span class='ocrx_word' id='word_1_108' title='bbox 177 935 296 972; x_wconf 84' lang='grc' dir='ltr'>Χριστοῦ</span> <span class='ocrx_word' id='word_1_109' title='bbox 313 934 510 970; x_wconf 84' lang='grc' dir='ltr'>φθεγγομένοιο</span> <span class='ocrx_word' id='word_1_110' title='bbox 525 935 682 970; x_wconf 80' lang='grc' dir='ltr'>δεδεγμένοι</span> <span class='ocrx_word' id='word_1_111' title='bbox 700 935 791 962; x_wconf 75' lang='grc' dir='ltr'>ἔνθεον</span> <span class='ocrx_word' id='word_1_112' title='bbox 805 934 878 970; x_wconf 76' lang='grc' dir='ltr'>ἠχὼ,</span> 
     </span>
    </p>
   </div>
   <div class='ocr_carea' id='block_1_19' title="bbox 177 980 916 1016">
    <p class='ocr_par' dir='ltr' id='par_1_19' title="bbox 177 980 916 1016">
     <span class='ocr_line' id='line_1_19' title="bbox 177 980 916 1016; baseline -0.001 -9"><span class='ocrx_word' id='word_1_113' title='bbox 177 981 313 1008; x_wconf 83' lang='grc' dir='ltr'>Πάντοθεν</span> <span class='ocrx_word' id='word_1_114' title='bbox 325 981 460 1013; x_wconf 80' lang='grc' dir='ltr'>ἀΐσσουσι,</span> <span class='ocrx_word' id='word_1_115' title='bbox 472 980 507 1009; x_wconf 76' lang='grc'>29</span> <span class='ocrx_word' id='word_1_116' title='bbox 519 981 566 1008; x_wconf 67' lang='grc' dir='ltr'>καὶ⁹</span> <span class='ocrx_word' id='word_1_117' title='bbox 578 980 677 1016; x_wconf 79' lang='grc' dir='ltr'>δψιμος</span> <span class='ocrx_word' id='word_1_118' title='bbox 690 980 770 1011; x_wconf 78' lang='grc' dir='ltr'>ἄλλος</span> <span class='ocrx_word' id='word_1_119' title='bbox 785 981 828 1006; x_wconf 78' lang='grc' dir='ltr'>ἐπ’</span> <span class='ocrx_word' id='word_1_120' title='bbox 843 980 916 1016; x_wconf 75' lang='grc' dir='ltr'>ἄλλῳ</span> 
     </span>
    </p>
   </div>
   <div class='ocr_carea' id='block_1_20' title="bbox 183 1025 833 1062">
    <p class='ocr_par' dir='ltr' id='par_1_20' title="bbox 183 1025 833 1062">
     <span class='ocr_line' id='line_1_20' title="bbox 183 1025 833 1062; baseline 0 -10"><span class='ocrx_word' id='word_1_121' title='bbox 183 1026 296 1062; x_wconf 76' lang='grc' dir='ltr'>’Λρχαίῃ</span> <span class='ocrx_word' id='word_1_122' title='bbox 311 1027 438 1054; x_wconf 82' lang='grc' dir='ltr'>πελάσειε</span> <span class='ocrx_word' id='word_1_123' title='bbox 456 1027 618 1062; x_wconf 84' lang='grc' dir='ltr'>παλιγγενὲς</span> <span class='ocrx_word' id='word_1_124' title='bbox 633 1026 705 1061; x_wconf 79' lang='grc' dir='ltr'>ἴχνος</span> <span class='ocrx_word' id='word_1_125' title='bbox 718 1025 833 1062; x_wconf 77' lang='grc' dir='ltr'>ἀρούρῃο</span> 
     </span>
    </p>
   </div>
   <div class='ocr_carea' id='block_1_21' title="bbox 177 1070 864 1108">
    <p class='ocr_par' dir='ltr' id='par_1_21' title="bbox 177 1070 864 1108">
     <span class='ocr_line' id='line_1_21' title="bbox 177 1070 864 1108; baseline -0.001 -10"><span class='ocrx_word' id='word_1_126' title='bbox 177 1072 210 1099; x_wconf 77' lang='grc' dir='ltr'>Οἱ</span> <span class='ocrx_word' id='word_1_127' title='bbox 228 1073 277 1107; x_wconf 80' lang='grc' dir='ltr'>μὲν</span> <span class='ocrx_word' id='word_1_128' title='bbox 289 1072 487 1104; x_wconf 82' lang='grc' dir='ltr'>ἀεθλεύσαντες</span> <span class='ocrx_word' id='word_1_129' title='bbox 503 1071 636 1108; x_wconf 80' lang='grc' dir='ltr'>ἀμεμφέα</span> <span class='ocrx_word' id='word_1_130' title='bbox 652 1072 746 1098; x_wconf 81' lang='grc' dir='ltr'>πιστὸν</span> <span class='ocrx_word' id='word_1_131' title='bbox 760 1070 864 1105; x_wconf 84' lang='grc' dir='ltr'>ἀγῶνα,</span> 
     </span>
    </p>
   </div>
   <div class='ocr_carea' id='block_1_22' title="bbox 178 1116 864 1153">
    <p class='ocr_par' dir='ltr' id='par_1_22' title="bbox 178 1116 864 1153">
     <span class='ocr_line' id='line_1_22' title="bbox 178 1116 864 1153; baseline -0.003 -9"><span class='ocrx_word' id='word_1_132' title='bbox 178 1117 255 1152; x_wconf 85' lang='grc' dir='ltr'>Ζωῆς</span> <span class='ocrx_word' id='word_1_133' title='bbox 265 1117 405 1153; x_wconf 80' lang='grc' dir='ltr'>ἀθανάτης</span> <span class='ocrx_word' id='word_1_134' title='bbox 420 1118 449 1149; x_wconf 82' lang='grc' dir='ltr'>ἐς</span> <span class='ocrx_word' id='word_1_135' title='bbox 465 1117 613 1144; x_wconf 83' lang='grc' dir='ltr'>ἀνάστασιν</span> <span class='ocrx_word' id='word_1_136' title='bbox 622 1125 630 1132; x_wconf 86' lang='grc'><strong>·</strong></span> <span class='ocrx_word' id='word_1_137' title='bbox 647 1117 673 1143; x_wconf 80' lang='grc' dir='ltr'>οἱ</span> <span class='ocrx_word' id='word_1_138' title='bbox 687 1116 715 1143; x_wconf 82' lang='grc' dir='ltr'>δὲ</span> <span class='ocrx_word' id='word_1_139' title='bbox 729 1116 864 1152; x_wconf 78' lang='grc' dir='ltr'>καμόντες</span> 
     </span>
    </p>
   </div>
   <div class='ocr_carea' id='block_1_23' title="bbox 180 1161 866 1198">
    <p class='ocr_par' dir='ltr' id='par_1_23' title="bbox 180 1161 866 1198">
     <span class='ocr_line' id='line_1_23' title="bbox 180 1161 866 1198; baseline -0.003 -9"><span class='ocrx_word' id='word_1_140' title='bbox 180 1163 268 1198; x_wconf 83' lang='grc' dir='ltr'>Ἔργα</span> <span class='ocrx_word' id='word_1_141' title='bbox 285 1162 469 1194; x_wconf 78' lang='grc' dir='ltr'>πολυπλανέος</span> <span class='ocrx_word' id='word_1_142' title='bbox 483 1163 575 1198; x_wconf 85' lang='grc' dir='ltr'>βιοτῆς</span> <span class='ocrx_word' id='word_1_143' title='bbox 589 1162 746 1198; x_wconf 83' lang='grc' dir='ltr'>ἐτερόφρονι</span> <span class='ocrx_word' id='word_1_144' title='bbox 762 1161 848 1196; x_wconf 83' lang='grc' dir='ltr'>λύσσῃ</span> <span class='ocrx_word' id='word_1_145' title='bbox 858 1181 866 1193; x_wconf 85' lang='grc'>,</span> 
     </span>
    </p>
   </div>
   <div class='ocr_carea' id='block_1_24' title="bbox 177 1206 934 1243">
    <p class='ocr_par' dir='ltr' id='par_1_24' title="bbox 177 1206 934 1243">
     <span class='ocr_line' id='line_1_24' title="bbox 177 1206 934 1243; baseline -0.001 -10"><span class='ocrx_word' id='word_1_146' title='bbox 177 1207 292 1242; x_wconf 81' lang='grc' dir='ltr'>Κρίσιος</span> <span class='ocrx_word' id='word_1_147' title='bbox 305 1207 455 1243; x_wconf 83' lang='grc' dir='ltr'>ἐσσομένης</span> <span class='ocrx_word' id='word_1_148' title='bbox 469 1209 498 1239; x_wconf 89' lang='grc' dir='ltr'>ἐς</span> <span class='ocrx_word' id='word_1_149' title='bbox 512 1207 673 1234; x_wconf 82' lang='grc' dir='ltr'>ἀνάστασιν.</span> <span class='ocrx_word' id='word_1_150' title='bbox 687 1207 720 1234; x_wconf 76' lang='grc'>50</span> <span class='ocrx_word' id='word_1_151' title='bbox 737 1207 870 1242; x_wconf 77' lang='grc' dir='ltr'>Οὐρανίου</span> <span class='ocrx_word' id='word_1_152' title='bbox 885 1206 934 1241; x_wconf 81' lang='grc' dir='ltr'>μὲν</span> 
     </span>
    </p>
   </div>
   <div class='ocr_carea' id='block_1_25' title="bbox 178 1251 914 1288">
    <p class='ocr_par' dir='ltr' id='par_1_25' title="bbox 178 1251 914 1288">
     <span class='ocr_line' id='line_1_25' title="bbox 178 1251 914 1288; baseline -0.003 -9"><span class='ocrx_word' id='word_1_153' title='bbox 178 1253 216 1279; x_wconf 67' lang='lat' dir='ltr'>Oi“:</span> <span class='ocrx_word' id='word_1_154' title='bbox 230 1253 347 1288; x_wconf 88' lang='grc' dir='ltr'>δύναμαι</span> <span class='ocrx_word' id='word_1_155' title='bbox 362 1253 510 1288; x_wconf 79' lang='grc' dir='ltr'>Γενετῆρος</span> <span class='ocrx_word' id='word_1_156' title='bbox 532 1252 688 1287; x_wconf 82' lang='grc' dir='ltr'>ἀπόπροθεν</span> <span class='ocrx_word' id='word_1_157' title='bbox 707 1252 782 1278; x_wconf 76' lang='grc' dir='ltr'>οὐδὲν</span> <span class='ocrx_word' id='word_1_158' title='bbox 799 1251 914 1280; x_wconf 83' lang='grc' dir='ltr'>ἀνύσσαι</span> 
     </span>
    </p>
   </div>
   <div class='ocr_carea' id='block_1_26' title="bbox 178 1297 915 1334">
    <p class='ocr_par' dir='ltr' id='par_1_26' title="bbox 178 1297 915 1334">
     <span class='ocr_line' id='line_1_26' title="bbox 178 1297 915 1334; baseline 0.001 -10"><span class='ocrx_word' id='word_1_159' title='bbox 178 1298 336 1332; x_wconf 76' lang='grc' dir='ltr'>Δύτόματος</span> <span class='ocrx_word' id='word_1_160' title='bbox 346 1317 354 1330; x_wconf 91' lang='grc'>,</span> <span class='ocrx_word' id='word_1_161' title='bbox 375 1298 478 1334; x_wconf 83' lang='grc' dir='ltr'>κρίνειν</span> <span class='ocrx_word' id='word_1_162' title='bbox 494 1298 522 1325; x_wconf 86' lang='grc' dir='ltr'>δὲ</span> <span class='ocrx_word' id='word_1_163' title='bbox 540 1297 691 1334; x_wconf 84' lang='grc' dir='ltr'>δυνήσομαι</span> <span class='ocrx_word' id='word_1_164' title='bbox 706 1297 802 1332; x_wconf 78' lang='grc' dir='ltr'>ὥσπερ</span> <span class='ocrx_word' id='word_1_165' title='bbox 814 1297 915 1325; x_wconf 79' lang='grc' dir='ltr'>ἀκούω.</span> 
     </span>
    </p>
   </div>
   <div class='ocr_carea' id='block_1_27' title="bbox 177 1341 918 1378">
    <p class='ocr_par' dir='ltr' id='par_1_27' title="bbox 177 1341 918 1378">
     <span class='ocr_line' id='line_1_27' title="bbox 177 1341 918 1378; baseline 0.001 -10"><span class='ocrx_word' id='word_1_166' title='bbox 177 1342 326 1378; x_wconf 83' lang='grc' dir='ltr'>Νημερτὴς</span> <span class='ocrx_word' id='word_1_167' title='bbox 337 1342 366 1369; x_wconf 88' lang='grc' dir='ltr'>δέ</span> <span class='ocrx_word' id='word_1_168' title='bbox 382 1342 427 1377; x_wconf 85' lang='grc' dir='ltr'>μοί</span> <span class='ocrx_word' id='word_1_169' title='bbox 439 1343 513 1369; x_wconf 82' lang='grc' dir='ltr'>ἐστιν</span> <span class='ocrx_word' id='word_1_170' title='bbox 527 1343 580 1378; x_wconf 86' lang='grc' dir='ltr'>ἐμὴ</span> <span class='ocrx_word' id='word_1_171' title='bbox 596 1341 702 1377; x_wconf 54' lang='grc' dir='ltr'>κρίσις</span> <span class='ocrx_word' id='word_1_172' title='bbox 720 1341 750 1368; x_wconf 84' lang='grc' dir='ltr'>οὐ</span> <span class='ocrx_word' id='word_1_173' title='bbox 768 1342 821 1378; x_wconf 88' lang='grc' dir='ltr'>γὰρ</span> <span class='ocrx_word' id='word_1_174' title='bbox 833 1342 918 1369; x_wconf 85' lang='grc' dir='ltr'>ἱκάνω</span> 
     </span>
    </p>
   </div>
   <div class='ocr_carea' id='block_1_28' title="bbox 178 1387 845 1423">
    <p class='ocr_par' dir='ltr' id='par_1_28' title="bbox 178 1387 845 1423">
     <span class='ocr_line' id='line_1_28' title="bbox 178 1387 845 1423; baseline 0 -9"><span class='ocrx_word' id='word_1_175' title='bbox 178 1387 266 1419; x_wconf 81' lang='grc' dir='ltr'>Κῦδος</span> <span class='ocrx_word' id='word_1_176' title='bbox 282 1388 349 1423; x_wconf 76' lang='grc' dir='ltr'>ἐμὸν</span> <span class='ocrx_word' id='word_1_177' title='bbox 363 1387 466 1414; x_wconf 77' lang='grc' dir='ltr'>τελέειν</span> <span class='ocrx_word' id='word_1_178' title='bbox 477 1387 632 1423; x_wconf 80' lang='grc' dir='ltr'>διζήμενος.</span> <span class='ocrx_word' id='word_1_179' title='bbox 651 1387 720 1414; x_wconf 84' lang='grc' dir='ltr'>ἀλλὰ</span> <span class='ocrx_word' id='word_1_180' title='bbox 732 1388 845 1423; x_wconf 87' lang='grc' dir='ltr'>Τοκῆος.</span> 
     </span>
    </p>
   </div>
   <div class='ocr_carea' id='block_1_29' title="bbox 178 1431 934 1469">
    <p class='ocr_par' dir='ltr' id='par_1_29' title="bbox 178 1431 934 1469">
     <span class='ocr_line' id='line_1_29' title="bbox 178 1431 934 1469; baseline 0 -10"><span class='ocrx_word' id='word_1_181' title='bbox 178 1433 268 1469; x_wconf 85' lang='grc' dir='ltr'>Τιμὴν</span> <span class='ocrx_word' id='word_1_182' title='bbox 283 1433 420 1468; x_wconf 82' lang='grc' dir='ltr'>ἡμετέρην</span> <span class='ocrx_word' id='word_1_183' title='bbox 438 1433 468 1459; x_wconf 85' lang='grc' dir='ltr'>ού</span> <span class='ocrx_word' id='word_1_184' title='bbox 486 1433 651 1468; x_wconf 80' lang='grc' dir='ltr'>φθέγγομαι.</span> <span class='ocrx_word' id='word_1_185' title='bbox 666 1433 698 1459; x_wconf 81' lang='lat'>&#39;51</span> <span class='ocrx_word' id='word_1_186' title='bbox 720 1433 771 1459; x_wconf 87' lang='grc' dir='ltr'>Ἢν</span> <span class='ocrx_word' id='word_1_187' title='bbox 782 1431 837 1468; x_wconf 88' lang='grc' dir='ltr'>γὰρ</span> <span class='ocrx_word' id='word_1_188' title='bbox 851 1432 934 1467; x_wconf 70' lang='grc' dir='ltr'>ἐνίψω</span> 
     </span>
    </p>
   </div>
   <div class='ocr_carea' id='block_1_30' title="bbox 178 1477 858 1514">
    <p class='ocr_par' dir='ltr' id='par_1_30' title="bbox 178 1477 858 1514">
     <span class='ocr_line' id='line_1_30' title="bbox 178 1477 858 1514; baseline -0.001 -10"><span class='ocrx_word' id='word_1_189' title='bbox 178 1478 340 1514; x_wconf 82' lang='grc' dir='ltr'>Μαρτυρίην</span> <span class='ocrx_word' id='word_1_190' title='bbox 359 1479 427 1514; x_wconf 79' lang='grc' dir='ltr'>ἰδίην</span> <span class='ocrx_word' id='word_1_191' title='bbox 437 1499 444 1512; x_wconf 90' lang='grc'>,</span> <span class='ocrx_word' id='word_1_192' title='bbox 461 1479 492 1505; x_wconf 85' lang='grc' dir='ltr'>οὺ</span> <span class='ocrx_word' id='word_1_193' title='bbox 507 1477 631 1504; x_wconf 80' lang='grc' dir='ltr'>πείθεται</span> <span class='ocrx_word' id='word_1_194' title='bbox 646 1477 724 1509; x_wconf 79' lang='grc' dir='ltr'>ἄλλος</span> <span class='ocrx_word' id='word_1_195' title='bbox 745 1477 858 1504; x_wconf 84' lang='grc' dir='ltr'>ἀκούων.</span> 
     </span>
    </p>
   </div>
   <div class='ocr_carea' id='block_1_31' title="bbox 179 1523 915 1559">
    <p class='ocr_par' dir='ltr' id='par_1_31' title="bbox 179 1523 915 1559">
     <span class='ocr_line' id='line_1_31' title="bbox 179 1523 915 1559; baseline -0.003 -9"><span class='ocrx_word' id='word_1_196' title='bbox 179 1524 218 1550; x_wconf 84' lang='grc' dir='ltr'>Οὐ</span> <span class='ocrx_word' id='word_1_197' title='bbox 230 1523 285 1559; x_wconf 81' lang='grc' dir='ltr'>γὰρ</span> <span class='ocrx_word' id='word_1_198' title='bbox 299 1524 365 1559; x_wconf 74' lang='grc' dir='ltr'>ἐμὸς</span> <span class='ocrx_word' id='word_1_199' title='bbox 379 1523 444 1550; x_wconf 83' lang='grc' dir='ltr'>πέλε</span> <span class='ocrx_word' id='word_1_200' title='bbox 460 1523 545 1559; x_wconf 83' lang='grc' dir='ltr'>μῦθος</span> <span class='ocrx_word' id='word_1_201' title='bbox 559 1524 695 1559; x_wconf 77' lang='grc' dir='ltr'>ἐτήτυμος</span> <span class='ocrx_word' id='word_1_202' title='bbox 707 1542 716 1555; x_wconf 83' lang='lat'>,</span> <span class='ocrx_word' id='word_1_203' title='bbox 730 1523 817 1559; x_wconf 76' lang='grc' dir='ltr'>ἥνπερ</span> <span class='ocrx_word' id='word_1_204' title='bbox 832 1523 915 1556; x_wconf 63' lang='grc' dir='ltr'>ἐνίψω</span> 
     </span>
    </p>
   </div>
   <div class='ocr_carea' id='block_1_32' title="bbox 178 1568 905 1606">
    <p class='ocr_par' dir='ltr' id='par_1_32' title="bbox 178 1568 905 1606">
     <span class='ocr_line' id='line_1_32' title="bbox 178 1568 905 1606; baseline -0.003 -9"><span class='ocrx_word' id='word_1_205' title='bbox 178 1570 341 1606; x_wconf 85' lang='grc' dir='ltr'>Μαρτυρίην</span> <span class='ocrx_word' id='word_1_206' title='bbox 359 1569 427 1605; x_wconf 80' lang='grc' dir='ltr'>ἰδίην</span> <span class='ocrx_word' id='word_1_207' title='bbox 441 1569 596 1606; x_wconf 84' lang='grc' dir='ltr'>αὑτόθροον.</span> <span class='ocrx_word' id='word_1_208' title='bbox 615 1569 651 1596; x_wconf 68' lang='grc'>52</span> <span class='ocrx_word' id='word_1_209' title='bbox 671 1569 753 1604; x_wconf 75' lang='grc' dir='ltr'>’Δμφ’</span> <span class='ocrx_word' id='word_1_210' title='bbox 765 1568 862 1604; x_wconf 81' lang='grc' dir='ltr'>ἐμέθεν</span> <span class='ocrx_word' id='word_1_211' title='bbox 876 1569 905 1595; x_wconf 74' lang='grc' dir='ltr'>δὲ</span> 
     </span>
    </p>
   </div>
   <div class='ocr_carea' id='block_1_33' title="bbox 181 1612 968 1650">
    <p class='ocr_par' dir='ltr' id='par_1_33' title="bbox 181 1612 968 1650">
     <span class='ocr_line' id='line_1_33' title="bbox 181 1612 968 1650; baseline 0 -10"><span class='ocrx_word' id='word_1_212' title='bbox 181 1614 278 1645; x_wconf 73' lang='grc' dir='ltr'>Ἄλλος</span> <span class='ocrx_word' id='word_1_213' title='bbox 293 1614 363 1650; x_wconf 80' lang='grc' dir='ltr'>ἀνὴρ</span> <span class='ocrx_word' id='word_1_214' title='bbox 386 1615 451 1641; x_wconf 83' lang='grc' dir='ltr'>πέλε</span> <span class='ocrx_word' id='word_1_215' title='bbox 466 1615 571 1650; x_wconf 82' lang='grc' dir='ltr'>μάρτυς</span> <span class='ocrx_word' id='word_1_216' title='bbox 582 1614 715 1650; x_wconf 86' lang='grc' dir='ltr'>ἐπάρκιος</span> <span class='ocrx_word' id='word_1_217' title='bbox 725 1621 732 1628; x_wconf 79' lang='lat'>&#39;</span> <span class='ocrx_word' id='word_1_218' title='bbox 751 1612 810 1640; x_wconf 77' lang='grc' dir='ltr'>οἶδα</span> <span class='ocrx_word' id='word_1_219' title='bbox 823 1614 845 1640; x_wconf 82' lang='grc' dir='ltr'>δ’</span> <span class='ocrx_word' id='word_1_220' title='bbox 864 1614 968 1640; x_wconf 83' lang='grc' dir='ltr'>ἐκείνου</span> 
     </span>
    </p>
   </div>
   <div class='ocr_carea' id='block_1_34' title="bbox 180 1658 935 1695">
    <p class='ocr_par' dir='ltr' id='par_1_34' title="bbox 180 1658 935 1695">
     <span class='ocr_line' id='line_1_34' title="bbox 180 1658 935 1695; baseline -0.001 -9"><span class='ocrx_word' id='word_1_221' title='bbox 180 1659 283 1695; x_wconf 85' lang='grc' dir='ltr'>Πιστὴν</span> <span class='ocrx_word' id='word_1_222' title='bbox 301 1660 455 1695; x_wconf 84' lang='grc' dir='ltr'>μαρτυρίην</span> <span class='ocrx_word' id='word_1_223' title='bbox 470 1660 518 1686; x_wconf 80' lang='grc' dir='ltr'>καὶ</span> <span class='ocrx_word' id='word_1_224' title='bbox 534 1660 679 1695; x_wconf 82' lang='grc' dir='ltr'>ἐτήτυμον.</span> <span class='ocrx_word' id='word_1_225' title='bbox 699 1659 733 1686; x_wconf 76' lang='grc'><strong>55</strong></span> <span class='ocrx_word' id='word_1_226' title='bbox 750 1659 893 1694; x_wconf 87' lang='grc' dir='ltr'>Εἰρόμενοι</span> <span class='ocrx_word' id='word_1_227' title='bbox 906 1658 935 1685; x_wconf 80' lang='grc' dir='ltr'>δὲ</span> 
     </span>
    </p>
   </div>
   <div class='ocr_carea' id='block_1_35' title="bbox 185 1702 842 1738">
    <p class='ocr_par' dir='ltr' id='par_1_35' title="bbox 185 1702 842 1738">
     <span class='ocr_line' id='line_1_35' title="bbox 185 1702 842 1738; baseline 0.002 -10"><span class='ocrx_word' id='word_1_228' title='bbox 185 1702 280 1736; x_wconf 77' lang='grc' dir='ltr'>Ἀγνὺν</span> <span class='ocrx_word' id='word_1_229' title='bbox 300 1703 427 1738; x_wconf 79' lang='grc' dir='ltr'>Ἰωάννην</span> <span class='ocrx_word' id='word_1_230' title='bbox 442 1703 618 1738; x_wconf 83' lang='grc' dir='ltr'>θεοδέγμονος</span> <span class='ocrx_word' id='word_1_231' title='bbox 628 1703 725 1738; x_wconf 71' lang='grc' dir='ltr'>ἔγκυον</span> <span class='ocrx_word' id='word_1_232' title='bbox 739 1703 842 1738; x_wconf 80' lang='grc' dir='ltr'>ὀμφῆς,</span> 
     </span>
    </p>
   </div>
   <div class='ocr_carea' id='block_1_36' title="bbox 186 1747 826 1784">
    <p class='ocr_par' dir='ltr' id='par_1_36' title="bbox 186 1747 826 1784">
     <span class='ocr_line' id='line_1_36' title="bbox 186 1747 826 1784; baseline 0 -10"><span class='ocrx_word' id='word_1_233' title='bbox 186 1747 280 1783; x_wconf 83' lang='grc' dir='ltr'>Ὑμεῖς</span> <span class='ocrx_word' id='word_1_234' title='bbox 297 1748 482 1784; x_wconf 83' lang='grc' dir='ltr'>οὐρεσίφοιτον</span> <span class='ocrx_word' id='word_1_235' title='bbox 498 1749 642 1784; x_wconf 74' lang='grc' dir='ltr'>ἐπέμψατε</span> <span class='ocrx_word' id='word_1_236' title='bbox 655 1748 720 1776; x_wconf 86' lang='grc' dir='ltr'>λαὸν</span> <span class='ocrx_word' id='word_1_237' title='bbox 735 1748 826 1784; x_wconf 79' lang='grc' dir='ltr'>ὁδιτην</span> 
     </span>
    </p>
   </div>
   <div class='ocr_carea' id='block_1_37' title="bbox 188 1792 938 1829">
    <p class='ocr_par' dir='ltr' id='par_1_37' title="bbox 188 1792 938 1829">
     <span class='ocr_line' id='line_1_37' title="bbox 188 1792 938 1829; baseline 0 -10"><span class='ocrx_word' id='word_1_238' title='bbox 188 1793 303 1829; x_wconf 83' lang='grc' dir='ltr'>Ἀνδρῶν</span> <span class='ocrx_word' id='word_1_239' title='bbox 319 1794 490 1829; x_wconf 82' lang='grc' dir='ltr'>μυστιπόλων</span> <span class='ocrx_word' id='word_1_240' title='bbox 500 1803 506 1810; x_wconf 85' lang='lat'><strong>&#39;</strong></span> <span class='ocrx_word' id='word_1_241' title='bbox 521 1795 568 1822; x_wconf 78' lang='grc' dir='ltr'>καὶ</span> <span class='ocrx_word' id='word_1_242' title='bbox 582 1794 713 1829; x_wconf 82' lang='grc' dir='ltr'>ἀμεμφέα</span> <span class='ocrx_word' id='word_1_243' title='bbox 727 1793 854 1825; x_wconf 80' lang='grc' dir='ltr'>θέσκελος</span> <span class='ocrx_word' id='word_1_244' title='bbox 869 1792 938 1828; x_wconf 79' lang='grc' dir='ltr'>ἀνὴρ</span> 
     </span>
    </p>
   </div>
   <div class='ocr_carea' id='block_1_38' title="bbox 182 1838 828 1875">
    <p class='ocr_par' dir='ltr' id='par_1_38' title="bbox 182 1838 828 1875">
     <span class='ocr_line' id='line_1_38' title="bbox 182 1838 828 1875; baseline -0.002 -10"><span class='ocrx_word' id='word_1_245' title='bbox 182 1838 271 1866; x_wconf 79' lang='grc' dir='ltr'>Μῦθον</span> <span class='ocrx_word' id='word_1_246' title='bbox 284 1839 414 1875; x_wconf 84' lang='grc' dir='ltr'>ἀληθείης</span> <span class='ocrx_word' id='word_1_247' title='bbox 427 1839 520 1875; x_wconf 84' lang='grc' dir='ltr'>ἀλύτῳ</span> <span class='ocrx_word' id='word_1_248' title='bbox 537 1840 725 1875; x_wconf 80' lang='grc' dir='ltr'>σφρηγίσσατο</span> <span class='ocrx_word' id='word_1_249' title='bbox 739 1838 828 1874; x_wconf 83' lang='grc' dir='ltr'>μύθῳ,</span> 
     </span>
    </p>
   </div>
   <div class='ocr_carea' id='block_1_39' title="bbox 182 1884 973 1921">
    <p class='ocr_par' dir='ltr' id='par_1_39' title="bbox 182 1884 973 1921">
     <span class='ocr_line' id='line_1_39' title="bbox 182 1884 973 1921; baseline 0.001 -10"><span class='ocrx_word' id='word_1_250' title='bbox 182 1885 328 1920; x_wconf 82' lang='grc' dir='ltr'>Μάρτυρος</span> <span class='ocrx_word' id='word_1_251' title='bbox 337 1885 534 1921; x_wconf 83' lang='grc' dir='ltr'>ἐμπεδόμυθος.</span> <span class='ocrx_word' id='word_1_252' title='bbox 546 1886 581 1912; x_wconf 73' lang='grc'>54</span> <span class='ocrx_word' id='word_1_253' title='bbox 592 1884 764 1920; x_wconf 82' lang='grc' dir='ltr'>Ἐπιχθονίης</span> <span class='ocrx_word' id='word_1_254' title='bbox 774 1885 796 1911; x_wconf 84' lang='grc' dir='ltr'>δ’</span> <span class='ocrx_word' id='word_1_255' title='bbox 811 1885 865 1912; x_wconf 75' lang='grc' dir='ltr'>ἀπὸ</span> <span class='ocrx_word' id='word_1_256' title='bbox 881 1885 973 1921; x_wconf 86' lang='grc' dir='ltr'>φωνῆς</span> 
     </span>
    </p>
   </div>
   <div class='ocr_carea' id='block_1_40' title="bbox 182 1930 926 1966">
    <p class='ocr_par' dir='ltr' id='par_1_40' title="bbox 182 1930 926 1966">
     <span class='ocr_line' id='line_1_40' title="bbox 182 1930 926 1966; baseline 0.001 -10"><span class='ocrx_word' id='word_1_257' title='bbox 182 1930 343 1966; x_wconf 83' lang='grc' dir='ltr'>Μαρτυρίην</span> <span class='ocrx_word' id='word_1_258' title='bbox 362 1931 489 1966; x_wconf 85' lang='grc' dir='ltr'>μερόπων</span> <span class='ocrx_word' id='word_1_259' title='bbox 500 1931 531 1958; x_wconf 87' lang='grc' dir='ltr'>ού</span> <span class='ocrx_word' id='word_1_260' title='bbox 546 1930 677 1966; x_wconf 82' lang='grc' dir='ltr'>δέχνυμαι</span> <span class='ocrx_word' id='word_1_261' title='bbox 687 1949 695 1962; x_wconf 84' lang='grc'>,</span> <span class='ocrx_word' id='word_1_262' title='bbox 710 1930 778 1957; x_wconf 80' lang='grc' dir='ltr'>ἀλλὰ</span> <span class='ocrx_word' id='word_1_263' title='bbox 793 1930 926 1957; x_wconf 78' lang='grc' dir='ltr'>διδάσκων</span> 
     </span>
    </p>
   </div>
   <div class='ocr_carea' id='block_1_41' title="bbox 188 1975 975 2012">
    <p class='ocr_par' dir='ltr' id='par_1_41' title="bbox 188 1975 975 2012">
     <span class='ocr_line' id='line_1_41' title="bbox 188 1975 975 2012; baseline 0.003 -10"><span class='ocrx_word' id='word_1_264' title='bbox 188 1976 330 2012; x_wconf 77' lang='grc' dir='ltr'>Ἐϐραίους</span> <span class='ocrx_word' id='word_1_265' title='bbox 340 1998 348 2011; x_wconf 87' lang='grc'><strong><em>,</em></strong></span> <span class='ocrx_word' id='word_1_266' title='bbox 364 1977 428 2003; x_wconf 86' lang='grc' dir='ltr'>τάδε</span> <span class='ocrx_word' id='word_1_267' title='bbox 449 1977 538 2004; x_wconf 80' lang='grc' dir='ltr'>πάντα</span> <span class='ocrx_word' id='word_1_268' title='bbox 553 1976 731 2012; x_wconf 84' lang='grc' dir='ltr'>μετέρχομαι,</span> <span class='ocrx_word' id='word_1_269' title='bbox 747 1975 819 2011; x_wconf 77' lang='grc' dir='ltr'>ὄφρα</span> <span class='ocrx_word' id='word_1_270' title='bbox 840 1976 975 2012; x_wconf 83' lang='grc' dir='ltr'>μαθόντας</span> 
     </span>
    </p>
   </div>
   <div class='ocr_carea' id='block_1_42' title="bbox 189 2020 849 2057">
    <p class='ocr_par' dir='ltr' id='par_1_42' title="bbox 189 2020 849 2057">
     <span class='ocr_line' id='line_1_42' title="bbox 189 2020 849 2057; baseline 0.003 -11"><span class='ocrx_word' id='word_1_271' title='bbox 189 2020 289 2056; x_wconf 78' lang='grc' dir='ltr'>Ὑμέας</span> <span class='ocrx_word' id='word_1_272' title='bbox 300 2023 342 2049; x_wconf 83' lang='grc' dir='ltr'>είν</span> <span class='ocrx_word' id='word_1_273' title='bbox 358 2022 399 2048; x_wconf 84' lang='grc' dir='ltr'>ἐνί</span> <span class='ocrx_word' id='word_1_274' title='bbox 411 2023 515 2054; x_wconf 80' lang='grc' dir='ltr'>πάντας</span> <span class='ocrx_word' id='word_1_275' title='bbox 528 2023 604 2057; x_wconf 85' lang='grc' dir='ltr'>ἐμοῖς</span> <span class='ocrx_word' id='word_1_276' title='bbox 615 2021 726 2048; x_wconf 77' lang='grc' dir='ltr'>ἐπέεσσι</span> <span class='ocrx_word' id='word_1_277' title='bbox 741 2020 849 2048; x_wconf 85' lang='grc' dir='ltr'>σαώσω.</span> 
     </span>
    </p>
   </div>
   <div class='ocr_carea' id='block_1_43' title="bbox 183 2066 902 2103">
    <p class='ocr_par' dir='ltr' id='par_1_43' title="bbox 183 2066 902 2103">
     <span class='ocr_line' id='line_1_43' title="bbox 183 2066 902 2103; baseline 0.003 -11"><span class='ocrx_word' id='word_1_278' title='bbox 235 2067 330 2099; x_wconf 80' lang='grc' dir='ltr'>Κεῖνος</span> <span class='ocrx_word' id='word_1_279' title='bbox 350 2068 478 2103; x_wconf 84' lang='grc' dir='ltr'>Ἰωάννης</span> <span class='ocrx_word' id='word_1_280' title='bbox 499 2068 610 2103; x_wconf 78' lang='grc' dir='ltr'>νοεροὺς</span> <span class='ocrx_word' id='word_1_281' title='bbox 624 2067 778 2103; x_wconf 85' lang='grc' dir='ltr'>σπινθῆρας</span> <span class='ocrx_word' id='word_1_282' title='bbox 796 2067 902 2101; x_wconf 82' lang='grc' dir='ltr'>ἱάλλων,</span> 
     </span>
    </p>
   </div>
   <div class='ocr_carea' id='block_1_44' title="bbox 183 2110 919 2150">
    <p class='ocr_par' dir='ltr' id='par_1_44' title="bbox 183 2110 919 2150">
     <span class='ocr_line' id='line_1_44' title="bbox 183 2110 919 2150; baseline 0.003 -11"><span class='ocrx_word' id='word_1_283' title='bbox 183 2110 318 2149; x_wconf 74' lang='grc' dir='ltr'>Εὐσεϐίης</span> <span class='ocrx_word' id='word_1_284' title='bbox 332 2113 397 2140; x_wconf 87' lang='grc' dir='ltr'>πέλε</span> <span class='ocrx_word' id='word_1_285' title='bbox 415 2113 511 2149; x_wconf 85' lang='grc' dir='ltr'>λύχνος</span> <span class='ocrx_word' id='word_1_286' title='bbox 526 2113 661 2150; x_wconf 83' lang='grc' dir='ltr'>ἐτήτυμος</span> <span class='ocrx_word' id='word_1_287' title='bbox 675 2113 787 2149; x_wconf 84' lang='grc' dir='ltr'>ἀνδράσι</span> <span class='ocrx_word' id='word_1_288' title='bbox 798 2114 901 2148; x_wconf 85' lang='grc' dir='ltr'>φαίνων</span> <span class='ocrx_word' id='word_1_289' title='bbox 912 2122 919 2129; x_wconf 88' lang='grc'><strong>·</strong></span> 
     </span>
    </p>
   </div>
   <div class='ocr_carea' id='block_1_45' title="bbox 663 103 1344 141">
    <p class='ocr_par' dir='ltr' id='par_1_45' title="bbox 663 103 1344 141">
     <span class='ocr_line' id='line_1_45' title="bbox 663 103 1344 141; baseline -0.004 -7"><span class='ocrx_word' id='word_1_290' title='bbox 663 106 906 141; x_wconf 67' lang='grc' dir='ltr'>ΡΑΗΑΡΙΙῌΑΞΙΒ</span> <span class='ocrx_word' id='word_1_291' title='bbox 923 105 955 134; x_wconf 88' lang='lat' dir='ltr'>IN</span> <span class='ocrx_word' id='word_1_292' title='bbox 974 105 1144 133; x_wconf 74' lang='lat' dir='ltr'>JOANNEM.</span> <span class='ocrx_word' id='word_1_293' title='bbox 1165 121 1199 125; x_wconf 89' lang='lat'><strong>—</strong></span> <span class='ocrx_word' id='word_1_294' title='bbox 1217 105 1293 132; x_wconf 79' lang='lat' dir='ltr'>CAP.</span> <span class='ocrx_word' id='word_1_295' title='bbox 1313 103 1344 131; x_wconf 92' lang='lat' dir='ltr'><strong>V.</strong></span> 
     </span>
    </p>
   </div>
   <div class='ocr_carea' id='block_1_46' title="bbox 978 157 1804 196">
    <p class='ocr_par' dir='ltr' id='par_1_46' title="bbox 978 157 1804 196">
     <span class='ocr_line' id='line_1_46' title="bbox 978 157 1804 196; baseline -0.002 -8"><span class='ocrx_word' id='word_1_296' title='bbox 978 169 1001 195; x_wconf 77' lang='grc' dir='ltr'>Α</span> <span class='ocrx_word' id='word_1_297' title='bbox 1017 168 1099 196; x_wconf 85' lang='lat' dir='ltr'><strong>quam</strong></span> <span class='ocrx_word' id='word_1_298' title='bbox 1126 164 1234 196; x_wconf 81' lang='lat' dir='ltr'>tempus</span> <span class='ocrx_word' id='word_1_299' title='bbox 1258 168 1313 186; x_wconf 92' lang='lat' dir='ltr'>non</span> <span class='ocrx_word' id='word_1_300' title='bbox 1331 159 1405 186; x_wconf 92' lang='lat' dir='ltr'><strong>novit</strong></span> <span class='ocrx_word' id='word_1_301' title='bbox 1420 159 1544 195; x_wconf 85' lang='lat' dir='ltr'><strong>perdere,</strong></span> <span class='ocrx_word' id='word_1_302' title='bbox 1561 157 1657 185; x_wconf 80' lang='lat' dir='ltr'><strong>Veniet</strong></span> <span class='ocrx_word' id='word_1_303' title='bbox 1670 165 1702 184; x_wconf 83' lang='lat' dir='ltr'><strong>ex</strong></span> <span class='ocrx_word' id='word_1_304' title='bbox 1717 162 1804 186; x_wconf 70' lang='lat' dir='ltr'><strong>morte</strong></span> 
     </span>
    </p>
   </div>
   <div class='ocr_carea' id='block_1_47' title="bbox 1751 102 1802 130">
    <p class='ocr_par' dir='ltr' id='par_1_47' title="bbox 1751 102 1802 130">
     <span class='ocr_line' id='line_1_47' title="bbox 1751 102 1802 130; baseline -0.02 -1"><span class='ocrx_word' id='word_1_305' title='bbox 1751 102 1802 130; x_wconf 72' lang='grc'>’10)</span> 
     </span>
    </p>
   </div>
   <div class='ocr_carea' id='block_1_48' title="bbox 1017 204 1806 240">
    <p class='ocr_par' dir='ltr' id='par_1_48' title="bbox 1017 204 1806 240">
     <span class='ocr_line' id='line_1_48' title="bbox 1017 204 1806 240; baseline -0.005 -6"><span class='ocrx_word' id='word_1_306' title='bbox 1017 214 1153 235; x_wconf 80' lang='lat' dir='ltr'>reversus.</span> <span class='ocrx_word' id='word_1_307' title='bbox 1179 206 1214 232; x_wconf 74' lang='grc'>25</span> <span class='ocrx_word' id='word_1_308' title='bbox 1229 205 1380 240; x_wconf 86' lang='lat' dir='ltr'><strong>lmprovisa</strong></span> <span class='ocrx_word' id='word_1_309' title='bbox 1404 206 1476 233; x_wconf 89' lang='lat' dir='ltr'><strong>enim</strong></span> <span class='ocrx_word' id='word_1_310' title='bbox 1495 204 1634 232; x_wconf 78' lang='lat' dir='ltr'><strong>Obstetrix</strong></span> <span class='ocrx_word' id='word_1_311' title='bbox 1657 210 1806 231; x_wconf 79' lang='lat' dir='ltr'><strong>renascen—</strong></span> 
     </span>
    </p>
   </div>
   <div class='ocr_carea' id='block_1_49' title="bbox 1017 249 1805 280">
    <p class='ocr_par' dir='ltr' id='par_1_49' title="bbox 1017 249 1805 280">
     <span class='ocr_line' id='line_1_49' title="bbox 1017 249 1805 280; baseline -0.003 0"><span class='ocrx_word' id='word_1_312' title='bbox 1017 254 1084 280; x_wconf 89' lang='lat' dir='ltr'><strong>lium</strong></span> <span class='ocrx_word' id='word_1_313' title='bbox 1102 252 1244 280; x_wconf 89' lang='lat' dir='ltr'><strong>hominum</strong></span> <span class='ocrx_word' id='word_1_314' title='bbox 1254 255 1378 279; x_wconf 88' lang='lat' dir='ltr'><strong>mortuos</strong></span> <span class='ocrx_word' id='word_1_315' title='bbox 1395 251 1533 279; x_wconf 78' lang='lat' dir='ltr'>suscitans</span> <span class='ocrx_word' id='word_1_316' title='bbox 1545 251 1611 278; x_wconf 89' lang='lat' dir='ltr'><strong>hora</strong></span> <span class='ocrx_word' id='word_1_317' title='bbox 1631 249 1727 277; x_wconf 87' lang='lat' dir='ltr'><strong>Veniet</strong></span> <span class='ocrx_word' id='word_1_318' title='bbox 1742 257 1805 278; x_wconf 86' lang='lat' dir='ltr'><strong>sero</strong></span> 
     </span>
    </p>
   </div>
   <div class='ocr_carea' id='block_1_50' title="bbox 1016 296 1806 333">
    <p class='ocr_par' dir='ltr' id='par_1_50' title="bbox 1016 296 1806 333">
     <span class='ocr_line' id='line_1_50' title="bbox 1016 296 1806 333; baseline -0.004 -8"><span class='ocrx_word' id='word_1_319' title='bbox 1016 298 1150 333; x_wconf 79' lang='lat' dir='ltr'><strong>perfecta,</strong></span> <span class='ocrx_word' id='word_1_320' title='bbox 1171 297 1239 324; x_wconf 90' lang='lat' dir='ltr'><strong>muti</strong></span> <span class='ocrx_word' id='word_1_321' title='bbox 1257 297 1367 332; x_wconf 81' lang='lat' dir='ltr'><strong>quando</strong></span> <span class='ocrx_word' id='word_1_322' title='bbox 1389 296 1491 324; x_wconf 91' lang='lat' dir='ltr'><strong>mortui</strong></span> <span class='ocrx_word' id='word_1_323' title='bbox 1511 296 1617 324; x_wconf 77' lang='lat' dir='ltr'><strong>Rursus</strong></span> <span class='ocrx_word' id='word_1_324' title='bbox 1641 296 1806 323; x_wconf 85' lang='lat' dir='ltr'><strong>reviviscent</strong></span> 
     </span>
    </p>
   </div>
   <div class='ocr_carea' id='block_1_51' title="bbox 1017 337 1806 379">
    <p class='ocr_par' dir='ltr' id='par_1_51' title="bbox 1017 337 1806 379">
     <span class='ocr_line' id='line_1_51' title="bbox 1017 337 1806 379; baseline -0.006 -7"><span class='ocrx_word' id='word_1_325' title='bbox 1017 345 1121 372; x_wconf 85' lang='lat' dir='ltr'><strong>reditus</strong></span> <span class='ocrx_word' id='word_1_326' title='bbox 1134 344 1293 379; x_wconf 77' lang='lat' dir='ltr'><strong>expertibus</strong></span> <span class='ocrx_word' id='word_1_327' title='bbox 1306 351 1322 370; x_wconf 88' lang='lat' dir='ltr'>e</span> <span class='ocrx_word' id='word_1_328' title='bbox 1332 343 1450 374; x_wconf 85' lang='lat' dir='ltr'><strong>sinibus,</strong></span> <span class='ocrx_word' id='word_1_329' title='bbox 1463 341 1564 368; x_wconf 83' lang='lat' dir='ltr'>Omnes</span> <span class='ocrx_word' id='word_1_330' title='bbox 1578 347 1690 367; x_wconf 82' lang='lat' dir='ltr'><strong>mortem</strong></span> <span class='ocrx_word' id='word_1_331' title='bbox 1700 337 1806 375; x_wconf 86' lang='lat' dir='ltr'><strong>pellen-</strong></span> 
     </span>
    </p>
   </div>
   <div class='ocr_carea' id='block_1_52' title="bbox 1017 386 1804 420">
    <p class='ocr_par' dir='ltr' id='par_1_52' title="bbox 1017 386 1804 420">
     <span class='ocr_line' id='line_1_52' title="bbox 1017 386 1804 420; baseline -0.005 -4"><span class='ocrx_word' id='word_1_332' title='bbox 1017 394 1070 416; x_wconf 90' lang='lat' dir='ltr'>tem</span> <span class='ocrx_word' id='word_1_333' title='bbox 1085 397 1171 417; x_wconf 90' lang='lat' dir='ltr'><strong>meam</strong></span> <span class='ocrx_word' id='word_1_334' title='bbox 1188 389 1330 417; x_wconf 77' lang='lat' dir='ltr'><strong>audientes</strong></span> <span class='ocrx_word' id='word_1_335' title='bbox 1341 395 1446 420; x_wconf 84' lang='lat' dir='ltr'><strong>v0cem,</strong></span> <span class='ocrx_word' id='word_1_336' title='bbox 1455 387 1516 414; x_wconf 81' lang='lat' dir='ltr'><strong>Filii</strong></span> <span class='ocrx_word' id='word_1_337' title='bbox 1530 386 1610 413; x_wconf 83' lang='lat' dir='ltr'><strong>unice</strong></span> <span class='ocrx_word' id='word_1_338' title='bbox 1620 386 1711 413; x_wconf 94' lang='lat' dir='ltr'><strong>dilecti</strong></span> <span class='ocrx_word' id='word_1_339' title='bbox 1721 386 1804 413; x_wconf 82' lang='lat' dir='ltr'><strong>vitam</strong></span> 
     </span>
    </p>
   </div>
   <div class='ocr_carea' id='block_1_53' title="bbox 1017 432 1805 464">
    <p class='ocr_par' dir='ltr' id='par_1_53' title="bbox 1017 432 1805 464">
     <span class='ocr_line' id='line_1_53' title="bbox 1017 432 1805 464; baseline -0.005 -2"><span class='ocrx_word' id='word_1_340' title='bbox 1017 436 1129 463; x_wconf 79' lang='lat' dir='ltr'><strong>ferentis</strong></span> <span class='ocrx_word' id='word_1_341' title='bbox 1145 435 1246 463; x_wconf 89' lang='lat' dir='ltr'><strong>Patris.</strong></span> <span class='ocrx_word' id='word_1_342' title='bbox 1262 435 1297 464; x_wconf 72' lang='lat'><strong>26</strong></span> <span class='ocrx_word' id='word_1_343' title='bbox 1312 434 1389 462; x_wconf 89' lang='lat' dir='ltr'><strong>Sicut</strong></span> <span class='ocrx_word' id='word_1_344' title='bbox 1403 434 1476 462; x_wconf 84' lang='lat' dir='ltr'><strong>enim</strong></span> <span class='ocrx_word' id='word_1_345' title='bbox 1496 433 1576 460; x_wconf 87' lang='lat' dir='ltr'><strong>Pater</strong></span> <span class='ocrx_word' id='word_1_346' title='bbox 1590 432 1670 459; x_wconf 82' lang='lat' dir='ltr'><strong>habet</strong></span> <span class='ocrx_word' id='word_1_347' title='bbox 1690 436 1805 459; x_wconf 84' lang='lat' dir='ltr'><strong>matrem</strong></span> 
     </span>
    </p>
   </div>
   <div class='ocr_carea' id='block_1_54' title="bbox 1017 477 1806 514">
    <p class='ocr_par' dir='ltr' id='par_1_54' title="bbox 1017 477 1806 514">
     <span class='ocr_line' id='line_1_54' title="bbox 1017 477 1806 514; baseline -0.006 -6"><span class='ocrx_word' id='word_1_348' title='bbox 1017 481 1139 508; x_wconf 89' lang='lat' dir='ltr'><strong>omnium</strong></span> <span class='ocrx_word' id='word_1_349' title='bbox 1157 481 1185 508; x_wconf 91' lang='lat' dir='ltr'>in</span> <span class='ocrx_word' id='word_1_350' title='bbox 1212 481 1314 508; x_wconf 88' lang='lat' dir='ltr'><strong>mundo</strong></span> <span class='ocrx_word' id='word_1_351' title='bbox 1336 480 1438 512; x_wconf 81' lang='lat' dir='ltr'><strong>Vitam,</strong></span> <span class='ocrx_word' id='word_1_352' title='bbox 1451 487 1467 506; x_wconf 88' lang='lat' dir='ltr'>a</span> <span class='ocrx_word' id='word_1_353' title='bbox 1485 486 1538 514; x_wconf 85' lang='lat' dir='ltr'>qua</span> <span class='ocrx_word' id='word_1_354' title='bbox 1556 478 1684 506; x_wconf 89' lang='lat' dir='ltr'><strong>omnibus</strong></span> <span class='ocrx_word' id='word_1_355' title='bbox 1696 477 1806 504; x_wconf 81' lang='lat' dir='ltr'><strong>vitalem</strong></span> 
     </span>
    </p>
   </div>
   <div class='ocr_carea' id='block_1_55' title="bbox 1017 522 1807 562">
    <p class='ocr_par' dir='ltr' id='par_1_55' title="bbox 1017 522 1807 562">
     <span class='ocr_line' id='line_1_55' title="bbox 1017 522 1807 562; baseline -0.006 -8"><span class='ocrx_word' id='word_1_356' title='bbox 1017 526 1142 561; x_wconf 84' lang='lat' dir='ltr'><strong>spiritum</strong></span> <span class='ocrx_word' id='word_1_357' title='bbox 1159 526 1272 561; x_wconf 66' lang='lat' dir='ltr'><strong>praebet.</strong></span> <span class='ocrx_word' id='word_1_358' title='bbox 1289 525 1334 553; x_wconf 90' lang='lat' dir='ltr'><strong>Sic</strong></span> <span class='ocrx_word' id='word_1_359' title='bbox 1348 526 1471 554; x_wconf 88' lang='lat' dir='ltr'><strong>omnium</strong></span> <span class='ocrx_word' id='word_1_360' title='bbox 1488 524 1586 562; x_wconf 80' lang='lat' dir='ltr'><strong>rectori</strong></span> <span class='ocrx_word' id='word_1_361' title='bbox 1604 527 1632 551; x_wconf 90' lang='lat' dir='ltr'>et</span> <span class='ocrx_word' id='word_1_362' title='bbox 1646 522 1714 550; x_wconf 88' lang='lat' dir='ltr'><strong>Filio</strong></span> <span class='ocrx_word' id='word_1_363' title='bbox 1733 522 1807 549; x_wconf 85' lang='lat' dir='ltr'><strong>dedit</strong></span> 
     </span>
    </p>
   </div>
   <div class='ocr_carea' id='block_1_56' title="bbox 1018 566 1806 603">
    <p class='ocr_par' dir='ltr' id='par_1_56' title="bbox 1018 566 1806 603">
     <span class='ocr_line' id='line_1_56' title="bbox 1018 566 1806 603; baseline -0.006 -6"><span class='ocrx_word' id='word_1_364' title='bbox 1018 571 1088 598; x_wconf 81' lang='lat' dir='ltr'><strong>ferre</strong></span> <span class='ocrx_word' id='word_1_365' title='bbox 1098 570 1186 597; x_wconf 81' lang='lat' dir='ltr'><strong>Vitam</strong></span> <span class='ocrx_word' id='word_1_366' title='bbox 1202 579 1209 596; x_wconf 89' lang='lat'><strong>:</strong></span> <span class='ocrx_word' id='word_1_367' title='bbox 1223 570 1256 596; x_wconf 73' lang='lat'>27</span> <span class='ocrx_word' id='word_1_368' title='bbox 1268 574 1294 597; x_wconf 85' lang='lat' dir='ltr'>et</span> <span class='ocrx_word' id='word_1_369' title='bbox 1308 570 1429 597; x_wconf 80' lang='lat' dir='ltr'><strong>divinam</strong></span> <span class='ocrx_word' id='word_1_370' title='bbox 1441 567 1580 603; x_wconf 80' lang='lat' dir='ltr'><strong>altijugam</strong></span> <span class='ocrx_word' id='word_1_371' title='bbox 1592 566 1666 594; x_wconf 84' lang='lat' dir='ltr'><strong>dedit</strong></span> <span class='ocrx_word' id='word_1_372' title='bbox 1682 566 1806 601; x_wconf 78' lang='lat' dir='ltr'><strong>gloriam,</strong></span> 
     </span>
    </p>
   </div>
   <div class='ocr_carea' id='block_1_57' title="bbox 1023 611 1806 651">
    <p class='ocr_par' dir='ltr' id='par_1_57' title="bbox 1023 611 1806 651">
     <span class='ocr_line' id='line_1_57' title="bbox 1023 611 1806 651; baseline -0.009 -8"><span class='ocrx_word' id='word_1_373' title='bbox 1023 615 1075 651; x_wconf 81' lang='lat'><strong>55</strong></span> <span class='ocrx_word' id='word_1_374' title='bbox 1093 615 1267 650; x_wconf 86' lang='lat' dir='ltr'><strong>Etjudicium</strong></span> <span class='ocrx_word' id='word_1_375' title='bbox 1280 622 1398 650; x_wconf 91' lang='lat' dir='ltr'><strong>quorum</strong></span> <span class='ocrx_word' id='word_1_376' title='bbox 1412 615 1469 641; x_wconf 81' lang='lat' dir='ltr'><strong>vult</strong></span> <span class='ocrx_word' id='word_1_377' title='bbox 1482 613 1610 648; x_wconf 82' lang='lat' dir='ltr'><strong>perﬁcere</strong></span> <span class='ocrx_word' id='word_1_378' title='bbox 1629 612 1726 647; x_wconf 76' lang='lat' dir='ltr'><strong>aequali</strong></span> <span class='ocrx_word' id='word_1_379' title='bbox 1738 611 1806 646; x_wconf 76' lang='lat' dir='ltr'><strong>lege,</strong></span> 
     </span>
    </p>
   </div>
   <div class='ocr_carea' id='block_1_58' title="bbox 1018 656 1808 693">
    <p class='ocr_par' dir='ltr' id='par_1_58' title="bbox 1018 656 1808 693">
     <span class='ocr_line' id='line_1_58' title="bbox 1018 656 1808 693; baseline -0.006 -6"><span class='ocrx_word' id='word_1_380' title='bbox 1018 661 1087 693; x_wconf 80' lang='lat' dir='ltr'><strong>Quia</strong></span> <span class='ocrx_word' id='word_1_381' title='bbox 1101 660 1221 687; x_wconf 87' lang='lat' dir='ltr'><strong>hominis</strong></span> <span class='ocrx_word' id='word_1_382' title='bbox 1235 660 1318 687; x_wconf 88' lang='lat' dir='ltr'><strong>vitam</strong></span> <span class='ocrx_word' id='word_1_383' title='bbox 1333 660 1423 688; x_wconf 82' lang='lat' dir='ltr'><strong>ferens</strong></span> <span class='ocrx_word' id='word_1_384' title='bbox 1433 658 1520 686; x_wconf 84' lang='lat' dir='ltr'><strong>Filius</strong></span> <span class='ocrx_word' id='word_1_385' title='bbox 1541 658 1652 685; x_wconf 89' lang='lat' dir='ltr'><strong>dicitur.</strong></span> <span class='ocrx_word' id='word_1_386' title='bbox 1671 656 1706 684; x_wconf 75' lang='lat'>‘28</span> <span class='ocrx_word' id='word_1_387' title='bbox 1723 656 1756 683; x_wconf 86' lang='lat' dir='ltr'>Et</span> <span class='ocrx_word' id='word_1_388' title='bbox 1774 664 1808 683; x_wconf 83' lang='lat' dir='ltr'>ne</span> 
     </span>
    </p>
   </div>
   <div class='ocr_carea' id='block_1_59' title="bbox 1018 703 1808 740">
    <p class='ocr_par' dir='ltr' id='par_1_59' title="bbox 1018 703 1808 740">
     <span class='ocr_line' id='line_1_59' title="bbox 1018 703 1808 740; baseline -0.005 -8"><span class='ocrx_word' id='word_1_389' title='bbox 1018 705 1154 734; x_wconf 86' lang='lat' dir='ltr'><strong>miremini</strong></span> <span class='ocrx_word' id='word_1_390' title='bbox 1172 705 1195 733; x_wconf 94' lang='lat' dir='ltr'>si</span> <span class='ocrx_word' id='word_1_391' title='bbox 1211 705 1331 740; x_wconf 77' lang='lat' dir='ltr'><strong>aliquam</strong></span> <span class='ocrx_word' id='word_1_392' title='bbox 1342 705 1461 732; x_wconf 85' lang='lat' dir='ltr'><strong>divinam</strong></span> <span class='ocrx_word' id='word_1_393' title='bbox 1473 712 1567 731; x_wconf 84' lang='lat' dir='ltr'><strong>vocem</strong></span> <span class='ocrx_word' id='word_1_394' title='bbox 1582 703 1642 730; x_wconf 72' lang='lat' dir='ltr'><strong>Dixi</strong></span> <span class='ocrx_word' id='word_1_395' title='bbox 1655 707 1808 732; x_wconf 86' lang='lat' dir='ltr'><strong>venturam.</strong></span> 
     </span>
    </p>
   </div>
   <div class='ocr_carea' id='block_1_60' title="bbox 1019 748 1809 785">
    <p class='ocr_par' dir='ltr' id='par_1_60' title="bbox 1019 748 1809 785">
     <span class='ocr_line' id='line_1_60' title="bbox 1019 748 1809 785; baseline -0.004 -7"><span class='ocrx_word' id='word_1_396' title='bbox 1019 750 1084 785; x_wconf 85' lang='lat' dir='ltr'><strong>quia</strong></span> <span class='ocrx_word' id='word_1_397' title='bbox 1093 755 1216 778; x_wconf 83' lang='lat' dir='ltr'><strong>extrema</strong></span> <span class='ocrx_word' id='word_1_398' title='bbox 1228 751 1302 778; x_wconf 83' lang='lat' dir='ltr'><strong>venit</strong></span> <span class='ocrx_word' id='word_1_399' title='bbox 1316 751 1393 782; x_wconf 84' lang='lat' dir='ltr'><strong>hora,</strong></span> <span class='ocrx_word' id='word_1_400' title='bbox 1401 750 1434 776; x_wconf 91' lang='lat' dir='ltr'><strong>Et</strong></span> <span class='ocrx_word' id='word_1_401' title='bbox 1442 757 1515 777; x_wconf 89' lang='lat' dir='ltr'><strong>nunc</strong></span> <span class='ocrx_word' id='word_1_402' title='bbox 1522 756 1605 785; x_wconf 82' lang='lat' dir='ltr'><strong>prope</strong></span> <span class='ocrx_word' id='word_1_403' title='bbox 1611 748 1739 780; x_wconf 86' lang='lat' dir='ltr'><strong>accessit,</strong></span> <span class='ocrx_word' id='word_1_404' title='bbox 1745 755 1809 784; x_wconf 79' lang='lat' dir='ltr'><strong>con-</strong></span> 
     </span>
    </p>
   </div>
   <div class='ocr_carea' id='block_1_61' title="bbox 1019 793 1809 830">
    <p class='ocr_par' dir='ltr' id='par_1_61' title="bbox 1019 793 1809 830">
     <span class='ocr_line' id='line_1_61' title="bbox 1019 793 1809 830; baseline -0.003 -9"><span class='ocrx_word' id='word_1_405' title='bbox 1019 796 1121 830; x_wconf 75' lang='lat' dir='ltr'><strong>gregati</strong></span> <span class='ocrx_word' id='word_1_406' title='bbox 1137 794 1247 830; x_wconf 86' lang='lat' dir='ltr'><strong>quando</strong></span> <span class='ocrx_word' id='word_1_407' title='bbox 1261 796 1375 828; x_wconf 79' lang='lat' dir='ltr'><strong>mortui,</strong></span> <span class='ocrx_word' id='word_1_408' title='bbox 1388 794 1472 824; x_wconf 86' lang='lat' dir='ltr'><strong>Vivos</strong></span> <span class='ocrx_word' id='word_1_409' title='bbox 1486 794 1656 830; x_wconf 83' lang='lat' dir='ltr'><strong>parientibus</strong></span> <span class='ocrx_word' id='word_1_410' title='bbox 1666 793 1809 821; x_wconf 85' lang='lat' dir='ltr'><strong>audientes</strong></span> 
     </span>
    </p>
   </div>
   <div class='ocr_carea' id='block_1_62' title="bbox 983 838 1808 875">
    <p class='ocr_par' dir='ltr' id='par_1_62' title="bbox 983 838 1808 875">
     <span class='ocr_line' id='line_1_62' title="bbox 983 838 1808 875; baseline -0.004 -7"><span class='ocrx_word' id='word_1_411' title='bbox 983 841 1004 868; x_wconf 89' lang='lat' dir='ltr'><strong>B</strong></span> <span class='ocrx_word' id='word_1_412' title='bbox 1019 840 1123 868; x_wconf 84' lang='lat' dir='ltr'><strong>reditus</strong></span> <span class='ocrx_word' id='word_1_413' title='bbox 1145 841 1303 875; x_wconf 83' lang='lat' dir='ltr'><strong>expertibus</strong></span> <span class='ocrx_word' id='word_1_414' title='bbox 1315 847 1330 867; x_wconf 90' lang='lat' dir='ltr'>c</span> <span class='ocrx_word' id='word_1_415' title='bbox 1345 840 1487 875; x_wconf 78' lang='lat' dir='ltr'><strong>sepulcris,</strong></span> <span class='ocrx_word' id='word_1_416' title='bbox 1498 840 1600 867; x_wconf 86' lang='lat' dir='ltr'><strong>Christi</strong></span> <span class='ocrx_word' id='word_1_417' title='bbox 1619 838 1753 873; x_wconf 80' lang='lat' dir='ltr'><strong>loquentis</strong></span> <span class='ocrx_word' id='word_1_418' title='bbox 1765 846 1808 865; x_wconf 91' lang='lat' dir='ltr'><strong>rc-</strong></span> 
     </span>
    </p>
   </div>
   <div class='ocr_carea' id='block_1_63' title="bbox 1019 885 1808 921">
    <p class='ocr_par' dir='ltr' id='par_1_63' title="bbox 1019 885 1808 921">
     <span class='ocr_line' id='line_1_63' title="bbox 1019 885 1808 921; baseline -0.004 -8"><span class='ocrx_word' id='word_1_419' title='bbox 1019 887 1153 921; x_wconf 85' lang='lat' dir='ltr'><strong>cipientes</strong></span> <span class='ocrx_word' id='word_1_420' title='bbox 1169 885 1292 913; x_wconf 89' lang='lat' dir='ltr'><strong>divinum</strong></span> <span class='ocrx_word' id='word_1_421' title='bbox 1310 893 1420 918; x_wconf 88' lang='lat' dir='ltr'><strong>sonum,</strong></span> <span class='ocrx_word' id='word_1_422' title='bbox 1434 885 1560 920; x_wconf 86' lang='lat' dir='ltr'><strong>Undique</strong></span> <span class='ocrx_word' id='word_1_423' title='bbox 1585 885 1808 914; x_wconf 74' lang='lat' dir='ltr'><strong>comitabuntur.</strong></span> 
     </span>
    </p>
   </div>
   <div class='ocr_carea' id='block_1_64' title="bbox 1019 929 1810 965">
    <p class='ocr_par' dir='ltr' id='par_1_64' title="bbox 1019 929 1810 965">
     <span class='ocr_line' id='line_1_64' title="bbox 1019 929 1810 965; baseline -0.003 -7"><span class='ocrx_word' id='word_1_424' title='bbox 1019 931 1053 958; x_wconf 69' lang='lat'>29</span> <span class='ocrx_word' id='word_1_425' title='bbox 1074 935 1102 958; x_wconf 87' lang='lat' dir='ltr'>et</span> <span class='ocrx_word' id='word_1_426' title='bbox 1124 938 1203 958; x_wconf 84' lang='lat' dir='ltr'><strong>serus</strong></span> <span class='ocrx_word' id='word_1_427' title='bbox 1220 930 1290 958; x_wconf 88' lang='lat' dir='ltr'><strong>alius</strong></span> <span class='ocrx_word' id='word_1_428' title='bbox 1306 934 1366 965; x_wconf 87' lang='lat' dir='ltr'><strong>post</strong></span> <span class='ocrx_word' id='word_1_429' title='bbox 1383 930 1467 956; x_wconf 85' lang='lat' dir='ltr'><strong>alium</strong></span> <span class='ocrx_word' id='word_1_430' title='bbox 1481 929 1572 957; x_wconf 79' lang='lat' dir='ltr'><strong>Veteri</strong></span> <span class='ocrx_word' id='word_1_431' title='bbox 1586 930 1716 964; x_wconf 79' lang='lat' dir='ltr'><strong>adjungct</strong></span> <span class='ocrx_word' id='word_1_432' title='bbox 1729 936 1810 956; x_wconf 87' lang='lat' dir='ltr'><strong>rena-</strong></span> 
     </span>
    </p>
   </div>
   <div class='ocr_carea' id='block_1_65' title="bbox 1020 975 1817 1011">
    <p class='ocr_par' dir='ltr' id='par_1_65' title="bbox 1020 975 1817 1011">
     <span class='ocr_line' id='line_1_65' title="bbox 1020 975 1817 1011; baseline -0.003 -8"><span class='ocrx_word' id='word_1_433' title='bbox 1020 979 1077 1003; x_wconf 87' lang='lat' dir='ltr'>tum</span> <span class='ocrx_word' id='word_1_434' title='bbox 1102 975 1247 1011; x_wconf 79' lang='lat' dir='ltr'><strong>vestigium</strong></span> <span class='ocrx_word' id='word_1_435' title='bbox 1272 981 1350 1003; x_wconf 72' lang='lat' dir='ltr'><strong>terra:</strong></span> <span class='ocrx_word' id='word_1_436' title='bbox 1368 983 1376 1009; x_wconf 87' lang='lat'><strong>;</strong></span> <span class='ocrx_word' id='word_1_437' title='bbox 1391 975 1444 1008; x_wconf 87' lang='lat' dir='ltr'><strong>Qui</strong></span> <span class='ocrx_word' id='word_1_438' title='bbox 1460 975 1568 1010; x_wconf 84' lang='lat' dir='ltr'><strong>quidem</strong></span> <span class='ocrx_word' id='word_1_439' title='bbox 1587 979 1729 1002; x_wconf 87' lang='lat' dir='ltr'><strong>certarunt</strong></span> <span class='ocrx_word' id='word_1_440' title='bbox 1746 975 1817 1002; x_wconf 89' lang='lat' dir='ltr'><strong>irre—</strong></span> 
     </span>
    </p>
   </div>
   <div class='ocr_carea' id='block_1_66' title="bbox 1019 1020 1810 1056">
    <p class='ocr_par' dir='ltr' id='par_1_66' title="bbox 1019 1020 1810 1056">
     <span class='ocr_line' id='line_1_66' title="bbox 1019 1020 1810 1056; baseline -0.001 -8"><span class='ocrx_word' id='word_1_441' title='bbox 1019 1020 1202 1056; x_wconf 86' lang='lat' dir='ltr'><strong>prehensibile</strong></span> <span class='ocrx_word' id='word_1_442' title='bbox 1226 1021 1303 1049; x_wconf 82' lang='lat' dir='ltr'><strong>ﬁdele</strong></span> <span class='ocrx_word' id='word_1_443' title='bbox 1324 1024 1480 1053; x_wconf 79' lang='lat' dir='ltr'><strong>certamen,</strong></span> <span class='ocrx_word' id='word_1_444' title='bbox 1496 1020 1566 1048; x_wconf 66' lang='lat' dir='ltr'><strong>Vita:</strong></span> <span class='ocrx_word' id='word_1_445' title='bbox 1590 1020 1753 1048; x_wconf 85' lang='lat' dir='ltr'><strong>immortalis</strong></span> <span class='ocrx_word' id='word_1_446' title='bbox 1775 1020 1810 1047; x_wconf 83' lang='lat' dir='ltr'>ad</span> 
     </span>
    </p>
   </div>
   <div class='ocr_carea' id='block_1_67' title="bbox 1021 1065 1809 1102">
    <p class='ocr_par' dir='ltr' id='par_1_67' title="bbox 1021 1065 1809 1102">
     <span class='ocr_line' id='line_1_67' title="bbox 1021 1065 1809 1102; baseline -0.001 -9"><span class='ocrx_word' id='word_1_447' title='bbox 1021 1067 1249 1094; x_wconf 78' lang='lat' dir='ltr'><strong>resurrectionem</strong></span> <span class='ocrx_word' id='word_1_448' title='bbox 1264 1076 1272 1100; x_wconf 89' lang='lat'><strong>;</strong></span> <span class='ocrx_word' id='word_1_449' title='bbox 1290 1067 1337 1102; x_wconf 93' lang='lat' dir='ltr'>qui</span> <span class='ocrx_word' id='word_1_450' title='bbox 1358 1074 1423 1094; x_wconf 90' lang='lat' dir='ltr'><strong>vero</strong></span> <span class='ocrx_word' id='word_1_451' title='bbox 1437 1066 1611 1102; x_wconf 77' lang='lat' dir='ltr'><strong>perfecerunt</strong></span> <span class='ocrx_word' id='word_1_452' title='bbox 1634 1065 1723 1101; x_wconf 86' lang='lat' dir='ltr'><strong>Opera</strong></span> <span class='ocrx_word' id='word_1_453' title='bbox 1739 1066 1809 1092; x_wconf 87' lang='lat' dir='ltr'><strong>mul-</strong></span> 
     </span>
    </p>
   </div>
   <div class='ocr_carea' id='block_1_68' title="bbox 1018 1110 1813 1144">
    <p class='ocr_par' dir='ltr' id='par_1_68' title="bbox 1018 1110 1813 1144">
     <span class='ocr_line' id='line_1_68' title="bbox 1018 1110 1813 1144; baseline 0 -6"><span class='ocrx_word' id='word_1_454' title='bbox 1018 1115 1077 1138; x_wconf 82' lang='lat' dir='ltr'>tum</span> <span class='ocrx_word' id='word_1_455' title='bbox 1094 1113 1214 1140; x_wconf 85' lang='lat' dir='ltr'><strong>errantis</strong></span> <span class='ocrx_word' id='word_1_456' title='bbox 1229 1112 1291 1140; x_wconf 66' lang='lat' dir='ltr'><strong>vitae</strong></span> <span class='ocrx_word' id='word_1_457' title='bbox 1303 1112 1383 1139; x_wconf 85' lang='lat' dir='ltr'><strong>aliter</strong></span> <span class='ocrx_word' id='word_1_458' title='bbox 1403 1112 1538 1140; x_wconf 82' lang='lat' dir='ltr'><strong>sentiente</strong></span> <span class='ocrx_word' id='word_1_459' title='bbox 1552 1112 1638 1144; x_wconf 83' lang='lat' dir='ltr'><strong>rabie,</strong></span> <span class='ocrx_word' id='word_1_460' title='bbox 1653 1111 1753 1139; x_wconf 81' lang='lat' dir='ltr'><strong>Judicii</strong></span> <span class='ocrx_word' id='word_1_461' title='bbox 1772 1110 1813 1138; x_wconf 81' lang='lat' dir='ltr'>fu-</span> 
     </span>
    </p>
   </div>
   <div class='ocr_carea' id='block_1_69' title="bbox 1021 1156 1812 1191">
    <p class='ocr_par' dir='ltr' id='par_1_69' title="bbox 1021 1156 1812 1191">
     <span class='ocr_line' id='line_1_69' title="bbox 1021 1156 1812 1191; baseline -0.001 -7"><span class='ocrx_word' id='word_1_462' title='bbox 1021 1157 1075 1184; x_wconf 89' lang='lat' dir='ltr'><strong>turi</strong></span> <span class='ocrx_word' id='word_1_463' title='bbox 1090 1158 1123 1184; x_wconf 86' lang='lat' dir='ltr'>ad</span> <span class='ocrx_word' id='word_1_464' title='bbox 1143 1158 1385 1185; x_wconf 85' lang='lat' dir='ltr'><strong>resurrectionem.</strong></span> <span class='ocrx_word' id='word_1_465' title='bbox 1399 1158 1433 1186; x_wconf 78' lang='lat'>&#39;50</span> <span class='ocrx_word' id='word_1_466' title='bbox 1454 1158 1564 1186; x_wconf 75' lang='lat' dir='ltr'><strong>Caelesti</strong></span> <span class='ocrx_word' id='word_1_467' title='bbox 1579 1158 1651 1185; x_wconf 88' lang='lat' dir='ltr'><strong>enim</strong></span> <span class='ocrx_word' id='word_1_468' title='bbox 1673 1156 1732 1184; x_wconf 87' lang='lat' dir='ltr'><strong>Non</strong></span> <span class='ocrx_word' id='word_1_469' title='bbox 1751 1164 1812 1191; x_wconf 80' lang='lat' dir='ltr'><strong>pos-</strong></span> 
     </span>
    </p>
   </div>
   <div class='ocr_carea' id='block_1_70' title="bbox 1021 1203 1812 1239">
    <p class='ocr_par' dir='ltr' id='par_1_70' title="bbox 1021 1203 1812 1239">
     <span class='ocr_line' id='line_1_70' title="bbox 1021 1203 1812 1239; baseline -0.001 -9"><span class='ocrx_word' id='word_1_470' title='bbox 1021 1210 1081 1230; x_wconf 89' lang='lat' dir='ltr'>sum</span> <span class='ocrx_word' id='word_1_471' title='bbox 1096 1203 1155 1230; x_wconf 87' lang='lat' dir='ltr'><strong>sine</strong></span> <span class='ocrx_word' id='word_1_472' title='bbox 1179 1203 1259 1230; x_wconf 89' lang='lat' dir='ltr'><strong>Patre</strong></span> <span class='ocrx_word' id='word_1_473' title='bbox 1276 1203 1380 1238; x_wconf 87' lang='lat' dir='ltr'><strong>aliquid</strong></span> <span class='ocrx_word' id='word_1_474' title='bbox 1405 1204 1534 1238; x_wconf 82' lang='lat' dir='ltr'><strong>perlicere</strong></span> <span class='ocrx_word' id='word_1_475' title='bbox 1559 1203 1672 1239; x_wconf 89' lang='lat' dir='ltr'><strong>Sponte,</strong></span> <span class='ocrx_word' id='word_1_476' title='bbox 1686 1203 1812 1238; x_wconf 84' lang='lat' dir='ltr'><strong>judicare</strong></span> 
     </span>
    </p>
   </div>
   <div class='ocr_carea' id='block_1_71' title="bbox 1021 1249 1812 1283">
    <p class='ocr_par' dir='ltr' id='par_1_71' title="bbox 1021 1249 1812 1283">
     <span class='ocr_line' id='line_1_71' title="bbox 1021 1249 1812 1283; baseline 0.001 -9"><span class='ocrx_word' id='word_1_477' title='bbox 1021 1255 1086 1275; x_wconf 87' lang='lat' dir='ltr'><strong>vero</strong></span> <span class='ocrx_word' id='word_1_478' title='bbox 1111 1253 1206 1283; x_wconf 89' lang='lat' dir='ltr'><strong>potero</strong></span> <span class='ocrx_word' id='word_1_479' title='bbox 1234 1249 1307 1277; x_wconf 87' lang='lat' dir='ltr'><strong>sicut</strong></span> <span class='ocrx_word' id='word_1_480' title='bbox 1332 1250 1423 1277; x_wconf 84' lang='lat' dir='ltr'><strong>audio.</strong></span> <span class='ocrx_word' id='word_1_481' title='bbox 1444 1249 1588 1277; x_wconf 79' lang='lat' dir='ltr'><strong>Infatlibile</strong></span> <span class='ocrx_word' id='word_1_482' title='bbox 1609 1253 1699 1277; x_wconf 85' lang='lat' dir='ltr'><strong>autem</strong></span> <span class='ocrx_word' id='word_1_483' title='bbox 1719 1256 1812 1277; x_wconf 89' lang='lat' dir='ltr'><strong>meum</strong></span> 
     </span>
    </p>
   </div>
   <div class='ocr_carea' id='block_1_72' title="bbox 1020 1294 1813 1330">
    <p class='ocr_par' dir='ltr' id='par_1_72' title="bbox 1020 1294 1813 1330">
     <span class='ocr_line' id='line_1_72' title="bbox 1020 1294 1813 1330; baseline 0.001 -9"><span class='ocrx_word' id='word_1_484' title='bbox 1020 1299 1063 1322; x_wconf 87' lang='lat' dir='ltr'>est</span> <span class='ocrx_word' id='word_1_485' title='bbox 1077 1294 1231 1329; x_wconf 90' lang='lat' dir='ltr'><strong>judicium;</strong></span> <span class='ocrx_word' id='word_1_486' title='bbox 1248 1303 1304 1323; x_wconf 92' lang='lat' dir='ltr'>non</span> <span class='ocrx_word' id='word_1_487' title='bbox 1321 1296 1394 1323; x_wconf 88' lang='lat' dir='ltr'><strong>enim</strong></span> <span class='ocrx_word' id='word_1_488' title='bbox 1408 1296 1488 1323; x_wconf 91' lang='lat' dir='ltr'><strong>venio</strong></span> <span class='ocrx_word' id='word_1_489' title='bbox 1500 1296 1621 1324; x_wconf 84' lang='lat' dir='ltr'><strong>Gloriam</strong></span> <span class='ocrx_word' id='word_1_490' title='bbox 1643 1303 1730 1323; x_wconf 84' lang='lat' dir='ltr'><strong>meam</strong></span> <span class='ocrx_word' id='word_1_491' title='bbox 1750 1302 1813 1330; x_wconf 86' lang='lat' dir='ltr'><strong>per-</strong></span> 
     </span>
    </p>
   </div>
   <div class='ocr_carea' id='block_1_73' title="bbox 1021 1339 1813 1374">
    <p class='ocr_par' dir='ltr' id='par_1_73' title="bbox 1021 1339 1813 1374">
     <span class='ocr_line' id='line_1_73' title="bbox 1021 1339 1813 1374; baseline 0.003 -9"><span class='ocrx_word' id='word_1_492' title='bbox 1021 1339 1103 1367; x_wconf 85' lang='lat' dir='ltr'><strong>licere</strong></span> <span class='ocrx_word' id='word_1_493' title='bbox 1112 1347 1249 1374; x_wconf 69' lang='lat' dir='ltr'><strong>quaerens,</strong></span> <span class='ocrx_word' id='word_1_494' title='bbox 1266 1340 1312 1367; x_wconf 89' lang='lat' dir='ltr'>sed</span> <span class='ocrx_word' id='word_1_495' title='bbox 1338 1339 1438 1368; x_wconf 87' lang='lat' dir='ltr'><strong>Patris.</strong></span> <span class='ocrx_word' id='word_1_496' title='bbox 1458 1340 1595 1368; x_wconf 82' lang='lat' dir='ltr'><strong>Honorem</strong></span> <span class='ocrx_word' id='word_1_497' title='bbox 1610 1345 1736 1368; x_wconf 89' lang='lat' dir='ltr'><strong>nostrum</strong></span> <span class='ocrx_word' id='word_1_498' title='bbox 1757 1348 1813 1367; x_wconf 82' lang='lat' dir='ltr'>non</span> 
     </span>
    </p>
   </div>
   <div class='ocr_carea' id='block_1_74' title="bbox 1021 1383 1812 1419">
    <p class='ocr_par' dir='ltr' id='par_1_74' title="bbox 1021 1383 1812 1419">
     <span class='ocr_line' id='line_1_74' title="bbox 1021 1383 1812 1419; baseline 0.005 -9"><span class='ocrx_word' id='word_1_499' title='bbox 1021 1383 1128 1419; x_wconf 90' lang='lat' dir='ltr'><strong>loquor.</strong></span> <span class='ocrx_word' id='word_1_500' title='bbox 1150 1385 1182 1412; x_wconf 78' lang='grc'><strong>51</strong></span> <span class='ocrx_word' id='word_1_501' title='bbox 1216 1385 1245 1412; x_wconf 90' lang='lat' dir='ltr'>Si</span> <span class='ocrx_word' id='word_1_502' title='bbox 1267 1386 1340 1413; x_wconf 86' lang='lat' dir='ltr'><strong>enim</strong></span> <span class='ocrx_word' id='word_1_503' title='bbox 1371 1386 1478 1414; x_wconf 84' lang='lat' dir='ltr'><strong>locutus</strong></span> <span class='ocrx_word' id='word_1_504' title='bbox 1509 1386 1586 1414; x_wconf 80' lang='lat' dir='ltr'><strong>fuero</strong></span> <span class='ocrx_word' id='word_1_505' title='bbox 1615 1386 1812 1414; x_wconf 87' lang='lat' dir='ltr'><strong>Testimonium</strong></span> 
     </span>
    </p>
   </div>
   <div class='ocr_carea' id='block_1_75' title="bbox 1022 1437 1813 1471">
    <p class='ocr_par' dir='ltr' id='par_1_75' title="bbox 1022 1437 1813 1471">
     <span class='ocr_line' id='line_1_75' title="bbox 1022 1437 1813 1471; baseline 0.005 -9"><span class='ocrx_word' id='word_1_506' title='bbox 1022 1437 1174 1471; x_wconf 85' lang='lat' dir='ltr'><strong>proprium,</strong></span> <span class='ocrx_word' id='word_1_507' title='bbox 1191 1445 1246 1464; x_wconf 91' lang='lat' dir='ltr'>non</span> <span class='ocrx_word' id='word_1_508' title='bbox 1261 1437 1349 1465; x_wconf 89' lang='lat' dir='ltr'><strong>credit</strong></span> <span class='ocrx_word' id='word_1_509' title='bbox 1359 1438 1430 1465; x_wconf 87' lang='lat' dir='ltr'><strong>alius</strong></span> <span class='ocrx_word' id='word_1_510' title='bbox 1443 1439 1567 1466; x_wconf 88' lang='lat' dir='ltr'><strong>audiens.</strong></span> <span class='ocrx_word' id='word_1_511' title='bbox 1580 1438 1640 1466; x_wconf 91' lang='lat' dir='ltr'>Non</span> <span class='ocrx_word' id='word_1_512' title='bbox 1651 1439 1724 1466; x_wconf 89' lang='lat' dir='ltr'><strong>enim</strong></span> <span class='ocrx_word' id='word_1_513' title='bbox 1735 1445 1813 1466; x_wconf 83' lang='lat' dir='ltr'><strong>meus</strong></span> 
     </span>
    </p>
   </div>
   <div class='ocr_carea' id='block_1_76' title="bbox 1022 1489 1810 1522">
    <p class='ocr_par' dir='ltr' id='par_1_76' title="bbox 1022 1489 1810 1522">
     <span class='ocr_line' id='line_1_76' title="bbox 1022 1489 1810 1522; baseline 0.003 -6"><span class='ocrx_word' id='word_1_514' title='bbox 1022 1493 1064 1516; x_wconf 83' lang='lat' dir='ltr'>est</span> <span class='ocrx_word' id='word_1_515' title='bbox 1088 1496 1179 1516; x_wconf 86' lang='lat' dir='ltr'><strong>sermo</strong></span> <span class='ocrx_word' id='word_1_516' title='bbox 1206 1497 1307 1522; x_wconf 85' lang='lat' dir='ltr'><strong>verus,</strong></span> <span class='ocrx_word' id='word_1_517' title='bbox 1329 1489 1352 1517; x_wconf 87' lang='lat' dir='ltr'>si</span> <span class='ocrx_word' id='word_1_518' title='bbox 1382 1489 1491 1518; x_wconf 84' lang='lat' dir='ltr'><strong>locutus</strong></span> <span class='ocrx_word' id='word_1_519' title='bbox 1517 1490 1596 1518; x_wconf 77' lang='lat' dir='ltr'><strong>luero</strong></span> <span class='ocrx_word' id='word_1_520' title='bbox 1626 1490 1810 1518; x_wconf 85' lang='lat' dir='ltr'><strong>testimonium</strong></span> 
     </span>
    </p>
   </div>
   <div class='ocr_carea' id='block_1_77' title="bbox 1023 1541 1810 1577">
    <p class='ocr_par' dir='ltr' id='par_1_77' title="bbox 1023 1541 1810 1577">
     <span class='ocr_line' id='line_1_77' title="bbox 1023 1541 1810 1577; baseline 0.003 -9"><span class='ocrx_word' id='word_1_521' title='bbox 1023 1542 1163 1577; x_wconf 85' lang='lat' dir='ltr'><strong>proprium</strong></span> <span class='ocrx_word' id='word_1_522' title='bbox 1178 1541 1211 1569; x_wconf 88' lang='lat' dir='ltr'>de</span> <span class='ocrx_word' id='word_1_523' title='bbox 1226 1542 1332 1577; x_wconf 88' lang='lat' dir='ltr'><strong>meipso</strong></span> <span class='ocrx_word' id='word_1_524' title='bbox 1352 1542 1466 1570; x_wconf 88' lang='lat' dir='ltr'><strong>dictum.</strong></span> <span class='ocrx_word' id='word_1_525' title='bbox 1485 1543 1521 1570; x_wconf 72' lang='grc'>52</span> <span class='ocrx_word' id='word_1_526' title='bbox 1532 1542 1569 1571; x_wconf 88' lang='lat' dir='ltr'><strong>De</strong></span> <span class='ocrx_word' id='word_1_527' title='bbox 1579 1551 1622 1571; x_wconf 89' lang='lat' dir='ltr'>me</span> <span class='ocrx_word' id='word_1_528' title='bbox 1636 1549 1725 1570; x_wconf 86' lang='lat' dir='ltr'><strong>autem</strong></span> <span class='ocrx_word' id='word_1_529' title='bbox 1736 1542 1810 1570; x_wconf 81' lang='lat' dir='ltr'><strong>Alius</strong></span> 
     </span>
    </p>
   </div>
   <div class='ocr_carea' id='block_1_78' title="bbox 1023 1594 1815 1627">
    <p class='ocr_par' dir='ltr' id='par_1_78' title="bbox 1023 1594 1815 1627">
     <span class='ocr_line' id='line_1_78' title="bbox 1023 1594 1815 1627; baseline 0.001 -6"><span class='ocrx_word' id='word_1_530' title='bbox 1023 1594 1066 1621; x_wconf 89' lang='lat' dir='ltr'>vir</span> <span class='ocrx_word' id='word_1_531' title='bbox 1081 1599 1124 1621; x_wconf 85' lang='lat' dir='ltr'>est</span> <span class='ocrx_word' id='word_1_532' title='bbox 1141 1594 1218 1622; x_wconf 83' lang='lat' dir='ltr'><strong>testis</strong></span> <span class='ocrx_word' id='word_1_533' title='bbox 1230 1594 1384 1627; x_wconf 81' lang='lat' dir='ltr'><strong>suﬂiciens;</strong></span> <span class='ocrx_word' id='word_1_534' title='bbox 1399 1595 1463 1622; x_wconf 86' lang='lat' dir='ltr'><strong>novi</strong></span> <span class='ocrx_word' id='word_1_535' title='bbox 1478 1599 1570 1623; x_wconf 85' lang='lat' dir='ltr'><strong>autem</strong></span> <span class='ocrx_word' id='word_1_536' title='bbox 1584 1595 1657 1623; x_wconf 91' lang='lat' dir='ltr'><strong>illius</strong></span> <span class='ocrx_word' id='word_1_537' title='bbox 1672 1594 1765 1623; x_wconf 84' lang='lat' dir='ltr'><strong>Fidele</strong></span> <span class='ocrx_word' id='word_1_538' title='bbox 1778 1598 1815 1622; x_wconf 82' lang='lat' dir='ltr'><strong>te-</strong></span> 
     </span>
    </p>
   </div>
   <div class='ocr_carea' id='block_1_79' title="bbox 1025 1645 1816 1682">
    <p class='ocr_par' dir='ltr' id='par_1_79' title="bbox 1025 1645 1816 1682">
     <span class='ocr_line' id='line_1_79' title="bbox 1025 1645 1816 1682; baseline 0.003 -10"><span class='ocrx_word' id='word_1_539' title='bbox 1025 1645 1185 1673; x_wconf 88' lang='lat' dir='ltr'><strong>stimonium</strong></span> <span class='ocrx_word' id='word_1_540' title='bbox 1208 1649 1236 1673; x_wconf 87' lang='lat' dir='ltr'>et</span> <span class='ocrx_word' id='word_1_541' title='bbox 1254 1654 1359 1673; x_wconf 86' lang='lat' dir='ltr'><strong>verum.</strong></span> <span class='ocrx_word' id='word_1_542' title='bbox 1375 1647 1411 1673; x_wconf 75' lang='lat'>35</span> <span class='ocrx_word' id='word_1_543' title='bbox 1427 1646 1629 1682; x_wconf 76' lang='lat' dir='ltr'><strong>lnterrogantes</strong></span> <span class='ocrx_word' id='word_1_544' title='bbox 1651 1651 1740 1674; x_wconf 82' lang='lat' dir='ltr'><strong>autem</strong></span> <span class='ocrx_word' id='word_1_545' title='bbox 1762 1646 1816 1674; x_wconf 79' lang='lat' dir='ltr'>Ca-</span> 
     </span>
    </p>
   </div>
   <div class='ocr_carea' id='block_1_80' title="bbox 1025 1696 1816 1733">
    <p class='ocr_par' dir='ltr' id='par_1_80' title="bbox 1025 1696 1816 1733">
     <span class='ocr_line' id='line_1_80' title="bbox 1025 1696 1816 1733; baseline 0.003 -9"><span class='ocrx_word' id='word_1_546' title='bbox 1025 1701 1098 1725; x_wconf 82' lang='lat' dir='ltr'><strong>stum</strong></span> <span class='ocrx_word' id='word_1_547' title='bbox 1126 1696 1259 1728; x_wconf 83' lang='lat' dir='ltr'><strong>Joannem</strong></span> <span class='ocrx_word' id='word_1_548' title='bbox 1278 1697 1371 1725; x_wconf 86' lang='lat' dir='ltr'><strong>divina</strong></span> <span class='ocrx_word' id='word_1_549' title='bbox 1389 1698 1522 1733; x_wconf 87' lang='lat' dir='ltr'><strong>repletum</strong></span> <span class='ocrx_word' id='word_1_550' title='bbox 1545 1706 1622 1731; x_wconf 82' lang='lat' dir='ltr'><strong>voce,</strong></span> <span class='ocrx_word' id='word_1_551' title='bbox 1642 1698 1698 1726; x_wconf 87' lang='lat' dir='ltr'>Vos</span> <span class='ocrx_word' id='word_1_552' title='bbox 1713 1699 1816 1726; x_wconf 86' lang='lat' dir='ltr'><strong>monti-</strong></span> 
     </span>
    </p>
   </div>
   <div class='ocr_carea' id='block_1_81' title="bbox 1025 1749 1813 1789">
    <p class='ocr_par' dir='ltr' id='par_1_81' title="bbox 1025 1749 1813 1789">
     <span class='ocr_line' id='line_1_81' title="bbox 1025 1749 1813 1789; baseline 0.003 -13"><span class='ocrx_word' id='word_1_553' title='bbox 1025 1757 1123 1784; x_wconf 72' lang='lat' dir='ltr'><strong>vagum</strong></span> <span class='ocrx_word' id='word_1_554' title='bbox 1140 1749 1256 1777; x_wconf 86' lang='lat' dir='ltr'><strong>misistis</strong></span> <span class='ocrx_word' id='word_1_555' title='bbox 1271 1751 1404 1789; x_wconf 84' lang='lat' dir='ltr'><strong>populum</strong></span> <span class='ocrx_word' id='word_1_556' title='bbox 1419 1751 1550 1778; x_wconf 88' lang='lat' dir='ltr'><strong>viatorem</strong></span> <span class='ocrx_word' id='word_1_557' title='bbox 1564 1750 1692 1779; x_wconf 88' lang='lat' dir='ltr'><strong>Virorum</strong></span> <span class='ocrx_word' id='word_1_558' title='bbox 1710 1751 1813 1779; x_wconf 79' lang='lat' dir='ltr'><strong>sacriﬁ-</strong></span> 
     </span>
    </p>
   </div>
   <div class='ocr_carea' id='block_1_82' title="bbox 1024 1802 1815 1837">
    <p class='ocr_par' dir='ltr' id='par_1_82' title="bbox 1024 1802 1815 1837">
     <span class='ocr_line' id='line_1_82' title="bbox 1024 1802 1815 1837; baseline 0.001 -8"><span class='ocrx_word' id='word_1_559' title='bbox 1024 1809 1119 1829; x_wconf 88' lang='lat' dir='ltr'><strong>corum</strong></span> <span class='ocrx_word' id='word_1_560' title='bbox 1130 1810 1137 1835; x_wconf 87' lang='lat'><strong>;</strong></span> <span class='ocrx_word' id='word_1_561' title='bbox 1150 1806 1179 1830; x_wconf 87' lang='lat' dir='ltr'>et</span> <span class='ocrx_word' id='word_1_562' title='bbox 1195 1802 1463 1837; x_wconf 82' lang='lat' dir='ltr'><strong>irrcprehensibilem</strong></span> <span class='ocrx_word' id='word_1_563' title='bbox 1474 1803 1584 1831; x_wconf 90' lang='lat' dir='ltr'><strong>divinus</strong></span> <span class='ocrx_word' id='word_1_564' title='bbox 1599 1804 1641 1831; x_wconf 90' lang='lat' dir='ltr'>vir</span> <span class='ocrx_word' id='word_1_565' title='bbox 1656 1803 1815 1831; x_wconf 84' lang='lat' dir='ltr'><strong>Sermonem</strong></span> 
     </span>
    </p>
   </div>
   <div class='ocr_carea' id='block_1_83' title="bbox 1025 1854 1818 1890">
    <p class='ocr_par' dir='ltr' id='par_1_83' title="bbox 1025 1854 1818 1890">
     <span class='ocr_line' id='line_1_83' title="bbox 1025 1854 1818 1890; baseline 0.003 -10"><span class='ocrx_word' id='word_1_566' title='bbox 1025 1854 1149 1882; x_wconf 77' lang='lat' dir='ltr'><strong>veritatis</strong></span> <span class='ocrx_word' id='word_1_567' title='bbox 1170 1855 1310 1884; x_wconf 82' lang='lat' dir='ltr'><strong>insolubili</strong></span> <span class='ocrx_word' id='word_1_568' title='bbox 1331 1855 1485 1890; x_wconf 74' lang='lat' dir='ltr'><strong>obsignavit</strong></span> <span class='ocrx_word' id='word_1_569' title='bbox 1506 1855 1608 1888; x_wconf 87' lang='lat' dir='ltr'><strong>verbo,</strong></span> <span class='ocrx_word' id='word_1_570' title='bbox 1627 1855 1715 1883; x_wconf 86' lang='lat' dir='ltr'><strong>Testis</strong></span> <span class='ocrx_word' id='word_1_571' title='bbox 1729 1855 1818 1883; x_wconf 79' lang='lat' dir='ltr'><strong>ﬁrmi-</strong></span> 
     </span>
    </p>
   </div>
   <div class='ocr_carea' id='block_1_84' title="bbox 1026 1905 1817 1940">
    <p class='ocr_par' dir='ltr' id='par_1_84' title="bbox 1026 1905 1817 1940">
     <span class='ocr_line' id='line_1_84' title="bbox 1026 1905 1817 1940; baseline 0 -8"><span class='ocrx_word' id='word_1_572' title='bbox 1026 1905 1135 1940; x_wconf 90' lang='lat' dir='ltr'><strong>loquus.</strong></span> <span class='ocrx_word' id='word_1_573' title='bbox 1159 1905 1194 1933; x_wconf 63' lang='lat'><strong>54</strong></span> <span class='ocrx_word' id='word_1_574' title='bbox 1213 1905 1348 1937; x_wconf 67' lang='lat' dir='ltr'><strong>Terrestri</strong></span> <span class='ocrx_word' id='word_1_575' title='bbox 1373 1909 1463 1933; x_wconf 87' lang='lat' dir='ltr'><strong>autem</strong></span> <span class='ocrx_word' id='word_1_576' title='bbox 1486 1913 1502 1932; x_wconf 87' lang='lat' dir='ltr'>a</span> <span class='ocrx_word' id='word_1_577' title='bbox 1524 1912 1592 1934; x_wconf 87' lang='lat' dir='ltr'><strong>voce</strong></span> <span class='ocrx_word' id='word_1_578' title='bbox 1617 1905 1817 1933; x_wconf 87' lang='lat' dir='ltr'><strong>Testimonium</strong></span> 
     </span>
    </p>
   </div>
   <div class='ocr_carea' id='block_1_85' title="bbox 1026 1957 1817 1993">
    <p class='ocr_par' dir='ltr' id='par_1_85' title="bbox 1026 1957 1817 1993">
     <span class='ocr_line' id='line_1_85' title="bbox 1026 1957 1817 1993; baseline 0 -9"><span class='ocrx_word' id='word_1_579' title='bbox 1026 1957 1168 1984; x_wconf 89' lang='lat' dir='ltr'><strong>hominum</strong></span> <span class='ocrx_word' id='word_1_580' title='bbox 1188 1965 1243 1984; x_wconf 91' lang='lat' dir='ltr'>non</span> <span class='ocrx_word' id='word_1_581' title='bbox 1263 1957 1376 1993; x_wconf 84' lang='lat' dir='ltr'><strong>recipio,</strong></span> <span class='ocrx_word' id='word_1_582' title='bbox 1403 1958 1451 1986; x_wconf 89' lang='lat' dir='ltr'>sed</span> <span class='ocrx_word' id='word_1_583' title='bbox 1471 1958 1573 1985; x_wconf 85' lang='lat' dir='ltr'><strong>docens</strong></span> <span class='ocrx_word' id='word_1_584' title='bbox 1597 1958 1736 1991; x_wconf 66' lang='lat' dir='ltr'><strong>Ilebraaos,</strong></span> <span class='ocrx_word' id='word_1_585' title='bbox 1760 1959 1817 1985; x_wconf 62' lang='lat' dir='ltr'><strong>hare</strong></span> 
     </span>
    </p>
   </div>
   <div class='ocr_carea' id='block_1_86' title="bbox 1025 2008 1817 2043">
    <p class='ocr_par' dir='ltr' id='par_1_86' title="bbox 1025 2008 1817 2043">
     <span class='ocr_line' id='line_1_86' title="bbox 1025 2008 1817 2043; baseline 0.003 -8"><span class='ocrx_word' id='word_1_586' title='bbox 1025 2008 1118 2039; x_wconf 81' lang='lat' dir='ltr'><strong>omnia</strong></span> <span class='ocrx_word' id='word_1_587' title='bbox 1130 2008 1250 2043; x_wconf 87' lang='lat' dir='ltr'><strong>adduco,</strong></span> <span class='ocrx_word' id='word_1_588' title='bbox 1268 2012 1297 2036; x_wconf 91' lang='lat' dir='ltr'>ut</span> <span class='ocrx_word' id='word_1_589' title='bbox 1315 2009 1412 2037; x_wconf 86' lang='lat' dir='ltr'><strong>doctos</strong></span> <span class='ocrx_word' id='word_1_590' title='bbox 1426 2008 1481 2037; x_wconf 80' lang='lat' dir='ltr'>Vos</span> <span class='ocrx_word' id='word_1_591' title='bbox 1497 2010 1525 2036; x_wconf 92' lang='lat' dir='ltr'>in</span> <span class='ocrx_word' id='word_1_592' title='bbox 1540 2010 1699 2037; x_wconf 84' lang='lat' dir='ltr'><strong>universum</strong></span> <span class='ocrx_word' id='word_1_593' title='bbox 1720 2017 1817 2037; x_wconf 82' lang='lat' dir='ltr'><strong>omnes</strong></span> 
     </span>
    </p>
   </div>
   <div class='ocr_carea' id='block_1_87' title="bbox 1026 2060 1817 2097">
    <p class='ocr_par' dir='ltr' id='par_1_87' title="bbox 1026 2060 1817 2097">
     <span class='ocr_line' id='line_1_87' title="bbox 1026 2060 1817 2097; baseline 0 -9"><span class='ocrx_word' id='word_1_594' title='bbox 1026 2061 1095 2088; x_wconf 89' lang='lat' dir='ltr'><strong>meis</strong></span> <span class='ocrx_word' id='word_1_595' title='bbox 1108 2061 1199 2089; x_wconf 88' lang='lat' dir='ltr'><strong>verbis</strong></span> <span class='ocrx_word' id='word_1_596' title='bbox 1214 2061 1327 2088; x_wconf 86' lang='lat' dir='ltr'><strong>salvem.</strong></span> <span class='ocrx_word' id='word_1_597' title='bbox 1340 2061 1375 2088; x_wconf 80' lang='lat'><strong>35</strong></span> <span class='ocrx_word' id='word_1_598' title='bbox 1385 2061 1432 2088; x_wconf 86' lang='lat' dir='ltr'><strong>Ille</strong></span> <span class='ocrx_word' id='word_1_599' title='bbox 1445 2060 1566 2089; x_wconf 83' lang='lat' dir='ltr'><strong>Joannes</strong></span> <span class='ocrx_word' id='word_1_600' title='bbox 1588 2062 1727 2097; x_wconf 83' lang='lat' dir='ltr'><strong>sapientes</strong></span> <span class='ocrx_word' id='word_1_601' title='bbox 1743 2061 1817 2090; x_wconf 86' lang='lat' dir='ltr'><strong>scin-</strong></span> 
     </span>
    </p>
   </div>
   <div class='ocr_carea' id='block_1_88' title="bbox 1027 2112 1817 2148">
    <p class='ocr_par' dir='ltr' id='par_1_88' title="bbox 1027 2112 1817 2148">
     <span class='ocr_line' id='line_1_88' title="bbox 1027 2112 1817 2148; baseline 0.003 -9"><span class='ocrx_word' id='word_1_602' title='bbox 1027 2113 1101 2140; x_wconf 86' lang='lat' dir='ltr'><strong>tillas</strong></span> <span class='ocrx_word' id='word_1_603' title='bbox 1119 2112 1259 2145; x_wconf 86' lang='lat' dir='ltr'><strong>emittens,</strong></span> <span class='ocrx_word' id='word_1_604' title='bbox 1273 2112 1387 2141; x_wconf 85' lang='lat' dir='ltr'><strong>Pietatis</strong></span> <span class='ocrx_word' id='word_1_605' title='bbox 1403 2116 1461 2140; x_wconf 84' lang='lat' dir='ltr'><strong>erat</strong></span> <span class='ocrx_word' id='word_1_606' title='bbox 1479 2113 1591 2141; x_wconf 87' lang='lat' dir='ltr'><strong>lucerna</strong></span> <span class='ocrx_word' id='word_1_607' title='bbox 1607 2121 1671 2141; x_wconf 86' lang='lat' dir='ltr'><strong>vera</strong></span> <span class='ocrx_word' id='word_1_608' title='bbox 1687 2113 1754 2141; x_wconf 90' lang='lat' dir='ltr'><strong>viris</strong></span> <span class='ocrx_word' id='word_1_609' title='bbox 1769 2121 1817 2148; x_wconf 86' lang='lat' dir='ltr'><strong>ap-</strong></span> 
     </span>
    </p>
   </div>
   <div class='ocr_carea' id='block_1_89' title="bbox 566 2169 1209 2198">
    <p class='ocr_par' dir='ltr' id='par_1_89' title="bbox 566 2169 1209 2198">
     <span class='ocr_line' id='line_1_89' title="bbox 566 2169 1209 2198; baseline 0.005 -5"><span class='ocrx_word' id='word_1_610' title='bbox 566 2183 584 2193; x_wconf 55' lang='grc' dir='ltr'>ε</span> <span class='ocrx_word' id='word_1_611' title='bbox 698 2178 703 2182; x_wconf 56' lang='grc' dir='ltr'>ν</span> <span class='ocrx_word' id='word_1_612' title='bbox 782 2169 923 2198; x_wconf 71' lang='grc' dir='ltr'>ΤΕΧΤυΞ</span> <span class='ocrx_word' id='word_1_613' title='bbox 942 2169 1209 2198; x_wconf 64' lang='grc' dir='ltr'>ΕνΑΝϐΕΜδΤίΕ.</span> 
     </span>
    </p>
   </div>
   <div class='ocr_carea' id='block_1_90' title="bbox 183 2227 1813 2265">
    <p class='ocr_par' dir='ltr' id='par_1_90' title="bbox 183 2227 1813 2265">
     <span class='ocr_line' id='line_1_90' title="bbox 183 2227 1813 2265; baseline 0.002 -11"><span class='ocrx_word' id='word_1_614' title='bbox 183 2227 304 2255; x_wconf 76' lang='grc' dir='ltr'>αἰώνιον·</span> <span class='ocrx_word' id='word_1_615' title='bbox 328 2229 375 2255; x_wconf 82' lang='grc' dir='ltr'>καὶ</span> <span class='ocrx_word' id='word_1_616' title='bbox 388 2230 428 2261; x_wconf 82' lang='grc' dir='ltr'>είς</span> <span class='ocrx_word' id='word_1_617' title='bbox 443 2229 533 2265; x_wconf 81' lang='grc' dir='ltr'>κρίσιν</span> <span class='ocrx_word' id='word_1_618' title='bbox 549 2229 600 2256; x_wconf 85' lang='grc' dir='ltr'>ούκ</span> <span class='ocrx_word' id='word_1_619' title='bbox 614 2229 745 2265; x_wconf 79' lang='grc' dir='ltr'>ἔρχεται·</span> <span class='ocrx_word' id='word_1_620' title='bbox 760 2229 829 2257; x_wconf 85' lang='grc' dir='ltr'>ἀλλὰ</span> <span class='ocrx_word' id='word_1_621' title='bbox 854 2230 972 2265; x_wconf 78' lang='grc' dir='ltr'>μεταθέ-</span> <span class='ocrx_word' id='word_1_622' title='bbox 990 2232 1011 2259; x_wconf 87' lang='grc' dir='ltr'>ι)</span> <span class='ocrx_word' id='word_1_623' title='bbox 1061 2230 1095 2257; x_wconf 79' lang='grc'>50</span> <span class='ocrx_word' id='word_1_624' title='bbox 1114 2229 1151 2256; x_wconf 84' lang='grc' dir='ltr'>Οὐ</span> <span class='ocrx_word' id='word_1_625' title='bbox 1177 2229 1295 2264; x_wconf 80' lang='grc' dir='ltr'>δύναμαι</span> <span class='ocrx_word' id='word_1_626' title='bbox 1324 2229 1379 2263; x_wconf 84' lang='grc' dir='ltr'>ἐγὼ</span> <span class='ocrx_word' id='word_1_627' title='bbox 1404 2231 1491 2256; x_wconf 85' lang='grc' dir='ltr'>ποιεῖν</span> <span class='ocrx_word' id='word_1_628' title='bbox 1515 2230 1561 2256; x_wconf 82' lang='grc' dir='ltr'>ἀπ’</span> <span class='ocrx_word' id='word_1_629' title='bbox 1582 2229 1702 2264; x_wconf 75' lang='grc' dir='ltr'>ἐμαυτοῦ</span> <span class='ocrx_word' id='word_1_630' title='bbox 1727 2229 1813 2257; x_wconf 80' lang='grc' dir='ltr'>οὐδέν.</span> 
     </span>
    </p>
   </div>
   <div class='ocr_carea' id='block_1_91' title="bbox 183 2269 717 2306">
    <p class='ocr_par' dir='ltr' id='par_1_91' title="bbox 183 2269 717 2306">
     <span class='ocr_line' id='line_1_91' title="bbox 183 2269 717 2306; baseline 0.004 -10"><span class='ocrx_word' id='word_1_631' title='bbox 183 2269 268 2304; x_wconf 76' lang='grc' dir='ltr'>θηκεν</span> <span class='ocrx_word' id='word_1_632' title='bbox 283 2271 316 2297; x_wconf 83' lang='grc' dir='ltr'>ἐκ</span> <span class='ocrx_word' id='word_1_633' title='bbox 327 2270 374 2296; x_wconf 81' lang='grc' dir='ltr'>τοῦ</span> <span class='ocrx_word' id='word_1_634' title='bbox 389 2270 506 2297; x_wconf 78' lang='grc' dir='ltr'>θανάτου</span> <span class='ocrx_word' id='word_1_635' title='bbox 519 2272 558 2303; x_wconf 79' lang='grc' dir='ltr'>είς</span> <span class='ocrx_word' id='word_1_636' title='bbox 570 2271 620 2306; x_wconf 82' lang='grc' dir='ltr'>τὴν</span> <span class='ocrx_word' id='word_1_637' title='bbox 634 2271 717 2306; x_wconf 83' lang='grc' dir='ltr'>ζωήν.</span> 
     </span>
    </p>
   </div>
   <div class='ocr_carea' id='block_1_92' title="bbox 168 2311 975 2349">
    <p class='ocr_par' dir='ltr' id='par_1_92' title="bbox 168 2311 975 2349">
     <span class='ocr_line' id='line_1_92' title="bbox 168 2311 975 2349; baseline 0.004 -12"><span class='ocrx_word' id='word_1_638' title='bbox 168 2313 175 2347; x_wconf 67' lang='grc' dir='ltr'>ξ</span> <span class='ocrx_word' id='word_1_639' title='bbox 219 2311 255 2338; x_wconf 73' lang='grc'>25</span> <span class='ocrx_word' id='word_1_640' title='bbox 276 2311 361 2347; x_wconf 74' lang='grc' dir='ltr'>Ἀμὴν</span> <span class='ocrx_word' id='word_1_641' title='bbox 378 2311 451 2347; x_wconf 89' lang='grc' dir='ltr'>ἀμὴν</span> <span class='ocrx_word' id='word_1_642' title='bbox 464 2311 535 2345; x_wconf 84' lang='grc' dir='ltr'>λέγω</span> <span class='ocrx_word' id='word_1_643' title='bbox 554 2312 618 2347; x_wconf 77' lang='grc' dir='ltr'>ὑμῖν</span> <span class='ocrx_word' id='word_1_644' title='bbox 631 2332 639 2344; x_wconf 86' lang='grc'>,</span> <span class='ocrx_word' id='word_1_645' title='bbox 652 2313 692 2339; x_wconf 86' lang='grc' dir='ltr'>ὃτι</span> <span class='ocrx_word' id='word_1_646' title='bbox 707 2312 816 2348; x_wconf 79' lang='grc' dir='ltr'>ἔρχεται</span> <span class='ocrx_word' id='word_1_647' title='bbox 833 2312 907 2349; x_wconf 81' lang='grc' dir='ltr'>ὥρα,</span> <span class='ocrx_word' id='word_1_648' title='bbox 927 2314 975 2340; x_wconf 78' lang='grc' dir='ltr'>καὶ</span> 
     </span>
    </p>
   </div>
   <div class='ocr_carea' id='block_1_93' title="bbox 165 2353 973 2390">
    <p class='ocr_par' dir='ltr' id='par_1_93' title="bbox 165 2353 973 2390">
     <span class='ocr_line' id='line_1_93' title="bbox 165 2353 973 2390; baseline 0.005 -11"><span class='ocrx_word' id='word_1_649' title='bbox 165 2374 168 2379; x_wconf 96' lang='grc'>.</span> <span class='ocrx_word' id='word_1_650' title='bbox 183 2353 232 2379; x_wconf 86' lang='grc' dir='ltr'>νῦν</span> <span class='ocrx_word' id='word_1_651' title='bbox 248 2353 321 2380; x_wconf 76' lang='grc' dir='ltr'>ἐστιν</span> <span class='ocrx_word' id='word_1_652' title='bbox 333 2374 340 2385; x_wconf 86' lang='grc'>,</span> <span class='ocrx_word' id='word_1_653' title='bbox 363 2353 406 2379; x_wconf 83' lang='grc' dir='ltr'>ὅτε</span> <span class='ocrx_word' id='word_1_654' title='bbox 422 2354 447 2379; x_wconf 90' lang='lat' dir='ltr'><strong>ol.</strong></span> <span class='ocrx_word' id='word_1_655' title='bbox 461 2354 554 2388; x_wconf 72' lang='grc' dir='ltr'>νεκροὶ</span> <span class='ocrx_word' id='word_1_656' title='bbox 570 2353 731 2380; x_wconf 84' lang='grc' dir='ltr'>ἀκούσονται</span> <span class='ocrx_word' id='word_1_657' title='bbox 752 2354 802 2389; x_wconf 84' lang='grc' dir='ltr'>τῆς</span> <span class='ocrx_word' id='word_1_658' title='bbox 816 2355 909 2390; x_wconf 82' lang='grc' dir='ltr'>φωνῆς</span> <span class='ocrx_word' id='word_1_659' title='bbox 926 2355 973 2382; x_wconf 86' lang='grc' dir='ltr'>τοῦ</span> 
     </span>
    </p>
   </div>
   <div class='ocr_carea' id='block_1_94' title="bbox 185 2394 838 2430">
    <p class='ocr_par' dir='ltr' id='par_1_94' title="bbox 185 2394 838 2430">
     <span class='ocr_line' id='line_1_94' title="bbox 185 2394 838 2430; baseline 0.002 -9"><span class='ocrx_word' id='word_1_660' title='bbox 185 2394 249 2421; x_wconf 87' lang='grc' dir='ltr'>Υἱοῦ</span> <span class='ocrx_word' id='word_1_661' title='bbox 263 2394 310 2421; x_wconf 89' lang='grc' dir='ltr'>τοῦ</span> <span class='ocrx_word' id='word_1_662' title='bbox 323 2394 391 2421; x_wconf 83' lang='grc' dir='ltr'>Θεοῦ</span> <span class='ocrx_word' id='word_1_663' title='bbox 400 2403 406 2410; x_wconf 91' lang='grc'><strong>·</strong></span> <span class='ocrx_word' id='word_1_664' title='bbox 422 2395 468 2421; x_wconf 74' lang='grc' dir='ltr'>καὶ</span> <span class='ocrx_word' id='word_1_665' title='bbox 483 2395 507 2421; x_wconf 79' lang='grc' dir='ltr'>οἱ</span> <span class='ocrx_word' id='word_1_666' title='bbox 520 2394 686 2426; x_wconf 83' lang='grc' dir='ltr'>ἀκούσαντες</span> <span class='ocrx_word' id='word_1_667' title='bbox 699 2395 838 2430; x_wconf 80' lang='grc' dir='ltr'>ζήσονται.</span> 
     </span>
    </p>
   </div>
   <div class='ocr_carea' id='block_1_95' title="bbox 219 2436 975 2473">
    <p class='ocr_par' dir='ltr' id='par_1_95' title="bbox 219 2436 975 2473">
     <span class='ocr_line' id='line_1_95' title="bbox 219 2436 975 2473; baseline 0.004 -11"><span class='ocrx_word' id='word_1_668' title='bbox 219 2437 254 2463; x_wconf 69' lang='lat'>96</span> <span class='ocrx_word' id='word_1_669' title='bbox 267 2437 372 2471; x_wconf 83' lang='grc' dir='ltr'>Ὥσπερ</span> <span class='ocrx_word' id='word_1_670' title='bbox 385 2436 440 2471; x_wconf 79' lang='grc' dir='ltr'>γὰρ</span> <span class='ocrx_word' id='word_1_671' title='bbox 458 2436 472 2462; x_wconf 80' lang='grc' dir='ltr'>δ</span> <span class='ocrx_word' id='word_1_672' title='bbox 487 2437 582 2471; x_wconf 85' lang='grc' dir='ltr'>Πατὴρ</span> <span class='ocrx_word' id='word_1_673' title='bbox 599 2436 655 2471; x_wconf 80' lang='grc' dir='ltr'>ἔχει</span> <span class='ocrx_word' id='word_1_674' title='bbox 674 2436 745 2472; x_wconf 74' lang='grc' dir='ltr'>ζωὴν</span> <span class='ocrx_word' id='word_1_675' title='bbox 759 2438 787 2463; x_wconf 81' lang='grc' dir='ltr'>ἐν</span> <span class='ocrx_word' id='word_1_676' title='bbox 806 2437 911 2473; x_wconf 79' lang='grc' dir='ltr'>ἐαυτῷ,</span> <span class='ocrx_word' id='word_1_677' title='bbox 930 2437 975 2464; x_wconf 82' lang='grc' dir='ltr'>οὓ-</span> 
     </span>
    </p>
   </div>
   <div class='ocr_carea' id='block_1_96' title="bbox 184 2477 850 2514">
    <p class='ocr_par' dir='ltr' id='par_1_96' title="bbox 184 2477 850 2514">
     <span class='ocr_line' id='line_1_96' title="bbox 184 2477 850 2514; baseline 0.002 -10"><span class='ocrx_word' id='word_1_678' title='bbox 184 2486 238 2509; x_wconf 83' lang='grc' dir='ltr'>τως</span> <span class='ocrx_word' id='word_1_679' title='bbox 251 2478 335 2504; x_wconf 78' lang='grc' dir='ltr'>ἔδωκε</span> <span class='ocrx_word' id='word_1_680' title='bbox 356 2478 404 2504; x_wconf 78' lang='grc' dir='ltr'>καὶ</span> <span class='ocrx_word' id='word_1_681' title='bbox 416 2478 456 2513; x_wconf 87' lang='grc' dir='ltr'>τῷ</span> <span class='ocrx_word' id='word_1_682' title='bbox 468 2477 525 2512; x_wconf 84' lang='grc' dir='ltr'>Υῑῷ</span> <span class='ocrx_word' id='word_1_683' title='bbox 537 2478 610 2514; x_wconf 79' lang='grc' dir='ltr'>ζωὴν</span> <span class='ocrx_word' id='word_1_684' title='bbox 625 2477 698 2513; x_wconf 74' lang='grc' dir='ltr'>ἔχειν</span> <span class='ocrx_word' id='word_1_685' title='bbox 711 2478 740 2504; x_wconf 85' lang='grc' dir='ltr'>ἐν</span> <span class='ocrx_word' id='word_1_686' title='bbox 751 2478 850 2513; x_wconf 81' lang='grc' dir='ltr'>ἐαυτῷ.</span> 
     </span>
    </p>
   </div>
   <div class='ocr_carea' id='block_1_97' title="bbox 219 2519 974 2555">
    <p class='ocr_par' dir='ltr' id='par_1_97' title="bbox 219 2519 974 2555">
     <span class='ocr_line' id='line_1_97' title="bbox 219 2519 974 2555; baseline 0.003 -10"><span class='ocrx_word' id='word_1_687' title='bbox 219 2519 254 2546; x_wconf 76' lang='lat'>27</span> <span class='ocrx_word' id='word_1_688' title='bbox 269 2520 324 2546; x_wconf 81' lang='grc' dir='ltr'>Καὶ</span> <span class='ocrx_word' id='word_1_689' title='bbox 341 2519 466 2552; x_wconf 78' lang='grc' dir='ltr'>ἐξουσίαν</span> <span class='ocrx_word' id='word_1_690' title='bbox 491 2520 590 2546; x_wconf 80' lang='grc' dir='ltr'>ἔδωκεν</span> <span class='ocrx_word' id='word_1_691' title='bbox 608 2519 683 2554; x_wconf 81' lang='grc' dir='ltr'>αὐτῷ</span> <span class='ocrx_word' id='word_1_692' title='bbox 697 2519 746 2546; x_wconf 81' lang='grc' dir='ltr'>καὶ</span> <span class='ocrx_word' id='word_1_693' title='bbox 769 2519 859 2555; x_wconf 85' lang='grc' dir='ltr'>κρίσιν</span> <span class='ocrx_word' id='word_1_694' title='bbox 875 2522 974 2552; x_wconf 82' lang='grc' dir='ltr'>ποιεῖν,</span> 
     </span>
    </p>
   </div>
   <div class='ocr_carea' id='block_1_98' title="bbox 184 2560 542 2597">
    <p class='ocr_par' dir='ltr' id='par_1_98' title="bbox 184 2560 542 2597">
     <span class='ocr_line' id='line_1_98' title="bbox 184 2560 542 2597; baseline 0.003 -10"><span class='ocrx_word' id='word_1_695' title='bbox 184 2561 226 2587; x_wconf 82' lang='grc' dir='ltr'>ὅτι</span> <span class='ocrx_word' id='word_1_696' title='bbox 240 2561 303 2592; x_wconf 79' lang='grc' dir='ltr'>Υἱὸς</span> <span class='ocrx_word' id='word_1_697' title='bbox 317 2560 461 2597; x_wconf 85' lang='grc' dir='ltr'>ἀνθρώπου</span> <span class='ocrx_word' id='word_1_698' title='bbox 475 2561 542 2588; x_wconf 85' lang='grc' dir='ltr'>ἐστι.</span> 
     </span>
    </p>
   </div>
   <div class='ocr_carea' id='block_1_99' title="bbox 219 2600 975 2639">
    <p class='ocr_par' dir='ltr' id='par_1_99' title="bbox 219 2600 975 2639">
     <span class='ocr_line' id='line_1_99' title="bbox 219 2600 975 2639; baseline -0.001 -10"><span class='ocrx_word' id='word_1_699' title='bbox 219 2602 254 2629; x_wconf 70' lang='grc'>28</span> <span class='ocrx_word' id='word_1_700' title='bbox 273 2602 319 2637; x_wconf 83' lang='grc' dir='ltr'>Μὴ</span> <span class='ocrx_word' id='word_1_701' title='bbox 337 2602 491 2637; x_wconf 77' lang='grc' dir='ltr'>θαυμάζετε</span> <span class='ocrx_word' id='word_1_702' title='bbox 514 2602 606 2629; x_wconf 85' lang='grc' dir='ltr'>τοῦτο·</span> <span class='ocrx_word' id='word_1_703' title='bbox 629 2602 670 2629; x_wconf 85' lang='grc' dir='ltr'>ὅτι</span> <span class='ocrx_word' id='word_1_704' title='bbox 691 2601 800 2637; x_wconf 73' lang='grc' dir='ltr'>ἔρχεται</span> <span class='ocrx_word' id='word_1_705' title='bbox 822 2601 881 2637; x_wconf 83' lang='grc' dir='ltr'>ὥρα</span> <span class='ocrx_word' id='word_1_706' title='bbox 906 2603 935 2628; x_wconf 86' lang='grc' dir='ltr'>ἐν</span> 
     </span>
    </p>
   </div>
   <div class='ocr_carea' id='block_1_100' title="bbox 184 2644 975 2682">
    <p class='ocr_par' dir='ltr' id='par_1_100' title="bbox 184 2644 975 2682">
     <span class='ocr_line' id='line_1_100' title="bbox 184 2644 975 2682; baseline 0.004 -12"><span class='ocrx_word' id='word_1_707' title='bbox 184 2644 286 2677; x_wconf 59' lang='grc' dir='ltr'>πάντες</span> <span class='ocrx_word' id='word_1_708' title='bbox 305 2646 330 2672; x_wconf 82' lang='grc' dir='ltr'>οἱ</span> <span class='ocrx_word' id='word_1_709' title='bbox 344 2647 373 2672; x_wconf 85' lang='grc' dir='ltr'>ἐν</span> <span class='ocrx_word' id='word_1_710' title='bbox 395 2647 451 2677; x_wconf 81' lang='grc' dir='ltr'>τοῖς</span> <span class='ocrx_word' id='word_1_711' title='bbox 475 2646 618 2682; x_wconf 86' lang='grc' dir='ltr'>μνημείοις</span> <span class='ocrx_word' id='word_1_712' title='bbox 637 2645 798 2673; x_wconf 79' lang='grc' dir='ltr'>ἀκούσονται</span> <span class='ocrx_word' id='word_1_713' title='bbox 814 2646 865 2682; x_wconf 83' lang='grc' dir='ltr'>τῆς</span> <span class='ocrx_word' id='word_1_714' title='bbox 884 2646 975 2681; x_wconf 67' lang='grc' dir='ltr'>φωνῆς</span> 
     </span>
    </p>
   </div>
   <div class='ocr_carea' id='block_1_101' title="bbox 186 2695 439 2715">
    <p class='ocr_par' dir='ltr' id='par_1_101' title="bbox 186 2695 439 2715">
     <span class='ocr_line' id='line_1_101' title="bbox 186 2695 439 2715; baseline -0.004 -2"><span class='ocrx_word' id='word_1_715' title='bbox 186 2695 280 2713; x_wconf 75' lang='grc' dir='ltr'>αυτου.</span> <span class='ocrx_word' id='word_1_716' title='bbox 434 2708 439 2715; x_wconf 74' lang='lat'><strong><em>.</em></strong></span> 
     </span>
    </p>
   </div>
   <div class='ocr_carea' id='block_1_102' title="bbox 220 2727 975 2766">
    <p class='ocr_par' dir='ltr' id='par_1_102' title="bbox 220 2727 975 2766">
     <span class='ocr_line' id='line_1_102' title="bbox 220 2727 975 2766; baseline 0.005 -13"><span class='ocrx_word' id='word_1_717' title='bbox 220 2727 257 2754; x_wconf 69' lang='lat'>29</span> <span class='ocrx_word' id='word_1_718' title='bbox 270 2728 324 2754; x_wconf 76' lang='grc' dir='ltr'>Καὶ</span> <span class='ocrx_word' id='word_1_719' title='bbox 351 2728 563 2764; x_wconf 79' lang='grc' dir='ltr'>ἐκπορεύσονται</span> <span class='ocrx_word' id='word_1_720' title='bbox 577 2729 663 2756; x_wconf 60' lang='lat' dir='ltr'><strong>ama;</strong></span> <span class='ocrx_word' id='word_1_721' title='bbox 687 2729 777 2763; x_wconf 81' lang='grc' dir='ltr'>ἀγαθὰ</span> <span class='ocrx_word' id='word_1_722' title='bbox 802 2731 975 2766; x_wconf 75' lang='grc' dir='ltr'>ποιήσαντες,</span> 
     </span>
    </p>
   </div>
   <div class='ocr_carea' id='block_1_103' title="bbox 186 2767 977 2807">
    <p class='ocr_par' dir='ltr' id='par_1_103' title="bbox 186 2767 977 2807">
     <span class='ocr_line' id='line_1_103' title="bbox 186 2767 977 2807; baseline 0.005 -13"><span class='ocrx_word' id='word_1_723' title='bbox 186 2767 228 2799; x_wconf 78' lang='grc' dir='ltr'>εἰς</span> <span class='ocrx_word' id='word_1_724' title='bbox 241 2768 389 2796; x_wconf 81' lang='grc' dir='ltr'>ἀνάστασιν</span> <span class='ocrx_word' id='word_1_725' title='bbox 404 2770 475 2804; x_wconf 80' lang='grc' dir='ltr'>ζωῆς</span> <span class='ocrx_word' id='word_1_726' title='bbox 487 2779 493 2786; x_wconf 83' lang='grc'><em>”</em></span> <span class='ocrx_word' id='word_1_727' title='bbox 514 2771 537 2798; x_wconf 74' lang='grc' dir='ltr'>οἱ</span> <span class='ocrx_word' id='word_1_728' title='bbox 554 2770 582 2797; x_wconf 83' lang='grc' dir='ltr'>δὲ</span> <span class='ocrx_word' id='word_1_729' title='bbox 598 2770 632 2797; x_wconf 84' lang='grc' dir='ltr'>τὰ</span> <span class='ocrx_word' id='word_1_730' title='bbox 650 2771 738 2806; x_wconf 74' lang='grc' dir='ltr'>φαῦλα</span> <span class='ocrx_word' id='word_1_731' title='bbox 755 2772 921 2807; x_wconf 80' lang='grc' dir='ltr'>πράξαντες,</span> <span class='ocrx_word' id='word_1_732' title='bbox 938 2773 977 2803; x_wconf 81' lang='grc' dir='ltr'>εἰς</span> 
     </span>
    </p>
   </div>
   <div class='ocr_carea' id='block_1_104' title="bbox 192 2809 932 2846">
    <p class='ocr_par' dir='ltr' id='par_1_104' title="bbox 192 2809 932 2846">
     <span class='ocr_line' id='line_1_104' title="bbox 192 2809 932 2846; baseline 0.007 -10"><span class='ocrx_word' id='word_1_733' title='bbox 192 2809 340 2838; x_wconf 73' lang='grc' dir='ltr'>ἀνάστασιν</span> <span class='ocrx_word' id='word_1_734' title='bbox 357 2811 482 2846; x_wconf 76' lang='grc' dir='ltr'>κρίσεως.</span> <span class='ocrx_word' id='word_1_735' title='bbox 928 2810 932 2815; x_wconf 82' lang='grc'><strong>’</strong></span> 
     </span>
    </p>
   </div>
   <div class='ocr_carea' id='block_1_105' title="bbox 1028 2270 1816 2306">
    <p class='ocr_par' dir='ltr' id='par_1_105' title="bbox 1028 2270 1816 2306">
     <span class='ocr_line' id='line_1_105' title="bbox 1028 2270 1816 2306; baseline 0 -8"><span class='ocrx_word' id='word_1_736' title='bbox 1028 2270 1127 2303; x_wconf 83' lang='grc' dir='ltr'>Καθὼς</span> <span class='ocrx_word' id='word_1_737' title='bbox 1139 2270 1230 2297; x_wconf 84' lang='grc' dir='ltr'>ἀκούω</span> <span class='ocrx_word' id='word_1_738' title='bbox 1242 2291 1250 2302; x_wconf 91' lang='grc'>,</span> <span class='ocrx_word' id='word_1_739' title='bbox 1273 2271 1359 2305; x_wconf 86' lang='grc' dir='ltr'>κρίνω</span> <span class='ocrx_word' id='word_1_740' title='bbox 1372 2279 1379 2286; x_wconf 73' lang='grc'><em>’</em></span> <span class='ocrx_word' id='word_1_741' title='bbox 1403 2271 1451 2297; x_wconf 74' lang='grc' dir='ltr'>καὶ</span> <span class='ocrx_word' id='word_1_742' title='bbox 1470 2272 1486 2306; x_wconf 81' lang='grc' dir='ltr'>ἡ</span> <span class='ocrx_word' id='word_1_743' title='bbox 1510 2271 1600 2306; x_wconf 83' lang='grc' dir='ltr'>κρίσις</span> <span class='ocrx_word' id='word_1_744' title='bbox 1622 2271 1638 2306; x_wconf 86' lang='grc' dir='ltr'>ὴ</span> <span class='ocrx_word' id='word_1_745' title='bbox 1655 2271 1709 2306; x_wconf 83' lang='grc' dir='ltr'>ἐμὴ</span> <span class='ocrx_word' id='word_1_746' title='bbox 1726 2271 1816 2298; x_wconf 85' lang='grc' dir='ltr'>δικαία</span> 
     </span>
    </p>
   </div>
   <div class='ocr_carea' id='block_1_106' title="bbox 1027 2311 1818 2348">
    <p class='ocr_par' dir='ltr' id='par_1_106' title="bbox 1027 2311 1818 2348">
     <span class='ocr_line' id='line_1_106' title="bbox 1027 2311 1818 2348; baseline 0.001 -10"><span class='ocrx_word' id='word_1_747' title='bbox 1027 2312 1103 2339; x_wconf 85' lang='grc' dir='ltr'>ἐστίν</span> <span class='ocrx_word' id='word_1_748' title='bbox 1113 2321 1120 2328; x_wconf 88' lang='grc'><strong>·</strong></span> <span class='ocrx_word' id='word_1_749' title='bbox 1137 2312 1178 2338; x_wconf 81' lang='grc' dir='ltr'>ὅτι</span> <span class='ocrx_word' id='word_1_750' title='bbox 1192 2313 1223 2338; x_wconf 84' lang='grc' dir='ltr'>οὑ</span> <span class='ocrx_word' id='word_1_751' title='bbox 1242 2311 1316 2346; x_wconf 75' lang='grc' dir='ltr'>ζητὼ</span> <span class='ocrx_word' id='word_1_752' title='bbox 1331 2311 1361 2337; x_wconf 82' lang='grc' dir='ltr'>τὸ</span> <span class='ocrx_word' id='word_1_753' title='bbox 1377 2311 1483 2347; x_wconf 81' lang='grc' dir='ltr'>θέλημα</span> <span class='ocrx_word' id='word_1_754' title='bbox 1501 2313 1531 2338; x_wconf 84' lang='grc' dir='ltr'>τὸ</span> <span class='ocrx_word' id='word_1_755' title='bbox 1546 2314 1611 2348; x_wconf 76' lang='grc' dir='ltr'>ἐμὸν</span> <span class='ocrx_word' id='word_1_756' title='bbox 1621 2332 1629 2344; x_wconf 89' lang='grc'>,</span> <span class='ocrx_word' id='word_1_757' title='bbox 1646 2312 1715 2339; x_wconf 80' lang='grc' dir='ltr'>ἀλλὰ</span> <span class='ocrx_word' id='word_1_758' title='bbox 1728 2313 1759 2339; x_wconf 83' lang='grc' dir='ltr'>τὸ</span> <span class='ocrx_word' id='word_1_759' title='bbox 1773 2313 1818 2339; x_wconf 83' lang='grc' dir='ltr'>θέ-</span> 
     </span>
    </p>
   </div>
   <div class='ocr_carea' id='block_1_107' title="bbox 1028 2353 1514 2389">
    <p class='ocr_par' dir='ltr' id='par_1_107' title="bbox 1028 2353 1514 2389">
     <span class='ocr_line' id='line_1_107' title="bbox 1028 2353 1514 2389; baseline 0.002 -9"><span class='ocrx_word' id='word_1_760' title='bbox 1028 2354 1103 2389; x_wconf 86' lang='grc' dir='ltr'>λημα</span> <span class='ocrx_word' id='word_1_761' title='bbox 1116 2353 1162 2380; x_wconf 72' lang='grc' dir='ltr'>τοῦ</span> <span class='ocrx_word' id='word_1_762' title='bbox 1179 2353 1335 2388; x_wconf 72' lang='grc' dir='ltr'>πέμψαντός</span> <span class='ocrx_word' id='word_1_763' title='bbox 1349 2362 1382 2388; x_wconf 90' lang='grc' dir='ltr'>με</span> <span class='ocrx_word' id='word_1_764' title='bbox 1398 2353 1514 2388; x_wconf 79' lang='grc' dir='ltr'>Πατρός.</span> 
     </span>
    </p>
   </div>
   <div class='ocr_carea' id='block_1_108' title="bbox 1062 2393 1817 2431">
    <p class='ocr_par' dir='ltr' id='par_1_108' title="bbox 1062 2393 1817 2431">
     <span class='ocr_line' id='line_1_108' title="bbox 1062 2393 1817 2431; baseline 0 -9"><span class='ocrx_word' id='word_1_765' title='bbox 1062 2395 1093 2422; x_wconf 79' lang='grc'><strong>51</strong></span> <span class='ocrx_word' id='word_1_766' title='bbox 1117 2395 1181 2421; x_wconf 80' lang='grc' dir='ltr'>Ἐὰν</span> <span class='ocrx_word' id='word_1_767' title='bbox 1195 2393 1251 2428; x_wconf 82' lang='grc' dir='ltr'>ἐγὼ</span> <span class='ocrx_word' id='word_1_768' title='bbox 1264 2394 1395 2430; x_wconf 84' lang='grc' dir='ltr'>μαρτυρῶ</span> <span class='ocrx_word' id='word_1_769' title='bbox 1410 2395 1474 2430; x_wconf 80' lang='grc' dir='ltr'>περὶ</span> <span class='ocrx_word' id='word_1_770' title='bbox 1487 2394 1619 2430; x_wconf 80' lang='grc' dir='ltr'>ἐμαυτοῦ,</span> <span class='ocrx_word' id='word_1_771' title='bbox 1640 2396 1658 2431; x_wconf 85' lang='grc' dir='ltr'>ὴ</span> <span class='ocrx_word' id='word_1_772' title='bbox 1679 2396 1817 2431; x_wconf 83' lang='grc' dir='ltr'>μαρτυρία</span> 
     </span>
    </p>
   </div>
   <div class='ocr_carea' id='block_1_109' title="bbox 1030 2436 1358 2472">
    <p class='ocr_par' dir='ltr' id='par_1_109' title="bbox 1030 2436 1358 2472">
     <span class='ocr_line' id='line_1_109' title="bbox 1030 2436 1358 2472; baseline 0 -10"><span class='ocrx_word' id='word_1_773' title='bbox 1030 2445 1080 2472; x_wconf 89' lang='grc' dir='ltr'>μου</span> <span class='ocrx_word' id='word_1_774' title='bbox 1096 2437 1146 2462; x_wconf 84' lang='grc' dir='ltr'>οὐκ</span> <span class='ocrx_word' id='word_1_775' title='bbox 1159 2436 1232 2463; x_wconf 80' lang='grc' dir='ltr'>ἐστιν</span> <span class='ocrx_word' id='word_1_776' title='bbox 1246 2436 1358 2471; x_wconf 78' lang='grc' dir='ltr'>ἀληθής.</span> 
     </span>
    </p>
   </div>
   <div class='ocr_carea' id='block_1_110' title="bbox 1063 2477 1818 2514">
    <p class='ocr_par' dir='ltr' id='par_1_110' title="bbox 1063 2477 1818 2514">
     <span class='ocr_line' id='line_1_110' title="bbox 1063 2477 1818 2514; baseline 0.003 -9"><span class='ocrx_word' id='word_1_777' title='bbox 1063 2478 1098 2506; x_wconf 70' lang='grc'>52</span> <span class='ocrx_word' id='word_1_778' title='bbox 1115 2478 1211 2510; x_wconf 75' lang='grc' dir='ltr'>Ἄλλος</span> <span class='ocrx_word' id='word_1_779' title='bbox 1223 2478 1296 2504; x_wconf 77' lang='grc' dir='ltr'>ἐστὶν</span> <span class='ocrx_word' id='word_1_780' title='bbox 1311 2479 1324 2504; x_wconf 88' lang='grc' dir='ltr'><strong>ό</strong></span> <span class='ocrx_word' id='word_1_781' title='bbox 1338 2477 1485 2514; x_wconf 83' lang='grc' dir='ltr'>μαρτυρῶν</span> <span class='ocrx_word' id='word_1_782' title='bbox 1502 2479 1566 2514; x_wconf 79' lang='grc' dir='ltr'>περὶ</span> <span class='ocrx_word' id='word_1_783' title='bbox 1590 2479 1656 2514; x_wconf 81' lang='grc' dir='ltr'>ἐμοῦ</span> <span class='ocrx_word' id='word_1_784' title='bbox 1667 2499 1675 2511; x_wconf 89' lang='grc'>,</span> <span class='ocrx_word' id='word_1_785' title='bbox 1697 2478 1744 2506; x_wconf 73' lang='grc' dir='ltr'>καὶ</span> <span class='ocrx_word' id='word_1_786' title='bbox 1760 2477 1818 2507; x_wconf 70' lang='grc' dir='ltr'>οῖδα</span> 
     </span>
    </p>
   </div>
   <div class='ocr_carea' id='block_1_111' title="bbox 1028 2520 1816 2556">
    <p class='ocr_par' dir='ltr' id='par_1_111' title="bbox 1028 2520 1816 2556">
     <span class='ocr_line' id='line_1_111' title="bbox 1028 2520 1816 2556; baseline 0.001 -10"><span class='ocrx_word' id='word_1_787' title='bbox 1028 2521 1069 2547; x_wconf 80' lang='grc' dir='ltr'>ὅτι</span> <span class='ocrx_word' id='word_1_788' title='bbox 1085 2520 1189 2554; x_wconf 84' lang='grc' dir='ltr'>ἀληθής</span> <span class='ocrx_word' id='word_1_789' title='bbox 1205 2520 1277 2546; x_wconf 85' lang='grc' dir='ltr'>ἐστιν</span> <span class='ocrx_word' id='word_1_790' title='bbox 1293 2520 1309 2554; x_wconf 81' lang='grc' dir='ltr'>ἡ</span> <span class='ocrx_word' id='word_1_791' title='bbox 1322 2521 1458 2556; x_wconf 86' lang='grc' dir='ltr'>μαρτυρία</span> <span class='ocrx_word' id='word_1_792' title='bbox 1469 2521 1503 2556; x_wconf 82' lang='grc' dir='ltr'>ἣν</span> <span class='ocrx_word' id='word_1_793' title='bbox 1515 2523 1649 2556; x_wconf 85' lang='grc' dir='ltr'>μαρτυρεῖ</span> <span class='ocrx_word' id='word_1_794' title='bbox 1660 2521 1723 2556; x_wconf 75' lang='grc' dir='ltr'>περὶ</span> <span class='ocrx_word' id='word_1_795' title='bbox 1737 2521 1816 2556; x_wconf 80' lang='grc' dir='ltr'>ἐμοῦ.</span> 
     </span>
    </p>
   </div>
   <div class='ocr_carea' id='block_1_112' title="bbox 1066 2561 1817 2599">
    <p class='ocr_par' dir='ltr' id='par_1_112' title="bbox 1066 2561 1817 2599">
     <span class='ocr_line' id='line_1_112' title="bbox 1066 2561 1817 2599; baseline 0 -10"><span class='ocrx_word' id='word_1_796' title='bbox 1066 2562 1100 2589; x_wconf 80' lang='grc'>55</span> <span class='ocrx_word' id='word_1_797' title='bbox 1120 2561 1213 2596; x_wconf 83' lang='grc' dir='ltr'>Ὑμεῖς</span> <span class='ocrx_word' id='word_1_798' title='bbox 1231 2561 1418 2589; x_wconf 84' lang='grc' dir='ltr'>ἀπεστάλκατε</span> <span class='ocrx_word' id='word_1_799' title='bbox 1444 2562 1512 2598; x_wconf 81' lang='grc' dir='ltr'>πρὸς</span> <span class='ocrx_word' id='word_1_800' title='bbox 1532 2563 1659 2599; x_wconf 82' lang='grc' dir='ltr'>Ἰωάννην</span> <span class='ocrx_word' id='word_1_801' title='bbox 1672 2582 1680 2595; x_wconf 84' lang='grc'>,</span> <span class='ocrx_word' id='word_1_802' title='bbox 1700 2563 1746 2589; x_wconf 73' lang='grc' dir='ltr'>καὶ</span> <span class='ocrx_word' id='word_1_803' title='bbox 1769 2572 1817 2598; x_wconf 88' lang='grc' dir='ltr'>με-</span> 
     </span>
    </p>
   </div>
   <div class='ocr_carea' id='block_1_113' title="bbox 1031 2603 1378 2639">
    <p class='ocr_par' dir='ltr' id='par_1_113' title="bbox 1031 2603 1378 2639">
     <span class='ocr_line' id='line_1_113' title="bbox 1031 2603 1378 2639; baseline 0.003 -9"><span class='ocrx_word' id='word_1_804' title='bbox 1031 2603 1193 2639; x_wconf 83' lang='grc' dir='ltr'>μαρτύρηκε</span> <span class='ocrx_word' id='word_1_805' title='bbox 1203 2605 1237 2638; x_wconf 81' lang='grc' dir='ltr'>τῇ</span> <span class='ocrx_word' id='word_1_806' title='bbox 1255 2603 1378 2639; x_wconf 76' lang='grc' dir='ltr'>ἀληθείᾳ.</span> 
     </span>
    </p>
   </div>
   <div class='ocr_carea' id='block_1_114' title="bbox 1067 2645 1817 2682">
    <p class='ocr_par' dir='ltr' id='par_1_114' title="bbox 1067 2645 1817 2682">
     <span class='ocr_line' id='line_1_114' title="bbox 1067 2645 1817 2682; baseline 0 -10"><span class='ocrx_word' id='word_1_807' title='bbox 1067 2645 1102 2672; x_wconf 71' lang='grc'>54</span> <span class='ocrx_word' id='word_1_808' title='bbox 1125 2645 1195 2679; x_wconf 86' lang='grc' dir='ltr'>Ἐγὼ</span> <span class='ocrx_word' id='word_1_809' title='bbox 1218 2645 1245 2671; x_wconf 76' lang='grc' dir='ltr'>δὲ</span> <span class='ocrx_word' id='word_1_810' title='bbox 1268 2645 1297 2671; x_wconf 86' lang='grc' dir='ltr'>ού</span> <span class='ocrx_word' id='word_1_811' title='bbox 1321 2646 1396 2680; x_wconf 78' lang='grc' dir='ltr'>παρὰ</span> <span class='ocrx_word' id='word_1_812' title='bbox 1425 2646 1569 2682; x_wconf 84' lang='grc' dir='ltr'>ἀνθρώπου</span> <span class='ocrx_word' id='word_1_813' title='bbox 1598 2646 1646 2681; x_wconf 84' lang='grc' dir='ltr'>τὴν</span> <span class='ocrx_word' id='word_1_814' title='bbox 1666 2645 1817 2680; x_wconf 79' lang='grc' dir='ltr'>μαρτυρίαν</span> 
     </span>
    </p>
   </div>
   <div class='ocr_carea' id='block_1_115' title="bbox 1033 2686 1732 2724">
    <p class='ocr_par' dir='ltr' id='par_1_115' title="bbox 1033 2686 1732 2724">
     <span class='ocr_line' id='line_1_115' title="bbox 1033 2686 1732 2724; baseline 0.001 -11"><span class='ocrx_word' id='word_1_815' title='bbox 1033 2686 1165 2722; x_wconf 73' lang='grc' dir='ltr'>λαμϐάνω</span> <span class='ocrx_word' id='word_1_816' title='bbox 1174 2697 1181 2704; x_wconf 87' lang='grc'>·</span> <span class='ocrx_word' id='word_1_817' title='bbox 1197 2688 1265 2715; x_wconf 83' lang='grc' dir='ltr'>ἀλλά</span> <span class='ocrx_word' id='word_1_818' title='bbox 1279 2688 1366 2714; x_wconf 88' lang='grc' dir='ltr'>ταῦτα</span> <span class='ocrx_word' id='word_1_819' title='bbox 1379 2687 1450 2723; x_wconf 82' lang='grc' dir='ltr'>λέγω</span> <span class='ocrx_word' id='word_1_820' title='bbox 1462 2688 1506 2714; x_wconf 82' lang='grc' dir='ltr'>ἵνα</span> <span class='ocrx_word' id='word_1_821' title='bbox 1524 2689 1603 2724; x_wconf 80' lang='grc' dir='ltr'>ὑμεῖς</span> <span class='ocrx_word' id='word_1_822' title='bbox 1619 2687 1732 2721; x_wconf 82' lang='grc' dir='ltr'>σωθῆτε.</span> 
     </span>
    </p>
   </div>
   <div class='ocr_carea' id='block_1_116' title="bbox 1066 2726 1815 2766">
    <p class='ocr_par' dir='ltr' id='par_1_116' title="bbox 1066 2726 1815 2766">
     <span class='ocr_line' id='line_1_116' title="bbox 1066 2726 1815 2766; baseline -0.005 -10"><span class='ocrx_word' id='word_1_823' title='bbox 1066 2730 1101 2756; x_wconf 81' lang='grc'>55</span> <span class='ocrx_word' id='word_1_824' title='bbox 1121 2730 1239 2761; x_wconf 85' lang='grc' dir='ltr'>Ἐκεῖνος</span> <span class='ocrx_word' id='word_1_825' title='bbox 1256 2728 1289 2766; x_wconf 85' lang='grc' dir='ltr'>ἦν</span> <span class='ocrx_word' id='word_1_826' title='bbox 1306 2730 1320 2756; x_wconf 82' lang='grc' dir='ltr'>ὁ</span> <span class='ocrx_word' id='word_1_827' title='bbox 1336 2730 1431 2765; x_wconf 81' lang='grc' dir='ltr'>λύχνος</span> <span class='ocrx_word' id='word_1_828' title='bbox 1443 2731 1457 2757; x_wconf 84' lang='grc' dir='ltr'>ὁ</span> <span class='ocrx_word' id='word_1_829' title='bbox 1471 2730 1612 2765; x_wconf 80' lang='grc' dir='ltr'>καιόμενος</span> <span class='ocrx_word' id='word_1_830' title='bbox 1629 2729 1676 2754; x_wconf 80' lang='grc' dir='ltr'>καὶ</span> <span class='ocrx_word' id='word_1_831' title='bbox 1694 2726 1815 2761; x_wconf 66' lang='grc' dir='ltr'>φαίνωνυ</span> 
     </span>
    </p>
   </div>
   <div class='ocr_carea' id='block_1_117' title="bbox 1032 2769 1818 2807">
    <p class='ocr_par' dir='ltr' id='par_1_117' title="bbox 1032 2769 1818 2807">
     <span class='ocr_line' id='line_1_117' title="bbox 1032 2769 1818 2807; baseline -0.003 -10"><span class='ocrx_word' id='word_1_832' title='bbox 1032 2772 1110 2806; x_wconf 71' lang='grc' dir='ltr'>ὑμεῖς</span> <span class='ocrx_word' id='word_1_833' title='bbox 1124 2772 1151 2798; x_wconf 77' lang='grc' dir='ltr'>δὲ</span> <span class='ocrx_word' id='word_1_834' title='bbox 1169 2772 1319 2807; x_wconf 72' lang='grc' dir='ltr'>ἠθελήσατε</span> <span class='ocrx_word' id='word_1_835' title='bbox 1336 2771 1547 2807; x_wconf 72' lang='grc' dir='ltr'>ἀγαλλιασθῆναι</span> <span class='ocrx_word' id='word_1_836' title='bbox 1561 2770 1628 2806; x_wconf 72' lang='grc' dir='ltr'>πρὸς</span> <span class='ocrx_word' id='word_1_837' title='bbox 1645 2769 1719 2804; x_wconf 67' lang='grc' dir='ltr'>ὥραν</span> <span class='ocrx_word' id='word_1_838' title='bbox 1739 2772 1767 2797; x_wconf 79' lang='grc' dir='ltr'>ἐν</span> <span class='ocrx_word' id='word_1_839' title='bbox 1781 2772 1818 2806; x_wconf 69' lang='grc' dir='ltr'>τίς)</span> 
     </span>
    </p>
   </div>
   <div class='ocr_carea' id='block_1_118' title="bbox 1034 2813 1208 2848">
    <p class='ocr_par' dir='ltr' id='par_1_118' title="bbox 1034 2813 1208 2848">
     <span class='ocr_line' id='line_1_118' title="bbox 1034 2813 1208 2848; baseline 0.006 -8"><span class='ocrx_word' id='word_1_840' title='bbox 1034 2813 1102 2848; x_wconf 70' lang='grc' dir='ltr'>φωτὶ</span> <span class='ocrx_word' id='word_1_841' title='bbox 1116 2813 1208 2841; x_wconf 76' lang='grc' dir='ltr'>αὐτοῦ.</span> 
     </span>
    </p>
   </div>
  </div>
