1953 3040
165 118 214 145 ’191

778 116 883 141 αυαω
898 115 1149 140 PANUI’ULI'I‘ANI

1739 111 1795 139 792

166 181 283 209 parens;
296 171 350 199 Vos
373 174 465 198 autem
486 170 520 198 ad
544 170 704 206 vertiginem
720 170 802 198 unius
823 170 944 199 volubili:

1010 170 1104 206 Ὑμεῖς
1120 171 1143 197 δ’
1159 171 1198 202 εἰς
1214 169 1398 205 στροφάλιγγα
1413 163 1478 204 μιῆς
1500 169 1654 209 ταχειδινέος
1670 166 1757 204 ὥρης,

165 217 250 249 horae,
262 216 316 252 56
330 215 404 243 Illius
418 214 681 257 testiinoniistetati
700 214 768 242 estis
781 216 951 250 apparentis,

163 262 250 296 Aquis
275 260 627 294 coruscantem'gestientes
643 259 677 286 ad
693 259 844 292 lucernam,
864 260 952 296 Aquis

163 307 272 335 divinis.
286 306 321 333 56
336 305 449 333 Joannis
463 309 554 333 autem
574 312 642 333 voce
664 304 751 340 Majus
764 306 951 333 testimonium

163 353 267 384 habeo,
283 355 310 379 et
326 351 499 386 praestantius
521 351 672 378 oraculum.
684 351 772 386 Opera
790 352 862 379 enim
877 359 952 387 qua:-

161 404 272 432 cunque
286 396 362 423 dedit
385 395 466 423 Pater
488 403 565 423 meus
582 401 612 423 ut
626 395 776 431 perﬁciam,
790 396 952 432 Loquuntur

160 449 210 476 per
223 449 253 468 se
271 440 417 468 clamantia
443 440 572 476 loquente
598 440 663 468 tuba
688 441 808 469 silentii:
825 441 888 469 Haec
907 447 951 470 me

161 485 309 521 praedicant
325 488 353 512 et
373 489 499 512 eructant
510 485 616 513 ﬁrmam
628 493 732 514 vocem.
744 486 780 513 57
793 486 886 522 Neque
898 487 950 514 Pa-

160 535 203 558 tcr
217 537 260 557 me
274 530 383 565 reliquit
400 538 454 558 non
475 531 621 566 praedicato
635 531 754 567 quodam
767 532 886 567 silentio,
897 533 949 566 Qui

160 582 203 602 me
213 575 343 610 praemisit
353 583 368 603 e
379 575 457 603 caelis
468 585 475 603 :
487 576 534 603 sed
545 580 572 604 et
582 577 640 612 ipse
654 577 840 613 Loquentibus
853 579 949 607 oribus
970 606 976 610 _

160 620 303 655 deiloquos
323 628 372 655 per
391 621 466 649 viros
483 621 683 650 Testimonium
701 624 791 651 vivum
808 624 948 660 reciproco

159 665 234 693 dedit
253 666 333 698 libro,
344 666 396 698 Qui
409 674 452 694 me
464 667 611 703 praemisit;
628 672 655 696 et
667 669 787 696 divinam
807 677 946 705 nunquam

159 711 276 738 formam
297 711 387 739 Patris
408 712 529 745 vidistis,
547 717 575 741 et
596 722 650 741 non
668 715 812 743 audivistis
832 723 946 748 vocem,

158 756 192 784 '58
212 756 305 792 Neque
321 757 346 784 el
363 764 417 784 non
433 759 590 786 errantibus
608 760 753 788 custoditis
765 761 878 789 verbum
898 768 947 789 au.-

158 801 246 829 ribus.
259 802 345 835 Quem
361 802 434 830 enim
455 811 534 832 meus
551 805 683 839 prmmisit
700 805 779 833 Pater
797 806 945 841 opitulato-

1004 213 1057 249 57
1067 213 1164 240 Κείνου
1178 213 1358 249 μαρτυρίῃσιν
1372 212 1567 248 ἐφαιδρύνασθε
1580 212 1721 247 φανέντος,

1004 259 1118 286 ’Υδασιν
1130 258 1332 294 ἀστράπτοντος
1345 257 1521 292 ἀγαλλόμενοι
1539 257 1614 293 παρὰ
1628 257 1737 293 λύχνου,

1002 303 1099 330 ’Υδασι
1115 303 1310 330 θεσπεσίοισιν·
1324 303 1359 330 56
1376 303 1502 330 Ἰωάνναο
1513 302 1541 329 δὲ
1556 303 1648 337 φωνῆς

1000 349 1120 380 Μείζονα
1137 349 1291 384 μαρτυρίην
1309 348 1429 384 μεθέπω,
1443 348 1492 375 καὶ
1508 348 1657 384 ὑπέρτερον
1671 348 1773 384 ὀμφήν.

1002 395 1092 430 Ἔργα
1102 394 1156 429 γὰρ
1169 394 1278 427 ὁππόσα
1292 394 1362 420 δῶκε
1381 393 1478 429 Πατὴρ
1495 393 1560 429 ἐμὸς
1573 393 1644 428 ὄφρα
1658 394 1790 426 τελέσσω,

999 440 1148 474 φθέγγεται
1162 438 1315 474 αὐτοϐόητα
1326 439 1399 473 λάλῳ
1416 439 1547 473 σάλπιγγι
1564 439 1669 474 σιωπῆς
1681 445 1689 453 ’

1000 485 1093 512 Ταῦτά
1110 494 1145 520 με
1161 484 1311 520 κηρύσσει,
1327 485 1374 511 καὶ
1390 485 1532 520 ἐρεύγεται
1545 483 1659 519 ἔμπεδον
1673 484 1770 520 αὐδήν.

998 532 1032 560 57
1050 532 1117 559 Οὐδὲ
1133 532 1228 566 Πατήρ
1242 539 1274 566 με
1287 530 1409 556 λέλοιπεν
1422 529 1570 565 ἀκηρύκτῳ
1582 529 1635 556 τινὶ
1651 531 1714 564 σιγῇ
1723 549 1732 562 ,

1000 577 1096 609 Ὅστις
1107 577 1158 611 ἐμὲ
1170 575 1305 612 προέηκεν
1320 575 1367 602 ἀπ’
1381 575 1488 610 αἰθέρος
1499 583 1507 592 ο
1521 574 1588 602 άλλὰ
1600 575 1648 602 καὶ
1660 575 1740 607 αὐτὸς

997 624 1193 659 Φθεγγομὲνοις
1207 623 1370 659 στομάτεσσι
1383 622 1560 658 θεογλώσσων
1573 623 1618 649 διὰ
1637 622 1734 657 φωτῶν

998 670 1159 706 Μαρτυρίην
1174 669 1297 701 ζώουσαν
1310 668 1444 704 ἀμοιϐαίῃ
1460 668 1527 704 πόρε
1543 667 1644 703 δέλτῳ·

998 716 1094 746 Ὅστις
1110 715 1159 750 ἐμὲ
1173 714 1293 749 προέηκε
1306 722 1313 730 ·
1328 714 1375 741 καὶ
1389 713 1479 740 ἔνθεον
1493 713 1590 740 οὔποτε
1609 713 1716 749 μορφὴν

997 760 1103 795 Πατρδς
1118 759 1281 795 ἐθηήσασθε,
1296 759 1343 786 καὶ
1357 759 1406 786 οὐκ
1419 759 1553 794 ἠκούσατε
1564 759 1656 793 φωνῆς
1667 778 1676 791 ,

997 805 1031 833 53
1047 805 1115 832 Οῠδέ
1127 806 1150 832 οἱ
1164 805 1328 832 άπλανέεσσι
1342 804 1493 839 φυλάσσετε
1511 804 1594 839 μῦθον
1608 804 1731 835 άκουαῖς.

157 854 214 875 rem
233 848 346 881 mundo,
363 848 423 877 Non
437 849 521 877 Deum
542 849 640 877 Filium
658 850 791 886 recipitis,
808 858 858 878 nec
883 851 944 878 mit-

1001 852 1049 878 Ὂν
1060 851 1115 886 γὰρ
1129 851 1195 886 ἐμὸς
1212 851 1332 887 προέηκε
1346 850 1441 886 Πατὴρ
1455 850 1647 886 χραισμήτορα
1660 849 1766 885 κόσμῳ,

157 897 258 920 tentem
273 893 392 922 Patrem.
405 895 440 923 59
454 895 562 930 Scripta
574 894 805 931 diviniloquorum
818 896 947 932 inquirite

155 940 268 966 oracula
292 939 423 968 librorum
434 960 442 973 ,
459 940 487 968 ln
504 941 605 976 quibus
619 940 720 969 habere
740 942 868 977 speratis,
879 947 947 970 tem-

155 981 231 1015 poris
254 986 427 1010 recrescente
442 983 557 1014 circulo,
573 981 664 1009 Vitam
680 990 734 1010 non
750 984 944 1019 temporalem:

154 1026 183 1053 in
195 1025 346 1061 Scripturis
358 1031 447 1054 autem
457 1027 502 1054 illa
514 1027 712 1055 Testimonium
727 1028 946 1056 clamantmenm

154 1071 351 1106 interpretante
363 1073 445 1100 verbo
463 1072 611 1100 lmmortali
634 1073 716 1107 tuba;
733 1074 768 1101 40
784 1078 811 1101 et
835 1081 890 1101 non
908 1074 947 1102 fe-

154 1117 264 1145 stinatis
281 1117 420 1146 discentes
435 1117 593 1153 Scripturas
609 1118 763 1154 loquentes,
779 1119 898 1154 prompti
912 1119 946 1146 ad

154 1171 198 1190 me
211 1164 314 1192 venire.
330 1164 361 1191 41
377 1163 513 1192 Honorem
529 1165 564 1192 ab
578 1164 737 1192 hominibus
752 1172 806 1192 non
822 1165 925 1199 recipio
936 1186 943 1192 .

153 1209 251 1237 HSed
272 1210 388 1245 cognovi
398 1209 454 1238 Vos
472 1210 628 1237 inhumanis
644 1211 778 1242 moribus,
796 1217 885 1245 neque
896 1210 945 1238 Pa-

153 1256 203 1282 tris
214 1255 341 1283 Amorem
353 1256 475 1284 cmlestis
489 1256 604 1284 servatis
616 1255 738 1283 omnium
755 1255 838 1291 regis.
851 1256 885 1283 ιδ
897 1255 946 1284 Ve-

153 1302 180 1329 ni
195 1309 246 1337 ego
260 1302 384 1330 clamans
400 1306 544 1337 paternum
563 1308 663 1330 nomen
680 1301 797 1335 mundo,
813 1302 847 1329 Et
858 1301 943 1330 Deum

152 1355 207 1374 non
233 1354 276 1374 me
290 1347 422 1382 recipitis,
439 1354 490 1374 nec
504 1347 617 1375 creditis
641 1347 715 1374 Patri
732 1356 738 1375 :
758 1347 787 1375 Si
802 1355 868 1375 vero
882 1348 945 1383 quis

152 1394 223 1420 alius
248 1393 356 1421 venerit
385 1393 498 1427 spurius
527 1391 598 1420 falso
623 1393 783 1421 nominatus
806 1393 868 1425 vir.
889 1392 944 1420 Deo

151 1439 317 1472 contrarius,
337 1442 403 1466 tunc
416 1438 493 1465 illum
512 1438 642 1466 infestum
657 1437 829 1474 deceptorem
845 1437 943 1465 Statim

152 1491 296 1526 placabitis
314 1491 472 1526 stupefacti,
486 1493 517 1518 ut
535 1491 598 1526 quis
617 1491 710 1519 dicere
723 1491 828 1526 possit:
843 1490 944 1526 Legiti-

152 1553 226 1572 mum
242 1545 424 1579 abnegarunt,
437 1544 563 1579 spurium
579 1547 669 1572 autem
685 1549 848 1580 receperunt
861 1551 943 1580 appa-

152 1599 272 1622 rentem.
285 1595 321 1621 ιι
334 1594 478 1627 Quomodo
496 1599 586 1623 autem
601 1603 661 1627 me,
676 1595 813 1630 quomodo
829 1595 944 1630 potestis

152 1647 199 1674 Dei
217 1645 336 1674 Verbum
357 1645 455 1674 Filium
475 1647 628 1680 honorare,
642 1647 762 1676 Gloriam
777 1649 811 1676 ab
828 1648 944 1676 invicem

151 1702 365 1733 exspectantes;
386 1706 476 1734 neque
508 1706 677 1735 cognoscere
705 1699 796 1728 Solius
821 1700 944 1728 omnium

151 1749 285 1784 genitoris
299 1749 345 1777 Dei
357 1749 497 1785 inquiritis
518 1750 733 1786 bonorem?58
751 1751 787 1779 45
801 1751 873 1780 Sane
886 1751 945 1779 fru-

151 1806 208 1830 stra
219 1802 334 1834 timetis,
345 1803 504 1830 aceusantia
520 1803 591 1831 labia
608 1804 717 1833 solvens
732 1803 860 1833 Vestram
870 1805 944 1841 quod

151 1854 253 1882 rabiem
278 1861 339 1882 meo
354 1854 463 1882 Parenti
486 1855 658 1884 indicaturus
673 1855 736 1884 sim.
754 1855 810 1884 Vos
829 1857 856 1884 in
872 1856 945 1884 Scri-

150 1906 238 1941 pturis
257 1909 401 1934 accusator
423 1907 493 1935 alius
510 1907 666 1943 redarguit,
685 1908 774 1936 Moses
792 1909 942 1945 legislator.

150 1959 299 1994 primarius
314 1959 458 1995 propheta,
472 1959 500 1987 in
524 1967 579 1995 quo
595 1961 655 1988 solo
675 1960 745 1996 Spes
761 1964 860 1989 vestrae
880 1961 947 1990 ﬁde-

150 2012 200 2040 les.
213 2011 248 2040 46
264 2011 292 2040 Si
304 2012 377 2040 enim
396 2013 470 2041 illius
484 2012 606 2042 Firmum
619 2021 673 2041 non
688 2014 845 2043 errantibus
861 2022 942 2050 repo-

150 2063 275 2092 suissetis
299 2064 411 2092 verbum
440 2064 672 2097 auribus,Etiam
699 2065 766 2093 mihi
793 2066 942 2095 crederetis

150 2116 329 2151 conﬁdentes,
340 2116 374 2145 de
387 2124 433 2145 me
448 2117 522 2145 enim
537 2116 652 2146 Divinus
664 2117 707 2145 vir
722 2118 835 2154 scripsit
847 2126 939 2147 verus.

997 895 1036 923 οὐ
1053 895 1120 922 Θεὺν
1134 893 1187 922 Υῐα
1200 895 1320 931 δέχεσθε,
1336 896 1383 923 καὶ
1401 896 1432 922 οὐ
1451 894 1596 930 πέμψαντα
1610 895 1712 929 Τοκῆα.

995 941 1029 968 59
1041 941 1155 977 Γραπτὰ
1172 941 1327 977 θεορῤήτων
1340 940 1491 977 μαστεύετε
1503 940 1625 974 θέσφατα
1644 939 1752 975 βίϐλων,

995 983 1078 1022 ᾜσιν
1102 987 1173 1022 ἔχειν
1187 986 1312 1020 ἐλπεσθε,
1329 987 1426 1022 χρόνου
1446 986 1606 1019 παλιναυξέῖ
1619 986 1721 1020 κύκλῳ,

995 1032 1072 1069 Ζωὴν
1086 1033 1117 1060 οὐ
1133 1032 1312 1068 μινύθουσαν·
1329 1034 1370 1059 ἐνὶ
1381 1032 1543 1068 Γραφίδεσσι
1555 1032 1584 1058 δὲ
1597 1033 1684 1059 κεῖναι

994 1078 1156 1114 Μαρτυρίην
1167 1078 1278 1113 βοόωσιν
1293 1078 1363 1113 ἐμὴν
1375 1078 1527 1114 ὑποφήτορι
1545 1077 1624 1113 μύθῳ

1000 1123 1139 1157 Ἀθανάτῳ
1154 1123 1298 1157 σάλπιγγι·
1315 1123 1350 1150 40
1377 1123 1424 1150 καὶ
1439 1123 1469 1149 οὐ
1483 1122 1635 1158 σπέρχεσθε
1651 1121 1783 1158 μαθόντες

994 1168 1150 1204 Γράμματα
1166 1169 1317 1204 φωνήεντα,
1332 1168 1479 1204 θελήμονες
1493 1169 1533 1200 είς
1549 1168 1598 1203 ἐμὲ
1618 1168 1728 1203 βαίνειν.

993 1213 1026 1240 41
1048 1213 1137 1248 Τιμὴν
1155 1213 1188 1240 ἐκ
1205 1213 1332 1248 μερόπων
1358 1213 1387 1240 οὐ
1411 1212 1551 1248 δέχνυμαι.
1574 1212 1609 1240 42
1634 1212 1714 1240 Ἀλλά
1730 1220 1783 1238 που

1643 1258 1654 1293 [
1661 1257 1748 1292 ἔγνων

1001 1303 1103 1339 ’Υμέας
1119 1303 1292 1338 ἀστόργοισιν
1307 1303 1336 1329 ἐν
1352 1302 1456 1338 ἤθεσιν,
1472 1302 1532 1329 οὺδέ
1546 1302 1650 1337 Τοκῆος

993 1350 1106 1385 Φίλτρον
1121 1349 1292 1384 ἐπουρανίοιο
1309 1348 1461 1383 φυλάσσετε
1476 1347 1674 1383 παμϐασιλῆος.

994 1396 1029 1423 45
1045 1393 1148 1422 Ἦλθον
1162 1394 1217 1430 ἐγὼ
1233 1394 1316 1430 βοόων
1331 1393 1468 1430 πατρώϊον
1484 1393 1587 1428 οὕνομα
1599 1393 1704 1428 κόσμῳ,

994 1441 1048 1468 Καὶ
1062 1440 1128 1467 Θεὸν
1142 1439 1172 1466 οὖ
1192 1448 1226 1476 με
1239 1438 1361 1474 δέχεσθε,
1378 1439 1426 1465 καὶ
1438 1438 1468 1465 οὒ
1483 1438 1609 1465 πείθεσθε
1620 1439 1705 1473 Τοκῆῖ
1715 1447 1723 1453 ·

993 1486 1026 1512 Et
1037 1485 1065 1512 δέ
1075 1494 1117 1517 τις
1129 1485 1208 1516 ἄλλος
1233 1485 1318 1511 ἵκοιτο
1332 1484 1409 1515 νόθος
1421 1483 1597 1519 ψευδώνυμος
1609 1483 1689 1519 ἀνὴρ,

955 1526 979 1557 C
999 1530 1133 1561 Ἀντίθεος
1145 1550 1154 1564 ,
1165 1529 1225 1556 τότε
1242 1530 1331 1556 κεῖνον
1345 1528 1475 1565 ἀνάρσιον
1487 1529 1632 1564 ἠπεροπῆά

996 1575 1101 1602 Αὐτίκα
1116 1575 1288 1611 μειλίσσεσθε
1301 1574 1451 1610 τεθηπότες
1460 1583 1467 1589 ·
1480 1574 1552 1609 ὄφρα
1566 1582 1608 1605 τις
1621 1573 1685 1609 εἴπῃ
1701 1581 1710 1589 ·

996 1621 1109 1656 Γνήσιον
1124 1621 1277 1656 ἠρνήσαντο
1291 1641 1298 1653 ,
1312 1620 1388 1647 νόθον
1400 1619 1422 1646 δ’
1441 1619 1564 1654 ἐδέχοντο
1583 1619 1711 1654 φανέντα.

993 1666 1029 1693 44
1043 1665 1105 1697 Πῶς
1121 1665 1149 1692 δέ
1170 1674 1204 1700 με
1214 1685 1222 1699 ,
1242 1665 1301 1697 πῶς
1320 1665 1348 1692 δέ
1362 1664 1476 1691 δύνασθε
1491 1663 1558 1691 Θεοῦ
1571 1664 1658 1698 Λόγον
1670 1661 1722 1690 Υῖα
1735 1672 1782 1698 γε-

1606 1709 1727 1746 [ραίρειν
1737 1728 1745 1741 ,

992 1756 1081 1788 Κῦδος
1090 1756 1138 1783 ἀπ’
1149 1755 1272 1789 ἀλλήλων
1286 1755 1474 1791 ποτιδέγμενοι
1485 1764 1491 1772 ·
1504 1755 1565 1782 esse
1581 1755 1677 1790 δαῆναι

992 1801 1099 1829 Μούνου
1117 1801 1287 1835 παγγενέταο
1303 1801 1371 1827 Θεοῦ
1391 1801 1540 1836 μαστεύετε
1554 1801 1638 1835 τιμήν
1651 1808 1658 1832 ;

992 1845 1047 1882 59
1061 1847 1095 1874 45
1106 1844 1145 1873 Ἦ
1158 1848 1192 1882 ρα
1209 1846 1297 1882 μάτην
1309 1845 1433 1879 ἐλπεσθε,
1447 1846 1586 1881 κατήγορα
1598 1845 1689 1880 χείλεα
1696 1842 1781 1875 λύσας

997 1891 1116 1927 ’Υμείων
1131 1892 1171 1918 ὅτι
1185 1891 1286 1918 λύσσαν
1302 1891 1362 1927 ἐμῷ
1374 1891 1503 1927 Γενετῆρι
1521 1891 1621 1926 βοήσω.

998 1938 1101 1973 ’Υμέας
1114 1938 1143 1964 ἐν
1156 1937 1320 1974 Γραφίδεσσι
1332 1937 1484 1973 κατήγορος
1497 1937 1576 1968 ἄλλος
1587 1936 1703 1971 ἐλέγχει,

993 1984 1097 2018 Μωσῆς
1112 1983 1290 2018 θεσμοθέτης,
1305 1982 1487 2018 πρωτόθροος,
1497 1978 1520 2016 ᾧ
1531 1982 1577 2008 ἐπὶ
1592 1981 1682 2016 μούνῳ

1001 2027 1123 2059 Ἐλπίδες
1133 2027 1234 2063 ὑμείων
1247 2027 1409 2058 θεοπειθέες.
1418 2026 1453 2054 46
1467 2027 1499 2053 Εἰ
1513 2026 1568 2062 γὰρ
1583 2026 1688 2052 ἐκείνου

995 2073 1131 2109 Ἐμπεδον
1145 2073 1329 2100 άπλανέεσσιν
1342 2073 1460 2109 ὲθήκατε
1478 2073 1562 2109 μῦθον
1577 2074 1698 2107 ἀκουαῖς,

992 2119 1047 2147 Καί
1059 2128 1107 2146 κεν
1123 2119 1181 2154 ἐμοὶ
1197 2119 1325 2146 πείθεσθε
1338 2119 1514 2154 πεποιθότες
1528 2119 1597 2155 ἀμφ’
1612 2119 1710 2155 ἐμέθεν
1724 2120 1779 2155 γὰρ

751 2193 893 2222 TEXTUS
911 2193 1177 2222 EVANGELISTA'].

184 2265 219 2294 36
237 2265 309 2300 Ὲγὼ
326 2265 354 2292 δὲ
367 2264 421 2300 ἔχω
436 2265 487 2300 τὴν
505 2264 657 2301 μαρτυρίαν
680 2265 766 2300 μείζω
781 2267 828 2292 τοῦ
852 2267 942 2294 ’ῐωάν-
958 2270 980 2297 D
1029 2268 1058 2295 41
1084 2267 1167 2300 Δόξαν
1183 2267 1258 2302 παρὰ
1270 2266 1421 2302 ἀνθρώπων
1434 2267 1466 2294 οὐ
1480 2267 1627 2302 λαμϐάνω·

149 2316 194 2334 \ou
205 2316 213 2323 ·
223 2306 258 2334 τὰ
271 2307 326 2342 γὰρ
339 2307 408 2342 ἔργα
422 2306 440 2333 ἃ
451 2306 536 2333 ἔδωκέ
555 2315 600 2342 μοι
614 2307 629 2333 ό
642 2307 738 2342 Πατὴρ
750 2307 793 2334 ἴνα
804 2307 940 2334 τελειώσω

147 2349 230 2381 αὐτὰ,
240 2349 311 2376 αὐτὰ
321 2348 358 2375 τὰ
374 2348 442 2384 ἔργα
453 2348 471 2376 ἃ
485 2348 541 2383 ἐγὼ
555 2348 634 2381 ποιῶ,
649 2350 786 2384 μαρτυρεῖ
796 2349 859 2384 περὶ
871 2349 938 2385 ἐμοῦ

149 2391 190 2417 τίει
203 2391 218 2417 ὁ
233 2390 329 2426 Πατήρ
345 2399 379 2426 με
392 2390 557 2417 ἀπέσταλκε.

128 2451 133 2471 1
184 2432 219 2459 57
239 2432 295 2458 Καὶ
309 2433 324 2458 ό
341 2431 453 2467 πέμψας
471 2440 505 2466 με
521 2431 628 2467 Πατὴρ,
644 2430 727 2463 αὐτὸς
745 2432 942 2468 μεμαρτύρηκε

153 2473 215 2507 περὶ
223 2472 301 2508 ἐμοῦ.
312 2471 382 2499 Οὔτε
394 2472 486 2508 φωνὴν
499 2472 581 2500 αὑτοῦ
597 2472 735 2508 ἀκηκόατε
747 2472 868 2507 πώποτε,
880 2473 942 2500 οὔτε

150 2511 220 2546 εἶδος
235 2513 320 2541 αὐτοῦ
337 2514 489 2549 ἑωράκατε.

184 2555 219 2583 58
238 2555 294 2582 Καὶ
316 2555 364 2582 τὸν
391 2554 469 2589 λόγον
493 2556 577 2583 αὑτοῦ
600 2557 649 2583 οὐκ
675 2557 751 2592 ἔχετε
777 2556 891 2592 μένοντα
913 2557 942 2584 ἐν

151 2597 231 2632 ὑμῖν·
247 2597 288 2624 ὅτι
302 2597 333 2624 ὃν
348 2596 508 2624 ἀπέστειλεν
521 2598 635 2631 ἐκεῖνος,
646 2598 735 2634 τούτῳ
751 2599 831 2633 ὑμεῖς
846 2598 878 2624 οὐ
897 2606 942 2624 πι-

150 2637 272 2665 στεύετε.

183 2679 219 2707 59
241 2680 386 2716 Ἐρευνᾶτε
401 2680 451 2713 τὰς
474 2681 604 2718 Γραφὰς,
625 2682 666 2708 ὃτι
683 2680 763 2716 ὑμεῖς
784 2682 887 2708 δοκεῖτε
908 2682 938 2708 ἐν

149 2721 246 2753 αὐταῖς
258 2722 330 2759 ζωὴν
342 2723 451 2751 αἰώνιον
464 2723 552 2758 ἔχειν·
566 2722 613 2750 καὶ
626 2723 728 2751 ἐκεῖναί
743 2724 812 2750 είσιν
825 2723 854 2750 αι
869 2731 939 2759 μαρ-

151 2760 280 2795 ¹νιιροῦσαι
293 2765 358 2801 περὶ
375 2765 455 2800 ἐμοῦ.

189 2802 225 2834 40
242 2804 298 2834 Καὶ
310 2807 342 2834 οὺ
352 2807 445 2834 θέλετε
460 2806 547 2836 ἐλθεῖν
565 2806 632 2840 πρός
649 2815 694 2840 με,
706 2807 749 2834 ἴνα
761 2806 834 2840 ζωὴν
848 2805 938 2841 ἔχητε.

1027 2309 1062 2336 42
1083 2308 1154 2336 Ἀλλ’
1179 2308 1288 2342 ἔγνωκα
1304 2309 1377 2342 ὑμᾶς
1393 2309 1434 2336 ὅτι
1451 2307 1500 2344 τὴν
1520 2308 1632 2344 ἀγάπην
1649 2307 1696 2335 τοῦ
1709 2308 1778 2336 Θεοῦ

990 2351 1041 2378 οὐκ
1057 2350 1134 2385 ἔχετε
1145 2351 1175 2377 ἐν
1187 2351 1303 2381 ἑαυτοῖς.

1026 2392 1061 2419 45
1082 2391 1152 2426 Ἐγὼ
1170 2391 1288 2427 ἐλήλυθα
1300 2391 1330 2417 ἐν
1343 2390 1382 2426 τῷ
1395 2390 1508 2425 ὀνόματι
1526 2391 1573 2417 τοῦ
1590 2391 1697 2426 Πατρός
1713 2399 1776 2426 μου,

990 2433 1037 2460 καὶ
1051 2433 1081 2459 οὐ
1094 2432 1249 2468 λαμϐάνετέ
1265 2441 1299 2468 με
1308 2441 1315 2448 ·
1331 2432 1380 2459 ἐὰν
1393 2432 1473 2464 ἄλλος
1490 2432 1555 2468 ἐλθῃ
1571 2433 1600 2458 ἐν
1613 2432 1652 2467 τῷ
1667 2431 1778 2467 ὀνόματι

989 2474 1028 2509 τῷ
1042 2474 1113 2509 ἰδίῳ,
1124 2475 1229 2501 ἐκεῖνον
1245 2474 1374 2509 λήψεσθε.

1023 2515 1058 2542 44
1079 2515 1141 2547 Πῶς
1155 2515 1271 2542 δύνασθε
1282 2515 1361 2550 ὑμεῖς
1374 2514 1528 2546 πιστεῦσαι,
1546 2514 1626 2546 δόξαν
1641 2514 1718 2548 παρὰ
1728 2513 1778 2540 ἀλ-

989 2556 1078 2591 λήλων
1095 2556 1291 2592 λαμϐάνοντες,
1318 2557 1366 2582 καὶ
1385 2555 1437 2591 τὴν
1456 2554 1535 2587 δόξαν
1560 2556 1610 2591 τὴν
1634 2556 1709 2591 παρὰ
1730 2554 1777 2581 τοῦ

991 2598 1072 2632 μόνου
1084 2598 1152 2624 Θεοῦ
1166 2598 1196 2624 οὺ
1210 2598 1333 2633 ζητεῖτε;

1022 2639 1057 2666 45
1076 2639 1122 2675 Μὴ
1133 2640 1235 2666 δοκεῖτε
1249 2639 1289 2665 ὅτι
1301 2638 1357 2672 ἐγὼ
1370 2638 1551 2674 κατηγορήσω
1564 2637 1639 2672 ὑμῶν
1652 2636 1720 2672 πρὸς
1731 2636 1777 2665 τὸν

987 2681 1112 2716 Πατέρα·
1130 2680 1204 2707 ἐστιν
1221 2681 1236 2707 ὁ
1259 2680 1422 2715 κατηγορῶν
1442 2680 1532 2715 ὑμῶν,
1550 2679 1667 2714 Μωσῆς,
1688 2678 1728 2710 εις
1746 2677 1777 2703 ὃν

988 2723 1068 2758 ὑμεῖς
1077 2722 1211 2757 ἠλπίκατε
1219 2729 1226 2736 ·

1023 2764 1058 2791 46
1076 2755 1108 2790 Εἰ
1122 2763 1176 2798 γὰρ
1193 2762 1349 2789 ἐπιστεύετε
1365 2763 1463 2798 Μωσῇ,
1480 2761 1636 2789 ἐπιστεύετε
1653 2760 1687 2789 ἂν
1700 2755 1770 2792 ὲμοῑ·

991 2805 1054 2840 περὶ
1066 2804 1120 2841 γὰρ
1133 2804 1200 2840 ἐμοῦ
1216 2804 1319 2835 ἐκεῖνος
1331 2803 1431 2840 ἔγραψε
1437 2811 1458 2831 ν.
