1953 3040
69 163 122 191 793
546 171 790 204 PARAPIIRASIS
810 176 844 205 IN
862 177 1034 208 JOANNEM.
1053 196 1089 201 —
1106 182 1182 211 CAP.
1201 183 1245 211 Vl.
1651 191 1702 220 796

63 220 142 279 ετξ-ος
153 220 224 257 ἀνὴρ
235 219 355 279 ἔγραψεν
370 223 515 261 ἐτήτυμος.
532 227 567 254 Π
581 228 611 255 Et
626 229 649 255 δ’
665 230 720 264 ἄρα
731 231 815 259 κείνοι

908 235 942 262 47
956 234 986 262 Si
1009 243 1075 264 vero
1091 236 1165 265 illius
1189 238 1305 274 Scriptis
1326 246 1381 267 non
1405 241 1527 276 creditis,
1547 252 1607 279 quae
1622 246 1693 274 Deus

63 267 229 302 Γράμμασιν
246 268 278 295 οὗ
290 269 428 302 πείθεσθε,
443 272 532 307 τάπερ
546 273 613 306 Θεὸς
625 274 719 302 ὤπασε
733 277 815 313 κόσμι

910 281 1026 315 praebuit
1045 283 1158 315 mundo,
1173 267 1259 319 Magis
1276 267 1700 320 iutractahilibiiiii-qutiin'odiivi-e1

62 312 173 339 Μᾶλλον
185 313 348 349 ἀκηλήτοισι
363 316 447 342 πόθεν
461 317 581 351 δέξοισθε
598 323 736 355 μενοιναϊς

908 324 1017 357 cipietis
1037 326 1175 354 mentibus
1188 312 1248 355 Non
1263 329 1391 365 scriptam
1407 331 1494 359 nostri
1510 329 1568 359 oris
1585 334 1700 363 audien-

63 357 206 428 ’ἔγραφον
217 358 363 394 ἡμετέρων
380 361 524 397 στομάτων
535 364 642 397 ἀΐοντες
658 367 739 402 ίωήνς

63 401 74 411 ’
97 410 190 428 ννεπα.

63 401 190 431 Ἕννεπε.

379 462 461 490 xm.
490 465 536 498 ς’.

147 515 236 562 HKui.
254 517 403 552 μετέπειτα
420 519 509 556 πέρην
523 521 681 558 Τιϐεριάδος
694 526 785 562 ἆλμης

57 559 115 596 Νηῒ
131 561 293 598 πολυκλήϊδι
311 563 406 598 ταμὼν
419 564 556 593 ἀντώπιον
568 567 651 604 ὕδωρ,

57 605 170 633 Γείτονα
182 609 264 641 γαῖαν
281 607 367 636 ἔδυνε.
381 610 399 636 2
413 611 609 640 Συνεσσεύοντο
624 614 653 640 δὲ
669 615 730 643 λαοὶ

57 650 191 687 Θαύματα
206 654 417 689 παπταίνοντες,
433 657 505 691 ἅπερ
518 658 608 694 κάμεν
622 660 701 695 ὴοάδι
713 662 800 699 μύθῳ,

62 698 209 745 Ῥυόμενος
223 700 390 737 βαρύωυσον
411 704 603 739 ίμασσομένων
619 707 703 742 δέμας
716 698 831 745 ἀνδρῶν.

56 744 74 789 ε
88 745 144 771 Καὶ
154 744 269 772 δαπέδου
286 746 428 782 λοφόεντος
440 750 566 786 ἑρημάδα
578 751 664 784 πέζαν
682 744 794 789 ὁδεύων,

57 788 106 820 Εἰς
120 789 184 824 ὅρος
199 790 366 828 ὑψικάρηνον
387 794 464 830 ἀνήῑε
474 803 482 810 ·
497 797 654 833 μεσσοφανῆ
668 798 696 825 δὲ

62 834 208 870 Ἐζόμενον
226 839 392 873 στεφανηδὸν
409 840 597 869 ἐκυκλώσαντο
612 844 743 880 μαθηταί.

55 880 72 907 4
84 881 140 907 Καὶ
157 881 250 916 σχεδὸν
268 882 418 918 Ἐσραίοισι
430 885 569 921 φιλόργιος
584 885 633 923 ἦεν
650 889 743 925 ἑορτὴ,

909 373 950 398 tes
960 371 1075 399 vocem?
1089 371 1171 400 Dixit.

1227 474 1302 504 CAP.
1325 475 1368 504 Vl.

940 527 953 554 1
976 527 1009 555 Ει
1023 528 1151 564 deinceps
1166 533 1243 558 trans
1257 530 1411 560 Tiberiadis
1425 540 1500 562 mare
1514 533 1580 562 Navi
1594 536 1695 567 multos

903 574 996 602 clavos
1016 575 1132 603 habente
1155 583 1253 604 secans
1267 579 1420 612 oppositam
1438 586 1551 614 aquam,
1571 580 1694 610 Vicinam

903 623 1003 647 terram
1024 620 1120 649 subiit.
1139 621 1157 647 2
1177 621 1264 649 Simul
1284 623 1474 650 concitabatur
1493 629 1584 653 autem
1606 634 1695 661 popu-

902 665 964 698 lus,
981 665 1113 693 Miracula
1134 667 1230 695 videns
1245 675 1306 702 quae
1323 668 1387 696 fecit
1409 675 1542 698 consueto
1557 678 1694 704 sermone,

901 709 1034 738 Liberans
1046 711 1165 746 graviter
1180 717 1317 746 wgrotans
1331 713 1492 741 aﬂlictorum
1507 723 1608 751 corpus
1623 718 1694 745 viro-

900 763 972 782 rum.
980 756 997 783 3
1004 755 1094 784 Etsoli
1101 756 1231 784 tumulosi
1238 757 1374 785 desertam
1382 759 1519 793 regionem
1528 761 1690 794 pervadens,

899 799 929 828 in
950 804 1071 828 montem
1094 801 1253 836 alticipitem
1274 803 1416 836 ascendit;
1435 804 1462 830 in
1485 804 1576 831 medio
1599 809 1690 832 autem
1742 841 1748 845 _

899 850 1077 880 apparentem
1097 845 1241 874 Sedentem
1263 855 1374 876 coronae
1393 849 1481 877 instar
1500 851 1689 879 circumdede-

900 894 965 917 runt
978 890 1117 925 discipuli.
1133 891 1150 918 Δ
1169 891 1202 918 Ει
1219 899 1303 927 prope
1322 892 1444 921 Hebraeis
1463 895 1601 930 orgiorum
1615 896 1691 930 cupi—

54 925 152 961 Πάσχα
168 926 255 962 τόπερ
269 927 405 956 καλέουσι.
423 930 440 957 5
454 931 495 957 Δι’
506 932 657 968 εὐδένδροιο
669 934 696 960 δὲ
708 934 812 970 λόχμης

899 935 964 963 dum
980 941 1039 963 erat
1058 936 1169 968 festum,
1185 925 1291 965 Pascha
1305 939 1379 973 quod
1401 925 1510 967 vocant:
1522 940 1539 966 5
1557 940 1608 967 Per
1623 925 1690 968 den-

59 971 231 1016 ’ρφθαλμοὺς
245 973 366 1009 ἀνάειρε,
385 975 432 1002 καὶ
444 976 562 1004 ἄσπετον
573 978 652 1006 ἀλλον
665 981 708 1006 ἐπ’
720 980 792 1016 ἄλλῳ

52 1015 188 1050 Ἔδρακεν
201 1015 395 1051 ἀγχικέλευθον
408 1020 530 1057 ἐπήλυδα
544 1022 607 1050 λαὸν
621 1024 722 1060 ὁδίτην.

57 1060 204 1096 Έςόμενον
217 1062 246 1088 δὲ
258 1063 391 1091 Φίλιππον
401 1065 438 1101 ἐῷ
454 1067 592 1102 μειλίξατο
607 1070 701 1105 μύθῳ·

49 1106 130 1139 Εἰπὲ,
149 1107 232 1135 πόθεν
245 1110 400 1144 πριόμεσθα
415 1112 612 1149 πολυσπερέων
626 1115 705 1150 χύσιν
719 1116 808 1152 ἄρτων

55 1153 183 1188 ’Δνδράσι
197 1156 396 1189 τοσσατίοισιν;
410 1156 427 1183 6
445 1157 507 1193 Ἑὴν
521 1159 542 1185 δ’
557 1159 678 1196 ἔκρυπτε
689 1163 824 1199 μενοινὴν,

48 1198 104 1224 Καὶ
121 1199 181 1226 νόον
192 1200 380 1234 ἀγνώσσοντος
393 1202 551 1239 ἐπειρήτιζε
563 1206 698 1233 Φιλίππου
712 1216 719 1223 ·

47 1243 135 1276 Αὐτὸς
149 1245 204 1280 γὰρ
217 1246 332 1282 δεδάηκε
347 1249 434 1285 τόπερ
448 1250 549 1285 ήμελλε
563 1251 699 1280 τελέσσαι.

47 1289 63 1315 ’1
81 1290 232 1325 Ἀσχολόων
247 1292 276 1318 δὲ
287 1293 421 1326 Φίλιππος
431 1295 543 1330 ὲμίγνυε
555 1296 675 1332 θαύματι
688 1299 795 1334 φωνήν·

46 1335 120 1362 Δαὺν
135 1336 194 1363 ἴσον
208 1336 359 1373 ψαμάθοισι
375 1338 521 1374 διηκοσίων
532 1342 586 1368 τινὶ
601 1342 694 1378 μέτρῳ

49 1381 144 1417 ’Δρτοι
160 1382 306 1419 δηναρίων,
320 1385 371 1412 οὐκ
390 1385 481 1421 ἀρκιοί
492 1388 546 1414 εἰσι
557 1388 699 1423 κορέσσαι,

49 1426 141 1462 ὐφρα
151 1436 182 1454 κε
195 1428 272 1463 βαιὸν
282 1429 396 1463 ἕκαστος
408 1431 458 1468 ἔχῃ
471 1433 564 1468 μέρος.
577 1433 594 1460 8
602 1430 651 1465 Εἷς
661 1434 690 1460 δέ
700 1443 742 1466 τις
750 1434 836 1462 αὑτῶ.

52 1472 202 1507 Ἀγχιθέων
216 1474 322 1511 ἑτάρων
336 1476 485 1511 εὐάγγελον
500 1478 560 1513 ἴαχε
577 1479 679 1515 φωνὴν,

51 1518 201 1554 Ἀνδρείας,
215 1520 330 1556 Βασιλῆῖ
346 1522 416 1557 χέων
430 1523 605 1558 φερέδειπνον
621 1525 698 1560 ίωὴν,

43 1563 99 1598 60
116 1564 287 1605 ’Υγροπόρου
299 1567 422 1603 Σίμωνος
437 1569 566 1604 ἀδελφεὸς
580 1571 755 1607 ίχθυϐολῆος·

44 1609 61 1635 9
76 1610 154 1636 Ἐστι
167 1619 210 1642 τις
222 1611 316 1639 ἐνθάδε
331 1613 428 1649 κοῦρος
449 1614 519 1650 ἔχων
530 1615 681 1651 κριθώδεάς
695 1618 795 1654 ἄρτους

45 1655 142 1687 Πέντε,
156 1657 204 1683 καὶ
217 1657 366 1693 ἀγχιπόρου
380 1659 543 1695 διδυμάονας
559 1661 654 1697 ιχθύας
669 1663 770 1700 ἅλμης,

50 1699 157 1734 Ἰχθύας
170 1701 317 1735 ὸπταλέους
329 1704 503 1739 διδυμάοναςο
515 1706 584 1733 ἀλλὰ
598 1707 623 1733 τί
641 1707 715 1743 ῥέξει

43 1745 139 1791 ταῦτα
153 1747 340 1785 πολυγλώσσῳ
356 1751 547 1787 μεμερισμένα
561 1752 658 1788 σύζυγι
672 1755 729 1791 λαῷ
741 1763 748 1788 ;

42 1790 78 1816 10
97 1791 201 1826 Ἰησοῦς
211 1792 234 1819 δ’
248 1793 391 1822 ἐκέλευσεν
405 1796 618 1831 έτοιμοτάτοισιν
633 1799 763 1834 ἑταίροις,

42 1835 161 1880 ξζλίνατε
177 1837 348 1872 δαιτυμόνων
367 1840 485 1874 μιγάδας
497 1841 593 1877 nixu;
610 1843 690 1878 ὑψόθι
707 1844 801 1880 γαίης.

41 1879 97 1908 Ἦν
111 1881 140 1908 δέ
155 1890 197 1914 τις
213 1883 307 1910 αὐτόθι
322 1884 418 1920 χόρτος
431 1886 591 1923 ἀπείριτος·
609 1879 771 1925 ἀμφιλαφὴς
784 1889 814 1916 δὲ

42 1927 206 1962 Σύμπλοκος
222 1929 305 1965 ἐσμὸς
317 1931 365 1967 ἔην
380 1932 542 1968 ὁμοδόρπιος
554 1934 634 1969 ὑψόθι
648 1935 741 1970 γαίης.

42 1972 127 1998 Πέντε
143 1973 172 1999 δὲ
185 1973 303 2008 χιλιάδες
320 1976 473 2009 πολυειδέες
484 1976 555 2013 ἦσαν
569 1979 681 2015 ἀριθμῷ

41 2018 219 2053 Δαιτυμόνων
228 2040 235 2053 ,
250 2021 297 2048 καὶ
311 2021 427 2054 ἕκαστος
439 2023 560 2059 ὲρείδετο
574 2025 675 2059 γείτονι
692 2026 784 2062 τοίχῳ,

41 2062 206 2100 Κεκλιμένοι
219 2067 360 2102 στοιχηδὸν
376 2068 421 2095 ἐπ’
432 2069 593 2097 εὐπετάλοιο
609 2072 750 2107 τραπέζης

41 2110 215 2146 Μηκεδανῆς.
229 2112 259 2139 ll
272 2113 327 2140 Καὶ
339 2113 421 2141 πέντε
433 2114 525 2144 λασὼν
538 2116 690 2152 κριθώδεας
702 2117 802 2153 ἄρτους

898 989 955 1008 sam
965 986 1055 1009 autem
1065 982 1162 1010 silvam
1172 982 1272 1011 Oculos
1283 985 1404 1017 sustulit,
1416 989 1443 1012 et
1456 984 1592 1012 inﬁnitum
1603 985 1688 1012 alium

897 1031 960 1062 post
973 1027 1057 1054 alium
1073 1027 1149 1055 Vidit
1161 1029 1282 1056 vicinum
1298 1029 1430 1057 advenam
1453 1030 1583 1064 populum
1598 1029 1688 1057 viato—

897 1080 965 1100 rem.
986 1073 1132 1106 Sedentem
1148 1077 1238 1101 autem
1250 1073 1407 1109 Philippum
1422 1083 1474 1102 suo
1487 1074 1615 1102 demulsit
1630 1082 1689 1103 ser-

897 1125 990 1145 mone:
1009 1118 1068 1151 Dic,
1085 1118 1157 1146 unde
1169 1126 1292 1147 ememus
1308 1120 1455 1146 multorum
1473 1120 1608 1147 seminum
1620 1119 1689 1148 [luo-

896 1171 954 1190 rem
979 1170 1080 1198 panum
1106 1162 1180 1191 Viris
1202 1164 1259 1190 tot?
1281 1164 1297 1191 6
1316 1164 1399 1191 Suam
1421 1168 1513 1192 autem
1539 1165 1687 1192 occultavit

896 1209 1070 1241 sententiam,
1085 1208 1117 1235 Et
1128 1212 1245 1236 mentem
1261 1209 1412 1244 ignorantis
1427 1211 1542 1237 tentavit
1556 1210 1686 1246 Philippi;

895 1252 956 1287 Ipse
977 1253 1051 1280 enim
1075 1254 1177 1280 sciebat
1201 1253 1268 1289 quid
1287 1258 1360 1282 esset
1382 1254 1518 1282 facturus.
1542 1255 1558 1280 7
1580 1255 1687 1282 Anxius

895 1306 960 1326 vero
972 1297 1116 1334 Philippus
1128 1299 1260 1327 miscebat
1277 1300 1452 1327 admirationi
1467 1307 1579 1327 vocem:
1596 1301 1687 1335 Popu-

894 1345 951 1372 lum
965 1345 1096 1380 a‘qualem
1114 1346 1205 1373 arenis
1220 1345 1401 1373 ducentorum
1416 1345 1535 1380 quadam
1556 1353 1687 1374 mensura

893 1389 982 1418 Panes
996 1390 1172 1418 denariorum
1194 1399 1250 1418 non
1269 1391 1434 1419 sufficientes
1455 1397 1521 1419 sunt
1544 1397 1684 1425 saturare,

894 1435 930 1463 Ut
944 1436 1071 1471 exiguam
1087 1436 1201 1470 quilibet
1215 1436 1315 1464 habeat
1329 1441 1444 1472 partem.
1463 1438 1480 1465 8
1500 1437 1577 1465 Unus
1593 1442 1684 1465 autem

893 1481 1015 1516 ipsorum
1030 1481 1190 1509 Divinorum
1205 1483 1345 1510 sociorum
1363 1483 1415 1510 lazti
1427 1483 1516 1510 nuntii
1529 1483 1622 1510 sonuit
1635 1490 1685 1510 vo-

892 1535 963 1560 cem,
979 1527 1113 1559 Andreas,
1131 1527 1198 1562 Regi
1226 1527 1345 1557 fundens
1373 1529 1480 1564 prandii
1495 1529 1617 1556 altricem
1633 1536 1684 1556 vo—

892 1580 962 1605 cem,
975 1573 1028 1608 61
1046 1573 1076 1600 In
1089 1573 1168 1608 aquis
1184 1574 1321 1601 versantis
1333 1573 1454 1602 Simonis
1466 1574 1548 1602 frater
1564 1574 1685 1609 piscato-

891 1619 930 1646 ris
941 1627 948 1646 :
959 1619 976 1646 9
992 1618 1041 1647 Est
1051 1619 1160 1653 quidam
1172 1619 1217 1646 hic
1227 1627 1295 1654 puer
1305 1619 1408 1647 habens
1420 1620 1588 1648 hordeaceos
1599 1627 1684 1655 panes

891 1664 1030 1698 Quinque,
1045 1669 1071 1692 et
1086 1664 1171 1692 vicini
1183 1664 1254 1692 duos
1269 1665 1359 1700 pisces
1378 1665 1473 1698 maris,
1491 1665 1584 1693 Pisces
1604 1673 1684 1694 assos

891 1710 1031 1745 duplices;
1052 1710 1101 1738 sed
1121 1711 1187 1746 quid
1213 1711 1315 1738 facient
1336 1709 1399 1738 Haec
1419 1711 1581 1746 multiloqua
1595 1711 1684 1740 divisa

891 1756 1040 1791 conjuncta
1052 1756 1173 1790 populo?
1188 1757 1223 1784 10
1235 1756 1316 1784 Iesus
1331 1761 1420 1784 autem
1436 1756 1520 1791 jussit
1532 1758 1684 1792 promptis-

893 1808 972 1836 simis
987 1807 1218 1838 sociis,lnclinate
1238 1807 1444 1836 convivantium
1461 1808 1560 1837 mistos
1573 1810 1685 1838 ordines

891 1867 975 1895 super
996 1863 1109 1886 terram.
1136 1858 1201 1886 Erat
1224 1862 1315 1886 autem
1336 1859 1374 1886 ibi
1396 1867 1508 1894 gramen
1529 1860 1682 1894 infinitum;

888 1912 1018 1946 copiosus
1041 1918 1107 1938 vero
1129 1910 1316 1945 Complicatus
1339 1915 1429 1938 cmtus
1456 1915 1517 1938 erat
1542 1913 1684 1940 convictor

887 1969 972 1997 super
988 1965 1102 1989 terram.
1126 1961 1252 1996 Quinque
1271 1965 1362 1990 autem
1378 1962 1463 1989 millia
1479 1963 1561 1989 variae
1579 1964 1682 1997 speciei

885 2017 965 2040 erant
978 2020 1093 2041 numero
1103 2012 1256 2041 Convivam
1265 2019 1325 2047 um,
1341 2017 1368 2041 et
1383 2013 1497 2048 quilibet
1511 2013 1681 2042 innitebatur

886 2066 1012 2102 proximo
1029 2066 1139 2102 parieti,
1165 2065 1369 2094 Recumbentes
1389 2065 1486 2093 ordine
1506 2072 1590 2100 super
1607 2065 1680 2093 vire-

887 2121 1010 2146 sccntem
1027 2125 1153 2147 mensam
1176 2117 1310 2153 Longam.
1335 2117 1366 2146 Η
1387 2117 1420 2145 Et
1433 2116 1555 2153 quinque
1568 2124 1681 2145 sumens

643 2193 787 2222 TEXTUS
805 2193 1073 2225 EVANGELIST/E.

77 2245 114 2290 67
131 2246 163 2290 Et
237 2255 295 2280 τοις
319 2248 424 2276 ἐκείνου
440 2249 602 2286 γράμμασιν
624 2251 655 2278 οὺ
671 2251 835 2286 πιστεύετε,
853 2254 874 2281 D
924 2252 941 2278 7
970 2252 1120 2288 Ἀπεκρίθη
1145 2254 1219 2290 αὐτῷ
1243 2254 1391 2286 Φίλιππος·
1423 2252 1572 2280 Διακοσίων
1597 2253 1680 2288 δηνα-

42 2287 103 2320 πῶς
117 2289 174 2320 τοῖς
190 2289 269 2325 ἐμοῖς
286 2290 391 2326 ῥήμασι
407 2291 589 2326 πιστεύσετες

77 2370 91 2397 1
113 2371 191 2398 Πετά
203 2371 291 2399 ταῦτα
308 2372 431 2408 ἀπῆλθεν
443 2375 457 2400 6
475 2373 581 2409 Ἰησοῦς
605 2374 693 2411 πέραν
715 2375 766 2412 τῆς
786 2376 837 2404 θα-

39 2411 144 2447 λάσσης
158 2412 208 2448 τῆς
223 2413 370 2446 Γαλιλαίας
384 2415 434 2450 τῆς
447 2415 617 2451 Τιϐεριάδος.

76 2453 94 2480 2
114 2454 171 2480 Καὶ
192 2454 335 2489 ἠκολούθει
357 2456 432 2492 αὐτῷ
458 2456 536 2492 δχλος
558 2456 657 2489 πολὺς,
675 2458 716 2484 δτι
742 2458 836 2495 ἐώρων

40 2494 125 2522 αὑτοῦ
142 2495 176 2523 τά
197 2498 299 2532 σημεῖα
311 2497 330 2524 ἄ
339 2498 427 2525 ἐποίει
437 2499 484 2526 ἐπὶ
498 2499 554 2525 τῶν
572 2498 769 2527 ἀσθενούντων.

77 2537 96 2563 5
117 2537 231 2572 Ἀνῆλθε
249 2539 298 2565 xui.
321 2540 362 2571 εἰς
385 2540 416 2566 τὸ
439 2539 502 2576 ὅρος
528 2541 543 2567 6
558 2540 681 2576 Ἰησοῦς,
701 2541 750 2568 καὶ
778 2541 838 2569 ἐκεῖ

38 2577 159 2612 ἐκάθητο
175 2579 245 2614 μετά
261 2580 315 2607 τῶν
331 2580 462 2617 μαθητῶν
476 2581 572 2611 αὑτοῦ.

71 2619 91 2646 4
107 2617 161 2645 Ἦν
173 2619 201 2646 δὲ
213 2621 298 2655 ἐγγὺς
315 2621 346 2648 τὸ
358 2622 462 2658 πάσχα,
476 2623 493 2658 ἡ
504 2623 586 2658 ἑορτὴ
597 2623 652 2650 τῶν
670 2623 813 2652 Ἰουδαίων.

74 2661 92 2688 5
115 2661 237 2698 Ἐπᾶρας
262 2660 309 2689 οὖν
334 2664 349 2689 6
374 2664 477 2699 Ἰησοῦς
502 2665 566 2697 τοὺς
587 2664 764 2700 ὀφθαλμοὺς.
786 2665 835 2693 καὶ

38 2702 209 2738 θεασάμενος
228 2703 270 2730 ὄτι
301 2704 385 2736 πολὺς
408 2705 488 2740 δχλος
511 2705 621 2741 ἔρχεται
643 2706 712 2741 πρὸς
733 2707 830 2741 αὐτὸν,

38 2742 114 2785 λέγει
130 2743 200 2780 πρὸς
212 2744 423 2785 τὸν-Φίλιππον
439 2747 526 2774 Πόθεν
539 2747 712 2784 ἀγοράσομεν
721 2748 832 2785 ἄρτους,

40 2783 84 2810 ἵνα
98 2785 224 2820 φάγωσιν
239 2783 312 2813 οὗτοι
322 2795 330 2819 ;

75 2828 92 2855 6
109 2826 216 2862 (Τοῦτο
239 2827 268 2854 δὲ
293 2827 370 2862 ἔλεγε
395 2829 534 2865 πειράζων
556 2830 653 2858 αὐτόν’
673 2831 755 2864 αὐτὸς
777 2831 830 2867 γάρ

46 2864 102 2900 ᾔδει
113 2868 141 2896 τί
157 2869 255 2905 ἔμελλε
268 2870 385 2905 ποιεῖν.)

890 2293 957 2328 ρίων
973 2293 1051 2328 ἄρτοι
1067 2294 1118 2321 οὐκ
1139 2295 1269 2331 ἀρκοῦσιν
1288 2296 1390 2328 αὐτοῖς,
1404 2294 1448 2322 ἵνα
1462 2294 1576 2327 ἕκαστος
1590 2294 1679 2322 αὐτῶν

889 2333 977 2370 βραχύ
996 2343 1021 2361 τι
1036 2334 1117 2371 λάϐῃ.

923 2376 940 2403 8
959 2375 1042 2410 Λέγει
1052 2375 1126 2412 αὒτῷ
1140 2375 1181 2409 εἷς
1196 2377 1228 2403 ὲκ
1239 2377 1294 2404 τῶν
1306 2377 1435 2413 μαθητῶν
1446 2377 1540 2411 αὐτοῦ,
1553 2377 1680 2413 Ἀνδρέας

886 2417 901 2444 6
916 2417 1032 2451 ἀδελφὸς
1046 2417 1169 2452 Σίμωνος
1185 2417 1307 2453 Πέτρουν

922 2459 938 2486 9
956 2459 1035 2485 Ἐστι
1050 2459 1194 2494 παιδάριον
1208 2458 1237 2486 ἓν
1249 2455 1301 2485 ὦδε
1314 2458 1329 2484 ὃ
1339 2458 1396 2493 ἔχει
1407 2459 1490 2485 πέντε
1505 2459 1606 2494 ἄρτους
1620 2468 1680 2495 κρι-

887 2498 977 2532 θίνους
990 2500 1038 2526 καὶ
1057 2499 1104 2527 δύο
1118 2500 1235 2536 ὁψάρια’
1253 2499 1322 2526 ἀλλὰ
1336 2499 1425 2526 ταῦτα
1439 2500 1465 2527 τί
1486 2501 1562 2527 ἐστιν
1579 2502 1619 2533 εἰς
1632 2509 1679 2528 το-

887 2548 999 2572 σουτους
1009 2549 1017 2573 ;
1505 2562 1510 2566 -

922 2582 956 2609 10
975 2580 1043 2608 Εῐπε
1056 2582 1085 2609 δὲ
1101 2582 1115 2609 6
1139 2581 1243 2618 Ἰησοῦς
1253 2590 1260 2597 ·
1283 2582 1420 2618 Ποιήσατε
1436 2582 1500 2614 τοὺς
1518 2581 1679 2618 ἀνθρώπους

885 2623 1043 2650 ἀναπεσεῖν.
1055 2621 1109 2650 Ἦν
1130 2623 1159 2650 δὲ
1176 2624 1272 2660 χόρτος
1292 2624 1376 2656 πολὺς
1392 2624 1422 2651 ὲν
1441 2624 1481 2659 τῷ
1502 2625 1590 2660 τόπῳ.
1619 2625 1680 2653 ’Δγ-

886 2665 984 2693 έπεσον
1003 2663 1051 2693 οὖν
1073 2666 1097 2693 οι
1112 2665 1208 2701 ἄνδρες
1222 2666 1269 2693 τὸν
1287 2665 1404 2702 ἀριθμὸν
1416 2665 1483 2692 ὡσεὶ
1502 2665 1678 2699 πεντακισχι-

884 2706 947 2734 λιοι.
1463 2731 1465 2735 .

921 2748 951 2775 Η
971 2747 1071 2776 Ἐλασε
1085 2748 1114 2776 δὲ
1134 2749 1197 2781 τοὺς
1214 2748 1314 2784 ἄρτους
1326 2748 1341 2775 6
1364 2747 1478 2784 Ἰησοῦς,
1503 2750 1550 2775 καὶ
1565 2748 1677 2784 εὐχαρι-

884 2790 987 2825 στήσας
1003 2790 1114 2818 διέδωκε
1130 2792 1186 2822 τοτς
1214 2789 1367 2834 μαθηταῖς,
1384 2790 1459 2834 οἱμδὲ
1473 2790 1600 2834 *μαθηταὶ
1614 2791 1671 2834 ,τοῖς

884 2831 1093 2866 ἀνακειμένοις·
1119 2832 1221 2869 ὁμοίως
1248 2831 1296 2860 καὶ
1323 2832 1356 2858 ὲκ
1388 2831 1443 2859 τῶν
1467 2831 1589 2867 ὀψαρίων
1614 2831 1675 2853 ὃσον

885 2872 989 2908 ἤθελον.
