1953 3040
267 162 318 190 795

891 162 995 190 NONNI
1015 162 1267 191 PANOPOIJTANI

1843 159 1893 185 Ίυθ

269 218 436 245 hordeaccos
458 223 543 252 panes
560 216 700 249 Christus,
717 225 825 253 semper
839 219 939 246 viventi
955 219 1059 255 gratias

1124 219 1236 255 ἱριστὺς,
1250 219 1294 246 ἀεὶ
1309 218 1404 251 ζώοντι
1419 218 1498 254 χάριν
1512 218 1642 253 Γενετῆρι
1656 217 1791 250 τιταίνων.

269 263 342 290 Patri
370 270 463 298 agens,
487 261 576 297 Fregit
596 263 766 298 complicata:
791 272 888 292 manus
918 265 1056 300 uncungui

267 313 354 340 motu,
364 308 396 334 Et
407 308 481 335 dedit
491 309 625 342 convivis,
635 310 806 345 prmbuitqnc
815 311 943 338 omnibus
954 311 1056 343 cibum,

269 354 302 381 Et
315 363 348 382 ex
368 354 475 381 duobus
497 355 619 389 piscibus
640 359 774 390 quantum
794 356 933 384 volebant.
950 356 984 383 12
1004 356 1057 383 Sed

266 408 332 428 cum
358 400 458 434 popqu
482 399 618 427 Esurienti
643 401 755 428 satietas
781 405 855 428 esset
880 401 1058 429 redundantis

270 453 381 475 mensze.
391 445 471 472 Jesus
483 446 612 480 prmccpit
627 446 810 473 concordibus
822 446 965 481 discipulis
978 455 985 473 :
997 445 1059 473 0m-

270 492 315 518 nia
331 491 427 518 celeris
437 491 579 526 vertiginis
588 499 642 518 uno
651 491 769 527 colligite
781 492 883 527 impetu
896 492 1058 527 Fragmenta

267 537 357 564 solida
378 536 557 564 redundantis
574 544 684 570 mensae,
708 537 749 564 Ne
769 537 834 572 quid
850 541 953 572 pereat.
975 537 1009 565 l3
1026 537 1060 564 Et

268 581 406 610 Instabilis
429 582 499 609 alius
524 585 586 617 post
611 582 695 609 alium
721 583 893 617 lmpetuosus
921 583 1059 611 ferebatur

270 627 431 655 ministrans
461 631 550 654 cetus
582 627 734 659 sociorum,
767 627 863 656 Molem
891 629 1058 656 crcbriorum

272 673 415 708 per-ﬁciens
432 673 513 700 altam
529 680 628 708 panum
643 673 767 701 Manibus
780 675 864 701 cavis.
882 674 902 701 A
917 675 996 702 viridi
1008 682 1057 702 au-

271 723 324 746 tem
348 719 470 753 gramine
492 717 582 745 Fracti
604 719 777 754 congregavit
803 727 913 754 sparsas
929 720 1058 755 reliquias

271 763 324 790 cibi
349 763 523 798 Quaecunque
555 768 729 799 supererant;
756 772 907 800 unoque_a
932 765 1059 800 quinario

271 816 371 843 panum
387 808 529 843 lnquircns
539 809 725 841 orhiculatim,
739 809 827 836 donec
838 809 953 845 multum
965 810 1059 844 capaci

271 853 334 879 sinu
354 852 576 880 Promiscuorum
591 853 705 888 replevit
718 853 862 881 duodecim
878 853 997 882 circulos
1013 862 1059 881 co-

1112 265 1231 292 Ἔκλασε
1250 264 1420 300 συμπλεκέος
1439 264 1568 299 παλάμης
1584 263 1747 298 γαμψώνυχι
1768 263 1880 298 παλμῷ,

1111 311 1167 337 Καὶ
1184 311 1251 346 πόρε
1269 310 1471 346 δαιτυμόνεσσι,
1486 310 1533 336 καὶ
1547 309 1636 345 ὤρεγε
1652 310 1736 336 πᾶσιν
1750 308 1863 344 ἐδωδὴν,

1111 357 1166 382 Καὶ
1177 356 1296 391 διδύμων
1309 356 1426 383 νεπόδων
1438 355 1499 382 ὅσον
1511 355 1618 390 ἤθελον.
1631 355 1665 381 12
1683 355 1753 381 Ἀλλ’
1764 355 1809 381 ὅτε
1823 354 1880 390 λαῷ

1111 402 1249 437 ΙῙειναλέῳ
1266 402 1347 437 κόρος
1361 401 1425 427 ἔσκε
1439 399 1646 435 πολυφλοίσϐοιο
1658 399 1809 436 τραπέζης,

1117 447 1220 482 Ἰησοῦς
1236 447 1365 479 ἐπέταξεν
1381 447 1537 482 όμοζήλοισι
1550 445 1699 481 μαθηταῖς-

1113 493 1205 519 Πάντσ.
1218 491 1469 527 ταχυστροφάλιγγι
1483 493 1531 526 μιῇ
1547 491 1691 523 συλλέξατε
1708 491 1775 526 ῥιπῇ
1811 521 1813 525 Ι

1113 538 1265 573 κλάσματα
1277 536 1452 563 πυκνωθέντα
1467 535 1668 571 περισωϐὀτοιο
1681 535 1831 571 τραπέζης,

1114 584 1204 618 Ὀφρα
1215 592 1246 609 κε
1260 582 1343 618 μηδὲν
1354 582 1449 608 δλοιτο.
1461 582 1493 609 15
1503 582 1556 608 Καὶ
1566 581 1680 612 ᾶστατος
1690 581 1768 612 ἄλλος
1777 581 1820 607 ἐπ’
1827 580 1901 616 ἄλλῳ

1111 629 1253 660 Φοιταλέος
1266 628 1403 663 πεφόρητο
1414 627 1555 662 διάκτορος
1565 626 1648 661 ἑσμὸς
1665 625 1791 661 ἑταίρων,

1114 675 1214 708 Ὄγκον
1233 673 1428 707 ὲπασσυτέρων
1442 672 1542 698 τελέων
1557 671 1708 706 ὑψοὺμενον
1720 671 1810 706 ἄρτων

1112 719 1197 754 Χερσὶ
1213 718 1437 754 βαθυνομένῃσιν.
1456 717 1522 744 Ἀπὸ
1538 717 1658 752 χλοεροῖο
1672 717 1701 743 δὲ
1719 717 1817 752 χόρτου

1118 764 1274 799 Ῥωγαλέης
1288 764 1432 798 συνάγειρε
1443 762 1600 789 πολύπλανα
1616 761 1728 796 λείψανα
1744 763 1849 797 φορεῆς

1112 810 1201 836 Ὄσσα
1215 809 1425 844 περισσεύοντοο
1436 809 1505 844 ιμιῆς
1519 809 1541 835 δ’
1553 807 1607 835 ἀπὸ
1625 808 1753 839 πεντάδος
1765 808 1856 843 ἄρτων

1112 855 1263 883 Μαστεύων
1275 854 1409 890 ἑλικηδὸν,
1428 854 1481 885 ἕως
1495 853 1653 888 πολυχανδέῖ
1668 853 1761 888 κόλπῳ

271 897 425 932 phinorum.
450 899 483 925 M
501 897 532 924 Et
550 899 660 933 plurimi
683 898 794 926 aliunde
817 898 862 925 alii
887 902 1060 932 sonuerunt,

1124 900 1277 936 ευμμιγέων
1289 899 1391 934 ἔπλησε
1408 898 1529 926 δυώδεκα
1545 898 1633 925 κύκλα
1648 897 1777 932 κοφίνων.

272 941 434 970 miraculum
461 944 643 978 intelligentes
667 944 795 972 Christus
818 944 891 980 quod
918 943 983 972 fecit
1011 945 1059 972 toti

270 988 421 1015 convictori
434 989 545 1023 populo,
556 989 659 1016 Panum
673 993 885 1024 spontaneorum
902 997 1060 1018 recrescens

272 1033 426 1060 convivium
441 1034 625 1060 honorantes:
640 1033 689 1061 Hic
714 1042 795 1069 quem
819 1035 958 1062 celebrant
980 1042 1061 1062 verus

271 1084 313 1106 est
328 1079 469 1114 propheta,
488 1079 574 1112 Quem
590 1080 663 1107 fama
676 1084 719 1108 est
738 1081 832 1108 aeterni
854 1085 998 1108 venturum
1016 1088 1059 1108 re-

272 1127 375 1151 ctorem
393 1124 496 1151 mundi.

307 1169 360 1204 62
382 1170 414 1196 l5
431 1170 526 1197 Sciens
541 1178 606 1198 vero
622 1179 670 1206 per
683 1178 713 1199 se
731 1171 829 1199 doctus
842 1172 900 1199 Rex
911 1171 1003 1199 cordis
1015 1179 1062 1199 co-

273 1215 443 1248 gitationem,
459 1215 537 1248 Quod
551 1217 658 1243 venturi
676 1221 770 1244 essent
786 1217 941 1252 congregati
958 1218 995 1245 ibi
1011 1219 1062 1244 ho-

273 1258 372 1289 mines,
391 1258 424 1285 Et
439 1259 528 1293 ipsum
548 1261 652 1294 rapturi
677 1265 707 1287 ut
732 1262 933 1289 constituerent
949 1270 1039 1297 regem
1053 1281 1061 1294 ,

273 1302 373 1330 Montis
397 1304 490 1330 silvosi
513 1304 649 1332 desertam
672 1306 753 1332 subiit
770 1311 884 1340 petram.
903 1307 936 1334 16
953 1306 985 1333 Ει
1001 1315 1062 1333 um-

274 1346 373 1373 brosus
384 1348 493 1381 quando
504 1355 590 1375 conus
605 1349 726 1375 accurrit
735 1349 832 1377 vicina:
841 1350 976 1384 caliginis,
990 1350 1064 1378 Mare

274 1393 307 1419 ad
324 1393 505 1428 propinquum
528 1393 736 1428 impellebantur
754 1396 892 1431 discipuli.
910 1397 942 1423 l7
963 1397 993 1425 ln
1015 1405 1064 1424 na-

273 1445 333 1464 vem
353 1443 443 1466 autem
467 1439 603 1467 irruentes
627 1441 804 1476 marivagam,
827 1450 937 1469 currum
959 1443 1061 1476 maris,

274 1481 386 1508 'l‘erram
403 1483 429 1509 in
444 1483 596 1517 oppositam
613 1484 786 1518 trajiciebaut
798 1485 935 1521 discipuli,
949 1487 989 1514 Ad
1001 1487 1064 1514 civi-

274 1530 357 1554 tatem
375 1526 547 1562 Capernaum
562 1530 748 1564 appellentes;
764 1531 854 1558 vicina
870 1539 933 1559 vero
950 1532 1062 1559 Terram

274 1575 358 1598 totam
373 1561 441 1598 texit
451 1576 510 1598 atra
524 1561 621 1608 caligo,
634 1573 668 1600 Et
677 1561 750 1600 circa
762 1581 863 1609 corpus
877 1576 983 1602 varium
998 1575 1063 1602 dor-
1077 1561 1099 1590 δ

274 1624 334 1643 sum
351 1617 495 1645 habentem
513 1621 680 1647 contrahens
698 1621 830 1653 tunicam,
848 1620 991 1648 Stcllatum
1007 1630 1064 1650 cm-

275 1663 330 1690 lum
355 1664 523 1698 Splendebat.
544 1665 724 1700 Cupientibus
746 1674 811 1694 vero
827 1667 969 1702 discipulis
988 1667 1064 1695 Non-

274 1707 338 1734 dum
357 1709 485 1737 Christus
509 1711 593 1738 venit.
620 1711 654 1738 18
677 1710 797 1739 Instante
815 1715 905 1738 autem
928 1712 1063 1747 procella,

275 1753 362 1788 Prope
385 1761 520 1789 apparens
541 1755 672 1783 incurvus
689 1756 887 1783 intumescebat
902 1756 992 1783 ﬂuxus
1008 1763 1067 1782 ma-

274 1801 331 1831 ris,
355 1799 388 1826 Et
411 1800 498 1835 longis
521 1801 638 1836 remiges
664 1809 762 1836 aquam
787 1801 931 1836 signabant
960 1801 1062 1832 remis.

273 1845 427 1874 Contrariis
448 1846 537 1874 ventis
561 1847 706 1882 impulsam
720 1868 727 1874 .
748 1847 781 1874 19
800 1847 969 1875 Marinorum
1000 1854 1066 1875 vero

274 1897 342 1925 Tres
357 1898 475 1926 decades
491 1898 645 1927 studiorum
665 1900 707 1927 vel
724 1899 945 1935 vigintiquinque
966 1906 1065 1927 secan-

274 1953 326 1980 tes,
347 1949 486 1977 Christum
515 1951 642 1984 viderunt
667 1950 838 1980 incedentem
867 1959 950 1987 super
973 1959 1065 1984 mare,

274 2001 383 2029 Siccum
399 2002 543 2037 vestigium
566 2003 720 2035 habentem.
744 2004 828 2038 pervii
845 2005 929 2032 maris
949 2004 1067 2032 celerem

275 2052 416 2081 viatorem.
435 2053 625 2082 Formidantes
652 2059 742 2082 autem
763 2055 1003 2083 vociferabantur.
1029 2055 1065 2083 20

274 2105 410 2132 Attonitos
421 2112 486 2132 vero
497 2105 647 2140 discipulos
662 2104 744 2133 Jesus
758 2105 961 2140 alloquebatur:
977 2105 1067 2134 Sinite

276 2155 447 2182 formidinem
463 2156 552 2183 ventis
566 2165 574 2183 :
586 2156 713 2184 Christus
728 2164 779 2192 ego
794 2158 872 2185 velox
895 2157 984 2184 viator
1005 2165 1066 2185 sum

276 2207 370 2235 maris.
385 2207 419 2234 21
438 2207 471 2234 Ει
485 2208 575 2243 ipsum
594 2208 702 2237 trahere
723 2210 850 2237 volebant
871 2211 898 2237 in
921 2210 1022 2242 navim,
1039 2215 1067 2238 et

1113 946 1146 973 M
1158 946 1213 972 Καὶ
1231 945 1314 977 πολὺς
1325 944 1436 972 ἂλλοθεν
1450 943 1530 975 ἄλλος
1543 943 1633 978 ὲνίαχε
1644 942 1736 978 θαῦμα
1749 943 1850 978 νοήσας

1111 992 1227 1028 Χριστὸς
1239 993 1308 1027 ὅπερ
1325 991 1436 1026 ποίησεν
1455 990 1507 1025 ὅλῳ
1521 990 1654 1025 θοινήτορι
1676 989 1743 1024 λαῷ,

1114 1037 1222 1071 ’Δρτων
1235 1035 1395 1071 αὐτομάτων
1410 1033 1578 1066 παλιναυξέα
1589 1034 1668 1060 δαῖτα
1680 1033 1831 1069 γεραίρων

1112 1079 1196 1112 Οὗτος
1208 1081 1238 1107 ὃν
1251 1080 1388 1107 ἀείδουσιν
1402 1080 1538 1115 ὲτήτυμός
1552 1081 1610 1106 ἐστι
1626 1079 1780 1115 προφήτης,

1115 1127 1163 1152 Ὃν
1174 1126 1253 1160 φάτις
1266 1125 1372 1152 άενάοιο
1388 1125 1478 1160 μολεῖν
1495 1123 1619 1160 ίθύντορα
1632 1124 1745 1159 κόσμου.

1146 1172 1200 1207 63
1219 1171 1252 1198 15
1267 1170 1352 1202 Εἰδὼς
1377 1170 1400 1197 δ’
1418 1170 1608 1202 αὐτοδίδακτος
1625 1169 1709 1203 ’Δναξ
1733 1169 1905 1204 ὑποκάρδιον

1744 1213 1850 1250 [ὀμφὴν
1860 1234 1868 1246 .

1114 1261 1191 1288 Ὀττι
1206 1260 1297 1295 μολεῖν
1308 1260 1426 1296 ἤμελλον
1439 1260 1572 1296 ὀμήλυδες
1585 1259 1677 1287 αὐτόοι
1689 1259 1759 1291 λαοὶ.

1114 1306 1168 1332 Καί
1184 1314 1230 1339 μιν
1243 1305 1456 1341 άφαρπάξαντες
1474 1306 1637 1341 ἀναστήσειν
1653 1305 1778 1340 βασιλῆα,

1115 1351 1217 1387 Οὔρεος
1233 1351 1360 1386 ὑλήεντος
1373 1351 1498 1386 ὲρημάδα
1513 1351 1611 1378 δύσατο
1625 1351 1738 1386 πέτρην.

1115 1397 1149 1423 16
1166 1397 1221 1423 Καὶ
1240 1397 1341 1428 σκιόεις
1354 1397 1399 1423 ὅτε
1413 1396 1498 1428 κῶνος
1512 1397 1647 1432 ἀνέδραμε
1659 1397 1778 1432 γείτονος
1789 1396 1907 1432 δρφνης,

1115 1442 1216 1468 Πόντον
1230 1442 1259 1473 ὲς
1272 1442 1466 1477 ἀγχικέλευθον
1479 1442 1650 1478 ἐπερρώοντο
1662 1443 1790 1478 μαθηταί.

1115 1487 1147 1514 17
1161 1487 1224 1522 Νῆα
1238 1486 1260 1513 δ’
1275 1487 1438 1520 ἐπαΐξαντες
1453 1486 1597 1522 άλίδρομον
1613 1487 1687 1522 ἅρμα
1700 1486 1851 1521 Θαλάσσης,

1114 1533 1197 1566 Γαῖαν
1210 1533 1238 1564 ές
1257 1532 1436 1568 ἀντιπέραιαν
1452 1532 1652 1567 ὲπορθμεύοντο
1666 1531 1795 1567 μαθηταὶ,

1117 1579 1200 1604 ’Δστυ
1215 1579 1404 1613 Καφαρναοὺμ
1423 1577 1628 1614 μετανεύμενοι.
1647 1577 1811 1613 ’Δρτιφανὴς
1825 1577 1854 1604 δὲ

1116 1625 1199 1652 Γαῖαν
1213 1625 1278 1660 ὃλην
1289 1618 1406 1659 ἐκάλυψε
1422 1625 1661 1660 μελαγκρήδεμνος
1678 1624 1786 1659 ὁμίχλη,

1116 1671 1171 1697 Καὶ
1182 1670 1243 1706 χροῒ
1260 1669 1453 1696 ποικιλόνωτον
1468 1670 1653 1704 ὲπισφίγξασα
1665 1669 1775 1704 χιτῶνα,

1122 1716 1264 1750 Ἀστερόεν
1275 1714 1418 1749 σελάγιζεν
1430 1723 1437 1730 ·
1455 1715 1623 1750 ἐελδομένοις
1638 1714 1667 1741 δὲ
1683 1714 1820 1750 μαθηταῖς

1115 1758 1199 1786 (timo;
1213 1759 1331 1795 Χριστὸς
1345 1760 1448 1786 ἵκανεν.
1462 1759 1494 1786 18
1511 1759 1708 1794 Ἐπειγομένης
1722 1758 1750 1784 δὲ
1763 1758 1891 1794 θυέλλης,

1122 1804 1286 1839 Ἀγχιφανὴς
1298 1804 1445 1840 ἑπίκυρτος
1459 1803 1606 1839 ὲπυργώθη
1624 1803 1684 1839 ῥόος
1699 1803 1799 1837 ἅλμης,

1118 1849 1172 1876 Καὶ
1186 1849 1302 1885 δολιχοϊς
1320 1849 1452 1884 ἐλατῆρες
1468 1849 1540 1884 ὕδωρ
1553 1849 1703 1884 ἐχάρασσον
1715 1848 1853 1883 ἐρετμοῖς,

1123 1894 1291 1930 ’Λντιπόροις
1305 1895 1417 1930 ἀνέμοις
1430 1895 1600 1930 βεϐιημένον.
1615 1894 1647 1921 19
1660 1893 1791 1920 Είναλίων
1806 1894 1837 1920 δὲ

1118 1940 1198 1976 Τρεῖς
1210 1940 1324 1972 δεκάδας
1338 1941 1453 1967 σταδίων
1464 1941 1481 1976 ἢ
1497 1940 1665 1967 εἰκοσιπέντε
1676 1939 1820 1974 ταμόντες,

1118 1985 1235 2020 Χριστὸν
1252 1985 1404 2021 ἐθηήσαντο
1417 1986 1602 2020 διαστείχοντα
1617 1984 1766 2019 θαλάσσης,

1120 2031 1253 2066 Ἀσροχον
1271 2031 1343 2066 ἴχνος
1358 2031 1463 2066 ἔχοντα,
1478 2031 1562 2066 βατῆς
1578 2030 1640 2063 ἁλὸς
1655 2030 1717 2063 ὀξὺν
1728 2030 1831 2066 όδῖτην.

1118 2075 1267 2111 Ταρὸαλέοι
1278 2076 1301 2102 δ’
1312 2075 1455 2107 ἀλάλαζον.
1468 2075 1504 2102 20
1521 2075 1709 2110 ’Δτυζομένοις
1724 2075 1752 2101 δὲ
1773 2075 1910 2110 μαθηταῖς

1125 2120 1228 2155 Ἰησοῦς
1237 2120 1359 2156 ὁάριζεψ
1375 2120 1490 2147 Ἑάσατε
1502 2119 1601 2155 τάρῦος
1611 2120 1712 2155 ηάἡταις
1721 2128 1728 2135 ·

1118 2166 1237 2201 Χριστὸς
1255 2165 1311 2201 ἐγὼ
1327 2166 1492 2201 ταχύγουνος
1507 2165 1646 2201 ὁδοιπόρος
1661 2165 1720 2200 εἰμὶ
1731 2164 1882 2200 θαλάσσης.

1117 2211 1149 2238 21
1163 2211 1217 2237 Καί
1227 2220 1272 2246 μιν
1282 2211 1352 2238 ἑλεῖν
1362 2211 1501 2246 μενέαινον
1511 2211 1540 2242 ἐς
1548 2210 1658 2243 ὁλκάδα,
1668 2210 1714 2236 καὶ
1727 2209 1809 2245 μένος
1820 2210 1850 2238 Et)
1857 2219 1910 2244 μης

879 2287 1020 2315 TEXTUS
1038 2287 1304 2316 ΕνΑΝῦειιεΤιΕ.

313 2343 346 2370 12
367 2343 411 2374 Ὠς
425 2343 453 2370 δὲ
473 2343 690 2378 ἐνεπλήσθησαν,
704 2342 779 2376 λέγει
795 2344 853 2375 τοῖς
869 2343 1003 2378 μαθηταῖς
1015 2344 1064 2370 αὐ·
1080 2347 1101 2373 D
1115 2345 1161 2370 τοῦ
1177 2343 1224 2369 ἐπὶ
1237 2344 1286 2378 τὴν
1303 2343 1452 2372 θάλασσαν.

275 2384 339 2410 τοῦ·
359 2385 528 2419 Συναγάγετε
546 2384 582 2411 τὰ
599 2384 817 2420 περισσεύσαντα
840 2383 986 2419 κλάσματα
997 2404 1005 2417 ,
1021 2384 1066 2411 ῖνα

279 2425 317 2460 μή
329 2434 356 2451 τι
373 2426 516 2462 ἀπόληται.
649 2424 651 2426 ’

315 2467 348 2493 13
368 2468 525 2503 Συνήγαγον
544 2465 601 2500 οὗν,
616 2467 662 2494 καὶ
676 2467 808 2502 ἐγέμισαν
820 2466 924 2493 δώδεκα
940 2467 1067 2500 κοφίνους

278 2507 442 2542 κλασμάτων
464 2510 496 2535 ἐκ
518 2509 573 2535 τῶν
590 2509 670 2535 πέντε
696 2508 786 2543 ἄρτων
804 2507 931 2544 κριθίνων
942 2529 949 2542 ,
968 2507 987 2534 ἃ.
1005 2509 1062 2534 ἐπε-

280 2549 407 2583 ρίσσευσε
421 2551 477 2580 τοῖς
492 2550 667 2585 βεϐρωκόσιν.
809 2582 814 2587 χ

315 2590 350 2616 14
369 2591 399 2616 Οξ
421 2589 467 2617 οὖν
490 2588 627 2625 ἄνθρωποι
645 2591 743 2622 ἰδόντες
758 2590 772 2617 ὃ
797 2591 909 2626 ἐποίησε
926 2591 1038 2626 σημεῖον
1053 2591 1068 2616 ὁ

286 2630 400 2665 Ἰησοῦς,
413 2631 506 2665 ἔλεγον
515 2639 523 2647 ·
533 2632 594 2658 Ὀτι
604 2629 680 2663 οὗτός
696 2633 770 2659 ἐστιν
783 2631 912 2667 ἀληθῶςὸ
925 2632 1068 2667 προφήτης

278 2672 294 2697 ὁ
310 2672 456 2706 ἐρχόμενος
471 2673 509 2703 είς
526 2673 572 2699 τὸν
586 2673 698 2708 κόσμον.

316 2712 350 2738 15
370 2713 473 2747 Ἰησοῦς
490 2711 536 2739 οὖν
552 2714 632 2747 γνοὺς
651 2715 691 2741 ὅτι
707 2715 848 2749 μέλλουσιν
863 2714 1001 2750 ἔρχεσθαι,
1022 2714 1068 2740 καὶ

281 2753 415 2788 ἁρπάζειν
431 2754 512 2780 αὐτὸν
526 2755 568 2781 ἵνα
584 2756 734 2791 ποιήσωσιν
758 2756 839 2782 αὑτὸν
861 2755 972 2790 βασιλέα
982 2775 990 2788 ,
1022 2755 1065 2782 ἀν-

280 2795 405 2831 εχώρησε
421 2796 501 2822 πάλιν
517 2797 555 2827 είς
569 2797 600 2822 τὸ
611 2797 674 2831 ὅρος
688 2797 770 2828 αὐτὸς
783 2797 872 2832 μόνος.

317 2837 351 2866 16
369 2838 414 2870 Ὠς
428 2838 456 2865 δὲ
468 2837 531 2870 ὀψία
541 2838 658 2871 ἐγένετο,
677 2839 830 2872 κατέϐησαν
845 2840 868 2866 οἱ
884 2839 1006 2874 μαθηταὶ
1020 2839 1068 2866 αὑ-

1154 2383 1186 2410 17
1197 2385 1252 2410 Καὶ
1268 2385 1400 2419 ὲμόἀντες
1416 2386 1456 2417 είς
1472 2385 1502 2412 τὸ
1518 2385 1619 2417 πλοῖον,
1631 2385 1746 2420 ἤρχοντο
1761 2384 1850 2419 πέραν
1859 2385 1908 2419 τῆς

1120 2425 1258 2459 θαλάσσης
1271 2427 1309 2456 εἰς
1323 2426 1520 2462 Καπερναούμ.
1535 2427 1590 2454 Καὶ
1605 2427 1700 2453 σκοτία
1709 2426 1760 2461 ἤδη
1774 2426 1908 2461 ἐγεγόνει,

1121 2467 1168 2493 καὶ
1181 2467 1231 2493 οὺκ
1247 2467 1370 2502 ἐληλύθει
1385 2468 1454 2503 πρὸς
1467 2468 1567 2499 αὐτοὺς
1579 2468 1593 2493 ὁ
1615 2467 1728 2502 Ἰησοῦς.

1156 2508 1190 2536 18
1205 2509 1243 2534 ’Ἡ
1254 2517 1284 2534 τε
1298 2508 1429 2541 θάλασσα,
1445 2509 1547 2544 ἀνέμου
1562 2508 1681 2544 μεγάλου
1698 2507 1839 2542 πνέοντος,
1871 2509 1910 2536 δι-

1120 2550 1257 2585 ηγείρετο.

1158 2591 1190 2618 19
1218 2590 1396 2626 Ἐληλακότες
1414 2588 1462 2618 οὖν
1485 2591 1524 2623 ὡς
1551 2591 1674 2622 σταδίους
1693 2591 1866 2618 εἰκοσιπέντε
1889 2591 1906 2626 ἢ

1121 2631 1276 2667 τριάκοντα,
1296 2631 1428 2667 θεωροῦσι
1446 2632 1492 2658 τὸν
1509 2632 1614 2667 Ἰησοῦν
1639 2632 1845 2667 περιπατοῦντα
1863 2633 1907 2658 ἐπὶ

1120 2673 1171 2707 τῆς
1187 2673 1334 2707 θαλάσσης,
1349 2674 1396 2700 καὶ
1411 2674 1494 2708 ἐγγὺς
1508 2673 1555 2700 τοῦ
1571 2673 1662 2700 πλοίου
1684 2674 1829 2709 γινόμενον
1841 2683 1848 2689 ·
1863 2674 1909 2702 καὶ

1122 2714 1304 2749 εφοϐήθησαν.

1157 2755 1192 2783 ‘20
1214 2755 1243 2781 'O
1256 2755 1285 2781 δὲ
1300 2755 1374 2789 λέγει
1391 2749 1497 2788 αὐτοῖς·
1513 2755 1583 2789 Ἐγώ
1599 2757 1666 2791 εἰμι,
1681 2756 1718 2791 μὴ
1735 2756 1875 2790 φοϐεῖσθε.

1157 2797 1188 2823 21
1213 2796 1326 2822 Ἤθελον
1341 2795 1388 2824 οὖν
1415 2798 1504 2824 λαὸεῖν
1519 2797 1601 2823 αὑτὸν
1621 2798 1662 2828 είς
1685 2797 1715 2824 τὺ
1735 2797 1846 2823 πλοῖον
1868 2797 1911 2824 καὶ

1122 2838 1221 2868 εὐθέως
1235 2837 1266 2864 τὸ
1275 2838 1364 2864 πλοῖον
1376 2839 1484 2872 ἐγένετο
1494 2838 1539 2865 ἐπὶ
1547 2838 1596 2873 τῆς
1614 2839 1663 2873 γῆς
1684 2838 1722 2870 είς
1734 2838 1768 2873 ἢν
1779 2839 1895 2874 ὑπῆγον.
