1953 3040
52 178 107 206 797

53 233 110 263 Ἦν
123 236 200 264 τότε·
218 238 265 265 καὶ
280 238 360 268 πέλεν
373 241 468 277 ὅρμος,
481 242 541 270 ἐπεὶ
555 245 666 274 θεοδινέῖ
678 248 778 284 παλμῷ

53 281 107 329 91a
196 285 331 320 πτερόεις,
344 287 451 322 ἀνέμων
463 289 535 324 δίχα,
550 291 644 327 νόσφιν
658 281 793 329 ἐρετμιῦν,

53 327 224 364 Τηλεπόροις
236 328 390 365 λιμένεσσιν
401 333 508 368 όμίλεεν
522 336 661 373 αὐτομάτη
676 327 755 374 νηῦς.

51 373 89 400 ‘32
113 374 182 400 Ἀλλ’
199 375 243 401 ὅτε
255 376 403 412 πορφύρων
419 379 581 415 Τιϐερήτιδα
596 373 710 416 γείτονα
718 386 822 422 πέτρην

59 419 233 456 ’Δκροφανὴς
246 421 363 457 ἐχάραξε
385 424 525 453 λιπόσκιον
539 427 636 463 ὄρθρος
650 419 775 468 ὁμίχλην,

55 465 126 495 Aab;
140 465 316 502 ὲῦκροκάλοιο
331 468 419 504 πέρην
435 470 585 504 ἀντώπιδος
598 472 690 510 ἅλμης

58 510 216 545 ’ἱστάμενος
233 512 391 546 σκοπίαζεν,
405 515 446 542 ὃτι
458 515 544 552 ζαθέῃ
561 519 636 554 παρὰ
650 519 733 558 λίμνῃ

58 554 204 592 Ὶκμαλέης
221 558 271 585 οὐκ
283 556 353 594 ἦσαν
372 560 558 598 ίμασσομένης
575 554 760 600 πέλας

54 600 197 646 ἓτοιχάδες
211 602 357 640 ἀλλήλῃσιν
371 606 505 640 όμόζυγες
517 608 628 642 ὁλκάδες
639 611 728 646 ἄλλαι,

101 644 138 680 μὴ
153 645 220 681 νηῦς
234 647 283 682 μία
296 647 394 683 μοῦνον
409 650 572 687 ἀνέμπλοος,
587 655 644 682 ὄττι
657 658 705 683 καὶ
719 644 800 690 αὐτὸς

54 688 165 735 Οὺμτότε
179 692 355 726 ποντοπόροιο
370 695 435 730 μιῆς
449 696 496 723 ἐπὶ
512 698 574 733 νηὸς
594 700 698 735 Ἰησοῦς

56 733 113 784 95
133 735 283 784 ’A‘yxwémc
299 739 420 774 ἑτάροισι
432 741 587 776 συνέπλεεν,
602 733 660 772 ἀλλ’
674 748 714 774 ὅτι
731 749 824 784 μοῦνοι

56 779 140 806 Γαῖαν
155 780 184 812 ὲς
197 781 386 810 άντικέλευθον
397 785 582 815 ἐναυτίλλοντο
597 790 723 827 μαθηταί,

53 825 88 872 Ξῖ)
102 825 203 858 Ι’Λλλας
215 826 282 862 νῆας
293 828 409 861 ἑλόντες,
425 830 480 866 ὅπη
495 832 670 869 Τιϐερήτιδες
685 825 775 872 ἀκταὶ,

54 869 155 897 Πόντον
169 872 360 906 ἐπεσσεύοντο,
373 875 422 902 καὶ
435 876 532 910 ἤλυθον
544 879 640 913 ἐγγύθι
655 869 755 918 χώρου,

53 915 124 962 λαὸς
137 917 190 962 δπη
206 918 337 954 νήριθμος
351 920 393 946 ἐπ’
407 922 547 957 εὑχόρτοιο
558 915 700 962 τραπέζης

53 960 187 989 Θέσκελον
200 963 293 998 ἤσθιεν
304 965 397 1000 ἄρτον,
409 966 438 993 ὃν
452 967 567 996 ἔκλασεν
580 960 717 1008 ἀμϐροσίη
730 974 792 1010 χεὶρ

53 1006 183 1041 Χριστοῦ,
199 1009 383 1044 παμμεδέοντι
396 1011 477 1046 χάριν
488 1013 508 1039 Γ
510 1015 618 1050 ενετῆρι
629 1006 754 1050 διδόντος.

52 1051 88 1078 24
104 1053 159 1079 Καὶ
174 1054 211 1088 μὴ
223 1054 340 1089 Χριστὸν
355 1055 461 1083 ἄνακτα
478 1058 632 1094 φερέσϐιον,
645 1061 705 1088 οὑδὲ
721 1063 844 1098 μαθητὰς

58 1097 242 1138 Ἐσπομένους
256 1100 381 1135 εὑρόντες
395 1101 548 1136 ἀμοιϐαίων
565 1105 611 1131 ἐπὶ
623 1106 706 1141 νηῶν,

53 1143 166 1170 Πόντιον
178 1145 375 1180 ἀφροκόμοισιν
388 1146 459 1183 ὕδωρ
471 1148 612 1177 λεύκαινον
627 1151 763 1187 ἐρετμοῖς,

55 1187 140 1213 Ἀστυ
156 1189 344 1226 Καφαρναοὺμ
359 1193 563 1228 μετανεύμενοι.
579 1195 614 1222 25
631 1196 781 1233 Ἀγχιφανῆ
796 1198 823 1225 δὲ

59 1233 221 1270 Ἀπιπέρην
237 1235 363 1270 εὑρόντες
382 1238 522 1274 άσιγήτοιο
534 1239 672 1276 θαλάσσης

53 1279 181 1314 Χριστὸν,
197 1278 397 1314 ἐκυκλώσαντο,
413 1285 460 1311 καὶ
473 1284 582 1312 ἔννεπον
592 1286 651 1321 ὴδέῖ
669 1287 759 1323 μύθῳΙ

57 1324 167 1353 Ῥαϐϐὶν
181 1326 257 1360 ἅναξ,
269 1328 333 1354 πότε
345 1329 423 1365 δεῦρο
433 1330 598 1366 παρέπλεες;
610 1332 645 1359 26
653 1333 806 1370 Ἀρπαλέης
815 1334 844 1362 δὲ

54 1371 202 1408 Εἰλαπίνης
222 1374 368 1410 μνηστῆρα
385 1376 520 1411 μετήλυδα
532 1377 595 1405 λαὸν
607 1379 727 1414 ἐλέγχων

58 1417 162 1452 Ἰησοῦς
170 1419 296 1454 ἀγόρευε,
311 1421 486 1458 μινυνθαδίης
500 1423 553 1450 ἀπὸ
563 1424 668 1459 φορϐῆς

54 1465 100 1496 Εἰς
114 1465 210 1501 θαλίην
223 1465 350 1503 ζείδωρον
362 1468 499 1504 ἀλήμονας
511 1469 611 1505 ἀνέρας
626 1471 712 1499 ἕλκων
723 1478 731 1486 ·

54 1508 117 1537 Οἶδα
130 1511 157 1537 τί
173 1512 354 1546 μαστεύοντες
368 1515 483 1542 ίκάνετε.
495 1515 656 1543 Νουσαλέων
670 1516 724 1552 γὰρ

54 1554 89 1580 Οὐ
105 1554 150 1581 διὰ
162 1555 289 1591 θαύματα
305 1559 382 1586 κεῖνα
398 1558 488 1595 τάπερ
504 1560 592 1595 κάμον
608 1560 686 1595 ἠθάδι
702 1561 790 1597 μύθῳ,

57 1597 183 1626 ὐππόσα
200 1600 352 1636 θηήσασθε·
367 1603 448 1636 πόθος
459 1603 488 1629 δέ
499 1613 541 1636 τις
554 1605 640 1639 ὑμέας
654 1605 727 1633 ἕλκει

55 1643 163 1680 ’Δρτων
178 1645 329 1673 θεσπεσίων
341 1648 548 1684 παλινάγρετος,
561 1649 620 1676 ὄττι
632 1650 763 1685 φαγόντες

53 1689 203 1725 Εἰλαπίνην
216 1691 347 1727 νήριθμον
360 1694 428 1729 ἐμῆς
441 1694 591 1730 κεκόρησθε
604 1695 754 1731 τραπέζης.

56 1736 90 1762 27
109 1736 193 1763 Ἀλλὰ
207 1738 437 1765 πολυπλανέεσσιν
450 1740 548 1766 ἐάσατε
565 1740 714 1776 σύνδρομον
727 1741 827 1777 αὔραις

54 1782 138 1807 Δαίτα
152 1782 221 1817 ταχὺ
240 1782 384 1818 φθιμένην,
397 1786 445 1811 καὶ
454 1785 592 1812 άνύσσατε
607 1786 706 1821 μᾶλλον
718 1786 827 1822 ἐκείνην

53 1825 202 1861 Εἰλαπίνην
220 1827 370 1862 μίμνουσαν
384 1827 509 1860 ἀειζώοιο
523 1830 671 1865 τραπέζης,

57 1872 107 1897 Ἦν
125 1871 206 1906 μόνος
222 1872 376 1909 ἀνθρώποιο
391 1874 534 1909 φερέσϐιος
547 1875 610 1907 Υἱὸς
622 1876 746 1909 ὀπάσσει,

53 1916 155 1943 Τοῦτον
170 1917 211 1944 ὄτι
225 1918 376 1955 σφρήγισσε
395 1920 489 1956 Πατὴρ
502 1921 578 1952 Θεός.
594 1921 629 1948 28
639 1921 786 1958 Εῑρὸμενος
798 1922 827 1950 δὲ

54 1961 125 1993 Aab;
143 1963 276 1989 Ἰουδαίων
291 1964 455 1998 φιλοπευθέα
472 1965 573 2001 ρήξατο
589 1967 696 2002 φωνήν·

55 2007 133 2039 Εἰπὲ,
150 2008 177 2034 τί
189 2017 236 2035 κεν
249 2009 382 2044 ῥέξωμεν,
393 2010 467 2042 ὅπως
484 2010 626 2045 θεοτερπέϊ
637 2011 731 2046 θεσμῷ

56 2052 146 2088 Ἔργα
160 2048 228 2080 Θεοῦ
243 2054 415 2090 τελέσοιμεν;
430 2056 464 2083 29
478 2056 561 2088 Ἀναξ
572 2057 595 2083 δ’
604 2057 736 2092 ἠμείϐετο
748 2057 840 2093 μύθῳ·

61 2096 159 2134 Ὀρθὴν
173 2099 264 2126 πίστιν
277 2100 393 2135 ἔχοντες,
408 2101 481 2133 ὅπως
492 2101 603 2137 δέξησθε
621 2103 738 2137 φανέντα

56 2143 168 2170 Ὀντινα
182 2146 270 2176 κεῖνος
284 2146 417 2181 ἔπεμπεν.
433 2146 468 2173 50
484 2147 700 2182 Ἐπεφθέγξαντο
714 2148 742 2174 δὲ
755 2148 829 2175 λαοί·

55 2189 136 2217 Ποῖον
149 2189 317 2225 ἐελδομένοις
335 2192 451 2227 σημήϊον
469 2191 505 2227 ἄμ
512 2200 542 2228 μι
555 2193 702 2225 τελέσσεις,

857 1586 880 1617 C

535 186 778 217 PARAPIIRASIS
798 191 830 218 ΙΝ
850 191 1019 222 ιΙΟΛΝΝΕΜ.
1040 211 1074 215 -
1092 195 1168 223 CAP.
1189 195 1230 224 Vl.

1634 203 1689 231 798

860 253 883 282 Α
898 251 939 280 vis
953 253 1037 280 maris
1056 252 1121 280 Erat
1142 257 1222 286 tunc;
1242 257 1269 280 et
1290 258 1348 281 erat
1363 258 1466 289 portus.
1486 249 1687 295 postquamdi-

898 298 962 324 vina
979 298 1126 333 agitatione
1141 298 1282 333 Tanquam
1306 307 1382 328 mens
1397 301 1477 334 alata.
1499 304 1557 332 sine
1577 308 1665 335 ventis
1676 327 1686 342 ,

898 343 959 370 sine
973 343 1068 377 remis,
1085 344 1125 371 Ad
1141 344 1319 379 longinquum
1331 351 1437 380 portum
1450 349 1589 383 appulerat
1603 359 1687 387 spon-

899 392 977 416 tanea
991 391 1080 418 navis.
1095 389 1131 416 22
1151 389 1202 417 Sed
1214 390 1322 424 quando
1332 391 1504 421 rubefaciens
1515 394 1686 426 Tiberiadem

896 434 1015 461 vicinam
1031 439 1136 470 petram
1153 435 1182 462 in
1201 443 1307 463 Summo
1322 444 1456 471 apparens
1480 439 1614 475 signasset
1629 451 1688 470 um-

898 479 1007 507 brosam
1029 487 1129 507 aurora
1150 480 1304 516 caliginem,
1323 480 1442 517 Populus
1462 484 1567 518 pulchri
1588 486 1688 515 littoris

897 528 974 552 trans
1000 525 1156 560 oppositum
1180 533 1255 553 mare
1280 524 1377 560 Stans,
1399 527 1594 564 circumspexit
1615 533 1688 566 quod

898 577 1007 597 sacrum
1020 571 1091 606 apud
1107 571 1195 598 lacum
1211 570 1358 599 Humidum
1374 581 1428 600 non
1445 580 1538 602 essent
1555 576 1687 611 agilatum

898 623 981 650 prope
993 616 1070 643 littus
1081 616 1218 644 Ordinatze
1230 617 1345 644 invicem
1357 619 1509 652 conjuncta‘
1521 628 1602 648 naves
1616 623 1687 656 aliae,

896 659 955 688 Nisi
972 662 1049 689 navis
1072 669 1125 688 una
1153 661 1210 689 sola
1233 669 1287 689 non
1313 662 1455 697 navigans,
1479 665 1606 700 quodque
1630 667 1689 702 ipse

896 705 955 733 Non
973 712 1038 733 tunc
1055 707 1214 742 pontigrada
1226 707 1252 734 in
1264 715 1333 735 nave
1342 707 1422 736 Jesus
1437 709 1491 744 65
1510 710 1613 739 Divinis
1624 719 1686 739 cum

896 752 979 779 sociis
1000 752 1156 787 navigaret;
1176 752 1222 780 sed
1239 753 1310 788 quod
1329 753 1378 781 soli
1394 753 1506 781 Terram
1529 756 1557 783 in
1579 757 1689 791 opposi-

896 798 950 822 tam
966 797 1139 831 navigassent
1153 797 1278 832 discipuli
1292 808 1298 825 :
1313 798 1348 825 25
1364 798 1438 826 Alias
1452 808 1534 828 naves
1553 802 1688 837 accipien-

897 843 948 871 tes,
966 840 1012 866 ubi
1028 839 1180 867 Tiberiadis
1195 840 1289 876 [sunt]
1303 841 1408 873 littora,
1428 843 1499 871 Mare
1514 845 1687 874 concitarunt

895 888 923 911 el.
945 889 1078 912 venerunt
1096 893 1180 920 prope
1195 887 1284 912 locum
1296 905 1303 918 ,
1323 886 1442 921 Populus
1458 889 1502 915 ubi
1526 890 1687 919 innumerus

861 919 883 947 Β
896 936 979 964 super
986 931 1169 964 graminosam
1181 939 1301 959 mensam
1314 932 1440 960 Divinum
1449 935 1566 962 comedit
1577 944 1685 970 panem.

894 982 975 1009 quem
989 975 1068 1010 fregit
1085 976 1245 1005 immortalis
1263 985 1359 1006 manus
1373 978 1488 1011 Christi,
1506 982 1628 1008 ommum
1646 990 1687 1010 re-

894 1020 964 1047 ctori
977 1022 1078 1055 gratias
1097 1021 1170 1048 Patri
1187 1014 1302 1057 agentis.
1317 1023 1352 1050 24
1371 1024 1427 1052 Nec
1444 1024 1582 1053 Christum
1595 1035 1685 1063 regem

895 1064 978 1092 vitam
1003 1065 1144 1098 ferentem,
1168 1074 1256 1101 neque
1271 1068 1420 1103 discipulos
1437 1069 1588 1104 Sequentes
1608 1073 1686 1100 inve-

895 1109 1012 1142 nientes.
1030 1110 1179 1145 reciprocis
1192 1111 1218 1138 in
1236 1112 1351 1140 navibus
1373 1113 1536 1142 Maritimam
1560 1123 1685 1151 spumam

895 1154 1044 1183 ferentibus
1065 1164 1163 1191 aquam
1186 1156 1349 1185 dealbarunt
1370 1159 1464 1191 remis,
1486 1160 1526 1187 Ad
1549 1162 1686 1190 civitatem

894 1201 1065 1236 Capernaum
1083 1202 1260 1236 appellantes.
1275 1203 1312 1230 25
1329 1203 1516 1239 Propinquum
1534 1211 1623 1234 autem
1642 1208 1686 1234 ln—

894 1245 1034 1272 venientes
1048 1248 1125 1273 trans
1149 1246 1298 1280 inquietum
1315 1255 1390 1275 mare
1402 1249 1550 1282 Christum,
1568 1250 1687 1278 circum-

893 1289 1035 1323 dederunt,
1056 1294 1084 1317 et
1098 1290 1226 1318 dixerunt
1245 1292 1321 1318 suavi
1343 1299 1469 1321 sermone
1489 1294 1596 1322 :Rabbi
1620 1304 1666 1323 rex
1679 1317 1687 1328 ,

894 1335 1005 1369 quando
1029 1335 1084 1362 huc
1100 1335 1250 1370 navigasti?
1272 1336 1309 1363 26
1329 1335 1426 1372 Rapidi
1449 1342 1539 1366 autem
1563 1339 1688 1368 Convivii

894 1387 1041 1407 memorem
1054 1380 1185 1407 advenam
1198 1381 1327 1415 populum
1338 1382 1506 1417 redarguens
1516 1384 1597 1412 Jesus
1608 1384 1687 1418 dixit,

896 1424 1040 1459 temporali
1057 1431 1072 1451 a
1089 1425 1150 1452 cibo
1166 1425 1207 1452 Ad
1227 1426 1383 1454 convivium
1402 1427 1539 1456 viviﬂcum
1562 1434 1687 1457 errantes

894 1469 969 1497 viros
981 1470 1092 1497 trahens
1105 1479 1111 1497 :
1125 1470 1190 1498 Seio
1209 1472 1274 1506 quid
1288 1477 1441 1507 quaerentes
1457 1475 1586 1508 venistis;
1602 1483 1689 1510 πιςτο-

896 1519 986 1542 torum
1001 1517 1073 1543 enim
1087 1516 1145 1543 Non
1159 1523 1270 1552 propter
1285 1519 1415 1546 miracula
1426 1520 1473 1547 illa
1486 1528 1547 1554 qua:
1559 1521 1610 1548 feci
1625 1530 1692 1549 can-

896 1566 974 1588 sueto
990 1562 1085 1594 verbo,
1110 1562 1176 1595 Qua:
1192 1564 1314 1597 vidistis;
1339 1565 1505 1593 desiderium
1528 1571 1620 1594 autem
1638 1569 1688 1595 ali-

896 1606 969 1641 quod
986 1614 1034 1634 vos
1050 1607 1134 1634 trahit
1151 1607 1256 1635 Panum
1279 1609 1435 1639 divinorum
1455 1618 1554 1638 rursus
1574 1619 1690 1646 congre-

895 1658 975 1686 gans,
998 1651 1072 1686 quod
1095 1653 1268 1681 comedentes
1291 1654 1318 1681 in
1342 1655 1467 1682 convivio
1494 1655 1602 1683 infinito
1627 1665 1688 1684 mea

896 1696 987 1723 satiati
1014 1697 1074 1724 sitis
1091 1704 1107 1723 a
1132 1704 1237 1725 mensa.
1254 1698 1289 1724 27
1314 1698 1367 1726 Sed
1391 1701 1507 1727 multum
1531 1701 1689 1730 errantibus

895 1741 1059 1768 committite
1073 1742 1202 1769 comitem
1222 1743 1311 1771 ventis
1331 1743 1428 1771 Cibum
1451 1745 1506 1772 cito
1525 1747 1689 1781 corruptibi-

895 1786 961 1819 lem,
977 1790 1005 1812 et
1017 1785 1138 1821 perlicite
1153 1787 1240 1821 magis
1251 1787 1325 1814 illum
1338 1788 1436 1816 Cibum
1449 1794 1603 1817 manentem
1617 1798 1690 1817 sem-

897 1831 1014 1866 pervivae
1030 1838 1141 1863 mensae,
1159 1831 1244 1863 Quem
1267 1832 1342 1860 solus
1364 1833 1481 1861 ltoniiuis
1499 1836 1581 1861 vitam
1599 1835 1689 1863 ferens

897 1882 982 1910 Filius
1005 1883 1098 1914 dabit,
1122 1882 1201 1909 llunc
1229 1884 1293 1918 quia
1325 1885 1479 1920 obsignavit
1503 1885 1573 1913 Deus
1596 1885 1688 1925 Pater_

895 1933 931 1961 28
958 1933 1130 1969 Interrogans
1155 1938 1243 1961 autem
1271 1935 1387 1969 populus
1413 1935 1567 1964 Judmorum
1593 1938 1689 1965 scisci-

896 1989 998 2013 tantem
1025 1985 1098 2020 rupit
1117 1993 1225 2013 vocem:
1246 1986 1293 2013 Dic
1319 1987 1384 2021 quid
1411 1988 1554 2020 iaciemus,
1579 1995 1608 2016 ut
1632 1989 1689 2017 Deo

896 2042 972 2073 grato
985 2038 1038 2064 ritu
1055 2038 1143 2073 Opera
1162 2038 1208 2066 Dei
1229 2039 1422 2074 perﬁciamus?
1439 2041 1473 2068 29
1489 2041 1546 2068 “ex
1559 2050 1624 2070 vero
1643 2050 1688 2070 re-

897 2090 1007 2124 spondit
1029 2098 1172 2118 sermone:
1186 2090 1297 2118 Rectam
1321 2092 1399 2120 lidem
1422 2093 1562 2126 habentes,
1574 2099 1603 2121 ut
1617 2096 1688 2121 seci-

899 2141 981 2176 piatis
1003 2146 1189 2176 apparentem,
1207 2143 1292 2176 Quem
1317 2143 1362 2171 ille
1381 2145 1465 2172 misit.
1487 2145 1522 2171 50
1539 2144 1689 2179 Respondit

900 2197 990 2220 autent
1008 2194 1243 2228 populus:Quale
1271 2195 1444 2230 cupientibus
1475 2196 1583 2232 signum
1609 2197 1690 2224 nobis

657 2250 798 2279 TEXTUS
817 2250 1083 2283 EVANUELISTIE.

88 2309 126 2336 εξ
144 2308 184 2344 Τῇ
206 2307 337 2344 ἐπαύριον
357 2308 372 2334 ὁ
394 2307 472 2343 ὄχλος
496 2309 510 2335 ὁ
535 2309 660 2345 ἑστηκὼς
683 2310 771 2346 πέραν
795 2310 845 2346 τῆς
861 2313 884 2342 D
931 2310 967 2337 26
988 2308 1135 2346 Ἀπεκρίθη
1158 2311 1247 2342 αὐτοῖς
1267 2311 1282 2337 ό
1302 2311 1405 2347 Ἰησοῦς
1422 2311 1467 2338 καὶ
1488 2309 1583 2338 εἶπεν·
1603 2311 1691 2347 Ἀμὴν

54 2350 205 2386 θαλάσσης,
224 2349 286 2376 ίδὼν
306 2350 348 2377 ὅτι
370 2350 508 2386 πλοιάριον
530 2351 593 2378 ἄλλο
613 2352 663 2378 οὑκ
682 2349 717 2386 ἦν
743 2352 802 2378 ἐκεῖ
819 2352 844 2378 εἰ

56 2392 94 2428 μὴ
109 2392 148 2424 ἓν,
164 2393 252 2418 ἐκεῖνο
266 2392 305 2423 εἰς
319 2391 333 2417 ὃ
349 2391 482 2427 ἐνέϐησαν
500 2392 525 2417 oi
544 2392 665 2427 μαθηταὶ
680 2392 773 2424 αὑτοῦ,
797 2393 845 2419 καὶ

54 2435 95 2460 ὅτι
109 2433 140 2459 οὔ
156 2432 312 2468 συνεισῆλθε
327 2434 382 2465 τοῖς
405 2433 538 2468 μαθηταῖς
559 2433 641 2459 αὑτοῦ
651 2434 666 2460 ὁ
684 2433 786 2469 Ἰησοῦς
804 2435 845 2466 είς

54 2475 84 2501 τὺ
100 2474 258 2509 πλοιάριον,
281 2473 348 2501 ἀλλὰ
371 2474 446 2510 μόνοι
466 2475 490 2500 οἱ
515 2474 635 2510 μαθηταὶ
654 2474 737 2501 αὐτοῦ
754 2475 843 2511 ἀπῆλ-

55 2516 126 2584 θοέὃ
142 2556 226 2583 ’Δλλα
248 2556 276 2583 δὲ
291 2554 357 2592 ἦλθε
380 2556 508 2592 πλοιάρια
528 2556 560 2583 ἐκ
588 2555 745 2591 Τιϐεριάδος
767 2556 848 2591 ἐγγὺς

53 2597 101 2624 τοῦ
121 2599 204 2624 τόπου
222 2599 289 2625 ὅπου
310 2598 411 2633 ἔφαγον
433 2598 479 2625 τὸν
497 2598 588 2633 ἄρτον,
603 2598 847 2634 εὐχαριστήσαντος

54 2639 102 2665 τοῦ
119 2639 232 2674 Κυρίου·

89 2680 126 2707 24
144 2681 209 2707 Ὅτε
226 2678 272 2707 οὖν
294 2677 364 2706 εἶδεν
384 2680 398 2706 ό
420 2679 496 2714 ϐχλος
519 2680 561 2706 ὅτι
578 2679 681 2715 Ἰησοῦς
703 2681 753 2708 οὑκ
773 2681 845 2708 ἔστιν

56 2722 123 2753 ἐκεῖ,
140 2721 201 2748 οὐδὲ
216 2721 240 2747 οἱ
259 2721 379 2756 μαθηταὶ
395 2721 486 2753 αὐτοῦ,
503 2721 633 2757 ἐνέϐησαν
650 2721 698 2748 καὶ
713 2722 790 2748 αὐτοὶ
807 2723 846 2754 εὶς

55 2762 92 2789 τὰ
106 2763 198 2796 πλοῖα,
214 2764 261 2790 καὶ
274 2761 355 2799 ἦλθον
369 2764 408 2795 είς
427 2764 622 2799 Καπερναοὺμ,
641 2763 784 2799 ζητοῦντες
800 2764 846 2792 τὸν

71 2804 196 2873 ι’ξὲῖέἇι
211 2846 336 2881 εὑρόντες
347 2846 427 2873 αὑτὸν
442 2846 528 2882 πέραν
539 2847 588 2882 τῆς
611 2846 757 2882 θαλάσσης,
773 2846 848 2874 εἶπον

61 2887 146 2919 αὐτῷ·
169 2888 274 2918 Ῥα66ὶ,
291 2887 356 2914 πότε
369 2884 418 2915 ὧδε
432 2887 563 2920 γέγονας;

897 2351 972 2386 ἀμὴν
990 2351 1062 2385 λέγω
1078 2351 1152 2387 ὑμῖν,
1169 2352 1276 2386 ζητεῖτέ
1295 2361 1329 2387 με
1344 2354 1392 2388 οὐχ
1408 2353 1449 2379 ὅτι
1470 2353 1554 2379 εἴδετε
1577 2353 1686 2387 σημεῖα,

897 2392 956 2418 ἀλλ’
972 2393 1013 2419 ὅτι
1029 2392 1146 2426 ἐφάγετε
1161 2394 1192 2419 ὲκ
1204 2393 1257 2419 τῶν
1273 2394 1372 2429 ἄρτων,
1385 2394 1433 2420 καὶ
1446 2393 1637 2429 ἐχορτάσθητε.

932 2434 966 2460 27
989 2434 1152 2468 Ἐργάζεσθε
1171 2433 1208 2470 μὴ
1228 2435 1277 2469 τὴν
1298 2434 1397 2470 βρῶσιν
1421 2435 1468 2470 τὴν
1491 2433 1689 2470 ἀπολλυμένην,

896 2474 966 2501 ἀλλὰ
977 2475 1028 2510 τὴν
1045 2474 1144 2509 βρῶσιν
1158 2475 1207 2510 τὴν
1224 2476 1357 2510 μένουσαν
1377 2476 1417 2507 εἰς
1431 2475 1504 2511 ζωὴν
1521 2475 1639 2508 αἰώνιον,
1657 2476 1691 2511 ἢν

896 2517 911 2542 ὁ
930 2516 992 2547 Υἱὸς
1007 2516 1053 2542 τοῦ
1070 2515 1214 2551 ἀνθρώπου
1231 2517 1295 2552 ὑμῖν
1313 2516 1407 2543 δώσει·
1423 2516 1518 2543 τοῦτον
1531 2517 1585 2551 γὰρ
1603 2517 1617 2542 ὁ
1634 2517 1692 2543 Πα-

897 2557 950 2593 τὴρ
964 2557 1140 2592 ἐσφράγισεν,
1152 2558 1168 2584 ό
1184 2558 1259 2589 Θεός.

933 2598 967 2624 28
979 2597 1062 2625 Εἶπον
1082 2596 1128 2625 οὖν
1148 2599 1216 2634 πρὸς
1237 2599 1336 2625 αὐτόν·
1356 2599 1389 2625 Τί
1406 2598 1528 2634 ποιῶμεν
1545 2599 1588 2625 ἵνα
1607 2599 1692 2634 ἐργα-

896 2638 1007 2673 ζώμεθα
1024 2640 1057 2666 τὰ
1070 2639 1138 2674 ἔργα
1153 2640 1201 2666 τοῦ
1220 2639 1287 2666 Θεοῦ
1301 2649 1308 2673 ;

930 2680 965 2707 29
988 2681 1137 2716 Ἀπεκρίθη
1159 2682 1174 2708 ὁ
1193 2681 1297 2716 Ἰησοῦς
1318 2680 1366 2706 καὶ
1390 2678 1465 2707 εἶπεν
1487 2681 1588 2712 αὐτοῖς’
1607 2680 1695 2707 Τοῦτό

895 2723 952 2749 ὲοτι
976 2722 1007 2748 τὸ
1033 2723 1111 2758 1ἔργον
1125 2722 1173 2749 τοῦ
1196 2722 1274 2756 Θεοῦ,
1295 2723 1338 2748 ἵνα
1363 2722 1524 2757 πιστεύσητε
1540 2723 1579 2754 είς
1593 2721 1622 2748 ὃν
1636 2722 1692 2748 ἀπ*

897 2763 1017 2790 ἔστειλεν
1032 2765 1147 2796 ἐκεῖνος.

935 2805 969 2832 50
983 2803 1066 2831 Εἶπον
1081 2803 1128 2832 οὖν
1141 2805 1230 2841 αὐτῷ·
1246 2805 1278 2832 Τί
1297 2803 1344 2832 οὖν
1361 2806 1446 2838 ποιεῖς
1461 2805 1494 2832 σὺ
1510 2804 1630 2839 σημεῖον,
1647 2800 1689 2827 ἵνα

903 2846 1001 2882 ἴδωμεν
1018 2848 1064 2874 καὶ
1083 2848 1271 2883 πιστεύσωμέν
1285 2855 1338 2875 om:
