1953 3040
861 83 921 92 ιο..
949 80 1005 91 κ’

246 151 297 178 799

898 146 1006 176 NONNl
1025 146 1279 176 PANOPOLITANI

1201 79 1257 86 ~.—‘

1832 152 1895 180 800

245 209 380 245 perﬁcies,
395 207 431 236 Ut
452 206 607 236 credamus.
625 205 749 234 divinum
764 213 834 241 opus
851 207 1038 241 accipientes?

1107 207 1183 242 Οφρα
1203 215 1234 234 κε
1247 206 1435 242 πειθοίμεσθα,
1449 206 1594 233 θεόσσυτον
1609 206 1689 242 ἔργον
1703 207 1834 240 έλόντεςς

245 255 300 290 66
319 253 390 287 Quid
415 253 498 280 facies
519 252 657 287 prioribus
675 252 783 280 simile?
801 252 833 279 51
852 251 943 279 Nostri
962 253 1036 280 enim

245 301 315 328 Caeli
325 305 457 327 :eternum
473 299 564 326 cibum
580 298 717 325 desertam
734 298 806 332 apud
821 302 924 332 petram
939 297 1037 326 Manna

247 346 328 374 valde
352 346 519 373 celebratum
552 347 710 379 spectarunt
738 347 878 378 parentes,
914 343 1038 379 Scriptor

247 393 322 428 quod
343 392 522 426 multiloquus
543 391 677 418 immenso
698 389 836 424 quondam
853 390 953 425 populo
974 390 1038 417 (ἓω-

249 440 317 467 litus
333 438 449 474 praebuit
465 445 562 473 panem
576 437 689 472 copioso
706 437 867 464 convictori.

285 484 320 511 52
336 483 417 510 Jews
432 486 523 509 autem
539 481 618 513 dixit,
635 481 784 516 superbum
796 482 928 517 populum
944 481 1039 509 redar-

249 536 353 566 guens:
373 527 462 555 Moses
477 535 531 554 non
547 531 627 554 antea
646 527 734 560 vobis,
747 527 883 555 desertam
899 528 971 563 apud
993 536 1039 563 pe-

250 579 332 605 tram,
349 572 496 600 leestcm
516 577 615 606 panem
632 571 745 606 praebuit
762 571 922 601 niellilluum
944 573 977 600 ad
993 580 1040 600 co-

253 618 418 653 medendum
434 626 441 644 :
459 617 513 644 Sed
531 616 612 644 Pater
631 624 708 645 meus
724 622 793 649 erat,
807 618 854 652 qui
873 618 962 646 adhuc
975 626 1041 653 pne-

250 651 412 691 st‘antiorem
429 662 507 690 vobis
526 662 643 690 Cmtitus
669 651 824 698 sapientem
844 662 928 690 alium
947 651 1040 691 verum

251 718 349 747 panem
366 710 508 745 praebebit.
527 709 562 736 33
582 707 632 735 llic
651 710 724 736 enim
737 712 781 736 est
800 709 880 744 panis
898 708 946 743 qui
964 709 1041 736 caeli-

251 761 297 784 tus
311 755 481 784 descendens
494 754 584 781 Vitam
596 754 725 783 omnibus
739 755 852 781 cliaram
868 754 917 782 toti
928 754 1042 782 donavit

252 798 364 830 mundo.
388 801 423 828 51
446 800 478 827 Ει
501 807 598 827 rursus
625 800 665 827 sic
684 799 753 827 dixit
772 799 929 827 Judaeorum
952 803 1042 828 metus

252 849 373 875 virorum
396 855 403 874 :
424 845 494 873 Vita:
514 845 640 878 Domine,
660 845 734 872 hunc
753 853 834 880 quem
848 846 941 873 dixisti
956 846 1043 874 stabi-

253 894 307 920 lem
321 899 382 919 esse
399 891 543 919 leestem
560 897 656 925 panem
672 890 763 925 praebe
777 898 872 918 verum
885 890 1039 918 comedere.

254 937 290 965 55
310 936 391 965 Jesus
416 940 506 964 autem
522 936 631 971 aperuit
646 935 847 970 diriniloquum
869 943 911 968 os,
930 935 963 962 Et
980 943 1043 971 gra-

254 983 292 1010 tia
307 983 439 1018 repletam
459 981 592 1009 eructavit
607 981 688 1008 labiis
704 984 817 1009 Vocem:
837 981 905 1009 Vitae
923 986 1043 1010 aeternus

254 1029 334 1064 panis
352 1035 403 1063 ego
426 1035 499 1060 sum,
517 1027 596 1061 nigra
620 1026 692 1054 fame
716 1026 862 1061 Nunquam
885 1028 989 1055 esuriet
1002 1028 1044 1055 vir

255 1072 378 1100 mortalis
392 1072 425 1099 ad
440 1080 483 1099 me
498 1071 623 1104 veniens,
643 1071 676 1098 Et
690 1072 781 1100 omnis
799 1076 924 1100 nostram
946 1072 1046 1100 immo-

254 1123 310 1145 tam
328 1117 407 1145 lidem
433 1124 548 1152 augens,
571 1116 716 1152 Nunquam
733 1117 819 1149 sitiet,
843 1118 931 1145 donec
954 1118 1045 1145 adhuc

253 1170 369 1190 curvum
392 1170 491 1198 repens
509 1162 610 1190 Aivum
626 1163 689 1190 latae
709 1163 895 1198 generationis
910 1163 1045 1190 inﬁnitam

255 1212 355 1236 metam
371 1212 518 1244 permutat.
539 1208 574 1236 56
589 1207 642 1236 Sed
656 1208 734 1236 vobis
750 1208 806 1235 dixi
820 1216 887 1236 mea:
903 1208 977 1243 quod
994 1208 1046 1235 mi-

255 1255 350 1281 racula
364 1254 440 1281 vocis
456 1253 550 1282 Oculis
567 1253 687 1286 vidistis,
704 1258 731 1281 et
746 1261 801 1281 non
823 1255 935 1282 creditis
956 1254 1046 1281 Patri.

255 1301 290 1328 57
312 1300 407 1328 Omnis
426 1300 508 1326 homo
523 1307 604 1334 quem
621 1299 688 1326 mihi
704 1299 780 1327 dedit
803 1299 885 1327 Pater
900 1307 987 1331 meus,
1011 1300 1045 1328 ad

257 1354 300 1374 me
322 1345 413 1373 ﬂectet
426 1345 580 1380 Vestigium
601 1352 695 1377 suum,
718 1352 734 1372 a
756 1344 812 1372 Deo
829 1345 974 1373 adductus.
993 1345 1047 1372 Ne-

255 1399 309 1427 que
328 1392 386 1426 ipse
411 1390 490 1418 Viros
515 1390 657 1417 venientes
681 1397 778 1418 recens
801 1390 946 1418 credentes
972 1391 1046 1418 foras

257 1438 405 1473 expellam,
424 1437 479 1464 Sed
496 1441 588 1464 mente
608 1436 743 1471 gaudente
755 1436 916 1471 suscipiam.
935 1436 969 1464 58
985 1437 1046 1464 Non

255 1484 329 1511 enim
349 1482 513 1510 desiderium
539 1481 607 1509 Veni
629 1481 740 1510 ccelitus
765 1482 910 1517 perliciens
935 1490 1044 1516 meum,

256 1528 306 1556 sed
321 1527 422 1555 Patris.
437 1527 472 1554 59
486 1527 545 1555 Hoc
558 1531 648 1555 autem
663 1526 787 1554 omnium
805 1528 920 1556 rectoris
936 1529 990 1556 mei
1002 1531 1044 1557 est

256 1573 346 1600 Patris
362 1572 540 1604 desiderium,
553 1573 587 1601 Ut
600 1580 694 1600 eorum
710 1581 780 1607 quos
799 1573 881 1601 Pater
901 1581 979 1602 meus
994 1574 1045 1603 de-

257 1619 309 1650 dit,
331 1617 436 1644 nullum
453 1617 578 1653 perdam,
601 1618 655 1646 Sed
680 1618 770 1653 ipsum
791 1612 944 1653 caliginoso
963 1626 1045 1647 exsu-

258 1661 355 1689 scitem
369 1668 402 1688 ex
420 1661 560 1693 barathro,
585 1660 724 1689 Reducem
741 1670 775 1690 ex
788 1663 916 1694 mortuis,
935 1663 1047 1698 quando

259 1706 356 1734 ultima
372 1708 439 1734 hora
459 1707 544 1735 venit.
558 1708 594 1734 40
615 1706 678 1735 Haec
691 1708 765 1735 enim
780 1708 847 1735 clari
870 1709 924 1736 mei
943 1713 986 1736 est
1003 1717 1050 1737 vo-

258 1753 350 1780 luntas
364 1752 464 1785 Patris,
477 1753 534 1788 68
546 1752 579 1780 Ut
591 1753 681 1782 omuis
692 1753 740 1788 qui
753 1753 828 1781 videt
841 1762 894 1786 me,
910 1754 1048 1790 placidum

257 1799 367 1825 oculum
385 1798 518 1831 tendens,
541 1797 610 1825 Viue
627 1798 728 1826 futura:
743 1802 875 1826 aeternum
895 1800 929 1826 ad
946 1804 1049 1828 cretum

258 1844 349 1872 veniat
362 1853 369 1870 :
388 1843 420 1870 Et
435 1844 526 1879 ipsum
539 1844 717 1872 exsuscitabo
733 1853 831 1873 rursus
841 1851 1047 1881 congregatum,

258 1890 369 1924 quando
383 1890 457 1917 illius
475 1890 582 1917 Ultima:
594 1891 686 1918 lumen
701 1891 791 1919 veniet
806 1899 923 1921 aurorae.
941 1891 983 1928 (41
997 1897 1048 1921 etc.

260 1943 346 1971 usque
362 1935 397 1963 ad
409 1936 467 1971 55.)

1086 253 1140 288 67
1149 253 1181 279 Τί
1196 252 1310 288 πρήξεις
1321 253 1490 288 προτέροισιν
1501 252 1601 287 ὁμοίϊον
1610 262 1616 285 ;
1625 253 1655 280 51
1671 253 1820 289 Ἦμέτεροι
1832 258 1896 290 γὰρ

1087 299 1200 335 Δξθέρος
1213 299 1325 333 ἄφθιτον
1340 296 1415 333 εῐδαρ
1425 297 1562 334 ἐρημάδος
1576 297 1673 332 ἐγγύθι
1690 298 1797 335 πέτρης

1088 345 1185 372 Μάννσ.
1201 344 1396 380 πολυκλήῖστον
1410 341 1561 380 ἐθηήσαντο
1576 344 1684 379 τοκῆες,

1088 390 1213 426 Γρατπὺς
1226 390 1294 426 ὅπερ
1313 389 1467 424 πολύμυθος
1482 389 1628 425 ἀμετρήτῳ
1640 389 1705 416 ποτέ
1719 388 1778 425 λαῷ

1090 435 1243 471 Οὑρανόθεν
1256 435 1340 471 πόρεν
1355 435 1437 470 ἄρτον
1449 435 1553 469 ἀφειδέῖ
1570 434 1740 470 δαιτυμονῆϊ.

1124 481 1160 508 52
1179 480 1281 516 Ἰησοῦς
1294 481 1317 507 δ’
1332 480 1451 516 ὀάριζεν,
1468 480 1589 516 ἀγήνορα
1606 479 1671 506 λαὸν
1687 479 1828 514 ἐλέγχων·

1090 527 1190 562 Μωσῆς
1203 527 1233 554 οὐ
1250 526 1338 562 πάρος
1354 526 1451 562 ὔμμιν,
1467 526 1589 562 ἐρημαίῃ
1605 526 1681 562 παρά
1695 525 1797 561 πέτρῃ,

1089 573 1202 608 Αἱθέρος
1216 572 1298 608 ἄρτον
1313 572 1398 604 δπαζε
1413 572 1572 607 μλίρῤυτον
1588 570 1787 602 είλαπινάζειν·

1096 618 1177 645 Ἀλλά
1194 618 1289 654 Πατὴρ
1302 618 1367 653 ἐμὸς
1382 616 1442 654 ἦεν,
1458 617 1487 649 ὃς
1501 617 1584 644 εἰσέτι
1596 617 1726 652 φέρτερον
1743 616 1812 652 ὑμῖν

1091 664 1244 700 Οὑρανόθεν
1263 664 1344 698 σοφὸν
1356 663 1435 691 ἄλλον
1449 664 1583 699 ἐτήτυμον
1596 663 1678 698 ἄρτον
1691 662 1818 689 ὀπάσσει.

1091 710 1127 738 55
1144 707 1228 741 Οὗτος
1246 709 1301 744 γὰρ
1314 709 1394 736 πέλεν
1407 709 1487 745 ἄρτος
1503 709 1532 741 ὃς
1547 707 1691 744 οὐρανόθεν
1711 706 1893 735 καταϐαίνων

1093 754 1170 790 Ζωὴν
1184 755 1250 781 πᾶσι
1267 754 1401 789 μέλουσαν
1421 754 1475 789 ὅλῳ
1490 754 1630 789 δωρήσατο
1645 753 1750 788 κόσμῳ.

1092 801 1127 828 54
1140 801 1196 827 Καὶ
1208 800 1288 826 πάλιν
1303 797 1347 827 ὧδ’
1361 799 1491 835 ἀγόρευεν
1509 799 1643 826 Ἰουδαίων
1664 798 1743 834 χορὸς
1758 797 1889 833 ἀνδρῶν.

1095 846 1174 880 Ζωῆς
1188 845 1318 881 Κοίρανε,
1333 845 1427 872 τοῦτον
1443 844 1473 871 ὃν
1486 844 1597 875 έννεπες
1613 843 1729 879 ἔμπεδον
1743 840 1816 869 εἶναι

1059 883 1080 913 Β
1093 889 1205 925 Δίθέρος
1216 889 1297 924 ἄρτον
1313 889 1433 916 όπασσον
1447 889 1579 924 ἐτήτυμον
1591 887 1785 919 εἰλαπινὰζειν.

1093 935 1129 963 55
1148 935 1253 971 Ἰησοῦς
1264 935 1286 961 δ’
1300 935 1434 962 ἐπέτασσε
1452 935 1581 970 θεηγόρον
1596 933 1762 970 ἀνθερεῶνα,

1093 982 1149 1008 Καὶ
1168 982 1277 1017 χάριτος
1293 981 1447 1017 πλήθουσαν
1461 981 1580 1017 ἀνήρυγε
1590 980 1691 1016 χείλεσι
1706 979 1798 1014 φωνήν
1808 987 1816 994 ·

1094 1028 1173 1063 Ζωῆς
1186 1028 1298 1063 ἄφθιτος
1311 1028 1393 1063 ἄρτος
1405 1027 1461 1062 ἐγὼ
1475 1027 1548 1054 πέλω
1557 1035 1564 1042 ·
1580 1026 1671 1053 αῐθοπι
1685 1024 1757 1061 λιμῷ

1094 1073 1202 1100 Οὕποτε
1218 1074 1371 1108 πεινήσειεν
1385 1074 1455 1109 ἀνὴρ
1472 1073 1566 1109 βροτὸς
1581 1073 1621 1104 εἰς
1636 1072 1686 1107 ἐμὲ
1703 1070 1816 1106 βαίνων,

1094 1120 1149 1146 Καὶ
1163 1120 1217 1151 πᾶς
1231 1119 1370 1155 ἡμετέρην
1386 1119 1529 1154 ἀστεμφέα
1540 1119 1632 1146 πίστιν
1641 1118 1739 1151 ἀέξων,

1095 1164 1201 1192 οὔποτε
1214 1164 1364 1200 διψήσειεν,
1379 1164 1431 1196 ἕως
1445 1164 1486 1190 ἔτι
1502 1163 1645 1199 καμπύλος
1659 1164 1753 1200 ἕρπων

1095 1210 1167 1236 Δὶὼν
1180 1210 1353 1245 εὐρυγένειος
1366 1210 1504 1246 ἀτέρμονι
1517 1210 1617 1237 νύσσαν
1626 1210 1745 1245 ἀμείϐει.

1095 1255 1130 1284 56
1152 1256 1220 1282 Ἀλλ’
1237 1256 1300 1291 ὑμῖν
1313 1256 1455 1292 ἀγόρευον,
1471 1256 1539 1291 ἐμῆς
1550 1256 1591 1282 ὃτι
1605 1255 1731 1291 θαύματα
1747 1256 1843 1291 φωνῆς

1097 1302 1221 1337 Ὀμμασι
1238 1302 1387 1338 θηήσασθε,
1404 1302 1451 1328 καὶ
1465 1302 1495 1328 οὐ
1511 1301 1636 1328 πείθεσθε
1650 1302 1745 1337 Τοκῆῖ.

1095 1347 1130 1375 57
1136 1348 1194 1380 Πᾶς
1200 1347 1294 1383 βροτὸς
1300 1348 1330 1374 ὄν
1337 1347 1490 1383 μοιόπασσε
1497 1347 1674 1384 Πατὴρέμὸς,
1682 1347 1894 1384 είςέμέκάμψιι

1098 1395 1185 1428 Ἴχνος
1200 1394 1255 1427 ἐὸν,
1268 1393 1360 1420 θεόθεν
1375 1393 1565 1428 πεφορημένος
1574 1401 1582 1409 ·
1595 1393 1657 1420 οὐδὲ
1671 1393 1718 1420 καὶ
1732 1393 1815 1426 αὐτὸς

1103 1438 1217 1473 ’Δνέρας
1234 1438 1397 1474 ἐρχομένους
1413 1438 1571 1469 νεοπειθέας
1587 1438 1665 1470 ἐκτὸς
1684 1437 1803 1470 ἐλάσσω,

1103 1485 1183 1512 Ἀλλὰ
1196 1485 1249 1520 νόῳ
1262 1484 1384 1520 χαίροντι
1394 1483 1546 1519 δεδέξομαι.
1563 1483 1597 1510 58
1612 1483 1649 1510 Οὺ
1664 1483 1718 1519 γὰρ
1730 1483 1832 1518 ἐέλδωρ

1101 1531 1218 1558 Ἥλυθον
1236 1530 1382 1566 οὐρανόθεν
1398 1529 1498 1557 τελέων
1509 1529 1586 1564 ἐμὸν,
1601 1529 1670 1556 ἀλλά
1684 1529 1800 1564 Τοκῆος.

1097 1578 1131 1605 59
1141 1577 1226 1603 Τοῦτο
1235 1576 1264 1602 δέ
1278 1575 1481 1611 παμμεδέοντος
1492 1574 1559 1610 ἐμοῦ
1574 1574 1638 1601 πέλε
1655 1574 1762 1610 Πατρὸς
1780 1574 1892 1611 ἐέλδωρ,

1100 1622 1191 1657 Ὄφρα
1207 1629 1254 1648 κεν
1269 1616 1306 1647 ὧν
1320 1619 1435 1655 Γενέτης
1451 1619 1516 1655 ἐμὸς
1529 1618 1623 1646 ὤπασε
1639 1620 1722 1655 μηδὲν
1736 1619 1851 1652 ὀλέσσω,

1104 1665 1186 1693 Ἀλλά
1197 1674 1243 1701 μιν
1255 1665 1416 1700 ἀχλυόεντος
1431 1664 1613 1700 ἀγαπήσαιμι
1625 1665 1755 1700 βερέθρου

1098 1713 1234 1747 Νόστιμον
1248 1712 1280 1738 ἐκ
1295 1711 1409 1744 νεκύων,
1427 1711 1471 1738 ὅτε
1484 1710 1601 1737 λοίσθιον
1613 1708 1691 1746 ἦμαρ
1708 1710 1806 1737 ἱκάνει.

1099 1757 1133 1784 40
1149 1756 1235 1783 Τοῦτο
1247 1757 1301 1792 γὰρ
1312 1756 1471 1791 αίγλήεντος
1484 1755 1551 1790 ἐμοῦ
1567 1755 1632 1782 πέλε
1644 1756 1733 1791 νεῦμα
1744 1755 1861 1791 Τοκῆος,

1099 1803 1155 1839 69
1169 1804 1260 1839 Ὀφρα
1271 1811 1302 1829 κε
1313 1803 1367 1835 πᾶς
1376 1802 1462 1838 ὁρόων
1471 1811 1515 1837 με,
1527 1802 1658 1829 πανιλαον
1666 1802 1744 1837 ὄμμα
1751 1802 1889 1835 τιταίνων,

1100 1848 1178 1884 Ζωῆς
1193 1848 1344 1883 ἐσσομένης
1358 1847 1467 1874 αἰώνιον
1482 1848 1511 1879 ές
1525 1847 1605 1883 χορὸν
1622 1847 1686 1882 ἔλθῃ
1696 1855 1702 1862 ·

1099 1893 1154 1919 Καί
1170 1901 1216 1928 μιν
1229 1892 1373 1928 ἀναστήσω
1387 1891 1597 1927 παλινάγρετον,
1612 1891 1715 1918 ὁππότε
1731 1890 1826 1926 κείνης

1103 1938 1249 1974 Ὑστατίης
1257 1940 1271 1968 ὅ
1278 1948 1306 1968 τε
1317 1939 1417 1974 φέγγος
1434 1935 1574 1965 έλευσεται
1589 1937 1756 1973 ἠριγενείης.

859 2128 1002 2157 TEXTUS
1019 2128 1292 2163 EVANGELISTEJ.

292 2232 323 2259 51
339 2232 370 2258 υἱ
384 2231 500 2267 πατέρες
511 2231 589 2266 ἡμῶν
603 2231 634 2258 τὺ
649 2232 736 2267 μάννα
745 2231 847 2266 ἔφαγον
857 2232 886 2258 ἐν
895 2233 928 2268 τῇ
941 2232 1049 2268 ἐρήμῳ,
1066 2236 1088 2264 D
1103 2230 1254 2259 πιστεύετε.

258 2272 349 2304 καθώς
374 2273 431 2299 ἐστι
455 2273 662 2308 γεγραμμένον
681 2274 780 2309 ’Δρτον
803 2274 836 2300 ἐκ
861 2274 908 2300 τοῦ
932 2273 1048 2310 οὐρανοῦ

259 2315 358 2342 ἔδωκεν
373 2315 465 2346 αὐτοῖς
479 2316 587 2349 φαγεῖν.

292 2355 327 2384 52
340 2354 424 2383 Εἶπεν
437 2353 484 2391 οὖν
499 2356 591 2387 αὐτοῖς
607 2356 622 2382 6
644 2356 757 2392 Ἰησοῦς·
779 2356 865 2391 Ἀμὴν
885 2356 959 2392 ἀμὴν
977 2356 1049 2390 λέγω

257 2397 339 2433 ὑμῖν
361 2398 399 2424 O6
420 2397 540 2432 Μωῦσῆς
561 2398 676 2425 δέδωκεν
696 2399 759 2433 ὑμῖν
777 2397 823 2424 τὸν
842 2398 923 2432 ἄρτον
946 2398 978 2424 ἐκ
1000 2398 1048 2424 τοῦ

256 2438 389 2474 οὐρανοῦ,
413 2438 470 2464 ἀλλ’
482 2440 496 2465 6
514 2439 611 2475 Πατήρ
630 2448 681 2474 μου
700 2439 806 2466 δίδωσιν
826 2439 890 2474 ὑμῖν
907 2438 954 2466 τὸν
966 2438 1049 2474 ἄρτον

256 2481 291 2508 ἑκ
305 2479 352 2506 τοῦ
366 2479 480 2515 οὐρανοῦ
495 2480 541 2507 τὸν
557 2480 693 2514 ἀληθινόν.

293 2520 328 2547 55
347 2520 376 2546 '0
391 2520 444 2555 γὰρ
459 2520 542 2555 ἄρτος
560 2521 606 2548 τοῦ
627 2522 693 2548 Θεοῦ
707 2522 780 2549 ἐστιν
797 2521 812 2548 6
832 2520 1004 2548 καταϐαίνων
1016 2521 1048 2548 ἐκ

255 2563 304 2591 τοῦ
316 2564 442 2600 οὐρανοῦ,
454 2563 501 2590 καὶ
512 2563 584 2599 ζωὴν
594 2564 684 2596 διδοὺς
694 2563 734 2599 τῷ
750 2564 856 2599 κόσμῳ.

292 2603 422 2632 54Εῑπον
452 2603 499 2632 οὖν
527 2606 596 2641 πρὸς
617 2605 715 2632 αὐτόν’
743 2604 839 2640 Κύριε,
862 2603 978 2631 πάντοτε
1003 2603 1048 2636 δὺς

259 2646 323 2683 ἡμῖν
338 2647 384 2674 τὸν
400 2647 481 2684 ἄρτον
493 2646 596 2674 τοῦτον.

291 2689 327 2716 55
349 2685 417 2715 Εἷπε
432 2688 460 2715 δὲ
472 2688 563 2719 αὐτοῖς
579 2688 594 2713 6
617 2686 719 2722 Ἰησοῦς
741 2695 748 2702 ·
771 2686 843 2721 Ἐγώ
860 2687 919 2722 ειμι
935 2687 951 2712 6
967 2686 1048 2722 ἄρτος

256 2729 306 2764 τῆς
319 2729 408 2764 ζωῆς·
424 2731 439 2756 6
453 2729 599 2764 ἐρχόμενος
612 2729 680 2763 πρός
695 2737 740 2763 με,
752 2729 783 2755 οὺ
801 2729 838 2763 μὴ
854 2727 985 2764 πεινάσῃ·
1001 2728 1048 2754 καὶ

257 2771 273 2797 ὁ
287 2771 420 2798 πιστεύων
436 2771 475 2802 εἰς
492 2770 552 2804 ἐμὲ,
568 2770 598 2796 οὺ
617 2769 655 2805 μὴ
667 2769 768 2806 διψήσῃ
785 2770 906 2798 πώποτε.

291 2811 327 2840 56
347 2812 416 2838 Ἀλλ’
431 2808 509 2838 εἷπον
524 2812 589 2846 ὑμῖν
606 2812 647 2839 ὅτι
665 2812 710 2838 καὶ
731 2811 872 2846 ἑωράκατέ
893 2819 937 2845 με,
955 2809 1001 2837 καὶ
1017 2808 1048 2836 οὑ

1138 2273 1172 2300 57
1187 2272 1245 2299 Πᾶν
1259 2271 1274 2298 6
1288 2270 1377 2297 δίδωσί
1395 2279 1440 2306 μοι
1456 2270 1470 2297 6
1487 2269 1591 2305 Πατὴρ,
1606 2269 1675 2306 πρὸς
1691 2268 1741 2305 ἐμὲ
1757 2270 1832 2306 ἥξειο
1845 2272 1889 2298 καὶ

1101 2315 1148 2342 τὸν
1160 2314 1306 2350 ἐρχόμενον
1325 2312 1394 2348 πρός
1409 2321 1442 2348 με
1455 2312 1486 2339 οὗ
1504 2311 1542 2348 μὴ
1557 2312 1664 2339 ἐκϐάλω
1678 2311 1741 2345 ἔξω,

1135 2366 1171 2393 58
1187 2366 1247 2392 Ὅτι
1259 2364 1436 2399 καταϐέϐηκα
1453 2364 1486 2390 ἐκ
1499 2363 1546 2390 τοῦ
1557 2363 1683 2399 οὐρανοῦ,
1700 2364 1749 2400 οὐχ
1763 2363 1808 2391 ἵνα
1823 2365 1887 2391 ποιῶ

1100 2407 1132 2434 τὺ
1143 2407 1247 2442 θέλημα
1257 2406 1288 2433 τὺ
1301 2405 1378 2441 ἐμδν,
1388 2405 1456 2432 ἀλλᾶ
1464 2405 1495 2432 τὸ
1504 2404 1610 2440 θέλημα
1612 2405 1666 2446 τοῦ
1678 2405 1834 2440 πέμψαντός
1845 2415 1886 2441 με.

1136 2464 1171 2492 59
1192 2463 1276 2491 Τοῦτο
1299 2463 1329 2490 δέ
1354 2463 1414 2489 ἐστι
1435 2462 1466 2490 τὸ
1487 2462 1592 2498 θέλημα
1613 2462 1660 2489 τοῦ
1680 2462 1837 2498 πέμψαντός
1855 2471 1887 2497 με

1102 2506 1218 2542 Πατρὸς,
1232 2506 1276 2533 ἶνα
1290 2506 1343 2532 πᾶν
1353 2505 1368 2531 6
1383 2503 1482 2531 δέδωκέ
1496 2512 1553 2539 μοι,
1566 2504 1603 2539 μὴ
1612 2504 1738 2532 ἀπολέσω
1751 2503 1783 2537 ἐξ
1798 2504 1885 2536 αὑτοῦ,

1101 2547 1170 2576 ἀλλά
1181 2547 1326 2582 ἀναστήσω
1336 2546 1403 2573 αὐτὸ
1413 2547 1442 2572 ἐν
1452 2546 1486 2581 τῇ
1498 2545 1600 2582 ἐσχάτῃ
1614 2545 1715 2581 ἡμέρᾳ.

1136 2589 1171 2616 ιο
1193 2588 1279 2615 Τοῦτο
1303 2587 1333 2614 δέ
1355 2587 1413 2614 ἐστι
1436 2586 1465 2613 τὺ
1481 2586 1588 2621 θέλημα
1604 2586 1651 2612 τοῦ
1673 2585 1828 2621 πέμψαντός
1842 2594 1883 2620 με,

1100 2631 1145 2658 ῐνα
1157 2631 1211 2662 πᾶς
1229 2631 1243 2656 6
1256 2628 1366 2665 θεωρῶν
1380 2628 1427 2655 τὸν
1443 2627 1517 2660 Υίδν,
1529 2628 1576 2654 καὶ
1596 2626 1733 2654 πιστεύων
1746 2627 1787 2658 είς
1800 2627 1883 2658 αὐτὸν.

1100 2672 1150 2707 ἔχῃ
1174 2670 1246 2706 ζωὴν
1272 2669 1394 2697 αἰώνιον⁴
1422 2669 1469 2696 καὶ
1497 2669 1644 2704 ἀναστήσω
1668 2667 1750 2695 αὐτὸν
1773 2667 1828 2703 ἐγὼ
1851 2669 1882 2704 τῇ

1101 2713 1204 2749 ἐσχάτῃ
1219 2712 1321 2747 ἡμέρᾳ-

1136 2765 1167 2792 “
1186 2762 1348 2798 Ἐγόγγυζον
1366 2759 1413 2789 οὖν
1425 2763 1449 2788 οι
1469 2761 1588 2788 Ἰουδαῖοι
1606 2760 1670 2796 περὶ
1689 2760 1833 2793 αὺτοῦ,ὁτι
1846 2759 1882 2787 εί-

1102 2815 1151 2834 πεν
1161 2815 1167 2822 ·
1189 2805 1258 2839 Ἐγώ
1270 2806 1328 2841 ειμι
1349 2805 1364 2831 6
1388 2804 1469 2840 ἄρτος
1483 2804 1498 2830 6
1514 2802 1636 2835 καταϐὰς
1653 2804 1686 2830 ἐκ
1700 2802 1749 2830 τοῦ
1764 2803 1882 2840 οὐρανοῦ.
