1953 3040
541 157 781 190 PARAPIIRASlS
799 157 833 186 IN
849 154 1019 187 JOANNEM.
1037 170 1072 177 --
1090 155 1168 185 CAP.
1183 155 1230 184 Vl.

59 241 70 250 ο
111 243 118 250 .
156 238 172 252 μ
211 239 220 248 ι
259 239 267 247 ι
306 238 314 246 ι
357 238 366 248 ι
405 238 412 247 ι
455 240 463 248 ι
502 239 509 247 σ
554 240 560 246 -
601 240 609 248 .
653 239 660 246 ι
699 239 707 247 ι
750 238 758 246 α
798 236 807 245 ι
845 219 913 247 ιΛ·
959 234 966 241 ·
1011 234 1019 242 ο
1062 235 1069 242 ·
1110 234 1118 241 '
1158 234 1166 241 ⁸
1207 233 1214 240 ¹
1255 233 1263 241 ⁸
1303 233 1310 240 ⁶
1350 234 1356 242 ·
1397 234 1405 242 ⁸
1443 234 1451 242 ⁸
1491 236 1500 244 ο
1537 237 1545 245 ο
1583 237 1591 245 ο
1633 238 1640 245 ι
1681 239 1689 246 -

59 269 117 304 ⁷ο
127 267 162 295 55
177 266 238 301 Ζωὴ
249 266 304 301 γὰρ
316 265 399 293 πέλεν
414 265 425 301 [
462 265 473 302 ]
489 267 622 302 ἐτήτυμον
636 265 760 301 ἡμετέρη
776 263 855 300 σὰρξ,

60 311 137 348 Αἷμα
150 313 173 339 δ’
184 312 251 348 ἐμὸν
261 312 396 347 νημερτὲς
409 312 459 346 ἐφυ
471 312 561 342 ποτόν,
577 312 610 339 56
622 311 672 343 ’ος
684 311 713 338 δέ
726 319 773 338 κεν
787 310 855 347 ἀνὴρ

59 357 168 392 Σαρκδς
179 357 250 393 ἐμῆς
266 356 401 391 γεύσαιτο,
416 357 464 384 καὶ
477 357 593 393 αἵματος
607 358 647 384 εἰν
663 357 703 383 ἐνὶ
717 356 820 392 θεσμῷ,

60 400 147 435 Οὗτος
162 403 233 438 ἀνὴρ
247 403 276 429 ἐν
285 403 347 437 ἐμοὶ
359 402 459 438 μενέει,
471 402 518 429 καὶ
532 403 665 438 ὀμόξυγος
677 402 751 438 αὐτῷ

62 450 211 484 Ἐσσομαι,
223 447 340 484 ἔμπεδος
356 446 440 481 οἶκος,
455 448 613 483 ἀειρόμενος
624 448 671 475 καὶ
686 448 795 484 ἀείρων.

61 493 100 520 51
117 494 163 525 Ὠς
175 493 203 520 δὲ
216 493 310 528 Πατὴρ
325 492 403 525 ζώων
417 501 451 528 με
466 493 577 528 βοηθόον
589 493 683 520 ὤπασε
701 493 812 529 κόσμῳ·

62 540 132 566 Ζώω
143 540 167 566 δ’
184 538 362 574 ὑψιμέδοντος
376 538 444 574 ἐμοῦ
458 539 502 566 διὰ
515 538 603 574 νεῦμα
615 539 719 574 Τοκῆος

62 584 150 616 Αὐτὸς
164 584 220 619 ἐγώ
229 591 236 599 ·
251 585 298 611 καὶ¹
311 585 414 616 ἐκεῖνος
428 584 498 620 ἀνὴρ
512 584 615 619 ίσόζυγι
630 583 724 620 θεσμῷ

68 628 116 661 Ἐξ
130 629 228 665 ἐμέθεν
240 629 359 665 ζήσειεν,
374 629 440 664 ἐμὸν
451 630 536 664 δέμας
551 628 741 660 εἰλαπινάζων.

64 673 99 700 58
115 673 192 705 Ζωῆς
205 673 316 707 ἄφθιτος
333 673 414 708 ἄρτος
428 673 560 708 ἐτήτυμος
573 670 650 704 οὗτος
661 671 772 698 ἀκούει·

63 718 121 754 Οὐχ
140 715 196 745 οἷον
208 718 371 754 τοπάροιθεν
389 718 509 754 ἐρημαίῃ
524 718 600 753 παρά
615 718 703 753 λόχμῃ

68 764 211 799 ’Υμέτεροι
222 763 324 798 γλυκὺν
339 763 420 799 ἄρτον
434 763 583 799 ἐθηήσαντο
596 763 704 798 τοκῆες,

64 810 118 844 72
134 809 189 836 Καὶ
209 809 290 836 θάνον
312 809 342 836 ἐν
365 808 536 835 σκοπέλοισιν
559 808 719 844 ὀριπλανέες
739 807 854 843 μετανά-

731 852 817 888 [σται.

63 897 165 924 Τοῦτον
177 897 246 934 ἀνὴρ
260 897 411 934 ἐπάρουρος
425 898 559 934 ἐτήτυμον
575 898 656 934 ἄρτον
669 897 802 934 ἐρέπτων,

64 943 141 978 Ζωὴν
154 943 249 978 ὁψεται
264 941 350 976 οὗτος,
364 944 416 975 ἕως
431 943 544 979 δολιχοϊο
557 943 664 978 γενείου

70 988 244 1024 Ἀμφιλαφής
261 989 369 1024 πολιῇσι
380 989 468 1024 κόμην
481 989 652 1016 λευκαίνεται
662 988 739 1016 αίών.

64 1033 97 1060 59
111 1032 206 1059 Ταῦτα
222 1033 402 1069 βαθυκρήπιδι
417 1033 607 1069 Καφαρναοὺμ
621 1033 661 1060 ἐνὶ
679 1034 745 1069 γαίῃ

64 1077 209 1110 Ἐννεπεν,
223 1075 365 1112 εὐλάῖγγος
376 1077 429 1104 ἔσω
441 1079 515 1113 νηοῖο
532 1077 675 1105 διδάσκων.

62 1121 97 1148 60
111 1121 210 1148 Πολλοὶ
222 1122 245 1148 δ’
256 1122 413 1155 εἰσαΐοντες,
428 1122 583 1158 ἀμερσινόῳ
599 1122 651 1149 τινὶ
663 1122 750 1157 λύσσῃ

63 1166 110 1198 Είς
130 1167 209 1202 χόλον
226 1167 426 1203 οίστρηθέντες,
447 1168 617 1204 ἐμυθήσαντο
632 1167 770 1203 μαθηται·

64 1212 185 1248 Σκληρδς
200 1212 262 1248 ἐμοὶ
272 1213 350 1247 λόγος
363 1211 440 1244 οὗτος
458 1213 487 1239 ὃν
500 1213 594 1240 ἔννεπε
603 1221 610 1228 ·
626 1213 674 1240 καὶ
689 1212 731 1244 τίς
746 1213 854 1240 ἀκούειν

64 1253 153 1284 Λῦτοῦ
170 1257 368 1293 φθεγγομένοιο
384 1258 527 1294 δυνήσεται
539 1267 547 1292 ;
561 1258 592 1286 6|
607 1258 765 1294 Δὺτόματος
779 1259 808 1285 δέ

64 1302 210 1330 Γινώσκων
223 1305 264 1331 ὅτι
279 1303 343 1336 λαὸς
358 1304 478 1340 ὑποδρὴς
495 1304 574 1331 ἐσκεν
589 1304 716 1340 ἑταίρων,

65 1348 212 1385 Δαθριδίην
225 1349 351 1385 ἀχάλινον
368 1350 582 1382 ὕποκλέτι-τοντες
598 1349 673 1386 ἰωήν,

65 1394 183 1430 Χριστὸς
196 1395 398 1431 ἁμαρτινόοισιν
411 1396 477 1427 ἔπος
491 1395 594 1429 ξύνωσε
609 1395 760 1431 μαθηταῖς·

71 1440 190 1475 ’Υμείων
201 1440 244 1467 ὅδε
258 1440 343 1476 μῦθος
357 1441 473 1468 ἀπειθέα
485 1441 569 1476 θυμὸν
579 1440 714 1476 ἀμύσσει·

65 1485 100 1513 62
116 1486 148 1513 Et
166 1486 194 1513 δέ
206 1495 254 1513 κεν
268 1487 405 1522 ἀθρήσητε
420 1486 659 1522 συναστράπτοντα
675 1485 761 1521 Τοκῆῖ

66 1531 210 1566 Δίθερίων,
224 1531 286 1558 ὅθεν
301 1529 393 1567 ἦλθεν,
408 1531 461 1558 ἐῶν
475 1531 625 1566 ἐπιϐήτορα
639 1530 735 1557 θώκων

72 1576 229 1613 ’Δνθρώπου
244 1577 325 1604 πάλιν
338 1575 401 1609 Υἶα,
413 1576 439 1603 τί
457 1575 549 1612 ρέξετε
560 1575 639 1602 τοῦτο
653 1575 801 1611 μαθόντες;

906 262 958 297 71
976 260 1011 288 55
1024 259 1087 288 Vita
1105 260 1179 288 enim
1201 259 1267 295 estl’
1338 259 1426 295 ]vere
1441 265 1534 289 nostra
1559 270 1636 298 caro,
1659 265 1694 292 Et

906 314 1019 350 sanguis
1033 320 1111 340 meus
1129 311 1283 339 infallibilis
1303 314 1346 338 est
1363 315 1454 346 potus.
1479 312 1514 339 56
1531 312 1694 350 Quicunque

905 367 948 394 vlr
968 365 1085 392 Carnem
1107 371 1196 391 meam
1219 364 1379 399 gustaverit,
1403 367 1430 391 et
1452 364 1612 410 sanguinem
1639 373 1692 392 una

904 418 1061 449 sanctione,
1072 416 1121 444 llic
1131 417 1173 444 vir
1187 416 1214 443 in
1227 423 1271 443 me
1286 419 1388 448 manet.
1405 419 1433 443 et
1449 417 1616 450 conjunctus
1630 425 1693 445 cum

904 469 966 505 ipso
979 469 1044 501 Ero,
1062 469 1140 496 firma
1152 468 1261 501 domus,
1274 471 1397 504 gestatus
1404 471 1431 495 et
1445 471 1567 503 gestans.
1583 468 1618 496 57
1636 468 1696 497 Sic-

905 523 936 547 nt
961 523 1052 547 autem
1072 519 1153 547 Pater
1175 519 1270 547 vivens
1295 527 1338 547 me
1357 519 1551 554 opitulatorom
1578 521 1696 556 praebuit

904 572 1019 604 mundo,
1034 571 1104 599 Vivo
1121 575 1212 598 autem
1224 571 1395 606 altiregentis
1408 571 1460 598 mei
1474 571 1509 599 ob
1523 572 1693 599 voluntatem

903 624 994 652 Patris
1010 623 1070 659 Ipse
1083 631 1134 659 ego
1147 633 1154 651 :
1168 627 1195 651 et
1209 623 1254 650 ille
1264 623 1304 650 vir
1315 623 1415 658 :rquali
1429 623 1488 659 lege
1502 622 1541 650 Ex
1552 630 1596 650 me
1609 623 1694 654 vivet.

903 682 993 701 meum
1017 681 1120 709 corpus
1139 673 1297 701 comedens.
1321 673 1356 700 58
1380 672 1451 700 Vitae
1476 673 1696 708 incorruptibilis

903 726 983 761 panis
999 734 1082 754 verus
1095 726 1140 753 hic
1158 726 1259 753 dicitur
1274 735 1280 753 :
1299 725 1359 752 Non
1376 721 1590 760 qualiter‘antea
1604 724 1700 752 deser-

903 782 957 805 tam
977 778 1049 813 apud
1073 778 1171 806 silvam
1192 777 1285 806 Vestri
1312 778 1421 806 dulcem
1448 785 1545 813 panem
1569 777 1695 805 admirati

902 831 970 857 sunt
987 833 1091 865 patres,
1107 829 1160 864 73
1175 828 1207 856 Et
1227 830 1329 857 mortui
1349 833 1415 857 sunt
1437 830 1465 857 in
1481 830 1604 865 scopulis
1620 836 1695 856 mon.

867 891 888 918 Β
903 881 959 908 tani
973 881 1078 908 exules.
1097 880 1176 908 Hunc
1192 881 1236 908 vir
1256 882 1397 908 terrestris
1413 889 1508 908 verum
1533 889 1631 916 panem
1646 888 1694 909 co-

904 933 1028 965 medens,
1048 932 1138 960 Vitam
1162 933 1266 960 videbit
1291 933 1347 965 hic,
1370 933 1458 961 donec
1488 933 1585 968 prolixi
1607 934 1692 961 menti

903 985 1054 1013 Abundans
1075 985 1152 1013 canis
1169 992 1277 1012 comam
1292 985 1403 1013 dealbat
1417 985 1558 1013 saeculum.
1576 985 1610 1012 59
1633 984 1694 1013 llaec

903 1036 1032 1073 profundi
1050 1037 1222 1066 fundamenti
1235 1037 1406 1073 Capcrnaum
1423 1038 1450 1066 in
1469 1042 1541 1066 terra
1557 1037 1641 1071 Dixit,
1657 1038 1694 1065 la-

903 1089 1001 1125 pidoso
1021 1089 1049 1117 in
1065 1089 1166 1124 templo
1188 1089 1303 1117 docens.
1321 1089 1354 1118 60
1375 1089 1452 1117 Multi
1470 1095 1562 1118 autem
1580 1090 1694 1117 erudien-

903 1145 956 1174 tes,
968 1150 1039 1170 caeca
1052 1142 1171 1178 quadam
1188 1142 1265 1170 rabie
1279 1142 1308 1170 ln
1326 1143 1395 1170 iram
1410 1143 1550 1176 concitati,
1565 1143 1694 1170 dixerunt

903 1194 1031 1230 discipuli
1049 1203 1056 1221 :
1081 1194 1173 1223 Durus
1196 1195 1265 1222 mihi
1286 1203 1378 1223 sermo
1399 1195 1444 1222 hic
1464 1203 1546 1230 quem
1568 1195 1647 1228 dixit,
1667 1199 1695 1223 et

903 1246 965 1280 quis
975 1246 1071 1274 audire
1081 1246 1173 1282 Ipsum
1185 1247 1340 1282 loquentem
1353 1248 1472 1283 poterltl
1482 1248 1514 1275 (tl
1528 1247 1584 1275 Sua
1595 1253 1695 1283 sponte

905 1301 996 1325 autem
1012 1297 1191 1333 Cognoscens
1213 1299 1286 1334 quod
1302 1300 1418 1334 populus
1435 1299 1606 1335 suspiciosus
1620 1304 1695 1327 esset

905 1349 1055 1382 sociorum,
1069 1349 1210 1377 Occultam
1227 1351 1356 1378 cﬂ'renem
1370 1352 1572 1387 supprimentes
1587 1359 1693 1386 vocem,

904 1394 1032 1422 Christus
1053 1398 1144 1422 mente
1167 1396 1324 1423 errantibus
1345 1397 1458 1424 verbum
1478 1397 1696 1424 communicavit

905 1439 1064 1473 discipulis:
1081 1439 1205 1467 Vestram
1221 1440 1264 1467 hic
1280 1448 1372 1468 sermo
1389 1441 1558 1469 incredulam
1575 1446 1695 1470 mentem

905 1485 1014 1513 cruciat
1028 1494 1034 1511 :
1053 1485 1088 1511 62
1102 1485 1174 1518 Quid
1188 1493 1253 1513 vero
1270 1486 1292 1513 si
1310 1486 1434 1514 videritis
1449 1486 1530 1514 simul
1548 1486 1695 1523 fulgentem

906 1538 970 1557 cum
983 1530 1063 1558 Patre
1076 1530 1247 1564 leestium,
1261 1531 1334 1560 unde
1346 1532 1430 1564 venit,
1443 1540 1555 1560 suarum
1568 1540 1696 1560 ascenso-

868 1570 891 1601 C
907 1584 965 1604 rem
986 1576 1092 1604 sedium
1117 1576 1243 1606 Hominis
1259 1585 1356 1606 rursus
1371 1577 1484 1612 Filium,
1508 1578 1574 1614 quid
1591 1577 1696 1607 facietis

666 1652 808 1681 TEXTUS
825 1652 1091 1684 EVANGELISTA'I.

100 1712 137 1740 42
148 1712 204 1740 Καὶ
218 1711 324 1747 ελεγον·
340 1712 397 1747 οὐχ
408 1708 485 1744 οὗτός
498 1711 571 1738 ἐστιν
586 1709 690 1745 Ἰησοῦς
703 1711 718 1737 6
730 1709 787 1742 υὶός
800 1710 858 1737 Ἰω-

66 1754 133 1791 σὴφ,
149 1751 180 1781 οὗ
196 1754 276 1789 ἡμεῖς
295 1753 405 1788 οῐδαμεν
419 1753 465 1780 τὸν
479 1752 585 1787 πατέρα
605 1752 652 1778 καὶ
667 1752 716 1787 τήν
733 1751 854 1787 μητέρα;

66 1797 129 1828 Πῶς
142 1794 190 1823 οὖν
203 1795 277 1830 λέγει
298 1793 388 1827 οὖτος⁴
405 1795 466 1822 ὀτι
488 1795 520 1822 ἐκ
533 1793 581 1821 τοῦ
602 1792 717 1829 οὐρανοῦ
740 1792 856 1820 κατασι-

65 1838 139 1870 6ηκα
149 1846 158 1870 ς

83 1846 139 1907 nr;
150 1858 304 1914 νἈπεκρίθη
321 1874 368 1904 οὖν
383 1878 397 1904 6
418 1876 519 1913 Ἰησοῦς
537 1876 586 1904 καὶ
598 1873 674 1903 εἶπεν
688 1875 796 1907 αὐτοῖς’
810 1875 856 1910 Μὴ

66 1919 216 1954 γογγύζετε
234 1920 292 1955 μετ’
310 1918 442 1954 ἀλλήλων.

101 1961 137 1988 ιιι
151 1961 246 1993 οὐδεὶς
259 1961 369 1987 δύναται
381 1960 468 1986 ἐλθεῖν
481 1959 549 1995 πρός
561 1967 606 1994 με,
619 1957 667 1984 ἐὰν
682 1957 720 1993 μὴ
733 1958 747 1984 6
761 1956 857 1992 Πατήρ

66 2002 82 2030 6
97 2001 208 2038 πέμψας
222 2010 255 2036 με
269 2001 369 2037 ἐλκύσῃ
382 2001 474 2034 αὑτὸν,
489 2001 537 2028 καὶ¹
552 1999 607 2034 ὲγὼ
620 1999 764 2034 ἀναστήσω
777 1998 859 2025 αὐτὸν

67 2045 102 2079 τῇ
117 2043 218 2078 ἐσχάτῃ
232 2043 331 2078 ἥμερα

104 2084 139 2112 ιε
156 2086 233 2112 Ἔστι
256 2083 449 2119 γεγραμμένον
478 2084 508 2110 ἐν
530 2083 588 2115 τοῖς
608 2082 777 2118 προφήταις’
801 2080 859 2108 Καὶ

67 2126 175 2153 ἔσονται
186 2126 284 2157 πάντες
298 2126 416 2152 διδακτοὶ
429 2125 474 2152 τοῦ
489 2124 567 2151 Θεοῦ.
582 2125 639 2156 Πᾶς
652 2122 699 2151 οὖν
711 2124 726 2150 6
740 2121 859 2154 ἀκούσας

67 2168 144 2202 παρά
157 2167 204 2194 τοῦ
222 2166 340 2202 Πατρὸς,
356 2166 403 2193 καὶ
417 2166 521 2201 μαθὼν,
534 2166 643 2201 ἔρχεται
659 2165 727 2200 πρός
743 2172 787 2198 με.

103 2208 139 2235 46
151 2209 210 2243 Οὐχ
224 2208 263 2234 ὅτι
278 2208 324 2234 τὸν
340 2207 450 2243 Πατέρα
467 2215 509 2238 τις
526 2207 658 2242 ἑώρακεν,
680 2206 705 2232 εἰ
726 2205 763 2240 μὴ
785 2205 800 2230 6
821 2203 859 2230 ὢν

68 2250 147 2285 παρά
159 2249 207 2276 τοῦ
223 2249 289 2276 Θεοῦ
300 2257 307 2264 ·
320 2246 396 2280 οὗτος
411 2248 516 2284 ἑώρακε
533 2248 578 2274 τὸν
592 2248 711 2282 Πατέρα.

104 2291 139 2318 47
157 2291 242 2326 Ἀμὴν
255 2290 329 2326 ἀμὴν
350 2290 421 2324 λέγω
444 2290 518 2325 ὑμῖν,
540 2290 555 2316 6
576 2289 712 2316 πιστεύων
733 2287 857 2323 είς’ἐμέ,

68 2332 127 2367 εχει
142 2332 214 2368 ζωὴν
227 2331 345 2359 αἰώνιον.

104 2374 140 2401 48
159 2374 230 2408 Ἐγώ
242 2375 299 2409 ειμι
311 2375 326 2400 6
336 2373 417 2408 ἄρτος
430 2373 480 2408 τῆς
494 2371 575 2406 ζωῆς.

104 2414 140 2442 49
150 2416 181 2442 οι
197 2414 314 2451 πατέρες
325 2415 402 2454 ὑμῶν
416 2413 516 2449 ἔφαγον
526 2413 556 2439 τὸ
569 2412 656 2447 μάννα
668 2412 697 2439 ἐν
706 2413 739 2448 τῇ
752 2411 858 2447 ἐρήμῳ,

69 2456 119 2482 καὶ
128 2455 271 2482 ἀπέθανον.

106 2497 142 2524 50
151 2493 236 2529 οὗτός
249 2497 322 2524 ἐστιν
334 2497 348 2524 6
360 2497 441 2531 ἄρτος
463 2496 477 2522 6
495 2496 527 2522 ἐκ
538 2493 583 2521 τοῦ
599 2493 713 2530 οὐρανοῦ
728 2493 860 2520 καταϐαι-

70 2547 134 2570 νων,
149 2539 192 2565 ἵνα
203 2547 245 2570 τις
259 2538 290 2571 ἐξ
303 2538 384 2565 αὑτοῦ
399 2537 475 2574 φάγῃ
493 2537 541 2564 καὶ
553 2536 591 2573 μή
605 2535 737 2572 ἀποθάνῃ.

106 2580 137 2607 5|
161 2580 231 2614 Ἑγὼ
252 2581 310 2614 εἰμι
331 2580 345 2606 6
368 2579 449 2612 ἄρτος
469 2579 483 2604 6
501 2578 566 2610 ζῶν,
588 2579 603 2605 6
624 2578 656 2604 ἐκ
679 2577 726 2603 τοῦ
745 2575 859 2612 οὐρα,νοῦ

71 2621 207 2652 καταϐάς·
223 2621 270 2648 ἐάν
284 2629 325 2653 τις
342 2621 416 2656 φάγῃ
434 2620 467 2647 ἐκ
486 2620 582 2646 τούτου
598 2619 645 2645 τοῦ
669 2619 763 2654 ἄρτου.
779 2617 859 2654 ζήσε-

69 2671 115 2689 ται
135 2663 175 2694 είς
193 2662 238 2689 τὸν
258 2661 356 2689 αἰῶνα·
371 2662 418 2688 καὶ
432 2662 446 2687 6
466 2661 548 2696 ἄρτος
563 2660 592 2686 δὲ
614 2659 643 2687 ὃν
664 2659 720 2694 ἐγὼ
742 2658 859 2696 δώσω,ή

71 2703 141 2738 σάρξ
159 2703 209 2738 μού
225 2704 310 2735 ἐστιν,
324 2703 358 2738 ήν
379 2701 434 2738 ἐγὼ
455 2701 533 2729 δώσω
554 2701 623 2737 ὑπὲρ
633 2701 681 2736 τῆς
695 2700 742 2727 τοῦ
757 2700 859 2736 κόσμου

71 2744 155 2777 ζωῆς-

105 2754 308 2821 Ἐμάχοντο
323 2782 368 2812 οὖν
391 2783 457 2819 πρὸς
474 2783 606 2818 ἀλλήλους
625 2783 650 2810 οί
671 2782 802 2815 Ἰουδαῖοι,
817 2782 862 2808 λέ-

73 2833 179 2860 γοντες¹
200 2826 260 2859 Πῶς
282 2826 391 2856 δύναται
412 2822 489 2858 οὗτος
511 2825 574 2861 ἡμῖν
590 2824 680 2853 δοῦναι
700 2824 750 2860 τὴν
772 2823 860 2860 σάρκα

74 2868 169 2902 φαγεῖν
180 2876 188 2902 ς

944 1712 979 1739 55
995 1709 1079 1740 Εἶπεν
1095 1710 1141 1740 οὖν
1155 1713 1248 1744 αὐτοῖς
1260 1713 1275 1740 ὁ
1294 1713 1413 1748 Ἰησοῦς·
1432 1714 1519 1751 ’Δμήν
1535 1714 1610 1751 ἀμὴν
1626 1715 1697 1750 λέγω

908 1753 982 1788 ὑμῖν,
999 1753 1047 1780 ἐὰν
1066 1755 1103 1790 μὴ
1128 1755 1233 1789 φάγητε
1253 1755 1304 1791 τήν
1325 1755 1414 1790 σάρκα
1438 1756 1484 1782 τοῦ
1505 1757 1570 1783 Υἱοῦ
1587 1757 1632 1784 τοῦ
1650 1759 1698 1785 ἀν-

907 1793 1027 1829 θρώπου,
1040 1795 1088 1821 καὶ
1100 1795 1181 1831 πίητε
1192 1795 1274 1822 αὑτοῦ
1293 1795 1324 1822 τὸ
1337 1794 1417 1831 αἷμα,
1430 1796 1480 1822 οὒκ
1494 1796 1568 1832 ἔχετε
1583 1797 1655 1832 ζωὴν
1669 1799 1698 1826 ἐν

909 1835 1026 1868 ἑαυτοῖς.

943 1876 979 1904 54
1001 1876 1030 1903 '0
1048 1876 1162 1911 τρώγων
1182 1885 1234 1912 μου
1249 1878 1299 1913 τήν
1322 1877 1419 1912 σάρκα,
1435 1878 1482 1905 καὶ
1501 1879 1587 1905 πίνων
1601 1887 1653 1914 μου
1669 1881 1699 1907 τὸ

908 1915 989 1952 αἷμα,
1005 1917 1061 1953 ἔχει
1075 1917 1148 1953 ζωὴν
1167 1917 1274 1946 αἰώνιον
1286 1926 1294 1933 ·
1316 1919 1363 1945 καὶ
1382 1919 1438 1953 ἐγὼ
1456 1920 1600 1955 ἀναστήσω
1618 1921 1698 1947 αὑτὸν

908 1959 1056 2004 τῇὶῗῖέῗη
1065 1959 1177 2004 ,ἡμέθᾳζ

944 1999 979 2026 55
997 1999 1029 2026 Ἦ
1041 2000 1096 2036 γὰρ
1112 2000 1181 2036 σάρξ
1200 2009 1252 2036 μου
1275 2000 1383 2036 ἀληθῶς
1398 2001 1456 2027 ἐστι
1473 2001 1584 2036 βρῶσις,
1600 2002 1647 2028 καὶ
1671 2003 1705 2030 τὸ

908 2038 978 2075 αἷμά
991 2049 1042 2076 μου
1055 2041 1164 2077 ἀληθῶς
1177 2042 1236 2068 ἐστι
1249 2042 1338 2074 πόσις.

942 2081 976 2109 56
993 2082 1022 2108 Ὀ
1036 2081 1151 2118 τρώγων
1171 2092 1222 2118 μου
1241 2083 1291 2118 τὴν
1306 2083 1405 2119 σάρκα,
1427 2084 1476 2111 καὶ
1493 2084 1580 2111 πίνων
1597 2092 1648 2120 μου
1669 2086 1699 2112 τέ

906 2118 987 2157 αἷμα,
1000 2123 1028 2149 ἐν
1044 2124 1106 2158 ἐμοὶ
1123 2124 1210 2159 μένει,
1222 2124 1300 2159 κάγὼ
1312 2125 1341 2151 ἐν
1352 2124 1435 2159 αὐτῷ.

943 2164 976 2191 57
988 2164 1086 2196 Καθὼς
1099 2162 1242 2192 ἀπέστειλέ
1264 2174 1298 2201 με
1319 2167 1334 2192 6
1359 2165 1414 2198 ζῶν
1438 2165 1543 2201 Πατὴρ,
1564 2165 1640 2200 κάγὼ
1661 2166 1699 2199 ζῶ

908 2203 953 2231 διά
965 2204 1011 2232 τὸν
1025 2206 1152 2242 Πατέρα·
1167 2207 1214 2233 καὶ
1232 2207 1247 2234 ό
1260 2206 1375 2242 τρώγων
1389 2215 1434 2242 με,
1449 2207 1573 2239 κάκεῖνος
1588 2207 1700 2243 ζήσεται

873 2237 897 2266 ο
909 2246 942 2273 δι’
957 2247 1019 2282 ἐμέ.

944 2287 978 2315 58
994 2285 1078 2320 Οὗτός
1092 2289 1165 2316 ἐστιν
1177 2290 1192 2315 6
1204 2289 1286 2324 ἄρτος
1299 2290 1314 2316 6
1331 2290 1362 2316 ἐκ
1373 2289 1420 2315 τοῦ
1433 2289 1547 2326 οὐρανοῦ
1562 2290 1699 2321 κατασάςο

908 2329 939 2355 οὐ
961 2328 1053 2361 καθὼς
1078 2329 1179 2364 ἔφαγον
1200 2331 1224 2357 oi
1247 2331 1365 2366 πατέρες
1385 2331 1464 2366 ὑμῶν
1487 2331 1518 2357 τὸ
1537 2331 1633 2366 μάννα,
1654 2331 1699 2357 καὶ

908 2370 1054 2398 ἀπέθανον.
1072 2371 1102 2398 '0
1119 2371 1234 2406 τρώγων
1250 2372 1343 2399 τοῦτον
1356 2372 1402 2399 τὸν
1419 2372 1511 2408 ἄρτον,
1531 2372 1642 2408 ζήσεται
1661 2373 1700 2403 είς

907 2412 953 2438 τὸν
971 2411 1066 2439 αίῶνα.

943 2452 978 2479 59
991 2452 1084 2479 Ταῦτα
1097 2451 1174 2480 εἷπεν
1189 2454 1218 2480 ἐν
1235 2455 1390 2490 συναγωγῇ,
1401 2454 1534 2484 διδάσκων
1546 2456 1575 2483 ἐν
1589 2456 1702 2490 Καπερ-
1722 2479 1725 2482 .

909 2502 1007 2529 ναουμ.

944 2535 978 2562 60
992 2535 1087 2562 Πολλοὶ
1101 2532 1147 2562 οὗν
1162 2535 1327 2567 ἀκούσαντες
1340 2536 1372 2562 ὲκ
1390 2535 1444 2563 τῶν
1459 2536 1587 2572 μαθητῶν
1605 2537 1700 2570 αὐτοῦ,

909 2573 999 2603 εἴπον-
1020 2577 1139 2613 Σκληρός
1156 2579 1228 2604 ἐστιν
1241 2575 1317 2609 οὗτος
1331 2579 1346 2604 6
1358 2577 1435 2612 λόγος
1444 2586 1452 2594 ·
1464 2579 1504 2610 τίς
1520 2579 1631 2606 δύναται
1649 2579 1700 2606 αὐ-

909 2618 957 2645 τοῦ
973 2618 1083 2645 ἀκούειν
1093 2627 1100 2651 ;

945 2658 976 2686 6|
996 2659 1080 2691 Εἰδὼς
1100 2659 1128 2685 δέ
1145 2659 1160 2686 6
1178 2659 1281 2694 Ἰησοῦς
1305 2660 1335 2687 ἐν
1358 2659 1446 2695 ἑαυτῷ
1468 2660 1510 2690 ὅτι
1534 2660 1701 2695 γογγύζουσι

910 2701 975 2736 περὶ
988 2700 1084 2728 τούτου
1095 2702 1121 2727 ot
1137 2701 1256 2738 μαθηταὶ
1275 2701 1367 2735 αὐτοῦ,
1387 2698 1464 2729 εἶπεν
1485 2702 1589 2734 αὐτοῖς’
1615 2702 1700 2729 Τοῦτο

910 2742 983 2778 ὑμᾶς
1001 2741 1172 2774 σκανδαλίζει
1183 2752 1190 2776 ;

946 2783 980 2810 62
1001 2779 1064 2809 Ἐὰν
1076 2782 1123 2810 οὖν
1134 2783 1253 2819 θεωρῆτε
1267 2784 1313 2810 τδν
1327 2784 1391 2812 Υίὺν
1410 2783 1458 2812 τοῦ
1476 2783 1619 2820 ἀνθρώπου
1631 2783 1698 2810 ἀναι-

910 2824 1034 2852 6αίνοντα
1047 2824 1114 2852 ὅπου
1127 2823 1161 2861 ἦν
1170 2825 1200 2853 τὺ
1211 2825 1345 2862 πρότερον
1356 2835 1364 2861 ;
