1953 3040
254 128 308 156 ΒθΞ

885 122 991 151 NONNI
1011 121 1264 151 PANOPOLITANI

1843 124 1907 152 80‘

258 187 308 214 huc
329 181 580 219 intclligentes265
602 181 722 217 Spiritus
744 185 787 213 est
800 180 944 209 viviﬁcans
967 189 1039 217 pne-

1108 182 1126 208 ὅ
1141 181 1252 217 Πνεῦμα
1268 181 1345 208 πέλει
1361 181 1483 217 ζωαρκὲς
1497 183 1661 218 ὑπέρτερον·
1675 180 1826 217 ἀλλογενὴς
1839 181 1876 208 δὲ

256 231 394 258 stantior:
420 229 574 263 alienigena
594 233 686 255 autem
706 227 804 256 Carnis
829 228 969 256 terrestris
994 227 1045 254 hu-

257 266 337 303 mana
352 278 451 302 natura
475 273 544 300 nihil
569 273 701 309 proderit.
723 272 887 299 Sermonum
909 279 974 300 vero
993 279 1044 299 no-

259 324 381 348 strorum
399 321 489 346 ﬂuxus
501 319 611 346 divinus
626 326 695 354 quos
712 318 849 350 dico,Vita
861 318 942 345 simul
955 322 979 345 et
991 318 1047 353 spi-

258 366 329 393 ritus
347 370 400 396 est.
418 370 445 392 et
464 372 528 392 vera
546 372 609 392 vox.
628 364 662 391 6t
685 363 737 392 Sed
757 362 866 399 quidam
881 367 945 391 sunt
960 363 1048 390 incre-

257 409 316 437 duli
331 410 473 444 insipienti
494 410 580 437 rabie.
602 409 712 436 Sciebat
729 409 800 436 enim
824 408 935 443 quinam
956 411 1049 434 essent

259 455 308 489 qui
325 459 443 482 tuentem
459 454 595 481 habebant
612 457 761 485 errantem,
776 453 869 480 Fidem
883 452 911 479 in
924 452 993 478 mari
1006 460 1048 480 er-

258 501 386 528 rantibus
399 500 604 527 committentes
622 499 720 531 ventis,
733 498 766 525 Et
779 499 891 533 quinam
907 498 949 525 vir
959 498 1048 532 ipsum

262 546 465 574 esset'Judaais
494 545 664 580 proditurus,
692 544 819 580 Argentei
843 543 930 570 morbi
959 547 1050 570 mente

262 593 384 627 agitatus
399 592 523 618 stimulo.
543 590 578 618 65
594 591 626 617 Et
643 591 709 626 ipsis
726 590 784 618 Rex
799 588 868 616 dixit
883 598 890 616 :
909 589 972 616 Ideo
986 592 1050 615 aute

261 637 317 664 dixi
336 637 414 664 vobis
428 645 435 663 :
454 635 514 663 Non
530 641 620 671 potest
634 636 774 663 hominum
791 634 890 669 aliquis
908 634 1001 660 volens
1015 632 1049 660 ad

262 689 306 707 me
316 681 418 712 venire,
433 680 489 706 Nisi
502 688 516 706 e
529 685 624 706 nostro
635 680 736 707 charus
751 678 806 706 Deo
823 678 863 705 vir
876 677 933 704 Hoc
951 685 1051 704 munus

262 724 400 758 receperit
419 723 537 750 donante
554 723 644 750 Patre.
664 723 699 750 66
716 723 801 757 Cujus
817 722 903 757 gratia
924 721 1050 748 inﬁrmus

261 769 422 804 retrogrado
437 770 504 804 pede
521 769 662 801 incedens,
682 768 807 795 Recessit
822 767 918 802 procul
940 767 1051 793 venien-

262 815 329 841 tium
354 814 516 849 peregrinus
539 818 628 841 coetus
654 813 793 840 sociorum
817 821 823 838 :
849 811 910 838 Non
934 810 1052 845 amplius

1097 226 1202 261 Σαρκδς
1213 226 1367 262 ὲπιχθονίης
1382 227 1480 263 βροτέη
1494 227 1575 262 φύσις
1591 227 1666 254 οὐδὲν
1678 228 1783 263 ὀνήσει.

1096 273 1198 300 Μόθων
1211 273 1233 299 δ’
1250 273 1392 308 ἡμετέρων
1406 273 1467 308 ῥόος
1482 273 1571 305 ἔνθεος
1585 273 1631 305 οὒς
1647 273 1783 309 ἀγορεύω,

1098 318 1159 354 Ζωὴ
1174 318 1242 353 ὁμοῦ
1257 319 1304 345 καὶ
1315 318 1424 354 πνεῦμα
1438 319 1524 351 πέλει,
1539 319 1586 346 καὶ
1601 320 1735 354 ἐτήτυμος
1749 319 1841 354 ὀμφή.

1098 363 1132 390 64
1151 363 1231 391 Ἀλλά
1243 372 1316 396 τινες
1332 364 1463 398 γεγάασιν
1475 364 1601 396 άπειθέες
1616 364 1713 400 ἄφρονι
1727 364 1832 400 λύσσῃ.

1100 409 1182 444 ’ᾘδεε
1197 409 1251 445 γὰρ
1265 409 1338 441 τινες
1349 407 1420 445 ἦσαν
1432 410 1490 436 ὅσοι
1503 411 1561 437 νόον
1578 407 1650 445 εἶχον
1664 410 1779 446 ἀλήτην,

1099 454 1195 482 Πίστιν
1211 454 1417 482 ἁλιπλανέεσσιν
1435 456 1631 491 ἐπιτρέψαντες
1647 455 1768 487 ἀέλλαις.

1099 499 1154 525 Kal
1167 499 1210 530 τις
1224 501 1293 535 ἀνήρ
1310 509 1356 535 μιν
1370 500 1482 536 ἔμελλεν
1502 501 1638 532 Ἰουδαίοις
1654 500 1845 536 παραδώσειν,

1106 545 1256 580 ’Δργυρέης
1275 546 1379 572 νούσοιο
1391 546 1451 572 νόον
1467 546 1641 581 δεδονημένος
1654 546 1765 581 οῐστρῳ.

1100 589 1134 616 65
1140 590 1194 617 Καί
1202 599 1264 625 σφιν
1274 591 1504 628 ’Δναξάγὸρευεν-
1512 592 1594 618 Ὅθεν
1602 593 1688 627 πάρος
1697 592 1809 621 ἔννεπον
1817 592 1902 627 ὑμῖν

1101 636 1137 662 Οὐ
1152 635 1263 662 δύναται
1280 635 1407 670 μερόπων
1421 644 1463 667 τις
1481 636 1604 668 ἑκούσιος
1620 638 1659 668 εἰς
1674 636 1724 672 ἐμὲ
1742 636 1864 671 βαίνειν,

1101 681 1132 708 Εἰ
1151 681 1188 717 μὴ
1202 681 1247 714 ἀφ’
1262 681 1408 716 ἡμετέροιο
1423 681 1483 716 Θεῷ
1500 682 1682 717 πεφιλημένος
1696 682 1768 717 ἀνὴρ

1101 727 1187 753 Τοῦτο
1201 727 1285 761 γέρας
1298 726 1405 759 δέξαιτο
1419 727 1609 762 χαριζομένοιο
1623 728 1735 764 Τοκῆος.

1101 772 1135 800 66
1150 769 1188 799 UB
1202 772 1282 808 χάριν
1297 772 1461 808 ἀστήρικτος
1474 772 1646 808 ὀπισθοπόρῳ
1661 773 1720 800 ποδὶ
1735 773 1851 808 βαίνων,

1101 818 1207 850 Χάζετο
1221 818 1379 853 τηλεπόρων
1395 819 1573 853 μετανάπιος
1589 818 1671 853 ἐσμὸς
1686 819 1803 854 ἑταίρων
1814 827 1822 834 ·

263 864 353 886 autem
372 864 401 886 ut
425 863 516 890 antea,
533 859 692 886 mutabilem
708 865 811 885 morem
833 857 953 888 varians,
967 856 1050 883 Chri-

1108 849 1201 890 Dt'nté'ct
1222 849 1296 893 8’6);
1317 849 1473 898 τοπάροιθε,
1496 849 1667 900 μετάτροπον
1685 849 1752 899 ἦθος
1762 864 1900 899 ἀμείιιιας,

263 909 336 931 stum
355 903 522 938 sequebatur
539 904 648 931 iterum.
668 903 703 929 6'1
721 901 872 935 [aspiciens
891 903 982 926 autem
999 898 1054 934 75

265 948 395 976 Dominus
421 949 591 976 inslabilinm
622 948 702 974 aliter
728 946 891 974 sentientem
922 944 1052 979 populum

263 994 405 1020 sociorum
429 993 537 1020 Rursus
564 996 739 1019 revocantem
764 991 897 1018 advenam
922 990 1052 1024 populum

264 1043 413 1071 errantem,
431 1037 503 1065 Dixit
520 1038 608 1072 magis
623 1037 749 1064 ﬁdelibus
768 1035 912 1063 duodecim
926 1033 1053 1061 omnibus

264 1084 427 1119 discipulis:
453 1083 525 1111 Num
548 1091 611 1111 cum
633 1083 772 1110 extraneis
796 1081 835 1108 ire
865 1080 1002 1108 festinatis
1024 1081 1052 1106 et

265 1130 318 1165 ipsi
336 1129 482 1165 Legitimi?
495 1137 560 1156 num
577 1129 681 1164 spuriis
700 1128 804 1156 similes
821 1130 886 1154 sunt
900 1124 1048 1160 discipuli?

264 1176 300 1203 68
316 1175 348 1201 Et
362 1176 387 1202 ei
404 1175 500 1202 Petrus
516 1175 595 1206 dixit.
610 1178 725 1202 vocatus
745 1173 855 1201 nomine
875 1171 970 1198 Simon
984 1180 991 1198 :
1013 1170 1053 1198 Ad

264 1228 346 1255 quem
365 1221 448 1248 alium
465 1221 680 1256 prmstantiorem
700 1218 864 1246 veniemus?
882 1218 967 1245 habes
981 1217 1054 1244 enim

266 1265 334 1294 Viue
346 1271 453 1295 aeterna:
465 1266 609 1294 mellilluos
620 1265 710 1293 ﬂuxus
719 1265 862 1292 verborum
875 1272 882 1290 :
897 1263 932 1290 69
940 1263 973 1289 Et
983 1263 1055 1297 prio.

266 1311 343 1338 ribus
355 1311 475 1339 scientes
487 1318 542 1338 non
556 1310 701 1338 silentibus
713 1317 746 1336 ex
762 1309 840 1337 libris
853 1308 912 1335 Non
931 1311 1055 1335 errantes

265 1356 406 1384 credimus
424 1363 478 1383 una
495 1360 522 1384 et
539 1356 729 1383 consentiente
743 1355 893 1387 voluntate,
908 1353 987 1385 Quod
1008 1353 1055 1381 Dei

265 1406 295 1428 tu
313 1402 389 1429 solus
409 1405 523 1429 sanctus
542 1409 583 1429 cs.
602 1401 636 1426 70
655 1399 837 1434 Suaviloquus
856 1407 922 1426 vero
942 1399 1057 1434 Expres-

265 1454 327 1474 sum
341 1447 410 1474 dixit
422 1454 576 1474 sermonem
589 1445 646 1473 Rex
660 1445 772 1473 credulo
784 1444 866 1471 Petro
878 1453 885 1472 ι
898 1443 953 1472 Vos
966 1451 1056 1473 nonne

266 1495 385 1519 mentem
407 1499 515 1519 omnem
533 1499 583 1526 ego
605 1498 695 1518 sctens
708 1491 828 1518 virorum
849 1489 889 1516 Ex
908 1489 1000 1516 multis
1016 1495 1056 1516 se-

266 1544 338 1579 legi?
352 1549 380 1571 et
401 1551 473 1571 unus
489 1547 687 1570 annumeratus
703 1542 781 1570 vobis
802 1540 928 1573 Hostilis,
943 1540 1056 1567 mutabi-

267 1597 313 1629 lis,
327 1597 496 1624 domesticus
510 1601 552 1624 est
563 1596 718 1631 discipulis,
735 1595 865 1623 Diabolus
880 1601 968 1622 novus
984 1593 1055 1628 apud

267 1651 395 1682 posteros
407 1647 454 1682 qui
467 1646 592 1674 dicetur?
602 1646 632 1673 7t
646 1647 729 1678 Dixit,
742 1645 902 1681 signiﬁcans
914 1644 1057 1672 convicto-

264 1694 330 1727 rem
349 1694 521 1731 lscariotam',
543 1698 635 1726 Miseri
657 1698 777 1725 Simonis
800 1697 947 1725 subdolum
972 1695 1055 1722 tilium

251 1750 376 1784 ,Judam.
392 1750 442 1778 llic
458 1751 531 1778 enim
551 1750 641 1786 ipsum
655 1749 808 1777 traditurus
822 1754 880 1776 erat
895 1747 971 1775 vitali
989 1747 1055 1779 fato,

266 1803 342 1830 Auro
354 1803 509 1836 insaniens,
524 1802 703 1830 fraudulenta:
717 1801 836 1829 delatum
851 1801 879 1828 in
896 1805 953 1828 rete
964 1806 1057 1836 captu-

266 1861 315 1887 ra,
331 1854 406 1882 Unus
417 1855 557 1882 assistens
572 1853 710 1882 sociorum
723 1852 878 1881 duodecim.

581 1939 658 1967 CAP.
680 1939 736 1967 Vll.

302 2019 315 2045 1
338 2019 371 2046 Ει
391 2024 457 2046 tunc
473 2018 601 2046 habitans
625 2016 757 2044 Dominus
778 2016 816 2043 ibi
841 2015 953 2047 mansit,
972 2016 1057 2043 malo-

265 2073 327 2092 rum
350 2064 533 2092 tolerantibus
546 2062 661 2098 pedibus
678 2061 790 2089 Terram
813 2061 847 2088 ad
865 2067 941 2088 mare
958 2060 1057 2088 funda-

266 2116 320 2138 tam
346 2111 497 2145 pervadens
519 2109 646 2136 Galilazte.
663 2107 722 2135 Nan
753 2107 826 2135 enim
846 2106 1003 2134 Iudaeorum
1028 2106 1056 2133 in

266 2156 325 2183 solo
339 2155 449 2182 volebat
471 2158 569 2182 sancto
593 2153 746 2183 ambulare.
768 2152 839 2186 Quia
856 2152 945 2188 ipsum
964 2152 1056 2180 fallaci

1102 909 1212 944 Χριστῷ
1229 909 1410 944 ἐφωμάρτησε
1423 909 1453 936 τὸ
1468 909 1601 945 δεύτερον.
1620 909 1653 937 67
1669 910 1806 945 Είσοράυν
1821 910 1853 936 δὲ

1103 953 1156 988 75
1175 953 1308 989 Κοίρανος
1325 953 1464 982 ἁσταθέων
1475 954 1639 991 ἑτερόφρονα
1653 954 1716 981 λαὸν
1733 954 1854 990 ἑταίρων

1104 998 1158 1034 aq.
1170 999 1386 1034 άνασειράζοντα
1402 999 1537 1035 μετήλυδα
1551 999 1614 1026 λαὸν
1626 999 1739 1035 ἀλήτην,

1105 1042 1221 1076 Ἐννεπε
1236 1043 1418 1078 πιστοτέροισι
1436 1043 1556 1070 δυώδεκα
1570 1044 1637 1070 πᾶσι
1646 1044 1800 1078 μαθηταῖς,

1102 1085 1142 1114 Ἦ
1157 1089 1191 1123 ῥα
1206 1089 1255 1116 σὺν
1269 1089 1441 1116 ἀλλοδαποῖσι
1462 1088 1553 1124 μολεῖν
1569 1088 1718 1124 σπέρχεσθε
1730 1090 1779 1115 καὶ
1789 1089 1872 1116 αὐτοὶ

1103 1134 1231 1169 Γνήσιοι;
1248 1132 1265 1169 ἦ
1278 1135 1313 1169 ῥα
1327 1134 1442 1161 νόθοισιν
1456 1135 1554 1169 ὁμοίῖοί
1568 1135 1620 1161 εισι
1633 1134 1750 1170 μαθηταί
1763 1143 1772 1167 ;

1103 1179 1138 1207 68
1153 1180 1207 1207 Kal
1219 1181 1243 1207 οἱ
1256 1180 1359 1216 Πέτρος
1374 1180 1458 1213 ἔλεξε,
1476 1180 1610 1215 βοώμενος
1620 1179 1723 1216 οὕνομα
1740 1181 1850 1215 Σίμων’

1104 1225 1177 1260 Πρὸς
1191 1225 1250 1253 τίνα
1268 1226 1398 1261 φέρτερον
1419 1225 1497 1253 ἄλλον
1515 1225 1661 1260 ίκάνομενς
1677 1226 1828 1261 άμφιέπεις
1843 1226 1902 1262 γὰρ

1105 1271 1182 1306 Ζωῆς
1197 1271 1304 1298 ἁενάοιο
1320 1271 1469 1307 μελίῤῥυτα
1485 1271 1608 1307 χεύματα
1625 1271 1716 1306 μύθων

1105 1315 1139 1342 69
1152 1315 1206 1342 Kal.
1223 1316 1363 1352 προτέρων
1374 1316 1505 1347 δεδαὼτες
1521 1317 1659 1352 ἀσιγήτων
1670 1317 1725 1343 ἀπὸ
1738 1317 1840 1352 βίϐλων

1111 1361 1256 1393 Ἀπλανέες
1271 1361 1424 1397 πιθόμεσθα
1440 1363 1488 1397 μιῇ
1503 1363 1551 1389 καὶ
1567 1362 1697 1398 όμόφρονι
1712 1363 1806 1399 βουλῇ,

1105 1406 1182 1432 Ὀττι
1195 1406 1263 1433 Θεοῦ
1280 1407 1314 1433 σὺ
1327 1407 1406 1442 μόνος
1420 1407 1497 1441 ἅγιος
1509 1409 1599 1441 πέλες.
1613 1409 1648 1435 70
1662 1409 1798 1443 Ἥδυεπὴς
1811 1409 1842 1436 δὲ

1111 1451 1268 1478 Ἀντιτυπον
1283 1451 1351 1486 φάτο
1366 1451 1449 1487 μῦθον
1459 1453 1543 1484 ’Δναξ
1555 1453 1634 1488 πειθή
1640 1462 1699 1488 μονι
1710 1454 1807 1489 Πέτρῳ
1816 1462 1824 1468 ·

1068 1512 1089 1540 c
1113 1496 1214 1532 Ὑμέας
1228 1497 1258 1523 οὐ
1274 1497 1360 1532 φρένα
1373 1498 1463 1524 πᾶσαν
1477 1497 1532 1532 ἐγὼ
1544 1498 1706 1534 δεδαημένος
1718 1499 1823 1534 ἀνδρῶν

1113 1541 1160 1567 Ἐκ
1172 1541 1275 1568 πολέων
1290 1541 1401 1576 ἐκρινα;
1416 1542 1463 1569 καὶ
1476 1541 1517 1574 εἷς
1531 1543 1685 1579 ἐναρίθμιος
1700 1544 1765 1579 ὑμϊν

1106 1587 1194 1622 Δήῖος,
1209 1587 1434 1622 άλλοπρόσαλλος,
1447 1588 1571 1623 όμέστιός
1581 1589 1639 1614 ἐστι
1658 1589 1803 1624 μαθηταῖς,

1111 1631 1239 1663 Διάϐολος
1248 1632 1307 1663 νέος
1321 1631 1400 1663 ἄλλος
1418 1632 1447 1658 ὲν
1459 1632 1622 1666 ὀψιγόνοισιν
1638 1633 1761 1666 ἁκούων;

1108 1675 1139 1703 71
1156 1677 1281 1708 Ἔννεπε,
1299 1677 1441 1713 σημαίνων
1455 1678 1616 1713 όμοδόρπιον
1636 1678 1827 1714 Ἰσκαριώτην,

1106 1722 1250 1749 Δινοτόκου
1263 1722 1386 1757 Σίμωνος
1401 1723 1547 1750 ἐπίκλοπον
1562 1723 1619 1751 υἱὸν
1636 1724 1744 1751 Ἰούδαν.

1106 1767 1194 1798 Αὐτὸς
1207 1768 1262 1802 γάρ
1276 1776 1322 1803 μιν
1338 1767 1434 1803 ἔμελλε
1448 1770 1541 1804 πορεῖν
1558 1769 1677 1805 ξωαρκέῖ
1691 1770 1797 1806 πότμῳ,

1106 1811 1286 1847 Χρυσομανὴς
1299 1811 1388 1847 δολίης
1403 1813 1591 1848 πεφορημένον
1607 1815 1635 1846 ἐς
1652 1814 1722 1842 λίνον
1739 1815 1837 1852 ἄγρης,

1107 1854 1156 1888 Εἷς
1172 1855 1280 1891 γεγαὼς
1295 1857 1399 1891 ἑτάρων
1445 1858 1613 1886 δυοκαίδεκα.

1433 1943 1510 1970 ΚΕΦ.
1533 1943 1570 1972 Z'.

1599 2022 1611 2047 ί
1631 2023 1686 2049 Καὶ
1704 2022 1764 2049 τότε
1779 2024 1861 2051 ναίων

1107 2061 1240 2097 Κοίρανος
1254 2062 1346 2090 αὐτόθι
1364 2064 1473 2099 μίμνεν,
1487 2064 1672 2097 ὰνεξικάκοισι
1687 2068 1806 2100 πεδίλοις

1107 2107 1192 2134 Γαῖαν
1209 2107 1375 2144 ἁλικρήπιδα
1392 2109 1550 2148 διαστείχων
1565 2110 1719 2147 Γαλιλαίης.

1108 2154 1144 2180 Οὑ
1159 2154 1212 2189 γὰρ
1234 2153 1366 2180 Ἰουδαίων
1379 2154 1460 2181 πέδον
1471 2154 1564 2191 ἢθελεν
1574 2156 1656 2190 άγνὺν
1669 2156 1783 2191 ὁδεύειν,

868 2205 1008 2256 TEXTDS
1025 2227 1289 2267 EVANGEDISTE.

301 2301 336 2328 65
348 2301 385 2327 Τδ
395 2300 504 2336 πνεῦμά
519 2300 577 2326 ἐστι
589 2299 619 2342 τό
631 2299 819 2342 ζωοποιοιῖν,γή
828 2298 904 2342 σὰρξ
920 2299 1059 2342 ούκιῲφεο
1075 2302 1097 2330 D
1133 2299 1179 2342 763
1200 2300 1348 2342 Ἀπεκρίθη
1357 2298 1404 2327 οὖν
1416 2301 1489 2337 αὐτῷ
1499 2302 1590 2337 Σίμων
1598 2303 1710 2338 Πέτρος·
1722 2303 1819 2340 Κύριε,
1830 2306 1892 2342 πρὸς

265 2341 308 2368 λεί
321 2342 406 2368 οὐδέν.
420 2342 460 2367 Τὰ
476 2342 587 2377 ῥήματα
597 2340 615 2367 ἃ.
626 2341 682 2374 ἐγὼ
700 2340 773 2367 λαλῶ
787 2341 863 2374 ὑμῖν,
877 2339 986 2375 πνεῦμά
999 2341 1059 2367 ἐστι

267 2384 315 2410 καὶ
330 2384 385 2418 ζωή
401 2384 484 2410 ἐστιν.

302 2425 337 2451 64
355 2425 498 2452 ’Δλλέῐσὶν
511 2424 541 2457 ἐξ
553 2424 629 2460 ὑμῶν
641 2432 712 2455 τινες
720 2423 745 2450 οἳ
752 2423 783 2450 οὐ
792 2423 1058 2460 πιστεύουσιν.ᾚδει
1076 2444 1078 2446 -

266 2464 322 2500 γὰρ
336 2465 366 2497 ἐξ
378 2467 465 2501 ἀρχῆς
483 2468 497 2493 ὁ
514 2465 617 2500 Ἰησοῦς
629 2465 700 2496 τίνες
723 2466 792 2491 εἰσὶν
813 2465 838 2491 οἱ
861 2465 898 2500 μὴ
919 2464 1060 2492 πιστεύον·

266 2515 321 2539 τες,
338 2507 385 2533 καὶ
398 2507 440 2538 τίς
451 2509 524 2533 ἐστιν
537 2507 551 2532 ὁ
563 2506 731 2543 παραδώσων
746 2506 837 2533 αὐτόν.

269 2574 271 2576 .
303 2547 336 2574 63
359 2548 413 2575 Kal.
436 2548 529 2582 Ελεγε”
552 2549 600 2575 Διὰ
626 2548 705 2574 τοῦτο
724 2547 823 2583 εἴρηκα
839 2547 903 2582 ὑμῖν
917 2547 957 2573 ὅτι
975 2547 1062 2579 οὐδεὶς

267 2588 378 2615 δύναται
393 2589 478 2614 ἐλθεῖν
497 2589 565 2625 πρός
582 2598 614 2624 με
631 2589 676 2616 ἐὰν
694 2587 761 2625 μ.ὴῇ
779 2588 920 2623 δεδομένον
938 2588 1012 2623 αὐτῷ
1028 2588 1061 2615 ἐκ

267 2629 314 2656 τοῦ
329 2629 434 2664 Πατρός
453 2638 513 2664 μου.

303 2670 338 2696 66
358 2670 406 2695 Ἐκ
418 2669 512 2696 τούτου
527 2671 617 2698 πολλοὶ
631 2670 750 2706 ἀπῆλθον
768 2671 822 2698 τῶν
837 2670 965 2705 μαθητῶν
978 2669 1060 2697 αὑτοῦ

268 2712 309 2743 εἰς
323 2711 357 2736 τὰ
371 2710 467 2742 ὀπίσω,
479 2712 526 2738 καὶ
537 2712 628 2738 οὐκέτι
649 2713 706 2746 μετ’
720 2712 802 2739 αὑτοῦ
817 2712 1010 2747 περιεπάτουν.

303 2751 337 2780 67
357 2750 439 2778 Εἶπεν
451 2751 497 2779 οὖν
512 2754 525 2780 ό
543 2752 646 2789 Ἰησοῦς
657 2755 712 2785 τοῖς
727 2752 842 2780 δώδεκα’
857 2753 903 2788 Μὴ
918 2752 964 2780 καὶ
977 2752 1056 2788 ὑμεῖς

269 2791 359 2821 θέλετε
376 2794 490 2829 ὑπάγειν
501 2803 508 2828 ;

1112 2341 1172 2368 τίνα
1183 2341 1403 2376 άπελευσόμεθα;
1419 2343 1528 2378 ῥήματα
1543 2344 1616 2379 ζωῆς
1631 2344 1741 2371 αἰωνίου
1751 2345 1836 2380 ἔχεις·

1146 2383 1181 2423 66
1201 2382 1256 2409 Kal.
1271 2384 1353 2418 ἡμεῖς
1369 2385 1592 2420 πεπιστεύκαμεν
1606 2385 1653 2412 καὶ
1675 2386 1836 2423 ἐγνώκαμεν
1854 2389 1892 2415 ὅτι

1113 2424 1145 2450 σὺ
1160 2421 1186 2450 εἴ
1196 2425 1210 2450 ό
1220 2425 1336 2460 Χριστὸς
1346 2426 1360 2451 ὸ
1374 2426 1437 2457 Υἱὸς
1451 2426 1497 2453 τοῦ
1508 2426 1575 2453 Θεοῦ
1585 2428 1632 2454 τοῦ
1646 2428 1756 2459 ζῶντος.

1147 2466 1182 2492 70
1204 2466 1351 2502 ’Δπεκρίθη
1365 2467 1456 2499 αὐτοῖς
1465 2469 1479 2494 ὁ
1495 2467 1608 2503 Ἰησοῦς·
1621 2469 1678 2495 Οὐκ
1688 2470 1743 2503 ἐγὼ
1754 2471 1827 2504 ὑμᾶς
1834 2472 1892 2503 τοὺς

1111 2505 1215 2534 δώδεκα
1229 2507 1406 2543 ἐξελεξάμην,
1421 2509 1468 2535 καὶ
1482 2508 1511 2541 ἐξ
1521 2509 1599 2544 ὑμῶν
1615 2508 1655 2541 εἷς
1675 2510 1798 2542 διάϐολός
1809 2513 1889 2545 ὲστιν;

1113 2548 1178 2588 '_7l
1197 2548 1297 2583 Ἔλεγε
1312 2549 1341 2575 δὲ
1362 2550 1408 2576 τὸν
1435 2550 1536 2578 Ἰούδαν
1559 2550 1681 2585 Σίμωνος
1710 2552 1887 2588 Ἰσκαριώτην·

1110 2586 1187 2621 οὗτος
1198 2589 1252 2626 γὰρ
1266 2591 1383 2626 ῆμελλεν
1396 2591 1478 2618 αὑτὸν
1492 2591 1678 2627 παραδιδόναι,
1690 2589 1731 2624 εἷς
1742 2586 1829 2621 ὤν’ὲκ
1843 2586 1890 2621 τιῖιν

1110 2630 1215 2658 δώδεκα
1221 2649 1227 2657 .

1436 2675 1516 2701 ΚΕΦ.
1536 2675 1572 2703 Z'.

1149 2713 1160 2739 1
1176 2713 1237 2755 Kal.
1252 2715 1413 2750 περιεπάτει
1427 2717 1441 2742 ό
1456 2716 1559 2752 Ἰησοῦς
1577 2717 1646 2752 μετὰ
1658 2717 1744 2744 ταῦτα
1760 2719 1790 2746 ὲν
1801 2721 1832 2755 τῇ
1844 2719 1890 2746 Γα-

1110 2753 1209 2795 λιλαίᾳ·
1226 2755 1255 2780 οὐ
1270 2755 1324 2791 γὰρ
1339 2756 1434 2791 ἤθελεν
1447 2758 1477 2783 ὲν
1492 2759 1524 2793 τῇ
1545 2758 1658 2794 Ἰουδαίᾳ
1674 2753 1842 2795 περιπατεῖν,
1853 2761 1890 2789 ὅτι

1109 2794 1223 2831 ἐζήτουν
1235 2795 1319 2823 αὐτὸν
1329 2798 1355 2823 οἱ
1376 2798 1498 2826 Ἰουδαῖοι
1512 2800 1683 2828 ἀποκτεῖναι.
