1953 3040
67 160 122 188 805

63 216 143 243 Ὅττι
156 223 203 249 μιν
215 214 354 251 ¹Ιιτιτεροπῆῖ
369 214 437 250 δόλῳ
455 214 596 250 μενέαινον
609 217 718 242 ὀλέσσαι

61 258 130 292 Υτες
148 260 291 294 Ἰουδαίων,
302 261 368 296 ὁσίῳ
382 261 522 296 χαίροντες
533 261 593 288 ὀλέθ
599 270 647 297 ρῳ.

61 305 83 332 9.
95 303 151 332 Ἦν
163 306 191 332 δὲ
205 306 265 341 Θεῷ
280 306 419 341 πάνδημος
434 307 540 341 ὲτήσιος
558 308 640 342 ὲγγὺς
651 307 742 344 ἑορτὴ.

65 351 258 386 Πηγνυμέναις
269 351 404 388 κλισίῃσιν
416 351 569 384 ἐπώνυμος.
584 353 602 379 5
625 353 779 388 Ἀγχίμολοι
795 353 824 380 δὲ

65 395 168 422 Γνωτοὶ
183 396 325 431 ψευδαλέοι
341 396 508 432 τετράζυγες
519 394 576 430 υἷες
593 398 703 434 Ἰωσὴφ,

65 441 185 477 Χριστὸν
197 442 419 478 ὲπισπέρχοντες,
434 442 501 477 ὁμόθ
507 451 566 477 ροον
578 444 652 478 ἴαχον
667 443 751 478 αὐδήν
766 452 772 458 ·

73 486 214 514 Ἐντεῦθεν
228 487 370 522 μετάϐηθι,
384 487 442 520 καὶ,
452 487 554 513 ὁππότε
568 487 662 523 κῶμος
679 488 784 523 ἑορτῆς,

66 531 190 559 Eminet:
210 532 339 566 Ἰουδαίης
351 532 523 567 ὁμοτέρμονα
533 533 615 565 γαῖαν
627 532 737 564 ὁδεύειν,

69 578 163 612 ὀφρα
178 577 414 612 μεταστρέψαντες
428 577 542 604 ἀπειθέα
552 577 615 604 λαὸν
628 578 740 613 ἀλήτην,

75 622 204 657 ’Δρχαίην
221 622 267 648 σέο
281 621 372 648 πίστιν
383 622 578 658 ἀνακτήσοιντο
592 623 723 657 μαθηταὶ,

69 668 96 702 7
104 668 133 703 δ
145 667 308 703 Δερκὸμενοι
325 667 402 694 σέθεν
412 667 480 703 ἔργα
495 668 569 703 σοφῷ
580 668 760 704 τετελεσμένα
773 668 861 704 μύθῳ.

69 712 87 738 4
100 712 139 739 οὐ
156 711 210 747 γάρ
222 720 264 743 τις
280 711 408 747 μερόπων
423 712 588 739 ὑποκόλπιον
601 713 681 748 ἔργον
694 713 812 751 ὑφαίνει,

72 757 176 791 Ἔργον
190 755 301 790 ἀθηήτῳ
312 756 522 791 κεκαλυμμένον
536 757 617 792 ἀχλύῑ
631 758 721 793 σιγῆς,

77 802 232 837 ’Λμφαδίην
246 802 268 828 δ’
280 801 368 828 ἐθέλει
386 802 489 838 θρασὺς
506 803 634 839 ἔμμεναι.
653 805 683 830 Εἰ
698 804 761 831 τάδε
775 804 863 839 ῥέξεις

69 848 186 874 Ποικίλα
202 848 339 882 θαύματα,
355 847 442 881 δεῖξον
455 848 582 884 ὁρώμενα
595 849 724 885 θαύματα
738 850 844 886 κόσμῳ.

71 893 89 918 5
104 893 171 919 Τοῖα
186 893 274 929 μάτην
291 894 434 929 ἀγόρευον,
448 894 577 926 ἀπειθέες
588 892 687 930 οἷάπερ
701 895 787 922 ἄλλον

71 938 192 973 Χριστοῦ
206 939 560 974 παμμεδέοντος“ἀδελφειοί
573 948 627 974 περ
640 940 742 972 ἐόντες,

71 983 184 1015 [lto-sto;
197 983 318 1014 ἀπλανὲς
332 981 399 1018 ἦθος
410 984 608 1020 ἀπηρνήσαντο
623 985 670 1011 καὶ
687 985 774 1012 αὐτοί,

71 1029 89 1057 6
103 1028 157 1056 Καί
173 1037 236 1063 σφιν
251 1029 335 1062 Ἀναε
345 1029 476 1065 ἀγόρευεν
492 1030 629 1065 ἀμοιϐαίῳ
639 1031 692 1058 τινὶ
708 1030 794 1065 μύθφο

72 1074 158 1102 Οὔπω
169 1075 277 1110 καίριος
291 1073 374 1111 ἦλθεν
385 1076 451 1111 ἐμὸς
464 1075 569 1112 χρόνος·
586 1075 718 1111 ὑμέτερος
731 1076 761 1102 δὲ

73 1120 213 1147 Πέπταται
229 1120 289 1147 αἰὲν
299 1121 418 1156 ἑτοῖμος,
435 1121 587 1156 ἐλεύθερος.
599 1121 614 1146 7
629 1121 666 1147 Οὐ
682 1120 793 1147 δύναται
810 1119 865 1157 γὰρ

72 1165 235 1200 Ζηλομανής
248 1173 315 1192 ποτε
332 1165 435 1200 κόσμος
450 1166 564 1201 ὲθήμονι
579 1165 694 1192 λαίλαπι
708 1165 813 1201 λύσσης

79 1210 184 1245 ’Υμέας
201 1211 350 1246 ἐχθαίρειν·
362 1212 412 1246 ἐμὲ
429 1212 458 1238 δὲ
471 1211 580 1245 στυγέει
593 1210 639 1237 καὶ
652 1210 760 1237 ἐλαύνει

72 1257 221 1293 Θαρσήεις·
241 1257 283 1283 ὅτι
301 1255 400 1292 μοῦνος
413 1256 518 1290 ἀφειδέῖ
533 1257 651 1291 μάρτυρι
668 1257 744 1291 φωνῇ

80 1302 193 1334 Ἠθάδος
207 1301 367 1337 ἀμπλακίης
381 1301 521 1337 ἐγκύμονα
539 1303 642 1336 κόσμον
656 1301 771 1336 ἐλέγχω,

75 1348 167 1382 Ἔργα
180 1347 268 1382 τάπερ
281 1347 369 1374 τελέει
385 1346 469 1382 βοόων
480 1346 608 1382 ἀλλότρια
621 1345 724 1381 θεσμῷ.

74 1393 92 1420 8
109 1393 205 1427 Ὑμεῖς
219 1392 374 1419 εὐκελάδοιο
392 1391 534 1427 μετέλθετε
549 1392 641 1427 κῶμον
654 1391 760 1426 ἑορτῆς·

75 1436 160 1464 οὓπω
174 1435 230 1470 ἐγὼ
242 1436 350 1467 κλισίας
365 1435 518 1470 νεοπηγέας
532 1435 595 1470 ἄρτι
611 1434 759 1470 γεραίρων,

74 1483 124 1514 Et;
134 1482 244 1517 τελετὴν
256 1482 334 1518 ὁσίην
348 1482 524 1516 ὲπιὸήσομαι”
540 1480 676 1515 ἡμετέρου
690 1479 745 1515 γὰρ

76 1527 161 1554 Οὔπω
170 1535 214 1562 μοι
224 1527 364 1554 τετέλεστο
373 1527 470 1562 χρόνου
484 1525 594 1560 δρόμος.
604 1525 620 1551 9
631 1525 678 1556 Ὦς
688 1525 702 1550 ὁ
712 1524 761 1559 μὲν
770 1523 866 1557 εἰπὼν,

79 1573 207 1608 Ἔστιχεν
221 1572 302 1607 ἁγνὸν
317 1572 424 1598 ἔδεθλον
438 1572 486 1598 ἀκε
492 1571 632 1607 ρσεκὸμων
645 1570 802 1597 Γαλιλαίων.

75 1619 112 1646 10
124 1619 224 1645 Γνωτοὶ
233 1618 256 1645 δ’
269 1619 306 1650 ὡς
318 1618 458 1645 ἀνέὸαινον
474 1618 503 1649 ἐς
518 1617 602 1652 ἱερθιν,
615 1616 664 1650 ὀψὲ
680 1617 728 1642 καὶ
743 1616 827 1647 αὐτὸς

78 1664 191 1691 ’Σνθεον
207 1663 279 1699 τχνος
296 1664 417 1699 ἔκαμψεν
436 1664 466 1694 ἐς
481 1662 675 1698 ἀρτιχόρευτον
688 1662 795 1697 ἑορτήν.

78 1710 109 1737 11
126 1710 181 1736 Καί
198 1718 243 1745 μιν
264 1710 384 1736 Ἰουδαῖοι
397 1708 474 1744 φιλίῃ
490 1709 624 1744 μάστευον
635 1707 753 1743 ἀνάγκῃ⁴

76 1757 120 1792 Πῆ
137 1765 182 1791 μοι
193 1755 262 1791 ἔϐης
278 1757 324 1782 ποτ
337 1756 443 1788 κεῖνοςς
458 1755 492 1782 12
511 1753 706 1789 ’Υποτρύζοντι
721 1754 750 1780 δὲ
759 1753 817 1789 λαῷ

76 1801 181 1837 Μυρίος
195 1801 274 1836 ἔρρεε
290 1801 374 1837 μῦθος
387 1801 524 1836 ἀσιγήτων
538 1800 591 1827 ἀπὸ
602 1799 719 1835 λαιμῶν,
855 1832 857 1834 _

77 1848 134 1874 Καὶ
152 1847 247 1878 πολέες
263 1847 417 1882 φθέγξαντο
433 1846 543 1873 θεουδέα
557 1846 684 1882 μάρτυρα
703 1844 805 1880 φωνὴν,

77 1893 158 1919 Ὀττι
175 1892 255 1927 σοφὸς
267 1892 381 1925 τελέθει,
393 1892 440 1919 καὶ
457 1892 594 1928 ὑπέρτερα
609 1891 737 1927 θαύματα
746 1891 848 1926 τεύχει.

79 1937 171 1964 ’Ἄλλοι
187 1937 209 1964 δ’
223 1937 404 1973 ἀντερίδαινον
419 1937 602 1972 ὁμογλώσσων
618 1937 672 1964 ἀπὺ
689 1936 807 1972 λαιμῶν·

77 1983 115 2010 05
133 1983 225 2016 σοφὸς,
242 1983 273 2009 οὐ
289 1983 370 2017 σοφὸς
380 1980 457 2014 οὗτος
472 1983 616 2018 ἐτήτυμον·
633 1982 785 2017 ἀγρομένου
803 1981 832 2008 δὲ

78 2027 162 2060 Λαοῦ,
178 2027 340 2062 κλεψινόοισι
359 2027 533 2064 παραπλάξει
546 2027 633 2064 φρένα
645 2027 749 2062 μύθοις.

77 2073 145 2099 Τοῖα
164 2073 213 2108 μὲν
227 2073 381 2108 ἀλλήλοισιν
394 2073 512 2109 ὁμίλεον.
528 2072 563 2100 15
582 2073 666 2108 Ἀμφὶ
679 2072 701 2098 δ’
717 2072 761 2107 ἄρ’
779 2070 862 2099 αὐτοῦ

77 2117 116 2144 οὐ
129 2117 191 2144 τότε
203 2118 343 2153 τολμήσας
359 2127 403 2150 τις
419 2117 574 2153 ἀδειμάντῳ
589 2117 643 2144 τινὶ
658 2118 734 2153 φωνῇ

85 2163 237 2199 ’Δμφαδίην
247 2163 367 2199 ὁάριζεν,
383 2163 438 2199 78
451 2163 580 2200 ἐλεύθερα
595 2163 688 2198 χείλεα
699 2163 794 2196 λύσας,

523 158 765 187 PARAPHRASIS
785 157 820 186 IN
837 157 1051 189 J0.\N;\'EM.—
1070 160 1146 190 CAP.
1166 159 1222 189 Vll.

908 263 1004 291 dentes
1023 264 1152 299 pernicie.
1168 264 1186 291 ‘2
1202 263 1266 290 Erat
1287 267 1377 290 autem
1396 262 1449 289 Deo
1464 262 1601 296 publicum
1618 261 1698 288 anni—

909 309 1059 336 versarium
1081 318 1166 344 prope
1183 309 1293 339 festum,
1320 309 1342 334 A
1362 307 1422 335 fixis
1448 307 1631 334 tabernaculis
1655 306 1697 334 ἀι·-

909 358 994 381 etum.
1020 355 1037 382 3
1050 354 1198 390 Propinqui
1222 358 1310 381 autem
1329 352 1438 380 Fratres
1453 352 1514 380 falsi
1539 352 1699 387 quadrupli.—

910 407 957 427 ees
978 400 1023 427 ﬁlii
1045 400 1156 436 Joseph.
1180 399 1318 427 Christum
1343 399 1508 429 incitantes,
1535 397 1698 425 concordem

911 450 1062 473 sonuerunt
1088 454 1182 474 vocem
1200 456 1206 472 :
1223 445 1293 472 ilinc
1314 444 1435 474 discede,
1447 448 1473 471 et
1496 442 1607 478 quando
1633 441 1700 468 cele-

912 492 1001 519 bratio
1018 492 1079 519 festi
1097 491 1172 529 (est,)
1186 490 1299 519 Festina
1317 489 1419 518 Juda’m
1433 489 1576 516 ﬁnitimam
1599 491 1699 514 terram

912 536 1057 568 accedere,
1090 535 1124 562 Ut
1157 539 1349 562 convertentes
1371 533 1542 560 incredulum
1570 531 1701 566 populum

912 586 1059 614 errantem,
1073 580 1195 608 Veterem
1211 581 1238 607 in
1255 585 1281 607 te
1293 580 1371 607 lide‘m
1388 580 1550 613 rccuperent
1561 575 1701 610 discipuli.

913 627 966 662 77
985 626 1112 654 Videntes
1143 631 1188 653 tua
1210 633 1292 660 opera
1316 624 1433 660 sapienti
1462 623 1581 658 perfecta
1605 621 1700 648 verbo.

912 672 929 698 ὁ
943 671 1002 698 Non
1023 671 1095 699 enim
1113 671 1212 706 aliquis
1230 671 1369 698 hominum
1384 669 1522 696 occultum
1538 674 1607 702 opus
1623 665 1703 698 texit.

912 716 986 752 Opus
1007 717 1136 745 invisibili
1151 717 1318 744 occultatum
1334 715 1450 750 caligine
1465 713 1578 745 silentii,
1601 712 1704 747 Aperte

912 769 978 789 vero
990 762 1047 789 vult
1070 762 1158 789 audax
1186 769 1266 795 esse;
1289 761 1312 787 si
1328 761 1385 787 ham
1411 759 1496 786 facies
1515 757 1596 785 Varia
1620 757 1703 784 mira-

913 807 985 839 cula,
1009 807 1124 834 ostende
1143 811 1287 841 perspecta
1308 805 1440 832 miracula
1464 803 1576 830 mundo.
1595 802 1612 829 5
1627 800 1703 828 Talia

915 851 1018 878 frustra
1043 850 1180 882 dicebant,
1204 849 1337 877 increduli
1365 849 1437 876 sicut
1462 852 1488 875 et
1512 848 1581 874 alii:
1600 845 1705 873 Christi

880 893 901 923 Β
915 896 1036 923 omnium
1050 896 1166 923 rectoris
1183 895 1282 922 fratres
1294 895 1358 922 licet
1378 894 1552 924 exsislentcs.
1566 892 1641 919 Fidei
1656 891 1703 918 llr-

915 948 988 967 mum
1000 947 1103 967 morem
1115 940 1286 975 abnegarunt
1298 943 1325 967 et
1340 939 1405 973 ipsi.
1422 938 1438 965 6
1448 938 1479 964 Et
1492 937 1558 972 ipsis
1568 936 1625 963 Rex
1635 936 1704 962 dixit
1721 970 1726 976 γ

914 985 1075 1020 responsivo
1103 985 1221 1019 quodam
1247 991 1374 1012 sermone
1389 992 1396 1010 :
1411 982 1535 1009 Nondum
1566 985 1705 1016 opportu-

913 1038 980 1058 num
1004 1030 1080 1058 venit
1104 1038 1194 1058 meum
1220 1034 1348 1064 tempus;
1368 1033 1488 1056 vestrum
1513 1031 1603 1054 autem
1625 1024 1705 1052 Volat

915 1083 1024 1110 semper
1044 1080 1212 1110 promptum,
1238 1074 1366 1102 liberum.
1392 1074 1408 1100 '1
1433 1073 1491 1100 Non
1517 1075 1607 1107 potest
1632 1071 1705 1098 enim

915 1119 1056 1148 Insaniens
1070 1128 1189 1155 unquam
1205 1119 1323 1148 mundus
1340 1122 1471 1146 consueta
1483 1117 1602 1152 procella
1615 1115 1704 1146 rabiel

917 1166 971 1193 Vos
986 1165 1093 1200 odisse;
1112 1173 1156 1193 me
1171 1169 1261 1193 autem
1279 1165 1335 1192 odit
1350 1168 1377 1192 et
1391 1163 1501 1199 expellit
1515 1163 1621 1194 Audax,
1642 1161 1707 1196 quia

916 1212 992 1239 solus
1011 1219 1065 1239 non
1081 1216 1211 1246 parcente
1225 1210 1388 1239 testiﬁcante
1400 1217 1467 1236 voce
1487 1208 1625 1236 Consueto
1641 1214 1706 1242 pec;

916 1261 978 1285 cato
993 1257 1124 1285 refertum
1143 1257 1275 1284 mundum
1297 1256 1442 1290 redarguo,
1456 1254 1545 1290 Opera
1565 1261 1625 1288 quae
1642 1251 1708 1279 facit

921 1303 1044 1330 clamans
1068 1303 1155 1330 aliena
1173 1310 1187 1329 a
1211 1303 1280 1338 lege.
1305 1302 1321 1329 8
1338 1301 1394 1329 Vos
1420 1301 1514 1328 sonori
1529 1299 1651 1327 accedite
1673 1297 1706 1324 ad

917 1347 1126 1374 celebrationem
1149 1346 1212 1374 festi
1229 1355 1235 1374 :
1250 1346 1376 1374 Nondum
1401 1353 1451 1380 ego
1473 1344 1590 1372 tentoria
1612 1350 1708 1370 recens

917 1391 970 1419 ﬁxa
981 1392 1038 1426 jam
1055 1392 1203 1422 honoraris.
1228 1391 1268 1418 Ad
1288 1391 1387 1418 festum
1408 1398 1517 1418 sacrum
1541 1388 1706 1421 ascendam;

917 1437 1005 1465 nostri
1021 1437 1093 1464 enim
1112 1437 1238 1464 Nondum
1263 1437 1329 1463 mihi
1344 1437 1496 1471 completus
1516 1439 1558 1463 est
1577 1434 1708 1469 temporis

918 1489 1025 1509 cursus.
1044 1482 1061 1509 9
1078 1481 1124 1509 Sic
1144 1482 1189 1509 ille
1211 1482 1306 1509 dicens
1326 1481 1449 1508 Pcrvasit
1471 1484 1594 1508 sanctum
1619 1479 1708 1507 solum

919 1528 1091 1554 intonsorum
1116 1527 1300 1554 Galilaeorum.
1328 1527 1361 1553 10
1384 1526 1494 1554 Fratres
1529 1531 1617 1553 autem
1645 1532 1709 1553 cum

919 1573 1110 1600 ascendissent
1131 1573 1165 1600 ad
1191 1573 1332 1607 templum,
1357 1580 1419 1600 sero
1444 1576 1472 1599 et
1502 1573 1561 1606 ipse
1582 1571 1708 1598 Divinum

917 1618 1064 1653 vestigium
1080 1617 1155 1645 ﬂexit
1166 1617 1201 1644 ad
1218 1625 1305 1652 nuper
1324 1617 1490 1645 celebratum
1506 1616 1615 1644 festum.
1633 1616 1662 1643 11
1677 1615 1710 1642 Et

919 1664 1009 1699 ipsum
1036 1662 1121 1690 Judaei
1146 1663 1230 1690 chara
1258 1662 1416 1697 quaerebant
1441 1662 1628 1689 necessitate:
1649 1660 1711 1694 Quo

919 1710 990 1737 ivit?
1002 1709 1047 1736 ubi
1072 1709 1139 1736 ille?
1153 1709 1187 1735 12
1207 1708 1362 1736 Mussitanti
1377 1715 1442 1735 vero
1459 1707 1560 1742 populo
1585 1707 1710 1734 lnfinitus

920 1754 1021 1782 ﬂuebat
1033 1761 1124 1782 sermo
1138 1761 1193 1780 non
1207 1753 1360 1781 tacentibus
1375 1761 1389 1780 a
1405 1753 1572 1788 gutturibus.
1588 1751 1621 1779 Et
1632 1753 1712 1780 multi

920 1805 1049 1832 dixerunt
1067 1805 1139 1839 piam
1164 1804 1353 1832 testiﬁcantem
1376 1811 1480 1836 vocem,
1495 1803 1574 1836 Quod
1599 1805 1710 1838 sapiens

920 1860 972 1888 est,
996 1860 1023 1883 et
1049 1855 1149 1882 eximia
1173 1855 1305 1883 miracula
1325 1855 1399 1883 facit.
1424 1855 1475 1882 Alii
1497 1859 1587 1882 autem
1613 1859 1710 1883 contra

920 1905 1122 1934 contendebant
1146 1905 1338 1932 consentiente
1365 1912 1399 1932 ex
1423 1908 1552 1940 gutture;
1583 1903 1641 1931 Non
1665 1912 1710 1933 sa—

920 1959 1010 1994 piens,
1030 1965 1084 1984 non
1100 1957 1211 1992 sapiens
1232 1957 1277 1984 hic
1299 1965 1384 1990 vere;
1404 1957 1511 1985 collecti
1534 1964 1600 1984 vero
1614 1957 1710 1992 Populi

918 2013 1039 2038 mentem
1061 2009 1220 2036 fallentibus
1245 2008 1346 2044 decipit
1369 2009 1490 2036 animum
1505 2008 1608 2038 verbis.
1633 2009 1710 2037 Talia

919 2061 1029 2097 quidem
1045 2061 1118 2088 inter
1130 2068 1161 2088 se
1174 2060 1364 2088 conterebant.
1382 2061 1417 2088 13
1431 2060 1469 2088 De
1488 2068 1522 2088 eo
1540 2065 1629 2088 autem
1649 2061 1710 2088 Non

920 2117 987 2140 tunc
1003 2112 1093 2139 audax
1110 2111 1210 2146 aliquis
1233 2111 1368 2146 intrepida
1386 2111 1504 2146 quadam
1523 2119 1590 2138 voce
1610 2111 1712 2146 Aperte

920 2164 1031 2190 locutus
1047 2167 1100 2196 est,
1122 2162 1206 2190 libera
1219 2162 1292 2190 labia
1304 2163 1424 2195 solvens,
1441 2163 1497 2198 79
1511 2162 1712 2191 Terroremlu-

683 2222 824 2252 TEXTUS
844 2222 1106 2251 EVANGELISTAE.

111 2270 131 2297 2
144 2267 199 2298 Ἦν
214 2270 244 2297 δὲ
267 2271 350 2305 ὲγγὺς
371 2271 389 2306 ὴ
406 2270 486 2306 ἑορτὴ
507 2269 562 2296 τῶν
583 2270 720 2298 Ἰουδαίων
735 2271 751 2298 ἡ
770 2279 869 2306 σκηνο⁹
886 2273 908 2300 ι)
957 2270 975 2297 8
993 2270 1089 2305 Ὑμεῖς
1096 2269 1216 2304 ἀνάϐητε
1226 2269 1267 2300 εἰς
1276 2268 1326 2303 τὴν
1334 2267 1431 2303 ἑορτὴν
1443 2267 1556 2302 ταύτην·
1569 2266 1624 2301 ἐγὼ
1634 2266 1712 2294 οὔπω

78 2311 178 2346 πηγία.

113 2354 132 2380 3
150 2350 236 2379 Εἶπον
248 2350 295 2380 οὖν
310 2353 379 2388 πρὸς
401 2351 481 2379 αὑτὸν
498 2353 523 2379 ol.
543 2352 653 2387 ἀδελφοὶ
669 2352 763 2380 αὑτοῦ·
779 2352 869 2380 Μετά-

78 2395 143 2426 6ηθι
162 2394 298 2426 ἐντεῦθεν,
317 2394 365 2422 καὶ
378 2394 469 2428 ὕπαγε
483 2395 524 2425 είς
534 2394 585 2430 τὴν
605 2394 746 2426 Ἰουδαίαν,
761 2395 805 2422 ῐνα
822 2395 869 2422 καὶ

80 2437 106 2464 οἱ
118 2435 239 2471 μαθηταί
251 2444 298 2461 σου
312 2435 471 2471 θεωρήσωσι
485 2435 519 2461 τὰ
530 2435 598 2471 ἔργα
609 2444 655 2462 σου
670 2435 688 2462 ἀ
700 2437 795 2467 ποιεῖς’

113 2477 131 2504 4
147 2477 242 2509 Οὐδεὶς
254 2477 310 2512 γὰρ
322 2478 350 2503 ὲν
364 2477 476 2512 κρυπτῴ
492 2486 520 2503 τι
536 2478 618 2508 ποιεῖ,
633 2476 681 2503 καὶ
697 2477 774 2512 ζητεῖ
786 2477 868 2510 αὐτὸς

80 2519 107 2545 ὲν
119 2517 262 2553 παρρησίᾳ
272 2515 351 2545 εἶναι·
363 2518 388 2544 εί
401 2517 486 2545 ταῦτα
501 2520 598 2550 ποιεῖς,
614 2518 769 2553 φανέρωσον
785 2527 867 2545 σεαυ-

82 2559 125 2586 τὸν
139 2559 179 2594 τῷ
191 2559 294 2594 κόσμῳ.

113 2601 133 2628 5
146 2601 217 2627 Οὐδὲ
229 2601 285 2636 γὰρ
297 2601 323 2627 οί
338 2600 448 2635 ἀδελφοὶ
462 2599 544 2627 αὐτοῦ
563 2600 706 2626 ἐπίστευον
721 2600 762 2631 είς
775 2600 867 2627 αὐτόν.

113 2643 132 2670 6
147 2642 230 2676 Λέγει
240 2641 285 2669 οὖν
299 2643 390 2674 αὐτοῖς
404 2643 419 2669 ὁ
439 2642 553 2677 Ἰησοῦς·
572 2642 600 2668 '0
611 2641 707 2676 καιρὸς
720 2642 734 2667 ό
747 2641 814 2676 ὲμὸς
826 2641 869 2667 οὗ-

82 2693 124 2712 m
135 2685 278 2719 πάρεστιν·
293 2685 345 2711 ὁδὶ
358 2684 454 2719 καιρὸς
470 2685 484 2710 ὁ
502 2683 635 2719 ὑμέτερος
657 2683 771 2711 πάντοτέ
793 2684 868 2711 ἐστιν

79 2729 199 2761 ἓτοιμος.

114 2768 130 2792 7
143 2767 180 2793 Οὐ
193 2766 304 2794 δύναται
315 2768 329 2794 ὁ
339 2767 441 2802 κόσμος
456 2767 545 2801 μισεῖν
564 2766 645 2801 ὑμᾶς·
667 2767 718 2802 ἐμὲ
735 2767 764 2794 δὲ
783 2767 867 2802 μισεῖ,

81 2812 120 2839 (et
132 2808 188 2842 ἐγὼ
201 2808 333 2844 μαρτυρῶ
348 2808 414 2842 περὶ
429 2807 523 2840 αὑτοῦ,
535 2808 576 2835 ὅτι
591 2808 626 2835 τὰ
644 2807 712 2843 ἔργα
723 2808 805 2835 αὑτοῦ
819 2817 866 2835 πο-

85 2850 154 2884 νηρά
166 2848 248 2876 ἐστιν.

920 2311 1058 2339 ἀναϐαίνω
1071 2312 1112 2342 είς
1122 2311 1172 2346 τὴν
1183 2310 1280 2345 ἑορτὴν
1296 2309 1409 2345 ταύτην,
1426 2309 1468 2335 ὅτι
1479 2310 1493 2336 ὁ
1507 2309 1603 2344 καιρὸς
1617 2310 1631 2336 ὁ
1644 2309 1711 2344 ἐμὸς

919 2352 997 2380 οὔπω
1013 2353 1103 2388 πεπλή
1108 2361 1204 2388 ρωται.

955 2408 972 2434 9
988 2407 1081 2434 Ταῦτα
1092 2407 1119 2433 δὲ
1134 2406 1219 2432 εἰπὼν
1233 2405 1336 2436 αὐτοῖς,
1354 2405 1459 2440 ἔμεινεν
1474 2404 1503 2430 ἐν
1515 2405 1549 2438 τῇ
1566 2403 1709 2438 Γαλιλαίᾳ.

956 2449 991 2475 10
1010 2449 1054 2479 Ὡς
1070 2447 1098 2474 δὲ
1119 2447 1254 2482 ἀνέϐησαν
1277 2447 1301 2472 ot
1325 2445 1434 2480 ἀδελφοὶ
1458 2445 1551 2477 αὐτοῦ,
1578 2445 1639 2471 τότε
1663 2445 1712 2471 καὶ

920 2491 1001 2521 αὐτὸς
1018 2489 1100 2525 ἀνέϐη
1118 2490 1156 2521 είς
1177 2488 1225 2524 τὴν
1243 2487 1350 2524 ἑορτὴν,
1366 2488 1396 2514 οὐ
1408 2486 1544 2522 φανερῶς,
1559 2486 1617 2513 ἀλλ’
1629 2485 1668 2518 ὡς
1681 2487 1712 2513 ἐν

921 2531 1047 2567 κρυπτῷ.

958 2584 988 2610 11
1006 2583 1039 2611 Οἱ
1049 2582 1095 2610 οὖν
1112 2582 1234 2610 Ἰουδαῖοι
1245 2581 1359 2618 ἐζήτουν
1375 2580 1457 2608 αὐτὸν
1469 2581 1498 2607 ὲν
1512 2581 1546 2615 τῇ
1560 2580 1652 2616 ἑορτῇ,
1664 2580 1712 2607 καὶ

922 2625 1024 2659 ἔλεγον·
1043 2624 1100 2652 Ποῦ
1115 2625 1188 2651 ἐστιν
1206 2625 1330 2655 ὲκεῖνος;

958 2677 991 2703 12
1007 2677 1062 2704 Καὶ
1080 2677 1239 2711 γογγυσμδς
1263 2675 1348 2707 πολὺς
1370 2675 1435 2711 περὶ
1454 2674 1536 2701 αὐτοῦ
1556 2672 1590 2710 ἦν
1608 2675 1638 2701 ἐν
1655 2675 1712 2705 τοῖς

920 2718 1018 2753 ὄχλοις.
1033 2719 1065 2745 Οἱ
1080 2718 1128 2753 μὲν
1140 2717 1242 2751 ἔλεγον,
1258 2718 1298 2744 ὅτι
1314 2716 1416 2750 ἁγαθός
1428 2717 1510 2742 ἐστιν·
1525 2715 1600 2742 ἄλλοι
1612 2715 1640 2741 δὲ
1653 2715 1713 2741 ἔλε-

921 2768 979 2794 γον’
1000 2759 1048 2786 Οὕ·
1063 2760 1130 2787 ἀλλὰ
1148 2759 1237 2794 πλανᾷ
1252 2759 1298 2786 τὸν
1311 2758 1400 2794 ὖχλον.

956 2808 989 2834 15
1003 2807 1095 2839 Οὐδεὶς
1113 2807 1203 2842 μέντοι
1219 2807 1359 2842 παρρησίᾳ
1372 2806 1461 2833 tum
1476 2804 1541 2839 περὶ
1553 2801 1650 2836 αὑτοῦ,
1666 2801 1713 2830 διὰ

921 2848 966 2876 τὸν
978 2848 1059 2882 φόϐον
1073 2848 1125 2875 τῶν
1144 2848 1288 2875 Ἰουδαίων.

1646 154 1700 186 8οθ
1746 182 1752 188 .

874 222 896 250 Α
913 217 975 245 dolo
991 218 1118 246 volebant
1134 218 1246 255 perdere
1265 216 1327 244 Filii
1341 216 1506 250 Iudaeorum,
1520 218 1614 244 saneta
1627 221 1696 250 gau~
