1953 3040
88 129 143 157 δυο

90 178 181 212 Ὀφρα
199 176 277 212 θέμιν
291 178 407 213 χρονίοιο
427 182 614 217 προτιμήσητε
631 184 788 219 προσώπου.

87 223 126 250 25
140 223 195 249 Kal.
210 222 307 254 ζαοέου
324 225 396 256 τινὲς
410 223 487 253 εἷπον
501 227 548 254 ἀπ’
564 228 661 260 ἄστεος
686 230 874 266 ἰροσολύμων·

94 267 222 302 Ἀτρεκὲς
235 268 265 294 οὺ
279 268 359 295 ’πέλεν
373 267 448 302 οὗτος
461 271 491 297 ὃν
505 272 638 306 ίχνεύουσι
651 273 790 309 δαμάσσαι

87 312 244 348 Συμμιγέες
256 314 387 350 vani-‘ng
401 315 543 353 ἀλοιητῆρι
559 318 678 354 σιδήρῳς

86 359 124 386 26
146 359 232 386 Ἢνίδε
250 360 308 392 πῶς
324 361 487 398 παλίνορσος
502 363 554 399 ὅλῳ
567 363 679 401 θηήτορι
696 366 753 403 λαῷ

93 405 246 441 Ἀμφαδίην
262 406 390 441 ἁδόνητος
409 408 552 443 ἐρεύγεται
563 409 650 444 ἠθάδα
667 411 770 447 φωνὴν,

63 464 65 468 ι
85 446 126 475 Ἦ
141 450 175 484 ῥα
184 449 361 485 Θεογλὼσσων
378 453 506 488 μερόπων
521 454 626 487 ἀΐοντες
641 455 715 492 ἰωὴν,

86 495 201 527 Ἄστεος
212 496 377 532 ἡγεμονῆες,
392 498 454 533 ἐμοὶ
466 499 576 527 δεδάασι
593 500 698 528 πολῖται

83 541 205 576 Χριστὸς
217 541 292 574 ὅπως
305 543 386 570 πέλεν
401 542 496 578 οὗτος
511 545 545 574 27
564 547 647 581 ’Δναξ
661 547 684 573 δ’
699 548 743 575 ὅτε
758 549 875 585 Χριστὸς

741 595 839 628 ἱκάνει,

82 631 166 664 οὔτις
177 633 247 669 ἀνὴρ
259 633 373 670 δεδάηκε
388 635 471 663 πόθεν
487 636 578 664 πέλεν·
594 637 651 665 ἴστε
663 638 692 665 δὲ
706 593 811 668 erigit:

82 679 119 705 2%
140 679 244 715 Ἰησοῦς
258 680 280 707 δ’
294 681 406 716 ἰάχησεν
420 682 448 708 ἐν
463 683 667 720 ἀργυροφεγγέϊ
681 685 748 721 νηῷ·

84 725 159 751 Ἱστε
172 727 339 762 πρισσονόῳ
355 728 402 754 καὶ
417 729 467 764 ἐμὲ
483 729 593 765 ξυνήονι
611 731 699 767 μύθῳ,

84 771 157 798 Ἰστε
168 772 215 799 καὶ
227 772 346 800 ὁππόθεν
357 774 426 809 εἰμί⁸
438 775 485 801 καὶ
497 776 521 801 εἰ
532 776 592 802 τόδε
607 777 718 805 κεύθετε
733 780 806 815 σιγῇ.

81 817 152 844 Οὐδὲ
170 817 224 853 γάρ
238 818 450 851 αὐτοκέλευστος
465 820 494 852 ὲς
510 821 598 857 ὑμέας
613 823 708 851 ἐνθάδε
723 824 817 860 βαίνω,

87 863 170 889 ’Λλλὰ
185 863 279 899 Πατὴρ
287 865 352 900 ἐμός
365 866 438 893 ἐστιν
454 866 578 902 ἀληθινὸς
590 868 682 896 εἵνεκα
697 871 818 907 πομπῆς.

80 909 116 935 Ξῦ
128 909 219 944 Αὐτὰρ
228 909 283 944 ἐγὼ
293 910 365 945 μάλα
373 911 467 938 τοῦτον
474 912 635 948 ἐπίσταμαι,
646 915 704 942 ὄττι
715 917 781 951 παρ’
791 917 872 944 αὑτοῦ

79 954 167 986 Αὐτὸς
180 955 256 990 ἐσην,
274 956 321 983 καὶ
334 957 440 989 ἐκεῖνος
452 958 502 993 ἐμὲ
516 960 653 994 προέηκεν
668 961 781 988 ἱκάνειν.

78 1000 115 1027 50
129 1000 186 1027 Καί
198 1006 270 1032 τινες
281 1001 475 1037 οῑστρηθέντες
488 1003 667 1033 ἐπεσσεύοντο
680 1006 784 1040 πιέζειν

85 1044 189 1080 Ἰησοῦν
205 1046 361 1083 παλάμῃσιν
373 1048 520 1083 άφειδέσιν·
532 1050 593 1078 οὐδέ
602 1060 644 1084 τις
659 1052 749 1079 αὐτῶν

77 1092 181 1127 Χεῖρας
191 1092 239 1124 ἑὰς
253 1092 410 1129 δασπλῆτας
425 1096 578 1131 ἐπήγαγεν,
590 1098 648 1124 ὅττι
664 1099 688 1126 oi
703 1099 772 1135 αὑτὴ

77 1136 163 1163 Οὔπω
179 1138 313 1174 πατρόθεν
329 1137 393 1173 ἦλθε
409 1139 536 1176 θελήμονι
551 1142 652 1176 φοίνιος
666 1143 736 1179 ὤρη.

77 1183 110 1209 ﬁl
128 1183 182 1210 Καὶ
194 1184 289 1216 πολέες
299 1185 426 1212 πίστευον
441 1187 629 1222 ἀγειρομένων
643 1189 698 1217 ἀπὸ
714 1190 796 1218 λαῶν·

84 1227 188 1262 Ἰησοῦν
199 1228 221 1255 δ’
236 1228 381 1265 ἐγέραιρον
394 1231 559 1268 ὁμοφθόγγῳ
573 1234 627 1261 τινὶ
645 1234 734 1270 μύθῳ·

76 1273 132 1308 82
141 1273 187 1309 Μὴ
198 1274 252 1310 γὰρ
266 1274 382 1310 Χριστὸς
392 1276 459 1310 ἄναξ
477 1277 605 1311 λαοσσόος
620 1280 647 1306 εἴ
662 1281 744 1308 ποθεν
762 1282 851 1315 ἔλθοι,

78 1319 188 1354 Ἔργων
204 1316 241 1346 ὦν
258 1320 345 1356 κάμεν
358 1317 437 1354 οὗτος
450 1323 586 1361 ὑπέρτερα
601 1325 729 1362 θαύματα
744 1327 816 1363 ῥέξει

76 1364 238 1397 Δυσιπόνοις
253 1367 417 1401 στομάτεσσι
429 1376 436 1400 ς
450 1369 485 1396 52
501 1369 707 1404 Πολυγλὼσσοιο
722 1372 750 1399 δὲ
768 1373 833 1401 λαοῦ

76 1409 264 1446 Ιίεμφομὲνην
277 1411 403 1446 ἀχάλινον
416 1413 615 1450 ὺποτρύζοντος
631 1416 708 1452 ζωὴν,

77 1455 179 1482 Ἐκλυε
191 1455 255 1487 λαὸς
266 1456 381 1490 ἄπιστος
393 1458 565 1495 άμαρτινόων
575 1461 740 1498 Φαρισαίων.

75 1501 132 1527 Καὶ
148 1500 273 1537 φθονεροὶ
288 1503 434 1538 προΐαλλον
448 1504 566 1537 ὀπάονας
583 1507 741 1542 ἀρχιερῆες,

81 1546 186 1582 Ἰησοῦν
202 1547 332 1583 ἀκίχητον
348 1548 454 1583 ἀφειδεῖ
468 1550 541 1586 χειρὶ
559 1550 675 1583 πιέζειν.

109 1593 145 1620 55
161 1593 215 1620 Καί
229 1602 291 1628 σφιν
304 1594 388 1627 Ἀναξ
400 1595 540 1630 ἀγόρευεν,
560 1596 711 1632 ἁσημάντῳ
722 1598 776 1624 τινὶ
790 1598 866 1634 μύθῳ

75 1638 216 1670 θεσπίζων
228 1640 401 1676 ταχύποτμον
414 1642 461 1678 ἑὴν
473 1642 642 1678 αὐτάγρετον
658 1642 744 1679 ὤρηνε

80 1684 200 1719 Ὑμείων
213 1684 253 1711 ἔτι
266 1685 342 1720 βαιὸν
355 1687 401 1713 ἐπὶ
414 1687 508 1722 χθονὸς
526 1688 622 1723 ἐγγύθι
639 1689 741 1725 μίμνω,

74 1730 130 1756 Καὶ
144 1731 228 1765 ταχὺς
240 1731 332 1766 ἵξομαι
347 1730 426 1764 αὖθις
441 1733 499 1768 ἐμῷ
511 1733 650 1769 πέμψαντι
662 1735 755 1771 Τοκῆῖ·

73 1776 108 1803 54
128 1777 183 1803 Καί
201 1785 234 1812 με
249 1778 435 1813 παλιμπετὲες
452 1779 631 1815 μαστεύσετε-
644 1781 787 1817 μαιόμενοι
799 1782 828 1809 δὲ

74 1821 131 1847 οὐκ
144 1821 177 1848 ἂν
191 1822 382 1857 ὲφευρήσαιτε,
400 1824 447 1851 καὶ
464 1825 494 1851 οὐ
508 1824 601 1857 σθένος
617 1826 676 1852 ἐστὶ
691 1826 810 1862 περῆσαι

79 1865 183 1901 ’Υμέας
194 1867 266 1902 ἴχνος
277 1867 393 1902 ἄγοντας
410 1870 438 1902 ἐς
451 1871 575 1906 ἀτραπὸν
586 1871 675 1907 ἥνπερ
689 1872 800 1900 όδεύσω.

73 1910 108 1936 55
129 1910 266 1945 ’Δλλήλοις
277 1912 300 1938 δ’
315 1913 425 1949 ὀάριζον
439 1914 567 1950 ὁμιλαδὸν
578 1916 671 1942 αὐτόθι
685 1916 754 1943 λαοί·

74 1955 114 1990 1Ιῆ
128 1955 222 1990 μέλλει
235 1957 304 1992 μετὰ
317 1957 392 1993 βαιὸν
406 1959 559 1993 ἀπόσσυτος
574 1957 651 1993 οὗτος
670 1962 787 1995 ἱκάνεινς

73 2002 118 2035 Μὴ
133 2002 242 2029 σπεύδει
257 2004 413 2040 περίφοιτος
425 2006 454 2038 ἐς
470 2006 555 2034 ἄστεα
569 2007 678 2042 γείτονα
693 2007 805 2043 βαίνειν,

73 2044 140 2083 ⁷ῌχι
153 2049 332 2086 Πανελλήνων
348 2051 482 2087 σποράδες
491 2053 592 2089 στίχες,
610 2053 684 2090 ὄφρα
697 2054 745 2082 καὶ
757 2054 840 2081 αὑτὸν

71 2094 180 2130 Θεσμὸν
189 2095 237 2130 ἑῆς
250 2095 346 2131 σοφίης
364 2097 489 2134 Ἐλλήνια
503 2098 586 2126 τέκνα
597 2099 708 2136 διδάξῃς

71 2139 106 2167 56
117 2140 166 2172 Τίς
179 2140 207 2167 δὲ
216 2140 293 2168 πέλει
305 2141 383 2177 λόγος
394 2139 471 2176 οὗτος
481 2144 511 2171 ὃν
526 2144 621 2171 ἔννεπε
639 2146 759 2181 μάρτυρι
767 2145 840 2180 λαῷι

550 133 790 164 PARAPIIRASIS
810 136 843 162 IN
862 135 1033 165 JOANNEM.
1052 153 1086 159 —
1105 139 1181 167 CAP.
1202 140 1257 168 νιι.

892 186 913 213 Α
928 185 994 212 tiam
1008 187 1120 221 antiqua
1135 187 1261 222 plurimis
1275 189 1416 217 mstimetis
1433 188 1511 218 facie.
1529 189 1564 216 25
1576 188 1609 216 Et
1624 189 1717 218 divina

1665 145 1718 172 Slil

928 234 1040 268 quidam
1055 234 1185 262 dixerunt
1198 243 1213 263 a
1229 235 1339 264 civitate
1360 236 1609 272 Hierosolymorum
1624 248 1630 265 :
1648 236 1717 265 Vere

928 290 982 310 non
1003 288 1047 312 est
1061 283 1104 311 hic
1129 291 1210 319 quem
1231 289 1357 319 quaerunt
1377 285 1489 312 domare
1510 285 1660 314 Promiscui
1677 286 1717 314 ci-

928 339 975 359 ves
994 332 1149 366 pernicioso
1165 332 1254 360 ferro?
1268 333 1302 360 26
1317 332 1387 360 Ecce
1401 333 1537 368 quomodo
1558 334 1715 369 reciprocus

928 379 976 406 loti
993 381 1127 414 spectanti
1140 381 1240 416 populo
1250 381 1378 416 Apertam
1394 381 1594 416 imperterritus
1609 386 1716 410 eructat

927 432 1086 456 consuetam
1100 437 1205 462 vocem,
1220 429 1290 457 Num
1308 429 1498 465 deiloquorum
1514 428 1656 456 hominum
1670 438 1717 457 au—

926 475 1032 504 dientes
1048 484 1153 510 voeem,
1170 477 1294 506 Civitatis
1319 477 1475 513 principes,
1503 477 1556 505 mei
1582 483 1717 505 noverunt

925 525 999 553 cives
1016 525 1142 555 Christus
1157 527 1228 562 quod
1242 531 1284 555 est
1296 527 1361 555 hic?
1375 527 1410 554 27
1421 526 1478 555 Rex
1494 529 1586 554 autem
1605 527 1716 561 quando

925 572 1052 602 Christus
1071 575 1156 608 venit,
1174 574 1271 603 Nullus
1294 575 1336 602 vir
1359 575 1436 603 novit
1459 575 1533 603 unde
1555 575 1610 608 sit;
1635 574 1716 603 scitis

925 625 1016 649 autem
1048 622 1129 650 hunc.
1156 623 1192 650 28
1208 622 1291 651 Iesus
1317 628 1406 650 autem
1430 623 1523 650 sonuit
1547 623 1574 649 in
1602 626 1716 658 argento

925 669 1084 704 splendente
1114 671 1215 706 templo
1238 680 1244 697 ε
1270 671 1354 698 Scitis
1388 670 1482 699 solerti
1507 674 1535 697 et
1565 677 1609 698 me
1638 671 1715 698 socio

924 725 1062 749 somnone,
1074 718 1158 746 Scitis
1177 721 1204 744 et
1217 719 1289 747 unde
1306 719 1369 750 sim,
1386 719 1439 746 etsi
1448 718 1501 746 hoe
1516 719 1660 746 occultatis
1675 720 1715 747 si-

924 765 1020 793 lentio.
1037 765 1096 794 Non
1118 767 1190 794 enim
1210 774 1225 793 a
1241 768 1346 802 meipso
1367 767 1401 794 ad
1422 774 1472 794 vos
1486 766 1540 794 huc
1552 767 1643 798 venio,
1659 765 1713 795 Sed

924 812 1005 841 Pater
1025 822 1102 843 meus
1118 819 1160 842 est
1176 823 1258 843 verus
1284 821 1395 851 propter
1411 815 1585 850 legationem.
1601 814 1637 843 29
1659 814 1712 843 Sed

889 854 910 881 Β
923 869 974 898 ego
991 862 1070 890 valde
1082 863 1156 890 hunc
1171 863 1239 896 seio.
1258 864 1322 899 quia
1341 864 1375 891 ab
1387 863 1447 899 ipso
1460 863 1516 899 Ego
1532 863 1605 896 veni,
1623 867 1650 891 et
1665 864 1710 891 ille

923 917 967 937 mc
979 911 1111 945 pnemisit
1125 911 1229 939 venire.
1245 911 1280 940 50
1293 911 1325 938 Et
1343 911 1454 947 quidam
1467 911 1601 938 stimulati
1619 912 1714 938 conci—

923 959 1054 987 labantur
1073 967 1170 995 capere
1186 959 1280 987 Iesum
1300 961 1427 988 manibus
1443 968 1498 987 non
1514 959 1690 995 parecntibus
1704 969 1710 987 :

922 1015 1010 1043 neque
1022 1007 1084 1043 quis
1099 1008 1220 1043 ipsorum
1237 1007 1334 1036 Manus
1348 1016 1413 1036 snas
1426 1015 1522 1043 graves
1535 1007 1637 1042 injecit,
1647 1007 1711 1042 quia

921 1056 945 1083 ci
969 1055 1095 1083 Nondum
1120 1064 1135 1084 ιι
1151 1055 1232 1084 Patre
1249 1061 1360 1084 venerat
1374 1056 1475 1084 volenti
1498 1060 1611 1084 cruenta
1631 1056 1710 1083 hora.

922 1104 954 1131 51
973 1104 1004 1131 Et
1021 1104 1098 1131 multi
1112 1104 1287 1132 crediderunt
1302 1108 1468 1139 congregato
1482 1112 1515 1131 ex
1530 1103 1647 1139 populo;
1666 1103 1712 1132 εἰει

920 1161 982 1180 SUII'I
998 1160 1063 1180 vero
1084 1152 1256 1180 honorabant
1279 1160 1402 1180 COHSOIlO
1422 1153 1540 1188 quodam
1562 1161 1709 1181 sermone:

918 1202 975 1239 83
990 1201 1060 1230 Num
1079 1202 1207 1230 Christus
1224 1200 1281 1231 Rex
1297 1201 1426 1237 populum
1440 1209 1553 1228 servans
1567 1201 1588 1229 si
1601 1201 1711 1236 quando

919 1251 1036 1283 venerit,
1056 1251 1191 1286 Oper-ilius
1213 1259 1274 1287 qua:
1295 1250 1359 1278 fecit
1375 1250 1429 1283 hic,
1444 1250 1635 1285 praestantiora
1660 1251 1712 1278 mi-

918 1300 1012 1328 racula
1039 1299 1120 1328 faciet
1140 1299 1312 1334 Dolorifrago
1335 1299 1402 1326 ore?
1425 1298 1460 1326 5-2.
1485 1297 1598 1326 Verbosi
1625 1305 1711 1334 popu-

919 1348 938 1375 Ii
967 1347 1132 1380 Querulam,
1163 1347 1294 1375 eﬂ‘renam
1323 1347 1499 1375 mussitantis
1524 1353 1635 1378 vocem,
1656 1346 1712 1373 Au-

918 1396 987 1423 divit
1014 1395 1131 1431 populus
1154 1395 1312 1423 incredulus
1333 1394 1532 1422 Pharisaeorum
1553 1398 1644 1422 mente
1666 1401 1711 1421 er-

918 1444 1049 1472 rantium.
1074 1443 1106 1470 Et
1126 1443 1211 1471 invidi
1234 1435 1427 1479 pratmiserunt
1445 1443 1588 1472 ministros
1602 1443 1711 1478 pontiﬁ-

918 1499 976 1523 ces,
1001 1491 1094 1520 Jcsum
1120 1491 1423 1527 incompreliensibiicm
1447 1491 1551 1519 crudeli
1576 1498 1659 1520 manu
1681 1496 1711 1519 ut

880 1530 902 1560 (ἶ
919 1545 1063 1575 caperent.

956 1588 990 1615 55
1007 1587 1040 1615 Ει
1059 1588 1126 1623 ipsis
1146 1587 1203 1615 Rex
1218 1587 1296 1620 dixit,
1312 1587 1430 1615 obscuro
1449 1587 1568 1623 quodam
1583 1594 1711 1615 sermone

920 1634 1080 1665 Vaticinans
1095 1635 1193 1663 celeris
1217 1635 1264 1662 lati
1288 1642 1366 1663 suam
1390 1635 1570 1662 voluntariam
1594 1635 1709 1662 horam:

919 1682 1044 1712 Vestram
1062 1683 1151 1711 adhuc
1165 1690 1262 1718 parum
1278 1690 1359 1717 super
1374 1686 1475 1710 terram
1495 1691 1579 1718 prope
1601 1691 1710 1714 maneo.

918 1731 951 1759 Et
969 1732 1042 1760 celer
1064 1731 1171 1759 veniam
1194 1739 1293 1758 rursus
1316 1731 1349 1758 ad
1366 1738 1455 1758 meum
1479 1732 1630 1759 mittentem
1656 1731 1709 1759 Pa-

919 1781 1009 1804 trem:
1033 1776 1067 1804 54
1085 1775 1117 1802 Et
1134 1783 1178 1803 mc
1204 1775 1356 1810 retrogradi
1384 1775 1533 1809 quaeretis:
1568 1777 1711 1811 cupientes

918 1827 1007 1850 autem
1023 1821 1081 1851 Non
1100 1821 1262 1853 invenietis;
1284 1825 1311 1848 et
1324 1829 1377 1848 non
1393 1821 1506 1856 potestis
1521 1822 1639 1850 transire
1653 1821 1710 1850 Vos

916 1867 1061 1902 vestigium
1077 1867 1210 1894 ducentes
1228 1867 1255 1894 in
1270 1866 1341 1893 viam
1354 1874 1435 1901 quam
1447 1873 1497 1901 ego
1511 1866 1566 1893 ilio.
1585 1866 1620 1894 55
1637 1866 1710 1895 luler

916 1922 946 1942 se
963 1917 1054 1941 autem
1072 1913 1234 1948 loquebatur
1258 1913 1390 1948 gregatim
1418 1912 1453 1940 ίιιὶ
1481 1912 1621 1948 populus:
1648 1913 1709 1946 Quo

915 1960 974 1988 vult
986 1964 1046 1995 post
1059 1959 1188 1995 pusillum
1206 1958 1351 1986 discedens
1367 1958 1411 1986 hic
1427 1959 1522 1986 abire?
1540 1958 1610 1986 Num
1631 1958 1708 1986 festi-

914 2010 961 2034 nat
979 2014 1064 2042 vagus
1082 2004 1114 2033 ad
1138 2005 1263 2033 civitates
1285 2005 1390 2032 vicinas
1413 2005 1463 2036 ire,
1489 2003 1539 2032 Ubi
1564 2005 1706 2041 gentilium

892 2061 1015 2089 -sparsa:
1036 2053 1127 2084 acies.
1155 2055 1185 2080 ut
1204 2056 1231 2079 et
1252 2051 1339 2086 ipsam
1363 2050 1459 2086 Legem
1484 2059 1540 2081 sua:
1566 2051 1707 2086 sapientia:

911 2100 1069 2127 Graecorum
1094 2098 1164 2126 ﬁlios
1180 2097 1298 2125 doceat?
1319 2097 1353 2124 56
1377 2097 1444 2130 Quis
1467 2105 1531 2124 vero
1549 2101 1592 2125 est
1615 2105 1706 2125 sermo

911 2145 956 2173 hic
967 2153 1048 2180 quem
1064 2144 1134 2172 dixit
1149 2143 1305 2172 testiﬁcanti
1320 2143 1440 2179 populo?
1453 2143 1565 2171 Multum
1580 2150 1623 2171 me
1634 2151 1704 2178 qum.

50 2192 54 2226 ἲ
673 2201 812 2229 TEX'I‘US
829 2200 1091 2230 EVANGELISTA.

105 2256 142 2283 25
160 2256 273 2291 Ἔλεγον
285 2255 331 2284 οὖν
347 2267 421 2290 τινες
434 2258 466 2285 ὲκ
485 2258 539 2285 τῶν
562 2259 794 2295 Ἱεροσολυμιτῶν·
805 2260 861 2295 Οὐχ
878 2264 899 2291 D
948 2261 979 2287 5i
993 2259 1089 2287 Πολλοὶ
1102 2259 1130 2286 δὲ
1142 2261 1174 2286 ἐκ
1182 2259 1227 2286 τοῦ
1240 2259 1318 2295 ὄχλου
1331 2260 1494 2286 ἐπίστευσαν
1505 2259 1545 2290 εἰς
1553 2258 1645 2290 αὑτὸν,
1658 2258 1704 2285 καὶ
1724 2282 1727 2284 .

69 2295 147 2329 ὦτός
162 2298 239 2325 ἐστιν
252 2299 281 2326 ὃν
298 2299 424 2334 ζητοῦσιν
442 2300 618 2334 άποκτεῖναις

104 2341 141 2368 Q6
153 2341 206 2368 Kal
216 2342 265 2370 ἴδε.
278 2343 420 2379 παρρησίᾳ
427 2342 509 2373 λαλεῖ,
520 2343 567 2371 καὶ
575 2343 650 2371 οὐδὲν
659 2344 733 2379 αὐτῷ
741 2345 859 2380 λέγουσι·

71 2382 177 2418 μήποτε
197 2382 305 2418 άληθῶς
318 2384 440 2418 ἔγνωσαν
457 2385 481 2411 οἱ
497 2384 628 2420 ἄρχοντες
641 2385 682 2412 ὅτι
696 2384 773 2418 οὗτός
787 2387 861 2413 ἐστιν

69 2423 180 2459 άληθῶς
194 2425 208 2450 6
226 2425 341 2461 Χριστός
349 2434 356 2459 ;

105 2465 138 2492 27
165 2465 245 2492 Ἀλλὰ
256 2466 350 2492 τοῦτον
361 2466 472 2502 οἴδαμεν
487 2467 568 2495 πόθεν
580 2467 663 2494 ἐστίν*
677 2469 692 2495 ό
702 2469 731 2496 δὲ
743 2469 859 2505 Χριστὸς

69 2506 135 2534 ὅταν
149 2506 268 2542 ἔρχεται,
282 2508 369 2540 οὐδεὶς
383 2508 512 2542 γινώσκει
529 2509 611 2536 πόθεν
624 2509 705 2536 ἐστίν.

104 2549 140 2575 28
158 2548 292 2584 Ἔκραξεν
305 2547 351 2576 οὖν
372 2551 400 2577 ὲν
420 2549 460 2586 τῷ
476 2550 542 2586 ἱερῷ
560 2550 694 2578 διδάσκων
709 2552 724 2578 ό
744 2552 858 2587 Ἰησοῦς.

69 2592 118 2617 καὶ
136 2590 232 2624 λέγων·
249 2592 328 2626 Κάμὲ
344 2593 444 2625 οἴδατε,
463 2593 510 2619 καὶ
524 2592 614 2620 οἴδατε
628 2593 711 2620 πόθεν
726 2594 796 2629 εἰμί·
812 2595 859 2621 καὶ

68 2633 117 2659 ἀπ’
132 2632 251 2668 ἐμαυτοῦ
266 2634 316 2660 οὐκ
332 2634 460 2669 ἐλήλυθα,
471 2634 608 2663 άλλ“ἕστιν
623 2635 749 2671 ἀληθινὸς
760 2637 775 2662 ὁ
789 2637 859 2672 πέμ-

67 2673 123 2707 ψας
138 2683 183 2709 με,
197 2674 227 2700 ὃν
242 2674 321 2709 ὑμεῖς
333 2675 383 2702 οὑκ
398 2675 501 2703 οἴδατε.

104 2715 140 2742 29
164 2715 234 2750 Ἐγὼ
243 2715 271 2742 δὲ
283 2714 341 2744 οἶδα
354 2718 446 2751 αὑτὸν,
458 2718 499 2745 ὅτι
511 2719 576 2754 παρ’
589 2719 672 2747 αὐτοῦ
683 2720 751 2755 ειμι,
765 2719 860 2746 κάκεῖ-

62 2759 114 2789 νός
128 2765 162 2793 με
177 2757 345 2786 ἀπέστειλεν.

103 2798 138 2827 30
158 2799 287 2835 Ἐζήτουν
298 2799 345 2827 οὖν
355 2801 435 2829 αὐτὸν
446 2802 553 2829 πιάσαι·
567 2803 614 2830 καὶ
625 2803 713 2834 οὐδεὶς
724 2802 858 2830 ἐπέϐαλεν

63 2847 106 2874 ξπ*
122 2846 204 2876 αύτδν
223 2841 273 2877 τὴν
288 2843 376 2878 χεῖρα,
387 2843 427 2870 ὅτι
437 2843 514 2872 οὔπω
526 2844 652 2880 ἐληλύθει
664 2846 680 2880 ὴ
692 2844 751 2880 ὥρα
761 2844 855 2873 αὑτοῦ.

227 2889 364 2924 Panos.
381 2891 437 2923 Gn,
462 2894 574 2925 XLIII.

915 2302 1019 2336 ἔλεγον·
1039 2303 1125 2330 Ὅτιό
1142 2301 1258 2337 Χριστὸς
1275 2302 1340 2328 ὃταν
1354 2301 1428 2338 ἔλθῃ,
1447 2301 1511 2336 μήτι
1529 2299 1639 2327 πλείονα
1653 2309 1702 2335 ση-

917 2346 979 2380 μεῖα
992 2344 1094 2371 τούτων
1111 2344 1217 2379 ποιήσει
1230 2340 1267 2369 ὦν
1282 2341 1358 2375 οὗτος
1371 2343 1516 2378 smine“;

949 2387 984 2414 52
1004 2387 1142 2415 Ἤκουσαν
1157 2386 1180 2412 οἱ
1202 2386 1342 2421 Φαρισαῖοι
1360 2385 1407 2412 τοῦ
1421 2385 1500 2420 δχλου
1521 2383 1702 2419 γογγύζοντος

913 2429 978 2464 περὶ
998 2428 1081 2455 αὑτοῦ
1094 2428 1179 2455 ταῦτα
1189 2436 1195 2442 ·
1215 2428 1261 2454 καὶ
1277 2427 1441 2455 ἀπέστειλαν
1458 2428 1483 2454 οἱ
1499 2427 1640 2462 Φαρισαῖοι
1655 2428 1701 2453 καὶ

909 2471 934 2496 οί
951 2471 1088 2506 ἀρχιερεῖς
1100 2470 1250 2505 ὑπηρέτας.
1264 2470 1307 2496 ἵνα
1319 2469 1452 2496 πιάσωσιν
1468 2469 1557 2496 αὐτόν.
1596 2479 1598 2481 ’

945 2512 980 2539 55
993 2509 1077 2538 Εἶπεν
1091 2510 1137 2538 οὖν
1146 2511 1238 2542 αὐτοῖς
1254 2512 1269 2537 ὁ
1291 2510 1410 2547 Ἰησοῦς·
1428 2511 1487 2538 Ἔτι
1497 2509 1594 2545 μικρὸν
1606 2510 1702 2545 χρόνον

912 2553 971 2589 μεθ’
988 2553 1065 2588 ὑμῶν
1079 2554 1147 2588 εἰμι,
1168 2553 1215 2580 καὶ
1229 2553 1326 2586 ὑπάγω
1344 2551 1412 2587 πρὸς
1431 2551 1476 2578 τὸν
1492 2551 1640 2586 πέμψαντά
1655 2559 1699 2585 με.

945 2595 980 2622 5ί
1000 2595 1137 2631 Ζητήσετέ
1156 2603 1200 2629 με.
1216 2595 1262 2622 καὶ
1275 2595 1325 2629 οὐχ
1344 2594 1473 2630 εὑρήσετε
1483 2601 1489 2607 ·
1505 2593 1551 2620 καὶ
1562 2593 1628 2619 ὅπου
1642 2593 1700 2628 εἰμὶ

911 2636 978 2671 ἐγὼ.
996 2637 1076 2672 ὑμεῖς
1087 2637 1118 2664 οὐ
1134 2636 1248 2663 δύνασθε
1261 2636 1358 2663 ἐλθεῖν.

946 2679 981 2707 55
1000 2671 1084 2706 Εἶπον
1099 2677 1146 2706 οὖν
1165 2679 1190 2705 οι
1212 2678 1334 2705 Ἰουδαῖοι
1351 2676 1420 2713 πρὸς
1436 2677 1563 2708 ἑαντιύς·
1583 2676 1638 2703 Ποῦ
1654 2671 1699 2702 οὗ·

911 2729 955 2752 τος
970 2720 1060 2756 μέλλει
1074 2720 1248 2756 πορεύεσθαι,
1262 2721 1302 2746 ὅτι
1323 2720 1403 2754 ἡμεῖς
1418 2718 1468 2754 οὐχ
1481 2719 1633 2754 εὑρήσομεν
1648 2717 1697 2743 αὑ-

909 2762 972 2795 τόν;
992 2762 1029 2797 μὴ
1043 2763 1083 2794 εις
1097 2763 1146 2797 τὴν
1159 2762 1309 2798 διασπορὰν
1325 2762 1378 2788 τῶν
1401 2761 1533 2796 Ἐλλήνων
1547 2759 1636 2795 μέλλει
1650 2766 1698 2784 7'0-

912 2803 1050 2838 ρεύεσοαι,
1067 2803 1114 2830 καὶ
1129 2803 1264 2830 διδάσκειν
1280 2804 1344 2835 τοὺς
1356 2802 1491 2838 Ἕλληνας
1501 2811 1507 2815 ·

945 2844 980 2872 56
999 2845 1046 2877 Τίς
1060 2845 1135 2873 ἐστιν
1151 2843 1227 2878 οὗτος
1242 2847 1255 2872 ό
1270 2846 1347 2879 λόγος
1359 2845 1389 2872 ὃν
1405 2842 1464 2870 εἷπε
1475 2852 1481 2858 ·
1499 2839 1633 2876 Ζητήσιτὲ
1645 2847 1688 2873 με,
