1953 3040
220 150 270 178 8H

862 142 968 170 NONNI
988 142 1242 171 PANOPOLITANI

1807 142 1859 169 διιὲ

225 208 288 235 rotis
303 213 442 234 reversum
460 212 521 233 sero
536 209 713 239 cognoscere.
730 201 785 229 Nec
809 201 972 233 invenietis;
989 206 1016 229 et

1087 202 1158 229 [ολλά
1178 210 1211 237 με
1225 200 1395 237 μαστεύσητε
1410 199 1591 235 παλίνδρομον
1603 199 1652 234 ὀψὲ
1662 198 1769 234 νοῆσαι,

224 261 278 280 non
297 252 337 280 fas
350 257 392 279 est
408 259 463 286 quo
483 250 551 277 vado
568 249 623 276 Vos
641 248 829 276 desiderantes
849 248 1018 276 inaccessam

225 299 295 324 viam
314 296 475 324 ambulare?
489 295 522 323 57
544 294 597 322 Sed
614 293 725 329 quando
741 293 837 320 ultima
855 293 930 320 venit
951 293 1019 320 cho-

224 350 284 372 reas
302 342 484 370 instaurantis
499 341 557 368 dies
570 340 642 371 festi,
663 339 791 367 Christus
800 347 847 366 rex
863 339 939 366 stetit
950 338 1019 373 lapi-

225 390 294 417 doso
323 390 351 416 in
388 388 500 423 templo.
536 386 658 413 Hebraeis
686 393 750 414 vero
783 385 875 413 sonuit
901 384 1020 412 fundens

225 442 320 462 omnes
334 434 497 460 mulcentem
512 439 606 459 vocem
622 441 628 458 :
648 431 677 458 Si
696 432 758 466 quis
773 432 847 459 sitim
863 431 944 458 habet
959 430 1020 458 ani-

226 480 364 510 micidam,
381 478 415 504 ad
435 485 477 505 me
498 477 611 504 veniens
635 477 730 504 Fontis
751 477 844 504 nostri
866 476 941 504 bibat
960 476 1021 503 ani-

226 534 296 554 mam
313 530 466 554 servantem
485 533 595 560 aquam.
612 525 647 553 58
667 524 762 552 Omnis
785 523 858 551 enim
877 522 956 550 ﬁdem
972 522 1020 549 ba-

225 573 291 600 bcns
309 573 403 600 salvus
419 572 488 604 erit;
508 571 617 606 priseus
636 577 702 598 vero
722 569 800 596 Sicut
817 569 864 596 Dei
880 568 949 596 dixit
961 575 1020 596 ser-

225 626 279 650 mo,
292 626 399 654 semper
413 625 461 653 per
472 621 594 644 ventrem
610 617 684 644 illius
694 616 840 643 Prudentia
851 623 899 651 per
913 622 943 643 se
959 614 1020 642 fuso

225 663 335 691 lluumina
351 663 459 690 vivente
480 662 555 690 ﬂuxu
573 662 700 689 Abditam
725 661 839 689 fundent
855 655 953 688 rursus
970 667 1019 687 na-

225 713 279 735 tam
293 708 415 738 divinam
438 715 549 743 aquam.
570 707 604 735 39
619 707 692 734 Dixit
705 707 859 744 vaticinans
873 705 1021 734 advenien-

226 758 279 782 tem
302 761 394 781 serum
419 754 593 789 splendorem
616 753 747 788 Spiritus,
768 760 849 787 quem
874 755 1019 786 acceptura

226 805 283 826 erat
296 799 379 826 Deum
395 799 545 834 recipiente
567 799 658 826 animo
680 799 737 835 84.
762 797 857 826 Omnis
881 798 1018 825 variorum

226 845 366 873 hominum
389 845 500 873 credula
521 846 671 881 generatio.
689 845 815 872 Nondum
831 844 906 872 enim
921 844 1018 871 huma-

1071 247 1173 274 Κοὺδέν
1185 247 1366 283 ἐφευρήσητε·
1382 246 1428 273 καὶ
1447 247 1478 273 οὐ
1492 246 1571 281 θέμις
1584 244 1684 272 ὁππόθι
1697 244 1782 279 βαίνω

1077 293 1178 328 Ὑμέας
1197 292 1354 328 ἱμείροντας
1366 291 1518 327 ἁνέμῆατον
1528 289 1606 326 οἶμον
1615 291 1734 323 ὀδεύειν;

1070 338 1104 365 57
1127 338 1198 364 Ἀλλ’
1212 338 1256 365 ὅτε
1275 337 1391 364 λοίσθιον
1406 335 1471 373 ἦλθε
1483 336 1644 372 χοροστάδος
1657 334 1733 372 ἦμαρ
1749 335 1856 371 ἑορτῆς,

1071 383 1187 419 Χριστὸς
1203 383 1269 416 ἄναξ
1282 384 1381 419 ἔστηκε
1396 382 1520 414 λιθώδεος
1535 381 1630 416 ἐγγύθι
1646 380 1722 416 νησῦ.

1077 429 1213 464 Ἑϐραίοις
1229 430 1250 456 δ’
1265 429 1359 464 ἰάχησε
1376 429 1445 463 χέων
1462 427 1617 461 πανθελγέα
1631 427 1732 462 φωνήν·

1072 475 1106 502 El!
1118 484 1161 507 τις
1175 475 1254 510 δίψαν
1269 475 1325 510 ἔχει
1336 474 1517 510 θυμοφθόρον,
1529 474 1569 505 είς
1578 472 1629 508 ἐμὲ
1641 472 1741 508 βαίνων

1072 521 1167 557 Πηγῆς
1176 521 1313 556 ἡμετέρης
1327 520 1411 546 πιέτω
1425 519 1575 554 ψυχοσσόον
1591 518 1673 554 ὕδωρ.
1710 532 1715 538 ι

1072 567 1106 594 58
1122 567 1180 598 Πᾶς
1189 566 1244 602 γὰρ
1256 568 1271 594 ὁ
1287 566 1378 593 πίστιν
1389 565 1460 601 ἔχων
1470 565 1530 597 σόος
1542 564 1660 591 ἔσσεται·
1675 563 1821 599 άρχέγονος
1830 561 1858 588 δὲ

1072 609 1122 638 Οἷα
1138 611 1206 638 Θεοῦ
1223 611 1292 646 φάτο
1308 611 1405 646 μῦθος,
1419 611 1463 638 ἀεὶ
1478 610 1522 637 διὰ
1537 610 1656 645 γαστρὸς
1669 610 1773 636 ἐκείνου

1073 657 1229 693 Ἔμφρονες
1243 656 1383 692 αὐτοχύτῳ
1396 656 1514 691 ποταμοὶ
1531 656 1630 688 ζείοντι
1649 655 1754 691 ῥεέθρῳ

1077 700 1238 738 Ἐνδόμυχον
1250 702 1395 738 βλύσσουσι
1406 702 1562 737 παλιμφυὲς
1574 701 1663 729 ἔνθεον
1675 700 1757 736 ὕδωρ.

1071 749 1105 777 59
1121 747 1188 775 Είπε
1203 749 1393 785 προθεσπίζων
1412 749 1556 784 ἐπιδήμιον
1570 747 1668 782 ὄψιμον
1682 747 1779 782 αἴγλην

1071 794 1240 830 Πνεύματος,
1254 792 1339 830 οὗπερ
1353 795 1449 831 ἔμελλε
1462 796 1553 830 τυχεῖν
1567 794 1723 829 θεοδέγμονι
1734 792 1815 828 θυμῷ

1072 840 1127 875 85
1141 840 1219 867 Πᾶσα
1234 840 1425 876 πολυσπερέων
1441 840 1567 876 μερόπων
1577 839 1717 867 πεισθεῖσι
1733 839 1858 874 γενέθλη.

227 892 268 920 nis
292 891 433 919 stabilitus
462 895 522 919 erat
544 892 679 919 mentibus
706 890 834 918 Christus
861 898 909 918 rex
929 888 1020 917 Patris

1087 885 1154 912 lii-nm
1165 886 1220 922 γὰρ
1238 886 1383 922 βροτέῃσιν
1398 886 1560 922 ἐνερῥίζωτο
1575 886 1710 921 μενοιναῖς

228 939 302 966 visus
314 937 483 972 propinquus
499 937 597 965 sedens
610 937 638 964 in
653 937 726 965 sede.

265 986 301 1013 ΔΟ
314 984 389 1011 Multi
404 992 469 1012 vero
481 985 623 1013 audientes
633 985 908 1013 consentientistunc
918 983 1021 1020 populi,

230 1034 321 1062 Labiis
334 1033 454 1061 credulis
473 1034 649 1069 multiplicem
664 1033 834 1061 fremuerunt
849 1041 958 1064 sonum.
968 1032 1023 1061 Hic

227 1089 308 1117 quem
330 1081 477 1116 descripsit
498 1082 553 1114 lex,
570 1089 652 1109 verus
677 1085 719 1109 est
743 1081 884 1117 propheta.
913 1081 944 1108 4i
970 1080 1022 1108 Alii

227 1137 309 1161 vero.
333 1130 525 1157 controversia
557 1130 652 1163 inscii,
677 1129 813 1157 habebant
839 1129 1022 1165 praeconium,

228 1178 355 1205 Christus
382 1185 428 1205 rex
439 1182 481 1205 est
496 1177 551 1205 hic.
571 1177 749 1206 Couteutioso
769 1182 859 1206 autem
884 1186 1021 1211 scrmone,

229 1225 281 1252 Alii
298 1224 471 1261 lcgil‘erorum
495 1233 574 1252 orum
589 1225 725 1253 solventes
740 1225 868 1260 repagula
880 1245 887 1258 ,
907 1224 1023 1252 Oracula

229 1272 356 1301 dixerunt
381 1273 498 1308 sapienti
523 1273 630 1308 signata
660 1273 730 1300 libro
753 1283 760 1300 :
787 1272 857 1300 Num
889 1273 1024 1300 maritima

231 1321 319 1349 veniet
335 1328 368 1348 ex
381 1321 493 1348 Galil-.ea
510 1320 638 1348 Christus
651 1321 719 1348 rex?
732 1321 767 1348 42
780 1320 838 1348 Non
865 1321 917 1348 hoc
937 1320 1024 1348 deilo-

231 1376 301 1404 quus
318 1368 387 1395 dixit
400 1376 490 1395 sermo
505 1377 511 1394 :
528 1369 576 1395 sed
590 1368 675 1396 David
691 1369 773 1404 prisci
792 1369 895 1404 regium
909 1368 1021 1404 sangui-

233 1424 293 1443 nem
319 1416 411 1443 ferens
435 1416 561 1443 Christus
587 1415 689 1444 Judwis
709 1417 849 1452 apparebit
866 1417 924 1452 ipse
943 1423 1026 1444 voca-

231 1470 287 1497 tus,
301 1463 399 1491 Patriae
413 1464 458 1490 ubi
472 1463 583 1490 domum
598 1464 769 1492 citharmdus
789 1464 922 1492 habitavit
940 1463 1024 1492 David

234 1511 390 1540 Bethlelicm
414 1519 479 1538 oves
510 1511 659 1546 pascentis.
682 1513 718 1540 4'5
739 1512 824 1540 Divisi
844 1520 908 1540 vero
931 1513 1024 1548 populi

1073 930 1190 967 Χριστος
1206 931 1273 964 ἄναξ
1289 931 1403 958 Γενέταο
1417 931 1512 966 φανεὶς
1525 931 1685 966 άγχίθρονος
1695 930 1787 966 ἕδρης.

1109 976 1143 1003 40
1163 976 1259 1003 Πολλοὶ
1275 977 1298 1004 δ’
1312 977 1459 1009 εἰσαΐοντες
1473 976 1649 1012 ὸμοφραδέων
1663 976 1724 1003 τότε
1740 975 1824 1008 λαῶν,

1073 1021 1181 1048 Χείλεσι
1198 1022 1382 1049 πιστοτάτοισι
1401 1021 1570 1057 πολύστομον
1586 1021 1701 1057 ἔδρεμω
1715 1020 1784 1056 ἠχὼ,

1073 1065 1157 1100 Οὗτος
1172 1068 1202 1094 ὃν
1215 1068 1317 1104 ἔγραφε
1336 1068 1429 1104 μῦθος,
1444 1067 1576 1104 ὲτήτυμός
1595 1068 1652 1094 ἐστι
1668 1068 1822 1103 προφήτης.

1074 1113 1105 1140 4|
1128 1113 1160 1140 Οί
1172 1113 1211 1146 δὲ,
1225 1113 1399 1149 διχοστασίης
1413 1114 1573 1148 άδαήμονες,
1591 1110 1663 1148 εἶχον
1676 1112 1779 1148 ἀοιδὴν,

1075 1160 1192 1195 Χριστὸς
1205 1159 1272 1193 άναξ
1287 1160 1368 1186 πέλεν
1379 1156 1466 1191 οὗτος.
1488 1159 1666 1195 ’Δμιλλητῆρι
1685 1158 1714 1185 δέ
1729 1158 1819 1193 μύθῳ,

1077 1205 1168 1231 Ἄλλοι
1184 1204 1361 1240 θεσμοφόρων
1375 1204 1516 1239 στομάτων
1532 1203 1699 1234 πετάσαντες
1712 1202 1808 1238 ὀχῆας,

1075 1249 1202 1284 Θέσφατα
1215 1248 1370 1284 μυθήσαντο
1384 1250 1452 1284 σοφῇ
1468 1248 1664 1284 κεχαραγμένα
1679 1247 1762 1283 βίϐλῳ
1771 1255 1778 1262 '

1076 1295 1121 1331 Μὴ
1135 1295 1190 1331 γὰρ
1203 1295 1380 1331 ἁλικρήπιδος
1397 1294 1534 1322 ἐλεύσεται
1550 1295 1582 1322 ἐκ
1598 1294 1741 1329 Γαλιλαίης

1076 1342 1193 1377 Χριστὸς
1207 1342 1291 1375 arma;
1309 1342 1344 1369 42
1358 1342 1395 1369 Οὐ
1405 1342 1484 1368 τοῦτο
1499 1341 1628 1378 θεηγόρος
1646 1341 1757 1367 ἔννεπεν
1769 1340 1846 1376 ὀμφή
1855 1346 1864 1356 ·

1076 1387 1158 1414 Δαϐὶδ
1178 1387 1200 1414 δ’
1213 1388 1360 1423 ἀρχεγόνου
1377 1387 1515 1423 βασιλήϊον
1531 1385 1601 1422 αἷμα
1616 1386 1737 1421 κομίζων

1077 1432 1194 1468 Χριστὸς
1219 1433 1369 1459 Ὶουδαίοισι
1382 1433 1532 1468 φανήσεται
1546 1432 1628 1463 αὐτὸς
1643 1431 1759 1462 ἀκούων,

1077 1479 1209 1513 Πατρίδος
1225 1479 1324 1505 ὁππόθι
1343 1478 1422 1513 δῶμα
1436 1478 1605 1514 λυροκτὺπος
1615 1477 1688 1512 ᾤκεε
1702 1476 1785 1504 Δαϐιδ

1077 1523 1186 1559 Βηθλὲμ
1214 1523 1381 1560 μηλοϐότοιο.
1397 1523 1432 1550 45
1442 1523 1640 1558 Μεριζομένοιο
1654 1522 1682 1548 δὲ
1695 1521 1759 1548 λαοῦ

233 1560 368 1587 Continua
385 1560 485 1587 diversi
509 1560 615 1588 consilii
631 1564 689 1588 erat
703 1561 852 1589 contentio.
866 1561 910 1588 44.
925 1561 1023 1596 Impro-

1087 1569 1256 1606 Ἀμφιλαφής
1271 1570 1412 1606 διχόμητις
1427 1569 1474 1604 ἔην
1490 1568 1558 1604 ἔρις.
1573 1568 1608 1595 44
1628 1567 1777 1603 Ἀπροῖδεῖς
1792 1567 1820 1594 δὲ

235 1608 290 1635 vidi
306 1614 395 1635 autem
414 1609 599 1644 Imprudentes
617 1609 728 1645 quidam
753 1610 803 1636 viri
826 1614 966 1637 tentarunt
979 1617 1024 1637 ca-

234 1663 301 1688 pere
314 1655 407 1682 Jesum
418 1678 425 1689 ,
436 1656 538 1690 injuste
553 1656 683 1684 instinctu
698 1658 847 1691 seniorum;
867 1657 920 1685 Sed
935 1657 1023 1692 ipsum

237 1704 328 1731 nullus
347 1705 509 1740 prehendit;
530 1713 592 1732 nam
613 1705 707 1732 ultima
736 1705 789 1740 ipsi
814 1705 940 1733 Nondum
964 1702 1025 1740 per-

237 1752 354 1778 mittenti
371 1752 457 1779 astitit
477 1752 616 1780 mortifera
635 1752 710 1780 hora.

273 1796 308 1823 45
326 1796 357 1823 Et
372 1797 520 1832 prudentes
535 1797 636 1825 reversi
651 1801 715 1825 sunt
732 1798 765 1826 ad
782 1797 840 1826 Deo
870 1799 1024 1827 contrarios

237 1842 396 1870 sacerdotes
428 1842 575 1877 Stupentcs
620 1843 757 1877 ministri;
777 1843 906 1872 dixerunt
935 1849 1024 1872 autem

237 1888 277 1915 illi
304 1898 310 1916 :
335 1887 391 1915 Cur
427 1889 515 1923 ipsqu
546 1896 601 1915 non
628 1889 800 1917 adduxistis?
826 1889 861 1917 46
887 1889 920 1916 Et
947 1890 1024 1917 dixe-

238 1939 303 1962 runt
328 1934 454 1969 prudenti
481 1942 607 1962 sermone
637 1934 696 1962 Non
720 1939 844 1963 errantes
868 1936 958 1971 gravis
975 1937 1026 1963 mi-

239 1979 318 2007 nistri
342 1979 514 2008 necessitatis
539 1989 546 2007 :
572 1979 631 2008 Non
655 1981 696 2008 sic
727 1981 808 2008 homo
840 1981 910 2009 alius
935 1989 1027 2016 aequa-

239 2026 292 2053 lem
328 2025 436 2053 locutus
470 2029 512 2053 est
549 2033 654 2053 vocem.
694 2026 729 2053 47
764 2026 797 2053 Et
829 2027 917 2054 audax
956 2027 1026 2054 dixit

239 2075 329 2099 cmtus
351 2071 564 2099 intractabilium
582 2071 801 2100 Pharisaeorum:
823 2071 893 2100 Num
919 2077 1028 2101 errante

240 2124 330 2147 mente
354 2119 460 2148 seducti
476 2120 543 2148 estis
567 2124 594 2148 et
616 2128 675 2153 vos,
695 2119 842 2148 Credentes
869 2120 942 2148 illius
966 2128 1026 2149 seu.

1085 1615 1231 1651 Ἀφραδέες
1243 1615 1316 1646 τινες
1335 1615 1429 1650 ἄνδρες
1445 1615 1625 1649 ἐπειρήσαντο
1638 1613 1742 1646 πιέζειν

1082 1661 1195 1696 Ἰησοῦν,
1215 1661 1300 1696 ἀδίκῳ
1315 1661 1368 1688 ὑπὸ
1383 1660 1518 1696 πνεύματι
1535 1659 1740 1696 δημογερόντων
1750 1666 1757 1674 ·

1082 1707 1161 1733 Ἀλλά
1172 1715 1218 1742 μιν
1228 1706 1302 1738 οὕτις
1314 1706 1449 1742 ἔμαρψενυ
1463 1706 1525 1732 ἐπεὶ
1537 1705 1648 1741 πυμάτη
1663 1705 1743 1733 πάλιν
1754 1704 1830 1739 αὑτῷ

1077 1752 1161 1779 Οὔπω
1172 1752 1348 1788 ἐπιτρέψαντι
1362 1752 1515 1787 παρίστατο
1531 1752 1630 1786 λοίγιος
1643 1751 1714 1787 ὥρη.

1112 1799 1147 1826 45
1165 1799 1221 1826 Καὶ
1234 1798 1338 1825 πινυτοὶ
1356 1799 1489 1834 νόστησαν
1502 1799 1530 1830 ἐς
1544 1797 1682 1828 ἀντιθέους
1695 1796 1790 1831 ἱερῆας

1075 1843 1228 1880 Θαμόαλέοι
1242 1844 1406 1880 θεράποντες
1416 1852 1423 1859 ·
1445 1843 1616 1879 ἐμυθήσαντο
1632 1843 1654 1869 δ’
1669 1842 1768 1868 ἐκεῖνοι
1781 1849 1788 1856 ·

1077 1890 1162 1916 Τίπτε
1188 1898 1232 1925 μιν
1251 1889 1281 1916 οὺ
1305 1889 1474 1925 κομίσασθε;
1501 1889 1535 1917 46
1551 1889 1606 1916 Καὶ
1622 1888 1731 1915 ἔννεπον
1752 1887 1869 1922 ἔμφρονι

1737 1932 1831 1969 [μύθῳ

1083 1981 1229 2014 ’Δπλανέες
1240 1981 1393 2017 δασπλῆτος
1409 1980 1614 2017 ὑποδρηστῆρες
1625 1980 1749 2014 ἀνάγκης
1758 1986 1765 1994 ·

1079 2028 1136 2062 Οὐχ
1147 2027 1218 2054 οὕτω
1230 2027 1324 2063 βροτὸς
1336 2027 1414 2059 ἄλλος
1434 2028 1495 2062 ῐσην
1512 2025 1662 2061 ἐφθέγξατο
1675 2026 1776 2061 φωνήν.

1079 2075 1112 2102 47
1134 2075 1188 2101 Καὶ
1208 2074 1311 2110 θρασὺς
1332 2072 1409 2100 εἶπεν
1423 2073 1516 2110 ὅμιλος
1531 2073 1674 2108 ἀκηλήτων
1691 2071 1868 2107 Φαρισαίων*

1080 2121 1127 2156 Μὴ
1140 2119 1287 2156 σφαλεραῖς
1302 2120 1466 2156 πραπίδεσσι
1476 2118 1705 2155 παρεπλάγχθητε
1719 2117 1766 2144 καὶ
1777 2117 1869 2152 ὑμεῖς.

837 2215 977 2245 TEXTUS
997 2216 1261 2245 EVANGELIS'I‘A‘Z.

241 2306 288 2333 καὶ
302 2306 351 2340 οὐχ
369 2305 501 2341 εὑρήσετε
511 2313 517 2320 ·
532 2304 579 2332 καὶ
592 2305 659 2331 ὅπου
678 2304 736 2339 εἰμὶ
752 2303 818 2338 ἐγὼ,
840 2304 919 2339 ὑμεῖς
933 2304 963 2330 οὐ
981 2304 1028 2330 Gii-
1045 2306 1066 2334 D
1081 2313 1174 2340 χεται;

241 2348 322 2375 νασθε
336 2347 423 2374 ἐλθεῖν
433 2355 441 2380 ;
457 2355 459 2357 ‘

274 2389 309 2417 ’57
335 2390 379 2415 Ἐν
394 2388 423 2415 δὲ
435 2389 469 2423 τῇ
485 2387 586 2423 ἐσχάτῃ
602 2387 693 2423 ἡμέρᾳ
704 2388 738 2422 τῇ
755 2386 860 2424 μεγάλῃ
870 2387 919 2422 τῆς
931 2387 1028 2422 ἑορτῆς

241 2432 362 2468 εἱστήκει
386 2432 401 2458 ὁ
434 2430 547 2466 Ἰησοῦς,
571 2430 618 2456 καὶ
642 2429 752 2465 ἐκραξε,
777 2429 880 2464 λέγων·
905 2429 968 2456 Ἐάν
985 2437 1027 2461 τις

240 2473 451 2509 διψᾷ,ιρχέσθω
466 2472 535 2508 πρός
555 2480 599 2507 με.
614 2472 661 2498 καὶ
677 2471 788 2500 πινέτω.

277 2516 312 2542 33
338 2516 366 2542 Ὀ
382 2514 516 2541 πιστεύων
530 2515 569 2545 εἰς
587 2513 647 2548 ἐμὲ,
669 2512 759 2545 καθὼς
778 2511 854 2541 εἶπεν
872 2514 889 2550 ή
922 2512 1030 2549 Γραφὴ,

242 2557 360 2592 ποταμοὶ
371 2557 402 2582 ἐκ
412 2557 463 2591 τῆς
472 2555 575 2586 κοιλίας
587 2554 668 2581 αὑτοῦ
680 2554 776 2589 ρεύσου
781 2563 806 2582 σι
816 2555 910 2587 ὕδατος
920 2555 1030 2586 ζῶντος.

275 2599 310 2626 59
330 2597 425 2631 (Τοῦτο
443 2597 472 2623 δὲ
487 2594 546 2623 εἷπε
562 2597 625 2632 περὶ
640 2596 687 2622 τοῦ
701 2597 860 2632 Πνεύματος
875 2594 905 2624 οὗ
918 2596 1030 2632 ἔμελλον

242 2639 390 2675 λαμϐάνειν
412 2639 436 2664 ot
455 2638 627 2670 πιστεύοντες
644 2639 684 2669 εἰς
703 2638 801 2664 αὐτόν·
828 2637 905 2666 οὔπω
926 2638 981 2673 γὰρ
997 2635 1031 2673 ῆν

239 2681 355 2716 Πνεῦμα
371 2680 457 2713 ἆγιον,
475 2679 542 2706 ὃτιὸ
563 2679 665 2715 Ἰησοῦς
678 2679 783 2706 οὐδέπω
797 2679 950 2716 ἐδοξάσθη.)

277 2723 312 2750 40
332 2721 427 2749 Πολλοὶ
436 2720 482 2749 οὖν
497 2723 530 2749 ἐκ
543 2721 590 2748 τοῦ
609 2721 687 2756 ὄχλου
698 2721 863 2753 ἀκούσαντες
876 2721 922 2749 τὸν
938 2721 1026 2756 λόγον,

241 2765 347 2799 ἔλεγον·
363 2761 446 2797 Οὗτός
461 2765 534 2790 ἐστιν
546 2763 654 2798 άληθῶς
667 2763 682 2789 ὁ
698 2764 851 2799 προφήτης.

275 2809 307 2835 4i
331 2807 421 2834 ’Ἄλλοι
439 2807 548 2840 ἔλεγονν
569 2801 653 2836 Οὗτός
673 2806 747 2831 ἐστιν
762 2805 777 2831 ὁ
792 2805 925 2841 Χριστόςι
952 2805 1026 2833 ἄλλοι

240 2848 268 2875 6’:
285 2849 395 2882 ἔλεγον·
416 2848 461 2883 Μὴ
477 2847 531 2881 γάρ
550 2846 581 2872 ἐκ
598 2846 646 2879 τῆς
664 2845 807 2878 Γαλιλαίας
822 2848 836 2873 ὁ
850 2847 965 2882 Χριστὸς
979 2848 1025 2883 ἔρ-

1117 2347 1153 2374 42
1171 2347 1238 2382 Οὐχὶ
1257 2348 1274 2384 ὴ
1291 2347 1386 2384 Γραφὴ
1408 2346 1495 2379 εἶπεν1
1517 2349 1558 2376 δτι
1582 2349 1614 2375 ἐκ
1637 2348 1685 2376 τοῦ
1711 2348 1871 2385 σπέρματος

1082 2389 1173 2422 Δαϐὶδ,
1191 2389 1238 2416 καὶ
1251 2389 1304 2416 ἀπὸ
1321 2390 1444 2426 Βηθλεέμ
1459 2391 1508 2425 τῆς
1523 2391 1619 2426 κώμης
1637 2391 1703 2417 ὅπου
1719 2388 1754 2426 ἦν
1775 2391 1870 2423 Δαδὶδ,

1080 2431 1094 2457 ὸ
1111 2431 1226 2467 Χριστὸς
1239 2431 1348 2467 ἔρχεται
1357 2440 1364 2465 ;
1695 2444 1697 2446 -

1117 2473 1152 2500 45
1170 2473 1276 2509 Σχίσμα
1288 2472 1335 2501 οὖν
1350 2473 1380 2499 ὲν
1391 2472 1430 2508 τῷ
1445 2472 1516 2509 ὄχλῳ
1533 2472 1637 2507 ἐγένετο
1654 2473 1686 2500 δι·
1703 2473 1797 2500 αὐτόν.

1115 2514 1150 2541 44
1168 2515 1246 2546 Τινὲς
1266 2515 1296 2542 δὲ
1319 2515 1413 2551 ήθελον
1433 2515 1463 2548 ἐξ
1478 2515 1567 2542 αὐτῶν
1584 2515 1680 2542 πιάσαι
1697 2515 1796 2542 αὐτόν·
1813 2516 1873 2543 ἀλλ’

1080 2555 1167 2588 οὐδεὶς
1184 2556 1315 2583 ἐπέϐαλεν
1326 2556 1369 2582 ἐπ’
1384 2556 1465 2583 αὐτὸν
1478 2556 1527 2588 τὰς
1539 2557 1642 2592 χεῖρας,

1115 2597 1151 2624 45
1170 2595 1271 2624 Ἱιλθον
1293 2595 1340 2624 οὖν
1359 2599 1383 2624 οἱ
1405 2598 1541 2634 ὑπηρέται
1558 2598 1627 2634 πρὸς
1645 2598 1709 2629 τοὺς
1730 2598 1875 2634 ἀρχιερεῖς

1081 2640 1127 2666 καὶ
1146 2639 1323 2676 Φαρισαίους·
1333 2641 1380 2666 καὶ
1392 2638 1468 2667 εἷπον
1482 2640 1573 2671 αὐτοῖς
1587 2640 1686 2667 ἐκεῖνοι
1697 2647 1703 2654 ·
1714 2640 1765 2667 Διὰ
1778 2641 1807 2667 τί
1821 2642 1875 2668 οὐκ

1080 2683 1199 2716 ἠγάγετε
1214 2681 1295 2708 αὐτόν
1305 2689 1312 2713 ;

1117 2723 1152 2750 46
1177 2722 1375 2758 ΙΑπεκρίθηααν
1400 2723 1424 2749 οἱ
1450 2722 1602 2758 ὑπηρέται·
1625 2722 1762 2750 οὐδέποτε
1784 2724 1874 2755 οὕτως

1082 2763 1212 2798 ἐλάλησεν
1226 2763 1378 2799 ἄνθρωπος,
1398 2764 1435 2796 ὡς
1449 2761 1526 2795 οὗτος
1539 2765 1553 2790 ὁ
1569 2763 1723 2799 ἄνθρωπος.

1116 2806 1150 2832 47
1176 2805 1376 2841 Ἀπεκρίθησαν
1388 2803 1434 2832 οὖν
1445 2806 1536 2836 αὑτοῖς
1549 2806 1572 2832 oi
1588 2806 1729 2840 Φαρισαῖοι
1740 2814 1748 2822 ·
1764 2806 1811 2840 Μὴ
1823 2806 1872 2835 καὶ

1082 2847 1160 2882 ὑμεῖς
1177 2845 1348 2881 πεπλάνησθε
1360 2854 1367 2879 ;
