1953 3040
93 173 148 202 813

95 231 257 268 Πειθόμενοι
271 229 370 257 κείνοιο
386 229 502 265 νοήμασι
513 238 519 261 ;
531 229 565 257 48
579 230 624 266 Μή
638 238 680 262 τις
694 229 723 262 ὲς
736 229 817 256 αὐτὸν

102 277 260 313 Ἦγεμόνων
276 275 430 307 πίστευσεν,
448 274 464 310 ἢ
479 275 610 310 ἀγχινόων
627 275 798 311 Φαρισαίωνς

97 324 133 352 49
150 324 182 350 Εἰ
199 323 236 359 μὴ
250 323 347 358 δήμιος
363 318 441 355 οὗτος
455 321 607 354 ἀτάσθαλος
623 322 707 357 ἐσμὸς
721 322 834 359 ἀλήτης,

100 371 149 402 Ὃς
169 369 250 405 νόμον
263 367 412 403 ἀγνώσσων
433 368 606 404 βακχεύεται,
628 368 745 403 ἔμπλεος
762 368 842 404 ἀρῆς.
867 384 872 392 ι

97 417 133 444 ξ’ίῦ
158 416 268 451 Ἀφνειῇ
280 415 308 443 δὲ
326 415 446 450 φάλαγγι
458 414 527 450 χέων
544 416 718 451 νεμεσήμονα
730 415 821 451 φωνὴν

103 462 272 498 Ἀγχιφανὴς
284 462 439 498 Νικόδημος
452 461 591 496 ἀμείϐετο,
605 462 707 494 πάντας
717 462 836 498 ὲλέγχων
846 471 853 477 ·

96 510 156 545 86
174 509 204 536 5I
226 509 273 544 Μὴ
290 508 345 544 γὰρ
366 508 503 535 Ἰουδαίων
525 507 607 544 νόμος
629 507 721 541 ἔνθεος
737 508 794 542 ὀξέῖ
813 509 891 544 θυμῷ

97 553 160 582 Οἵδε
171 555 359 591 κατακρίνειν,
373 555 397 581 εί
411 554 448 590 μὴ
467 554 554 589 πάρος
565 554 661 590 ἀνδρὸς
672 554 779 582 ἀκούων
898 551 901 555 ’

97 600 285 636 Φθεγγομένου
302 600 403 636 κρίνειε
414 599 575 632 δικασπόλος
590 599 685 636 ίδμονα
697 600 800 636 φωνὴν,

99 646 189 681 Ἔργα
200 645 289 680 τάπερ
297 645 383 672 τελέει
395 644 479 672 νοέων
490 644 543 672 ὑπὸ
555 645 672 682 μάρτυρι
689 645 766 682 μύθῳ
776 654 784 679 ;

98 691 134 718 52
153 692 207 718 Καὶ
219 692 300 727 χορδς
311 692 458 728 ἀντιάχησε
474 691 675 728 θεμιστοπόλων
689 693 854 729 Φαρισαίων,

98 738 282 773 Μεμφόμενος
295 737 452 773 Νικόδημον
463 738 595 774 ἀμεμφέα
607 747 613 753 ·
637 738 684 774 Μὴ
703 739 735 766 σὺ
751 739 798 766 καὶ
811 739 892 772 αὐτὸς

99 782 176 820 Αἷμα
187 784 281 820 φέρεις
294 783 449 817 Γαλιλαῖον;
465 784 600 820 ἀμοιΰάδα
612 785 702 820 βίϐλον
716 785 832 814 ἑλίσσων

100 830 182 862 Ἔζεο
202 829 355 865 μαστεύων,
373 830 421 857 καὶ
434 830 554 864 γνώσεαι
569 831 628 857 ὅττι
642 831 770 867 προφήτῃ

99 872 184 900 Οὔπω
199 873 391 910 ποικιλόμυθος
406 873 542 909 ἐγείρεται
554 875 587 902 ἐκ
598 875 754 912 Γαλιλαίας.

101 1209 161 1245 88
185 1210 220 1237 12
244 1210 348 1247 Ἰησοῦς
359 1212 381 1239 δ’
393 1212 520 1249 ἀγόρευε,
532 1214 602 1250 χέων
613 1216 741 1244 λαοσσόον
751 1218 836 1254 αὐδήν
845 1227 852 1234 ’

104 1256 171 1292 Είμὶ
185 1257 253 1291 φάος
267 1258 380 1294 κόσμοιο
394 1259 540 1296 λιπαυγέος
549 1270 556 1277 '
569 1262 598 1294 ὃς
609 1262 637 1289 δέ
651 1271 696 1299 μοι
707 1263 776 1300 ἀνὴρ

104 1302 203 1330 Πιστδν
215 1304 399 1340 ὁμαρτήσειεν
410 1305 479 1342 έχων
492 1307 562 1340 νόον,
574 1307 671 1336 οὔποτε
685 1309 770 1344 βαίνει

105 1348 207 1375 Ποσσὶν
218 1349 384 1385 ἀλωμένοις
397 1353 531 1381 σκιοειδέα
547 1354 632 1381 κῶνον
648 1355 773 1391 ὁμίχλης,

111 1393 194 1420 Ἀλλὰ
211 1396 417 1430 καταυγάζειεν,
436 1396 505 1433 ἔχων
519 1398 663 1434 ὀμόφοιτον
677 1401 707 1426 ὲν
721 1400 795 1436 αὐτῷ

107 1437 187 1473 Ζωῆς
200 1438 337 1472 ἀπλανέος
353 1440 421 1475 φάος
435 1441 561 1476 ἔμπεδον.
577 1442 610 1470 15
629 1443 780 1480 Ἀπτοεπὴς
793 1443 822 1470 δὲ

105 1484 180 1516 Δαδς
198 1485 333 1513 Ἰουδαίων
347 1487 498 1523 ὲπεόόμσεε
512 1488 588 1515 θυάδι
601 1490 676 1524 φωνῇ
687 1497 695 1505 ο

105 1531 270 1568 Μαρτυρίην
286 1532 355 1568 ίδίην
371 1533 476 1566 ὲνέπεις
489 1534 619 1570 ὑψαύχενι
637 1535 730 1571 μύθῳ·

542 168 784 198 PARAPIIIIASIS
805 168 836 196 iN
855 165 1027 197 JUANNEM.
1047 181 1081 187 —
1098 165 1174 194 CAP.
1193 165 1262 194 VIII.

1676 168 1729 197 8H

902 231 925 260 Α
940 226 1054 255 tentiis?
1069 226 1104 254 18
1127 225 1196 253 Num
1212 223 1312 261 aliquis
1338 223 1364 251 in
1377 230 1438 252 eum
1454 222 1612 259 Principum
1630 224 1729 256 credit,

940 280 981 308 vel
996 279 1194 316 perspicacium
1207 276 1428 305 Pharisaeorum?
1453 276 1488 304 49
1505 275 1564 304 Nisi
1588 277 1732 312 popularis

941 326 985 354 hic
1010 325 1152 361 improbus
1176 328 1266 352 coetus
1285 329 1393 352 errans.
1414 321 1466 355 Qui
1490 322 1575 358 legem
1601 323 1733 358 ignorans

942 371 1053 404 insanit,
1073 371 1171 406 plenus
1186 367 1436 398 exsecrationibus.
1461 367 1495 395 50
1510 367 1666 396 Abundanti
1681 376 1732 396 au-

940 421 994 445 tem
1009 417 1112 453 agmini
1135 416 1252 444 fundens
1274 413 1489 450 objurgatricem
1510 421 1604 441 vocem
1620 413 1733 442 Vicinus

942 464 1106 492 Nicodemus
1137 462 1302 495 respondit,
1333 468 1429 489 omnes
1453 461 1619 496 redarguens
1645 469 1652 488 :
1678 461 1733 496 87

941 510 972 537 51
986 509 1055 537 Num
1067 516 1132 538 vero
1140 507 1296 536 Iudaeorum
1308 507 1350 534 lex
1362 506 1453 535 divina
1465 507 1545 535 celeri
1555 507 1646 534 animo
1656 506 1737 534 Novit

941 553 1134 586 condemnare,
1154 552 1208 581 nisi
1231 556 1311 580 antea
1325 552 1414 580 virum
1434 552 1548 579 audiens
1568 551 1737 586 Loquentem

939 600 1104 636 judicaverit
1119 599 1203 636 judex
1224 599 1328 627 sciente
1342 606 1420 632 voce,
1437 598 1526 634 Opera
1549 605 1610 633 qu:e
1632 597 1738 633 perficit

942 653 1112 682 cognoscens
1140 645 1306 674 testiﬁcante
1339 651 1466 672 sermone
1484 644 1497 671 ?
1522 643 1557 671 52
1586 643 1620 671 Et
1649 648 1739 672 coetus

943 693 1086 728 respondit
1107 692 1330 728 legisperitorum
1351 690 1564 723 Pharisaeorum,
1579 689 1739 725 Reprehen-

943 738 1011 766 dens
1033 738 1212 767 Nicodemum
1241 738 1535 773 irreprehensibilem:
1565 735 1635 764 Num
1658 740 1686 764 et
1709 740 1739 764 tu

944 785 1002 820 ipse
1025 783 1194 820 Sanguinem
1221 783 1277 812 fers
1295 783 1458 811 Galilaaum?
1480 784 1614 811 alternum
1638 783 1738 810 librum

943 831 1055 859 volvens
1074 830 1145 858 Sede
1173 830 1325 866 inquirens,
1353 833 1380 857 et
1404 837 1556 865 cognosces
1579 829 1652 864 quod
1676 837 1740 864 pro-

944 877 1025 912 pheta
1041 875 1185 911 Nunquam
1203 875 1324 904 disertus
1338 875 1473 903 excitatur
1488 883 1522 903 ex
1541 874 1662 902 Galilma.
1676 874 1740 911 [Rc-

945 922 1018 956 liqua
1032 922 1239 958 deaiderantur.]

1262 1043 1338 1071 CAP.
1360 1042 1427 1070 VIII.

980 1215 1037 1252 89
1056 1215 1090 1242 12
1110 1214 1189 1244 Iesus
1202 1218 1292 1242 autem
1304 1214 1382 1246 dixit,
1402 1213 1520 1243 fundens
1535 1213 1665 1250 populum
1684 1221 1745 1242 ser-

947 1268 1056 1290 vantem
1071 1269 1182 1290 vocem:
1199 1260 1265 1288 Sum
1280 1261 1327 1288 lux
1339 1260 1433 1288 mundi
1444 1261 1569 1289 obscuri:
1587 1260 1745 1296 quicunque

948 1315 992 1336 me
1007 1308 1049 1335 vir
1077 1307 1198 1335 Fidelem
1226 1311 1339 1335 secutus
1370 1306 1454 1334 fuerit
1481 1306 1585 1334 habens
1614 1309 1744 1339 mentem,

949 1360 1089 1389 nunquam
1120 1353 1224 1381 incedit
1252 1352 1371 1381 Pedibus
1395 1353 1552 1380 errantibus
1584 1353 1745 1380 umbrosum

950 1407 999 1435 per
1015 1407 1114 1427 conum
1132 1399 1270 1434 caliginis.
1289 1398 1342 1426 Sed
1363 1397 1527 1434 splendebit,
1540 1397 1645 1426 habens
1660 1398 1747 1426 comi-

951 1448 1005 1472 tem
1022 1445 1048 1472 in
1074 1445 1134 1480 ipso
1156 1443 1226 1472 Vitae
1246 1451 1301 1471 non
1318 1444 1437 1472 errantis
1464 1444 1553 1477 lucem
1570 1443 1686 1471 ﬁrmam.
1712 1443 1747 1471 I5

953 1489 1102 1518 Maledicus
1127 1493 1218 1517 autem
1247 1489 1369 1524 Populus
1391 1488 1547 1517 Iudaeorum
1571 1489 1748 1524 obstrepebat

953 1535 1061 1563 furente
1082 1543 1169 1564 voce:
1194 1534 1394 1564 Testimonium
1414 1535 1555 1571 proprium
1572 1535 1642 1564 dicis
1659 1535 1747 1571 jacta-

106 1577 256 1613 Μάρτυρος
266 1578 297 1604 οὐ
309 1577 354 1604 σέο
367 1578 450 1614 μῦθος
461 1580 606 1615 ἐτήτυμος.
620 1580 652 1606 14
663 1577 731 1607 Εῐπε
744 1580 791 1607 καὶ
803 1580 885 1612 αὑτός

959 1582 1046 1609 mundo
1061 1582 1162 1616 verbo;
1188 1581 1353 1610 Testiﬁcans
1375 1585 1439 1610 tuus
1455 1589 1547 1610 sermo
1566 1590 1621 1610 nor.
1645 1586 1748 1610 estve-

107 1623 237 1658 Πὼσσης
252 1624 359 1652 ἀενάοιο
374 1625 517 1661 θεόρῤυτον
529 1626 632 1662 ὕμόρον
645 1625 753 1658 [ἀλλων.

108 1671 141 1697 Et
155 1670 202 1697 καὶ
218 1671 398 1708 μαρτυρίῃσιν
416 1671 482 1707 ὲμδν
498 1672 576 1704 κλέος
587 1672 666 1704 αὐτος
679 1671 760 1706 ἀέξω,

113 1716 247 1752 Ἀψευδὴς
259 1717 323 1744 πέλε
339 1718 443 1754 μάρτυς
461 1718 526 1754 ἐμὸς
536 1718 616 1753 λόγος
633 1726 639 1733 ·
651 1718 805 1755 ἀμφότερον
818 1719 846 1746 δὲ

107 1763 215 1795 Μοῦνος
226 1763 280 1798 ἐγὼ
296 1763 363 1791 νοέω
378 1765 458 1792 πόθεν
471 1764 578 1800 ἤλυθον,
593 1765 609 1800 ἢ
622 1764 684 1791 πόθι
701 1765 784 1801 βαίνω
795 1773 802 1780 ·

955 1635 1012 1656 rns.
1034 1628 1067 1656 11
1085 1627 1158 1655 Dixit
1177 1631 1267 1656 autem
1283 1629 1328 1656 ille
1347 1628 1479 1664 :Linguae
1493 1633 1602 1656 aeternae
1620 1628 1748 1657 ﬂuentem

955 1682 970 1701 a
998 1673 1052 1702 Deo
1077 1673 1191 1702 imbrem
1220 1674 1349 1707 mittens,
1381 1674 1439 1702 Etsi
1470 1675 1635 1704 testimoniis
1661 1682 1749 1703 meam

955 1719 1070 1755 gloriam
1098 1720 1157 1756 ipse
1175 1727 1288 1752 auxero,
1318 1719 1406 1748 Verus
1425 1723 1467 1748 est
1494 1720 1646 1750 testilieans
1672 1728 1750 1749 meus

955 1773 1046 1793 sermo
1069 1769 1214 1802 utrumque
1233 1773 1296 1799 vero
1308 1765 1390 1793 Solus
1406 1773 1456 1801 ego
1470 1766 1629 1799 novi,unde
1648 1767 1709 1794 veni
1723 1771 1751 1795 et

712 1819 853 1848 TEXTUS
873 1815 1139 1848 EVANGELIST/E.

145 1878 181 1906 48
200 1879 245 1914 Μή
258 1887 300 1911 τις
316 1879 348 1905 ὲκ
362 1879 416 1906 τῶν
430 1879 568 1915 ἀρχόντων
585 1879 745 1906 ἐπίστευσεν
759 1879 799 1911 εἰς
812 1879 904 1913 αὐτὸν,

111 1919 128 1955 ἦ
148 1921 182 1947 ὲκ
202 1920 256 1947 τῶν
270 1920 440 1956 Φαρισαίων;

151 1963 187 1990 49
212 1962 282 1989 Ἀλλ’
312 1963 326 1989 ὁ
346 1963 424 1999 ὄχλος
444 1960 521 1995 οὗτος
535 1964 550 1990 ό
566 1963 612 1999 ’μὴ
636 1962 777 1998 γινώσκων
790 1962 835 1989 τὸν
862 1962 906 1989 νό-

114 2013 175 2040 μον,
193 2005 388 2042 ἐπικατάρατοί
403 2007 465 2033 εισι.

149 2046 184 2074 50
204 2047 284 2081 Λέγει
298 2048 452 2083 Νικόδημος
468 2048 535 2084 πρὸς
547 2048 655 2079 αὐτοὺς,
674 2048 688 2074 ὁ
707 2047 792 2074 ἐλθὼν
807 2048 904 2079 νυκτὸς

114 2088 183 2125 πρὸς
195 2089 286 2122 αὑτὸν,
301 2088 341 2121 εἷς
354 2089 392 2116 ὢν
409 2089 438 2122 ἐξ
452 2089 541 2116 αὐτῶν
551 2097 558 2104 ·

150 2130 182 2158 51
207 2130 249 2167 Μὴ
262 2131 277 2157 ό
290 2131 372 2167 νόμος
385 2131 464 2167 ἡμῶν
477 2131 565 2167 κρίνει
576 2131 621 2158 τὸν
639 2130 791 2166 ἄνθρωπον.
810 2130 857 2158 ἐὰν
870 2129 907 2166 μὴ

114 2171 222 2208 ἀκούσῃ
238 2173 304 2208 παρ’
319 2172 401 2200 αὑτοῦ
419 2173 562 2210 πρότερον,
576 2173 623 2200 καὶ
637 2172 693 2208 γνῷ
707 2172 732 2199 τί
747 2173 836 2205 ποιεί;

152 2214 187 2241 ὕὶ
212 2214 414 2250 Ἀπεκρίθησαν
432 2215 480 2242 καὶ
494 2214 571 2242 εἶπον
587 2213 678 2250 αὐτῷ’
696 2214 743 2250 Μὴ
762 2215 810 2241 καὶ
831 2214 862 2240 σὺ
876 2215 907 2240 ὲκ

113 2255 165 2302 τῇς
178 2255 322 2308 ἱαλιλαίρς
336 2255 378 2307 εἷ
393 2256 540 2308 ὲρεύινησον
553 2257 601 2283 καὶ
614 2256 652 2283 ῐδε
664 2256 706 2282 ὅτι
723 2256 864 2292 προφήτης
876 2256 908 2283 ὲκ
925 2279 949 2308 D

113 2297 166 2332 τῆς
185 2294 331 2330 Γαλιλαίας
346 2299 397 2325 οὐκ
415 2299 574 2334 ἐγήγερται.

152 2338 187 2366 53
206 2339 261 2366 Καὶ
280 2340 415 2376 ἐπορεύθη
428 2340 543 2372 ἕκαστος
560 2341 601 2372 εἰς
613 2341 659 2368 τὺν
673 2339 745 2368 οἷκον
762 2340 853 2367 αὐτοῦ.

442 2403 522 2432 ΚΕΦ,
545 2405 585 2432 II'.

153 2460 166 2488 I
194 2461 300 2497 Ἰησοῦς
322 2463 350 2490 δὲ
372 2463 507 2498 ἐπορεύθη
524 2465 565 2495 εἰς
580 2463 611 2490 τὸ
634 2463 696 2499 ὅρος
710 2463 764 2489 τῶν
785 2463 908 2490 Ἐλαιῶν.

153 2503 171 2530 2
191 2503 308 2540 Ὀρθρου
330 2505 358 2531 δὲ
379 2505 460 2532 πάλιν
477 2506 643 2541 παρεγένετο
660 2506 699 2536 εἰς
716 2505 746 2531 τὸ
764 2505 845 2540 ἱερὸν,
865 2506 912 2532 καὶ

118 2545 174 2576 uti;
188 2546 203 2571 ό
223 2545 286 2577 λαὸς
310 2547 410 2583 ἤρχετο
424 2547 491 2582 πρὸς
510 2547 592 2574 αὐτόν
603 2556 609 2562 ·
630 2547 678 2574 καὶ⁸
693 2546 809 2578 καθίσας
827 2547 912 2574 ἐδίδα-

119 2594 185 2613 σκεν
199 2586 307 2619 αὐτούς.

154 2628 172 2654 3
192 2629 306 2661 Ἀγουσι
318 2629 346 2656 δὲ
359 2630 384 2656 ot
397 2629 573 2666 Γραμματετς
587 2630 634 2657 καὶ
647 2631 672 2657 οἱ
686 2631 828 2667 Φαρισαῖοι
843 2631 912 2666 πρὸς

119 2669 202 2696 αν¹ιτδν
218 2672 333 2704 γυναῖκα
349 2672 378 2698 ὲν
402 2671 510 2708 μοιχείᾳ
531 2672 754 2708 κατειλημμένην
767 2681 772 2686 “
789 2672 836 2700 καὶ⁹
849 2672 913 2708 στή-

121 2719 218 2743 σαντες
230 2712 313 2748 αὺτὴν
328 2712 358 2739 ὲν
376 2713 451 2748 μέσῳ
461 2733 468 2743 ,

155 2752 174 2779 4
192 2753 322 2786 Λέγουσιν
337 2755 411 2790 αὐτῷ
421 2763 428 2770 ·
443 2754 602 2789 Διδάσκαλε,
624 2755 693 2791 αὓτη
709 2756 725 2792 ἡ
739 2755 806 2791 γυνὴ
819 2764 912 2782 κατει-

120 2793 211 2829 λήφθη
227 2795 413 2832 ἑπαυτοφώρῳ
432 2797 628 2832 μοιχευομένη·

158 2835 177 2861 5
200 2835 244 2862 Ἐν
257 2836 285 2863 δὲ
300 2836 339 2871 τῷ
351 2838 426 2873 νόμῳ
440 2839 543 2872 Μωσῆς
556 2840 623 2874 ἡμῖν
639 2839 789 2867 ἐνετείλατο
804 2841 852 2872 τὰς
863 2849 914 2867 τοι-

122 2876 207 2909 ιύτας
224 2877 419 2906 λιθοϐολεῖσθαι
430 2889 437 2896 ·
453 2881 485 2907 σὺ
501 2878 547 2907 οὖν
561 2880 586 2907 τί
599 2881 706 2916 λέγεις;

157 2916 176 2946 ϐ
195 2919 280 2947 Τοῦτο
306 2921 336 2948 δὲ
355 2920 450 2956 ἔλεγον
470 2922 646 2958 πειράζοντες
663 2923 754 2955 αὑτὸν,
771 2924 814 2950 ἵνα
831 2923 913 2959 ἔχωσι

960 1880 1125 1914 κατηγορεῖν
1135 1878 1229 1906 αὐτοῦ.
1249 1879 1280 1907 '0
1295 1879 1323 1906 δὲ
1342 1879 1447 1915 Ἰησοῦς
1456 1879 1531 1906 κάτω
1542 1879 1642 1914 κύψας,
1658 1879 1697 1915 τῷ
1707 1880 1753 1908 δα-

961 1920 1052 1955 κτύλῳ
1064 1920 1183 1955 ἔγραφεν
1197 1921 1237 1952 είς
1251 1921 1301 1955 τὴν
1317 1921 1380 1957 γῆν.

998 1963 1013 1989 7
1038 1962 1082 1994 Ὠς
1105 1963 1134 1989 δὲ
1160 1963 1292 1997 ἐπέμενον
1316 1963 1472 1999 ἐρωτῶντες
1495 1963 1586 1995 αὑτὸν,
1612 1963 1753 1998 ἁνακύψα;

962 2002 1022 2031 εἷπε
1039 2004 1107 2039 πρὸς
1127 2003 1242 2036 αὐτούς·
1271 2004 1300 2030 Ὀ
1319 2005 1510 2040 ἀναμάρτητος
1535 2004 1625 2040 ὑμῶν,
1644 2005 1753 2040 πρῶτος

958 2046 1004 2072 τὸν
1016 2045 1089 2072 λίθον
1106 2045 1150 2072 ἐπ’
1168 2045 1236 2081 αὐτῇ
1254 2045 1367 2081 βαλέτω.

995 2087 1011 2113 8
1031 2087 1086 2114 Καὶ
1105 2087 1186 2114 πάλιν
1199 2087 1274 2114 κάτω
1287 2087 1386 2122 κύψας,
1400 2088 1518 2122 ἔγραφεν
1536 2089 1575 2119 εἰς
1587 2087 1636 2123 τὴν
1651 2088 1715 2123 γῆν.

995 2129 1011 2155 9
1031 2129 1063 2155 Οί
1086 2129 1124 2162 δὲ,
1151 2128 1318 2161 ἀκούσαντες
1342 2129 1390 2156 καὶ
1414 2129 1467 2155 ὑπὸ
1493 2129 1543 2164 τῆς
1574 2129 1752 2165 συνειδήσεως

960 2170 1145 2206 ἐλεγχόμενοι,
1169 2170 1315 2206 ἐξήρχοντο
1337 2168 1376 2203 εἷς
1396 2170 1457 2197 καθ’
1470 2167 1520 2202 εἷς,
1535 2170 1683 2206 ἀρξάμενοι
1699 2171 1753 2198 ἀπὸ

961 2213 1014 2239 τῶν
1029 2211 1221 2251 πρεσΰυτέρων
1234 2212 1287 2244 ἕως
1302 2212 1356 2239 τῶν
1371 2212 1491 2247 ἐσχάτων
1503 2221 1509 2228 ·
1525 2212 1572 2238 καὶ
1588 2212 1752 2248 κατελείφθη

963 2254 1044 2290 μόνος
1060 2262 1074 2280 ο
1092 2254 1208 2288 Ἰησοῦς,
1224 2254 1299 2289 καὶὴ
1315 2255 1383 2290 γυνὴ
1401 2255 1429 2280 ὲν
1448 2254 1522 2289 μέσῳ
1537 2254 1654 2282 ἑστῶσα.

999 2295 1032 2322 10
1057 2295 1210 2330 ’Λνακύψας
1223 2295 1251 2322 δὲ
1263 2297 1277 2322 ό
1293 2295 1406 2331 Ἰησοῦς,
1415 2295 1463 2323 καὶ
1474 2295 1574 2331 μηδένα
1585 2296 1754 2331 θεασάμενος

961 2337 1030 2373 πλὴν
1043 2338 1093 2373 τῆς
1105 2337 1244 2371 γυναικὸς,
1262 2335 1339 2364 εἶπεν
1353 2338 1439 2373 αὐτῇ·
1461 2337 1494 2364 Ἦ
1513 2337 1592 2373 γυνὴ,
1615 2339 1667 2365 ποῦ
1685 2340 1754 2366 εἰσιν

961 2381 1060 2407 ἐκεῖνοι
1076 2380 1100 2406 ot
1116 2379 1264 2414 κατήγοροί
1278 2387 1342 2410 σου;
1357 2379 1443 2411 οὐδείς
1459 2388 1490 2406 σε
1505 2380 1683 2415 κατέκρινενς

1000 2421 1027 2448 11
1056 2420 1089 2447 'H
1110 2421 1139 2447 δὲ
1164 2418 1254 2447 εἶπεν·
1282 2421 1387 2454 Οὐδεὶς,
1405 2421 1501 2457 Κύριε.
1523 2419 1590 2448 Εἶπε
1610 2422 1638 2449 δὲ
1653 2423 1721 2459 αὐτῇ
1741 2425 1756 2451 ὁ

969 2462 1088 2498 ’ίησοῦς’
1116 2462 1183 2489 Οὐδὲ
1212 2462 1267 2496 ἐγώ
1286 2471 1316 2489 σε
1342 2463 1514 2498 κατακρίνω·
1547 2464 1676 2499 πορεύου,
1706 2466 1756 2493 καὶ

965 2504 1063 2541 μηκέτι
1077 2505 1228 2541 ἁμάρτανε.

1000 2547 1032 2574 12
1052 2546 1138 2573 Πάλιν
1160 2544 1206 2573 οὖν
1230 2547 1244 2573 ό
1272 2546 1375 2582 Ἰησοῦς
1398 2547 1490 2579 αὺτοῖς
1506 2547 1633 2583 ἐλάλησε,
1647 2549 1753 2584 λέγων·

970 2588 1040 2622 Ἐγώ
1056 2589 1114 2624 εἰμι
1133 2588 1164 2615 τὸ
1179 2588 1237 2623 φῶς
1251 2588 1298 2615 τοῦ
1314 2588 1418 2624 κόσμου
1428 2597 1435 2604 θ
1453 2590 1468 2618 ὁ
1482 2590 1635 2617 ἀκολουθῶν
1650 2591 1712 2626 ἐμοὶ
1724 2592 1755 2618 οὺ

965 2629 1002 2666 μὴ
1015 2631 1197 2666 περιπατήσει
1221 2630 1250 2657 ὲν
1264 2631 1296 2665 τῇ
1319 2629 1424 2666 σκοτίᾳ,
1435 2629 1492 2657 ἀλλ’
1518 2631 1572 2664 ἕξει
1587 2632 1617 2659 τὸ
1633 2632 1691 2666 φῶς
1706 2633 1756 2668 τῆς

965 2671 1046 2706 ζωῆς-

1001 2713 1035 2740 15
1053 2712 1136 2741 Εἶπον
1148 2712 1194 2742 οὖν
1211 2714 1285 2750 αὐτῷ
1295 2715 1320 2741 οἱ
1335 2715 1476 2751 Φαρισαῖοι
1487 2724 1494 2730 ·
1510 2716 1546 2742 Σὺ
1562 2715 1626 2749 περὶ
1641 2714 1757 2742 σεαυτοῦ

966 2757 1130 2792 μαρτυρεῖς-
1150 2758 1166 2790 ἡ
1182 2757 1317 2792 μαρτυρία
1339 2766 1385 2784 σου
1403 2757 1454 2784 οὐκ
1466 2757 1540 2783 ἐστιν
1554 2756 1667 2792 ἀληθής.

1001 2797 1034 2824 II
1060 2798 1206 2833 ’Λπεκρίοη
1227 2799 1332 2832 Ἰησοῦς
1349 2799 1396 2825 καὶ
1415 2797 1491 2825 εἶπεν
1508 2798 1615 2829 αὐτοῖς⁸
1630 2797 1689 2823 Κᾶν
1701 2797 1758 2831 ἐγὼ

967 2839 1097 2874 μαρτυρῶ
1116 2841 1181 2875 περὶ
1205 2840 1336 2874 ὲμαυτώ,
1355 2841 1456 2877 ἀληθής
1478 2842 1552 2867 ἐστιν
1579 2841 1596 2875 ἡ
1621 2840 1758 2875 μαρτυρέα

967 2889 1036 2916 μου’
1057 2881 1098 2907 ὅτι
1113 2880 1172 2908 οἶδα
1190 2882 1272 2909 πόθεν
1291 2881 1383 2917 ἦλθον,
1401 2884 1447 2909 καὶ
1468 2881 1519 2908 πού
1544 2882 1658 2914 ὑπάγω·
1677 2881 1758 2916 ὑμεῖς

965 2922 991 2948 δὲ
1009 2922 1060 2949 οὐκ
1071 2922 1160 2950 οἴδατε
1176 2923 1258 2950 πόθεν
1273 2923 1399 2960 ἔρχομαι,
1413 2923 1459 2950 καὶ
1476 2923 1526 2949 ποῦ
1542 2923 1649 2957 ὑπάγω.
