1953 3040
202 195 252 223 szs
833 168 938 212 NoNNI
958 179 1211 211 muemunm
1247 193 1254 199 κ

1775 174 1833 203 816

200 257 254 286 quo
264 247 332 276 vado
340 246 405 276 :Vos
414 251 503 275 autent
509 244 622 273 nescitis
632 242 703 272 unde
713 241 851 274 sim,unde
860 240 990 269 venerim.

1066 238 1142 274 ι’μεῖς
1151 238 1174 265 δ’
1189 236 1239 263 οὑκ
1251 234 1346 270 eam:
1359 232 1441 260 πόθεν
1451 231 1580 267 γενόμην,
1592 230 1674 257 πόθεν
1690 230 1782 265 ἔστην.

200 293 304 329 9015
321 292 376 320 Vos
397 291 562 326 aspicientes
584 296 672 317 meam
695 288 843 315 humanam
861 286 988 317 formam,

201 337 354 369 llumanafn
373 340 451 375 juxta
466 346 576 367 carnem
591 336 724 373 judicatis
743 335 830 364 inscio
850 341 988 362 sermone.

201 389 340 418 Neminem
361 387 471 423 quidem
487 386 582 422 judico
599 385 666 421 legis
686 385 802 420 peritum
819 391 850 410 os
869 383 988 410 solvens.

202 438 236 464 16
257 436 286 464 Si
304 443 368 463 vero
382 441 409 462 et
421 435 586 469 judicarem,
605 433 740 469 justitiam
762 435 863 459 rectam
882 429 987 457 discer—

204 493 281 518 nens,
292 483 438 511 lul‘alllbile
456 487 483 511 et
497 483 666 517 inculpatum
688 487 776 508 meum
791 484 832 507 est
844 479 989 514 judicium;

203 541 258 561 non
273 532 344 560 enim
363 531 530 567 redarguens
544 530 610 558 Sum
630 529 716 560 solus,
731 529 817 556 habeo
831 535 896 554 vero
910 531 936 554 et
950 526 991 552 al-

204 583 362 617 tlregeutem
379 580 486 607 Patrem
497 601 504 613 ,
525 579 703 606 Communem
719 585 808 605 meum
827 575 991 610 adjutorem.

206 630 239 656 17
259 629 287 656 lu
304 632 393 657 vestra
419 633 508 656 autem
526 627 584 662 lege
602 626 647 653 Est
675 633 754 654 sacro
775 625 910 660 signatum
929 630 992 657 pru-

205 677 279 705 denti
296 677 323 704 in
342 676 411 704 libro
429 674 644 703 :Testimonium
663 673 780 701 duorum
797 673 877 700 aliter
892 678 994 699 sonans

206 727 249 751 est
275 723 405 749 virorum.
431 721 464 748 l8
479 719 567 748 Verax
595 727 645 755 ego
669 727 729 747 sum
749 719 827 746 testis
850 718 909 753 ipse
928 717 994 744 mihi

207 771 271 807 ipsi,
287 770 439 799 Commune
467 768 653 796 testimonium
669 772 696 795 et
719 775 795 795 meus
817 766 895 793 Pater
917 765 993 793 dicit.

208 819 241 847 19
261 818 367 846 llebrzei
383 825 448 844 vero
472 817 675 851 interrogarent
702 815 863 850 responsivo
877 813 994 849 quodam

208 874 350 895 sermone:
362 865 429 899 Quis
442 868 484 892 est
497 865 543 900 qui
559 869 585 891 te
597 862 816 899 plantavitPater
826 862 909 890 tuus?
925 860 997 888 Dixit

1039 283 1092 318 91
1115 283 1149 310 15
1173 281 1268 318 Ὑμεῖς
1282 279 1455 314 εἰσορόωντες
1467 277 1536 313 ἐμὴν
1549 277 1700 312 βροτοειδέα
1712 277 1833 312 μορφὴν,

1046 329 1209 365 Ἀνδρομέην
1222 326 1292 354 κατὰ
1313 326 1401 361 σάρκα
1417 323 1541 356 δικάζετε
1552 323 1622 358 νήῖδι
1636 323 1722 358 μύθῳ.

1040 375 1139 402 Οὖτινα
1155 373 1204 409 μὲν
1220 372 1339 408 κρίκοιμι
1352 369 1548 405 θεμιστοπόλον
1564 369 1652 404 στόμα
1664 368 1765 400 λύσας’

1041 422 1075 449 16
1093 421 1125 448 Εἰ
1137 420 1160 446 δ’
1172 419 1227 454 ἄρα
1240 418 1287 445 καὶ
1302 418 1434 453 κρίνοιμι,
1448 415 1526 450 δίκην
1542 415 1627 442 ἰθεῖαν
1640 414 1750 450 ὁρίζων,

1041 467 1189 504 Νημερτὴς
1205 466 1253 492 καὶ
1268 465 1410 500 ἄμεμπτος
1421 463 1475 498 έμὴ
1486 462 1577 498 κρίσις
1586 472 1593 477 -
1607 462 1638 488 οὑ
1649 461 1703 497 γὰρ
1715 461 1838 496 ἐλέγχων

1042 514 1106 549 Εἰμὶ
1120 513 1209 549 μόνος,
1226 511 1336 547 μεθέπω
1351 510 1379 537 δὲ
1402 510 1448 536 καὶ
1464 509 1627 544 ὑψιμέδοντα
1642 508 1745 543 Τοκῆα,

1042 558 1125 586 Ξυνδν
1141 558 1207 593 ὲμὸν
1225 556 1379 584 σονάεθλον.
1401 555 1433 582 17
1458 556 1502 581 Ἐν
1515 554 1670 590 ὑμετέροισι
1682 554 1709 580 δὲ
1724 553 1839 588 θεσμοῖς

1045 606 1123 631 Ἔστι
1140 603 1302 638 θεογλώσσῳ
1318 601 1525 638 κεχαραγμένον
1543 600 1659 635 ἔμφρονι
1675 598 1774 635 βίϐλῳ-

1044 649 1186 686 Μαρτυρίη
1203 648 1320 683 διδύμων
1338 646 1496 683 έτερόθροος
1510 645 1609 672 ἔπλετο
1626 645 1733 679 φωτῶν.

1045 696 1079 723 18
1097 696 1196 727 Πιστὸς
1211 694 1267 729 ἐγὼ
1283 694 1402 729 γενόμην
1415 691 1603 728 ἐπιμάρτυρος
1615 691 1696 723 αὐτὸς
1713 689 1838 726 ἐμαυτῷ,

1045 741 1131 777 Ξυνὴν
1149 741 1302 776 μαρτυρίην
1318 739 1364 766 καὶ
1379 738 1446 774 ὲμδς
1465 738 1579 772 Γενέτης
1595 736 1729 772 ἀγορεύει.

1047 788 1080 815 19
1104 788 1226 824 Ἐσραῖοι
1241 787 1264 813 δ’
1278 786 1396 822 ἐρέεινον
1412 784 1546 821 ἀμοιῦαίῳ
1560 784 1612 811 τινὶ
1634 783 1725 818 μύθῳ·

1048 824 1096 866 Τίς
1104 833 1185 861 πέλεν
1193 834 1221 865 δς
1235 833 1258 859 σ’
1267 832 1399 867 ἐφύτευσε
1408 831 1504 866 Πατὴρ
1514 830 1574 862 τεός
1583 838 1589 862 ;
1599 828 1666 856 Εῐπε
1679 829 1725 855 καὶ
1736 828 1818 860 αὑτός
1826 836 1834 842 ·

1054 879 1237 914 Ἀμφοτέρους
1254 878 1303 904 οὑκ
1317 877 1374 904 ἴστε
1387 878 1435 912 μιῇ
1451 876 1591 903 δυσπειθέῖ
1608 875 1700 910 βουλῇ,

207 919 235 941 et
248 914 321 949 ipse:
335 913 487 947 Utrumque
497 911 609 939 nescitis
622 919 677 938 uno
690 909 831 938 incredqu
845 909 995 945 proposito,

1066 909 1119 952 μέτ’.
1131 909 1182 959 ὲμέ
1195 924 1284 951 Παῖδα
1300 909 1483 958 μολόνταξκαὶ
1497 922 1527 948 οὑ
1542 909 1688 956 πέμψαντα
1700 920 1803 954 Τοκῆα.

209 961 263 989 Nec
283 969 326 988 me
343 960 442 987 Filium
459 960 622 991 venientem,
643 966 694 986 nec
709 958 861 986 mittentem
874 958 994 984 Patrem.

210 1009 239 1037 Si
251 1016 316 1037 vero
335 1016 378 1036 me
398 1011 595 1044 cogitascentcs
613 1006 771 1035 inﬁxissetis
787 1006 890 1038 animo.
908 1005 996 1033 Etiam

209 1057 408 1093 cognovissetis
420 1060 544 1084 nostrum
557 1056 710 1083 Parentem.
725 1055 761 1083 20
777 1055 908 1082 Dominus
923 1055 999 1082 locu-

211 1111 256 1134 tus
273 1109 316 1134 est
340 1105 397 1132 luce
417 1105 581 1132 documenta
597 1103 689 1131 divina
706 1104 817 1139 populo,
829 1103 1000 1138 Gazophyla-

211 1151 284 1177 cium
307 1150 353 1176 ubi
377 1150 455 1177 locus
473 1149 591 1181 dicitur;
611 1148 656 1176 ubi
675 1148 752 1176 multi
771 1148 854 1175 Varia
873 1148 944 1174 dona
962 1146 1001 1173 fe-

212 1200 304 1223 rentes
321 1195 484 1222 incedobant
497 1195 580 1222 cives.
598 1194 690 1230 Neque
708 1193 807 1228 aliquis
826 1194 914 1228 ipsum
927 1200 1001 1220 com-

214 1241 366 1276 prehendit;
389 1248 452 1268 nam
475 1239 644 1267 mortiferum
666 1239 718 1274 ipsi
734 1239 858 1266 Nondum
874 1239 1001 1266 ultimmn

215 1288 286 1314 venit
303 1287 425 1313 divinum
440 1286 547 1321 signum
560 1287 642 1314 liora).
662 1285 694 1312 ‘2l
713 1285 745 1312 Et
763 1286 828 1320 ipsis
842 1284 899 1312 Rex
916 1284 1000 1311 dixit:

215 1333 300 1360 Meam
313 1333 383 1360 viam
399 1332 456 1367 ipse
468 1332 522 1364 ibo,
534 1331 588 1359 Vos
600 1331 865 1366 veroinsipientibus
878 1330 1002 1357 moribus

215 1385 310 1405 omnes
331 1383 456 1407 errones.
474 1375 633 1405 llorrenlcm
655 1379 716 1411 post
733 1381 900 1404 senectutem
919 1375 1004 1411 inspi-

215 1423 294 1450 cietis
312 1421 404 1453 linem,
424 1421 540 1449 Peecato
556 1420 689 1448 habentes
705 1423 950 1454 contemporaneos
965 1419 1005 1446 al-

215 1468 267 1497 bos
288 1468 390 1496 crines.
406 1467 465 1500 Quo
484 1471 574 1494 autem
592 1466 707 1494 multum
730 1465 829 1494 llexum
851 1465 904 1493 mei
929 1465 1006 1500 pedis

215 1514 362 1550 vestigium
378 1514 473 1545 incito,
487 1511 542 1540 νος
557 1520 611 1540 non
629 1512 745 1547 potestis
757 1511 851 1541 venire
865 1516 1005 1548 quaerente

1049 968 1080 994 Et
1095 967 1117 994 δ’
1135 967 1186 1002 ἐμὲ
1203 965 1383 1001 γινώσκοντες
1402 964 1590 992 ἑπιστώσασθε
1613 963 1749 998 μενοινὴν,

1049 1013 1103 1039 Καί
1117 1021 1164 1039 κεν
1178 1012 1210 1039 ἆν
1225 1011 1398 1047 ὲφράσσασθε
1413 1011 1460 1039 καὶ
1475 1010 1609 1046 ἡμέτερον
1623 1008 1771 1044 Γενετῆρα.

1049 1059 1084 1086 20
1103 1058 1235 1094 Κοίρανος
1249 1059 1345 1084 ἔννεπε
1364 1057 1450 1084 ταῦτα
1472 1056 1624 1091 διδάγματα
1638 1054 1752 1082 θέσκελα
1769 1053 1838 1088 λαῷ,

1050 1104 1209 1139 Γαζοφύλαξ
1222 1104 1265 1131 ὅθι
1276 1103 1365 1139 χῶρος
1375 1102 1519 1130 ἀκούεται·
1536 1101 1635 1128 ὁππόθι
1651 1100 1742 1127 πολλοὶ

1051 1151 1164 1178 Ποικίλα
1181 1150 1254 1186 δῶρα
1271 1150 1400 1185 φέροντες
1418 1148 1605 1183 ἐπεστείχοντο
1622 1147 1737 1174 πολῖται.

1052 1196 1119 1223 οὐδέ
1135 1204 1177 1228 τις
1193 1195 1273 1223 αὑτὸν
1287 1195 1420 1231 ἔμαρψεν,
1434 1194 1495 1222 ἐπεὶ
1508 1193 1694 1228 θανατηφόρον
1708 1191 1783 1226 αὑτῷ

1052 1240 1137 1268 Οὑπω
1148 1240 1265 1268 λοίσθιον
1279 1239 1344 1277 ἦλθε
1361 1240 1506 1267 θεόσσυτον
1517 1239 1601 1274 ἴχνιον
1614 1238 1698 1274 ὥρης.

1052 1287 1085 1314 21
1100 1287 1154 1314 Καί
1164 1295 1226 1321 σφιν
1236 1286 1320 1319 Ἀναξ
1329 1285 1458 1321 ἀγόρευεν
1467 1293 1473 1300 ·
1488 1282 1637 1319 Ἐμὴνὸδὸν
1645 1283 1726 1314 αὐτὸς
1732 1282 1846 1314 ὀδεὺσω,

1059 1333 1153 1368 Ὑμεῖς
1168 1333 1189 1359 δ’
1207 1331 1388 1367 ἀφραδέεσσιν
1399 1331 1429 1358 ἐν
1443 1330 1521 1366 ’ήθεσι
1535 1329 1636 1360 πάντες
1650 1328 1761 1364 ἀλῆται,

1059 1378 1215 1415 Ῥιγεδανὴν
1230 1377 1299 1414 μετά
1312 1378 1399 1413 γῆρας
1417 1376 1588 1412 ὲσαθρήσητε
1599 1374 1740 1410 τελευτὴν,

1062 1425 1219 1461 Ἀμπλακίῃ
1236 1424 1398 1459 μεθέποντες
1412 1423 1530 1458 ὁμήλικα
1542 1421 1659 1451 λευκάδα
1672 1421 1779 1456 χαίτην.

1055 1468 1123 1506 τῌχι
1137 1470 1166 1496 δὲ
1180 1469 1373 1496 πουλυέλικτον
1391 1467 1459 1503 ἐμοῦ
1475 1468 1555 1499 ποδὸς
1572 1467 1644 1502 ἴχνος
1657 1465 1772 1499 ὲπείγω,

1063 1515 1167 1551 ’Υμέας
1181 1515 1212 1541 οὑ
1231 1514 1324 1546 σθένος
1339 1514 1397 1541 ἐστὶ
1415 1513 1506 1549 μολεῖν
1522 1513 1647 1548 διζήμονι
1660 1511 1765 1547 ταρσῷ.

217 1560 296 1597 pede.
310 1561 346 1587 2-!
365 1559 398 1587 Et
411 1560 500 1587 audax
516 1558 690 1587 Hebraeorum
709 1558 870 1586 turbabatur
889 1558 1004 1593 populus

1066 1560 1093 1589 ιε
1112 1560 1166 1587 Καὶ
1183 1559 1287 1597 θρασὺς
1319 1558 1452 1594 Ἐϐραίων
1477 1557 1625 1593 κυμαίνετο
1647 1556 1710 1588 λαὸς
1731 1555 1849 1587 ἀκούων,

219 1606 343 1635 audiens.
363 1604 536 1640 lnsipientem
554 1606 752 1637 contumelioso
765 1605 883 1634 fundens
900 1605 1002 1634 ﬂuxum

1066 1607 1181 1641 Ἀφρονα
1193 1594 1332 1640 λωϐητῆρι
1347 1604 1417 1640 χέων
1431 1603 1492 1639 ῥόον
1505 1602 1652 1639 ἀνθερεῶνι
1661 1611 1668 1618 ·

219 1659 282 1678 ore:
309 1650 378 1677 Num
402 1651 471 1678 mori
494 1651 552 1678 vult
577 1651 665 1686 laquei
692 1652 797 1679 morte?
816 1651 859 1679 vel
885 1650 1004 1686 gladium

220 1695 368 1730 stringens,
390 1695 504 1731 Propria
527 1695 600 1724 caede
628 1704 676 1732 per
699 1700 821 1724 ventrem
854 1696 956 1723 incidet.
979 1697 1005 1723 in

221 1743 352 1770 mortem?
370 1742 407 1770 25
428 1742 508 1770 Jesus
527 1750 592 1770 vero
617 1743 723 1778 aperuit
747 1743 943 1778 diviniloquum
964 1751 1006 1777 os,

222 1788 382 1816 Sermonem
403 1788 589 1816 adversarium
618 1788 735 1816 fundens
757 1788 935 1816 conviciatori
957 1796 1007 1824 po-

222 1834 302 1870 pulo:
331 1834 386 1869 92
411 1833 465 1863 Vos
484 1834 568 1861 intimi
590 1834 768 1862 descensores
784 1834 851 1862 estis
877 1834 1010 1867 barathri,

223 1880 294 1908 Estis
311 1888 343 1907 ex
361 1880 434 1912 imis.
453 1884 480 1908 et
496 1887 528 1908 ex
548 1880 606 1908 alto
618 1887 669 1915 ego
683 1887 755 1912 sum;
771 1880 838 1907 estis
852 1884 942 1909 autem
959 1879 1010 1906 hu-

221 1927 266 1962 jus
284 1925 339 1953 Vos
357 1925 420 1953 vilis
434 1926 532 1953 nativae
543 1933 621 1953 noxa:
634 1925 738 1957 mundi,
760 1925 797 1952 Ex
809 1929 881 1954 terra
900 1925 1011 1960 sangui-

221 1981 284 2001 nem
297 1972 423 2004 ferentes;
433 1980 483 2008 ego
497 1977 584 2000 autem
596 1971 622 1999 in
631 1975 732 2000 aeterno
739 1972 842 1999 honore
849 1972 1012 2007 Peregrinus

224 2026 285 2046 sum
301 2019 328 2045 in
353 2018 466 2050 mundo,
483 2026 533 2045 uec
548 2018 691 2045 mortalem
711 2017 774 2045 novi
795 2022 908 2052 patrem,
930 2017 1011 2045 Pere-

224 2064 320 2099 grinus
343 2071 393 2099 ego
411 2063 438 2090 in
466 2063 576 2096 mundo,
599 2067 626 2091 et
643 2063 705 2090 caeli
722 2071 783 2091 sum
800 2064 885 2090 civis:
904 2063 940 2090 21
959 2062 1013 2090 Sed

225 2110 303 2138 vobis
327 2110 383 2137 dixi
405 2109 477 2144 quod
495 2113 702 2145 praaoecupante
716 2109 833 2144 quodam
851 2108 906 2136 fato
919 2109 1014 2136 Adhuc

226 2155 395 2183 insanientes
416 2155 540 2183 incidetis
559 2156 586 2182 in
604 2155 773 2187 barathrum.
794 2154 939 2183 Peccatum
963 2155 1014 2182 ha-

1053 1650 1092 1678 Ἦ
1111 1653 1145 1687 ῥα
1161 1651 1251 1677 θανεῖν
1268 1649 1354 1677 ἐθέλει
1370 1650 1478 1686 βρόχιον
1497 1650 1598 1685 μόρον;
1615 1649 1632 1685 ἢ
1656 1649 1731 1684 ξίφος
1751 1648 1850 1680 ἕλκων,

1054 1695 1198 1731 Δὺτοφὸνῳ
1210 1695 1254 1722 διά
1265 1695 1382 1731 γαστρὸς
1391 1695 1545 1731 ὁμιλήσειεν
1559 1694 1679 1730 ὁλέθρῳς

1055 1741 1091 1769 25
1117 1740 1221 1777 Ἰησοῦς
1231 1741 1253 1768 δ’
1270 1740 1403 1768 ἐπέτασσε
1416 1740 1546 1776 θεηγόρον
1560 1739 1726 1775 ἀνθερεῶνα,

1056 1788 1148 1816 Μῦθον
1163 1789 1335 1825 ἀμιλλητῆρα
1347 1788 1417 1824 χέων
1429 1789 1564 1824 λωὸήτορι
1578 1787 1636 1823 λαῷ
1647 1796 1654 1803 ’

1058 1834 1111 1869 93
1140 1834 1234 1870 Ὑμεῖς
1250 1834 1399 1870 νερτερῖοιο
1415 1835 1564 1870 κατήλυδές
1580 1835 1642 1861 ἐστε
1659 1833 1789 1869 βερέθρου
1801 1841 1808 1847 ·

1066 1880 1143 1908 Ἐστὲ
1158 1881 1249 1908 κάτω·
1262 1881 1310 1908 καὶ
1323 1881 1427 1908 ἀνωθεν
1442 1880 1498 1915 ἐγὼ
1513 1881 1604 1908 πέλον.
1622 1880 1698 1907 Ἐστὲ
1713 1879 1741 1905 δὲ
1755 1878 1852 1905 τούτου

1066 1926 1160 1961 Ὑμεῖς
1176 1927 1322 1954 οὐτιδανοῖο
1339 1926 1465 1961 γενέθλια
1483 1926 1597 1962 πήματα
1614 1926 1728 1960 κόσμου,

1066 1972 1114 1998 Ἕκ
1130 1971 1224 2008 χθονὸς
1239 1970 1308 2008 αἷμα
1324 1973 1455 2008 φέροντες
1467 1981 1473 1986 ·
1491 1972 1546 2007 ἐγὼ
1561 1972 1582 1999 δ’
1597 1973 1626 1999 ὲν
1643 1971 1771 2007 ἀτέρμονι
1785 1970 1853 2009 τιμῇ

1062 2017 1153 2050 Ξεῖνος
1168 2018 1234 2053 ἔφυν
1248 2018 1369 2054 κόσμοιο.
1383 2018 1431 2045 καὶ
1444 2018 1474 2045 οὺ
1491 2017 1584 2054 βροτὸν
1603 2014 1662 2044 οἶδα
1680 2016 1766 2051 τοκῆα
1777 2023 1784 2031 ·

1062 2065 1154 2096 Ξεῖνος
1173 2064 1228 2099 ἐγὼ
1243 2064 1365 2100 κόσμοιο,
1380 2065 1426 2091 καὶ
1440 2064 1546 2100 αἰθέρος
1564 2064 1623 2099 εἰμὶ
1637 2063 1763 2098 πολίτης⁶

1061 2111 1097 2139 21
1123 2111 1191 2138 Ἀλλ’
1205 2111 1267 2147 ὑμῖν
1287 2111 1419 2147 ἀγόρευον
1436 2111 1478 2138 ὅτι
1493 2111 1624 2146 φθαμένῳ
1635 2110 1688 2137 τινὶ
1705 2109 1801 2144 πάτμῳ

1064 2157 1154 2185 Είσέτι
1171 2157 1366 2194 μαργαίνοντες
1379 2157 1530 2192 δμιλήσητε
1543 2156 1674 2192 βερέθρῳ,

227 2202 323 2230 beutes
340 2209 475 2234 coaevum;
496 2210 559 2230 rere
575 2203 646 2230 enim
669 2200 726 2229 Nisi
752 2209 796 2228 me
819 2201 1003 2236 cognoveritis

1070 2203 1242 2240 Ἀμπλακίην
1262 2203 1425 2240 μεθέποντες
1441 2203 1590 2239 ὑμόχρονον
1601 2210 1608 2218 ⁸
1625 2201 1764 2237 ἀτρεκέως
1780 2199 1808 2226 δὲ

825 2255 965 2284 rexrus
982 2255 1244 2286 EVANGELISTAS.
1637 2253 1643 2259 '

266 2316 298 2344 15
323 2316 418 2352 Ὑμεῖς
429 2315 500 2343 κατὰ
515 2315 563 2352 τὴν
575 2315 664 2352 σάρκα
681 2315 798 2351 κρίνετε,
813 2314 868 2349 ἐγὼ
883 2314 913 2342 οὐ
929 2315 1015 2351 κρίνω
1032 2319 1052 2346 D
1065 2317 1177 2344 ἐπίασεν
1194 2317 1285 2350 αὑτὸν,
1299 2318 1339 2345 ὅτι
1354 2317 1432 2344 οὔπω
1446 2317 1569 2354 ἐληλύθει
1582 2318 1599 2351 ὴ
1614 2316 1674 2353 ὥρα
1690 2315 1784 2344 αὑτοῦ.

179 2356 183 2358 λ
229 2358 334 2385 οὐδένα.

267 2400 300 2426 16
318 2399 373 2426 Καὶ
395 2400 442 2426 ἐὰν
460 2399 545 2436 κρίνω
557 2399 584 2426 δὲ
599 2399 663 2434 ἐγὼ,
677 2400 693 2435 ή
708 2400 826 2436 κρίσιςή
843 2399 896 2435 ἐμὴ
912 2399 1016 2435 ἀληθής

230 2442 320 2468 ἐστιν·
337 2441 377 2468 ὅτι
398 2442 476 2477 μόνος
495 2441 545 2468 οὑκ
564 2442 636 2477 εἰμὶ,
659 2441 716 2469 ἀλλ’
736 2441 791 2476 ἐγὼ
807 2442 853 2468 καὶ
869 2441 883 2468 ὁ
903 2441 1016 2477 πέμψας

232 2492 266 2519 με
282 2483 386 2519 Πατήρ.

267 2525 300 2551 17
322 2525 377 2551 Καὶ
397 2526 425 2551 έν
443 2525 482 2561 τῷ
496 2525 571 2561 νόμῳ
587 2525 615 2552 δὲ
637 2525 676 2561 τῷ
697 2526 822 2561 ὑμετέρῳ
844 2525 1015 2561 γέγραπται,

232 2567 273 2592 δτι
286 2566 333 2592 δύο
349 2566 528 2602 ἀνθρώπωνὴ
546 2568 685 2604 μαρτυρία
701 2567 804 2603 ἀληθής
818 2569 903 2595 εστιν.

268 2608 302 2635 18
323 2608 394 2643 Ἐγώ
408 2609 465 2644 εἰμι
475 2610 490 2635 δ
507 2609 651 2646 μαρτυρῶν
666 2609 729 2645 περὶ
744 2609 875 2645 ἐμαυτοῦ,
891 2609 938 2636 καὶ
954 2617 1021 2645 μαρ-

233 2651 309 2685 τυρεῖ
324 2649 387 2685 περὶ
403 2650 470 2685 ἐμοῦ
485 2651 498 2677 ὁ
510 2650 620 2685 πέμψας
636 2659 670 2685 με
684 2651 790 2687 Πατήρ.

271 2691 303 2719 19
325 2691 438 2726 Ἔλεγον
457 2689 504 2718 οὖν
525 2692 613 2728 αὑτῷ·
633 2692 688 2719 Ποῦ
711 2693 785 2720 ἐστιν
801 2693 816 2719 ὁ
832 2692 928 2727 Πατήρ
955 2699 1020 2724 σου;

242 2733 388 2769 ¹Απεκρίθη
412 2734 426 2760 ό
451 2734 571 2770 ’ἰησοῦςσ
590 2733 659 2761 Οΰτε
683 2734 733 2770 ἐμὲ
759 2734 866 2765 οἴδατε,
888 2734 952 2761 οὗτε
976 2734 1021 2760 τὸν

235 2775 344 2810 Πατέρα
366 2784 432 2811 μου·
455 2777 479 2802 εἰ
503 2776 553 2812 ἐμὲ
573 2776 673 2811 ᾔδειτε,
699 2776 807 2804 καὶτὸν
832 2775 942 2812 Πατέρα
970 2783 1021 2810 μου

235 2817 323 2852 ᾔδειτε
340 2817 384 2846 ἄν.

270 2858 306 2886 20
324 2859 416 2886 Ταῦτα
440 2859 474 2886 τά
489 2860 607 2895 ’ῥήματα
626 2859 758 2894 ἐλάλησεν
778 2860 793 2886 ό
811 2859 915 2895 Ἰησοῦς
933 2859 961 2886 έν
983 2858 1024 2894 τῷ

235 2900 441 2937 γαζοφυλακίῳ,
470 2901 601 2928 διδάσκων
633 2902 662 2928 ὲν
683 2900 722 2936 τῷ
752 2899 834 2937 ἱερῷ·
863 2900 909 2927 καὶ
936 2900 1024 2932 οὐδεὶς

1105 2368 1136 2394 ⁸21
1165 2366 1249 2396 Εἶπεν
1281 2366 1328 2396 οὖν
1359 2369 1440 2396 πάλιν
1474 2369 1567 2400 αὑτοῖς
1592 2369 1606 2395 ό
1633 2366 1758 2402 Ἰησοῦς·
1788 2366 1856 2400 Ἐγὼ

1071 2410 1177 2444 ὑπάγω,
1196 2410 1244 2437 καὶ
1265 2411 1397 2446 ζητήσετέ
1422 2419 1466 2444 με,
1484 2411 1532 2437 κοι¹ι
1550 2411 1578 2436 ὲν
1592 2411 1625 2445 τῇ
1642 2408 1764 2444 ἁμαρτίᾳ
1781 2408 1856 2443 ὑμῶν

1071 2451 1257 2519 ῗὶἷὶοθανεῖσθε·
1279 2453 1346 2479 ὅπου
1372 2452 1427 2487 ἐγὼ
1446 2452 1554 2487 ὑπάγω,
1583 2452 1661 2487 ὑμεῖς
1691 2450 1721 2476 οὐ
1747 2449 1854 2477 δύνασθε

1119 2495 1169 2520 εἰν.

1105 2544 1140 2571 ’22
1162 2545 1274 2580 Ἔλεγον
1288 2542 1335 2572 οὖν
1349 2546 1374 2572 οἱ
1392 2545 1529 2573 Ἰουδαῖοι·
1546 2545 1620 2580 Μήτι
1637 2544 1783 2571 ἀποκτενεῖ
1797 2543 1856 2569 ἑαυ-

1070 2586 1125 2654 ἷξζ.
1144 2587 1184 2614 ὅτι
1197 2586 1286 2622 λέγει·
1301 2587 1389 2614 Ὅπου
1403 2586 1459 2623 ἐγὼ
1474 2587 1584 2621 ὑπάγω,
1600 2587 1680 2623 ὑμεῖς
1697 2585 1728 2611 οὑ
1745 2584 1856 2612 δύνασθε

1119 2630 1174 2655 etv:

1106 2680 1141 2708 23
1161 2681 1216 2708 Kal.
1234 2678 1311 2708 εἶπεν
1323 2681 1433 2713 αὐτοῖς·
1459 2681 1558 2717 Ὑμεῖς
1578 2680 1610 2707 ὲκ
1629 2680 1683 2706 τῶν
1699 2680 1775 2707 κάτω
1791 2678 1859 2709 ἐστέ,

1073 2722 1129 2757 ἐγὼ
1149 2723 1181 2749 ὲκ
1195 2722 1248 2749 τῶν
1263 2723 1319 2750 ἄνω
1338 2723 1396 2758 εἰμί
1409 2733 1415 2740 ·
1437 2723 1517 2758 ὑμεῖς
1534 2723 1566 2749 ὲκ
1582 2721 1629 2748 τοῦ
1642 2721 1746 2756 κόσμου
1767 2719 1858 2747 τούτου

1073 2763 1145 2796 ἐστὲ,
1160 2764 1215 2799 ἐγὼ
1228 2764 1278 2791 οὐκ
1294 2765 1352 2800 εἰμὶ
1367 2765 1399 2791 ὲκ
1411 2764 1458 2791 τοῦ
1475 2764 1580 2799 κόσμου
1597 2762 1705 2790 τούτου.

1108 2816 1144 2843 24
1164 2813 1247 2843 Εἶπον
1263 2813 1310 2843 οὖν
1326 2816 1390 2852 ὑμῖν
1405 2817 1446 2843 ὅτι
1463 2815 1644 2843 ἀποθανεῖσθε
1660 2815 1689 2841 ὲν
1702 2814 1763 2845 ταῖς
1780 2813 1863 2847 ἀμαρ-

1075 2858 1146 2889 τῐαις
1162 2857 1253 2893 ὑμῶν·
1270 2858 1317 2885 ἐὰν
1333 2858 1388 2894 γὰρ
1409 2857 1447 2893 μὴ
1464 2856 1629 2892 πιστεύσητε
1651 2856 1691 2883 ὅτι
1714 2853 1770 2888 ἐγώ
1793 2853 1860 2888 ειμι,

1076 2899 1255 2927 ἀποθανεῖσθε
1267 2900 1295 2927 ὲν
1311 2901 1369 2932 ταῖς
1382 2899 1531 2936 ἁμαρτίαις
1546 2897 1640 2933 ὑμῶν.
