1953 3040
216 197 268 224 Βίθ

829 202 932 231 NONNI
952 204 1199 236 PANOPOLITANI

1793 210 1853 238 820

214 258 280 286 fato.
299 258 358 285 Non
373 259 446 286 enim
461 267 537 289 meus
552 269 671 297 unquam
689 270 779 290 sermo
794 267 912 292 vestram
932 273 996 293 men

1066 266 1145 294 Ἀλλά
1160 276 1193 303 με
1209 266 1337 303 λαθριδίῳ
1351 265 1473 293 κτανέειν
1488 266 1634 301 μαστεύετε
1650 266 1754 302 πότμῳ.

213 306 268 330 tem
283 303 367 330 subit.
385 302 430 340 [58

249 347 260 384 ]
278 349 312 376 59
331 348 437 377 llebrmi
452 358 516 378 vero
538 356 690 379 sonuerunt
704 354 866 388 responsivo
882 354 1002 390 quodam

215 394 314 422 verbo:
332 394 430 424 Noster
440 401 517 431 pater
529 401 572 425 est
586 398 745 434 progenitor
757 399 904 427 Abraham.
920 399 1002 428 Jesus

214 444 304 467 autem
319 442 471 476 respondit,
491 442 609 472 fundens
624 449 720 471 contra
737 449 878 472 sonantem
896 453 1001 474 vocem:

214 483 270 514 Vos
284 486 306 513 si
322 487 460 522 sapientes
472 488 573 516 liberes
589 489 728 524 plantator
738 494 843 518 arasset
852 490 1001 524 Abraham,

213 530 302 558 Etiam
318 531 445 560 faceretis
460 533 496 568 pii
518 541 600 569 opera
622 535 717 569 patris,
732 534 868 562 Abraham
881 536 1003 571 hospita-

213 575 257 602 lis.
275 575 310 602 40
326 575 380 603 Deo
398 584 551 611 repugnans
578 578 644 605 estis
668 577 816 613 generatio.
835 577 864 605 Si
886 578 1002 605 homici-

211 621 298 649 diales
313 621 408 650 doloso
423 622 544 657 polluitis
565 631 662 651 manus
684 623 776 655 exitio,
794 622 928 658 Operibus
952 631 1001 651 ex-

211 667 314 702 pressis
323 668 508 696 conﬁrmastis
516 669 730 704 generationem.
741 668 878 696 Abraham
893 677 945 697 non
954 677 1002 697 cu—

211 715 302 751 piebat
342 715 477 744 insontem
512 718 599 745 virum
625 718 736 745 domare
757 717 919 746 :Abraham
946 726 1001 747 non

212 763 277 791 fecit
292 764 344 791 hoc
360 764 416 791 Deo
431 772 556 799 exosum.
572 765 602 792 41
621 765 675 792 Sed
687 774 734 794 vos
753 765 842 801 Opera
855 766 942 795 dolosi
958 775 1002 795 co-

214 811 307 846 gitatis
322 812 407 847 patris
420 817 522 840 texere.

246 869 301 906 96
327 869 360 897 Et
375 870 465 898 audax
482 869 638 898 Judaeorum
658 878 756 900 rursus
786 872 855 900 dixit
883 874 1001 909 populus

210 916 342 945 audiens:
368 917 424 946 Nos
446 926 501 946 non
523 919 606 954 geniti
627 927 723 948 sumus
746 920 840 956 spurio
859 928 892 948 ex
914 929 1002 949 mere-

211 965 291 994 tricis
318 967 482 1001 concubitu,
509 966 562 995 Sed
584 966 668 996 Deum
694 969 782 997 solum
800 969 901 998 scimus
915 978 999 997 unum

207 1013 345 1041 viventem
365 1013 484 1042 Patrem.

242 1071 278 1099 42
289 1070 369 1100 Iesus
386 1077 475 1100 autem
489 1073 611 1101 audienti
637 1081 734 1102 rursus
755 1074 862 1102 locutus
882 1079 924 1102 est
952 1082 997 1110 po-

207 1119 287 1154 pulo:
299 1119 327 1147 Si
343 1119 415 1148 Deus
422 1125 511 1149 vester
526 1121 606 1149 Pater
617 1125 659 1150 est
670 1123 756 1150 caelos
767 1122 998 1155 habitans,Etiam

207 1173 251 1194 me
259 1173 356 1195 omnes
367 1167 401 1195 ab
412 1176 467 1196 uno
478 1173 572 1196 natum
588 1168 669 1198 Patre
681 1169 778 1197 Firmaa
789 1170 915 1196 amicitiae
925 1171 999 1197 inso-

207 1215 285 1243 lubili
297 1216 502 1252 conjungeretis
516 1218 635 1245 vinculo.
651 1217 756 1246 Etenim
776 1225 825 1252 ego
840 1226 855 1245 a
871 1218 924 1246 Deo
936 1226 998 1254 pro—

206 1264 308 1292 cedens
328 1265 382 1292 huc
397 1266 487 1293 venio.
503 1266 538 1293 45
551 1266 584 1293 Et
597 1266 735 1302 quomodo
753 1274 807 1294 non
823 1267 942 1294 divinam
958 1274 998 1293 sa-

205 1314 325 1348 pientem
341 1321 429 1341 meam
445 1315 610 1350 cognoscitis
623 1315 737 1343 vocem?
750 1313 805 1341 Vos
816 1322 870 1341 non
883 1315 998 1349 potestis

205 1369 298 1389 meum
314 1370 468 1391 sermonem
490 1362 596 1389 audire.
611 1362 647 1389 M
658 1361 713 1390 Vos
727 1362 841 1391 hostiles
856 1363 902 1389 ﬁlii
921 1370 998 1389 aver-

205 1409 285 1438 sandi
300 1410 369 1439 estis
382 1410 477 1445 patris.
499 1410 635 1438 Daemonis
652 1410 811 1442 adversarii,
825 1414 852 1438 et
867 1410 998 1438 amabiles

205 1459 445 1494 concupiscentias
462 1457 552 1486 Patris
566 1458 676 1493 superbi
693 1459 793 1493 cupitis
805 1465 899 1485 omnes
915 1457 995 1492 perﬁ-

205 1513 278 1535 cere.
292 1506 405 1541 Semper
420 1506 466 1534 ille
484 1510 543 1533 erat
557 1506 694 1534 homicida
706 1526 713 1539 ,
730 1515 762 1534 ex
776 1514 831 1542 quo
847 1506 941 1533 mundi
957 1507 997 1533 Ab

205 1555 285 1583 initio
306 1554 458 1590 perfectum
485 1558 527 1583 est
549 1554 754 1583 fundamentum
769 1565 776 1583 :
793 1564 881 1590 neque
896 1556 923 1582 in
939 1555 998 1591 lege

205 1603 306 1630 Mansit
318 1603 441 1630 veritatis
451 1602 505 1630 Deo
515 1602 663 1636 credentis;
672 1611 726 1630 non
738 1604 810 1630 enim
824 1604 851 1630 in
864 1603 923 1638 ipso
931 1603 995 1630 Erat

204 1651 316 1683 veritas,
326 1653 353 1678 et
360 1649 469 1685 quando
481 1650 565 1685 iniqui
581 1651 666 1678 animi
678 1652 815 1679 voluntate
827 1650 930 1678 Blanda
939 1658 997 1686 gar-

205 1698 280 1726 riens
301 1697 488 1733 deceptorium
518 1705 672 1727 sermonem
684 1699 800 1731 emittit,
815 1698 949 1734 Loquitur
963 1706 995 1726 ex

205 1745 406 1781 propriis,qnia
418 1745 589 1781 perniciosos
599 1754 688 1774 mores
701 1746 804 1775 habens
813 1746 927 1774 Mendax
939 1747 998 1781 ipse

204 1797 256 1826 est,
271 1794 402 1822 mendace
416 1801 450 1823 ex
474 1798 562 1829 patre.
583 1795 618 1822 45
633 1794 717 1823 Vobis
730 1795 790 1831 ipse
814 1796 880 1828 dixi,
896 1799 923 1824 et
943 1802 996 1822 non

204 1841 318 1869 creditis
331 1842 464 1870 sermoni.
480 1841 516 1868 46
531 1841 599 1875 Quis
616 1842 699 1870 homo
714 1843 786 1871 inter
800 1851 849 1871 vos
863 1850 906 1870 me
921 1846 998 1878 pote«

205 1890 241 1917 rit
266 1890 325 1925 ipse.
347 1890 547 1924 reprehendere
567 1890 676 1918 Peccati
697 1891 906 1919 aﬂ'eetatorem?
923 1895 959 1922 et,
974 1889 998 1917 si

205 1945 299 1965 verum
315 1937 421 1969 dixero,
443 1936 499 1965 Cur
512 1938 578 1965 mihi
592 1945 645 1965 non
661 1938 774 1966 creditis
794 1938 944 1974 prudenti?

235 1985 271 2012 47
285 1985 405 2019 Quilibet
419 1986 527 2021 sapiens
539 1987 581 2013 vir
595 1986 624 2014 In
644 1986 727 2014 Deum
748 1991 879 2014 aeternum
891 1986 995 2014 habens

205 2037 333 2065 mentem,
342 2034 420 2062 suavi
428 2033 519 2061 animo
529 2034 676 2062 Sermones
686 2034 806 2063 caelestis
820 2034 864 2062 Dei
879 2034 996 2062 viventis

204 2082 289 2110 audit.
308 2081 363 2110 Vos
386 2090 452 2110 vero
472 2082 568 2111 audire
580 2091 634 2110 non
656 2082 792 2111 festinatis
809 2082 930 2109 divinam
948 2089 995 2109 vo-

480 2131 493 2141 ι.

1054 311 1092 338 οὑ
1108 311 1162 347 γὰρ
1171 312 1236 347 ἐμός
1251 321 1315 339 ποτε
1327 311 1408 347 μῦθος
1418 311 1446 344 ές
1456 311 1590 347 ὑμετέρην
1599 312 1685 346 φρένα
1691 311 1773 338 δύνει.
1785 310 1850 347 [ὅθί

1057 357 1091 385 39
1117 358 1234 394 Ἑϐραῖοι
1254 358 1276 384 δ’
1294 358 1406 393 ἰάχησαν
1420 358 1554 394 ἅμοιϐαίῳ
1569 358 1622 384 τινὶ
1640 357 1716 394 μύθῳ
1728 367 1735 374 ·

1060 401 1177 437 Ἦμείων
1192 402 1305 438 γενέτης
1317 402 1420 429 τελέθει
1435 402 1629 437 πρωτόσπορος
1643 402 1764 437 Ἂϐραμ.

1060 447 1166 483 Ἰησοῦς
1181 448 1203 474 δ’
1215 448 1382 483 ἀπάμειτπο,
1403 447 1472 483 χέων
1487 447 1652 474 ἁντίκτυπον
1668 446 1760 482 ὀμφήν
1770 456 1778 462 -

1059 491 1164 527 ’Υμέας
1175 492 1199 518 εί
1213 492 1283 526 σοφὰ
1298 492 1380 519 τέκνα
1392 491 1560 527 φυτοσπὸρος
1572 491 1670 526 ἦροσεν
1683 491 1809 528 Ἀϐραμ.

1053 536 1107 563 Καί
1126 545 1174 563 κεν
1189 536 1352 572 ἐποιήσασθε
1368 535 1487 567 θεουδέος
1500 535 1569 570 ἔργα
1583 537 1690 570 τοκῆος,

1054 582 1165 617 ’Ἄϐραμ
1196 581 1364 614 ξεινοδόκοιο.
1383 581 1417 608 40
1437 581 1579 616 Θεημάχος
1594 581 1655 606 ἐστὲ
1674 580 1800 616 γενέθλη,

1053 627 1083 653 El
1103 627 1194 661 φονίας
1208 627 1322 654 δολόεντι
1341 627 1459 662 μιαίνετε
1473 628 1566 662 χεῖρας
1579 627 1690 662 ὀλέθρῳ,

1055 674 1164 709 Ἔργοις
1181 672 1364 699 ἀντιτύποισιν
1381 671 1566 698 ἐπιστώσασθε
1581 672 1719 708 γενέθλην.

1059 717 1182 753 Ἀἧραὰμ
1196 717 1226 743 οὐ
1242 717 1381 753 μενέαινεν
1397 717 1518 744 ἀναίτιον
1536 717 1620 752 ἄνδρα
1639 717 1791 752 δαμάσσαι-

1062 763 1187 798 Ἀὒραὰμ
1208 762 1238 789 οὐ
1262 762 1334 798 κάμε
1359 762 1437 788 τοῦτο
1459 762 1612 796 θεοστυγές.
1630 762 1662 789 41
1687 762 1766 789 Ἀλλά
1790 771 1844 790 που

1714 808 1740 844 [ὑ
1746 810 1807 844 μεῖς

1054 855 1144 890 Ἔργα
1162 852 1342 890 δολοῤῥαφέος
1362 852 1514 889 μενεαίνετε
1533 852 1632 888 πατρὸς
1649 853 1781 887 ὑφαίνειν.

1085 899 1140 934 97
1149 899 1203 925 Καὶ
1211 898 1312 933 θρασὺς
1326 897 1457 933 Ἑϐραίων
1465 897 1545 924 πάλιν
1554 897 1645 924 ἔννεπε
1653 897 1714 930 λαὸς
1720 898 1843 925 ἁκούων·

1019 948 1039 974 Β
1056 945 1151 980 Ἡμεῖς
1163 945 1194 971 οὑ
1214 943 1365 979 γενόμεσθα
1382 943 1461 978 νόθης
1475 943 1528 970 ἀπὸ
1547 943 1682 978 μαχλάὂος
1695 944 1787 979 εὑνῆς,

1057 991 1136 1018 Ἀλλὰ
1149 991 1213 1017 Θεὸν
1232 991 1312 1025 μόνον
1333 990 1409 1025 ἴδμεν
1426 989 1475 1016 ἕνα
1495 989 1597 1021 ζώοντα
1611 989 1711 1024 Τοκῆα.

1084 1038 1119 1064 42
1145 1036 1247 1072 Ἰησοῦς
1260 1036 1282 1062 δ’
1296 1036 1381 1062 ἀΐοντι
1395 1035 1474 1062 πάλιν
1492 1036 1631 1071 μυθήσατο
1649 1035 1704 1071 λαῷ
1714 1044 1720 1051 ·

1050 1083 1082 1110 Εἰ
1099 1083 1165 1114 Θεὸς
1179 1082 1280 1118 ὑμείων
1294 1082 1410 1117 Γενέτης
1426 1080 1507 1107 πέλεν
1528 1080 1624 1116 αἰθέρα
1640 1081 1721 1107 ναίων

1050 1129 1104 1155 Καί
1114 1137 1159 1155 κεν
1178 1128 1229 1163 ἐμὲ
1250 1127 1406 1163 ξύμπαντες
1419 1127 1477 1158 ἐνὸς
1490 1126 1615 1161 γεγαῶτα
1631 1127 1734 1161 Τοκῆος

1055 1172 1200 1208 ’Λρραγέος
1215 1171 1304 1207 φιλίης
1319 1171 1408 1206 ἀλύτῳ
1421 1170 1556 1204 ξυνώσατε
1570 1170 1673 1206 θεσμῷ.

1049 1219 1103 1245 Καὶ
1119 1218 1173 1253 γὰρ
1185 1218 1241 1252 ἐγὼ
1259 1217 1351 1244 θεόθεν
1369 1216 1561 1253 πεφορημένος
1579 1217 1672 1244 ἐνθάδε
1691 1217 1786 1252 βαίνω.

1049 1263 1083 1290 45
1102 1263 1156 1290 Καὶ
1173 1262 1254 1289 πόθεν
1276 1262 1306 1288 οὑ
1325 1261 1452 1297 θεὸμητιν
1475 1261 1544 1296 ἐμὴν
1562 1261 1709 1295 γινώσκετε
1729 1261 1839 1296 φωνήνς

1055 1307 1156 1342 ’Υμέας
1171 1307 1200 1333 οὑ
1225 1307 1317 1338 σθένος
1333 1307 1406 1333 ἐστὶν
1432 1306 1498 1342 ὲμόν
1513 1315 1578 1333 ποτε
1602 1306 1685 1342 μῦθον
1708 1306 1819 1334 ἀκούειν
1832 1314 1840 1323 “

1048 1353 1082 1380 Η
1109 1353 1204 1388 Ὑμεῖς
1221 1352 1284 1388 δήϊοι
1303 1352 1384 1380 τέκνα
1401 1352 1544 1383 δυσαντέος
1563 1352 1624 1379 ἐστὲ
1649 1353 1759 1388 τοκῆος,

1048 1397 1177 1433 Δαίμονος
1193 1397 1357 1430 ἀντιπάλοιο,
1376 1397 1555 1433 ποθοὸλήτους
1567 1406 1596 1424 τε
1614 1397 1749 1433 μερίμνας

1048 1444 1155 1479 Πατρὸς
1172 1443 1313 1479 ἀερσινύου
1333 1443 1486 1479 μενεαίνετε
1502 1443 1601 1474 πάντες
1618 1443 1743 1470 ἀνύσσαι.

1047 1490 1106 1515 Aie!
1121 1490 1207 1521 κεῖνος
1221 1489 1268 1525 ἔην
1281 1489 1465 1524 ἁνδροκτόνος,
1480 1488 1554 1521 ἐξότε
1570 1489 1672 1524 κόσμου

1054 1535 1099 1567 Ἐξ
1115 1535 1202 1571 ἀρχῆς
1219 1535 1359 1561 τετέλεστο
1377 1534 1527 1570 θεμείλιον·
1546 1535 1575 1561 οὐ
1593 1534 1616 1561 δ’
1629 1535 1670 1561 ἑνὶ
1691 1534 1786 1571 θεσμῷ

1048 1581 1152 1616 Μίμνεν
1169 1580 1297 1616 ἀληθείης
1314 1580 1481 1612 θεοπειθέος·
1497 1581 1527 1607 οὑ
1546 1580 1600 1616 γὰρ
1615 1581 1644 1607 ὲν
1659 1581 1732 1616 αύτῷ

1009 1632 1031 1660 c
1048 1622 1116 1650 Ἦεν
1133 1624 1264 1659 ὲτητυμίη
1275 1633 1282 1639 ·
1301 1625 1348 1651 καὶ
1362 1625 1405 1651 ὅτε
1423 1624 1593 1660 σκολιόφρονι
1611 1625 1692 1660 βουλῇ

1050 1669 1156 1705 Αἱμύλα
1172 1670 1309 1697 κωτίλλων
1323 1670 1483 1706 ἀπατήνορα
1501 1670 1584 1705 μῦθον
1601 1670 1697 1702 ίάλλει,

1049 1714 1199 1749 Φθέγγεται
1216 1715 1247 1747 ἐξ
1261 1715 1343 1748 ἰδίων,
1357 1715 1398 1742 ὅτι
1411 1715 1511 1750 λοίγιον
1526 1713 1592 1751 ἦθος
1609 1715 1697 1748 ἀέξων

1050 1760 1176 1795 Ψεύστης
1191 1760 1271 1792 αὐτὸς
1287 1760 1347 1796 ἔφυ,
1361 1761 1528 1797 ψευδήμονος
1541 1762 1571 1788 ἐκ
1587 1762 1743 1797 γενετῆρος.

1050 1807 1085 1834 45
1109 1807 1189 1842 Ὑμῖν
1204 1806 1284 1839 αὑτὸς
1301 1806 1390 1840 ἔλεξα,
1405 1807 1452 1833 καὶ
1469 1808 1499 1834 οὑ
1515 1807 1656 1834 πιστεύετε
1674 1808 1760 1843 μύθῳ.

1051 1853 1086 1881 46
1104 1853 1153 1885 Τίς
1168 1853 1262 1889 βροτὸς
1276 1853 1379 1888 ὑμείων
1395 1863 1428 1889 με
1447 1854 1589 1890 δυνήσεται
1602 1854 1682 1886 αὐτὸς
1696 1854 1804 1889 ἐλέγξαι

1058 1898 1229 1934 ’Δμπλακίης
1243 1898 1358 1934 ἐπίηρα;
1373 1899 1419 1925 καὶ.
1434 1899 1457 1925 εί
1474 1899 1608 1935 νημερτὲς
1624 1900 1718 1934 ἐνίψω,

1052 1944 1134 1970 Τίπτε
1152 1953 1196 1979 μοι
1209 1944 1239 1970 οὺ
1258 1944 1381 1971 πείθεσθε
1395 1945 1540 1980 σαόφρονις
1554 1945 1587 1972 .l'l
1601 1945 1659 1977 Πᾶς
1672 1945 1751 1980 σοφὸς
1766 1946 1836 1982 ἀνὴρ

1050 1989 1097 2020 Είς
1113 1989 1178 2015 Θεὸν
1193 1988 1383 2023 αὑτογένεθλον
1400 1989 1468 2025 ἔχων
1485 1990 1554 2022 νόον,
1569 1990 1627 2025 ἡδέϊ
1645 1990 1723 2026 θυμῷ

1048 2034 1158 2066 Μύθους
1169 2034 1306 2071 οὑρανίοιο
1318 2035 1385 2061 Θεοῦ
1403 2035 1517 2068 ζώοντος
1531 2035 1635 2062 ἀκούει.

1054 2080 1149 2115 Ὑμεῖς
1163 2080 1185 2107 δ’
1198 2080 1311 2107 είσαῖειν
1327 2081 1357 2107 οὑ
1377 2081 1503 2108 σπεύδετε
1523 2081 1648 2109 θέσκελον
1665 2082 1767 2117 ὀμφὴν,

806 2181 944 2209 TEXTUS
964 2181 1226 2209 EVANGELISTE.

240 2273 275 2302 38
299 2272 369 2307 Ἐγὼ
392 2273 406 2299 ὃ
425 2273 535 2308 ἑώρακα
562 2272 636 2309 παρὰ
656 2273 695 2308 τῷ
718 2273 805 2308 ιΙατρί
824 2282 886 2308 μου,
909 2273 992 2306 λαλῶ,
1012 2274 1032 2301 l)
1081 2273 1116 2300 45
1136 2271 1210 2299 Διατί
1224 2273 1272 2308 τὴν
1285 2272 1378 2300 λαλιὶιν
1391 2273 1438 2308 τὴν
1453 2274 1521 2309 ἐμὴν
1532 2274 1562 2300 ού
1573 2273 1736 2308 γινώσκετε;
1752 2275 1793 2302 ὅτι
1805 2275 1833 2302 οὗ

205 2315 253 2342 καὶ
273 2315 353 2350 ὑμεῖς
369 2313 417 2342 οὖν
436 2315 450 2341 ὃ
469 2315 612 2351 ἑωράκατε
635 2314 710 2350 παρὰ
737 2315 775 2350 τῷ
796 2315 881 2350 πατρὶ
906 2314 994 2349 ὑμῶν,

207 2358 320 2383 ποιεῖτε.

242 2404 276 2432 ’59
299 2405 499 2441 Ἀπεκρίθησαν
514 2405 561 2432 καὶ
574 2402 650 2431 εἷπον
665 2403 752 2439 αὐτῷ·
771 2404 801 2430 '0
817 2403 908 2439 πατὴρ
919 2403 996 2438 ἡμῶν

212 2447 338 2482 Ἁϐραάμ
360 2447 429 2474 ἐστι.
456 2447 537 2481 Λέγει
570 2447 662 2477 αὐτοῖς
681 2446 695 2471 ὁ
720 2444 840 2479 Ἰησοῦς·
858 2446 889 2471 Ei
915 2445 997 2472 τέκνα

205 2488 251 2515 τοῦ
270 2489 394 2524 ’Δϐραὰμ
409 2487 469 2524 ἦτε,
483 2489 516 2515 τὰ
532 2488 602 2524 ἔργα
616 2487 664 2514 τοῦ
683 2487 809 2524 Ἀϐραὰμ
823 2488 939 2514 ἐποιεῖτε
953 2487 995 2514 ἄν.

241 2537 274 2565 «40
294 2536 351 2563 Νῦν
375 2537 404 2563 δὲ
430 2536 537 2571 ζητεῖτέ
564 2545 597 2572 με
623 2537 793 2571 ἀποκτεῖναι,
804 2534 946 2570 ἄνθρωπον
968 2533 997 2565 ὃς

205 2579 255 2613 τὴν
270 2577 400 2612 ἀλήθειαν
425 2579 490 2612 ὑμῖν
510 2577 658 2613 λελάληκα,
675 2579 707 2613 ἥν
733 2577 838 2612 ἥκουσα
855 2577 930 2612 παρὰ
950 2576 996 2602 τοῦ

206 2619 274 2645 Θεοῦ
284 2627 290 2633 ·
307 2619 387 2645 τοῦτο
403 2619 527 2654 Ἀὖραὰμ
543 2620 592 2646 οὑκ
607 2619 745 2654 εποίησεν.

241 2667 271 2694 41
301 2666 394 2702 Ὑμεῖς
423 2668 525 2694 ποιεῖτε
551 2667 585 2693 τὰ
611 2667 680 2703 ἔργα
706 2667 753 2694 τοῦ
785 2666 887 2702 πατρὸς
910 2666 995 2702 ὑμῶν.

207 2707 290 2735 Εἶπον
312 2707 359 2735 οὖν
380 2708 471 2744 αὐτῷ·
492 2708 586 2743 Ἡμεῖς
612 2709 644 2735 ὲκ
667 2708 795 2744 πορνείας
816 2709 846 2735 οὒ
870 2709 996 2744 γεγεννή-

208 2751 277 2786 μεθα
288 2759 294 2765 ·
313 2750 361 2777 ένα
377 2749 487 2785 ἔχομεν,
503 2750 547 2777 τὸν
561 2750 638 2778 Θεόν.

241 2800 276 2826 42
295 2797 379 2826 Εἶπεν
405 2796 452 2825 οὖν
476 2799 568 2830 αὐτοῖς
583 2798 597 2824 ό
616 2798 734 2834 Ἰησοῦς·
746 2799 778 2826 Εἰ
793 2800 807 2825 ὁ
821 2799 886 2831 Θεὺς
907 2800 998 2835 πατὴρ

207 2840 284 2876 ὑμῶν
300 2839 344 2877 ἦν,
363 2841 489 2875 ἠγαπᾶτε
502 2841 535 2868 ἂν
550 2840 600 2876 ἐμέ
610 2849 617 2856 ·
631 2840 687 2875 ἐγὼ
701 2840 755 2876 γὰρ
770 2841 802 2867 ἐκ
815 2841 861 2868 τοῦ
873 2841 940 2868 Θεοῦ
955 2840 999 2873 ἐξ·

207 2881 234 2906 ii
242 2883 286 2908 θον
300 2883 346 2910 καὶ
358 2883 417 2918 ἥκω
427 2890 433 2897 ·
449 2882 509 2909 οὐδὲ
529 2882 583 2919 γὰρ
601 2882 648 2910 ἀπ’
664 2882 783 2918 ἐμαυτοῦ
801 2882 928 2918 ἐλήλυθα,
941 2882 998 2910 ἀλλ’

208 2923 233 2948 ἐκ
241 2925 310 2956 εῖνός
324 2934 357 2961 με
375 2925 527 2953 ἀπέστειλε.

1047 2314 1163 2341 δύνασθε
1181 2314 1290 2341 ἀκούειν
1306 2315 1350 2341 τὸν
1365 2315 1444 2350 λόγον
1457 2315 1502 2342 τὸν
1515 2315 1590 2351 ἐμόν.

1082 2374 1117 2400 4i-
1141 2373 1234 2408 Ὑμεῖς
1251 2373 1282 2400 ἐκ
1300 2373 1402 2409 πατρὸς
1422 2373 1468 2400 τοῦ
1488 2372 1611 2401 διαϐόλου
1632 2374 1704 2406 ἐστὲ,
1727 2374 1835 2407 καὶτὰς

1047 2414 1194 2450 ἐπιθυμίας
1213 2414 1260 2441 τοῦ
1278 2415 1380 2450 πατρὸς
1397 2415 1474 2450 ὑμῶν
1495 2415 1586 2442 θέλετε
1609 2417 1710 2442 ποιεῖν·
1735 2417 1835 2448 ἐκεῖνος

1048 2455 1268 2492 ἀνθρωποκτόνος
1283 2453 1317 2492 ἦν
1329 2457 1376 2483 ἀπ’
1392 2457 1490 2492 ἀρχῆς,
1505 2457 1553 2484 καὶ
1566 2458 1595 2484 ὲν
1611 2459 1643 2493 τῇ
1662 2457 1776 2493 ἀληθείᾳ
1788 2459 1833 2492 οὺχ

1048 2498 1176 2532 ἕστηκεν·
1193 2497 1234 2523 ὃτι
1256 2497 1306 2523 οὐκ
1328 2497 1402 2524 ἔστιν
1420 2497 1535 2533 ἀλήθεια
1545 2499 1574 2526 ὲν
1587 2498 1677 2534 αὐτῷ·
1690 2500 1754 2526 ὅταν
1771 2499 1833 2534 λαλῇ

1047 2539 1078 2565 τὸ
1090 2538 1196 2573 ψεῦδος,
1210 2540 1241 2565 ἐκ
1254 2539 1307 2566 τῶν
1324 2540 1396 2566 ἰδίων
1411 2539 1500 2566 λαλεῖ·
1515 2540 1557 2567 ὅτι
1575 2540 1696 2576 ψεύστης
1707 2541 1775 2573 ἐστὶ,
1792 2542 1835 2567 καὶ

1053 2581 1068 2607 ὁ
1083 2580 1173 2615 πατὴρ
1188 2579 1282 2606 αὑτοῦ.

1083 2639 1120 2667 45
1143 2639 1213 2673 Ἐγὼ
1237 2639 1266 2665 δὲ
1288 2639 1330 2665 ὅτι
1353 2639 1402 2675 τὴν
1417 2639 1544 2676 ἀλήθειαν
1557 2639 1637 2674 λέγω,
1653 2639 1684 2665 οὐ
1697 2639 1835 2666 πιστεύετέ

1051 2689 1105 2716 μοι.

1084 2739 1118 2766 46
1137 2738 1185 2770 Τίς
1208 2732 1238 2771 ἕξ
1261 2739 1338 2774 ὑμῶν
1361 2740 1467 2775 ἐλέγχει
1484 2749 1516 2776 με
1529 2741 1593 2777 περὶ
1608 2741 1761 2776 ἁμαρτίας;
1776 2741 1800 2767 εἰ
1812 2740 1836 2766 δὲ

1049 2781 1178 2816 ἀλήθειαν
1196 2779 1276 2814 λέγω,
1291 2780 1361 2807 διατί
1373 2782 1451 2817 ὑμεῖς
1463 2783 1493 2809 οὑ
1513 2782 1654 2809 πιστεύετέ
1670 2790 1734 2817 μοι;

1085 2839 1119 2866 47
1144 2838 1173 2864 Ὀ
1183 2837 1220 2864 ὢν
1232 2839 1263 2865 ἐκ
1277 2839 1323 2866 τοῦ
1335 2840 1413 2872 Θεοῦ,
1425 2841 1459 2867 τὰ
1471 2841 1581 2877 ῥήματα
1593 2841 1638 2868 τοῦ
1650 2841 1719 2867 Θεοῦ
1732 2839 1836 2867 ἀκούει*

1048 2880 1093 2907 διὰ
1113 2879 1192 2906 τοῦτο
1216 2879 1295 2914 ὑμεῖς
1318 2881 1367 2909 οὑκ
1388 2882 1512 2917 ἀκούετε,
1527 2883 1568 2910 ὅτι
1584 2883 1616 2910 ὲκ
1634 2881 1682 2910 τοῦ
1705 2881 1772 2909 Θεοῦ
1791 2882 1835 2908 οὔκ

1049 2922 1121 2948 ἐστέ.

1049 2931 1121 2950 ιστε.
