1953 3040
213 193 265 220 Bl'J

827 196 929 226 NONNI
950 198 1197 229 PANOPOLITANI

1790 202 1851 231 820

212 253 278 281 fato.
297 253 356 281 Non
371 254 444 282 enim
459 262 535 284 meus
549 263 669 292 unquam
687 264 777 285 sermo
792 261 910 286 vestram
930 246 997 287 men-

1064 261 1144 288 Ἀλλά
1158 270 1192 296 με
1208 260 1335 296 λαθριδίῳ
1349 258 1471 287 κτανέειν
1486 259 1632 295 μαστεύετε
1648 259 1752 295 πότμῳ.

211 302 267 326 tem
281 298 365 326 subit.
382 298 428 335 [38

247 342 258 379 ]
276 344 310 371 59
329 344 434 372 llebrmi
450 353 514 373 vero
535 351 688 374 sonuerunt
702 348 864 383 responsivo
880 349 1000 384 quodam

213 390 312 417 verbo:
330 389 428 419 Noster
438 395 515 426 pater
528 395 569 420 est
585 392 743 428 progenitor
755 393 903 421 Abraham.
918 393 1000 422 Jesus

212 439 303 462 autem
317 437 469 471 respondit,
489 436 607 466 fundens
622 443 718 466 contra
735 443 877 467 sonantem
894 448 999 468 vocem:

212 479 268 509 Vos
283 482 305 509 si
320 481 458 517 sapientes
470 483 571 511 liberos
588 483 726 519 plantator
737 488 841 512 arasset
850 485 999 518 Abraham,

212 525 301 553 Etiam
317 526 443 555 faceretis
459 528 494 563 pii
516 536 598 564 opera
621 530 715 564 patris,
731 529 866 557 Abraham
880 530 1002 565 hospita-

212 570 256 597 lis.
273 570 309 598 40
325 570 379 598 Deo
396 579 549 606 repugnans
576 572 642 600 estis
666 571 815 607 generatio.
834 571 863 599 Si
885 572 1000 600 homici-

211 616 297 644 diales
312 616 407 644 doloso
422 617 543 652 poiluitis
564 625 661 645 manus
682 618 774 650 exitio,
792 617 927 652 Operibus
951 625 1000 646 ex-

210 662 313 697 pressis
322 663 507 691 eonlirmastis
515 663 728 699 generationem.
740 663 877 691 Abraham
891 671 944 691 non
953 672 1000 691 cu-

210 711 300 746 piebat
340 711 476 739 insantem
511 712 597 739 virum
624 713 735 740 domare
755 722 762 740 :
780 712 917 741 Abraham
945 721 1000 741 non

210 758 276 786 fecit
291 759 343 786 hoc
359 759 415 786 Deo
430 767 555 794 exosum.
571 760 602 787 41
620 759 673 787 Sed
686 768 733 788 vos
752 759 841 796 Opera
853 761 942 789 dolosi
957 769 1001 789 co-

212 806 305 841 gitatis
321 807 406 842 patris
419 811 521 834 texere.

245 864 301 901 93
327 865 360 892 Et
374 865 463 893 audax
481 864 637 893 Iudaeorum
658 873 755 894 rursus
785 866 854 894 dixit
883 868 999 903 populus

209 912 340 940 audiens:
367 912 423 941 Nos
445 921 500 941 non
523 913 606 948 geniti
626 921 721 942 sumus
745 914 840 950 spurio
858 922 890 942 ex
913 923 1000 943 mere-

211 960 290 989 tricis
317 961 481 995 concubitu,
509 961 562 990 Sed
583 961 668 990 Deum
693 963 781 991 solum
799 963 900 991 scimus
914 971 998 991 unmn

207 1008 344 1037 viventem
365 1009 484 1037 Patrem.

242 1067 278 1094 42
288 1066 369 1095 .lcsus
385 1072 474 1095 autem
488 1068 610 1096 audienti
637 1076 734 1096 rursus
754 1068 860 1096 locutus
881 1073 923 1096 est
950 1076 995 1104 po-

206 1114 287 1150 pulo:
298 1114 326 1142 Si
343 1114 414 1143 Deus
422 1120 511 1144 vester
526 1116 606 1144 Pater
617 1120 658 1144 est
670 1117 755 1145 cmlos
766 1117 902 1148 habitans,
911 1116 997 1144 Etiam

207 1169 251 1190 me
258 1169 356 1190 omnes
366 1162 400 1190 ab
411 1171 466 1191 uno
478 1168 572 1191 natum
588 1163 669 1191 Patre
680 1163 778 1191 Fit-ma:
789 1164 914 1191 amicitiae
924 1165 998 1191 inso-

207 1211 284 1238 lubili
297 1211 501 1247 conjungeretis
516 1213 635 1240 vinculo.
651 1212 756 1240 Etenim
775 1220 824 1246 ego
839 1220 854 1239 a
870 1212 923 1240 Deo
935 1220 998 1248 pro-

206 1259 308 1287 cedens
328 1260 382 1287 huc
397 1260 486 1288 venio.
502 1261 538 1288 45
551 1260 584 1288 Et
597 1260 735 1296 quomodo
752 1268 806 1288 non
822 1261 941 1288 divinant
958 1268 998 1287 sa-

205 1309 325 1344 pientem
341 1316 429 1337 meam
444 1309 610 1345 cognoscitis
623 1309 737 1337 vocem?
749 1307 804 1336 Vos
815 1316 869 1336 non
883 1308 997 1343 potestis

205 1365 297 1385 meum
314 1365 468 1386 sermonem
490 1357 596 1384 audire.
611 1356 646 1384 44
658 1355 713 1385 Vos
727 1356 840 1384 hostiles
855 1357 902 1383 lilii
920 1363 998 1384 aver-

205 1404 285 1433 sandi
301 1405 369 1434 estis
382 1405 478 1440 patris,
499 1404 635 1432 Daemonis
651 1404 811 1436 adrersarii,
825 1408 851 1432 et
866 1404 997 1432 amabiles

205 1454 445 1489 concupiscentias
463 1452 552 1480 Patris
566 1453 675 1487 superbi
693 1453 793 1487 cupitis
804 1459 899 1479 omnes
915 1451 995 1486 perﬁ-

205 1509 278 1530 cere.
293 1501 406 1536 Semper
420 1501 466 1528 ille
485 1505 544 1527 erat
557 1500 694 1528 homicida
705 1521 713 1533 ,
730 1509 762 1528 ex
776 1508 831 1536 quo
847 1500 941 1527 mundi
957 1501 997 1527 Ab

205 1550 286 1578 initio
306 1549 458 1584 perfectum
486 1553 527 1577 est
549 1549 775 1577 fundamentum:
794 1557 881 1584 neque
896 1550 923 1576 in
939 1549 997 1584 lege

206 1597 307 1625 Mansit
318 1597 442 1625 veritatis
451 1597 505 1624 Deo
515 1597 663 1630 credentis;
672 1605 726 1624 non
737 1597 809 1624 enim
824 1598 851 1624 in
863 1597 923 1632 ipso
931 1597 996 1623 Erat

204 1646 317 1678 veritas,
326 1648 354 1672 et
360 1644 470 1679 quando
481 1645 566 1679 iniqui
582 1645 666 1672 animi
678 1646 815 1673 voluntate
827 1644 930 1672 Blanda
939 1652 997 1680 gar-

205 1693 280 1720 riens
302 1692 489 1727 deceptoriurn
519 1700 672 1721 sermonem
685 1693 800 1725 emittit,
816 1693 949 1728 Loquitur
963 1700 996 1720 ex

206 1740 335 1775 propriis,
342 1740 406 1775 quia
419 1740 590 1775 perniciosos
600 1748 689 1768 mores
702 1741 804 1769 habens
813 1740 927 1768 Mendax
939 1741 998 1775 ipse

204 1792 257 1821 est,
272 1789 404 1817 mendaee
417 1796 450 1817 ex
475 1792 562 1824 patre.
583 1789 618 1816 45
634 1788 718 1817 Vobis
732 1789 791 1825 ipse
814 1790 881 1822 dixi,
897 1793 924 1817 et
944 1796 997 1816 non

205 1836 319 1864 creditis
332 1837 465 1865 sermoni.
481 1836 516 1864 46
532 1836 600 1869 Quis
618 1836 700 1864 homo
715 1837 786 1865 inter
801 1844 849 1865 vos
863 1844 906 1864 me
921 1840 999 1871 pote-

205 1884 242 1912 rit
267 1885 327 1919 ipse
349 1884 548 1919 reprehendere
567 1884 677 1912 Peccati
698 1884 906 1913 all‘eetatorem?
923 1889 960 1916 et,
975 1883 998 1912 si

206 1939 300 1960 verum
316 1932 422 1964 dixero,
443 1931 500 1959 Cur
513 1932 579 1959 mihi
594 1940 646 1959 non
663 1932 775 1961 creditis
795 1932 945 1968 prudenti?

236 1980 272 2007 47
287 1980 406 2013 Quilibet
421 1981 529 2015 sapiens
541 1981 582 2008 vir
596 1980 626 2008 In
645 1980 728 2008 Deum
750 1985 880 2008 aeternum
892 1980 996 2008 habens

206 2032 335 2059 mentem,
343 2028 421 2056 suavi
429 2028 521 2056 animo
530 2028 677 2056 Sermones
687 2029 807 2057 caelestis
821 2029 865 2056 Dei
881 2028 997 2055 viventis

205 2077 291 2104 audit.
308 2076 364 2105 Vos
388 2084 453 2105 vero
473 2076 569 2106 audire
581 2085 635 2105 non
658 2076 793 2105 festinatis
810 2076 931 2103 divinam
949 2083 996 2103 vo-

1052 305 1089 332 Οὑ
1107 305 1161 341 γὰρ
1169 305 1234 341 ὲμός
1249 314 1313 332 ποτε
1325 305 1407 341 μῦθος
1416 305 1444 337 ὲς
1453 304 1588 340 ὑμετέρην
1598 305 1682 339 φρένα
1689 304 1772 331 δύνει.
1783 303 1849 340 [ὖὸί

1056 351 1089 379 59
1115 351 1233 388 Ἑϐραῖοι
1253 352 1275 378 δ’
1292 352 1405 386 ἰάχησαν
1418 351 1552 386 ἀμοιϐαίῳ
1567 351 1620 377 τινὶ
1638 350 1715 387 μύθῳ
1726 360 1734 366 ·

1058 395 1176 431 Ἡμείων
1191 396 1304 431 γενέτης
1316 395 1418 422 τελέθει
1434 394 1627 430 πρωτόσπορος
1641 394 1763 430 Ἅϐραμ.

1058 441 1165 477 Ἰησοῦς
1179 442 1201 467 δ’
1213 442 1380 476 ἀπάμειπτο,
1401 441 1471 476 χέων
1485 439 1650 466 ἀντίκτυπον
1666 439 1759 475 ὀμφήν
1769 448 1776 455 ·

1058 485 1162 521 ’Υμέας
1173 486 1197 511 εί
1212 485 1281 519 σοφὰ
1296 485 1378 512 τέκνα
1391 484 1558 520 φυτοσπόρος
1571 484 1668 519 ῆροσεν
1682 484 1808 520 Ἀϐραμ,

1051 529 1106 556 Καί
1125 538 1172 557 κεν
1188 529 1350 565 ἐποιήσασθε
1366 528 1486 560 θεουδέος
1499 527 1567 563 ἔργα
1581 529 1688 563 τοκῆος,

1053 576 1164 611 ’Ἄϐραμ
1195 575 1363 608 ξεινοδόκοιο.
1381 574 1415 601 40
1436 574 1578 609 Θεημάχος
1593 574 1654 599 ἐστὲ
1673 573 1799 608 γενέθλη,

1051 621 1082 647 Et
1102 620 1193 655 φονίας
1206 620 1321 647 δολόεντι
1339 619 1458 656 μιαίνετε
1471 621 1564 655 χεῖρας
1577 619 1689 654 ὀλέθρῳ,

1053 667 1163 703 Ἔργοις
1180 666 1362 693 ἀντιτύποισιν
1380 664 1565 691 ἐπιστώσασθε
1579 665 1718 700 γενέθλην.

1057 711 1182 746 Ἀῆραάμ
1194 710 1225 737 οὐ
1241 710 1379 746 μενέαινεν
1396 709 1516 737 ἀναίτιον
1535 709 1619 745 ἄνδρα
1637 709 1790 744 δαμάσσαι-

1061 756 1186 792 Ἀὁραὰμ
1208 756 1237 782 οὐ
1261 755 1332 791 κάμε
1357 755 1436 781 τοῦτο
1458 755 1611 790 θεοστυγές.
1629 755 1660 781 41
1685 755 1765 781 Ἀλλά
1789 763 1843 782 που

1713 801 1739 836 [ὑ
1745 802 1806 836 μεῖς

1053 848 1142 884 Ἔργα
1161 846 1341 883 δολορραφέος
1361 845 1513 882 μενεαίνετε
1531 845 1631 881 πατρὸς
1647 845 1780 880 ὑφαίνειν.

1085 892 1138 927 97
1147 892 1202 918 Καὶ
1210 891 1311 927 θρασὺς
1324 891 1456 926 Ἐϐραίων
1464 890 1544 916 πάλιν
1553 890 1645 917 ἔννεπε
1652 890 1713 922 λαὸς
1719 890 1842 917 ἀκούων·

1018 941 1037 967 Β
1056 938 1150 974 Ἡμεῖς
1163 938 1193 964 οὗ
1214 937 1364 972 γενόμεσθα
1381 936 1460 971 νόθης
1474 936 1528 963 ἀπὸ
1546 936 1681 971 μαχλάδος
1694 937 1786 972 εὑνῆς,

1056 985 1135 1012 Ἀλλὰ
1148 984 1213 1010 Θεὸν
1231 985 1311 1018 μόνον
1331 983 1408 1018 ἴδμεν
1426 982 1474 1008 ἕνα
1494 981 1596 1014 ζώοντα
1610 982 1711 1017 Τοκῆα.

1084 1031 1118 1057 42
1144 1029 1246 1065 Ἰησοῦς
1259 1029 1281 1056 δ’
1295 1029 1380 1055 ἀΐοντι
1394 1028 1474 1055 πάλιν
1491 1029 1630 1064 μυθήσατο
1648 1028 1720 1064 λαῷ·

1050 1076 1081 1103 Εἰ
1098 1076 1165 1107 Θεὸς
1179 1075 1280 1111 ὑμείων
1294 1074 1409 1110 Γενέτης
1425 1073 1506 1100 πέλεν
1528 1073 1624 1109 αἰθέρα
1639 1074 1720 1100 ναίων

1049 1122 1103 1149 Καί
1113 1130 1159 1148 κεν
1177 1121 1228 1156 ἐμὲ
1249 1120 1406 1156 ξύμπαντες
1419 1119 1477 1151 ἐνὸς
1490 1119 1614 1154 γεγαῶτα
1631 1119 1734 1154 Τοκῆος

1055 1165 1200 1202 ’Λρραγέος
1215 1165 1304 1200 φιλίης
1318 1164 1407 1199 ἀλύτῳ
1421 1163 1556 1197 ξυνώσατε
1570 1163 1673 1199 θεσμῷ.

1049 1213 1103 1239 Καὶ
1118 1211 1172 1247 γὰρ
1185 1211 1241 1245 ἐγὼ
1259 1210 1350 1238 θεόθεν
1369 1209 1560 1246 πεφορημένος
1579 1209 1672 1236 ἐνθάδε
1691 1209 1786 1245 βαίνω.

1047 1257 1082 1284 45
1101 1256 1155 1283 Καὶ
1172 1255 1254 1282 πόθεν
1276 1255 1305 1281 οὑ
1325 1255 1452 1290 θεόμητιν
1475 1254 1544 1289 ἐμὴν
1562 1253 1710 1289 γινώσκετε
1729 1254 1839 1289 φωνήνς

1054 1300 1156 1336 ’Υμέας
1170 1301 1199 1327 οὗ
1225 1300 1317 1332 σθένος
1333 1300 1406 1326 ἐστὶν
1432 1299 1497 1335 ἐμόν
1514 1308 1578 1326 ποτε
1602 1299 1685 1335 μῦθον
1708 1299 1819 1326 ἀκούειν
1832 1307 1840 1315 ·

1047 1347 1082 1373 44
1108 1346 1203 1382 Ὑμεῖς
1221 1346 1283 1382 δήῖα
1303 1345 1384 1373 τέκνα
1401 1345 1544 1376 δυσαντέος
1563 1345 1624 1372 ἐστὲ
1649 1346 1759 1380 τοκῆος,

1048 1391 1177 1427 Δαίμονος
1193 1391 1358 1423 ἀντιπάλοιο,
1376 1390 1556 1426 ποθοσλήτους
1567 1399 1596 1416 τε
1615 1390 1750 1426 μερίμνας

1048 1438 1155 1472 Πατρὺς
1171 1437 1313 1473 ἀερσινόου
1333 1435 1486 1472 μενεαίνετε
1502 1436 1601 1468 πάντες
1618 1436 1743 1463 ἀνύσσαι.

1047 1484 1105 1509 Λὶεὶ
1120 1484 1207 1514 κεῖνος
1221 1482 1268 1518 ἔην
1282 1482 1466 1518 ἁνδροκτόνος,
1481 1481 1554 1514 ἐξότε
1571 1481 1672 1517 κόσμου

1054 1529 1098 1561 Ἐξ
1115 1528 1202 1565 ἀρχῆς
1220 1528 1359 1555 τετέλεστο
1377 1527 1528 1563 θεμείλιον·
1546 1528 1576 1554 οὐ
1594 1527 1616 1554 δ’
1630 1528 1670 1554 ἐνὶ
1692 1527 1787 1564 θεσμῷ

1048 1575 1152 1610 Μίμνεν
1170 1574 1297 1610 ἀληθείης
1314 1574 1481 1605 θεοπειθέος·
1498 1573 1528 1600 οὺ
1546 1573 1600 1609 γὰρ
1615 1574 1645 1599 ὲν
1659 1573 1732 1609 αὑτῷ

1010 1626 1031 1653 c
1048 1615 1116 1644 Ἦεν
1133 1618 1264 1653 έτητυμίη
1276 1626 1282 1633 ·
1301 1618 1349 1644 καὶ
1362 1618 1405 1644 ὅτε
1423 1617 1594 1653 σκολιόφρονι
1612 1617 1692 1653 βουλῇ

1050 1663 1156 1698 Αίμύλα
1172 1663 1309 1690 κωτίλλων
1324 1664 1484 1699 ἀπατήνορα
1501 1662 1585 1698 μῦθον
1602 1663 1698 1694 ίάλλει,

1050 1708 1200 1743 ψθέγγεται
1217 1708 1247 1741 ἐξ
1262 1708 1343 1741 ἰδίων,
1358 1709 1399 1735 ὅτι
1412 1709 1512 1743 λοίγιον
1527 1706 1593 1744 ἦθος
1610 1708 1698 1741 ἀέξων

1050 1754 1177 1789 Ψεύστης
1192 1753 1272 1786 αὐτὸς
1287 1753 1348 1789 ἔφυ,
1362 1754 1529 1790 ψευδήμονος
1542 1755 1572 1781 ἐκ
1588 1755 1744 1789 γενετῆρος.

1051 1801 1085 1827 45
1110 1801 1190 1836 Ὑμῖν
1204 1799 1285 1832 αὑτὸς
1302 1799 1390 1833 ἔλεξα,
1406 1801 1453 1827 καὶ
1470 1801 1500 1827 οὐ
1516 1801 1657 1827 πιστεύετε
1675 1801 1761 1836 μύθῳ.

1052 1847 1086 1875 46
1105 1847 1153 1878 Τίς
1169 1846 1263 1882 βροτὸς
1277 1846 1380 1882 ὑμείων
1395 1856 1429 1882 με
1447 1847 1590 1883 δυνήσεται
1603 1847 1683 1879 αὐτὸς
1697 1846 1805 1881 ἐλέγξαι

1058 1891 1229 1928 Ἀμπλακίης
1244 1891 1359 1927 ὲπίηρα;
1373 1892 1420 1918 καὶ
1435 1893 1458 1918 εί
1475 1892 1610 1928 νημερτὲς
1625 1892 1719 1927 ἐνίψω,

1052 1937 1135 1964 Time
1153 1946 1196 1973 μοι
1211 1937 1240 1963 οὑ
1259 1937 1382 1964 πείθεσθε
1395 1938 1541 1973 σαόφρονι;
1555 1938 1588 1965 47
1602 1939 1660 1970 Πᾶς
1673 1938 1752 1973 σοφὸς
1768 1938 1836 1975 ἀνὴρ

1051 1983 1098 2014 Είς
1114 1982 1180 2009 Θεὸν
1193 1981 1384 2016 αὐτογένεθλον
1401 1983 1470 2018 ἔχων
1487 1983 1555 2014 νόον,
1571 1983 1629 2018 ἡδέϊ
1647 1983 1725 2019 θυμῷ

1049 2028 1159 2059 Μύθους
1170 2027 1307 2064 οὑρανίοιο
1319 2027 1386 2055 Θεοῦ
1404 2028 1518 2060 ζώοντος
1533 2028 1636 2056 ἀκούει.

1055 2074 1150 2108 Ὑμεῖς
1164 2073 1186 2100 δ’
1199 2073 1312 2101 είσαῖειν
1328 2074 1358 2100 οὺ
1378 2074 1505 2101 σπεύδετε
1525 2073 1650 2102 θέσκελον
1667 2074 1769 2110 ὀμφὴν,

807 2175 946 2203 TEXTUS
966 2174 1227 2203 ΕἾᾹΝΟΕΜδΤίΕ.

241 2268 277 2296 38
301 2267 371 2302 Ἐγὼ
394 2268 408 2294 ὂ
426 2268 537 2302 ἑώρακα
563 2266 638 2303 παρὰ
658 2268 697 2302 τῷ
720 2267 807 2302 lla-.9!
826 2275 887 2302 μου,
911 2266 993 2300 λαλῶ,
1013 2268 1033 2294 1)
1083 2266 1118 2293 4⁸5
1137 2265 1211 2292 Διατὶ
1226 2266 1274 2301 τὴν
1286 2266 1380 2293 λαλιὰν
1393 2266 1440 2302 τὴν
1454 2267 1523 2302 ἐμὴν
1534 2267 1564 2293 ού
1574 2266 1738 2301 γινώσκετε;
1754 2268 1795 2294 ὅτι
1807 2267 1834 2294 οὑ

207 2310 254 2337 καὶ
274 2310 354 2345 ὑμεῖς
371 2307 418 2337 οὖν
437 2310 452 2336 ὅ
471 2309 614 2346 ἑωράκατε
637 2308 713 2344 παρὰ
739 2309 777 2344 τῷ
798 2309 883 2344 πατρὶ
908 2307 996 2343 ὑμῶν,

208 2353 322 2378 ποιεῖτε.

243 2399 278 2427 39
300 2399 501 2436 ’Δπεκρίθησαν
517 2399 563 2426 καὶ
576 2396 652 2425 εἷπον
667 2397 754 2433 αὐτῷ·
774 2398 803 2423 '0
819 2397 909 2432 πατὴρ
921 2397 998 2432 ἡμῶν

214 2441 339 2477 Ἀϐραάμ
362 2443 430 2468 ἐστι.
458 2441 539 2475 Λέγει
572 2441 664 2471 αὑτοῖς
683 2441 697 2466 ὁ
723 2438 843 2474 Ἰησοῦ;”
860 2439 891 2465 El
917 2439 999 2465 τέκνα

207 2483 253 2510 τοῦ
271 2483 396 2518 ’Δὸραὰμ
411 2481 471 2519 ἦτε,
486 2482 518 2510 τὰ
534 2482 604 2518 ἔργα
618 2481 666 2509 τοῦ
685 2481 812 2518 Ἀδραὰμ
826 2481 940 2507 ἐποιεῖτε
955 2480 997 2508 ἄν.

243 2532 276 2560 -10
296 2531 353 2557 Νῦν
377 2532 405 2558 δὲ
432 2531 539 2566 ζητεῖτέ
566 2539 599 2566 με
626 2531 795 2565 ἀποκτεῖναι,
806 2528 948 2564 ἄνθρωπον
970 2527 999 2559 ὃς

207 2574 256 2607 τὴν
272 2572 402 2607 ἀλήθειαν
427 2573 492 2606 ὑμῖν
512 2572 661 2607 λελάληκα,
677 2573 709 2608 ἣν
735 2571 840 2606 ἥκουσα
857 2571 932 2606 παρὰ
952 2569 998 2596 τοῦ

208 2614 276 2640 Θεοῦ
286 2622 292 2628 ·
308 2613 388 2640 τοῦτο
404 2614 530 2648 Ἀϐραὰμ
546 2614 595 2640 οὐκ
610 2614 748 2648 ἐποίησεν.

243 2662 273 2688 41
303 2661 397 2696 Ὑμεῖς
425 2654 527 2688 ποιεῖτε
554 2661 588 2688 τὰ
614 2661 683 2697 ἔργα
709 2661 756 2688 τοῦ
788 2660 890 2696 πατρὸς
913 2660 998 2695 ὑμῶν.

209 2702 292 2730 Εἶπον
314 2701 360 2729 οὖν
381 2702 474 2738 αὐτῷ·
494 2703 589 2737 Ἡμεῖς
614 2703 647 2729 ὲκ
670 2702 798 2738 πορνείας
819 2703 849 2729 οὑ
873 2703 998 2737 γεγεννή-

210 2745 280 2780 μεθα
290 2753 296 2760 ·
316 2745 364 2772 ἕνα
380 2743 490 2779 ἔχομεν,
505 2744 549 2771 τὸν
564 2744 640 2772 Θεόν.

244 2794 278 2821 42
297 2792 382 2820 Εἶπεν
408 2790 455 2819 οὖν
479 2793 570 2824 αὐτοῖς
586 2793 600 2819 ό
618 2792 737 2828 Ἰησοῦς·
749 2793 780 2819 Εἰ
796 2794 809 2819 ὁ
824 2793 889 2825 Θεὸς
909 2794 1000 2829 πατὴρ

209 2835 286 2871 ὑμῶν
302 2833 346 2871 ἦν,
365 2835 491 2869 ἠγαπᾶτε
505 2835 538 2861 ἂν
553 2835 603 2870 ἐμέ
613 2843 620 2850 ·
635 2834 691 2869 ἐγὼ
704 2834 758 2870 γὰρ
773 2835 805 2861 ὲκ
818 2835 864 2862 τοῦ
876 2834 943 2862 Θεοῦ
959 2834 1001 2867 ἐξ-

209 2876 288 2903 ἦλθον
302 2878 349 2904 καὶ
360 2877 420 2911 ἥκω
430 2883 436 2890 ·
452 2876 512 2902 οὑδὲ
531 2876 586 2913 γὰρ
604 2877 651 2904 ἀπ’
667 2876 786 2912 ἐμαυτοῦ
804 2876 931 2912 ἐλήλυθα,
944 2876 1001 2904 ἀλλ’

210 2918 230 2943 ξ’
243 2919 312 2951 ilva;
326 2929 359 2955 με
378 2918 530 2946 ἀπέστειλε.

1049 2307 1165 2335 δύνασθε
1182 2307 1291 2335 ἀκούειν
1308 2308 1352 2334 τὸν
1367 2308 1445 2343 λόγον
1459 2308 1504 2334 τὸν
1517 2308 1591 2343 ἐμόν.

1084 2367 1119 2394 44
1142 2366 1236 2401 Ὑμεῖς
1252 2367 1284 2393 ὲκ
1302 2367 1404 2402 πατρὸς
1423 2366 1470 2393 τοῦ
1490 2366 1613 2394 διαϐόλου
1634 2367 1706 2399 ἐστὲ,
1729 2367 1836 2399 καὶτὰς

1049 2408 1196 2443 ἐπιθυμίας
1215 2407 1262 2434 τοῦ
1280 2408 1382 2443 πατρὸς
1399 2408 1476 2443 ὑμῶν
1497 2408 1588 2435 θέλετε
1611 2410 1712 2435 ποιεῖν’
1737 2409 1837 2440 ἐκεῖνος

1050 2449 1270 2485 ἀνθρωποκτόνος
1285 2447 1319 2484 ’ἦν
1331 2449 1378 2476 ἀπ’
1394 2450 1492 2485 ἀρχῆς.
1507 2450 1555 2476 καὶ
1568 2450 1597 2476 ὲν
1613 2451 1646 2485 τῇ
1664 2449 1779 2485 ἀληθείᾳ
1790 2451 1836 2485 οὺχ

1050 2491 1179 2526 ἕστηκεν
1195 2490 1236 2517 ὅτι
1258 2490 1308 2517 οὑκ
1331 2491 1404 2517 ἔστιν
1422 2490 1536 2526 ἀλήθεια
1547 2492 1576 2518 ὲν
1589 2491 1663 2526 αὑτῷ
1673 2500 1680 2507 δ
1693 2492 1757 2518 ὅταν
1773 2491 1834 2526 λαλῇ

1050 2532 1080 2559 τὺ
1092 2531 1198 2567 ψεῦδος,
1211 2533 1243 2558 ἐκ
1256 2532 1310 2559 τῶν
1327 2533 1398 2559 ἰδίων
1413 2533 1502 2559 λαλεῖ·
1517 2533 1559 2560 ὃτι
1577 2533 1698 2568 ψεύστης
1709 2533 1778 2565 ἐστὶ,
1795 2534 1837 2560 καὶ

1056 2574 1070 2600 ὁ
1085 2574 1175 2609 πατὴρ
1190 2572 1284 2600 αὑτοῦ.

1086 2633 1121 2660 45
1145 2632 1215 2667 Ἐγὼ
1239 2632 1268 2659 δὲ
1291 2632 1332 2659 ὅτι
1356 2632 1404 2668 τὴν
1419 2632 1547 2669 ἀλήθειαν
1558 2631 1639 2667 λέγω,
1656 2632 1686 2658 οὑ
1700 2631 1837 2658 πιστεύετέ

1054 2683 1108 2710 μοι.

1087 2733 1120 2760 46
1140 2732 1188 2764 Τίς
1211 2725 1240 2764 ἐξ
1263 2733 1340 2768 ὑμῶν
1364 2733 1469 2768 ἐλέγχει
1485 2742 1518 2769 με
1532 2734 1596 2769 περὶ
1610 2733 1764 2768 ἀμαρτίας;
1778 2733 1838 2760 εἰδὲ

1052 2774 1181 2810 ἀλήθειαν
1199 2772 1279 2808 λέγω,
1293 2774 1363 2801 διατί
1376 2775 1454 2810 ὑμεῖς
1465 2775 1495 2802 ού
1515 2775 1656 2802 πιστεύετέ
1673 2783 1737 2810 μοις

1087 2833 1122 2859 47
1147 2832 1176 2858 Ὀ
1186 2831 1223 2858 ὢν
1235 2833 1266 2859 ὲκ
1279 2832 1326 2859 τοῦ
1337 2833 1416 2865 Θεοῦ,
1428 2834 1462 2860 τὰ
1474 2835 1583 2870 ῥήματα
1595 2834 1641 2860 τοῦ
1653 2833 1722 2860 Θεοῦ
1735 2832 1838 2860 ἀκούει*

1051 2874 1096 2901 διὰ
1116 2872 1195 2900 τοῦτο
1219 2873 1297 2908 ὑμεῖς
1320 2874 1369 2902 οὑκ
1390 2875 1514 2911 ἀκούετε,
1530 2876 1571 2903 ὅτι
1587 2876 1618 2903 ὲκ
1636 2874 1684 2903 τοῦ
1707 2873 1775 2902 Θεοῦ
1793 2874 1836 2900 οὒκ

1051 2915 1124 2944 ἐστέ.
