1953 3040
84 175 143 204 825

84 235 189 270 Ἐρχεὸ
206 244 262 270 μοι,
279 237 326 263 καὶ
341 236 418 263 νίπτε
435 237 496 264 τεὸν
510 238 586 273 ῥέθος
603 235 648 275 ᾗχι.
664 238 776 274 Σιλωὰμ

82 281 184 316 Πηγῆς
196 280 355 316 ἀγχιπόροιο
371 283 425 318 Ιδέει
441 283 592 319 πανδήμιον
609 284 691 320 ὕδωρ,

83 326 181 362 ’Ὑδωρ
196 327 383 363 στελλομένοιο
399 329 562 365 προώνυμον
579 331 611 356 ἐκ
628 330 672 357 σέο
686 331 810 366 πομπῆς.

83 373 207 408 Χριστὸς
219 373 271 409 ἔφη
283 382 290 389 '
305 374 351 401 καὶ
367 375 468 408 τυφλὸς
482 376 617 410 ἐπείγετο,
632 377 678 402 καὶ
696 376 772 412 παρὰ
788 377 863 412 πηγῇ

83 419 174 454 Χερσὶ
188 419 388 456 βαθυνομένῃσι
402 421 556 457 φαεσφόρον
571 422 675 456 ἧφυσεν
692 422 776 458 ὕδωρ,

84 465 187 492 ’Ὑδασι
202 467 344 502 πηγαίοισι
360 466 488 494 λιπύσκια
506 468 576 502 φάεα
592 467 703 494 νίπτων.

84 511 199 547 Σμήξας
218 512 241 539 δ’
255 513 404 548 ἀρτιτύπου
422 514 576 549 τροχοειδέα
590 514 688 541 κύκλον
711 513 836 549 ὀπωπῆς,
857 546 860 548 γ

92 557 246 604 Ἐξαπίνηί
253 559 319 592 φάος
332 559 405 593 ἔσχε,
426 559 455 585 τὸ
474 560 510 595 μὴ
527 560 608 594 φύσις
620 558 691 586 οἶδεν
703 560 832 592 ὀπάσσαι,

92 603 391 639 ’Δθρήσαςίφαέοοντος
405 605 502 641 ἀήθεος
519 606 562 640 Mt
567 615 615 641 μον
629 606 738 641 αἴγλην.

85 650 195 684 Niciam
205 658 212 666 ·
230 650 277 677 καὶ
289 650 368 678 πάλιν
382 650 458 687 ἦλθε,
474 653 520 679 καὶ
533 652 625 679 ἵστατο
638 653 725 679 πάντα
737 652 863 679 δοκεύων.

86 697 104 722 8
125 696 180 722 Καί
197 705 243 732 μιν
260 697 462 733 ὲσαθρήσαντες
475 698 607 733 ἐπήλυδες
623 698 718 734 ἄνδρες
736 699 821 725 ὁδῖται

86 743 283 780 Μαρμαρυγὴν
298 743 441 779 πέμποντα
455 744 607 779 νεογλὴνοιο
620 743 777 780 προσώπου,

86 789 210 820 Γείτονες
223 789 388 824 ἐφθέγγοντο
399 790 446 816 καὶ
458 790 554 826 ἀνέρες
571 790 658 825 ῐδμονι
673 789 729 825 λαῷ
739 798 746 805 ’

87 835 126 861 Οὐ
144 835 225 862 πέλεν
241 832 319 867 οὗτος
333 836 436 868 ἐκεῖνος
451 836 479 863 ἐν
495 835 571 862 ἄστεϊ
583 836 680 870 τυφλὸς
694 835 794 870 ὁδίτης.

90 881 141 912 Ὃς
157 881 243 916 πάρος
256 881 419 914 αἰτίζεσκεν,
437 882 557 918 ἐθήμονα.
574 883 652 917 χεῖρα
669 881 797 908 τιταίνων

87 926 232 962 Δεξιτερὴν
247 926 385 961 προϐλῆτα
400 927 642 963 παρερχομένοισιν
657 926 773 959 ὁδίταις;

86 972 104 999 9
124 971 216 998 ’Ἄλλοι
230 972 253 998 δ’
262 972 428 1008 ἀντιάχησαν
442 973 578 1008 ἀμοιϐαίῳ
595 973 649 1000 τινὶ
664 973 758 1008 μύθῳ·

88 1018 127 1044 Οὐ
144 1017 237 1050 πέλεν,
253 1018 283 1044 οὐ
299 1018 380 1044 πέλεν
400 1016 486 1051 οὗτος,
501 1019 572 1045 ἔοικε
585 1019 613 1045 δὲ
630 1018 727 1052 μοῦνον
740 1017 845 1053 ἐκείνῳ.

87 1064 124 1091 10
144 1065 239 1096 Κεῖνος
254 1064 322 1100 ἀνὴρ
335 1064 480 1100 ἀγόρευεν·
501 1062 572 1098 Ἐγὼ
591 1063 808 1094 πέλον,Εισαῖων
822 1063 851 1090 δὲ

87 1109 160 1141 Aab:
179 1110 322 1141 Ἰουδαίων,
340 1110 506 1144 φιλοπευθέα
523 1110 624 1146 ῥήξατο
638 1111 742 1146 φωνήν·

87 1156 151 1187 Πῶς
167 1156 194 1181 δὲ
204 1156 264 1183 τεαὶ
276 1156 426 1191 προϐλῆτες
443 1156 615 1191 ἀνωΐχθησαν
633 1156 743 1183 ὀπωπαί
752 1163 760 1188 ;

126 1201 206 1237 104
229 1203 258 1228 ll
286 1202 420 1238 Ἑϐραίοις
445 1202 467 1228 δ’
486 1202 600 1238 ἀγόρευε
621 1201 680 1237 Θεῷ
700 1201 883 1236 πεφιλημένος

88 1247 185 1278 Κεῖνος
198 1247 267 1283 ἀνὴρ
280 1248 308 1280 ὃς
322 1248 438 1284 Χριστὸς
450 1248 686 1279 ἀκούεται,ὂντινα
701 1247 760 1274 λαοὶ
791 1247 881 1283 [ἀνήρ’

91 1291 198 1327 Ἰησοῦν
217 1292 368 1325 καλέουσιν,
387 1293 456 1328 ἐμὰς
471 1292 549 1325 ὤϊξεν
563 1294 687 1325 ὀπωπάς.

85 1335 201 1365 Χείλεσι
215 1339 269 1374 γὰρ
285 1339 365 1374 σοφὸν
378 1339 464 1374 ἀφρὸν
477 1340 614 1375 ἀνήρυγεν
624 1347 631 1355 ·
648 1340 677 1365 ὲν
691 1339 797 1374 δαπέδῳ
808 1338 838 1365 δὲ

96 1383 269 1418 ’Δκροτάτοις
284 1384 409 1420 ὀνύχεσσι
427 1385 612 1419 πολύστροφον
630 1385 730 1420 ἰκμάδα
744 1384 864 1417 πάλλων,

90 1429 233 1464 ΙΙτὺσματι
248 1430 331 1464 πηλὸν
346 1429 464 1462 ἔτευξεν,
480 1430 549 1465 ἐμὰς
565 1430 587 1456 δ’
602 1430 710 1467 ἔχρισεν
723 1430 849 1462 ὀπωπὰς,

90 1475 146 1501 Καί
162 1484 194 1510 με
209 1475 299 1510 μολεῖν
311 1475 452 1501 ἐκέλευσεν
465 1476 517 1510 ὂπη
530 1475 591 1510 ῥόος
605 1476 663 1501 ἐστὶ
678 1475 798 1510 Σιλωάμ.

92 1521 185 1556 Πηγὴς
200 1521 221 1547 δ’
234 1522 317 1556 ἐγγὺς
331 1522 423 1548 ἵκανον
434 1530 441 1536 ·
457 1520 610 1556 ἀλεξικάκῳ
625 1521 653 1547 δὲ
668 1521 772 1557 ῥεέθρῳ

90 1566 114 1592 Ν
118 1566 246 1600 ιψάμενος
262 1567 379 1601 σκιεροῖο
391 1565 551 1601 περίτροχον
565 1565 689 1600 ὄμματος
700 1565 776 1601 ὓλην,

97 1611 242 1647 Ἐξαπίνης
257 1612 324 1646 φάος
340 1609 419 1641 εἶδον,
439 1612 453 1638 ὃ
469 1612 506 1647 μὴ
522 1611 610 1646 πάρος
624 1609 695 1646 εῐχον
709 1611 830 1639 ὀπωπαί.

91 1657 126 1683 12
150 1657 269 1692 Ἑϐραῖοι
284 1657 306 1683 δ’
322 1657 440 1692 ἐρέεινον
456 1656 578 1688 ὰναιδέες
595 1656 693 1692 ἄφρονι
708 1656 801 1692 μὺοῳ’

90 1701 132 1736 Πῆ
151 1701 213 1727 πέλε
224 1721 231 1734 ,
246 1701 285 1736 πῆ
299 1701 362 1727 πέλε
376 1704 481 1734 κεῖνοςς
502 1702 530 1728 '0
543 1701 565 1728 δ’
576 1701 652 1736 ἴαχεν
663 1701 776 1736 ἔμφρονι
789 1699 883 1736 μύθῳ·

97 1745 241 1780 ’Λγνώσσω
255 1746 316 1772 πόθι
333 1747 430 1777 κεῖνος.
468 1746 502 1773 15
527 1745 721 1773 Ἐπεσσεύοντο
732 1746 760 1772 δὲ
775 1746 846 1778 λαοὶ,

91 1791 143 1817 Τόν
159 1799 224 1818 ποτε
238 1792 338 1826 τυφλὸν
351 1792 464 1826 ἄγοντες
477 1793 506 1824 ἐς
519 1792 659 1823 ἀντιθέους
676 1792 778 1827 ἱερῆας.

92 1835 126 1861 14
149 1835 299 1871 Ἐδδομάτη
314 1836 337 1863 δ’
348 1837 487 1872 ἄπρηκτος
503 1836 550 1872 ἔην
565 1837 626 1863 τότε
642 1836 768 1868 θέσκελος
781 1835 847 1871 ἠὼς,

91 1880 131 1915 Τῇ
148 1879 187 1907 ἔνι
198 1880 282 1916 πηλὸν
300 1881 400 1913 ἔτευξε,
416 1881 462 1908 καὶ
473 1881 572 1908 ἔπλασε
588 1880 689 1915 φέγγος
705 1881 830 1911 ὸπωπαίς

92 1925 218 1961 Χριστος,
235 1926 290 1952 ἀπὸ
302 1926 442 1962 βλεφάρων
456 1926 555 1957 ὲλάσας
571 1925 698 1953 ὰλαωπὸν
711 1925 835 1961 ὀμίχλην.

93 1970 127 1998 15
145 1971 199 1997 Καί
217 1979 263 2006 μιν
274 1971 397 2007 ἀνείρετο
410 1972 473 2003 λαὸς
486 1972 674 1999 ἁπιστοτάτων
688 1971 853 2008 Φαρισαίων,

92 2015 154 2047 Πῶς
164 2015 304 2052 βλεφάρων
313 2016 377 2051 λάχε
389 2017 489 2051 φέγγος
499 2024 505 2031 ·
516 2017 531 2043 ό
541 2017 570 2043 δὲ
584 2017 687 2052 Θρασὺς
699 2016 774 2052 ταχεν
790 2016 861 2052 ἀνήρ
873 2024 881 2032 ·

92 2060 224 2087 Θέσκελον
239 2061 389 2097 ἡμετέραις
402 2063 555 2097 ἐπεθήκατο
571 2062 657 2097 πηλὸν
670 2062 810 2094 ὀπωπαίς,

99 2105 269 2141 Ὀφθαλμοὺς
283 2107 304 2132 δ’
316 2106 462 2142 ἐχάραξεν·
478 2107 534 2141 ἐγὼ
549 2107 571 2134 δ’
584 2107 637 2134 ὑπὸ
654 2107 755 2142 γείτονι
770 2108 845 2143 πηγῇ

93 2150 188 2178 ’Υδατι
204 2151 290 2186 πηλὸν
305 2152 393 2187 ἔνιψα,
408 2153 455 2179 καὶ
470 2152 584 2188 ἵσταμαι
598 2152 662 2188 ἄρτι
674 2152 801 2179 δοκεύων.

93 2196 127 2224 16
145 2197 201 2224 Καὶ
215 2197 338 2233 φθονεροὶ
351 2206 422 2230 τινες
436 2196 513 2226 εἷπον
524 2196 662 2234 ἁσιγήτων
674 2199 827 2234 ιὶαρισαίων
836 2207 843 2213 ·

91 2241 130 2267 ω
141 2240 233 2268 θεόθεν
252 2243 334 2270 πέλεν
348 2241 434 2276 οὗτος,
448 2244 478 2276 ὃς
497 2243 557 2279 ἱερὰ
571 2243 659 2280 (δεσμὰ
672 2244 808 2279 πατήσας,

523 176 767 205 l‘AllAl'llRASlS
787 176 820 205 IN
838 176 1009 205 JOANNEM.
1029 193 1064 197 —
1083 178 1159 207 CAP.
1180 179 1225 206 ΙΧ.

1667 182 1717 211 Si}

896 241 920 270 Α
932 238 1001 266 ciem
1015 238 1060 266 ubi
1078 239 1179 266 Siloam
1194 239 1288 267 Fontis
1302 239 1383 267 ricini
1395 240 1453 267 llmt
1466 241 1620 269 communis
1637 249 1718 276 aqua,

932 285 1010 319 Aqua
1026 285 1103 313 missi
1120 286 1317 320 praenominata
1338 293 1370 313 ex
1391 290 1437 312 tua
1450 286 1622 314 deductione.
1636 287 1721 314 Chri-

933 335 992 358 stus
1010 330 1090 364 dixit;
1106 335 1132 358 et
1147 338 1236 359 caecus
1249 331 1406 363 festinabat.
1423 331 1457 358 Et
1467 332 1538 366 apud
1549 332 1650 359 fontem
1664 332 1721 360 Ma-

937 375 1020 403 nibus
1031 376 1108 403 cavis
1126 376 1270 404 luciferam
1285 376 1377 403 hausit
1397 383 1506 410 aquam,
1528 377 1613 411 Aquis
1634 377 1721 404 fontau

935 421 979 448 nis
992 428 1064 448 caeca
1084 422 1189 449 lumina
1207 423 1309 449 iuvans.
1326 421 1492 458 Abstergcns
1510 426 1600 450 autem
1617 425 1722 451 noviter

933 467 1055 502 expressi
1075 467 1222 495 rotundum
1242 468 1374 494 ambitum
1401 468 1485 500 oculi,
1510 467 1607 495 Statim
1634 469 1723 496 lucem

933 512 1061 545 habebat,
1084 521 1166 548 quam
1189 518 1288 540 natura
1301 521 1356 540 non
1372 518 1485 541 noverat
1498 515 1627 549 pnebcrc,
1644 514 1726 550 Aspi:

933 559 1009 586 ciens
1022 556 1090 587 ‘solis
1106 559 1261 587 inconsueti
1276 566 1367 587 serum
1389 561 1573 595 splendorem.
1588 560 1680 594 Lavit;
1696 566 1724 588 et

933 613 1030 633 rursus
1059 605 1144 637 venit,
1162 610 1189 633 et
1214 605 1290 633 stetit
1309 606 1401 633 omnia
1430 607 1533 634 videns.
1551 607 1567 632 8
1583 607 1618 634 Et
1635 607 1724 641 ipsum

934 651 1101 686 aspicientes
1117 651 1228 679 advena:
1240 652 1291 679 viri
1311 651 1430 679 viatores
1444 651 1623 687 Splendorcm
1645 653 1724 679 emit-

933 701 1039 725 tentem
1058 705 1073 724 ιι
1100 705 1198 726 recens
1223 698 1312 726 visum
1337 703 1517 733 recuperante
1534 699 1612 731 facie,
1639 699 1726 726 Vicini

934 743 1062 771 dixerunt
1078 748 1105 771 et
1118 743 1170 770 viri
1185 743 1283 772 scienti
1307 744 1424 778 populo:
1444 743 1540 772 Nonne
1554 748 1596 772 cst
1612 744 1657 772 hic
1681 745 1726 772 ille

935 790 963 816 in
976 789 1089 817 civitate
1107 797 1196 818 cmcus
1212 790 1311 821 viator,
1330 789 1383 822 Qui
1411 794 1490 816 antea
1509 790 1626 824 petebat,
1658 797 1725 817 con-

934 838 1040 862 suetam
1062 843 1172 862 manum
1194 835 1346 863 extendens
1374 836 1500 863 Dextram
1526 835 1724 870 prominentem

934 881 1163 916 prmtereuntibus
1179 881 1350 909 viatoribus?
1365 882 1382 909 9
1398 882 1447 908 Alii
1471 887 1560 908 autem
1571 885 1666 908 contra
1680 889 1726 908 so-

895 929 916 958 Β
932 930 1050 953 nuerunt
1065 927 1225 961 responsivo
1240 926 1358 961 quodam
1372 934 1514 954 sermone:
1530 926 1587 952 Non
1603 929 1656 958 est,
1670 933 1725 952 non

932 975 974 999 cst
993 971 1052 999 hic:
1071 971 1171 999 similis
1197 975 1239 1000 est
1262 975 1367 998 tantum
1385 971 1434 998 illi.
1452 972 1484 998 10
1502 971 1547 997 lllc
1571 971 1612 996 vir
1636 971 1724 997 dixit:

932 1017 989 1053 Ego
1002 1026 1074 1046 sum.
1093 1019 1217 1046 Audiens
1227 1023 1318 1046 autem
1334 1018 1454 1054 Populus
1472 1017 1639 1048 Iudaeorum.
1656 1017 1725 1044 seis-

932 1064 1110 1091 citabundam
1132 1064 1205 1099 rupit
1225 1072 1320 1092 vocem
1337 1074 1344 1091 :
1366 1064 1508 1097 Quomodo
1525 1071 1589 1091 νυιο
1605 1065 1643 1090 tui
1658 1071 1726 1098 pne-

933 1109 1068 1136 mincntcs
1085 1109 1173 1144 aperti
1191 1113 1257 1136 sunt
1272 1109 1365 1136 oculi?

935 1194 1013 1229 105
1030 1195 1059 1221 11
1075 1194 1178 1222 Iudaeis
1192 1199 1283 1222 autem
1296 1195 1365 1221 dixit
1381 1194 1435 1221 Deo
1446 1194 1548 1222 charos
1560 1194 1612 1222 vir:
1630 1194 1677 1222 llle
1685 1194 1727 1222 vir

934 1241 981 1275 qui
1000 1240 1128 1269 Christus
1147 1240 1260 1272 dicitur,
1279 1247 1359 1276 quem
1379 1241 1496 1275 populus
1514 1239 1607 1268 Jcsum
1635 1245 1725 1272 vocat,

934 1295 1010 1314 meos
1037 1287 1146 1322 aperuit
1168 1286 1274 1314 oculos.
1292 1286 1385 1314 Labiis
1403 1287 1476 1314 enim
1492 1287 1641 1321 sapientem
1661 1294 1728 1320 spu-

934 1341 1005 1361 mam
1019 1334 1123 1368 expuit;
1140 1333 1167 1360 in
1185 1333 1341 1368 pavimento
1355 1337 1444 1360 autem
1458 1332 1578 1360 Summis
1591 1332 1728 1368 unguibus

935 1380 1094 1407 versatilem
1120 1380 1263 1406 humorem
1285 1379 1424 1414 quatiens,
1439 1378 1527 1414 Sputo
1547 1379 1632 1405 lutum
1653 1378 1727 1410 fecit,

934 1428 962 1452 et
974 1432 1049 1453 meos
1065 1426 1144 1452 unxit
1162 1426 1268 1453 oculos.
1292 1425 1324 1452 lit
1350 1433 1393 1452 me
1410 1425 1451 1452 ire
1463 1425 1548 1459 jussit
1567 1425 1612 1452 ubi
1636 1424 1728 1451 ﬂuxus

933 1475 976 1498 cst
988 1471 1101 1498 Siloam.
1120 1472 1160 1499 Ad
1183 1471 1285 1498 fontem
1307 1476 1398 1499 autem
1412 1478 1496 1506 prope
1523 1471 1593 1502 veni.
1612 1471 1727 1496 malum-

935 1523 987 1550 que
997 1516 1112 1551 pellente
1124 1517 1198 1544 ﬂuxu
1210 1517 1318 1545 Lavans
1330 1517 1452 1544 umbrosi
1464 1516 1642 1544 orbiculatam
1657 1523 1725 1542 oeu-

936 1561 954 1588 li
970 1562 1122 1596 materiam,
1145 1563 1243 1590 Statim
1261 1563 1354 1591 lumen
1380 1563 1446 1595 vidi,
1474 1562 1547 1598 quod
1574 1569 1627 1589 non
1648 1566 1726 1589 antea

894 1608 916 1637 c
934 1605 1070 1634 habebant
1095 1607 1179 1634 oculi.
1205 1607 1240 1634 1‘2
1269 1607 1376 1635 ilebrmi
1402 1607 1494 1634 autem
1524 1607 1728 1641 intcrrogarunt

935 1653 1108 1687 impudentes
1125 1653 1264 1688 insipienti
1283 1653 1381 1680 verbo:
1402 1651 1453 1680 Ubi
1468 1657 1523 1686 est,
1541 1653 1586 1680 ubi
1601 1657 1643 1680 est
1664 1652 1728 1679 ille?

934 1698 980 1726 Ille
994 1703 1084 1726 autem
1097 1699 1190 1727 sonuit
1206 1699 1331 1734 prudenti
1346 1707 1489 1726 sermone:
1510 1699 1607 1734 Ignoro
1623 1699 1668 1726 ubi
1684 1699 1728 1726 ille

935 1743 980 1771 sit.
999 1744 1032 1771 15
1049 1744 1246 1771 Concitabatur
1260 1749 1349 1770 autem
1365 1744 1493 1778 populus,
1508 1744 1575 1771 Eum
1590 1745 1636 1778 qui
1651 1744 1727 1778 prius

933 1797 1023 1816 cmcus
1035 1792 1095 1816 erat
1109 1788 1212 1816 ducens
1224 1788 1257 1816 ad
1271 1788 1324 1815 Deo
1337 1789 1492 1816 contrarios
1507 1789 1675 1816 sacerdotes.
1694 1789 1727 1815 tt

934 1833 1056 1868 Septima
1069 1842 1133 1861 vero
1147 1834 1235 1861 otiosa
1250 1837 1310 1860 erat
1323 1838 1388 1860 tunc
1402 1834 1494 1861 divina
1507 1841 1616 1863 aurora.
1632 1833 1659 1860 In
1671 1841 1725 1868 qua

933 1879 1022 1906 lutum
1040 1878 1115 1910 fecit,
1132 1882 1160 1906 et
1185 1878 1313 1905 lorinavit
1338 1878 1426 1905 lucem
1446 1878 1533 1905 oculis
1555 1878 1693 1910 Christus,
1710 1886 1726 1905 ο

933 1925 1071 1960 palpebris
1090 1924 1230 1959 expellens
1243 1931 1343 1951 caecam
1360 1925 1516 1960 caliginem.
1536 1925 1570 1951 15
1588 1925 1619 1951 Et
1635 1925 1725 1960 ipsum

932 1970 1112 2005 interrogavit
1126 1974 1215 1997 castus
1236 1970 1440 1998 incredulorum
1455 1970 1670 2002 Pharisaeorum,
1689 1972 1724 1998 Ut

931 2017 1076 2044 oculorum
1090 2019 1190 2043 nactus
1201 2021 1275 2043 esset
1300 2016 1404 2044 lucem:
1430 2016 1475 2044 ille
1492 2024 1556 2044 vero
1570 2015 1659 2043 audax
1681 2023 1726 2043 so-

933 2061 994 2088 nuit
1012 2061 1064 2089 vir:
1081 2060 1206 2087 Divinum
1219 2061 1428 2096 meisimposuit
1442 2061 1528 2088 lutum
1543 2061 1642 2091 oculis.
1658 2060 1726 2087 Ocu-

932 2108 975 2135 los
1001 2111 1029 2134 et
1052 2106 1188 2142 signavit;
1215 2114 1266 2141 ego
1295 2111 1385 2134 autem
1412 2107 1447 2134 ad
1472 2107 1592 2134 vicinum
1624 2106 1725 2133 fontem

936 2152 1014 2188 Aqua
1026 2153 1112 2180 lutum
1131 2153 1216 2185 ablui,
1234 2157 1263 2180 et
1285 2156 1328 2180 sto
1343 2161 1418 2180 nunc
1434 2153 1540 2181 videns.
1559 2153 1593 2180 16
1607 2152 1640 2179 Ει
1655 2152 1725 2179 invi-

931 2198 959 2226 di
984 2198 1096 2233 quidam
1124 2198 1254 2226 dixerunt
1279 2199 1477 2234 impudentium
1504 2199 1717 2227 Pharisaeorum:

931 2243 992 2270 Non
1011 2251 1044 2271 ex
1060 2242 1115 2271 Deo
1129 2247 1172 2271 est
1185 2243 1242 2277 hic,
1255 2243 1302 2279 qui
1318 2250 1424 2271 sacram
1441 2244 1528 2280 legem
1548 2244 1724 2271 conculcans.

691 2310 831 2340 TEXTUS
851 2309 1116 2340 EVANGELIST/E.

126 2382 144 2408 8
163 2381 195 2408 Ol
207 2378 254 2408 οὖν
269 2381 387 2415 γείτονες
402 2383 449 2409 καὶ
462 2383 487 2409 οἱ
499 2383 664 2419 θεωροῦντες
677 2385 758 2412 αὐτὸν
770 2384 800 2412 τδ
810 2384 878 2420 πρό-
894 2385 916 2415 D
931 2383 988 2411 Οὐκ
1002 2381 1072 2411 οῖδα.

91 2431 169 2459 τερον
185 2424 226 2450 δτι
245 2423 344 2458 τυφλὸς
359 2421 404 2459 ἦν,
419 2424 525 2459 ἔλεγον·
541 2425 598 2460 Οὐχ
614 2423 690 2458 οὗτός
700 2427 774 2453 ἐστιν
784 2426 798 2452 ὁ
809 2426 876 2454 καθ-

91 2464 192 2500 ήμενος
207 2464 254 2491 καὶ
266 2466 437 2500 προσαιτῶνς

126 2506 143 2533 9
163 2506 254 2533 Ἄλλοι
271 2506 379 2541 ἔλεγον·
397 2508 458 2534 Ὀτι
474 2504 550 2540 οὗτός
565 2507 638 2534 ἐστιν
648 2515 655 2522 ·
670 2507 743 2535 ἄλλοι
754 2508 783 2535 δέ
793 2517 800 2524 ·
817 2508 878 2535 Ὅτι

91 2548 182 2582 ὅμοιος
198 2548 273 2584 αὐτῷ
292 2549 501 2580 ὲστιν.Ἐ›ιεῖνος
518 2549 609 2583 ἔλεγεν
620 2557 626 2563 ·
647 2548 707 2576 Ὀτι
719 2549 775 2584 ἐγώ
791 2549 858 2585 εἰμι.

127 2590 160 2616 10
180 2589 291 2624 Ἔλεγον
313 2587 360 2617 οὖν
380 2590 470 2626 αὐτῷ·
500 2590 562 2622 Πῶς
590 2590 764 2627 ἀνεῴχθησαν
789 2600 830 2618 σοι
854 2592 879 2618 οἱ

89 2630 225 2667 ὀφθαλμοί
237 2639 244 2664 ;

127 2673 157 2700 11
182 2673 331 2710 Ἀπεκρίθη
346 2674 450 2705 ἐκεῖνος
464 2673 510 2700 καὶ
524 2671 615 2700 εἶπεν·
631 2673 790 2709 Ἀνθρωπος
802 2674 880 2709 λεγό-

91 2723 171 2750 μενος
191 2714 294 2750 Ἰησοῦς
320 2715 404 2750 πηλὸν
417 2716 538 2751 εποίησε,
553 2715 599 2742 καὶ
614 2715 741 2750 ἐπέχρισέ
754 2724 804 2751 μου
817 2717 879 2748 τοὺς

89 2755 256 2791 ὀφθαλμοὺς,
269 2757 315 2783 καὶ
326 2755 387 2783 εἶπέ
416 2765 474 2791 μοι·
493 2757 602 2791 Ὕπαγε
626 2756 665 2787 εἰς
677 2755 726 2792 τὴν
741 2757 879 2793 κολυμϐή-

90 2797 158 2833 Θραν
172 2797 220 2824 τοῦ
236 2797 358 2833 Σιλωὰμ,
375 2798 422 2825 καὶ
435 2797 521 2832 νίψαι.
547 2797 684 2825 Ἀπελθὼν
699 2798 726 2824 δὲ
743 2799 790 2826 καὶ
800 2798 879 2834 νιψά-

93 2846 181 2873 μενος,
197 2839 343 2873 ἀνέϐλεψα.

127 2880 159 2907 12
171 2879 255 2908 Εἶπον
275 2879 321 2909 οὖν
345 2882 434 2918 αὐτῷ·
463 2881 518 2908 Ποῦ
542 2882 616 2909 ἐστιν
640 2883 757 2915 ἐχεῖνοςς
777 2882 876 2916 Λέγει·

967 2431 1001 2458 15
1017 2431 1147 2464 Ἄγουσιν
1160 2430 1242 2458 αὑτὸν
1255 2430 1323 2467 πρὸς
1338 2429 1401 2461 τοὺς
1411 2428 1586 2465 Φαρισαίους,
1598 2429 1644 2456 τόν
1660 2439 1722 2458 ποτε

931 2472 1040 2508 τυφλόν.

968 2524 1002 2551 14
1015 2521 1070 2550 Ἦν
1084 2524 1113 2550 δὲ
1131 2523 1266 2550 σάϐϐατον
1278 2524 1323 2550 ὅτε
1336 2523 1381 2550 τὸν
1396 2522 1480 2558 πηλὸν
1496 2521 1624 2558 ἐποίησεν
1640 2524 1655 2550 ὁ
1671 2524 1725 2560 ‘11;-

933 2566 1006 2599 σοῦς,
1024 2565 1071 2592 καὶ
1087 2565 1205 2600 ἀνέῳξεν
1220 2565 1303 2592 αὑτοῦ
1322 2565 1384 2597 τοὺς
1397 2564 1564 2599 ὀφθαλμούς.

969 2617 1003 2644 15
1022 2617 1106 2644 Πάλιν
1119 2615 1165 2644 οὖν
1178 2617 1294 2654 ἠρώτων
1311 2617 1392 2644 αὐτὸν
1408 2618 1455 2644 καὶ
1468 2619 1492 2644 ot
1510 2618 1650 2652 Φαρισαῖοι
1666 2617 1722 2650 πῶς

933 2659 1089 2694 ἀνέϐλεψεν.
1119 2659 1146 2685 ’0
1160 2658 1189 2685 δὲ
1205 2657 1281 2685 εἶπεν
1295 2659 1399 2690 αὐτοῖς·
1429 2659 1516 2694 Πηλὸν
1532 2659 1665 2694 ἐπέθηκεν
1677 2658 1722 2685 ἐπὶ

933 2701 995 2732 τοὶς
1010 2699 1166 2736 ὀφθαλμούς
1184 2708 1246 2735 μου,
1267 2700 1314 2727 καὶ
1328 2700 1474 2736 ἐνιψάμην⁹
1490 2701 1536 2727 καὶ
1551 2700 1650 2736 βλέπω.
1683 2712 1685 2715 ·

967 2758 1001 2785 16
1016 2757 1128 2792 Ἔλεγον
1144 2755 1197 2784 οὖν⁵
1212 2759 1244 2785 ὲκ
1259 2757 1313 2784 τῶν
1326 2758 1480 2794 Φαρισαίων
1495 2757 1567 2789 τινές
1577 2766 1583 2772 ·
1609 2754 1691 2787 Οὗτος
1706 2757 1721 2782 6

931 2800 1074 2836 ἄνθρωπος
1093 2801 1143 2826 οὑκ
1157 2799 1214 2826 ἔστι
1233 2799 1308 2835 παρὰ
1325 2800 1372 2826 τοῦ
1390 2799 1468 2831 Θεοῦ,
1485 2799 1567 2826 ὅτιτὸ
1587 2797 1720 2824 σάϐϐατον

931 2842 961 2868 οὐ
987 2843 1074 2877 τηρεῖ.
1100 2841 1190 2868 ’Λλλοι
1212 2841 1324 2875 ελεγον
1355 2841 1417 2872 Πῶς
1436 2840 1546 2867 δύναται
1578 2839 1720 2872 ἄνθρωπος

932 2883 1092 2919 ἁμαρτωλὸς
1105 2882 1216 2910 τοιαῦτα
1231 2883 1330 2918 σημεῖα
1346 2883 1445 2914 ποιεῑνί
