1953 3040
241 193 293 222 8‘27

864 188 967 217 NONNI
987 189 1239 219 PANOPOLITANI

1828 191 1884 219 πεε

242 250 300 277 Νοη
314 256 426 276 cursum
450 246 544 275 otiosae
565 251 657 274 servat
677 247 822 282 septimum
839 254 954 274 ουτοι-ω.
975 247 1028 274 Alii

1094 250 1117 275 λὺ
1131 249 1229 285 δρόμον
1244 248 1396 284 ἀπρήκτοιο
1411 246 1577 281 φυλάσσεται
1589 246 1703 282 ἕϐδομον
1716 246 1774 280 ὴοῦ;
1787 269 1792 273 .

241 299 330 323 autem
346 299 440 321 contra
468 296 622 320 sonuerunt
645 292 836 319 consentiente
863 299 878 318 a
900 295 1027 326 gutture:

242 340 387 374 Quomodo
412 342 500 373 potest
518 338 575 365 lucc
591 339 682 364 omnia
698 338 773 364 varia
790 337 921 364 miracula
941 336 1030 364 facere

242 386 365 414 Mortalis
377 385 419 413 vir
434 390 462 412 et
480 383 627 419 peccator?
642 383 813 411 Contentiosi
831 387 922 410 autem
937 383 1029 418 populi

242 431 373 458 Difaria."
389 429 481 461 divisi,
499 430 598 464 duplex
611 429 751 463 strepebat
764 436 848 455 sonus
860 437 867 461 ;
884 427 917 454 Et
930 429 1031 456 mullus

241 482 438 506 controversas
450 481 510 504 erat
532 476 678 503 tumultus.
704 476 736 502 17
755 475 823 502 Viro
847 479 938 502 autem
959 482 1032 502 czeco

242 525 344 551 Omnes
359 523 506 550 dixerunt:
524 521 565 548 Tu
581 525 672 548 autem
689 526 781 548 tuente
796 520 830 548 de
847 521 907 555 ipso
919 520 1032 553 Qualem

242 569 406 597 sententiam
422 567 525 595 habes?
542 566 615 602 quod
628 565 763 601 judicium
776 565 916 601 proferes?
928 565 1032 593 Recens

242 615 336 642 videns
351 618 442 640 autem
451 613 633 640 inconcussus
646 613 685 639 vir
695 612 816 640 credenti
826 619 950 639 sermone
963 611 1034 638 Dixit

242 661 342 692 audax,
359 659 432 695 quod
446 659 556 686 divinus
571 663 613 686 cst
635 658 777 694 propheta.
797 658 877 693 106
896 658 928 684 18
944 657 1034 692 Popu-

242 708 286 735 lus
301 710 393 733 autem
407 713 462 733 non
475 704 591 732 credidit
606 712 677 732 verae
690 704 739 731 viri
755 705 815 731 voci
829 704 879 737 Qui
896 703 1034 738 quondam

242 759 331 780 caecus
345 755 414 784 erat,
433 755 460 778 et
480 750 583 785 recepit
603 750 691 777 lucem
707 749 806 781 oculis.
820 749 878 776 Nisi
896 749 972 784 prius
987 756 1035 776 vo-

241 802 354 826 cassent
375 796 510 825 increduli
527 795 672 831 pontiﬁces
690 794 748 822 Viri
768 795 815 830 qui
829 795 917 822 visqu
933 794 1035 829 recepit

242 844 362 872 scientes
375 846 511 878 parentes.
528 841 561 868 l9
571 840 716 876 .Utrosque
724 845 815 868 autem
831 841 1036 876 interrogabant

246 888 339 915 invido
356 887 474 921 quodam
492 892 637 913 sermone:
660 883 793 913 Vesterne
819 885 891 913 ﬁlius
914 885 959 913 hic
980 888 1034 916 est,

243 940 326 968 quem
351 932 481 959 dixerunt
495 931 571 958 cives
593 930 630 957 Ex
649 935 728 958 utero
743 930 815 966 quod
833 938 923 959 czecus
943 938 1036 966 reger-

245 978 359 1006 minavit
374 977 525 1012 parientis?
547 976 579 1004 Et
607 977 679 1004 unde
693 985 755 1005 sero
772 977 919 1012 perfectam
935 977 1038 1012 recepit

245 1025 331 1051 lucem
344 1023 451 1051 oculis?
469 1023 504 1050 20
525 1022 556 1049 Et
579 1027 680 1050 metum
705 1023 890 1058 parturientes
916 1027 1034 1050 mentem

244 1071 425 1105 reprimentes
456 1069 634 1104 deceptores.
672 1068 832 1096 Sermonem
868 1068 1038 1096 occultantes

244 1117 372 1145 dixerunt
384 1120 509 1151 parentes
523 1124 530 1144 :
547 1115 655 1143 Scimus
669 1115 742 1150 quod
760 1115 841 1142 homo
852 1114 897 1141 hic
908 1115 954 1149 qui
965 1122 1040 1142 rece-

246 1163 285 1198 pit
300 1162 441 1190 oculorum
463 1160 635 1197 splendorem
659 1160 757 1188 Noster
786 1164 828 1188 est
851 1159 923 1187 ﬁlius
939 1167 1038 1192 verus;

245 1208 293 1236 sed
305 1212 332 1236 ct
348 1207 401 1243 ipsi
426 1207 534 1235 Scimus
550 1214 600 1235 sua
616 1214 631 1233 a
646 1211 735 1234 matre
748 1206 821 1241 quod
843 1205 934 1233 infans
953 1205 981 1232 in
996 1205 1039 1232 lu-

245 1262 305 1282 cem
325 1262 421 1289 repens
435 1254 531 1281 Caecus
550 1258 620 1286 erat,
639 1254 684 1280 lae
703 1253 824 1280 nondum
841 1257 969 1288 gustans,
987 1252 1036 1279 ad-

246 1301 300 1328 huc
312 1301 421 1335 spirans
432 1303 550 1335 partum.
562 1298 595 1326 21
612 1298 755 1332 Quomodo
768 1305 857 1325 autem
873 1299 897 1326 ei
912 1298 1039 1332 utrinque

246 1345 377 1382 perforati
389 1346 476 1381 aperti
489 1345 544 1372 sint
555 1345 639 1377 oculi,
657 1344 689 1371 Et
702 1344 765 1379 quis
781 1343 961 1371 obscurorum
973 1350 1039 1370 ocu-

247 1393 334 1420 lorum
353 1391 527 1426 dissipaverit
551 1391 706 1425 caliginem,
724 1389 779 1417 Nos
792 1389 933 1416 nescimus
951 1388 1039 1415 incul-

247 1438 321 1472 pati:
340 1437 523 1471 propinquum
550 1439 641 1463 autem
661 1434 798 1462 Scientem
815 1434 899 1461 ﬁlium
922 1433 1039 1460 interro-

248 1487 311 1518 gate
325 1483 360 1510 de
380 1482 422 1510 his
439 1490 500 1516 qum
518 1481 644 1508 nesciunt
659 1483 797 1515 parentes.
814 1479 874 1506 Non
889 1483 931 1506 est
947 1478 1038 1506 infans

248 1527 294 1554 hic
305 1527 408 1554 habens
421 1526 550 1561 puerilem
563 1525 744 1560 pubertatem:
756 1523 816 1551 Non
827 1531 895 1551 voce
907 1524 959 1550 alia
969 1532 1039 1559 opus

247 1573 331 1600 habet
353 1581 360 1598 :
379 1572 412 1599 de
427 1579 457 1599 se
475 1571 547 1598 enim
570 1570 676 1598 Recens
693 1570 792 1598 ﬂorens
807 1569 916 1605 juvenis
932 1569 978 1596 hic
992 1576 1038 1596 ve-

247 1626 309 1645 rum
330 1625 484 1645 sermonem
508 1616 601 1648 'dieet,
627 1615 702 1644 Fidei
731 1623 876 1644 mensuras
901 1615 1038 1650 perfectas

248 1662 343 1690 ferens
360 1662 541 1689 recrescentis
556 1661 719 1696 pubertatis.
736 1661 772 1688 22
786 1661 862 1688 Talia
877 1665 950 1688 metu
962 1660 1040 1687 dolo-

248 1708 272 1735 si
291 1707 419 1735 dixerunt
432 1712 570 1744 parentes,
586 1707 723 1734 Timorem
738 1706 894 1734 Judaaorum
905 1707 1038 1734 vitantes:

248 1753 418 1781 insanientes
433 1753 506 1780 enim
522 1751 622 1780 Contra
640 1752 792 1784 Christum,
807 1752 894 1779 zelqu
907 1751 1040 1779 habentes

248 1799 422 1826 inimitabilia
440 1802 552 1833 propter
579 1805 674 1832 opera,
697 1797 799 1825 Fmdus
823 1797 1040 1832 pronuntiarunt

248 1845 299 1873 toti
319 1844 430 1872 credulo
445 1845 555 1879 populo,
571 1843 607 1871 Ut
622 1844 711 1878 ipsum
726 1845 774 1879 qui
790 1843 925 1878 receperit
946 1847 1038 1870 mente

248 1895 277 1918 et
291 1890 430 1918 Christum
447 1890 559 1922 dixerit,
577 1889 637 1916 Non
651 1889 771 1917 divinam
795 1890 913 1923 attingat
937 1889 964 1915 in
988 1896 1040 1924 qua

250 1936 325 1963 Deus
346 1936 490 1963 invocatur
508 1936 631 1963 domum.
647 1935 683 1963 25
701 1935 776 1963 Unde
795 1935 899 1962 Judaeis
915 1935 1042 1962 dixerunt

249 1985 377 2016 parentes
392 1991 399 2009 :
415 1981 551 2009 Scientem
563 1982 648 2009 ﬁlium
667 1981 844 2016 interrogate.
861 1985 888 2008 et
902 1989 956 2007 non
972 1988 1041 2016 opus

247 2031 291 2054 est
306 2028 487 2062 parentibus:
505 2028 589 2056 Vobis
609 2035 674 2056 vero
689 2027 923 2061 interrogantibus
943 2027 1042 2062 poterit

250 2073 295 2101 hic
314 2073 416 2105 dicere,
442 2073 582 2102 Perfectas
607 2081 751 2102 mensuras
781 2073 912 2100 ferentem
938 2072 1042 2099 habens

250 2119 437 2154 praegrandem
452 2120 634 2155 pubertatem.
648 2120 680 2147 Et
698 2124 776 2155 pater
791 2118 856 2146 caaci
871 2118 982 2146 miscuit
996 2117 1043 2146 ad-

250 2165 391 2192 mirationi
406 2173 498 2192 vocem
515 2165 618 2200 Lingua
633 2165 798 2196 occultante,
818 2171 852 2191 ne
867 2163 976 2191 hostilis
984 2170 1043 2190 cos-

252 2216 296 2239 tus
311 2212 427 2242 audiret,
445 2212 525 2246 108
545 2211 607 2239 Filii
633 2212 729 2240 videns
747 2219 847 2239 novum
873 2211 961 2238 visum
983 2210 1043 2245 pul-

250 2257 326 2285 chris
346 2257 433 2285 oeulis
448 2257 567 2292 praedita:
585 2257 675 2284 faciei.

280 2304 317 2332 ει
343 2302 437 2331 Virum
463 2307 554 2331 autem
572 2303 617 2338 qui
647 2311 733 2338 vagus
753 2308 814 2330 erat
832 2310 921 2330 camus
941 2303 1037 2336 viator,

1084 295 1172 321 Ἀλλοι
1187 295 1208 321 δ’
1221 294 1389 329 ἀντιάχησαν
1402 292 1582 328 ὁμοφθόγγων
1598 292 1651 319 ἀπὸ
1666 291 1774 327 λαιμῶν
1787 300 1793 307 ·

1081 341 1143 372 Πῶς
1158 341 1267 367 δύναται
1279 339 1341 366 τάδε
1359 339 1448 366 πάντα
1465 339 1623 374 πολύτροπα
1631 338 1759 374 θαύματα
1768 341 1883 375 τεύχειν

1081 386 1181 421 Θνητὸς
1197 386 1266 421 ἀνὴρ
1282 386 1329 412 καὶ
1343 385 1465 421 ἁλιτρός;
1487 384 1664 420 ’Δμιλλητῆρι
1679 383 1707 410 δὲ
1723 384 1784 419 λαῷ

1081 431 1165 467 Διχθὰ
1179 431 1348 467 μεριζομένῳ
1360 431 1533 467 διδυμόθροος
1547 429 1663 465 ἔϐρεμεν
1678 429 1752 464 ἠχὼ·

1082 478 1138 504 Καὶ
1146 477 1228 509 πολὺς
1236 478 1406 512 ἀμφήριστος
1415 477 1462 512 έην
1471 476 1574 508 κλόνος.
1596 475 1629 502 17
1649 475 1738 510 Ἀνδρὶ
1746 474 1775 501 δέ
1785 473 1882 509 τυφλῷ

1082 525 1186 555 Πάντες
1200 523 1370 559 ἐμυθήσαντο
1380 531 1386 538 ·
1406 523 1442 549 Σὺ
1459 523 1488 549 δέ
1503 522 1598 558 φρεσὶν
1613 522 1704 548 εἵνεκα
1720 520 1814 547 κείνου

1084 561 1168 605 [ἰοίην
1184 570 1263 605 μῆτιν
1276 569 1364 604 ἐχειςς
1378 569 1438 595 τίνα
1454 568 1579 604 μοι,τίνα
1594 568 1675 602 μῆτιν
1688 566 1808 601 ἐνίψεις;

1091 615 1237 651 Ἀρτιφαὴς
1252 615 1273 641 δ’
1284 615 1411 650 ἀδὸνητος
1425 614 1495 649 ἀνὴρ
1508 613 1654 649 πειθὴμονι
1669 610 1747 648 itital

1086 662 1201 688 Ἔννεπε
1216 661 1354 696 τολμήεις,
1368 661 1408 687 ὃτι
1421 659 1548 691 θέσκελός
1562 660 1620 685 ἐστι
1633 659 1789 694 προφήτης.

1087 708 1164 742 107
1183 707 1215 734 l8
1226 707 1294 734 Λαοὶ
1304 706 1326 733 δ’
1343 706 1393 732 οὐκ
1405 705 1539 741 ἐπιθησαν
1555 705 1649 740 ἀληθέῐ
1664 705 1752 739 φωτὸς
1767 705 1822 739 ίωῇ

1087 754 1136 784 Ὅς
1150 761 1215 780 ποτε
1229 752 1328 786 τυφλὸς
1342 752 1401 787 έην,
1417 751 1465 778 καὶ
1477 751 1587 784 ἐδέξατο
1598 751 1698 786 φέγγος
1711 750 1852 781 ὀπωπαῖς,

1086 800 1117 826 El
1136 798 1173 834 μὴ
1192 798 1287 834 πρῶτα
1307 797 1441 824 κάλεσσαν
1455 795 1581 828 ἁπειθέες
1596 795 1742 831 ἀρχιερῆες

1092 845 1200 880 Ἀνδρος
1213 844 1414 879 ἀναϐλέψαντος
1433 842 1634 878 ἐπισταμένους
1648 842 1811 876 γενετῆρας.

1088 891 1121 919 19
1139 890 1322 926 Ἀμφοτέρους
1331 890 1354 915 δ’
1366 889 1471 924 εἴροντο
1489 887 1632 924 βαρυζήλῳ
1644 887 1698 913 τινὶ
1714 887 1793 922 μύθῳ
1803 895 1810 900 -

1093 936 1212 972 ’Υμείων
1225 937 1288 968 παῖς
1303 931 1390 967 οὗτος,
1408 935 1437 961 ὃν
1449 933 1613 969 ἐφθέγξαντο
1629 933 1737 960 πολῖται

1095 983 1144 1010 Ἐκ
1155 982 1276 1017 λαγόνων
1288 982 1329 1008 ὃτι
1345 980 1445 1015 τυφλὸς
1457 980 1641 1015 ἀνεϐλάστησε
1655 978 1789 1013 τεκούσης
1800 987 1809 1011 ;

1091 1029 1146 1056 Καὶ
1163 1028 1245 1055 πόθεν
1257 1027 1429 1062 ὀψιτέλεστον
1442 1026 1551 1058 ἐδέξατο
1566 1025 1666 1060 φέγγος
1683 1025 1821 1062 ὀπωπαῖς;

1089 1074 1125 1102 ‘20
1138 1075 1192 1100 Καὶ
1207 1073 1288 1109 φόϐον
1302 1072 1443 1103 ὼδίνοντες
1458 1071 1603 1107 ἐχέφρονες
1616 1069 1773 1105 ἠπεροπῆες

1089 1120 1181 1148 Μῦθον
1192 1119 1405 1150 ύποκλέπτοντες
1417 1117 1588 1153 ἐμυθήσαντο
1601 1116 1698 1151 τοκῆες
1709 1124 1716 1130 ·

1092 1166 1181 1201 Ἷδμεν
1195 1166 1236 1191 ὅτι
1249 1164 1343 1200 βροτὸς
1355 1161 1431 1195 οὗτος
1443 1163 1472 1194 ὃς
1487 1162 1597 1198 ἔλλαχεν
1610 1162 1732 1196 ὄμματος
1747 1160 1847 1195 αἴγλην

1095 1211 1214 1247 Ἦμείων
1231 1210 1295 1237 πέλε
1309 1209 1406 1245 κοῦρος
1421 1209 1571 1244 ἐτήτυμος·
1589 1206 1656 1233 ἀλλὰ
1671 1205 1718 1233 καὶ
1733 1205 1812 1232 αὐτοὶ

1092 1257 1182 1292 Ἴδμεν
1195 1257 1243 1292 ἐῆς
1252 1255 1307 1284 ἀπὸ
1323 1255 1425 1291 μητρὸς
1438 1255 1480 1281 ὅτι
1493 1254 1592 1290 βρέφος
1606 1254 1646 1284 εις
1663 1252 1731 1286 φάος
1743 1249 1840 1287 ἕρπων

1090 1303 1196 1337 Τυφλδς
1207 1302 1264 1338 ἔην,
1277 1301 1442 1336 ἀγάλακτος,
1456 1301 1495 1327 ἐτι
1513 1299 1611 1327 πνείων
1624 1299 1754 1327 τοκετοῖιι.

1088 1349 1118 1376 21
1137 1347 1201 1380 Πῶς
1215 1348 1244 1374 δέ
1256 1348 1281 1374 ot
1296 1346 1467 1382 ἀμφιτρῆτες
1477 1345 1651 1380 ἀνωῖχθησαν
1664 1342 1785 1375 ὀπωπαί,
1825 1380 1827 1382 ι

1090 1394 1145 1421 Καὶ
1157 1393 1200 1425 τίς
1210 1393 1374 1427 ἀφωτίστων
1390 1391 1532 1427 βλεφάρων
1546 1390 1692 1417 ἐκέδασσεν
1708 1388 1838 1424 ὁμίχλην,

1096 1440 1192 1474 Ἡμεῖς
1204 1439 1254 1465 οὺκ
1265 1438 1384 1473 ὲδάημεν
1398 1436 1551 1473 ἀμεμφὲες.
1573 1435 1723 1471 Ἀγχιφανῆ
1740 1434 1770 1461 δέ

1091 1484 1201 1519 Ἴδμονα
1216 1482 1314 1518 κοῦρον
1330 1481 1425 1517 έρεσθε
1442 1481 1476 1507 τά
1494 1480 1532 1516 μὴ
1545 1480 1654 1506 δεδάασι
1669 1478 1765 1512 τοκῆες
1777 1486 1784 1491 ·

1089 1530 1126 1557 Οὐ
1141 1529 1206 1556 πέλε
1215 1529 1312 1565 νήπιος
1322 1524 1408 1559 οὗτος.
1424 1526 1495 1562 ἔχων
1506 1525 1630 1561 παιδήῖον
1644 1524 1715 1560 ἥϐην
1723 1533 1730 1539 ·

1051 1591 1072 1620 c
1090 1576 1128 1603 Ού
1147 1575 1268 1610 φθογγῆς
1285 1574 1381 1620 ἑτέρης
1394 1571 1548 1599 ἐπιδεύεται
1558 1579 1564 1587 ·
1579 1570 1651 1620 ἀμφὶ
1665 1570 1726 1620 ἕθεν
1740 1569 1799 1605 γὰρ

1095 1620 1256 1656 Ἀρτιθαλὴς
1275 1619 1334 1650 νέος
1348 1615 1425 1649 οὗτος
1439 1616 1542 1651 ἀληθέα
1560 1615 1645 1650 μῦθον
1657 1615 1755 1649 ἐνίψει,

1090 1666 1193 1702 Πιστῆς
1208 1666 1296 1701 μέτρα
1310 1664 1401 1691 τέλεια
1415 1664 1506 1699 φέρων
1522 1661 1699 1693 παλιναυξέος
1714 1659 1795 1696 ἥϐης.

1089 1712 1124 1739 22
1135 1712 1201 1738 Τοῖα
1220 1711 1294 1746 φόϐῳ
1307 1710 1442 1741 δολόεντες
1455 1706 1658 1742 ἐπεφθέγξαντο
1668 1706 1777 1740 τοκῆες,

1090 1757 1197 1792 Τάρϐος
1213 1756 1346 1783 Ἰουδαίων
1361 1753 1579 1790 πεφυλαγμένοι·
1592 1752 1751 1788 αινομανεῖς
1766 1750 1821 1786 γὰρ

1090 1801 1209 1839 Χριστοῦ
1224 1801 1304 1837 ζῆλον
1320 1801 1428 1836 ἔχοντες
1444 1800 1589 1835 ἀμιμήτων
1606 1798 1686 1834 χάριν
1700 1796 1800 1832 ἔργων,

1090 1847 1238 1883 Συνθεσίην
1256 1847 1381 1883 κήρυξαν
1394 1847 1448 1882 ὅλῳ
1466 1845 1610 1881 πειθήμονι
1624 1843 1692 1880 λαῷ,

1093 1895 1185 1930 Ὀφρα
1200 1902 1247 1930 μιν
1260 1893 1289 1925 ὃς
1305 1893 1412 1925 δέξαιτο
1426 1892 1479 1927 νόῳ
1495 1892 1542 1919 καὶ
1553 1890 1669 1927 Χριστὸν
1686 1890 1779 1925 mea,

1091 1940 1136 1975 Μὴ
1148 1939 1246 1971 ζαθέου
1261 1938 1375 1974 ψαύσειε
1387 1937 1543 1974 θεοκλήτοιο
1560 1936 1705 1972 μελάθρου.

1090 1985 1126 2012 23
1138 1980 1175 2011 Οὗ
1188 1984 1268 2020 χάριν
1289 1983 1454 2019 Ἑϐραίοισιν
1467 1982 1639 2018 ὲμυθήσαντο
1656 1981 1753 2016 τοκῆες
1767 1989 1775 1996 ·

1094 2029 1204 2064 Ἴδμονα
1214 2028 1262 2056 κοῦ
1268 2036 1312 2064 ρον
1326 2027 1432 2064 ἔρεσθε,
1449 2027 1497 2054 καλ
1509 2027 1539 2053 οὒ
1555 2026 1635 2062 χρέος
1649 2027 1707 2052 ἐστὶ
1722 2026 1828 2061 τοκήων
1839 2033 1847 2040 ·

1098 2075 1177 2110 Ὑμῖν
1190 2075 1212 2102 δ’
1229 2075 1391 2110 είρομένοισι
1405 2074 1548 2109 δυνήσεται
1563 2069 1640 2105 οὗτος
1657 2072 1758 2107 ἐνίψαι,

1095 2121 1192 2157 Ἀρτια
1205 2121 1293 2156 μέτρα
1307 2120 1444 2155 φέρουσαν
1455 2120 1524 2155 έχων
1539 2121 1724 2156 περιμήκετον
1736 2118 1817 2153 ἥϐην.

1093 2166 1148 2192 Καὶ
1160 2165 1274 2201 γενέτης
1289 2165 1381 2192 ἀλαοῖο
1395 2165 1531 2201 κεράσατο
1547 2165 1674 2200 θαύματα
1686 2163 1780 2199 φωνὴν

1093 2212 1112 2237 Γ
1114 2211 1207 2247 λώσσῃ
1219 2211 1384 2247 κρυπταδίῃ,
1399 2211 1435 2247 μὴ
1449 2211 1524 2246 δήῖος
1537 2211 1624 2246 ἐσμὸς
1635 2209 1751 2244 ἀκούσῃ,

1056 2262 1076 2291 1)
1094 2257 1173 2292 109
1187 2256 1285 2288 Παιδὸς
1302 2256 1364 2284 ἰδὼν
1379 2256 1438 2284 νέον
1460 2256 1537 2292 ὂμμα
1555 2255 1710 2292 βοογλήνοιο
1725 2254 1878 2289 προσώπου.

1127 2302 1163 2330 Ἡ
1181 2302 1279 2338 Ἀνέρα
1296 2302 1317 2328 δ’
1330 2302 1360 2334 ὃς
1372 2303 1532 2339 περιφοιτος·
1540 2302 1588 2338 ἔην
1600 2300 1727 2333 ἀλαωπδς
1739 2301 1828 2336 ὁδίτης

851 2361 992 2389 TEXTUS
1012 2360 1281 2390 EVANGELIST/E.
1339 2379 1344 2383 -

288 2411 319 2438 Π
337 2411 393 2437 Καὶ
409 2409 511 2445 σχίσμα
534 2407 569 2445 ἦν
588 2409 617 2436 έν
640 2408 741 2440 αὐτοῖς.
768 2408 883 2440 Λέγουσι
900 2407 938 2443 τῷ
952 2407 1045 2443 τυφλῷ

251 2453 348 2479 πάλιν·
364 2452 400 2478 Σὺ
414 2451 440 2477 τί
453 2451 542 2485 λέγεις
559 2451 623 2486 περὶ
636 2450 729 2482 αὑτοῦ,
747 2449 788 2476 ὅτι
808 2450 894 2486 ἧνοιξέ
912 2458 958 2476 σου
981 2450 1045 2481 τοὺς

253 2492 427 2527 ίφθαλμούς;
450 2491 480 2518 '0
496 2492 525 2518 δὲ
542 2492 634 2518 εἶπεν⁸
655 2492 715 2518 ’Ὁτι
732 2492 874 2527 προφήτης
888 2491 971 2517 ἐστίν.

288 2534 322 2560 18
336 2534 393 2560 Οὐκ
409 2533 572 2560 ἐπίστευσαν
589 2531 635 2560 οὖν
651 2533 675 2559 οἱ
693 2533 815 2560 Ἰουδαῖοι
830 2533 893 2568 περὶ
906 2531 988 2559 αὑτοῦ
1002 2533 1042 2559 δτι

252 2575 351 2610 τυφλὸς
365 2571 399 2610 ἦν
418 2575 465 2601 καὶ
487 2574 644 2610 ἀνέϐλεψεν,
667 2574 720 2606 ἕως
741 2575 803 2601 ὅτου
818 2573 961 2610 ἐφώνησαν
978 2574 1042 2605 τοὺς

253 2618 343 2651 γονεῖς
358 2616 440 2643 αύτοῦ
456 2616 503 2643 τοῦ
515 2616 726 2652 ἀναϐλέψαντος.

290 2658 323 2685 19
342 2658 397 2685 Καὶ
412 2657 558 2693 ἠρώτησαν
575 2658 684 2690 αὐτοὺς,
701 2658 826 2692 λέγοντες
837 2666 845 2673 ·
872 2654 957 2689 Οὗτός
971 2658 1043 2683 ἐστιν

254 2701 268 2726 ὁ
282 2700 339 2732 υίὸς
355 2699 443 2735 ὑμῶν,
463 2699 492 2725 δν
510 2700 588 2734 ὑμεῖς
609 2699 703 2733 λέγετε
725 2699 766 2727 ὅτι
782 2698 881 2734 τυφλὸς
897 2698 1043 2734 ἐγεννήθης

256 2742 314 2774 πῶς
327 2739 373 2768 οὗν
389 2742 450 2777 ἄρτι
467 2739 576 2774 βλέπεις

290 2783 326 2810 20
340 2782 543 2816 Ἀπεκρίθησαν
556 2780 648 2812 αὐτοῖς
660 2782 685 2807 ot
697 2783 785 2816 γονεῖς
797 2781 879 2808 αὑτοῦ
894 2781 940 2808 καὶ
956 2779 1042 2807 εἷπον·

254 2824 372 2859 οἴδαμεν
386 2823 426 2849 ὅτι
441 2819 518 2854 οὗτός
533 2823 606 2849 ἐστιν
622 2824 636 2849 δ
650 2823 707 2855 υίὸς
723 2823 810 2859 ήμῶν,
825 2824 870 2850 καὶ
886 2823 926 2850 ὅτι
943 2821 1040 2857 τυφλὸς

256 2864 399 2899 ἐγεννήθη.

292 2906 326 2933 ει
341 2905 403 2939 Πῶς
422 2905 449 2932 δέ
466 2904 514 2933 νῦν
528 2903 633 2942 βλέπει,
649 2907 700 2934 οὐκ
710 2906 830 2942 οεδαμεν,
855 2906 870 2942 ἦ
889 2906 928 2940 τίς
942 2905 1045 2943 ἤνοιξεν

1096 2406 1179 2433 αὑτοῦ
1199 2407 1262 2438 τοὺς
1285 2406 1452 2442 ὀφθαλμοὺς,
1474 2407 1555 2442 ἡμεῖς
1574 2406 1624 2433 οὐκ
1646 2406 1778 2441 οἴδαμεν·
1805 2405 1879 2436 αὐτὸς

1095 2448 1201 2484 ἠλικίαν
1222 2448 1289 2484 έχει,
1311 2448 1392 2476 αὑτὸν
1417 2449 1592 2484 ἐρωτήσατε·
1615 2447 1697 2479 αὐτὸς
1717 2447 1783 2482 περὶ
1803 2447 1878 2473 αὑτοῦ

1094 2489 1216 2526 λαλήσει.

1128 2543 1164 2570 22
1183 2542 1274 2570 Ταῦτα
1293 2539 1369 2569 εἶπον
1393 2543 1418 2569 οἱ
1440 2543 1530 2576 γονεῖς
1554 2539 1636 2569 αὐτοῦ
1648 2560 1656 2572 ,
1679 2540 1721 2566 ὅτι
1741 2538 1879 2574 ἐφοϐοῦντο

1095 2586 1157 2617 τοὺς
1179 2584 1336 2616 Ἰουδαίους·
1358 2583 1409 2619 ήδη
1426 2583 1480 2618 γὰρ
1504 2582 1687 2610 συνετέθειντο
1705 2581 1730 2607 ot
1754 2581 1878 2611 Ἰουδαῖοι,

1097 2628 1140 2654 ἵνα
1161 2627 1208 2654 ἐάν
1223 2635 1266 2658 τις
1286 2626 1367 2653 αὑτὸν
1390 2625 1543 2661 ὁμολογήσῃ
1563 2624 1691 2660 Χριστὸν,
1708 2623 1879 2658 ἀποσυνάγω-

1097 2678 1144 2704 γος
1159 2669 1281 2704 γένηται.

1135 2721 1170 2747 23
1182 2720 1231 2747 Διὰ
1248 2719 1327 2746 τοῦτο
1340 2719 1365 2745 οἱ
1383 2720 1472 2754 γονεῖς
1485 2717 1567 2746 αὑτοῦ
1583 2715 1659 2745 εἶπον
1670 2725 1678 2733 ⁸
1702 2717 1763 2745 Ὀτι
1780 2717 1878 2754 ήλικίαν

1093 2762 1161 2798 ἔχει,
1176 2762 1259 2789 αὑτὸν
1273 2761 1440 2797 ἐρωτήσατε.

1128 2821 1164 2849 94
1194 2820 1352 2856 Ἐφώνησαν
1369 2817 1415 2847 οὖν
1431 2819 1463 2846 ἐκ
1483 2818 1608 2855 δευτέρου
1624 2818 1670 2848 τὸν
1690 2817 1831 2856 ἄνθρωπον
1847 2816 1878 2856 -δς

1094 2861 1128 2898 ἦν
1148 2854 1257 2897 τυφλὸς,
1283 2854 1330 2888 καὶ
1357 2859 1433 2887 εἶπον
1458 2861 1548 2896 αύτῷ·
1580 2860 1629 2891 Δὸς
1649 2859 1728 2891 δόξαν
1747 2859 1786 2892 τῷ
1807 2854 1876 2890 (θεῷ’

1097 2906 1176 2941 ἡμεῖς
1187 2903 1296 2940 οἴδαμεν
1316 2904 1356 2930 ὅτι
1365 2904 1379 2930 ὁ
1392 2903 1533 2939 ἄνθρωπος
1546 2899 1621 2933 οὗτος
1634 2899 1794 2938 ἁμαρτωλός
1802 2900 1876 2926 ἐστιν.
