1953 3040
60 188 114 217 899

59 247 230 284 Ζηλομανεῖς
247 246 410 278 καλέσαντες
425 247 577 283 ἐπέφραδον
590 248 745 284 ἀρχιερῆες·

60 294 124 327 Δδς,
138 294 228 325 τέκος,
244 293 401 328 ὑψιμέδοντι
414 293 473 328 Θεῷ
486 293 576 328 χάριν,
592 295 622 325 ὃς
640 303 670 320 σε
686 295 795 326 σαώσας

66 339 230 374 Ὀφθαλμῶν
242 339 309 375 πόρε
322 338 437 373 φέγγος·
451 340 465 365 ὁ
473 339 501 365 δὲ
513 339 607 374 βροτὸς
615 339 644 366 ὂν
658 341 690 366 σὺ
703 341 852 376 γεραίρεις,

61 382 149 417 Οὗτος
165 384 357 421 ἀλιτροσύνῃσι
373 385 449 411 πέλει
465 385 654 420 μεμελημένος
671 386 752 422 ἀνήρ.

60 430 98 458 25
119 429 257 465 Ἑϐραίοις
285 429 307 455 δ’
329 429 460 464 ἀγόρευεν
487 429 558 464 ἀνὴρ
587 429 710 465 θρασύςσ
739 429 777 456 Οὐ
803 429 852 464 μὲν

686 474 818 510 [ἀνέγνων

61 522 93 548 Εἰ
104 521 185 548 πέλεν
201 517 279 552 οὗτος
298 519 406 556 ἁλιτρὺς
423 520 573 556 ἐτήτυμον·
593 517 652 547 οῖδα
663 519 691 546 δὲ
706 520 784 556 θυμῷ

60 568 112 594 Ἕν
132 567 211 602 μόνον
226 566 375 601 ἀτρεκέως,
390 565 482 601 λοχίης
497 566 538 593 ὅτι
559 565 707 602 σύντροφος
722 567 788 601 ἠοῦς

61 612 168 648 Togong
182 611 238 646 ἐγὼ
252 612 401 647 βλάστησα,
418 611 465 637 καὶ
482 611 595 647 ἵσταμαι
609 611 670 647 ἄρτι
680 611 810 640 δοκεύων.

61 659 96 686 26
107 659 163 685 Καὶ
178 657 257 694 χορὸς
274 657 408 692 Ἐϐραίων
423 656 586 691 φιλπευθέα
598 657 698 693 ρήξατο
712 659 803 693 φωνήν
815 667 822 674 ·

63 706 142 736 Εἰπὲ,
159 705 186 732 τί
201 713 242 731 σοι
260 704 372 740 ποίησεν
391 705 428 739 ἑῷ
443 705 589 740 τεχνήμονι
601 705 697 740 πηλῷ;

63 751 128 783 Πῶς
141 751 169 778 δὲ
184 750 248 786 τεὴν
265 750 414 784 ζοφὸεσσοιν
430 750 622 786 ἀπημάλδυνεν
636 751 767 787 ὀμίχλην;

97 796 133 823 27
152 796 207 823 Καί
221 804 284 831 σφιν
297 796 367 832 ἀνὴρ
382 795 508 829 ὰδὸνητος
518 796 657 832 ἐλεύθερον
672 796 731 831 ἴαχε
744 796 835 832 φωνήν
848 803 856 811 ·

64 842 178 869 Ἀλλοτε
192 841 276 877 μῦθον
293 841 381 873 ἔλεξα,
403 841 450 867 καὶ
464 841 514 868 οὐκ
531 841 666 876 ἠκούσατε
683 842 783 877 φωνῆς,

61 888 148 915 Τίπτε
161 887 347 922 παλιμπετέες
363 886 518 922 μενεαίνετε
537 887 631 914 τοῦτον
644 887 758 914 ἀκοῦσαι
770 895 778 919 ;

62 934 109 969 Μὴ
125 933 193 964 63b;
210 933 311 968 ὑμείων
325 932 410 959 δονέει
426 932 502 964 νόον;
515 932 586 968 ὀφρα
602 933 649 959 καὶ
665 932 742 959 αὐτοὶ

64 978 185 1016 Χριστοῦ
199 978 353 1005 θεσπεσίοιο
363 979 435 1005 νόθοι
450 977 582 1013 γίγνησθε
597 977 737 1014 μαθηταί;

99 1022 136 1050 28
148 1022 180 1048 οι
187 1023 215 1050 δέ
224 1030 270 1057 μιν
278 1021 460 1058 ἀντιπόροισιν
468 1022 585 1050 ἐνείκεον
594 1024 693 1050 αὐτίκα
712 1023 821 1060 poem;-

63 1068 152 1100 Ᾱὺτὺς
170 1067 325 1104 λυσινόμοιο
341 1068 432 1101 πέλεις
447 1068 546 1095 κείνοιο
559 1069 698 1104 μαθητής·

70 1116 168 1152 Ἡμεῖς
184 1115 239 1152 γὰρ
253 1114 394 1150 προτέρου)
407 1114 528 1145 θεουδέος
542 1114 624 1149 ἐσμὲν
637 1114 751 1149 ἑταῖροι,

67 1162 240 1198 Θεσμοτόκου
256 1160 372 1195 Μωσῆος
385 1159 592 1194 ὑποδρηστῆρπ
608 1159 690 1193 ίωῆς’

67 1208 100 1235 29
113 1206 215 1233 Τοῦτον
225 1206 247 1233 δ’
255 1206 306 1232 οὐκ
315 1206 443 1241 ὲδάημεν.
457 1205 491 1232 50
499 1204 580 1240 Ἀνὴρ
591 1204 613 1231 δ’
625 1204 754 1240 ὴμείῦετο
767 1204 857 1240 μύθῳ·

72 1253 154 1280 Γοῦτο
168 1253 223 1288 γάρ
233 1254 291 1279 ἐστι
304 1252 334 1278 τὺ
348 1250 440 1286 θαῦμα
452 1251 520 1277 πολὺ
536 1251 625 1282 πλέον,
644 1251 700 1277 ὄττι
713 1259 765 1286 περ
778 1251 843 1286 ὑμῖν

67 1293 154 1329 Uine;
168 1297 216 1332 ἔην
228 1296 376 1331 ἄγνωστος,
391 1295 499 1331 Epig?
514 1294 592 1328 ὤϊξεν
613 1295 739 1326 ὀπωπάς.

68 1345 98 1371 51
120 1344 210 1379 Ἰδμεν
226 1343 266 1370 ὅτι
283 1342 427 1378 ξύμπαντα
443 1341 538 1376 Πατὴρ
555 1341 621 1372 Θεὸς
635 1340 792 1376 ήνιοχεύων,

74 1389 183 1426 ’Δνδρὸς
197 1388 362 1423 ὰλιτρονόοιο
380 1387 444 1423 βοὴν
461 1387 511 1414 οὐκ
526 1385 595 1414 οἶδεν
610 1387 718 1414 ἀκούειν
728 1395 735 1401 ·

69 1436 100 1462 Εἰ
116 1436 144 1462 δὲ
160 1435 326 1471 θεουδείῃσιν
340 1433 410 1470 ἀνὴρ
428 1433 617 1470 μεμελημένος
631 1433 685 1468 εἴη.

70 1482 125 1508 Καὶ
142 1481 277 1516 καθαραῖς
291 1480 455 1517 πραπίδεσσι
469 1480 536 1507 Θεοῦ
549 1480 682 1507 τελέσειεν
694 1479 826 1515 ἐφετμὰς,

69 1526 171 1553 Τούτου
186 1526 356 1562 λισσομένοιο
367 1526 433 1558 Θεὸς
443 1525 597 1561 ταχυεργδς
614 1524 716 1551 ἀκούει.

69 1572 105 1599 52
121 1571 210 1604 Ὲξότε
227 1571 437 1607 ποικιλόμορφος
453 1570 547 1602 ἀέξετο
556 1570 710 1605 πάντροφΟς
724 1569 801 1602 αἰὼν,

70 1616 188 1652 Τηλίκος
200 1615 298 1643 οὔποτε
314 1616 397 1652 μῦθος
411 1615 550 1647 ἀκούεται,
565 1615 622 1641 ὅττι
637 1613 747 1649 λαχόντι

71 1664 170 1698 ὐμμα
183 1662 381 1697 πολυκλήῖστον
394 1662 558 1697 ἀφωτίστοιο
575 1660 723 1696 προσώπου

76 1707 168 1742 Ἀνέρι
181 1715 223 1738 τις
240 1707 306 1743 πόρε
321 1707 433 1742 φέγγος,
448 1706 478 1732 ὃν
494 1706 638 1742 ὰρτιτόκου
655 1705 697 1731 διὰ
714 1705 813 1731 κόλπου

73 1753 154 1788 ιιο
168 1752 259 1779 Είσέτι
271 1753 369 1787 τυφλὸν
380 1752 458 1779 ἐόντα
474 1751 638 1787 μογοστόκος
653 1750 766 1786 ἔδρακεν
779 1750 845 1786 ἠώς.

71 1799 107 1826 33
119 1799 151 1825 Εἰ
168 1798 205 1834 μὴ
219 1799 265 1834 ἐην
282 1798 377 1834 βροτὸς
391 1795 467 1829 οὗτος
484 1797 646 1833 ἐπουρανίου
662 1795 806 1829 Βασιλῆος,

72 1845 190 1881 Τηλίκον
205 1845 304 1872 οὔποτε
320 1846 414 1881 θαῦμα
430 1845 563 1881 δυνήσατο
582 1844 678 1880 μοῦνος
693 1842 818 1870 ἀνύσσαι.

72 1891 108 1919 54
120 1891 175 1917 Καί
192 1899 238 1925 μιν
253 1889 413 1926 μυστιπόλοι
427 1889 544 1925 φθονερῇ
556 1887 715 1922 στυφέλιξαν
732 1887 782 1922 ίωῇ
792 1899 800 1907 ·

73 1936 209 1971 Σύγγονος
223 1935 411 1971 ἀμπλακίῃσιν
425 1934 565 1970 ὲμαιώθης
582 1933 643 1965 ὅλος
659 1932 738 1968 ἀνὴρ,

73 1982 130 2010 Καὶ
151 1982 183 2009 σὺ
198 1983 296 2016 σοφοὺς
308 1982 413 2017 ἱερῆας,
425 1980 567 2012 ὲπεσὸὁλε,
579 1979 665 2006 ταῦτα
680 1978 830 2009 διδάσκεις·

73 2029 129 2057 Καί
144 2037 190 2065 μιν
207 2029 409 2065 ὁμοκλήσαντες
425 2026 569 2062 ἀπήλασαν
583 2024 673 2052 ἔκτοθι
688 2022 764 2059 νηοῦ,

106 2077 143 2105 55
171 2076 267 2112 Ιησοῦς
281 2075 302 2102 δ’
317 2075 411 2102 ἀϊεσκε
427 2074 543 2109 δαήμονι
555 2071 655 2106 τυφλὸν
672 2071 770 2105 ἀκουῇ,

76 2123 155 2149 Ὅττι
169 2130 214 2158 μιν
230 2121 308 2153 ἐκτὸς
322 2120 439 2147 ἔλασσαν
454 2119 586 2154 ἀγήνορες
599 2116 760 2152 ἀρχιερῆες⁸

76 2164 147 2204 Εὗρε
161 2167 191 2194 δέ
207 2175 252 2203 μιν
264 2166 312 2193 καὶ
327 2166 402 2192 ἔειπε
413 2173 420 2179 ·
439 2164 474 2190 Σὺ
493 2163 600 2190 πειθεαι
610 2159 663 2188 Υἷα
678 2160 815 2196 γεραίρων

75 2213 209 2251 οὐρανίου
222 2211 373 2247 Βασιλῆοςς
389 2210 425 2238 56
443 2210 526 2246 Ἀνὴρ
540 2209 562 2236 δ’
576 2207 710 2245 ἡρεύγετο
725 2205 833 2241 φωνήψ

502 186 746 216 PARM’HRASIS
765 187 798 216 ΙΝ
818 187 987 217 ιοΑΝΝΕιῑ.
1008 203 1043 210 --
1058 188 1135 217 CAP.
1157 188 1203 217 IX.

1636 187 1690 216 830

866 254 889 282 Α
904 250 992 277 lnvidi
1017 254 1145 278 vocantes
1169 250 1279 278 allocuti
1295 253 1360 278 sunt
1377 249 1519 285 pontiﬁces
1533 257 1540 276 :
1555 251 1624 283 Age,
1639 247 1688 280 ﬁli,

904 298 1057 334 altircgenti
1077 298 1133 325 Deo
1156 298 1274 333 gratias,
1299 298 1347 334 qui
1369 302 1396 325 te
1412 304 1525 325 servans
1541 295 1690 323 Oculorum

905 345 980 374 dedit
1004 346 1093 373 lucem
1107 354 1114 379 ;
1131 345 1177 372 ille
1192 350 1282 373 autem
1297 345 1340 373 vir
1358 351 1438 380 quem
1453 349 1482 371 tu
1498 344 1626 375 lionoras,
1642 342 1691 369 llic

904 394 1025 430 peccatis
1037 397 1080 421 est
1097 393 1204 421 deditus
1220 393 1270 421 vir.
1282 393 1318 420 ‘25
1333 392 1454 421 Hebraeis
1465 396 1555 419 autem
1569 391 1638 418 dixit
1651 391 1692 418 vir

905 443 1006 470 audax:
1021 441 1080 469 Non
1095 441 1204 476 quidem
1233 441 1348 477 cognovi
1375 440 1417 467 An
1440 440 1475 467 sit
1502 439 1546 466 hic
1567 442 1693 473 peccator

905 498 985 518 vere:
1003 490 1061 517 scio
1076 493 1166 517 autem
1192 489 1284 516 animo
1310 488 1366 515 Hoc
1390 488 1478 515 solum
1495 493 1568 517 vere,
1595 485 1694 512 natalis

905 539 978 574 quod
998 538 1161 565 coaluninus
1186 545 1292 564 aurora:
1312 537 1407 564 Crecus
1421 543 1470 571 ego
1489 533 1650 571 germinavi,
1668 538 1695 560 et

906 591 949 615 slo
972 587 1028 621 jam
1043 586 1145 613 videns.
1167 585 1201 612 26
1218 585 1250 611 Et
1275 588 1363 612 coetus
1396 583 1571 610 Hebraeorum
1600 580 1695 608 scisci-

905 639 1010 662 tantem
1032 635 1105 669 rupit
1119 641 1214 661 vocem
1235 642 1241 660 :
1259 632 1324 664 Dic,
1345 631 1410 667 quid
1427 631 1474 658 tibi
1488 630 1551 657 fecit
1565 636 1614 656 suo
1629 629 1694 655 arti-

907 683 1001 710 ﬁcioso
1016 682 1090 709 luto?
1117 681 1258 714 Quomodo
1274 684 1363 707 autem
1384 685 1456 707 tuam
1488 682 1574 704 atram
1598 677 1696 704 delevit

907 730 1070 766 caliginem?

943 779 977 806 27
990 778 1022 806 Et
1041 777 1109 813 ipsis
1123 777 1165 804 vir
1180 776 1326 804 immobilis
1343 775 1454 803 liberam
1473 773 1564 802 sonuit
1580 780 1695 801 vocem:

907 827 983 854 Alius
993 833 1145 854 sermonem
1158 825 1226 856 dixi,
1241 829 1268 851 et
1292 832 1346 851 non
1364 823 1507 850 audivistis
1521 829 1625 853 vocem,
1643 820 1697 848 Cur

911 867 1062 910 retrogradi
1078 873 1178 908 cupitis
1191 873 1263 899 hunc
1280 871 1393 899 audire?
1406 870 1474 898 Num
1490 870 1561 897 Deus
1580 873 1699 896 vestram

874 925 894 953 Β
910 924 993 960 agitat
1016 927 1151 955 mentem,
1171 925 1202 949 ut
1222 927 1250 948 et
1273 920 1326 955 ipsi
1360 918 1463 946 Christi
1495 918 1581 945 divini
1611 916 1698 952 spurii

909 971 981 999 ﬁalis
996 969 1142 1005 discipuli?

943 1019 979 1047 28
1005 1019 1046 1046 1111
1072 1021 1162 1045 autem
1192 1017 1282 1052 ipsum
1314 1013 1448 1050 oppositis
1474 1012 1700 1041 conriciabantur

910 1068 1002 1095 statim
1015 1064 1117 1094 verbis:
1127 1065 1187 1100 ipse
1201 1063 1323 1099 legiiragi
1336 1061 1375 1090 sis
1390 1061 1464 1089 Illius
1475 1060 1636 1095 discipulus.
1645 1058 1700 1087 Nos

909 1116 982 1143 enim
995 1115 1095 1150 prioris
1106 1113 1141 1148 pii
1152 1120 1248 1140 sumus
1260 1111 1339 1144 socii,
1347 1109 1465 1145 Legiicri
1475 1108 1559 1136 Mosis
1572 1109 1643 1136 servi
1652 1115 1700 1134 vo-

910 1163 1009 1191 cis:29
1024 1162 1102 1189 Hunc
1115 1169 1179 1188 vero
1195 1160 1343 1188 nescimus.
1353 1159 1387 1186 50
1396 1157 1443 1184 Vir
1457 1160 1547 1184 autem
1559 1155 1701 1191 respondit

911 1218 1051 1239 sermone:
1076 1209 1133 1236 lloc
1157 1208 1266 1243 quidem
1290 1210 1333 1234 est
1348 1204 1512 1233 miraculum
1538 1204 1700 1236 maximum,

911 1257 984 1292 quod
1004 1256 1081 1284 vobis
1098 1255 1147 1282 Hic
1161 1258 1204 1281 est
1215 1253 1382 1288 incognitus,
1399 1258 1474 1278 meos
1487 1254 1577 1277 autem
1594 1249 1701 1284 aperuit

911 1302 1016 1330 oculos.
1039 1302 1070 1328 51
1087 1301 1195 1328 Scimus
1215 1299 1288 1334 quod
1308 1298 1400 1326 omnia
1416 1297 1489 1325 Deus
1506 1296 1587 1324 Pater
1603 1296 1702 1331 guber-

911 1357 992 1381 nans,
1007 1348 1064 1376 Viri
1088 1348 1241 1384 peccatoris
1256 1353 1351 1374 vocem
1369 1353 1423 1373 non
1444 1346 1519 1372 novit
1543 1343 1655 1377 audire;
1675 1343 1703 1371 Si

911 1406 975 1426 vero
988 1397 1087 1432 pietate
1098 1397 1141 1423 vir
1151 1401 1243 1431 gratus
1253 1394 1344 1426 fuerit,
1357 1393 1389 1420 Et
1400 1394 1475 1428 puris
1487 1393 1645 1428 prmcordiis
1657 1392 1703 1420 Dei

912 1445 1058 1481 perfecerit
1077 1448 1223 1479 praecepta,
1241 1442 1320 1469 llunc
1338 1445 1461 1468 orantem
1476 1440 1548 1468 Deus
1563 1445 1705 1476 promptus

911 1493 999 1521 audit.
1014 1493 1050 1520 '52
1075 1491 1114 1519 Ex
1133 1499 1187 1527 quo
1206 1490 1373 1518 multiforme
1398 1493 1512 1524 augetur
1535 1488 1628 1516 omnia
1653 1496 1700 1514 nu-

912 1541 999 1568 triens
1010 1540 1152 1573 saeculum,
1165 1538 1241 1566 Talis
1261 1544 1399 1573 nunquam
1420 1529 1514 1564 ~sermo
1525 1536 1635 1563 auditus
1651 1539 1704 1568 est,

875 1588 896 1617 ϐ
913 1589 985 1624 quod
1012 1588 1109 1616 sortito
1127 1587 1228 1615 Oculos
1251 1586 1368 1613 multum
1390 1585 1500 1613 clausos
1520 1592 1575 1611 non
1605 1583 1705 1612 illumi-

910 1637 981 1662 nata:
998 1633 1078 1660 faciei
1098 1631 1165 1660 Viro
1188 1631 1288 1666 aliquis
1308 1630 1383 1657 dedit
1405 1630 1503 1662 lucem,
1524 1637 1605 1664 quem
1620 1636 1705 1663 nuper

911 1681 1062 1716 parientem
1079 1688 1127 1716 per
1144 1679 1246 1708 sinum.
1267 1679 1344 1713 ιιι
1361 1677 1458 1705 Adhuc
1469 1684 1571 1704 czeeum
1587 1677 1614 1704 in
1627 1682 1706 1711 parlu

914 1729 1050 1757 laboriosa
1061 1729 1131 1757 vidit
1143 1735 1252 1755 aurora.
1261 1726 1295 1753 35
1303 1724 1362 1753 Nisi
1374 1731 1448 1752 esset
1459 1725 1540 1752 homo
1552 1725 1597 1751 hic
1611 1726 1706 1753 cades-

914 1778 950 1805 tis
960 1779 988 1806 Rc
999 1777 1121 1815 gis,Tam
1131 1783 1258 1811 magnum
1277 1781 1417 1808 nunquam
1429 1773 1589 1801 miraculum
1607 1774 1707 1808 potuis-

915 1830 956 1853 sct
976 1826 1051 1853 solus
1076 1825 1215 1858 perﬁcere.
1245 1823 1280 1849 54
1300 1822 1332 1848 Et
1362 1822 1452 1856 ipsum
1481 1821 1597 1849 sacriﬁci
1615 1820 1707 1847 invida

917 1873 1124 1900 insectabantur
1140 1879 1206 1898 voce
1226 1880 1232 1898 :
1250 1870 1418 1904 Congcnitus
1438 1869 1557 1904 peccatis
1575 1869 1608 1895 ab
1616 1869 1706 1895 obste-

915 1922 986 1948 tricc
1008 1923 1144 1947 tractatus
1167 1926 1197 1946 es
1219 1922 1294 1945 totus
1312 1917 1364 1950 vir,
1382 1917 1414 1943 Et
1426 1921 1453 1944 tu
1470 1917 1606 1952 sapientes
1619 1923 1706 1942 sacer-

914 1967 1253 2003 dotes,conviciator,lncc
1267 1966 1367 1993 doces?
1380 1965 1413 1992 Et
1424 1966 1513 2001 ipsum
1526 1964 1707 1992 vociferantes

915 2015 1080 2050 expulerunt
1095 2017 1172 2041 extra
1192 2013 1338 2048 templum.

953 2062 988 2089 35
1012 2061 1092 2089 Jcsus
1116 2064 1206 2088 autem
1232 2060 1335 2087 audivit
1357 2060 1460 2087 sciente
1475 2059 1509 2086 de
1528 2066 1601 2086 czcco
1625 2057 1707 2088 fama.

916 2108 994 2142 Quod
1017 2108 1105 2143 ipsum
1126 2107 1274 2141 cjccisscnt
1290 2105 1403 2140 superbi
1427 2105 1586 2140 pontiﬁces:
1604 2103 1708 2131 Invenit

917 2159 1007 2182 autem
1025 2155 1124 2189 ipsum,
1145 2157 1172 2180 et
1188 2153 1275 2180 dixit:
1291 2151 1332 2179 Tu
1347 2151 1436 2178 credis
1450 2150 1549 2178 Filium
1569 2150 1708 2177 honorans

917 2200 1044 2229 Caelestis
1061 2199 1160 2235 Regis?
1177 2200 1212 2227 56
1230 2197 1278 2225 Vir
1291 2202 1382 2225 autem
1393 2197 1526 2224 cructavit
1541 2203 1645 2223 vocem:
1659 2194 1718 2222 Do-

682 2264 824 2292 TEXTUS
843 2259 1105 2290 I‘ZVANGELISTE.

110 2318 149 2345 25
168 2316 316 2353 Ἀπεκρίθη
330 2313 378 2342 οὖν
394 2313 498 2346 ἐκεῖνος
511 2314 558 2341 καὶ
575 2311 665 2340 εἶπεν·
687 2313 718 2339 Ei
739 2312 870 2347 ἁμαρτω-
887 2313 905 2338 υ
958 2310 988 2337 51
1008 2307 1125 2353 Οίδαμεν
1138 2305 1166 2333 δὲ
1242 2302 1408 2353 ἁμαρτωλιῖζν
1417 2302 1515 2353 ipse;
1528 2300 1577 2351 οὐκ
1596 2299 1709 2353 amris:-

75 2360 121 2392 λὸς
148 2361 232 2392 ἐστιν,
248 2359 299 2385 οὐκ
322 2356 395 2384 οἶδα·
417 2356 446 2383 ἓν
466 2353 534 2388 οἶδα,
551 2356 592 2382 ὅτι
616 2354 715 2389 τυφλὸς
737 2353 785 2386 ὣν,
807 2354 870 2388 ἄρτι

77 2401 179 2437 βλέπω.

113 2443 149 2469 ‘26
168 2439 252 2468 Εἶπον
274 2440 303 2467 δὲ
329 2439 404 2475 αὐτῷ
416 2438 496 2466 πάλιν
509 2446 515 2453 ·
540 2437 572 2465 Τί
594 2436 705 2473 ἐποίησέ
729 2444 791 2469 σοι;
812 2436 870 2469 πῶς

75 2483 168 2520 ἡνοιξέ
183 2491 230 2509 σου
248 2482 312 2513 τοὺς
323 2480 492 2516 ὀφθαλμούς

112 2525 147 2552 ‘27
176 2523 328 2559 ’Λπεκρίθη
350 2523 458 2553 αὐτοῖς·
483 2519 566 2547 Εἶπον
590 2520 654 2555 ὑμῖν
670 2519 731 2555 ἤδη,
759 2519 804 2545 καὶ
820 2518 870 2545 οὐκ

78 2566 230 2602 ἠκούσατε·
249 2565 276 2591 τί
297 2564 377 2592 πάλιν
400 2563 491 2590 θέλετε
508 2561 628 2594 ἁκούειν;
663 2561 700 2597 μὴ
721 2560 767 2586 καὶ
791 2560 869 2595 ὑμεῖς

79 2608 173 2635 θέλετε
188 2606 270 2634 αὑτοῦ
285 2605 404 2642 μαθηταὶ
418 2603 544 2638 γενέσθαι
558 2611 565 2635 ;

113 2649 150 2676 28
169 2639 358 2683 Ἐλοιδόρησαν
372 2644 418 2674 οὖν
433 2645 524 2676 αὐτὴν,
543 2643 590 2671 καὶ
615 2641 706 2670 εἷπον-
725 2642 762 2669 Σὺ
775 2639 802 2668 εἴ
816 2651 868 2677 μα-

78 2691 165 2727 θητὴς
177 2690 281 2717 ἐκείνου
294 2697 301 2705 '
315 2690 395 2724 ἡμεῖς
409 2688 437 2714 δὲ
447 2686 492 2714 τοῦ
505 2686 627 2717 Μωσέως
642 2685 723 2720 ἐσμὲν
741 2683 869 2727 μαθηταί.

113 2725 150 2760 29
171 2732 268 2766 Ἡμεῖς
285 2731 394 2765 οἴδαμεν
415 2730 456 2756 ὅτι
480 2729 566 2764 Μωσῇ
583 2727 731 2763 λελάληκεν
757 2727 771 2753 ὁ
786 2725 868 2757 Θεός·

78 2773 175 2801 τοῦτον
189 2772 219 2799 δὲ
231 2772 280 2799 οὐκ
293 2771 404 2807 οἴδαμεν
420 2771 502 2798 πόθεν
515 2769 598 2796 ἐστίν.

115 2815 151 2843 50
169 2813 318 2849 Ἀπεκρίθη
341 2814 355 2839 ὁ
375 2813 517 2848 ἄνθρωπος
537 2811 583 2838 καὶ
602 2807 677 2837 εἶπεν
692 2810 800 2841 αὐτοῖς·
827 2808 871 2836 Ἐν

80 2856 136 2892 γὰρ
157 2855 246 2890 τούτῳ
268 2854 424 2889 θαυμαστόν
450 2855 534 2886 ἐστιν,
562 2853 602 2879 ὅτι
619 2851 698 2887 ὑμεῖς
714 2851 764 2878 οὐκ
780 2851 869 2878 οἴδατε

79 2900 164 2928 πόθεν
177 2899 248 2933 ἐστὶ,
262 2898 309 2926 καὶ
324 2898 423 2935 ἀνέῳξε
443 2907 493 2934 μοι)
513 2897 574 2928 τοὺς
589 2894 753 2931 ὀφθαλμούς.

923 2352 980 2380 ἀλλ’
993 2351 1040 2377 ὲέιν
1056 2341 1098 2381 τις
1113 2347 1241 2383 θεοσεϐὴς
1254 2345 1282 2382 ᾗ,
1306 2345 1352 2372 καὶ
1371 2344 1401 2370 τὸ
1416 2343 1521 2379 θέλημα
1536 2341 1618 2368 αὖτοῦ
1635 2342 1709 2377 ποιῇ,

922 2394 1015 2421 τούτου
1030 2390 1134 2418 ἀκούει.

959 2435 994 2463 52
1025 2434 1073 2460 Ἐκ
1097 2431 1144 2459 τοῦ
1167 2430 1265 2461 αἰῶνος
1285 2429 1336 2455 οὐκ
1348 2426 1469 2463 ἠκούσθη
1491 2426 1532 2452 ὅτι
1557 2424 1647 2460 ἠνοιξέ
1669 2433 1709 2456 τις

921 2476 1078 2512 ὀφθαλμοὺς
1093 2472 1194 2508 τυςρλοῦ
1207 2469 1416 2512 γεγεννημένου.

957 2518 992 2546 55
1011 2507 1042 2543 Et
1060 2515 1098 2552 μὴ
1110 2511 1233 2551 ἦνοῦτος
1246 2512 1323 2548 παρὰ.
1333 2510 1413 2543 Θεοῦ,
1429 2509 1480 2536 οὐκ
1494 2507 1608 2544 ἠδύνατο
1624 2507 1711 2534 ποιεῖν

922 2559 1008 2587 οὐδέν.

957 2601 991 2629 34
1000 2598 1203 2633 Ἀπεκρίθησαν
1215 2595 1262 2622 καὶ
1274 2591 1349 2621 εἶπον
1362 2591 1450 2627 αὐτῷ·
1471 2592 1514 2618 Ἐν
1524 2589 1672 2633 ἁμαρτίαις
1679 2589 1712 2617 σὺ

922 2641 1069 2677 ἐγεννήθης
1081 2632 1152 2671 δλοςς
1165 2638 1212 2666 καὶ
1223 2638 1255 2665 σὺ
1265 2636 1401 2667 διδάσκεις
1415 2635 1488 2670 ἡμᾶς
1499 2642 1506 2666 ;
1518 2633 1572 2660 Καὶ
1587 2632 1712 2666 ἐξέϐαλον

923 2683 1004 2711 αὐτὸν
1024 2682 1085 2716 ἔξω.

958 2725 994 2753 55
1014 2714 1149 2751 Ἤκουσεν
1173 2722 1188 2748 ὸ
1212 2720 1315 2756 Ἰησοῦς
1334 2719 1374 2746 ὅτι
1396 2717 1522 2750 ἐξέϐαλον
1545 2715 1626 2743 αὑτὸν
1642 2714 1710 2756 ἔξω·

924 2768 971 2794 καὶ
994 2766 1081 2802 εὑρὼν
1102 2764 1194 2797 αὑτὸν,
1211 2761 1286 2790 εἶπεν
1302 2760 1376 2796 αὺτῷ
1386 2769 1393 2776 ·
1414 2760 1450 2786 Σὺ
1463 2757 1600 2787 πιστεύεις
1613 2757 1653 2786 είς
1667 2753 1712 2780 τὸν

925 2808 990 2836 Υίὺν
1002 2807 1049 2834 τοῦ
1064 2806 1132 2833 Θεοῦ
1143 2815 1150 2838 ς

959 2850 993 2877 56
1014 2836 1162 2883 ’Λπεκρίθη
1186 2848 1287 2878 ὲκ;ῖνος
1302 2845 1349 2873 καὶ
1369 2842 1446 2871 εἷπε·
1472 2840 1520 2872 Τίς
1534 2840 1603 2872 ἐστι.
1616 2836 1711 2873 Κύριε.

924 2892 967 2919 ἵνα
983 2890 1121 2919 πιστεύσω
1136 2890 1174 2921 εἰς
1187 2887 1283 2921 αὐτόη

1706 2935 1717 2951 ί
