1953 3040
257 162 305 188 8.")!

872 153 976 182 NONNI
995 151 1246 182 PANOPOLITANI

1841 152 1905 179 83’.

259 213 346 247 mine.
361 213 423 248 quis
437 216 480 240 est
502 213 546 240 ille
572 220 653 248 quem
668 212 772 246 dixisti,
791 217 820 241 ut
838 214 986 243 honorem?
1011 216 1040 243 5i

1101 215 1226 251 Κοίρανε,
1240 214 1281 245 τίς
1298 213 1377 240 πέλεν
1390 207 1468 244 οὗτος
1482 211 1511 238 liv
1526 211 1647 244 ἐννεπες,
1660 211 1731 247 δφρα
1745 211 1902 249 γεραίρω,

258 257 339 286 Jesus
353 262 443 286 autem
461 258 612 293 respondit:
637 258 669 284 Et
689 258 778 286 vidisti
794 259 882 294 ipsum
900 261 998 294 oculis,
1014 261 1048 288 Et

260 308 352 331 tecum
371 311 444 331 nunc
464 304 580 338 loquens
592 305 651 338 ipse
666 309 718 332 est.
731 304 766 332 58
780 304 852 332 Dixit
862 310 889 334 et
902 306 976 340 ipse:
996 306 1048 334 Do-

262 349 344 380 mine,
362 348 455 381 credo;
478 353 616 384 caputque
645 354 723 377 terra:
740 350 898 384 admovens,
913 351 947 379 Et
971 352 1045 387 pedi-

261 394 312 421 bus
332 394 533 421 immortalibus
548 399 688 422 curvatam
705 396 838 423 cervicem
850 396 1048 427 ﬂectens.Niti-

260 439 325 466 dum
343 440 456 466 multum
472 444 650 467 consutorutn
662 441 805 476 amplexus
819 446 860 469 est
873 448 978 470 tarsum
994 445 1048 471 cal-

261 493 384 513 ceorum.
400 487 435 513 59
448 485 529 513 Jesus
540 491 630 514 autem
650 487 800 522 respondit,
816 489 965 523 sapientem
989 497 1048 518 ser-

260 538 367 558 monem
384 530 514 557 audiens:
531 530 560 557 In
572 530 705 564 judicium
718 532 778 558 veni
790 533 817 559 in
833 532 904 560 hunc
917 534 1048 569 insipien-

260 580 315 603 tem
338 576 468 602 mundum
485 581 638 608 errantem;
659 577 688 604 ln
709 576 843 612 judicium
863 579 962 614 duplex
985 581 1047 608 veni

260 621 404 654 dissimile,
420 626 448 648 ut
463 625 489 648 ct
505 623 556 657 ipsi
580 623 667 649 Antea
683 629 738 649 non
763 622 885 651 videntes
902 624 1047 652 invisibilis

261 666 348 693 lucem
372 675 488 700 ουτοι-ω,
506 667 576 694 ί]ωεὶ
598 667 687 695 visum
715 668 850 703 recipiant
871 670 1046 704 inspicientes

261 712 366 743 oculis;
383 713 468 740 Arnte
485 717 576 740 autem
599 713 722 741 videntes
741 713 807 741 [iant
835 715 909 742 cmci.
928 715 962 743 40
977 715 1045 743 Pro-

259 756 422 793 pinquorum
436 762 525 786 autem
537 758 646 786 Christo
660 758 777 794 populus
791 759 856 786 dixit
874 761 1046 795 sequentium

257 801 457 830 Pharisaeorum
472 813 479 830 :
502 803 572 830 Num
593 803 751 831 errantibus
767 805 853 832 oculis
870 805 934 833 cteci
947 814 1046 840 sumus

257 853 284 875 et
297 848 367 875 nos?
380 848 411 875 41
426 847 507 876 .iesus
523 852 613 877 autem
629 849 709 882 dixit,
726 849 897 878 incredulum
914 852 1044 887 populum

1097 261 1130 289 37
1149 260 1252 296 Ἰησοῦς
1261 260 1283 286 δ’
1296 259 1454 294 ἀπάμειπτο
1465 267 1470 274 ·
1488 258 1544 285 Καὶ
1557 258 1671 294 ἔδρακες
1683 258 1763 285 αὐτὸν
1776 258 1900 294 ὀπωπῇ,

1097 306 1152 333 Καί
1169 314 1211 333 σοι
1223 305 1269 332 νῦν
1285 304 1387 332 λαλέων
1399 304 1480 336 αὐτὸς
1494 304 1585 330 πέλεν.
1597 304 1631 331 38
1646 302 1713 330 Εἷπε
1727 304 1774 330 καὶ
1786 304 1873 334 αὐτὸς
1888 313 1900 321 ·

1097 352 1226 389 Κοίρανε,
1244 352 1366 378 πιστεύω
1378 359 1384 365 ”
1402 349 1523 385 κεφαλὴν
1538 350 1559 376 δ’
1575 350 1622 376 ἐπὶ
1635 351 1716 384 γαῖαν
1734 350 1862 385 ἐρείσας,

1096 398 1152 425 Καὶ
1167 398 1245 424 ποσὶν
1266 396 1427 432 ἀμϐροσίοις
1445 395 1628 432 κυρτούμενον
1643 395 1745 430 αὐχένα
1762 396 1900 430 κάμψας.

1096 443 1199 479 Φαιδρὰ
1211 442 1423 479 πολλυρραφέων
1437 441 1627 477 προσπτύξατο
1638 441 1726 477 ταρσά
1739 441 1874 468 πεδίλων.

1095 490 1130 517 59
1148 489 1249 525 Ἰησοῦς
1267 489 1288 515 δ’
1303 488 1461 524 ἀπάμειπτο
1473 488 1608 523 σαόφρονα
1625 487 1707 522 μῦθον
1721 487 1834 514 ἀκλύων
1845 495 1853 501 ·

1098 535 1143 566 Εἰς
1163 535 1251 570 κρίμα
1265 534 1358 561 τοῦτον
1376 534 1467 561 ἵκανον
1483 534 1512 564 ἐς
1532 534 1636 568 ἄφρονα
1649 533 1750 568 κόσμον
1765 533 1876 567 ἀλήτην
1889 541 1897 548 ·

1097 580 1144 610 El;
1161 580 1248 615 κρίμα
1266 579 1358 606 δισσὸν
1375 579 1441 614 ἔϐην
1455 579 1645 614 ἑτερότροπον,
1660 578 1732 614 ὄφρα
1746 578 1793 604 καὶ
1811 579 1902 605 αὐτοὶ

1097 625 1129 650 οι
1143 623 1229 659 πάρος
1244 624 1294 658 οὐχ
1309 623 1441 659 ὁρόωντες
1455 623 1575 659 ἁθηήτου
1589 623 1655 657 φάος
1671 622 1748 658 ἠοῦς,

1097 671 1200 705 Τυφλοὶ
1214 670 1404 704 ἀναϐλέψωσιν
1421 669 1622 705 ἑσαθρήσαντες
1638 669 1762 700 ὀπωπαῖς
1772 677 1779 683 θ

1104 714 1247 749 ὀξυφαεῖς
1259 714 1287 741 δὲ
1301 714 1433 748 γένωνται
1445 713 1600 747 λιπαυγέες.
1624 712 1658 740 40
1677 713 1852 748 Ἀγχιπόρων
1865 713 1895 739 δὲ

1097 760 1207 795 Χριστῷ
1219 760 1283 792 λαὸς
1298 760 1388 786 ἔειπεν
1403 759 1595 794 ὲφεσπομὲνων
1608 758 1762 794 Φαρισαίων
1771 767 1779 774 ·

1097 807 1143 842 Μὴ
1160 806 1303 842 σφαλεροῖς
1316 806 1462 842 βλεφάροις
1473 805 1551 832 ἁλαοὶ
1564 805 1716 840 γενόμεσθα
1726 805 1774 831 καὶ
1789 805 1898 841 ήμείς;

1097 851 1127 878 41
1149 850 1252 886 Ἰησοῦς
1266 851 1289 878 δ’
1305 851 1423 886 ὀάριζεν,
1445 849 1559 876 ἀπειθέα
1571 849 1633 876 λαὸν
1647 850 1763 876 ἐνίπτων
1774 858 1781 864 ·

255 895 424 931 objurgans:
439 895 466 922 Si
483 896 571 932 caligo
585 896 669 923 vestri
690 897 832 924 ambiisset
849 897 937 925 lucem
958 899 1040 931 visus,

1101 897 1129 922 Εί
1147 896 1227 931 ζόφος
1241 896 1377 932 ὑμετέρης
1391 895 1569 931 περιδέδρομε
1586 894 1686 929 φέγγος
1702 895 1830 930 ὀπωπῆς,

259 940 312 967 Vos
334 941 436 975 peccati
457 941 604 969 inscientes
631 942 762 970 dixissem
780 950 861 976 esse;
887 943 965 971 Nunc
982 952 1046 972 vero

256 987 343 1013 lucem
359 987 492 1019 videntes,
508 992 634 1016 errantes
651 989 719 1017 estis
740 993 768 1016 et
784 996 853 1023 vos;
868 990 939 1018 Caeci
955 996 1046 1019 autem

255 1033 322 1060 cstis
337 1037 426 1060 mente
444 1040 526 1067 quam
540 1033 628 1061 oculis
645 1034 707 1068 plus
733 1043 741 1061 :
757 1035 859 1069 quibus
880 1036 953 1064 enim
979 1037 1047 1065 viris

254 1076 370 1106 Peccata
381 1082 503 1111 manent,
521 1078 622 1107 frustra
637 1084 754 1107 cernunt
769 1081 870 1109 oculis.

568 1134 684 1162 CAPUT
710 1135 745 1163 Χ.

292 1189 300 1214 l
317 1187 478 1218 Tcsliﬁcans
490 1190 617 1219 immotus
633 1191 718 1219 Amen
733 1191 819 1220 Amen
835 1201 925 1222 sermo
936 1195 982 1227 sit,
993 1194 1046 1228 Qui

254 1235 395 1270 irrepscrit
412 1243 459 1270 per
473 1236 572 1263 ostium
587 1236 655 1264 bene
672 1237 769 1264 muniti
791 1239 871 1266 ovilis
884 1239 1044 1267 Abditarum

254 1281 356 1313 ovium,
384 1285 410 1308 et
425 1280 550 1315 superior
564 1281 673 1309 aliunde
686 1284 755 1316 repit
767 1283 846 1318 112
863 1283 915 1311 Per
931 1292 1044 1313 curvum

252 1326 400 1354 obscurum
417 1326 519 1353 aditum
531 1327 692 1360 ascendens,
706 1326 801 1356 Praedo
811 1333 854 1357 est
864 1330 908 1358 hic
919 1331 961 1358 vir
975 1339 1045 1365 pra:-

252 1371 359 1399 datorio
377 1371 444 1407 pede
458 1381 465 1399 :
481 1372 499 1398 2
513 1371 564 1405 Qui
579 1380 643 1399 vero
656 1373 789 1401 accedens
803 1382 857 1402 non
875 1381 1004 1404 curvatus
1017 1378 1045 1404 iu

252 1417 358 1444 caulam
379 1421 488 1445 erectus
507 1417 592 1450 venit,
608 1417 705 1446 Pastor
721 1418 766 1446 hic
780 1423 822 1448 est
837 1427 902 1449 oves
916 1428 1043 1456 pascens.

251 1462 269 1489 5
286 1462 409 1490 Vcnienti
425 1466 515 1489 autem
535 1466 659 1497 apertum
675 1463 776 1490 stabuli
795 1464 896 1492 ostium
915 1465 1044 1494 ostiarius

252 1508 349 1542 aperit.
361 1507 431 1535 Oves
440 1512 530 1535 autem
543 1512 741 1543 cognoscentes
752 1509 855 1536 saliunt
866 1511 938 1538 circa
952 1515 1045 1545 pasto-

1103 941 1205 976 ’Υμέας
1219 942 1382 977 ἀμπλακίης
1402 941 1557 976 ἀδαήμονας
1572 940 1682 967 ἔννεπον
1698 937 1767 967 είναι
1781 949 1788 956 ·

1097 987 1153 1015 Νῦν
1171 987 1200 1014 δὲ
1216 987 1288 1022 φόως
1304 987 1436 1022 ὁρόωντες
1451 986 1584 1022 ἀλήμονές
1595 987 1656 1012 ὲστε
1672 986 1719 1012 καὶ
1732 987 1813 1021 ὑμεῖς
1821 988 1837 1002 ν’

1097 1033 1198 1068 Τυφλοὶ
1209 1033 1231 1059 δ’
1243 1033 1305 1059 ἐστὲ
1315 1033 1368 1068 νόῳ
1381 1032 1525 1068 βλεφάρων
1538 1032 1629 1058 πλέον.
1641 1029 1703 1059 Οἴσι
1718 1032 1772 1067 γὰρ
1783 1032 1900 1068 ἀνδρῦν

1104 1078 1270 1114 ’Λμπλακίαι
1290 1077 1432 1114 μίμνουσι,
1451 1078 1540 1113 μάτην
1552 1078 1664 1112 ἀρόωσιν
1679 1078 1817 1109 ὀπωπαίς.

1425 1135 1504 1161 ΚΕΦ.
1521 1135 1550 1161 1’.

1132 1191 1143 1218 l
1165 1191 1313 1228 Μάρτυρος
1329 1189 1524 1225 ἀστυφέλικτος
1540 1188 1613 1225 ἀμὴν
1625 1189 1698 1225 ἀμὴν
1711 1189 1789 1224 λόγος
1802 1189 1890 1223 ἔστω,

1098 1237 1146 1269 Ὃς
1160 1246 1191 1264 κε
1206 1236 1350 1273 παραῖξειε
1367 1235 1453 1272 θύρην
1466 1234 1594 1271 εὐερκέος
1609 1235 1694 1271 αὐλῆς

1103 1282 1272 1317 Ἐνδομύχων
1283 1281 1438 1317 προϐάτων,
1455 1281 1500 1307 καὶ
1510 1280 1660 1316 ὑπέρτερος
1673 1279 1782 1307 ἄλλοθεν
1795 1279 1892 1314 ἕρπει,

1098 1328 1176 1363 113
1196 1328 1243 1360 Είς
1261 1327 1370 1362 σκολιὴν
1383 1326 1490 1362 ἀΐδηλον
1505 1326 1655 1361 ὲπηλυσίην
1668 1326 1834 1358 ἀναϐαίνων,

1096 1372 1219 1408 Ληῖστὴρ
1232 1372 1313 1399 πέλεν
1329 1369 1406 1403 οὗτος
1422 1371 1490 1407 ἀνὴρ
1506 1371 1628 1407 ληΐστορι
1644 1371 1746 1408 caput?

1094 1418 1112 1445 2
1133 1419 1181 1450 Ὃς
1196 1418 1225 1445 δὲ
1242 1417 1331 1454 μολὼν
1352 1418 1511 1452 ἄγναμπτος
1528 1418 1556 1448 ὲς
1577 1417 1667 1443 αὔλιον
1683 1417 1762 1452 ὄρθος
1788 1417 1896 1449 ἱκάνει,

1095 1463 1202 1499 Ποιμὴν
1215 1460 1292 1496 οὗτος
1311 1463 1361 1498 ἔφυ
1380 1463 1558 1499 μηλοτρόφος.
1576 1463 1594 1491 3
1614 1463 1768 1498 Ἐρχομένῳ
1780 1463 1811 1490 δὲ

1101 1510 1251 1546 ’Δμφαδίην
1268 1509 1396 1546 σταθμοῖο
1409 1509 1494 1546 θύρην
1509 1509 1652 1545 πυλαωρὸς
1664 1509 1778 1544 ἀνοίγει.

252 1560 308 1580 rem
324 1552 426 1580 Vocem
441 1553 596 1587 audientes;
613 1554 646 1581 ad
663 1555 828 1582 vestibulum
842 1559 932 1583 autem
949 1562 1040 1591 pastor

1101 1556 1176 1591 ιιῆλα
1189 1556 1217 1582 δὲ
1230 1555 1398 1590 γινώσκοντα
1414 1555 1621 1591 περισκαίρουσι
1633 1555 1731 1590 νομῆα,

251 1598 354 1634 Greges
375 1606 486 1634 pascere
507 1604 603 1627 evocat
621 1604 752 1628 consueta
775 1609 852 1629 voce.
873 1601 956 1629 Extra
971 1603 1042 1630 ovile

251 1649 342 1672 autem
368 1645 516 1680 gestientes
548 1653 613 1674 oves
639 1647 724 1674 ducit.
750 1646 768 1674 ι
793 1647 920 1675 Educens
947 1651 1039 1675 autem

250 1691 362 1725 quando
385 1698 494 1718 omnem
515 1693 725 1727 congregaverit
738 1692 862 1720 ordinem
881 1693 983 1728 gregis.
998 1693 1039 1720 Ad

251 1743 354 1771 pascua
375 1737 541 1764 venientium
564 1738 655 1764 ovium
680 1745 834 1773 prmcursor
854 1738 945 1772 vadit;
966 1737 1038 1766 Grex

250 1787 342 1810 autem
368 1783 547 1811 multiformis
568 1784 728 1819 retrogrado
753 1784 820 1818 pede
849 1783 963 1816 incedit,
995 1784 1036 1811 Ad

250 1828 359 1856 roscida
374 1832 450 1862 prata
463 1835 581 1863 sequens
595 1833 743 1864 pastorem.
762 1829 780 1856 5
791 1828 968 1864 Peregrinum
989 1836 1039 1856 au~

250 1876 303 1899 lem
326 1881 382 1900 non
407 1873 522 1900 audiunt
536 1877 564 1901 et
580 1879 648 1900 non‘
666 1877 802 1900 noverunt
828 1873 923 1901 audire
949 1873 1038 1901 Alieni

249 1917 375 1944 vocantis
389 1917 579 1945 inconsuetam
597 1918 715 1952 pastoris
731 1925 836 1950 vocem,
854 1918 907 1946 Sed
925 1923 1038 1954 prater-

249 1966 360 1988 euutem
381 1962 505 1996 spurium
521 1962 629 1998 fugiunt
646 1967 794 1998 pastorem.

284 2007 300 2034 6
317 2007 383 2035 Tale
402 2008 513 2035 verbum
536 2009 660 2035 recitavit
680 2009 864 2043 proverbiale;
887 2009 960 2036 circa
980 2015 1039 2035 ser-

248 2060 356 2081 moneru
383 2058 472 2081 autem
502 2053 622 2089 Populus
639 2054 796 2087 haesitabat,
815 2058 842 2082 et
865 2063 919 2082 non
942 2053 1039 2082 didicit

248 2107 331 2134 prope
337 2099 452 2127 audiens
459 2099 586 2128 Christus
593 2100 708 2128 obscura
718 2108 779 2136 qua:
787 2100 855 2128 dixit
861 2100 953 2128 divina
960 2107 1038 2128 voce.

1094 1601 1218 1637 ψθογγῆς
1227 1602 1362 1628 είσαῖοντα
1373 1609 1381 1617 ·
1397 1601 1472 1637 παρὰ
1486 1599 1645 1636 προθύροισι
1657 1599 1685 1627 δὲ
1701 1600 1806 1636 ποιμὴν

1095 1645 1174 1672 Πώεα
1190 1646 1342 1681 ποιμαίνειν
1357 1644 1550 1681 προκαλίζεται
1564 1645 1647 1680 ὴθάδι
1665 1645 1752 1680 φωνῇ.

1096 1689 1207 1717 Ἔκτοθι
1219 1690 1248 1717 δὲ
1262 1689 1392 1726 σταθμοῖο
1406 1689 1541 1725 γεγηθότα
1556 1689 1627 1725 μῆλα
1641 1689 1758 1724 κομίζει.

1093 1737 1111 1764 4
1135 1735 1293 1770 Ἐξαγαγὼν
1315 1735 1337 1762 δ⁸
1352 1736 1396 1762 ὅτε
1410 1735 1500 1762 πᾶσαν
1514 1735 1641 1771 ἀολλίσσῃ
1660 1735 1739 1769 στίχα
1756 1734 1888 1770 ποίμνης,

1098 1782 1142 1813 Ἐς
1157 1782 1237 1816 νομὸν
1249 1781 1404 1817 ἐρχομένων
1417 1780 1480 1808 ότων
1497 1780 1677 1816 προκέλευθος
1691 1779 1780 1807 ὁδεύει

1093 1827 1198 1863 Ποίμνη
1216 1827 1238 1854 δ’
1253 1828 1436 1860 αἰολόμορφος
1449 1826 1623 1862 όπισθοπόρῳ
1639 1826 1699 1853 ποδὶ
1714 1826 1811 1862 βαίνει,

1092 1873 1140 1904 Et;
1153 1873 1299 1907 δροσεροῑις
1313 1872 1450 1907 λειμῶνας
1467 1871 1636 1907 ὀπηδεύουσα
1648 1872 1739 1907 νομῆῖ.

1093 1918 1109 1944 5
1123 1918 1216 1945 Ξείνου
1229 1917 1251 1943 δ’
1262 1918 1311 1944 οὐκ
1326 1918 1425 1948 ἁῖουσι,
1439 1917 1487 1944 καὶ
1501 1917 1530 1944 οὑ
1547 1917 1670 1944 δεδάασιν
1689 1917 1812 1951 ἀκούειν,

1099 1961 1251 1997 ’Δλλοτρίου
1270 1961 1412 1993 καλέοντος
1429 1961 1516 1997 ἀήθεα
1529 1962 1659 1996 ποιμένος
1677 1961 1772 1997 αὐδὴν,

1098 2008 1179 2034 Ἀλλά
1193 2008 1380 2043 παραϊσσοντα
1397 2007 1473 2034 νόθον
1488 2007 1619 2042 φεύγουσι
1639 2009 1738 2043 νομῆα.

1125 2052 1142 2080 6
1155 2053 1233 2079 Τοῖον
1245 2052 1310 2084 ἔπος
1321 2053 1449 2086 κατέλεξε
1462 2053 1648 2088 παράτροπον.
1669 2052 1752 2088 ’Δμφὶ
1764 2052 1793 2079 δὲ
1805 2053 1879 2090 μύθῳ

1093 2098 1165 2130 Δαδς
1179 2098 1380 2133 ἀμηχανέεσκε,
1395 2096 1443 2124 καὶ
1455 2098 1486 2125 οὐ
1505 2097 1590 2134 μάθεν
1606 2097 1688 2133 ἐγγὺς
1703 2097 1811 2126 ἀκούων

848 2169 991 2197 TEXTUS
1011 2167 1276 2197 EVANGELISTIE.

281 2240 315 2268 57
332 2235 399 2266 Eine
415 2239 444 2266 δὲ
457 2238 532 2274 αύτῷ
542 2239 557 2266 ό
582 2239 702 2275 Ἰησοῦςα
726 2240 781 2267 Καὶ
798 2240 924 2276 ἑώρακας
943 2241 1036 2275 αὑτὸν,
1053 2244 1075 2272 Ῐ)
1089 2241 1140 2275 τῆς
1156 2240 1241 2276 θύρας
1255 2241 1296 2272 είς
1313 2239 1362 2276 τὴν
1381 2239 1466 2275 αὐλὴν
1480 2239 1537 2266 τῶν
1553 2239 1706 2275 προϐάτων,
1729 2239 1797 2267 ἀλλὰ
1809 2239 1871 2268 ἀνα-

247 2282 294 2309 xiv.
305 2283 318 2309 ὁ
331 2281 419 2308 λαλῶν
435 2282 503 2316 μετά
515 2281 572 2314 σοῦ,
589 2282 691 2313 ἐκεῖνός
706 2283 789 2309 ἐστιν.

280 2325 314 2352 58
333 2324 362 2350 '0
376 2323 403 2350 δὲ
416 2323 469 2360 εφη
481 2331 488 2338 ·
506 2323 640 2356 Πιστεύω,
654 2324 750 2360 Κύριε,
767 2324 814 2351 καὶ
831 2325 1034 2362 προσεκύνησεν

245 2376 329 2402 αυτῳ.

280 2409 314 2436 59
331 2409 386 2437 Καὶ
412 2407 488 2434 εἶπεν
500 2407 515 2434 ό
535 2406 654 2443 Ἰησοῦς·
683 2408 730 2439 Εἰς
751 2409 837 2443 κρῖμα
857 2408 912 2443 ἐγὼ
934 2411 974 2441 εἰς
989 2409 1033 2436 τὸν

245 2451 347 2486 κόσμον
358 2449 452 2476 τοῦτον
464 2447 562 2485 ἦλθον·
587 2449 631 2476 ἵνα
651 2449 676 2476 οὶ
693 2449 730 2485 μὴ
742 2449 886 2484 βλέποντες
903 2450 1032 2486 βλέπωσι,

245 2493 291 2518 καὶ
303 2492 328 2518 οἰ
343 2491 488 2526 βλέποντες
504 2491 599 2526 τυφλοὶ
615 2491 757 2526 γένωνται.

280 2533 315 2560 40
336 2533 390 2558 Καὶ
406 2532 525 2567 ἤκουσαν
548 2533 581 2559 ἐκ
596 2532 650 2560 τῶν
662 2533 816 2569 Φαρισαίων
839 2534 925 2561 ταῦτα
949 2535 974 2561 oi
989 2535 1033 2562 ὅν-

243 2583 289 2606 τες
304 2575 362 2609 μετ’
379 2573 472 2608 αὑτοῦ,
494 2575 540 2601 καὶ
558 2573 635 2602 εἷπον
649 2574 742 2611 αύτῷ·
760 2575 807 2612 Μὴ
827 2576 873 2602 καὶ
891 2578 971 2612 ἡμεῖς
985 2586 1031 2604 τυ-

244 2615 303 2651 φλοί
318 2616 401 2651 ἐσμεν
411 2623 419 2649 ;
1006 2623 1009 2627 ‘

278 2658 308 2684 Η
327 2656 411 2684 Εἶπεν
427 2658 518 2690 αὐτοῖς
533 2659 547 2684 ὁ
567 2658 670 2694 Ἰησοῦς
683 2668 690 2675 ’
711 2660 741 2687 ΕΞ
752 2661 847 2696 τυφλοὶ
859 2660 918 2698 ἦτε,
932 2662 983 2688 οὐκ
997 2661 1030 2689 ἂν

243 2699 330 2740 εξχετε
354 2700 506 2736 ἁμαρτίαν·
532 2701 579 2726 νῦν
595 2700 623 2726 δὲ
639 2701 732 2736 λέγετε
742 2711 749 2718 σ
769 2702 830 2731 ’Ὁτι
845 2703 993 2739 βλέπομεν·
1012 2705 1029 2740 ἡ

241 2739 289 2767 οὖν
299 2741 421 2777 ἁμαρτία
433 2740 510 2767 ὑμῶν
527 2741 612 2774 μένει.

571 2802 650 2830 ΚΕΦ.
671 2806 699 2832 ι’.

282 2854 293 2880 ι
324 2855 408 2891 ’Λμὴν
426 2855 498 2891 ἀμὴν
518 2856 588 2891 λέγω
601 2855 675 2892 ὑμῖν,
687 2860 701 2885 ό
719 2859 756 2895 μὴ
778 2861 969 2897 εἰσερχόμενος
987 2862 1030 2890 διὰ

1085 2282 1185 2310 ϐαίνων
1198 2282 1357 2317 ἀλλαχόθεν,
1373 2282 1474 2313 ἐκεῖνος
1491 2281 1611 2316 κλέπτης
1626 2281 1686 2308 ἐστὶ
1704 2282 1750 2308 καὶ
1765 2282 1872 2317 λῃστής.

1119 2334 1138 2361 2
1156 2335 1185 2360 ὐ
1200 2334 1229 2360 δὲ
1248 2333 1437 2369 εἰσερχόμενος
1455 2333 1500 2360 διὰ
1510 2333 1560 2368 τῆς
1577 2332 1672 2369 θύρας,
1693 2334 1798 2369 ποιμήν
1818 2335 1871 2361 ἐστι

1083 2375 1140 2402 τῶν
1158 2375 1314 2411 προϐάτων,

1119 2422 1137 2449 3
1151 2421 1244 2457 Τούτῳ
1258 2422 1272 2447 ὁ
1289 2420 1412 2456 θυρωρὸς
1424 2421 1538 2455 ἀνοίγει,
1555 2421 1603 2448 καὶ
1627 2420 1662 2447 τὰ
1683 2419 1808 2456 πρόϐατα
1825 2421 1870 2454 τῆς

1085 2464 1177 2499 φωνῆς
1205 2462 1288 2490 αὑτοῦ
1310 2462 1421 2489 ἀκούει·
1449 2463 1496 2490 καὶ
1517 2463 1553 2490 τὰ
1575 2463 1630 2489 [δια
1653 2462 1778 2498 πρόϐατα
1801 2462 1869 2488 καλεί

1086 2506 1147 2533 κατ’
1163 2505 1259 2540 όνομα,
1273 2504 1320 2532 καὶ
1335 2504 1427 2539 ἐξάγει
1440 2505 1521 2532 αὺτά.

1120 2558 1137 2585 4
1159 2556 1211 2584 Καὶ
1225 2557 1290 2583 ὅταν
1311 2555 1346 2582 τὰ
1372 2556 1426 2583 ἴδια
1448 2556 1570 2592 πρόῦατα
1591 2556 1704 2592 ἐκϐάλῃ,
1725 2555 1868 2591 ἔμπροσθεν

1083 2599 1173 2626 αὐτῶν
1196 2597 1342 2634 πορεύεται
1353 2606 1360 2613 θ
1378 2598 1425 2624 καὶ
1443 2599 1478 2626 τὰ
1494 2598 1617 2635 πρόϐατα
1636 2597 1711 2633 αὐτῷ
1726 2597 1867 2629 ἀκολουθεῖ,

1082 2643 1123 2669 ἅιι
1135 2641 1222 2668 οἴδασι
1235 2640 1284 2676 τὴν
1295 2639 1385 2676 φωνὴν
1399 2639 1492 2668 αὑτοῦ.

1117 2689 1134 2717 5
1155 2687 1302 2724 Ἀλλοτρίῳ
1319 2688 1348 2715 δὲ
1372 2689 1402 2715 οὺ
1421 2689 1459 2724 μὴ
1481 2687 1710 2723 ἀκολουθήσωσιν⁹
1725 2686 1791 2713 ἀλλὰ
1807 2686 1864 2722 φεύ-

1082 2731 1172 2764 ξονται
1188 2730 1234 2758 ἀπ’
1249 2730 1331 2758 αὑτοῦ
1341 2738 1349 2746 '
1363 2729 1405 2757 ὃτι
1424 2730 1473 2758 οὐκ
1488 2730 1575 2758 οἴδασι
1592 2729 1647 2756 τῶν
1661 2727 1805 2764 ἀλλοτρίων
1821 2728 1864 2762 τὴν

1082 2773 1185 2808 φωνήν.

1117 2821 1134 2847 6
1147 2820 1254 2856 Ταύτην
1280 2820 1329 2856 τὴν
1353 2819 1502 2856 παροιμίαν
1526 2816 1602 2846 εἴπεν
1619 2817 1711 2848 αὐτοῖς
1727 2817 1742 2843 ὸ
1763 2815 1863 2852 Ἰησοῦς,

1083 2863 1181 2890 ἐκεῖνοι
1196 2862 1225 2889 δὲ
1239 2862 1289 2890 οὐκ
1307 2862 1428 2898 ἔγνωσαν
1444 2862 1503 2890 τίνα
1519 2859 1551 2898 ἦν
1566 2861 1583 2889 ἃ
1596 2860 1684 2888 ἐλάλει
1697 2859 1796 2892 αὐτοῖς·
