1953 3040
64 215 184 252 Χριστὸς
200 215 349 251 ἀσημάντῳ
364 215 451 250 τάπερ
463 216 558 243 ἔννεπε
571 217 676 245 θέσπιδι
689 218 776 253 φωνῇ.

102 261 118 286 7
137 259 241 295 Ἰησοῦς
251 259 274 286 δ’
288 260 419 295 ἀγόρευεν
433 259 554 297 ἀριζήλῳ
568 263 621 289 τινὶ
637 262 724 298 μύθῳ·

65 307 204 338 Πάνδοκός
217 307 274 341 είμι
286 305 355 341 θύρη
368 306 512 342 προϐάτων
536 307 715 342 πολυχανδέος
728 307 822 343 αὐλῆς.

64 353 83 379 8
101 352 205 384 Πάντες
220 351 277 378 ὅσοι
293 351 381 387 πάρος
394 349 476 387 ἦλθον
490 353 686 380 ὑποκλέπτοντι
701 353 811 390 πεδίλῳ,

63 398 161 434 ψῶρες
173 398 239 425 ἔσαν
254 398 390 430 δολόεντες
402 406 409 413 ·
423 398 485 425 ὅθεν
496 398 618 435 ληϊστορι
635 400 710 435 φωνῇ

67 444 164 470 Αὐτῶν
180 443 374 480 φθεγγομένων
387 444 438 472 οὐκ
451 445 531 473 ἔκλυε
546 445 624 473 πώεα
638 445 765 481 ποίμνης.

67 491 85 517 9
104 489 242 522 Πάνδοκός
255 491 314 526 είμι
328 489 397 526 θύρη
415 491 563 526 μηλοσσόος
572 500 578 507 ·
594 491 730 527 ἡμετέρης
743 491 771 518 δὲ

66 535 119 567 ’ος
136 544 183 562 κεν
196 535 243 563 ἰὼν
254 536 286 562 δι’
300 537 377 571 ἐμεῖο
391 536 477 572 θύρην
493 537 656 565 ὑποδύσεται
670 537 770 572 αὐλῆς,

67 578 155 613 Οὗτος
172 580 227 608 ἔσω
244 581 354 618 στείχει,
370 582 417 609 καὶ
429 583 582 618 ὑπότροπος
595 581 671 615 αὖτις
684 583 780 615 ὁδεύει,

68 627 125 654 Καὶ
141 627 222 662 νομὸν
238 628 360 662 εὑρήσει,
379 627 426 655 καὶ
439 628 547 660 ἀείσοος
559 628 667 655 ἔσσεται
682 628 761 664 ἀνήρ.

72 673 106 700 10
119 672 245 709 Ληῖστὴρ
258 673 280 699 δ’
295 672 403 708 ἀΐδηλος
417 674 446 705 ὲς
457 673 546 700 αὔλιον
562 673 658 701 οὖτιοτε
675 672 771 708 βαίνει,

70 719 102 744 El
119 718 156 754 μὴ
169 718 212 745 ἵνα
223 718 348 754 κλέψειεν
367 719 537 755 ἀμάρτυρος,
553 719 569 754 ἢ
587 719 634 746 καὶ
646 719 754 754 ὀλέσσῃ,

76 764 125 791 Ὴὲ
135 764 308 799 διατμήξειεν
323 764 427 798 ἀφειδέῖ
448 765 520 801 μῆλα
537 765 668 801 μαχαίρῃ.

69 809 167 845 Αὐτὰρ
181 809 236 843 ἐγὼ
249 809 323 846 παρὰ
336 810 451 846 Πατρδς,
468 811 542 842 ὅπως
558 810 613 845 ὲμά
626 811 699 845 μῆλα
715 809 822 842 σαώσω,

72 855 191 883 Ἦλυθον
203 864 210 872 ·
231 856 304 892 ὄφρα
318 856 423 892 λάχοιεν
438 857 573 893 ἀλωφήτῳ
584 857 638 883 τινὶ
652 858 718 892 τιμῇ

72 901 151 936 Ζωὴν
165 901 327 937 ἐσσυμένην,
339 902 389 938 τὴν
403 902 433 929 οὐ
450 902 546 938 χρόνος
560 900 629 929 οῐδεν
640 902 759 933 ὀλέσσαι,

553 156 794 186 PAMPIIBASIS
812 157 845 184 ΙΝ
865 156 1034 187 JOANNEM.
1053 173 1087 179 —
1101 157 1177 186 CAP.
1198 157 1232 186 X.

1644 159 1699 188 834

875 219 895 247 A
944 218 959 244 'l
973 217 1053 246 Jesus
1065 221 1155 245 autem
1168 216 1237 244 dixit
1251 216 1349 244 illustri
1360 216 1477 251 quodam
1491 224 1632 246 sermone:
1646 218 1698 247 llo-

910 264 1006 300 spirale
1014 272 1074 292 sum
1083 265 1183 293 ostium
1192 264 1283 292 ovium
1292 264 1464 299 capacissimi
1473 265 1564 293 ovilis.
1572 264 1588 292 8
1595 265 1697 294 Omnes

909 317 1042 349 quotquot
1062 317 1142 341 antea
1167 316 1300 341 venerunt
1323 313 1478 340 occultante
1504 313 1582 347 pede,
1611 312 1698 342 Fures

909 365 986 388 erant
996 361 1093 394 dolosi,
1100 361 1172 388 unde
1179 361 1329 396 prwdatitia
1338 368 1404 389 voce
1413 359 1486 395 Ipsos
1495 360 1636 394 loquentes
1643 368 1697 388 non

909 409 1071 436 audiverunt
1089 416 1194 444 greges.
1214 409 1230 436 9
1244 407 1343 436 Omnes
1360 407 1496 442 recipiens
1511 415 1570 434 sum
1586 408 1696 440 ostium,

909 465 973 486 oves
990 466 1116 491 servans;
1132 459 1222 487 nostri
1250 461 1341 484 autem
1355 456 1518 490 Quicunque
1532 455 1634 483 vadens
1651 464 1700 490 per

910 513 953 533 me
976 506 1076 534 ostium
1093 505 1207 533 subierit
1222 504 1312 537 ovilis,
1339 503 1389 531 llic
1409 504 1502 534 intrat,
1524 506 1551 530 et
1573 511 1699 530 reversus

909 555 1007 583 iterum
1019 555 1128 588 incedit,
1139 554 1171 581 Et
1183 561 1284 590 pascua
1297 552 1427 584 inveniet,
1441 555 1468 579 et
1481 559 1590 587 semper
1605 552 1702 579 vivens

910 604 962 632 erit
976 605 1026 631 vir.
1043 604 1076 631 10
1091 603 1184 631 Prmdo
1199 606 1289 631 autem
1305 609 1412 629 nocuus
1427 601 1455 628 in
1470 601 1542 628 ovile
1559 607 1702 634 nunquam

910 652 1026 686 scandit,
1037 651 1094 680 Nisi
1106 655 1136 680 ut
1151 651 1256 679 furetur
1273 650 1334 679 sine
1348 653 1417 677 teste
1430 647 1468 684 [id
1476 651 1534 680 est,
1551 646 1645 683 clam],
1658 647 1702 674 vel

911 700 1024 734 perdat,
1047 699 1094 727 Vel
1122 699 1260 733 discerpat
1282 705 1338 727 non
1360 699 1490 732 parcente
1511 703 1576 723 oves
1598 694 1700 729 gladio.

911 747 963 776 Sed
986 756 1037 783 ego
1052 757 1066 777 a
1083 748 1173 780 Patre,
1190 751 1220 776 ut
1236 755 1311 775 mea:
1332 754 1398 774 Oves
1421 752 1540 777 servem,
1568 743 1648 776 Veni,
1672 748 1702 770 ut

909 797 1052 832 acquirant
1072 796 1247 825 indesinenle
1267 795 1385 831 quadam
1405 794 1492 830 gloria
1513 792 1604 820 Vitam
1628 792 1702 820 futu-

910 853 981 878 ram,
997 854 1079 881 quam
1097 850 1206 881 tempus
1224 845 1312 873 nescit
1333 843 1457 879 perdere,
1475 842 1554 877 115
1566 842 1599 868 Et
1613 842 1702 868 abun—

876 897 897 924 B
911 893 1022 923 dantius
1035 895 1159 936 ‘habeant
1176 894 1273 929 magis.
1297 893 1327 920 11
1346 891 1412 918 Sum
1434 894 1524 917 autem
1542 895 1636 925 pastor
1651 889 1704 915 Bo-

71 935 188 983 ῙῙΕΗ
200 935 247 974 ‘Hs
257 935 385 982 περισσόν
393 935 478 983 ἔχοιεν
491 947 648 984 ὑπέρτερον.
656 948 720 983 Είμὶ
726 948 754 974 δὲ
763 945 848 982 ποιμὴ

918 950 969 971 nus
984 935 1050 978 ego:
1069 946 1163 978 pastor
1184 945 1274 968 autem
1296 940 1385 967 bonus
1398 946 1462 966 oves
1477 938 1646 968 custodiens,
1669 935 1703 962 Et

70 991 162 1023 Καλὸς
173 991 229 1026 ἐγώ
239 1000 248 1008 ι
261 992 362 1028 ποιμὴν
372 992 401 1019 δὲ
415 992 496 1025 καλὸς
512 992 575 1027 περὶ
588 991 660 1028 μῆλα
673 992 827 1027 φυλάσσων,

71 1037 128 1064 Καὶ
145 1037 234 1073 ψυχῆς
250 1038 319 1073 ἰδίης
331 1038 361 1065 οὐ
376 1038 506 1073 φείδεται,
517 1038 586 1065 ἀλλά
600 1038 614 1064 ἐ
630 1038 707 1073 θήσει

71 1083 176 1118 Λύτρον
187 1083 238 1110 ἑῶν
249 1083 322 1110 ὀΐων.
332 1083 377 1115 12,
390 1084 425 1112 15
436 1084 498 1112 ὀδὲ
510 1084 614 1120 μίσθιος
624 1084 654 1110 οὐ
671 1083 734 1110 πέλε
746 1085 847 1123 ποιμὴν
855 1091 861 1098 ·

70 1127 152 1162 Δὴῖον
168 1126 359 1163 ἀγχικέλευθον
374 1128 435 1155 ἰδὼν
449 1127 530 1156 λύκον
543 1128 656 1165 ἀρπαγα
673 1128 774 1164 μήλων,

72 1174 203 1210 Κρυπτὸς
215 1174 375 1207 ἀλυσκάζων
386 1174 541 1206 ὑποδύεται,
557 1174 620 1207 ὀξὺς
634 1174 717 1206 ἐάσας

73 1221 250 1256 Βοσκομένων
262 1221 406 1256 ἀφύλακτα
422 1220 580 1249 πολύπλανα
596 1220 671 1247 πώεα
689 1220 795 1255 μήλων·

71 1267 201 1303 Κρυπτδς
212 1266 371 1299 ἀλυσκάζων
387 1266 544 1294 ὑποδύεται·
562 1267 612 1293 οὐκ
624 1267 714 1300 ἀλέγει
729 1265 757 1293 δὲ

72 1312 176 1348 Ηήλων
187 1312 342 1348 ἀλλοτρίων,
356 1313 398 1340 ὅτι
416 1312 521 1348 μίσθιος
532 1311 612 1344 αὐτὸς
627 1311 729 1339 ἀκούει.

72 1359 129 1384 Καὶ
142 1357 222 1390 λύκος
236 1358 421 1394 ἀγκυλόμητις
433 1357 576 1393 ἐπέρχεται
591 1357 696 1393 ἅρπαγι
709 1357 800 1393 λαιμῷ

72 1403 154 1438 Μῆλα
164 1403 353 1435 διασκεδάσας,
368 1402 538 1439 σημάντορος
551 1402 582 1429 οὺ
595 1402 754 1438 παρεόντος.

76 1449 119 1481 Η,
133 1449 166 1476 15
178 1449 282 1485 Ποιμήν
297 1448 379 1480 καλὸς
393 1447 472 1484 ἔφυν,
486 1448 533 1475 καὶ
545 1447 621 1474 πώεα
631 1446 701 1474 καλὰ
716 1445 831 1482 νομεύω.

74 1493 203 1521 Γινὼσκω
217 1494 241 1521 δ’
253 1494 308 1529 ὲμά
319 1493 401 1529 μῆλα,
417 1495 463 1520 καὶ
476 1493 563 1529 ἠθάδα
576 1493 747 1529 μηλοϐοτῆρα

74 1538 169 1566 Ταῦτά
184 1546 218 1574 με
231 1537 411 1572 γινώσκουσιν
423 1539 473 1574 ῐσῳ
487 1537 625 1572 διδυμάονι
637 1537 745 1572 θεσμῷ·

79 1584 124 1615 Ὠς
135 1583 250 1619 Γενέτης
260 1583 328 1610 νοέει
340 1592 385 1618 με,
400 1583 447 1610 καὶ
460 1583 498 1615 ὡς
511 1582 578 1609 νοὲω
587 1582 732 1617 Γενετῆρα.

75 1629 172 1665 Ψυχὴν
184 1629 206 1656 δ’
219 1629 356 1665 ἡμετέρην
367 1629 432 1655 ὀΐων
450 1628 522 1664 ὓπερ
531 1628 629 1655 αὐτίκα
645 1627 735 1663 θήσω.¹

77 1674 111 1701 16
120 1675 198 1701 Ἐστι
212 1673 334 1710 μὲν,ἐστι
347 1674 393 1703 καὶ
407 1674 475 1701 ἄλλα
489 1673 644 1708 πολύτροπα
653 1672 727 1700 πώεα
739 1671 865 1708 ποίμνης,

76 1719 186 1756 Ταύτης
200 1720 231 1746 οὐ
244 1720 371 1756 γεγαῶτα
385 1719 450 1755 μιῆς
465 1719 639 1754 θεοδέγμονος
652 1717 747 1753 αὐλῆς,

83 1765 226 1802 Ἀλλογενῆ
237 1774 244 1781 ·
257 1765 304 1793 καὶ
317 1765 403 1792 ταῦτα
417 1764 492 1792 πέλει
506 1764 586 1800 χρέος
602 1764 639 1796 ὥς
652 1772 698 1790 κεν
709 1762 811 1798 ἀγείρω

76 1811 204 1846 Φθογγῆς
219 1811 358 1847 ἡμετέρης
375 1810 506 1846 ἀριήκοα·
523 1811 570 1837 καὶ
584 1809 632 1845 μία
645 1809 744 1845 ¹ιιιοίμνη

78 1855 208 1883 Ἐσσεται
224 1854 418 1890 ἀμφοτέρωθεν
430 1854 490 1885 ἑνὸς
503 1854 648 1881 τελέθουσα
660 1853 771 1888 νομῆας.

78 1903 111 1930 17
125 1901 201 1928 Τοῦδ¹
218 1901 309 1928 ἕνεκεν
324 1900 409 1935 φιλέει
434 1909 467 1935 με
482 1899 574 1935 Πατὴρ
586 1899 661 1934 ὲμδς,
677 1898 775 1926 οὕνεκα
792 1897 866 1933 θήσω

76 1947 174 1982 Ψυχὴν
187 1945 323 1981 ἡμετέρην
338 1944 400 1971 ὀΐων
416 1943 496 1979 ὓπερ,
509 1943 581 1979 όφρα
594 1951 640 1977 μιν
650 1942 720 1977 αἴρω

77 1993 125 2024 Εἰς
136 1991 186 2026 ἐμὲ
202 1989 379 2025 νεισσομένην
390 1988 586 2025 παλινάγρετον
594 1995 600 2002 ·
613 1987 646 2014 18
655 1985 717 2014 οὐδέ
728 1994 771 2017 τις
781 1984 866 2020 αὐτὴν

77 2037 184 2073 Θεσμδς
197 2035 350 2072 ἀφαιρεῖταί
368 2044 402 2072 με
418 2034 564 2070 γενέθλιος,
580 2033 610 2061 οὐ
625 2033 719 2069 χρόνος
736 2032 839 2068 ἕρπων,

913 991 977 1018 vitae
991 991 1109 1025 propriae
1124 997 1178 1017 non
1197 989 1295 1024 parcit,
1312 987 1359 1014 sed
1377 986 1464 1021 ipsam
1482 983 1701 1020 ponet'Pretium

913 1037 1108 1073 redemptionis
1122 1045 1172 1073 pro
1188 1037 1247 1065 suis
1262 1035 1369 1064 ovibus.
1399 1033 1442 1067 1‘2,
1459 1032 1492 1060 15
1512 1031 1702 1060 .‘llcrccnarius

913 1090 1004 1114 autem
1025 1094 1079 1113 non
1095 1089 1138 1113 est
1166 1079 1703 1121 pastor;llostilcmpropinquumvidens

912 1135 1007 1170 lupum
1031 1138 1167 1171 raptorem
1184 1133 1288 1164 ovium,
1305 1132 1437 1160 Occultus
1453 1130 1560 1166 fugiens
1575 1127 1704 1156 subducit

913 1191 953 1215 se,
982 1183 1054 1210 celer
1082 1182 1241 1217 relinquens
1268 1180 1444 1208 Pascentium
1471 1186 1525 1206 non
1550 1176 1704 1204 custoditos

913 1231 1028 1258 multum
1051 1233 1175 1258 errantes
1196 1237 1292 1266 greges
1317 1228 1419 1256 ovium.
1442 1227 1573 1254 OcCultus
1598 1224 1705 1259 fugiens

913 1279 1042 1307 subducit
1066 1287 1113 1311 se;
1133 1286 1186 1305 non
1212 1282 1290 1306 curat
1315 1280 1378 1306 ante
1404 1275 1475 1303 Oves
1500 1274 1615 1305 alienas,
1640 1272 1705 1307 quia

914 1327 1102 1356 mercenarius
1124 1327 1183 1362 ipse
1209 1325 1320 1354 dicitur.
1344 1324 1377 1352 Et
1396 1324 1477 1358 lupus
1503 1325 1632 1349 versutus
1659 1326 1706 1354 ag-

914 1376 1038 1412 greditur
1065 1375 1156 1410 rapaci
1180 1378 1290 1410 gutture
1315 1372 1388 1400 Oves
1412 1370 1567 1405 dissipans.
1593 1370 1707 1403 pastore

913 1432 968 1453 non
983 1427 1129 1460 prasente.
1144 1423 1188 1454 1-1,
1206 1422 1240 1450 15
1253 1422 1352 1449 Pastor
1365 1421 1456 1448 bonus
1471 1426 1543 1451 sum,
1565 1421 1593 1445 et
1609 1423 1707 1452 greges

913 1473 1002 1500 bonos
1018 1479 1113 1507 pasco.
1128 1470 1272 1505 Cognosco
1297 1472 1389 1496 autem
1410 1474 1486 1497 meas
1507 1473 1583 1498 oves,
1598 1468 1625 1492 et
1639 1471 1706 1492 con-

914 1524 1023 1548 suetum
1044 1519 1191 1555 opilionem
1213 1517 1266 1545 Illae
1286 1524 1330 1544 me
1346 1517 1517 1550 cognoscunt
1539 1512 1637 1547 aequali
1659 1511 1707 1538 du-

883 1573 905 1602 c.
921 1567 984 1603 plici
1001 1568 1079 1601 lege:
1095 1566 1172 1594 Sicut
1186 1566 1266 1592 Pater
1281 1564 1356 1591 novit
1373 1570 1428 1596 me,
1447 1566 1475 1590 et
1487 1561 1558 1591 sicut
1575 1559 1637 1587 novi
1656 1559 1708 1586 Pa-

917 1620 999 1645 trem.
1014 1615 1103 1643 Vitam
1121 1620 1211 1643 autem
1227 1617 1350 1644 nostram
1369 1619 1419 1646 pro
1436 1611 1535 1638 ovibus
1552 1609 1645 1636 statim
1661 1615 1707 1643 po-

917 1672 993 1693 nam.
1011 1664 1044 1691 16
1056 1663 1127 1691 Sunt
1141 1670 1207 1690 vero
1221 1665 1248 1690 et
1260 1662 1305 1690 alii
1322 1661 1391 1689 varii
1407 1667 1511 1695 greges,
1527 1659 1566 1686 Ex
1586 1658 1638 1686 hoc
1651 1664 1706 1684 non

917 1717 970 1744 orti
986 1724 1041 1745 uno
1053 1716 1138 1744 Deum
1159 1714 1309 1749 recipiente
1324 1713 1406 1745 ovili.
1420 1711 1597 1746 Alienigena};
1617 1713 1643 1737 et
1656 1709 1708 1736 hos

916 1772 959 1799 est
975 1775 1090 1797 necesse
1106 1771 1135 1795 ut
1147 1773 1311 1801 congregem
1323 1764 1424 1792 Vocem
1441 1766 1535 1790 nostra
1555 1765 1634 1789 acute
1658 1768 1708 1787 au-

917 1820 1039 1851 dientes;
1056 1822 1084 1846 et
1101 1825 1173 1845 unus
1185 1824 1250 1852 grex
1263 1815 1320 1842 Erit
1334 1814 1462 1849 utrinque
1478 1813 1559 1840 unius
1570 1812 1707 1839 exsistens

916 1871 1047 1907 pastoris.
1066 1869 1099 1896 17
1123 1868 1238 1903 Propter
1260 1867 1313 1894 hoc
1335 1866 1424 1901 diligit
1449 1873 1494 1892 me
1515 1863 1596 1891 Pater
1618 1870 1705 1894 meus,

919 1923 991 1959 quod
1006 1929 1103 1957 ponam
1123 1919 1213 1947 Vitam
1233 1924 1354 1946 nostram
1377 1924 1426 1953 pro
1447 1916 1554 1948 ovibus,
1573 1918 1602 1941 ut
1618 1914 1707 1949 ipsam

920 1976 1050 2011 accipiam
1063 1974 1102 2001 Ad
1115 1981 1157 2001 me
1169 1972 1326 2000 redeuntem
1337 1978 1434 1998 rursus
1448 1969 1589 1997 collectam
1601 1967 1706 1995 :18ne-

919 2037 972 2065 que
983 2026 1127 2062 ullaipsam
1136 2024 1200 2053 mihi
1208 2023 1261 2052 Lex
1271 2023 1535 2057 aufertuatalismon
1543 2027 1652 2055 tempus
1664 2027 1706 2048 re-

675 2119 815 2150 TEXTUS
833 2114 1098 2146 EVANGELISTAL.

113 2207 131 2234 Ἰ
146 2203 232 2233 Εἶπεν
248 2202 294 2232 οὖν
309 2205 390 2233 πάλιν
409 2204 500 2236 αὐτοῖς
517 2203 531 2230 6
551 2202 654 2238 Ἰησοῦς
664 2210 672 2217 '
690 2200 776 2236 Ἀμὴν
794 2199 867 2236 ἀμὴν
882 2200 905 2230 ι)
918 2199 949 2226 οὺ
964 2197 1040 2233 μέλει
1054 2194 1129 2230 αὕτῷ
1145 2194 1208 2230 περὶ
1223 2193 1278 2221 τῶν
1292 2192 1446 2229 προϐάτων.

76 2249 151 2283 λέγω
166 2248 241 2283 ὑμῖν,
257 2247 362 2281 ὅτιὲγώ
377 2247 434 2281 είμι
451 2246 468 2281 ἡ
484 2245 553 2280 θύρα
569 2245 623 2271 τῶν
642 2243 796 2278 προϐάτων.

112 2291 130 2318 8
144 2290 248 2321 Πάντες
262 2289 318 2315 ὅσοι
341 2288 395 2324 πρδ
415 2286 482 2323 ἐμοῦ
501 2285 592 2322 ἦλθον,
607 2284 722 2312 κλέπται
746 2283 799 2310 εἰσὶ
822 2284 869 2310 καὶ

76 2333 176 2369 λῃσταί
186 2341 193 2348 '
212 2332 268 2359 ἀλλ’
281 2332 330 2359 οὐκ
344 2331 462 2366 ἥκουσαν
477 2328 566 2356 αὐτῶν
580 2326 614 2369 τὰ
628 2325 762 2369 πρόϐατα.

113 2374 132 2402 9
239 2374 296 2408 είμι
319 2374 337 2408 ἡ
357 2365 449 2407 θύρα·
475 2370 509 2397 δι’
528 2368 594 2404 ἐμοῦ
621 2367 669 2410 ὲάν
684 2375 726 2410 τις
743 2365 867 2410 εἰσέλθῃ,

79 2407 247 2452 σωθήσεται·
268 2407 524 2442 γκαὶνεὶσελεύσεται
547 2410 593 2438 καὶ
619 2408 798 2442 ἐξελεύσεται,
822 2407 868 2434 καὶ

80 2457 166 2493 νομὴν
183 2457 303 2493 εὑρήσει.

114 2489 150 2526 id
169 2499 198 2526 '0
215 2489 335 2533 κλέπτης
352 2496 403 2525 οὐκ
419 2495 529 2531 ἔρχεται
550 2493 575 2520 si
593 2491 629 2528 μὴ
653 2491 696 2533 ἵνα
714 2489 801 2533 ξιλέψῃ
823 2489 870 2533 καλ.

80 2541 151 2577 θύσῃ
172 2539 219 2567 καὶ
235 2530 371 2574 ἀτιολέσῃο
387 2530 442 2571 ἐγὼ
460 2534 540 2571 ἦλθον
563 2535 607 2561 ἵνα
621 2531 694 2567 ζωὴν
714 2530 806 2566 ἔχωσι,
824 2531 871 2557 καὶ

81 2581 212 2617 περισσὸν
229 2580 337 2616 ἔχωσιν.

116 2613 148 2652 11
173 2613 312 2657 Ἐγὼἐίμι
324 2622 338 2648 6
355 2619 455 2656 ποιμὴν
473 2619 488 2645 ό
504 2617 595 2649 καλός.
613 2617 643 2643 '0
662 2615 764 2651 ποιμὴν
785 2613 800 2640 ό
819 2621 871 2640 κα-

80 2664 126 2697 λὸς
140 2664 190 2700 τὴν
206 2656 295 2699 ψυχὴν
309 2661 391 2690 αὐτοῦ
408 2661 513 2695 τίθησιν
528 2659 597 2695 ὑπὲρ
608 2658 662 2685 τῶν
682 2656 836 2700 προξάτων.

118 2694 154 2732 12
169 2694 198 2730 Ξ0
213 2694 348 2739 μισθωτὸς
359 2703 399 2735 δὲ,
415 2694 467 2728 καλ.
476 2700 525 2727 οὐκ
537 2700 574 2727 ὣν
591 2699 702 2736 ποιμὴν,
716 2695 746 2726 οὗ
759 2697 808 2725 οὐκ
818 2694 873 2739 εἰσ).

80 2747 116 2774 τὰ
134 2736 258 2782 πρόϐατα
281 2745 344 2777 ῐδια,
364 2744 462 2778 θεωρεῖ
483 2741 529 2768 τὸν
551 2741 631 2769 λύκον
650 2741 806 2782 ιρχὸμενον,
827 2736 872 2782 καὶ

82 2779 180 2824 ἀφίησι
195 2787 230 2814 τὸ.
244 2787 378 2822 πρόϐατα,
393 2785 441 2812 καὶ
459 2783 571 2818 φεύγει·
588 2783 635 2810 καὶ
654 2784 669 2810 6
688 2782 769 2814 λύκος
786 2779 874 2816 ἀρπά-

81 2831 125 2863 ζει
140 2828 221 2861 αὐτὰ,
237 2829 285 2855 καὶ
301 2826 441 2864 σκορπίζει
455 2825 490 2852 τὰ
503 2825 635 2861 πρὸὁατα.

65 2905 69 2912 1
119 2871 155 2900 15
172 2870 202 2898 '0
216 2869 245 2897 δὲ
265 2869 398 2906 μισθωτὸς
412 2867 518 2903 φεύγει,
533 2867 574 2894 ὅτι
593 2865 724 2902 μισθωτός
740 2866 809 2898 ἐστι,
828 2864 875 2891 καὶ

953 2247 987 2275 14
1007 2245 1077 2280 Ἐγώ
1093 2245 1150 2280 εἰμι
1169 2245 1182 2270 6
1200 2243 1301 2278 ποιμὴν
1322 2242 1336 2268 6
1355 2241 1445 2272 καλὸς,
1464 2239 1509 2266 καὶ
1526 2238 1652 2274 γινώσκω
1673 2237 1708 2264 τὰ

921 2289 983 2326 ἐμὰ,
997 2287 1044 2315 καὶ
1062 2285 1232 2321 γινώσκομαι
1245 2283 1297 2311 ὑπὸ
1310 2283 1364 2311 τῶν
1376 2283 1460 2318 ἐμῶν.

953 2336 988 2364 15
1004 2335 1101 2366 Καθὼς
1121 2333 1249 2368 γινώσκει
1272 2341 1305 2367 με
1325 2332 1339 2358 6
1358 2331 1468 2366 Πατὴρ,
1487 2328 1563 2363 κάγὼ
1582 2327 1710 2362 γινώσκω

918 2379 964 2406 τὸν
980 2377 1105 2413 Πατέρα·
1128 2375 1175 2403 καὶ
1197 2375 1247 2410 τὴν
1266 2373 1355 2409 ψυχήν
1377 2381 1427 2408 μου
1444 2370 1540 2406 τίθημι
1563 2370 1633 2405 ὑπὲρ
1654 2369 1709 2396 τῶν

920 2419 1073 2455 προϐάτων.

955 2468 989 2496 16
1004 2467 1056 2495 Καὶ
1069 2465 1136 2494 ἄλλα
1148 2465 1271 2501 πρόϐατα
1286 2463 1349 2499 ἔχω,
1366 2462 1384 2490 ἃ
1401 2462 1452 2489 οὐκ
1464 2461 1537 2488 ἔστιν
1553 2461 1585 2487 ἐκ
1601 2459 1650 2494 τῆς
1661 2458 1710 2501 αύ-

920 2510 968 2546 λῆς
980 2508 1080 2544 ταύτης
1090 2516 1096 2523 ·
1113 2499 1226 2534 κάκεῖνά
1241 2514 1275 2541 με
1288 2505 1328 2532 δεῖ
1343 2504 1471 2546 ἀγαγεῖν·
1487 2502 1535 2546 καὶ
1553 2501 1602 2536 τῆς
1616 2499 1710 2546 φωνῆς

986 2540 1162 2578 ἀκούσουσιν·
1180 2548 1226 2575 καὶ
1243 2540 1386 2583 γενήσεται
1406 2545 1455 2581 μία
1471 2544 1584 2580 ποίμνη,
1601 2540 1641 2574 εἷς
1652 2549 1710 2568 ποι‹

923 2593 986 2629 μήν·

958 2641 989 2668 17
1002 2639 1052 2667 Διά
1067 2639 1144 2666 τοῦτο
1165 2639 1180 2665 ὁ
1199 2637 1295 2672 Πατήρ
1311 2644 1343 2672 με
1362 2635 1466 2670 ἀγαπᾷ.
1481 2635 1522 2661 ὅτι
1545 2632 1601 2668 ἐγὼ
1614 2631 1711 2667 τίθημι

922 2682 970 2719 τὴν
982 2681 1071 2716 ψυχήν
1086 2688 1137 2716 μου
1150 2679 1193 2708 ἵνα
1211 2679 1292 2706 πάλιν
1303 2677 1379 2706 λάὸω
1389 2677 1488 2712 αὑτήν.

958 2730 992 2757 18
1006 2729 1100 2761 Οὐδεὶς
1117 2728 1188 2764 αἴρει
1206 2726 1289 2762 αὐτὴν
1309 2726 1356 2753 ἀπ’
1371 2724 1455 2760 ἐμοῦ·
1472 2723 1529 2751 ἀλλ’
1541 2721 1596 2764 ἒγῲ
1608 2719 1710 2764 Δτίθημι

923 2773 1007 2809 αὐτὴν
1021 2772 1067 2799 ἀπ’
1079 2758 1209 2806 ἐμαυτοῦ.
1228 2758 1366 2801 Ἐέουσίαν
1382 2758 1436 2802 έχω
1450 2764 1536 2809 θεῖναι
1554 2761 1648 2809 αύτὴν,
1662 2758 1709 2786 καὶ

924 2802 1046 2848 ἐξουσίαν
1060 2802 1115 2848 ἔχω
1129 2812 1209 2839 πάλιν
1221 2810 1312 2838 λαϐεῖν
1326 2809 1421 2844 αὐτὴν.
1442 2806 1549 2841 Ταύτην
1567 2803 1616 2839 τὴν
1637 2802 1714 2829 1W6-

924 2857 974 2892 λὴν
989 2855 1082 2882 ἔλαϐον
1096 2853 1170 2890 παρὰ
1184 2852 1231 2880 τοῦ
1248 2851 1353 2886 Πατρός
1367 2857 1430 2885 μου.
1620 2848 1627 2852 ‘
