1953 3040
231 115 286 142 855

869 106 974 136 NONNI
991 105 1245 136 PANOPOLITANI

1822 103 1891 132 8‘56

233 177 311 207 peris,
321 167 418 197 Omnia
436 171 564 200 domans,
578 165 755 198 indomitum,
768 164 811 192 vel
825 164 907 192 solidi
918 164 1024 192 consilii

1102 162 1274 198 ανδαμάτωρ,
1291 161 1456 196 ἀδάμαστος,
1473 160 1490 196 ἢ
1508 159 1691 196 ὲμπεδόμητις
1705 159 1822 195 ἀνάγκη
1834 167 1843 174 ·

233 215 384 244 necessitas
396 222 403 247 ;
417 213 465 241 sed
477 213 562 247 ipsam
578 215 674 247 sponte
683 211 777 246 jussus
789 210 882 238 volens
890 209 1023 237 volentem

234 259 380 296 praebebo,
401 263 429 286 ut
452 257 580 292 recipiam
602 260 664 292 post
684 255 824 291 pusillum,
850 255 955 282 habens
979 262 1026 289 per

236 313 266 333 se
283 305 422 331 collectam
448 306 621 338 potestatem.
642 301 698 329 Hoc
722 301 880 336 altiregente
901 300 988 327 habeo
1011 309 1026 326 ει

238 350 320 377 Patre
343 353 521 383 praeceptum,
543 346 659 378 Ponere,
675 350 701 373 et
719 345 817 373 iterum
837 345 961 380 accipere
978 345 1013 372 (lu

239 396 302 430 plici
330 395 397 429 lege.
427 395 456 421 l9
483 393 517 419 Et
538 401 636 420 rursus
661 392 835 420 Hebraeorum
858 391 962 419 divisus
987 397 1029 419 est

238 440 356 475 populus
381 439 497 466 audiens
518 447 525 466 τ
549 438 585 465 20
615 439 648 465 Et
671 437 749 464 multi
775 436 902 464 dixerunt
929 444 1029 464 sonoro

239 485 357 521 quodam
371 492 498 512 sermone
513 494 519 512 :
532 484 700 519 Loquentem
713 483 854 511 velocibus
866 483 946 511 sinite
957 483 1030 510 hunc

239 532 329 559 ventis
347 540 354 559 :
370 530 525 558 Damonem
543 531 636 562 habet,
659 533 687 558 et
712 529 835 563 insanit;
856 529 1030 564 insipientem

241 579 314 605 hunc
325 577 401 610 117
417 577 590 612 Relinquite;
606 576 696 604 insani
724 584 774 603 cur
786 576 923 604 festinatis
931 583 1033 604 sermo-

243 630 304 649 nem
320 622 436 650 audire?
455 623 488 649 21
507 622 561 648 Alii
579 624 672 648 autem
688 625 783 648 conlra
799 625 951 649 sonuerunt
968 628 1033 648 con-

241 667 319 694 cordi
333 675 347 693 a
357 667 550 702 gutture:Non
566 667 594 694 bi
609 667 774 694 insanientis
792 667 930 702 sapientes
944 666 1033 694 ﬂuxus

243 713 399 746 verborum;
407 712 562 748 lnsipientis
575 721 629 740 non
641 717 705 741 sunt
718 713 785 746 haec;
795 721 858 740 num
868 713 1034 748 ealiginosus

245 766 365 793 unquam
388 758 495 786 damon
517 759 618 786 Oculos
633 759 697 786 caeci
724 759 824 792 poterit
838 759 895 793 ipse
909 759 1035 793 aperire?

278 804 314 830 22
334 804 366 830 Et
399 812 495 832 rursus
521 804 579 832 dies
605 810 663 832 erat
689 806 833 840 publicus,
857 804 884 832 in
917 812 972 840 quo
986 812 1036 839 po-

1081 209 1161 235 Ἀλλά
1179 217 1224 241 μιν
1248 207 1458 239 αὐτοκέλευστος
1480 206 1550 234 ἑκὼν
1574 206 1718 233 ἐθέλουσαν
1736 207 1890 234 ὀπάσσω·

1078 254 1169 288 Ὄφρα
1185 252 1260 280 λάΰω
1276 252 1345 288 μετά
1362 252 1448 286 βαιὸν,
1464 251 1532 286 ἔχων
1548 251 1714 286 αὐτάγρετον
1728 251 1835 286 ἀλκήν.

1076 298 1184 333 Ταύτην
1202 298 1377 334 ὑψιμέδοντος
1393 297 1447 333 ἔχω
1461 297 1536 332 παρὰ
1552 297 1657 331 Πατρδς
1676 297 1814 332 ὲφετμὴν,

1077 344 1178 376 Θεῖναι,
1194 344 1239 370 καὶ
1256 343 1416 378 παλίνορσον
1433 343 1502 369 ἑλεῖν
1513 342 1652 376 διδυμάονι
1670 341 1775 377 θεσμῷ.

1079 389 1112 416 19
1125 389 1179 416 Καὶ
1194 389 1274 416 πάλιν
1296 388 1429 424 Ἐϐραίων
1445 388 1588 424 ἐμερίζετο
1603 387 1666 420 λαὸς
1681 387 1810 414 ἀκούων·

1078 435 1114 463 90
1129 435 1183 462 Καὶ
1197 435 1292 467 πολέες
1309 434 1459 470 φθέγξαντο
1476 433 1664 469 πολυφλοίσὸῳ
1674 433 1727 460 τινὶ
1743 432 1844 469 μύθῳ·

1079 481 1264 516 Φθεγγόμενον
1282 480 1404 517 βαλίῃσιν
1419 481 1518 507 ἐάσατε
1535 479 1627 507 τοῦτον
1640 479 1746 511 ἀέλλαις
1756 487 1764 493 ⁸

1081 529 1223 564 Δαιμόνιον
1242 527 1365 563 μεθέπει,
1385 527 1432 553 καὶ
1451 526 1590 562 μαίνεται·
1609 526 1713 561 ἄφρονα
1727 525 1829 552 τοῦτον

1084 574 1165 608 116
1176 574 1290 601 Λείπετε
1298 582 1304 588 ·
1317 572 1478 608 μαινομένου
1486 572 1511 598 τί
1520 571 1646 598 σπεύδετε
1657 571 1740 607 μῦθον
1747 571 1869 598 ἀκούειν
1880 579 1888 604 έ

1082 620 1113 647 21
1133 619 1224 645 ’Ἄλλοι
1238 619 1259 645 δ’
1272 618 1438 653 ἀντιάχησαν
1451 617 1590 653 ὁμοζήλων
1603 617 1656 644 ἀπὸ
1669 616 1777 651 λαιμῶν
1789 625 1799 633 θ

1083 665 1120 692 Οὺ
1135 665 1197 691 τάδε
1211 664 1382 700 μαινομένοιο
1402 663 1537 698 σαόφρονα
1549 662 1675 698 χεύματα
1689 663 1803 698 μύθων·

1086 711 1218 746 Ἀφρονος
1233 711 1262 736 οὐ
1283 710 1346 736 πέλε
1360 709 1456 736 ταῦτα.
1476 709 1522 744 Μὴ
1547 709 1670 744 ἀχλυόεις
1690 708 1755 735 ποτὲ
1772 707 1893 743 δαίμων

1091 756 1262 791 ὐφθαλμηὺς
1277 756 1369 783 ἀλαοῖο
1382 756 1525 791 δυνήσεται
1542 755 1622 786 αὐτὸς
1632 755 1735 788 ἀνοῖξαι
1748 763 1755 788 ;

1121 801 1156 828 2‘2
1174 801 1229 828 Kal.
1248 801 1329 828 πάλιν
1344 799 1421 837 ἦμαρ
1432 801 1480 837 ἔην
1497 801 1656 836 πανδήμιον,
1672 797 1695 834 ᾧ
1709 800 1749 827 ένι
1762 800 1830 827 λαοὶ

249 849 330 883 pulus
364 848 521 876 Memoriam
557 850 711 878 celebrabat
741 850 975 881 anniversariam.
1005 858 1038 878 ex

1100 846 1268 882 ›1νημοσύνην
1284 846 1423 873 τελέεσκον
1436 847 1552 882 ἐτήσιον,
1569 845 1598 879 ἐξ
1613 845 1657 872 ὅτε
1670 845 1736 881 νηοῦ

246 900 301 929 quo
323 893 415 928 templi
445 892 614 921 Fulcimenta
644 894 786 923 mdiﬁcans
816 883 946 922 Solomon
977 895 1038 930 pul-

249 939 332 967 chras
354 940 498 967 columnas
521 939 638 968 faciente
653 944 711 968 arte
725 940 813 968 Divini
828 945 946 969 veterem
959 947 1039 968 reno-

247 985 322 1012 vavit
343 985 428 1020 legem
447 985 521 1013 festi.
550 985 583 1012 Et
604 990 670 1013 tunc
686 986 846 1022 pruinosum
872 986 950 1014 aﬂuit
974 986 1039 1022 hye-

247 1032 300 1058 mis
324 1035 450 1066 tempus;
475 1031 511 1058 23
531 1031 612 1060 Jesus
634 1036 724 1059 autem
745 1040 824 1060 sacro
846 1032 988 1060 incedebat
1009 1032 1037 1059 in

249 1076 361 1110 templo,
395 1075 523 1103 Divinum
554 1077 677 1112 porticus
703 1078 880 1105 artiﬁciosum
901 1078 1040 1113 pavimen-

250 1125 307 1147 tum
330 1120 494 1156 pervadens,
512 1121 534 1147 A
550 1121 641 1156 prisco
657 1120 804 1149 Solomone
818 1122 932 1149 dictum.
949 1122 985 1149 24
1001 1121 1041 1149 In-

249 1165 304 1193 vidi
321 1169 412 1194 autem
440 1166 547 1194 Hebraei
571 1167 746 1195 circulariter
768 1168 909 1202 conjuncti
934 1168 962 1195 in
985 1176 1041 1196 uno

250 1212 312 1239 loco
335 1213 476 1240 Christum
495 1213 748 1246 circumdederunt,
772 1219 799 1242 et
815 1214 945 1242 dixerunt
969 1215 1039 1242 insi-

252 1257 336 1292 pienti
367 1258 473 1284 verbo:
492 1257 620 1285 Nostram
648 1265 791 1294 quousque
822 1258 893 1287 fallis
921 1264 1040 1287 mentem

254 1302 454 1330 sermonibus?
473 1302 501 1329 Si
524 1306 552 1329 tu
573 1302 701 1330 Christus
720 1304 819 1331 venisti
835 1312 926 1336 verus,
948 1309 1042 1340 aperte

253 1348 332 1376 uobis
347 1348 525 1384 Congregat-is
538 1349 582 1376 dic
597 1358 604 1377 :
626 1355 675 1376 cur
690 1353 765 1376 tuum
786 1357 884 1377 nomen
900 1351 1043 1378 occultas?

251 1394 380 1422 9.51esus
401 1398 491 1422 autem
513 1395 595 1422 simul
608 1395 736 1423 omnibus
752 1395 911 1430 respondit:
935 1395 1042 1432 Saepius

252 1442 330 1470 vobis
355 1441 461 1477 Saepius
483 1442 542 1477 ipse
562 1442 629 1476 dixi,
649 1447 677 1470 ct
700 1451 753 1470 non
769 1443 881 1471 creditis
903 1444 1041 1471 sermoni:

253 1489 342 1524 Opera
365 1498 425 1525 qute
447 1489 518 1517 facio
535 1490 665 1518 invocans
680 1495 824 1526 paternum
845 1492 938 1525 robur,
957 1493 1044 1520 Testi-

1090 892 1208 927 Ἕδρανα
1220 891 1350 927 δωμήσας
1366 890 1492 926 Σολομὼν
1505 891 1606 918 εύκίονι
1619 891 1702 927 τέχνῃ

1087 938 1240 973 Θεσπεσίης
1256 938 1370 973 ἀρχαῖον
1387 937 1507 964 ὲκαίνισε
1520 937 1619 972 θεσμὸν
1637 936 1748 972 ἑορτῆς·

1088 983 1144 1011 Καὶ
1156 983 1215 1010 τότε
1231 985 1389 1019 παχνήεσσα
1403 983 1552 1019 παρίστατο
1565 983 1692 1018 χείματος
1705 981 1764 1018 ὥρη
1775 989 1783 996 ³

1088 1029 1124 1057 '23
1144 1029 1246 1064 Ἰησοῦς
1258 1029 1280 1056 δ’
1299 1029 1381 1065 ίεροῖο
1394 1029 1526 1064 διέστιχεν
1541 1028 1626 1056 ἔνδοθι
1639 1028 1714 1063 νηοῦ,

1089 1075 1222 1102 Θέσκελον
1240 1074 1370 1110 αἰθούσης
1385 1074 1574 1101 πολυδαίδαλον
1587 1072 1666 1106 οὖδας
1684 1074 1796 1109 ὁδεύων,

1096 1121 1256 1157 ’Δρχεγόνου
1271 1120 1443 1156 Σολομῶντος
1454 1120 1607 1156 ἐπώνυμον.
1626 1121 1661 1147 ει
1676 1121 1842 1156 Δίνομανεῖς
1857 1120 1893 1147 δὲ

1097 1165 1217 1201 Ἑϐραῖοι
1232 1165 1395 1201 στεφανηδὺν
1409 1165 1542 1200 ὀμόζυγες
1558 1166 1598 1192 etv
1610 1166 1650 1192 ἐνὶ
1661 1165 1743 1201 χώρῳ

1091 1211 1208 1246 Χριστὸν
1227 1210 1429 1244 ἐκυκλώσαντο,
1443 1211 1490 1237 καὶ
1504 1211 1612 1238 ἔννεπον
1628 1212 1724 1248 ἄφρονι
1743 1212 1836 1248 μύθῳ·

1098 1255 1216 1291 Ἦμείων
1228 1257 1274 1283 τέο
1294 1256 1390 1292 μέχρις
1402 1256 1580 1288 ὑποκλέπτεις
1595 1257 1680 1293 φρένα
1701 1257 1813 1292 μύθοις;

1092 1302 1123 1328 Εἰ
1138 1302 1170 1329 σὺ
1182 1301 1300 1339 Χριστὸς
1314 1302 1408 1334 ἵκανες
1423 1303 1566 1338 ἐτήτυμος,
1581 1303 1702 1339 ἀμφαδὸν
1715 1304 1780 1339 ἡμῖν

1100 1348 1272 1383 Ἀγρομένοις
1288 1349 1419 1384 ἀγόρευε·
1437 1349 1463 1375 τί
1481 1349 1528 1376 καὶ
1542 1349 1603 1376 τεὸν
1622 1348 1723 1384 οὕνομα
1745 1350 1875 1384 κεύθειςς

1092 1393 1128 1422 25
1144 1393 1246 1429 Ἰησοῦς
1262 1395 1283 1421 δ’
1296 1394 1355 1429 ἅμα.
1367 1395 1449 1421 πᾶσιν
1463 1394 1569 1430 ἀνὶαχε·
1584 1395 1716 1428 Πολλάκις
1732 1395 1797 1432 ὑμῖν

1093 1439 1227 1472 Πολλάκις
1239 1439 1320 1472 αὐτὸς
1334 1439 1423 1473 ἔλεξα,
1435 1440 1483 1466 καὶ
1499 1441 1529 1466 οὺ
1549 1441 1689 1468 πιστεύετε
1708 1441 1797 1478 μύθῳ·

1097 1485 1186 1520 Ἔργα
1199 1485 1285 1522 τάπερ
1298 1485 1381 1512 τελέω
1397 1485 1501 1512 καλέων
1518 1487 1654 1522 πατρώϊον
1671 1488 1767 1524 ἀλκὴν,

254 1538 364 1565 ticaiitia
385 1538 442 1565 haec
463 1541 538 1570 sunt,
558 1542 586 1566 et
612 1540 761 1574 |0quuntur
784 1540 911 1574 prudenti
934 1541 1039 1568 silentio

1100 1530 1230 1566 Μάρτυρα
1246 1531 1332 1558 ταῦτα
1346 1531 1432 1563 πέλει,
1447 1531 1495 1558 καὶ
1507 1531 1653 1566 φθέγγεται
1666 1533 1780 1570 ἔμφρονι
1796 1536 1859 1571 σιγῇ

255 1584 371 1613 Visibile
408 1586 565 1615 hominibus
601 1588 715 1623 loquens
748 1589 887 1624 exemplar
909 1589 967 1616 :26
997 1589 1044 1617 sed

254 1641 304 1661 vos
330 1633 422 1661 Deliis
448 1634 556 1667 videtis,
580 1639 607 1663 et
629 1643 684 1663 non
714 1637 826 1664 creditis
854 1637 963 1665 animis.
985 1636 1044 1664 Non

256 1682 329 1708 enim
352 1689 474 1709 mearum
490 1683 581 1710 ovium
596 1691 628 1711 ex
645 1684 757 1712 credula
772 1684 839 1712 estis
853 1685 1043 1720 generatione:

255 1728 289 1756 9.7
314 1729 434 1758 Auribus
457 1730 600 1759 oblectatis
622 1739 745 1760 mearum
764 1732 828 1768 quia
841 1733 932 1760 ovium
948 1739 1044 1768 greges

259 1777 357 1806 Vocem
376 1786 464 1806 meam
482 1779 607 1813 audiunt,
636 1784 663 1808 et
690 1785 844 1816 sequuntur
870 1781 979 1808 ducem.
1009 1781 1045 1808 28

255 1827 401 1862 Cognosco
414 1831 504 1854 autem
517 1835 591 1855 meas
605 1836 681 1861 oves,
694 1832 721 1856 et
735 1829 818 1857 simul
832 1829 960 1857 omnibus
975 1829 1046 1857 dabo

255 1874 344 1902 Vitam
364 1879 510 1903 venturam
531 1879 674 1910 :eternam;
695 1885 836 1911 nunquam
857 1878 947 1914 gregis
970 1877 1047 1906 Nun-

255 1930 337 1958 quam
360 1930 425 1951 0ves
452 1924 493 1950 Ine
515 1927 640 1959 pereunt,
664 1925 751 1953 donec
773 1927 907 1954 manserit
929 1927 1047 1962 Sponta-

256 1971 316 1998 neis
342 1972 464 2000 arcuatis
491 1972 678 2002 volutionibus
703 1974 869 2003 circumiens
897 1977 1041 2004 saeculum.

255 2017 349 2053 Neque
380 2019 479 2054 aliquis
507 2021 595 2054 rapiet
623 2028 713 2048 meum
740 2021 901 2057 prudentem
934 2031 1043 2059 gregem

256 2066 338 2095 Manu
353 2076 386 2096 ex
403 2073 497 2097 nostra
511 2078 518 2097 :
536 2069 571 2097 29
586 2069 668 2097 Pater
688 2078 776 2103 meus,
794 2072 858 2106 quia
881 2072 915 2099 ad
928 2079 1044 2107 pasceno

255 2115 320 2142 dum
336 2115 388 2149 Qui
403 2117 470 2144 mihi
485 2125 582 2153 greges
595 2117 684 2150 'dcdit,
708 2119 833 2154 superior
846 2123 889 2147 est
903 2121 1043 2150 omnibus.

258 2164 340 2199 118
358 2164 393 2192 50
417 2163 478 2200 ipse
494 2172 556 2200 ego,
577 2169 604 2192 et
623 2172 721 2201 regens
746 2166 825 2195 Pater
847 2175 936 2199 meus.
961 2177 1046 2196 unum

860 2213 1001 2243 TEXTUS
1020 2215 1283 2245 ΕνΑΝΟΕιίΞΤᾸΞ.

1096 1576 1200 1612 Θηητὺν
1217 1577 1366 1613 μερόπεσσι
1379 1577 1458 1605 λάλον
1474 1577 1573 1605 ἰῖύιιιιον⁸
1590 1578 1626 1606 ‘26
1637 1579 1705 1606 ἀλλά
1718 1588 1769 1606 που
1788 1580 1869 1616 ὑμεῖς

1103 1621 1147 1649 Ἐν
1165 1622 1309 1658 βλεφάροις
1323 1623 1462 1660 δέρκεσθε,
1478 1624 1525 1650 καὶ
1547 1625 1578 1651 οὐ
1592 1625 1717 1652 πείθεσθε
1735 1627 1887 1660 μενοιναῖς.

1097 1667 1134 1694 Ού
1151 1667 1205 1703 γὰρ
1220 1668 1294 1703 ἐμῶν
1309 1669 1372 1696 ὀΐων
1384 1671 1561 1705 ταχυπειθέος
1574 1670 1636 1697 ἐστὲ
1651 1671 1780 1706 γενέθλης
1790 1680 1798 1688 ·

1101 1713 1135 1740 27
1153 1713 1237 1740 Οὖασι
1252 1714 1451 1750 θελγομένοισιν
1469 1716 1539 1752 ἐμῆς
1550 1717 1590 1744 ὅτι
1605 1717 1682 1744 πώεα
1695 1717 1812 1754 ποίμνης

1098 1759 1186 1795 Γῆρυν
1199 1759 1267 1795 ἐμὴν
1278 1760 1343 1792 ἀΐει,
1357 1761 1403 1787 καὶ
1422 1761 1569 1796 ὲφέστπται
1583 1763 1728 1799 ήγεμονῆῖ.

1097 1804 1131 1831 28
1147 1805 1275 1832 Γινώσκω
1288 1805 1310 1832 δ’
1323 1806 1379 1841 ἐμὰ
1398 1806 1481 1842 μῆλα,
1502 1807 1548 1834 καὶ
1567 1809 1607 1834 εἰν
1625 1809 1665 1834 ἐνὶ
1680 1810 1763 1835 πᾶσιν
1776 1809 1888 1837 ὀπάσσω

1097 1851 1174 1886 Ζωὴν
1188 1851 1337 1887 ἐσσυμένην
1351 1851 1469 1880 αἰώνιον.
1486 1853 1590 1880 οὔποτε
1606 1854 1724 1889 ποίμνης

1098 1896 1202 1924 Οΰποτε
1216 1896 1292 1924 πώεα
1307 1898 1393 1925 ταῦτα
1405 1899 1547 1933 διόλλυται,
1560 1900 1649 1926 εἰσόκε
1662 1901 1749 1936 μίμνῃ

1097 1942 1268 1978 Αύτομάταις
1281 1943 1373 1978 ἀψῖσιν
1385 1944 1441 1977 ἕλιξ
1459 1945 1642 1980 κυκλούμενος
1657 1945 1732 1972 αἰών.

1097 1988 1166 2016 om
1179 1998 1221 2021 τις
1233 1989 1379 2025 ἀρπάξειεν
1391 1990 1460 2026 ἐμὴν
1476 1991 1656 2027 πινυτόφρονα
1672 1992 1790 2029 ποίμνην

1097 2034 1195 2070 Χειρὺς
1205 2035 1252 2070 ἀφ’
1267 2036 1404 2072 ἡμετέρης
1413 2044 1420 2051 ³
1436 2037 1470 2065 29
1482 2036 1595 2073 Γενέτης
1607 2037 1673 2073 ἐμὸς
1691 2038 1747 2065 ὅττι
1763 2039 1881 2074 νομεύειν

1099 2078 1147 2111 ’Ὀς
1168 2088 1214 2115 μοι
1227 2079 1303 2108 πώεα
1313 2080 1408 2116 δῶκεν,
1424 2082 1573 2119 ὑπέρτερος
1590 2083 1686 2111 ῐπλετο
1699 2085 1815 2112 πάντων.

1101 2124 1122 2159 1
1129 2125 1181 2161 19
1200 2126 1235 2157 50
1244 2126 1330 2160 Αὐτὸς
1335 2127 1399 2162 ἐγὼ,
1407 2129 1508 2164 μεδέων
1513 2137 1542 2156 τε
1551 2130 1645 2167 Πατὴρ
1651 2130 1727 2166 ἐμὸς,
1763 2130 1791 2156 ἓν
1809 2130 1879 2165 γένος

1747 2175 1848 2212 [tantm

292 2268 446 2316 iQ‘SXicpa
459 2266 505 2316 ούν
518 2270 597 2297 πάλιν
611 2270 717 2305 ἐγένετο
735 2272 764 2299 ἐν
779 2273 834 2304 τοῖς
855 2274 991 2306 Ἰουδαίοις
1002 2275 1046 2302 διὰ
1062 2280 1083 2307 D
1133 2276 1167 2303 25
1189 2277 1336 2314 Ἀπεκρίθη
1364 2279 1455 2312 αὐτοῖς
1478 2280 1492 2307 ό
1511 2279 1628 2316 Ἰησοῦς·
1650 2277 1733 2307 Εἶπον
1755 2281 1817 2316 ὑμῖν
1839 2283 1880 2310 καὶ

256 2311 319 2343 τοὺς
330 2311 426 2345 λόγους
438 2311 561 2344 τούτους.

291 2352 327 2380 20
343 2352 454 2388 Ἔλεγον
464 2353 492 2380 δὲ
508 2354 599 2381 πολλοὶ
615 2354 644 2388 ἐξ
661 2355 759 2383 αὐτῶν
774 2357 915 2392 Δαιμόνιον
929 2357 986 2393 ἔχει
1001 2359 1047 2385 καὶ

259 2395 398 2429 μαίνεται·
417 2396 442 2422 τί
457 2395 539 2422 αὑτοῦ
556 2397 685 2430 άκούετε;

291 2436 321 2462 21
340 2436 431 2462 ’Ἄλλοι
445 2436 537 2471 ἔλεγον
547 2446 553 2453 ·
567 2438 660 2465 Ταῦτα
678 2439 711 2465 τὰ
727 2440 836 2475 ῥήματα
850 2441 899 2468 οὐκ
914 2441 970 2468 ἐστι
988 2442 1048 2468 δοιι⁴

260 2476 450 2512 μονιζομένου·
468 2479 505 2513 μὴ
524 2478 660 2514 δαιμόνιον
681 2480 792 2508 δύναται
816 2482 922 2517 τυφλῶν
949 2483 1049 2518 ὀφθαλ-

260 2517 326 2552 μοὺς
340 2518 458 2552 ἀνοίγειν
468 2527 475 2552 ;

293 2559 328 2602 22
351 2560 474 2602 Ἐγένετο
491 2561 521 2588 δὲ.
536 2561 569 2589 τὰ
583 2563 708 2598 ὲγκαίνια
723 2565 752 2591 ὲν
767 2565 823 2596 τοῖς
845 2565 1050 2602 Ἰεροσολύμοις,

259 2600 306 2627 καὶ
314 2601 419 2636 χειμὼν
435 2600 478 2638 ἦν.

294 2643 329 2686 ⁵ὶᾷ
353 2643 407 2686 Καὶ
430 2646 591 2680 περιεπάτει
612 2646 626 2672 ὁ
645 2646 748 2682 Ἰησοῦς
770 2648 799 2675 ὲν
821 2649 861 2685 τῷ
882 2649 947 2686 ἱερῷ
972 2650 1001 2676 ἐν
1019 2651 1053 2685 τῇ

261 2685 326 2720 στοᾷ
340 2685 385 2712 τοῦ
399 2686 581 2722 Σολομῶντος.

294 2727 330 2754 24
352 2727 523 2755 Ἐκύκλωσαν
541 2726 587 2754 οὗν
602 2729 682 2755 αὑτὸν
700 2731 724 2756 οἰ
745 2731 874 2766 Ἰουδαῖοι,
893 2733 939 2759 καὶ
960 2732 1052 2767 ελεγον

261 2768 350 2810 αὐτῷ·
364 2769 436 2801 Ἕως
456 2769 521 2796 πότε
542 2769 591 2804 τὴν
605 2769 694 2806 ψυχὴν
715 2773 795 2808 ἡμῶν
817 2774 919 2810 αῖρεις;
933 2774 958 2800 εἰ
977 2774 1009 2801 σὺ
1028 2772 1054 2801 εἴ

261 2809 274 2836 ό
294 2809 420 2846 Χριστὸς,
437 2811 495 2837 εἰπὲ
514 2811 580 2846 ἡμῖν
595 2813 746 2849 παρρησίᾳ.

1099 2319 1130 2345 οὐ
1147 2319 1302 2346 πιστεύετε·
1316 2320 1352 2347 τὰ
1364 2321 1463 2357 ἔργαιά
1473 2321 1529 2356 ἐγὼ
1543 2322 1612 2349 ποιῶ
1627 2323 1657 2349 ὲν
1669 2321 1706 2358 τῷ
1718 2323 1828 2358 ὀνόματι
1839 2322 1884 2351 τοῦ

1100 2361 1207 2396 Πατρός
1221 2369 1283 2395 μου.
1298 2362 1386 2389 ταῦτα
1399 2364 1532 2398 μαρτυρεῖ
1547 2364 1612 2400 περὶ
1627 2363 1705 2400 ἐμοῦ.
1826 2363 1831 2368 ’

1134 2402 1170 2428 26
1192 2402 1261 2429 Ἀλλ’
1275 2403 1354 2438 ὑμεῖς
1375 2405 1405 2430 οὑ
1427 2404 1582 2431 πιστεύετε’
1602 2406 1632 2432 οὺ
1647 2406 1700 2442 γάρ
1714 2408 1774 2433 ἔστε
1790 2407 1820 2434 ἐκ
1833 2406 1882 2434 τῶν

1100 2443 1244 2479 προϐάτων
1257 2445 1312 2471 τῶν
1331 2445 1414 2480 ἐμῶν,
1429 2445 1520 2477 καθὼς
1533 2443 1609 2473 εἶπον
1621 2447 1694 2482 ὑμῖν.

1137 2484 1172 2511 27
1193 2485 1235 2512 Τὰ
1259 2486 1382 2522 πρόϐατα
1401 2486 1435 2514 τὰ
1453 2487 1508 2522 ἐμὰ
1529 2488 1579 2522 τῆς
1600 2488 1692 2524 φωνῆς
1715 2497 1766 2524 μου
1786 2489 1878 2524 ἀκούει,

1103 2527 1181 2562 κάγὼ
1195 2527 1320 2562 γινώσκω
1332 2528 1409 2560 αὐτὰ,
1424 2529 1470 2555 καὶ
1482 2529 1659 2557 ἀκολουθοῦσι
1673 2539 1729 2566 μοι.

1196 2568 1281 2603 Κάγὼ
1294 2569 1372 2612 ζωὴν
1387 2569 1495 2612 αἰώνιον
1510 2570 1604 2607 δίδωμι
1624 2572 1726 2604 αὐτοῖς,
1742 2572 1786 2599 καὶ
1805 2573 1832 2600 ού
1847 2577 1882 2612 μὴ

1106 2610 1258 2637 ἀπόλωνται
1276 2611 1316 2642 εὶς
1331 2611 1377 2637 τὸν
1397 2611 1492 2645 αἰῶνα,
1506 2613 1553 2639 καὶ
1572 2613 1621 2649 οὐχ
1636 2614 1754 2650 ἁρπάσει
1766 2623 1806 2647 τις
1820 2615 1876 2643 αὑτι

1107 2652 1140 2678 ὲκ
1158 2652 1207 2686 τῆς
1220 2651 1310 2688 χειρός
1327 2661 1389 2687 μου.

1140 2692 1175 2719 29
1197 2693 1225 2719 '0
1241 2693 1336 2729 Πατήρ
1353 2703 1414 2729 μου,
1431 2695 1460 2726 ὃς
1475 2695 1574 2722 δέδωκέ
1591 2705 1646 2732 μοι,
1665 2697 1765 2732 μείζων
1785 2698 1878 2725 πάντων

1106 2734 1163 2777 ἔστι
1173 2742 1180 2749 ·
1192 2735 1244 2777 καὶ
1257 2735 1342 2768 οὐδεὶς
1357 2735 1468 2764 δύναται
1481 2738 1612 2773 ἁρπάζειν
1628 2740 1660 2767 ὲκ
1674 2741 1723 2776 τῆς
1744 2740 1826 2777 χειρὸς
1837 2742 1873 2768 τώ

1106 2775 1213 2811 Πατρός
1229 2784 1292 2811 μου.

1142 2817 1176 2845 '50
1199 2817 1269 2852 Ἐγὼ
1280 2820 1325 2846 καὶ
1339 2820 1351 2846 ἐ
1366 2818 1464 2852 Πατήρ.
1476 2820 1506 2848 ἓν
1519 2821 1611 2857 ἐσμεν,
