1953 3040
78 117 136 146 851

84 177 238 209 1·,“μφυτον,
255 174 456 211 αὐτόπρεμνον1
471 177 533 204 ὅθεν
548 177 618 211 φυτὰ
632 178 718 214 μυρία
731 178 843 213 κόσμου.

117 221 149 247 5|
167 218 250 247 Εἶπεν
267 221 367 253 Ἀναξ·
382 219 442 248 λαοὶ
462 222 490 249 δὲ
505 223 658 259 συνέρρεον,
675 225 707 250 ὲκ
718 223 832 250 δαπέδου
850 222 878 249 δὲ

82 267 161 297 Atia;
174 265 351 301 ἀνηέρταζον,
368 266 442 298 ὅπως
454 267 507 294 ὑπὸ
518 268 631 304 χερμάδι
643 268 728 304 λύσσῃ

85 310 205 345 Χριστὸν
216 310 375 337 ὀϊστεύσωσι
389 312 578 348 χαραδραίοισι
596 313 735 349 βελέμνοις
746 321 752 328 ·

81 358 119 385 3'2
141 356 243 391 Ἰησοῦς
258 357 280 383 δ’
297 356 476 392 ἀπάμειμπτο
488 359 557 393 χέων
577 359 757 395 πολυμεμφέα
771 360 875 395 φωνήν·

90 404 243 440 Ἦμετέρου
254 404 324 431 καλὰ
339 405 425 432 πολλά
437 406 500 441 παρ’
513 406 634 441 ὑψίστοιο
647 407 749 442 Τοκῆος

93 450 196 486 Ὑμέας
210 450 278 486 ἔργα
291 450 386 484 δίδαξα
397 451 486 488 τάπερ
504 452 602 488 μάθον·
615 453 675 480 ἀντὶ
684 453 756 485 τίνος
773 452 801 480 δὲ

84 497 188 531 Ἐργου
205 495 347 522 θεσπεσίου
360 496 455 532 φονίην
465 497 583 529 τίνοντες
597 497 725 533 ἀμοιὸὴν,

81 542 132 573 Εἰς
146 541 195 576 ὲμὲ
209 541 352 568 λαϊνέοισιν
364 541 539 578 ὲθωρὴχθητε
558 542 718 578 βελέμνοις;

81 587 117 614 55
132 587 197 614 Δαοὶ
215 586 237 613 δ’
251 586 418 623 ἀντιάχησαν
432 588 587 623 ἀμοιϐαδίς
604 589 642 615 Οὐ
655 588 735 624 χάριν
751 588 832 624 ἔργον

81 631 176 658 Καλοῦ
189 631 289 658 λύσσαν
306 631 414 667 ἔχοντες
428 631 580 664 ἀολλίζοντο
594 632 711 665 πολῖται,

83 677 176 712 Ὀφρα
189 686 220 704 σε
236 677 376 713 Μτρόεντι
393 677 591 714 κατακρύψωσι
604 678 712 714 χιτῶνι·

89 722 169 748 Ἀλλὰ
183 722 386 758 βαρυγλώσσοιο
401 723 462 749 τεοῦ
474 723 554 758 χάριν
566 723 745 759 ἀνθερεῶνος,

83 768 162 795 ὐττι
181 768 361 803 χαμαιγενέος
376 768 501 803 μεθέπων
521 768 663 804 βλάστημα
680 767 820 804 γενέθλης,

79 813 184 849 Θνητὺς
199 813 250 841 ἐὼν
265 814 370 845 ὲνέπεις
387 813 452 846 Θεὸς
465 814 592 849 ἔμμεναι.
609 814 643 842 54
660 814 809 850 ’Δντιπόρῳ
822 813 850 839 δὲ

80 858 198 895 Χριστὸς
210 859 414 894 ἀναμφήριστον
429 858 493 891 ἔπος
505 859 645 895 μυθήσατο
660 859 717 896 λαῷ
727 867 733 875 ·

79 906 119 931 Οὐ
133 905 214 940 νόμος
231 905 333 940 ὑμείων
346 905 542 941 κεχαραγμένα
556 905 641 932 ταῦτα
653 905 777 941 κομίζει·

78 946 165 974 Εἶπον
174 947 237 982 ὲγώ·
247 947 308 974 Θεοί
321 949 398 981 tore;
409 948 443 975 55
451 949 504 975 Καὶ
515 950 537 976 εί
548 949 661 986 χθονίων
669 950 744 982 τινὰς
757 950 872 986 ἀνδρῶν,

79 989 129 1023 οἷς
142 991 203 1018 τότε
219 992 316 1027 μοῦνον
332 992 407 1019 ἵκανε
421 992 488 1020 Θεοῦ
505 994 584 1028 λόγος
598 992 656 1026 ἴσος
667 994 775 1030 ὀνείρῳ,

85 1037 236 1073 ’Υμετέρου
250 1037 359 1073 θεσμοῖο
375 1038 451 1070 θεοὺς
466 1039 612 1067 ὲκάλεσσεν
628 1039 714 1076 ἀοιδὴ,

80 1082 137 1112 Καὶ
148 1082 287 1118 γραφικῆς
307 1082 408 1117 βίϐλοιο
423 1083 584 1116 παλίλλυτος
602 1083 718 1120 ἔμμεναι
729 1085 803 1122 ὀμφὴ

79 1129 117 1155 UO
128 1127 251 1162 δύναται·
266 1128 300 1156 56
307 1129 393 1164 Λόγον
404 1129 483 1156 αὐτὸν
491 1129 680 1166 ὕνὙψιμέδων
689 1131 756 1167 πόρε
768 1132 872 1167 κόσμῳ,

78 1174 136 1201 Καὶ
147 1174 270 1210 καθαρῆς
286 1174 416 1210 παλάμης
435 1175 504 1210 ἁγίῳ
519 1176 706 1212 σφρηγίσσατο
721 1176 825 1213 θεσμῷ,

85 1222 182 1257 Ὑμεῖς
195 1221 299 1258 ἄφρονα
316 1220 400 1257 μῦθον
417 1221 620 1255 ὲπεφθέγξασθε
640 1222 780 1257 μανέντες,

79 1267 158 1294 Ὅττι
174 1266 240 1294 Θεοῦ
258 1266 372 1300 ζώοντος
385 1266 441 1302 ἐγὼ
457 1267 536 1299 Παῖς.
553 1267 589 1294 57
612 1267 761 1303 Ἦμετέρου
779 1267 808 1295 δὲ

79 1314 113 1340 El
132 1314 169 1349 μὴ
188 1313 243 1348 ἐγὼ
258 1314 342 1340 τελέω
354 1313 493 1350 ζωαρκὲος
506 1313 575 1350 ἔργα
587 1314 702 1349 Τοκῆος,

81 1361 130 1395 Μή
143 1360 206 1387 ποτέ
222 1369 266 1396 μοι
283 1360 423 1387 πείθεσθε·
440 1359 475 1387 5R
489 1360 535 1386 καὶ
551 1360 576 1386 εί
590 1359 729 1396 βιοδὼτορι
745 1360 822 1397 μύθῳ

89 1406 242 1442 Ὶίμετέρου
260 1405 407 1441 Γενετῆρος
424 1405 571 1442 ὰτέρμονος
583 1406 644 1438 ἄξια
657 1405 727 1441 ῥέζω

85 1452 199 1486 Ἔργοις
216 1451 371 1487 ἡμετέροις,
387 1451 476 1485 τάπερ
490 1451 588 1488 ἔδρακε
604 1451 709 1487 μάρτυς
721 1451 829 1488 ὀπωπή,

85 1498 178 1532 Ὀφρα
197 1505 228 1524 κε
242 1497 400 1532 γινώσκοιτε
415 1496 584 1532 θεοπνεύστῳ
601 1497 653 1523 τινὶ
671 1497 758 1533 μύθῳ,

83 1543 129 1575 Ὦς
143 1543 172 1568 ἐν
185 1542 246 1578 ἐμοὶ
260 1541 363 1569 τελέθει
374 1542 489 1577 Γενέτης
505 1542 587 1577 ἐμός·
604 1542 661 1569 ὄττι
677 1542 723 1569 καὶ
738 1543 818 1575 αὐτὸς

85 1587 262 1624 ’Δγχιφανὴς,
276 1587 432 1624 ἀμέριστός,
448 1586 580 1622 ὁμόζυγός
599 1588 656 1623 είμι
671 1588 785 1624 Τοκῆος.

107 1632 144 1660 59
160 1633 263 1670 Ἰησοῦν
271 1633 295 1661 δ’
305 1634 434 1669 ἀκίχητον
443 1633 623 1669 ἐπειρήσαντο
631 1631 734 1664 πιέζειν

82 1680 165 1714 120
185 1678 330 1716 ’Δφραδέες
348 1679 420 1712 τινὲς
439 1678 536 1715 ἄνδρες
548 1687 555 1694 ·
574 1679 590 1707 ὁ
611 1679 640 1707 δὲ
661 1679 791 1716 φθαμένῳ
813 1680 874 1708 ποδὶ

727 1725 839 1762 [βαίνων

83 1769 243 1797 Δυσσεὸέων
259 1769 313 1797 ἀπὸ
328 1771 428 1806 χειρὸς,
445 1770 481 1798 40
501 1770 645 1808 Ἰορδανοῖο
665 1771 775 1807 ῥεέθρου

83 1815 171 1848 Ηέζαν
184 1817 214 1847 ἐς
233 1816 408 1851 ἀντιπέραιαν
425 1816 553 1852 ἐχάζετο·
570 1817 601 1845 41
617 1818 664 1845 καί
678 1819 702 1844 οί
717 1818 782 1844 ἰόντι

84 1862 217 1893 ’Λσπετος
231 1861 387 1898 ὀμάρτησεν
404 1862 570 1898 όμοστιχέων
584 1863 661 1898 χορὸς
672 1862 785 1898 ἀνδρῶν.

84 1907 175 1943 ’Δλλῳ
192 1907 214 1934 δ’
228 1907 308 1939 ἄλλος
321 1907 395 1939 ἔλεξε
410 1907 480 1943 χέων
498 1907 577 1943 πειθή
583 1917 650 1943 μονα
668 1907 765 1943 βουλήν
775 1916 782 1923 ·

83 1951 180 1988 θαῦμα
195 1952 244 1987 μὲν
260 1951 446 1988 ὲμπεδόμυθος
460 1953 525 1980 ίδετν
540 1952 653 1989 Θηήτορι
665 1952 722 1988 λαῷ

84 1998 164 2024 Οὐδὲν
185 1998 310 2033 Ἰωάννης
328 1997 499 2025 ἐπεδείκνυεν
509 2005 516 2013 °
531 1998 603 2034 ἀμφὶ
617 1998 646 2025 δὲ
665 1998 760 2024 τούτου

84 2044 228 2079 Ὀμμασιν
241 2044 422 2071 ἀπλανέεσσιν
439 2044 560 2079 ἐτήτυμα
575 2043 663 2071 πάντα
676 2043 779 2071 δοκεύω

85 2088 214 2117 Ὀππόσα
227 2091 315 2122 κεῖνος
333 2089 416 2122 ἔλεξε.
434 2089 470 2116 42
487 2088 542 2115 Καὶ
569 2088 663 2124 ἀνέρες
677 2088 770 2115 αὐτόθι
785 2089 874 2117 πολλοὶ

83 2136 160 2163 Παιδί
170 2136 237 2163 Θεοῦ
254 2136 389 2168 πίστευον,
401 2135 546 2172 ἀμιμήτων
561 2134 641 2171 χᾶριν
656 2134 753 2168 ἔργων.

577 120 820 150 PARAPHRASIS
835 119 869 149 IN
886 119 1055 150 JOANNEM.
1074 136 1109 144 ι-
1126 123 1203 152 CAP.
1221 123 1245 152 X

1662 130 1715 160 838

893 178 1017 212 Agentis
1041 186 1148 211 sumus,
1177 179 1304 214 insitum,
1319 188 1367 216 per
1395 189 1425 210 se
1451 182 1618 216 radicatum.
1641 187 1715 214 unde

930 223 1030 258 plantae
1050 223 1164 252 inﬁnitae
1175 226 1279 254 mundi.

963 268 993 296 51
1009 268 1082 296 Dixit
1096 269 1164 304 Rex;
1174 272 1290 306 populus
1304 276 1393 299 autem
1405 272 1578 305 conﬂuxit,et
1591 283 1624 302 ex
1638 276 1714 311 pavi-

929 319 1020 342 mento
1029 314 1145 351 Lapides
1156 317 1279 349 sustulit,
1289 315 1445 350 ullapidum
1457 324 1624 354 arreptoruln
1638 321 1713 350 rabie

928 359 1066 388 Christum
1077 361 1246 396 iacularetur
1259 371 1290 391 ex
1303 363 1363 391 loco
1375 365 1539 400 confragoso
1547 366 1625 394 lectis
1636 367 1714 401 jacue

928 405 970 432 lis.
981 407 1015 434 52
1025 406 1106 435 Jesus
1121 413 1210 436 autem
1223 410 1375 444 respondit,
1389 410 1505 438 fundens
1518 413 1714 447 expostulant-

927 459 987 478 cem
1003 460 1096 480 vocem
1110 462 1117 480 :
1133 453 1231 481 Nostro
1248 454 1318 481 bona
1336 456 1421 483 multa
1436 456 1470 482 ab
1486 456 1621 484 altissimo
1634 456 1714 484 Patre

928 496 982 525 Vos
990 506 1071 533 opera
1080 498 1160 526 docui
1171 507 1232 535 quat
1243 499 1324 527 didici
1334 510 1341 528 :
1351 509 1399 535 pro
1407 509 1462 536 quo
1475 505 1565 529 autem
1576 501 1663 537 Opere
1674 503 1714 530 di-

927 543 989 570 vino
1001 543 1200 571 homicidialem
1209 544 1393 580 persolventes
1404 546 1622 581 retributionem,
1631 546 1659 574 In
1671 541 1715 574 me

929 588 1059 623 lapidosis
1075 590 1209 617 exarmati
1224 591 1292 618 estis
1305 591 1428 626 jaculis?
1444 592 1479 620 35
1489 592 1611 627 Populus
1623 596 1714 621 autem

927 635 1067 669 respondit
1100 635 1221 663 vicissim
1247 645 1254 663 :
1280 635 1339 663 Non
1370 640 1481 671 propter
1510 645 1580 672 opus
1607 637 1713 665 Bonum

927 680 1029 708 rabiem
1049 680 1185 709 habentes
1203 683 1360 717 congregati
1374 688 1439 711 sunt
1455 684 1540 717 cives,
1556 684 1590 712 Ut
1606 688 1632 712 te
1644 684 1713 721 lapi-

926 726 992 754 dosa
1008 727 1146 754 occultent
1169 727 1280 761 tunica;
1297 727 1349 756 Sed
1375 729 1538 757 maledicum
1555 735 1631 758 tuum
1648 739 1714 767 pro-

934 776 996 808 pter
1011 781 1051 805 os,
1070 773 1146 806 Quod
1166 778 1278 801 terrena:
1303 774 1407 803 habens
1432 783 1541 810 germen
1563 778 1715 812 generatio-

927 817 979 849 nis,
993 816 1116 844 Mortalis
1130 819 1276 851 exsistens,
1296 819 1366 847 dicis
1379 823 1405 848 te
1420 820 1504 848 Deum
1516 829 1587 850 esse.
1611 824 1646 850 54
1659 822 1714 858 0p-

927 863 1016 898 posito
1050 868 1140 890 autem
1174 863 1302 892 Christus
1336 865 1520 894 indubitatum
1558 875 1712 896 sermonem

924 908 993 935 dixit
1008 909 1128 943 populo:
1147 908 1241 936 Nonne
1263 910 1304 936 lex
1328 914 1418 938 vostra
1444 912 1550 946 signata
1573 913 1631 940 haec
1645 921 1711 949 pro-

925 953 978 980 fert
994 963 1000 980 :
1017 953 1075 981 Dixi
1099 961 1168 989 ego:
1185 953 1225 981 Dii
1247 955 1335 982 estis?
1361 956 1395 983 55
1423 956 1466 989 Et,
1489 957 1512 985 si
1533 960 1710 988 terrestribus

925 999 1059 1034 quosdam
1081 1007 1113 1027 ex
1136 1000 1213 1033 viris,
1241 1001 1281 1028 Ad
1306 1009 1375 1036 quos
1391 1006 1456 1029 tunc
1475 1003 1562 1030 solum
1576 1004 1650 1031 venit
1665 1003 1713 1032 Dei

924 1045 1036 1072 verbum
1059 1045 1147 1073 simile
1174 1046 1290 1079 somnio,
1309 1045 1414 1075 Vestrae
1438 1048 1506 1083 legis
1526 1048 1591 1076 deos
1605 1050 1714 1078 vocavit

926 1095 1030 1124 rantus,
1054 1091 1088 1118 Et
1110 1092 1204 1127 scripti
1229 1093 1291 1120 libri
1316 1093 1435 1121 rescissa
1463 1102 1525 1122 esse
1544 1095 1636 1123 divina
1660 1104 1712 1126 vox

923 1137 983 1164 Non
1001 1142 1106 1173 potest:
1131 1137 1165 1165 56
1191 1138 1225 1166 de
1249 1138 1339 1167 Verbo
1363 1140 1436 1174 quod
1462 1140 1615 1176 Altiregens
1639 1141 1713 1169 dedit

924 1184 1036 1217 mundo,
1052 1183 1084 1211 Et
1096 1191 1171 1219 pura:
1188 1192 1286 1212 manus
1300 1188 1394 1212 sancta
1409 1186 1563 1221 obsignavit
1574 1187 1644 1222 lege,
1656 1186 1712 1215 Vos

925 1229 1098 1265 insipientem
1129 1237 1283 1258 sermonem
1317 1231 1403 1259 locuti
1435 1232 1502 1260 estis
1533 1232 1714 1262 insanientes.

926 1274 995 1308 Quia
1011 1274 1059 1302 Dei
1075 1275 1128 1302 vivi
1149 1283 1199 1310 ego
1218 1281 1278 1303 sunt
1295 1275 1390 1304 Filius.
1408 1277 1442 1304 57
1453 1276 1545 1304 Nostri
1569 1271 1659 1305 autem
1682 1278 1712 1306 Si

925 1327 979 1346 non
1000 1326 1050 1354 ego
1072 1319 1184 1354 perﬁcio
1209 1320 1300 1348 vitalis
1324 1328 1407 1355 opera
1431 1320 1532 1354 Patris,
1567 1321 1712 1356 Nunquam

925 1365 989 1392 mihi
1011 1365 1123 1393 creditis
1139 1374 1146 1392 :
1162 1365 1196 1393 38
1217 1370 1244 1394 et
1264 1366 1287 1394 si
1305 1367 1367 1394 vitae
1388 1366 1484 1394 datore
1507 1367 1590 1395 verbo
1613 1367 1713 1396 Nostro

925 1410 1004 1438 Patre
1023 1415 1126 1439 mterno
1150 1411 1230 1447 digna
1258 1412 1330 1440 facio
1355 1413 1489 1448 Operibus
1514 1413 1628 1446 nostris,
1651 1421 1713 1449 qua

925 1459 994 1486 vidit
1016 1460 1165 1487 testiﬁcans
1183 1459 1271 1491 visus,
1287 1459 1322 1488 Ut
1337 1461 1509 1495 cognoscatis
1524 1468 1539 1488 a
1554 1460 1612 1489 Deo
1626 1463 1712 1498 inspi-

888 1516 908 1544 ο
926 1510 986 1534 rato
998 1507 1115 1542 quodam
1127 1514 1264 1539 sermone,
1281 1507 1360 1540 Quod
1375 1508 1402 1534 in
1416 1515 1459 1535 me
1471 1512 1513 1535 est
1523 1507 1604 1535 Pater
1616 1516 1710 1543 meus;

924 1549 996 1590 quod
1018 1559 1045 1582 et
1068 1555 1126 1590 ipse
1153 1555 1241 1591 Prope
1265 1563 1411 1591 apparens,
1430 1556 1575 1588 indivisus,
1601 1564 1712 1592 compar

924 1610 985 1630 sum
1002 1602 1086 1629 Patri.
1114 1603 1148 1631 59
1174 1603 1266 1632 Jesum
1292 1609 1381 1631 autem
1410 1604 1710 1640 inromprehcnsibilem

925 1654 1065 1678 tentarunt
1089 1659 1187 1685 capere
1200 1652 1276 1686 121
1293 1651 1481 1687 Imprudentes
1503 1653 1614 1688 quidam
1638 1653 1709 1681 viri:

924 1699 970 1726 ille
987 1702 1077 1726 autem
1099 1699 1180 1726 celeri
1207 1700 1275 1734 pede
1297 1699 1416 1727 evadens
1432 1699 1578 1735 lmpiorum
1593 1709 1609 1728 e
1623 1701 1711 1728 mani-

924 1746 985 1779 bus,
1005 1747 1040 1775 40
1049 1747 1160 1774 .lordani
1181 1746 1256 1774 ﬂuvii
1277 1746 1423 1782 Hegionem
1442 1748 1469 1775 in
1483 1748 1636 1783 oppositam
1652 1747 1711 1776 dis-

925 1795 1026 1830 cessit;
1047 1796 1079 1823 M
1099 1799 1129 1822 et
1145 1795 1232 1830 ipsum
1253 1800 1363 1824 euntem
1384 1797 1510 1825 Iniinitus
1545 1797 1712 1833 sequebatur

925 1843 1007 1871 simul
1027 1842 1183 1871 vadentium
1204 1847 1293 1871 coitus
1313 1844 1442 1872 virorum.
1463 1845 1516 1872 Alii
1529 1849 1619 1872 autem
1641 1845 1713 1873 alius

925 1892 1011 1924 dixit,
1040 1890 1157 1918 fundens
1182 1892 1318 1918 credulam
1348 1893 1534 1921 sententiam:
1551 1893 1711 1921 Miraculum

924 1940 1034 1976 quidem
1048 1939 1220 1974 ﬁrmiloquus
1232 1939 1265 1966 ad
1277 1939 1422 1968 videndum
1438 1941 1593 1976 inspieienti
1611 1943 1711 1978 populo

925 1987 1035 2015 Nullum
1050 1986 1171 2014 Joannes
1186 1987 1364 2020 monstravit;
1382 1987 1415 2015 de
1436 1988 1489 2015 hoc
1509 1993 1599 2016 autem
1617 1988 1712 2017 Oculis

926 2043 981 2063 non
1006 2034 1165 2063 errantibus
1183 2042 1246 2062 vera
1261 2035 1353 2062 omnia
1374 2035 1452 2062 rideo
1467 2035 1644 2072 Quaecunque
1666 2037 1712 2065 ille

926 2084 1005 2112 dixit.
1019 2083 1055 2112 42
1070 2082 1102 2110 Ει
1115 2082 1166 2110 viri
1188 2082 1225 2110 ibi
1249 2082 1327 2109 multi
1342 2081 1411 2110 Filio
1423 2082 1471 2111 Dei
1498 2084 1647 2112 credebant
1669 2085 1711 2112 in-

928 2132 1072 2161 imitabilia
1089 2135 1201 2167 propter
1214 2138 1307 2166 opera.

61 2205 73 2223 ο
590 2192 602 2202 ³
681 2197 824 2226 TEXTUS
843 2199 858 2226 E

929 2195 1110 2226 ίϐΕΙιΙΞΤΛΕ.

116 2259 146 2287 51
173 2257 341 2285 Ἐὃάστασαν
361 2254 407 2284 οὖν
426 2257 505 2284 πάλιν
526 2256 615 2288 λίθους
636 2255 662 2282 οἱ
678 2255 809 2289 Ἰουδαῖοι,
828 2256 871 2284 ἵνα
888 2259 909 2286 D
957 2255 990 2282 37
1006 2254 1038 2280 Εί
1059 2253 1090 2279 οὺ
1113 2251 1181 2278 ποιῶ
1199 2251 1234 2278 τὰ
1257 2251 1324 2287 ἔργα
1346 2251 1392 2278 τοῦ
1409 2252 1513 2288 Πατρός
1530 2261 1590 2287 μου,
1607 2254 1644 2290 μὴ
1666 2265 1711 2282 πι-

82 2300 229 2328 λιθάσωσιν
243 2298 335 2326 αὐτόν.

114 2342 151 2370 52
177 2339 326 2377 Ἀπεκρίθη
340 2340 432 2373 αὐτοῖς
446 2341 460 2368 ό
479 2338 593 2375 Ἰησοῦς
617 2338 705 2366 Πολλὰ
720 2338 790 2366 καλά
804 2338 872 2374 ἔργα

82 2383 169 2416 ἔδειξα
191 2382 255 2418 ὑμῖν
276 2382 309 2408 ὲκ
329 2381 376 2409 τοῦ
399 2381 506 2418 Πατρός
528 2389 595 2417 μου·
622 2380 666 2407 διὰ
692 2381 766 2407 ποῖον
783 2380 872 2407 αὐτῶν

82 2426 162 2462 ἔργον
178 2423 302 2456 λιθάζετέ
323 2432 356 2459 με
367 2432 374 2456 ;

115 2469 152 2496 55
165 2465 366 2502 ’Δπεκρίθησαν
382 2465 455 2501 αὐτῷ
466 2465 490 2492 οἱ
509 2464 640 2495 Ἰουδαῖοι,
651 2463 773 2497 λέγοντες
782 2472 788 2479 ·
804 2464 841 2490 Iis
847 2463 873 2500 ρὶ

82 2508 165 2537 καλοῦ
180 2508 261 2544 ἔργου
275 2508 305 2534 οὐ
317 2506 462 2543 λιθάζομέν
476 2515 516 2537 σε,
527 2505 595 2533 ἀλλὰ
609 2506 674 2541 περὶ
690 2504 874 2540 βλασφημίας,

81 2551 129 2579 καί
147 2550 188 2577 ὅτι
204 2550 236 2576 σὺ
253 2549 396 2585 ἄνθρωπος
410 2548 449 2575 ὼν
465 2549 550 2579 ποιεῖς
565 2546 678 2574 σεαυτὸν
691 2546 768 2573 Θεόν.

115 2592 153 2619 54
172 2590 319 2626 Ἀπεκρίθη
331 2591 423 2622 αὐτοῖς
437 2591 452 2617 ὁ
470 2589 571 2624 Ἰησοῦς
581 2597 588 2604 ’
606 2588 663 2615 Οὐκ
681 2587 738 2613 ἔστι
753 2595 875 2622 γεγραμ-

83 2634 165 2670 μένον
176 2633 205 2660 ὲν
219 2632 258 2668 τῷ
272 2633 347 2668 νόμῳ
361 2632 451 2668 ὑμῶν·
474 2630 545 2665 Ἐγὼ
560 2628 636 2662 εἶπα,
651 2629 706 2655 θεοί
721 2629 799 2661 ὲστε;

119 2675 155 2703 55
176 2675 208 2701 Εί
228 2673 346 2705 ἐκείνους
367 2671 429 2700 εἷπε
448 2672 536 2704 θεοὺς,
552 2672 620 2708 πρὸς
640 2670 686 2703 οὓς
702 2672 715 2697 ὁ
732 2670 810 2704 λόγος
830 2669 874 2696 τοῦ

82 2716 152 2744 Θεοῦ
166 2715 283 2750 ἐγένετο,
298 2716 345 2742 καὶ
360 2715 390 2742 οὺ
404 2714 514 2741 δύναται
525 2713 638 2748 λυθῆναι
652 2713 668 2748 ἡ
683 2712 777 2747 Γραφή
789 2719 797 2726 ”

119 2758 154 2785 56
173 2758 221 2784 ’ον
243 2757 258 2783 ὁ
279 2757 375 2792 Πατὴρ
394 2756 491 2792 ὴγίασε
515 2754 562 2781 καὶ
588 2753 746 2781 ἀπέστειλεν
770 2753 811 2792 είς
833 2752 878 2778 τὸν

84 2799 198 2835 κόσμον,
215 2799 293 2834 ὑμεῖς
310 2791 417 2832 λέγετε·
432 2798 491 2824 Ὀτι
514 2797 682 2832 βλασφημεῖς
694 2804 701 2811 ·
722 2795 763 2822 ὅτι
787 2791 876 2822 εἷπον·

86 2841 150 2874 rm;
171 2839 218 2867 τοῦ
236 2839 304 2866 Θεοῦ
322 2840 394 2876 είμις

923 2295 1032 2323 στεύετέ
1049 2301 1094 2329 μοι
1104 2309 1113 2319 .

957 2336 992 2364 38
1007 2336 1039 2362 Εί
1051 2335 1080 2361 δὲ
1092 2333 1171 2366 ποιῶ,
1187 2333 1238 2361 κᾶν
1252 2333 1314 2369 ἐμοὶ
1330 2333 1366 2370 μὴ
1381 2334 1537 2370 πιστεύητε.
1553 2336 1609 2368 τοὶς
1622 2336 1712 2374 ἔργοις

923 2377 1101 2405 πιστεύσατεο
1122 2376 1165 2402 ῐνα
1182 2375 1269 2409 γνῶτε
1291 2375 1339 2403 καὶ
1360 2375 1521 2412 πιστεύσητε
1542 2377 1584 2403 ὅτι
1607 2378 1635 2405 ἐν
1651 2379 1713 2415 ἐμοὶ

923 2421 937 2448 ό
953 2418 1057 2454 Πατὴρ,
1074 2416 1154 2451 κάγὼ
1163 2417 1192 2443 ὲν
1205 2416 1290 2452 αὐτῷ.

959 2462 993 2490 59
1011 2460 1138 2496 Ἐζήτουν
1147 2457 1194 2486 οὗν
1211 2459 1293 2486 πάλιν
1312 2459 1392 2486 αὑτὸν
1406 2459 1518 2486 πιάσαι⁹
1535 2460 1583 2487 καὶ
1602 2460 1713 2497 ἐξῆλθεν

926 2504 958 2530 ὲκ
976 2502 1025 2538 τῆς
1042 2500 1133 2537 χειρὸς
1149 2500 1250 2527 αὐτῶν.

960 2544 995 2571 40
1005 2543 1059 2571 Καὶ
1071 2541 1177 2577 ἀπῆλθε
1194 2541 1276 2568 πάλιν
1297 2542 1384 2577 πέραν
1400 2542 1446 2568 τοῦ
1467 2542 1598 2577 Ἰορδάνου
1617 2544 1657 2575 είς
1669 2543 1714 2571 τὺν

925 2587 1006 2613 τόπον
1026 2585 1093 2611 ὅπου
1113 2581 1148 2619 ἦν
1173 2583 1300 2619 Ἰωάννης
1312 2583 1343 2610 τὸ
1362 2583 1470 2618 πρῶτον
1488 2583 1642 2618 βαπτίζωνο
1666 2585 1714 2612 καὶ

926 2627 1032 2663 ἔμεινεν
1042 2626 1110 2653 ἐκεῖ.

962 2668 993 2695 41
1019 2667 1073 2695 Καὶ
1098 2665 1189 2693 πολλοὶ
1209 2663 1291 2701 ἦλθον
1311 2665 1381 2700 πρὸς
1405 2665 1504 2697 αὐτὸν,
1532 2666 1579 2693 καὶ
1605 2666 1712 2700 ἔλεγον

927 2710 989 2737 Ὅτι
1011 2709 1136 2743 Ἰωάννης
1155 2707 1205 2743 μὲν
1227 2708 1339 2742 σημεῖον
1359 2707 1489 2741 ἐποίησεν
1513 2707 1606 2734 οὐδέν·
1626 2706 1718 2734 πάντα.

927 2751 955 2778 δὲ
973 2751 1024 2777 ὅσα
1037 2748 1114 2777 εἶπεν
1131 2748 1258 2784 Ἰωάννης
1273 2748 1337 2784 περὶ
1348 2747 1456 2781 τούτου,
1474 2747 1562 2783 ἀληθῆ
1580 2745 1625 2784 ἦν.

963 2792 997 2820 42
1007 2791 1061 2818 Καὶ
1073 2791 1235 2818 ἐπίστευσαν
1251 2789 1344 2816 πολλοὶ
1353 2789 1412 2817 ἐκεῖ
1422 2789 1462 2821 είς
1474 2788 1565 2816 αὐτόν.
