1953 3040
237 138 289 169 839

559 188 636 218 CAP.
655 187 701 215 XI.

274 242 286 268 Ι
304 239 369 267 Erat
387 242 477 266 autem
495 235 606 271 quidam
623 234 748 262 inﬁrmus
764 230 894 258 morboso
904 230 965 265 igne
975 228 1027 256 La-

239 293 321 316 zarus
349 285 391 312 vir
417 283 491 310 lntra
519 281 680 309 Bcthaniam
711 278 857 310 celebrem,
884 276 1027 304 castellum

241 331 352 360 Martha
375 333 402 357 et
425 328 525 355 Mariae.
552 326 570 353 2
596 325 679 353 Maria
704 328 794 351 autem
819 322 963 362 dicebatur
983 321 1027 348 illa

239 377 342 406 Christi
366 375 551 411 pulchricoma
579 372 626 399 Dei
652 370 803 405 susceptrix
827 378 834 396 :
860 376 920 403 qum
945 367 1029 402 pedes

240 423 328 458 ipsius
350 420 488 454 Utrosque
518 418 598 445 unxit
622 417 754 451 unguenti
781 414 929 448 fragrantis
956 420 1027 442 rorc.

241 457 274 495 Et
298 467 405 502 capillis
435 464 582 495 abstersit;
612 467 640 490 et
665 461 765 489 divinis
790 468 804 486 ει
834 459 948 494 pedibus
978 457 1031 484 Per

241 520 347 541 summa
365 512 455 538 nitcns
475 509 574 544 rigavit
597 506 779 534 madefactum
804 505 920 532 humore
941 502 1029 538 capil-

242 560 313 591 lum,
339 557 441 584 Christi
469 555 656 590 pnlchricoma
682 552 727 579 Dei
753 551 926 586 susceplrix,
951 549 1030 584 cujus

242 610 307 634 tunc
326 603 414 630 calido
432 601 559 628 Morboso
582 599 674 635 gravia
694 599 797 625 habens
813 604 901 632 genua
919 601 1031 631 torque-

242 649 323 676 batur
339 647 423 674 frater
440 651 519 673 mstu.
531 646 549 672 3
565 645 680 672 Sorores
698 647 788 670 alitem
802 642 903 669 infirmi
919 641 1031 668 fratrem

243 701 306 721 cum
322 693 453 719 vidissent
466 692 552 718 ambae
567 690 749 718 Membrivora
766 689 844 724 plaga
855 687 1031 718 labefactum,

243 740 364 766 vicinum
391 738 483 770 morti,
509 737 662 764 Commune
694 735 809 763 verbum
843 734 1033 769 prmmiscrant

245 787 346 814 malum
363 784 508 820 depcllcnti
525 783 591 818 [tegi
606 793 612 810 :
630 782 750 810 Lazarus
765 789 846 816 quem
863 780 954 815 diligis
974 783 1032 806 tor-

245 837 344 867 quetur
354 831 431 865 nigro
446 830 558 862 morbo;
571 834 650 864 quem
662 828 753 863 diligis
764 827 854 855 visita.
865 827 881 853 4
895 827 927 853 ΕΙ.
941 825 1033 853 sonuit

245 887 340 907 vocem
357 878 470 905 audiens
484 877 612 904 Christus
627 884 691 903 rex:
707 875 766 902 Non
784 875 835 902 viri
853 874 886 901 ad
901 878 1032 901 aeternam

245 931 360 955 mortem
371 926 524 954 Morbosam
538 925 610 952 hanc
621 931 720 952 noxam
736 923 845 950 fervida
860 922 1034 950 adduxerunt

247 976 330 1009 homo,
351 975 404 1002 Sed
423 974 470 1001 Dei
493 974 550 1001 haec
564 973 651 1008 gloria
671 972 810 1002 sublimis,
828 975 859 998 ut
880 978 928 1006 per
943 970 1033 1005 ipsum

247 1023 370 1051 Hominis
385 1023 486 1050 charns
500 1021 586 1048 Filius
603 1028 647 1050 rex
661 1021 795 1048 exalletur
811 1019 966 1047 Honoribus
983 1019 1035 1046 im-

248 1072 420 1099 mortalibnS.
438 1070 454 1096 5
474 1069 629 1104 Hospitales
644 1072 735 1095 autem
756 1068 873 1096 feminas
893 1066 974 1095 Jesus
993 1067 1036 1094 di-

248 1120 314 1146 lexit
337 1119 425 1146 amica
450 1117 568 1153 quadam
588 1116 798 1154 legc,Martham
823 1119 850 1143 et
874 1115 987 1143 Mariam
1010 1119 1037 1143 ct

250 1169 394 1195 Lazarum.
412 1167 428 1193 6
448 1166 477 1192 In
493 1167 554 1194 loco
575 1169 665 1192 autem
678 1165 744 1192 Cum
767 1165 891 1192 audisset
910 1165 1037 1202 n‘nntium

248 1216 320 1252 quod
333 1215 454 1242 Lazarus
468 1213 501 1240 ad
515 1217 630 1240 mortem
646 1219 762 1246 vergens
771 1211 893 1243 Jaccbat.
909 1212 1038 1240 morboso

249 1264 350 1299 ligatus
366 1262 496 1290 membris
511 1261 633 1293 vinculo,
657 1259 797 1294 Duplicem
814 1261 946 1295 praeteriit
963 1268 1038 1288 mor-

250 1311 338 1340 tiferze
357 1318 470 1337 cursum
496 1317 614 1337 aurorm.

287 1359 366 1394 122
378 1358 393 1384 7
409 1357 443 1384 Et
463 1361 525 1392 post
547 1356 682 1391 duplicem
699 1356 771 1385 dicm
787 1356 844 1385 suis
869 1355 939 1384 dixit
958 1356 1041 1385 disci-

252 1407 323 1443 pulis
339 1415 346 1433 :
363 1406 463 1433 Eamus
478 1405 510 1433 ad
528 1405 633 1434 clarum
656 1405 743 1432 solum
761 1404 918 1432 Iudaeorum
944 1413 1041 1434 rursus

252 1458 387 1486 virorum.
404 1457 420 1484 8
435 1456 466 1482 Et
476 1456 564 1490 ipsum
579 1455 760 1490 reprimentes
777 1455 888 1483 allocuti
907 1459 972 1482 sunt
985 1455 1043 1483 dis-

252 1507 335 1542 cipuli
349 1517 355 1533 :
377 1505 516 1542 Magister,
533 1504 633 1534 Iudaeae
645 1505 767 1532 furentes
778 1505 860 1533 modo
873 1506 948 1534 civt‘s
965 1505 1043 1541 Lapi-

252 1555 329 1583 dosis
343 1554 502 1589 quaerebant
516 1553 640 1588 iaculare
656 1559 681 1581 te
696 1554 814 1589 sagittis,
839 1554 872 1581 Et
897 1559 924 1581 tu
949 1555 1042 1583 venire

253 1602 295 1630 vis
319 1602 366 1629 ubi
392 1601 506 1630 hostiles
527 1605 593 1629 sunt
611 1601 705 1629 cives?

284 1649 302 1678 9
317 1649 397 1679 Jesus
409 1654 500 1677 autem
516 1649 671 1684 respondit,
688 1649 835 1677 consolans
849 1651 967 1685 quodam
982 1659 1044 1680 ser—

255 1705 335 1725 mone
350 1696 527 1726 Communem
536 1697 749 1725 domesticorum
761 1700 906 1733 querulum
921 1701 1042 1728 animum

256 1746 392 1774 sociorum
405 1755 411 1773 :
423 1746 478 1773 Dici
488 1754 541 1774 non
551 1751 614 1773 sunt
624 1745 768 1774 duodecim
782 1747 933 1776 circulares
948 1749 1044 1777 horas?

256 1793 306 1822 Die
318 1795 457 1822 exoriente
473 1795 561 1822 viator
575 1802 631 1822 non
645 1794 727 1823 ﬂectit
746 1794 845 1823 Pedem
865 1797 980 1825 lubricis
1000 1797 1042 1826 of-

257 1842 411 1871 fendentem
426 1843 542 1876 calceiS;
557 1844 590 1870 10
602 1843 653 1876 Qui
667 1852 731 1871 vero
746 1845 847 1872 incedit
859 1854 938 1874 caeca:
949 1854 1043 1876 comes

257 1891 381 1926 caliginis
407 1890 526 1920 Pedibus
552 1891 772 1928 indulgentibus,
800 1900 945 1922 erroueam
969 1896 1043 1923 viam

257 1938 303 1966 hic
319 1939 430 1967 incedit.

295 1987 325 2014 tl
349 1987 394 2015 Sic
419 1987 508 2019 dixit;
538 1992 565 2014 et
593 1987 692 2017 deinde
712 1996 841 2018 reversus
874 1991 943 2018 dixit
959 1991 1040 2020 disci-

258 2035 351 2070 pulis:
369 2035 501 2064 Somnum
526 2037 714 2065 necessarium
737 2042 765 2066 et
790 2039 961 2074 inculpatum
991 2042 1044 2069 La-

259 2091 339 2113 zarus
368 2085 487 2117 dormit,
506 2078 701 2113 Charissiums
728 2091 822 2115 noster
852 2088 970 2124 hospes;
998 2092 1046 2119 sed

260 2133 382 2161 transibo
399 2133 434 2161 Ut
456 2134 544 2168 ipsum
566 2141 581 2162 e
601 2141 700 2162 somno
722 2135 894 2171 reciprocum
917 2139 1044 2169 excitem.

861 2193 1001 2225 TEXTUS
1019 2198 1285 2232 EVANGELISTJE.

577 2251 656 2277 ΚΕΦ.
677 2252 729 2278 IA’.

297 2293 311 2320 ι
333 2289 387 2319 ’Ἦν
412 2291 439 2318 δέ
462 2300 503 2324 τις
528 2292 649 2319 ἀσθενῶν
675 2292 801 2329 Λάζαρος
825 2295 879 2322 ἀπὸ
902 2297 1048 2333 Βηθανίας,

262 2334 294 2384 ξιξ
316 2334 366 2380 τῆς
390 2333 486 2369 κώμης
512 2334 622 2370 Μαρίας
648 2334 695 2361 καὶ
717 2335 834 2371 Μάρθας
855 2338 905 2373 τῆς
933 2339 1051 2376 ἀδελφῆς

262 2383 359 2409 αυτης.

296 2417 314 2444 2
327 2415 392 2459 (Ἦν
404 2417 433 2444 δὲ
446 2417 539 2451 Μαρία
553 2417 713 2453 ὴὰλείψασα
726 2419 771 2445 τὸν
783 2419 885 2456 Κύριον
898 2422 988 2459 μύρῳ,
1003 2424 1051 2451 καὶ

263 2458 406 2500 ἐκμάξασα
418 2459 482 2500 τοὺς
500 2459 583 2490 πόδας
601 2460 684 2486 αὑτοῦ
708 2462 767 2493 ταῐς
779 2461 866 2498 θριξὶν
877 2458 979 2500 αὐτῆς·
992 2462 1026 2500 ἧς
1037 2467 1052 2493 ό

264 2499 375 2532 ἁδελφὸς
386 2499 509 2535 Λάζαρος
520 2500 650 2535 ἠσθένει.)

300 2540 318 2567 5
340 2539 512 2569 ’Λπέστειλαν
530 2539 575 2568 οὖν
596 2544 623 2569 αἱ
637 2543 751 2578 ἀδελφαὶ
766 2546 834 2581 πρὸς
849 2547 938 2580 αὑτὸν,
957 2546 1051 2582 λέγου-

267 2589 310 2608 σαι
319 2590 327 2597 ·
345 2581 441 2617 Κύριε,
455 2583 505 2613 ίδε,
519 2583 549 2609 ὃν
561 2584 657 2618 φιλεῖς,
670 2586 787 2614 ἀσθενεῖ.

299 2622 317 2649 4
330 2623 514 2666 ..Ἀκούσας
532 2625 546 2650 ὸ
559 2625 662 2661 Ἰησοῦς
682 2625 771 2654 εἶπεν·
791 2628 865 2665 Λῦτη
890 2631 907 2666 ὴ
927 2631 1053 2658 ἀσθένεια

266 2664 315 2691 οὐκ
329 2664 386 2706 ἔστι
399 2665 466 2700 πρὸς
479 2665 603 2700 θάνατον,
616 2667 673 2694 ἀλλ’
687 2668 756 2704 ὑπὲρ
766 2669 816 2704 τῆς
829 2664 906 2706 δόξης
916 2672 963 2698 τοῦ
973 2672 1052 2704 Θεοῦ,

267 2705 310 2733 ἵνα
323 2705 437 2741 δοξασθῇ
450 2707 464 2732 ὸ
483 2706 544 2739 Υἱὸς
556 2709 603 2735 τοῦ
616 2709 684 2735 Θεοῦ
698 2710 731 2736 δι’
742 2711 837 2747 αὐτῆς.

299 2748 316 2775 5
338 2748 445 2791 ᾚγᾲάπα
457 2749 485 2776 δὲ
497 2750 511 2776 ὁ
529 2750 632 2786 Ἰησοῦς
644 2751 692 2786 τὴν
709 2752 824 2788 Μάρθαν
839 2755 885 2781 καὶ
900 2755 951 2791 τὴν
973 2756 1050 2783 ἁδελ-

263 2791 318 2823 ιίῂν
329 2789 411 2823 αὐτῆς
432 2791 479 2816 καὶ
493 2791 538 2818 τὸν
556 2792 689 2827 Λάζαρον.

300 2829 318 2857 6
337 2831 381 2863 Ὧς
395 2829 440 2876 οξν
451 2832 567 2867 ἥκουσεν
583 2834 623 2859 ὅτι
639 2833 753 2869 ἀσθενεῖ,
772 2835 831 2863 τότε
846 2837 895 2872 μὲν
906 2837 1011 2874 ἔμεινεν
1021 2839 1050 2866 ἐν

872 125 978 156 ΝΟΝΝῙ
998 120 1251 152 I'ANOPOLITANI

1037 185 1062 214 Λ

1814 114 1876 144 8ῑο

1391 178 1470 205 ΚΕΦ.
1492 178 1543 204 lA'.

1090 223 1163 255 ΙἭν
1170 227 1197 253 δέ
1204 233 1247 257 τις
1253 225 1387 260 ἀδρανέων
1394 222 1495 258 νοσερῷ
1510 221 1576 257 πυρὶ
1591 221 1714 256 Λάζαρος
1725 219 1797 255 ἀνὴρ

1078 271 1214 307 Βηθανίης
1238 269 1361 297 ἔντοσθεν
1400 268 1568 303 άειδομένης.
1584 266 1637 293 ἀπὸ
1654 265 1749 301 κώμης

1078 318 1192 354 Μάροης
1209 317 1256 344 καὶ
1271 315 1388 350 Μαρέης.
1401 314 1418 340 2
1434 313 1528 349 Μαρίη
1548 312 1576 338 δὲ
1594 310 1722 346 φατίζετο
1736 309 1817 345 κείνη

1079 364 1197 400 Χριστοῦ
1211 361 1383 396 καλλιὲθειρα
1397 359 1533 395 Θεηδόκος,
1546 358 1563 394 ἣ
1576 358 1659 389 πόδας
1675 355 1758 383 αὑτοῦ

1085 409 1269 446 ’Λμφοτέρους
1282 406 1375 443 ἠλειψε
1391 406 1477 441 μύρου
1493 404 1617 435 θυόεντος
1632 403 1724 438 ὲέρσῃ,

1080 455 1134 481 Καὶ
1151 454 1301 488 πλοκάμοις
1317 450 1453 486 ἀπέμαξε,
1468 450 1514 476 καὶ
1526 447 1682 484 ἀμϐροσίων
1694 446 1749 473 ἀπὺ
1759 445 1878 482 ταρσῶν

1086 500 1256 536 ’Λκροφανὴς
1271 498 1358 533 ἐδίηνε
1372 496 1514 532 διάδροχον
1529 494 1622 529 ἰκμάδι
1640 493 1746 528 χαίτην,

1080 546 1197 583 Χριστοῦ
1213 544 1385 579 καῺιὲθειρα
1396 542 1533 577 θεηδόκος·
1546 537 1580 576 ἧς
1591 539 1648 566 τότε
1663 538 1755 574 θερμῷ

1081 582 1226 626 Νουσαλέῳ
1239 589 1404 626 βαρύγουνος
1417 587 1546 623 ίμάσσετο
1564 585 1692 619 σύγγονος
1709 582 1800 618 άτμῷ.

1081 640 1098 667 5
1117 638 1221 665 Γνωταὶ
1231 637 1252 663 δ’
1265 635 1438 670 ἅδρανέοντος
1450 633 1573 668 ὁμόγνιον
1586 632 1623 662 ὡς
1636 631 1688 657 ίδον
1703 630 1790 664 ἄμφω

1082 683 1219 718 Γυιοϐόρῳ
1232 682 1343 717 μάστιγι
1357 677 1623 714 τετηκότα,’γείτονα
1635 675 1748 710 πότμου,

1082 730 1165 757 Ξυνδν
1177 729 1241 760 ἔπος
1252 727 1390 763 προέηκαν
1405 724 1558 757 ἀλεξικάκῳ
1572 722 1685 757 Βασιλῆῖ
1698 727 1706 734 ·

1084 777 1208 813 Λάζαρος
1219 775 1249 802 ὃν
1263 774 1363 809 φιλέεις
1381 772 1529 804 ὲλελίζεται
1543 770 1636 796 αἴθοπι
1648 768 1750 803 νούσῳ·

1087 824 1135 849 Ὃν
1154 822 1255 857 φιλέεις
1269 819 1409 851 σκοπίαζε.
1427 819 1444 846 4
1456 818 1512 844 Καὶ
1527 817 1586 851 ἴαχε
1605 815 1688 850 μῦθον
1700 813 1823 845 ἀκούσας

1049 860 1071 890 Β
1085 868 1200 905 Χριστὸς
1217 866 1297 899 ἄναξ³
1313 866 1349 892 Οὐ
1364 864 1452 899 φωτὸς
1468 864 1510 890 ἐπ’
1524 862 1613 897 ἀενάῳ
1626 861 1678 888 τινὶ
1692 861 1790 895 πότμῳ

1084 903 1235 941 Νουσαλέον
1250 912 1308 938 τόδε
1324 911 1404 945 πῆμα
1416 908 1571 944 πυρώπιδες
1584 908 1686 943 ἧγαγον
1698 903 1782 942 ὧραι·

1093 958 1171 986 ’Λλλὰ
1186 957 1253 984 Θεοῦ
1264 956 1323 983 τόδε
1336 955 1415 986 κῦδος
1428 954 1586 989 ὑπέρτερον,
1601 952 1672 987 ὄφρα
1691 952 1724 978 δι’
1738 951 1823 978 αὑτοῦ

1093 1003 1246 1039 Ἀνθρώπου
1258 1001 1333 1037 φίλος
1352 1000 1416 1031 Υἱὸς
1428 999 1494 1031 ἄναξ
1504 999 1654 1034 ὑψούμενος
1666 997 1708 1034 εἴη

1086 1051 1107 1077 Τ
1111 1051 1185 1085 ιμαίς
1195 1048 1355 1083 ἀθανάτῃσι.
1371 1047 1388 1074 5
1404 1045 1570 1078 Φιλοξείνους
1583 1045 1610 1071 δὲ
1623 1044 1754 1079 γυναῖκας

1092 1095 1195 1131 Ἰησοῦς
1205 1093 1330 1128 ἀγάπαζε
1342 1092 1510 1128 φιλοστόργῳ
1524 1091 1576 1118 τινὶ
1593 1090 1695 1126 θεσμῷ,

1087 1141 1211 1176 Μάρθην,
1223 1139 1268 1166 καὶ
1279 1139 1398 1174 Μαρίην,
1413 1138 1460 1164 καὶ
1475 1136 1607 1172 Λάζαρον.
1618 1136 1634 1163 6
1646 1137 1690 1162 Ἐν
1698 1135 1720 1162 δ’
1731 1136 1785 1171 ἄρα
1797 1135 1878 1172 χώρφ

1093 1187 1138 1218 Ὠς
1153 1185 1232 1212 κλύεν
1246 1184 1374 1219 ἀγγελίην
1389 1184 1430 1210 ὃτι
1444 1182 1568 1218 Λάζαρος
1580 1182 1632 1209 ἄϊδι
1646 1181 1731 1208 νεύων

1087 1231 1213 1263 Κέκλιτο,
1225 1229 1362 1265 νουσαλέῳ
1377 1227 1562 1264 πεπεδημένος
1577 1228 1646 1262 ἅψεα
1657 1226 1757 1262 δεσμῷ,

1089 1275 1231 1312 Διχθαδίης
1244 1274 1398 1311 παράμειὸε
1412 1273 1605 1308 τελεσσιμὸρου
1620 1272 1718 1308 δρόμον
1728 1270 1806 1306 ἠοῦς.

1130 1320 1208 1356 123
1222 1320 1236 1347 ’ί
1248 1320 1303 1346 Καὶ
1315 1319 1384 1355 μετὰ
1393 1316 1584 1354 δίζυγονῆμαρ
1597 1318 1652 1350 ἑοῖς
1665 1317 1778 1352 ἀγόρευε
1793 1317 1878 1351 μαθη-

1753 1361 1828 1398 [ταῖς
1836 1371 1844 1378 -

1093 1413 1183 1448 Ἶομεν
1196 1416 1223 1444 ἐς
1233 1412 1330 1439 κλυτὸν
1341 1409 1420 1443 οὖδας
1440 1410 1573 1438 Ἰουδαίων
1588 1410 1669 1437 πάλιν
1685 1409 1800 1446 ἀνδρῶν.

1093 1459 1109 1486 8
1123 1459 1176 1486 Καί
1189 1468 1234 1494 μιν
1249 1458 1457 1489 ἀναστέλλοντες
1474 1456 1674 1491 ὲπεφθέγξαντο
1688 1456 1809 1492 μαθηταί
1819 1464 1827 1472 ⁶

1100 1505 1218 1538 Ῥαῦϐὶν,
1241 1505 1371 1542 Ἱουδαίης
1384 1503 1529 1540 μανιώδεες
1543 1503 1606 1539 ἄρτι
1621 1502 1728 1529 πολῖται

1094 1552 1217 1584 Λαῖνέοις
1233 1553 1365 1588 μάστευον
1382 1551 1512 1578 ὀϊστεύειν
1528 1559 1556 1576 σε
1572 1550 1728 1585 βελέμνοις·

1095 1598 1150 1625 Καὶ
1167 1599 1199 1626 σὺ
1216 1599 1306 1634 μολεῖν
1317 1597 1417 1628 ἐθέλεις
1429 1597 1470 1623 ὅθι
1486 1597 1556 1633 δήῐοί
1569 1597 1621 1622 είσι
1639 1595 1764 1627 πολῖται,

1121 1647 1138 1674 9
1153 1643 1283 1679 ’Ῑησοῦςὸ“
1291 1643 1457 1679 ἀπάμειπτο,
1464 1642 1643 1678 παρηγορέων
1658 1641 1712 1669 τινὶ
1726 1641 1805 1675 μύθῳ

1094 1689 1177 1716 Ξυνὺν
1191 1689 1353 1725 ὁμωροφίων
1366 1689 1539 1724 νεμεσήμονα
1554 1688 1639 1723 θυμδν
1656 1686 1771 1722 ἑταίρων
1783 1695 1790 1701 ·

1097 1736 1220 1771 Ἤματος
1235 1736 1266 1761 οὺ
1281 1735 1396 1770 γεγάασι
1410 1735 1530 1762 δυώδεκα
1544 1734 1675 1765 κυκλάδες
1689 1730 1775 1769 ὥραις

1098 1782 1222 1817 Ἥματος
1241 1782 1411 1813 ἀντέλλοντος
1427 1781 1566 1817 ὁδοιπόρος
1581 1781 1678 1807 οὔποτε
1691 1780 1812 1816 κάμπτει

1097 1829 1204 1864 Ταρσὸν
1217 1828 1383 1864 ὀλισθηροῖσι
1397 1829 1603 1864 παραπταίοντα
1618 1828 1748 1859 πεδίλοις·

1098 1875 1131 1902 10
1149 1876 1196 1906 Ὃς
1210 1875 1238 1901 δὲ
1251 1875 1396 1911 διαστείχει
1411 1875 1569 1910 λιποφεγγέῐ
1586 1874 1731 1909 σύνδρομος
1740 1874 1829 1910 ὄρφνῃ

1100 1920 1184 1946 Ποσσὶ
1202 1919 1402 1956 χαριζομένοις,
1418 1920 1553 1956 σφαλερὴν
1570 1919 1628 1946 ὁδὸν
1645 1915 1722 1950 οὗτος
1735 1918 1832 1945 ὁδεύει.

1133 1965 1162 1992 il
1185 1967 1231 1998 Ὧς
1241 1966 1325 2000 φάτο·
1345 1967 1392 1993 καὶ
1409 1967 1478 2001 μετὰ
1489 1966 1568 1994 τοῦτο
1583 1966 1745 1996 παλίσσυτος
1755 1963 1814 1991 εἷπε
1831 1973 1881 1999 μου

1718 2011 1825 2047 [θηταῖς
1837 2018 1844 2025 ‘

1097 2056 1200 2083 ’Υπνον
1216 2058 1362 2092 ἀναγκαῖον
1377 2059 1424 2085 καὶ
1438 2058 1570 2094 ἀμεμφέα
1585 2058 1708 2092 Λάζαρος
1724 2057 1806 2089 εὕδει,

1097 2102 1224 2135 Φίλτατος
1241 2105 1344 2139 ἡμείων
1358 2104 1509 2140 ξεινηδόχος
1520 2112 1526 2118 ·
1551 2104 1617 2131 ἀλλὰ
1633 2104 1743 2139 περήσω

1100 2146 1192 2180 Ὄφρα
1209 2156 1253 2175 μιν
1273 2148 1304 2181 ἐξ
1316 2149 1407 2176 ὕπνοιο
1422 2149 1608 2185 παλινδίνητον
1624 2148 1733 2183 ὲγείρω.

1062 2262 1084 2290 Ῑ)
1099 2258 1121 2296 ᾦ
1134 2260 1168 2299 ἦν
1178 2263 1252 2300 τόπῳ
1266 2264 1312 2291 δύο
1325 2264 1441 2300 ἡμέρας

1134 2312 1150 2338 ’1
1166 2313 1281 2341 Ἔπειτα
1294 2314 1362 2349 μετὰ
1377 2314 1456 2341 τοῦτο
1470 2313 1543 2349 λέγει
1556 2315 1613 2346 τοῖς
1626 2314 1760 2350 μαθηταῖς
1771 2323 1778 2329 ·
1798 2316 1875 2348 ’Δγ-(υ

1102 2363 1151 2390 μεν
1165 2356 1205 2387 είς
1221 2355 1269 2392 τὴν
1291 2356 1421 2383 Ἰουδαίαν
1437 2357 1528 2383 πάλιν.

1135 2402 1151 2429 8
1172 2402 1305 2437 Λέγουσιν
1321 2403 1394 2439 αὐτῷ
1418 2404 1443 2431 οί
1465 2404 1601 2440 μαοηταί’
1628 2404 1733 2436 Ῥαόϐὶ,
1755 2404 1803 2431 νῦν
1821 2403 1880 2439 ἐζή-

1099 2453 1162 2472 τουν
1186 2452 1217 2471 σε
1235 2445 1343 2473 λιθάσαι
1372 2446 1397 2473 οί
1427 2447 1563 2480 Ἰουδαῖοι,
1591 2446 1638 2474 καὶ
1666 2447 1746 2474 πάλιν
1772 2447 1879 2483 ὑπάγεις

1099 2487 1159 2514 ἐκεῖ
1166 2495 1173 2520 ;

1134 2535 1150 2562 9
1170 2535 1317 2572 Ἀπεκρίθη
1336 2537 1351 2564 6
1376 2537 1494 2574 Ἰησοῦς·
1519 2538 1585 2574 Οὐχὶ
1602 2537 1706 2565 δώδεκά
1727 2537 1795 2564 είσιν
1817 2534 1880 2573 ὧραι

1098 2577 1148 2612 τῆς
1161 2577 1284 2613 ἡμέραςς
1301 2579 1348 2606 ἐάν
1359 2587 1402 2611 τις
1417 2582 1556 2616 περιπατῇ
1570 2581 1599 2607 ὲν
1606 2581 1638 2615 τῇ
1656 2579 1790 2615 ἡμέρᾳ,οὑ
1805 2587 1880 2616 προσ-

1101 2619 1210 2645 κόπτει·
1226 2620 1308 2647 ὅτιτὸ
1328 2621 1386 2655 φῶς
1398 2621 1445 2648 τοῦ
1460 2621 1563 2657 κόσμου
1581 2621 1675 2648 τούτου
1693 2621 1802 2656 βλέπει·

1138 2667 1172 2694 10
1188 2667 1250 2694 Ἐάν
1263 2668 1290 2694 δέ
1303 2677 1345 2700 τις
1355 2671 1492 2705 περιπατῇ
1508 2670 1537 2696 ἐν
1548 2671 1581 2706 τῇ
1599 2669 1687 2702 νυκτὶ,
1705 2669 1881 2705 προσκόπτειθ

1102 2708 1143 2735 ὅτι
1159 2709 1189 2735 τὸ
1201 2709 1259 2743 φῶς
1275 2710 1325 2737 οὐκ
1341 2710 1415 2737 ἐστιν
1433 2712 1462 2737 ὲν
1472 2711 1556 2747 αὐτῷ.

1139 2757 1169 2783 Η
1186 2757 1278 2784 Ταῦτα
1295 2756 1356 2784 εἷπε
1366 2767 1372 2774 ·
1390 2759 1437 2786 καὶ
1452 2760 1521 2796 μετὰ
1534 2760 1612 2788 τοῦτο
1627 2761 1701 2796 λέγει
1714 2761 1819 2793 αὐτοῖς·
1832 2763 1882 2789 ΛΔ-

1103 2796 1185 2839 ζαρος
1195 2799 1209 2824 ὁ
1223 2798 1299 2832 φίλος
1312 2799 1390 2834 ἡμῶν
1401 2802 1582 2838 κεκοίμηται·
1600 2802 1668 2830 ἀλλὰ
1682 2803 1833 2839 πορεύομαι
1845 2804 1882 2831 ἴνι

1103 2838 1237 2871 ἐξυπνίσω
1253 2840 1345 2868 αὐτόν.
