1953 3040
82 160 131 188 Ml

84 219 118 245 12
130 217 185 244 Καὶ
197 216 275 250 λόγον
288 215 471 249 ἅγνὼσσοντες
486 215 659 251 ὲμυθήσαντο
672 214 803 250 μαθηταί·

84 263 208 299 Λάζαρος
224 263 247 289 εὶ
261 263 388 293 κνώσσει,
407 261 466 293 σόος
478 261 596 288 ἔσσεται.
613 261 644 288 15
665 260 809 296 ’Λρτιθανῆ
825 260 874 295 μὲν

91 308 194 342 Ἰησοῦς
213 307 340 342 ἀγόρευε,
357 306 511 342 φιλοθρήνῳ
527 305 603 342 παρὰ
615 305 711 341 τύμϐῳ

83 353 188 385 Εὖδειν,
203 351 310 388 νεκρὸν,
322 352 445 384 ἄναυδον,
461 352 609 388 ἀνὴγρετον
623 351 706 378 ὕπνον
717 351 838 388 ὀλέθρου.

82 399 115 425 Οἱ
130 399 158 425 δὲ
175 398 264 434 μάτην
275 397 387 424 ἔλποντο
405 397 481 432 φίλον
500 397 580 425 νέκυν
592 397 697 425 ἔνδοθεν
711 398 787 425 οῐκου

88 443 170 470 Ἡείιν
186 443 257 479 ὑπὲρ
273 442 373 478 λοχέων
390 442 586 479 παλινάγρετον
602 443 686 470 ὕπνον
703 443 798 470 ἰαύειν.

84 487 118 513 11
140 486 292 522 Ἀμφαδίην
301 486 323 513 δ’
338 486 471 522 ἀγόρευεν
488 486 572 520 ’Λναξ
585 487 737 523 οἰκτίρμονι
753 486 846 523 μύθῳ·

83 532 208 568 Λάζαρον
220 531 317 558 εὔνασε
330 531 432 567 πότμος
450 531 564 568 ὀμοίῖος,
577 532 673 568 ἄγριον
689 532 767 560 ἄλλον

84 578 189 604 ’Υπνον
202 577 275 612 ἄγων
287 586 294 593 ·
311 577 346 606 15
373 577 461 613 χαίρω
475 578 504 605 δὲ
521 578 553 605 δι’
569 577 665 614 ὑμέας,
685 578 723 610 ὡς
739 577 780 605 ἐνὶ
794 577 875 614 χώρῳ

84 625 122 650 Οὐ
139 623 258 660 γενόμην
269 624 314 650 ὅτε
328 625 416 656 κεῖνος
432 623 525 659 ὀμίλεε
538 623 640 658 γείτονι
655 624 767 660 πότμῳ·

86 671 178 705 ὀφρα
195 677 226 696 κε
250 669 341 696 πίστιν
357 669 455 705 ἔχοιτε,
475 669 556 696 νέκυν
571 670 641 705 μετὰ
662 669 766 705 πότμον
785 669 876 704 ὁδίτην

84 717 117 741 Δε
123 715 248 751 ρκόμενοι
263 714 377 748 ζώοντα,
392 714 473 742 πάλιν
485 714 607 750 ψαύοντα
621 714 763 750 τραπέζης

83 760 239 788 Ξεινοδόκον
255 761 382 797 Χριστοῖο
391 760 560 797 τοδεύτερον.
588 761 669 788 Ἀλλὰ
678 761 746 797 πρὸς
760 760 840 788 αὑτὸν

85 808 188 843 Ἰομεν.
202 807 236 835 16
249 808 368 835 Εἰσαῖων
383 807 411 834 δὲ
427 807 562 843 subqu
576 808 672 836 ἔννεπε
685 808 797 844 Θωμᾶς,

87 855 136 881 Ὀν
149 853 264 889 Δίδυμον
275 853 403 880 καλέουσι
412 861 419 869 ι
432 853 645 890 συναγρομένοις
661 853 690 881 δὲ
707 854 842 889 μαθηταῖς

85 898 207 934 Δάκρυον
223 897 369 925 ὠδίνουσαν
381 899 501 934 άνὴρυγε
518 897 637 926 πενθάδα
648 899 757 934 φωνήνο

87 944 178 978 Ἴομεν
192 943 292 970 ὁππόθι
306 944 395 975 κεῖνος
408 944 478 980 ἀνὴρ
493 943 607 978 γλυκὺς,
619 944 691 980 ὄφρα
704 945 752 972 σὺν
766 945 841 981 αὑτῷ

88 988 169 1024 124
181 989 228 1015 Εἱν
241 989 336 1025 ἀγάπῃ
350 989 514 1025 θνήσκοιμεν
533 990 574 1017 ἐνὶ
593 990 700 1027 ξυνήονι
715 990 822 1026 πότμῳ.

87 1034 119 1060 17
135 1033 235 1060 Ἐλθὼν
247 1034 269 1060 δ’
282 1034 455 1069 ὀψικέλευθος
470 1035 555 1069 ’Λναξ
570 1036 599 1069 ἐς
615 1036 735 1073 ἓθήμονα
748 1037 856 1073 κώμην.

86 1077 211 1113 Λάζαρον
223 1078 322 1106 ἄπνοον
341 1075 404 1115 εὗρε
419 1081 488 1116 χυτῇ
508 1081 664 1117 στρωθέντα
680 1082 770 1118 κονίῃ,

86 1123 108 1148 Τ
110 1122 223 1158 έτρατον
236 1119 315 1159 ἦμαρ
326 1123 423 1158 ἔχοντα
439 1124 572 1160 γοήμονος
587 1125 672 1152 ἔνδοθι
689 1125 805 1162 τύμϐον.

89 1169 121 1195 18
133 1168 252 1204 Βηθανίη
265 1169 287 1196 δ’
301 1170 367 1202 ἑκὰς
383 1168 432 1206 ἦεν
446 1171 496 1197 ἀπ’
510 1171 606 1203 ἄστεος
627 1172 807 1209 Ίροσολύμων

93 1213 137 1246 Ὠς
159 1214 278 1249 τρισσῶν
303 1215 418 1242 σταδίων
442 1216 489 1243 καὶ
510 1216 624 1245 δώδεκα.
655 1217 688 1245 19
715 1218 770 1245 Καὶ
794 1217 878 1251 πολὺς

734 1264 840 1301 [ἕρπων

88 1305 159 1337 Λαὺς
173 1306 308 1333 Ἰουδαίων
323 1307 474 1335 ὑπεδύσατο
484 1309 593 1342 γείτονα
607 1309 714 1345 κώμην,

89 1351 166 1378 Κεῖθι
178 1352 337 1386 φιλοξείνοιο
351 1355 445 1389 μετήῖε
462 1353 574 1389 δώματα
584 1355 700 1392 Μάρθης

88 1397 143 1425 Καὶ
155 1397 274 1435 Μαρέης,
292 1400 405 1433 γνωτοίο
416 1401 636 1436 κατευναστήρια
648 1401 764 1438 πότμου,

88 1444 161 1472 Ξυνέι
177 1445 368 1481 παρηγορέων,
382 1446 472 1482 τάπερ
486 1446 566 1481 ήθάδι
579 1447 693 1475 πολλάκι
710 1448 788 1484 μύθῳ

88 1490 191 1525 Φρικτά
205 1491 407 1527 πεπαινομένης
426 1492 590 1520 ἀπεσείσατο
610 1493 710 1530 κέντρα
725 1495 873 1530 μερίμνης,

88 1534 205 1567 Ιιένθεος
215 1536 364 1571 άγρὺπνοιο
375 1537 501 1573 λυτήρια.
514 1538 549 1565 20
567 1539 726 1575 Πευθομένη
741 1540 770 1567 δὲ

88 1581 184 1616 Φήμης
198 1582 377 1618 σπειρομένης
390 1583 430 1610 ὅτι
440 1584 570 1620 Κοίρανος
584 1585 754 1620 εἰσαφικάνει

88 1627 200 1663 Μάρθα,
213 1629 275 1654 ποσὶ
287 1629 447 1664 φθαμένοισι
459 1631 610 1666 συνήντεεν,
624 1632 652 1658 ἐν
668 1632 696 1659 δὲ
715 1633 842 1670 μελάθρῳ

88 1673 252 1709 Ἐνδόμυχος
265 1675 357 1710 Μαρίη
372 1675 517 1711 μαστίζετο
537 1678 648 1705 πενθάδι
661 1680 734 1714 σιγῇ.

88 1720 120 1747 21
135 1719 253 1755 Χριστοῦ
264 1720 286 1747 δ’
296 1720 379 1755 ἐγγὺς
389 1721 465 1748 ἰοῦσα
476 1722 640 1758 βαρύστονος
652 1724 746 1751 ἔννεπε
761 1726 876 1763 Μάρθαν

88 1762 125 1792 Ὠ
144 1765 248 1800 μάκαρ,
265 1764 343 1800 εἴπερ
357 1765 403 1802 ἕης
419 1766 464 1793 ὅτε
478 1767 603 1803 Λάζαρος
617 1768 710 1795 αἴθετο
723 1769 822 1805 νούσῳ,

88 1810 147 1837 Οὐκ
162 1809 195 1836 ἂν
212 1809 278 1845 ἐμὸς
295 1808 426 1844 τέθνηκεν
446 1810 589 1845 ἀδελφεόςο
616 1811 652 1838 22
671 1809 730 1839 οἶδα
751 1812 780 1839 δὲ
797 1813 876 1849 θυμῷ

89 1855 144 1882 Καὶ
152 1854 200 1882 νῦν
213 1854 251 1887 ὡς
261 1855 319 1891 ἅμα
329 1856 419 1883 πάντα
433 1856 527 1892 Πατὴρ
540 1857 600 1889 τεὸς
617 1857 771 1892 ἐγγυαλίξει

90 1901 180 1928 Ὄσσα
198 1909 243 1936 μιν
263 1902 413 1937 αίτήσειας.
435 1902 469 1929 25
493 1903 576 1936 ’Λναξ
590 1903 612 1929 δ’
634 1903 763 1938 ἠμείϐετο
779 1904 872 1940 μύθῳο

90 1946 196 1978 Γνωτὸς
209 1946 255 1978 σὸς
273 1947 436 1983 παλίνορσος
451 1947 597 1982 ἐγείρεται.
614 1947 649 1974 24
666 1947 830 1984 ’Λμὸροσίης
846 1949 875 1976 δὲ

89 1992 182 2027 Φωνῆς
195 1993 343 2025 είσαῖουσα,
353 1992 508 2029 τοδεύτερον
524 1993 618 2021 ἔννεπε
635 1994 750 2029 Μάρθα·

89 2034 165 2070 οἴδα,
181 2038 226 2064 καὶ
242 2037 272 2064 οὗ
286 2047 319 2073 με
337 2038 448 2074 λέληθεν
469 2039 625 2071 ἀνάστασις,
639 2039 677 2071 ὡς
689 2040 718 2066 ὲν
731 2039 822 2075 ἐκείνῃ

91 2082 221 2119 Ἐγρεται
238 2084 417 2119 ὀψιτέλεστος,
434 2085 478 2112 ὅτε
492 2085 590 2121 δρόμος
606 2080 718 2120 ἔσχατος
728 2086 802 2120 ήοῦς.

87 2127 124 2155 25
140 2128 192 2155 Καί
206 2129 231 2155 οί
248 2129 364 2164 Χριστὸς
377 2128 450 2162 ἔλεξε
465 2128 586 2164 βιοσσόος
603 2128 693 2156 ἔνθεον
712 2130 804 2164 ὀμφήν
814 2137 820 2144 ·

557 156 798 184 ΡΑΒΑΡΙΙΙιΔδΙδ
816 156 848 183 ΙΝ
868 155 1035 185 JOANNEM.
1055 170 1090 175 —
1104 154 1180 183 CAP.
1200 153 1245 182 XI.
1661 151 1714 179 842

889 218 912 246 Α
928 214 962 241 12
985 213 1019 240 Et
1040 219 1192 241 sermonem
1218 211 1375 247 ignorantes
1404 209 1533 238 dixerunt
1560 208 1711 243 discipuli:

926 259 1046 287 Lazarus
1060 258 1083 286 si
1097 258 1209 288 dormit.
1223 265 1310 285 sanus
1325 256 1386 284 erit.
1403 256 1437 283 15
1450 255 1555 283 Recens
1574 259 1712 290 mortuum

925 305 998 332 cnim
1013 303 1094 332 Jesus
1107 304 1176 332 dixit
1196 302 1279 330 ﬂebili
1295 302 1322 329 in
1343 301 1469 337 sepulcro
1489 291 1623 332 Dormlie,
1638 307 1713 327 tuor-

926 355 1014 381 tuum.
1040 354 1158 382 mutum,
1183 348 1390 376 irrevocabilem
1407 354 1534 374 somnum
1556 346 1651 373 exitii:
1671 344 1712 372 Illi

925 402 990 422 vero
1009 394 1114 422 frustra
1130 394 1279 429 sperabant
1298 392 1413 419 charum
1432 394 1570 418 mortuum
1586 390 1614 417 in
1632 389 1712 417 domo

926 439 1043 467 Suavem
1074 440 1101 468 in
1133 439 1203 466 lecto
1226 437 1385 466 mutabilem
1417 444 1547 465 somnum
1579 435 1711 463 dormire.

927 486 960 514 u
975 487 1074 522 Aperte
1093 489 1186 513 autem
1203 484 1272 512 dixit
1295 483 1352 512 Rex
1367 482 1542 511 misericordi
1565 489 1712 510 sermone:

925 531 1058 560 Lazarum
1068 531 1222 566 consopivit
1231 537 1305 558 mors
1313 529 1441 557 omnibus
1449 528 1573 564 aequalis,
1581 527 1714 555 immitem

926 578 1010 605 alium
1033 577 1166 605 Somnum
1188 577 1294 610 ferens;
1318 576 1352 604 15
1375 575 1481 610 gaudeo
1496 579 1587 603 autem
1605 577 1716 610 propter

925 630 986 657 vos,
999 623 1072 659 quod
1087 624 1114 651 in
1129 623 1190 651 loco
1207 622 1266 651 Non
1287 622 1385 650 fuerim
1400 620 1510 657 quando
1532 621 1578 648 ille
1597 627 1715 648 convcr-

926 669 1040 697 sabatur
1054 676 1116 696 cum
1132 669 1222 697 vicina
1237 672 1336 700 morte,
1348 667 1383 696 Ut
1396 667 1475 695 (idem
1491 665 1625 698 habeatis,
1640 672 1716 692 mor-

926 717 1003 742 tuum
1018 718 1081 750 post
1101 714 1187 742 fatum
1203 715 1334 742 viatorem
1348 712 1479 741 Videntes
1494 713 1642 744 viventem,
1656 719 1717 739 rur-

927 767 975 788 sus
991 764 1148 796 tangentem
1162 767 1286 788 mensam
1305 759 1446 795 Hospitem
1461 758 1562 786 Christi
1581 758 1716 786 secunda-

926 805 984 838 rio;
1014 805 1063 834 sed
1089 806 1122 833 ad
1153 805 1241 838 ipsum
1269 806 1381 833 Eamus.
1412 805 1445 832 l6
1473 804 1594 832 Audiens
1623 809 1714 831 auzem

927 851 1078 880 binominis
1098 851 1168 879 dixit
1182 850 1311 884 Thomas,
1327 851 1413 884 Quem
1436 849 1581 886 Didymum
1603 854 1713 882 vocant,

891 892 914 922 Β
927 897 1051 925 collectis
1071 901 1163 924 autem
1183 896 1327 932 discipulis
1346 895 1556 931 Lacrymantem
1576 895 1715 924 dolentem

927 942 1062 971 eructavit
1088 942 1240 970 luctuosam
1265 949 1380 969 vocem:
1404 935 1506 969 Eainns
1531 941 1578 968 ubi
1602 941 1648 969 ille
1672 940 1715 968 vir

927 988 1065 1021 amabilis,
1079 992 1109 1016 ut
1130 995 1193 1016 cum
1213 988 1273 1023 ipso
1291 987 1370 1022 125
1390 987 1419 1014 in
1441 986 1589 1015 dilectione
1610 986 1714 1014 moria-

927 1042 989 1062 mur
1005 1042 1060 1062 uno
1087 1034 1227 1062 communi
1250 1033 1317 1061 fato.
1343 1033 1377 1060 17
1392 1032 1513 1061 Veniens
1537 1038 1627 1061 autem
1651 1039 1714 1060 sero

927 1079 984 1108 Rex
1005 1080 1033 1107 in
1054 1084 1216 1108 consuetum
1237 1079 1392 1111 castellum,
1416 1078 1549 1106 Lazarum
1572 1082 1713 1106 mortuum

926 1125 1030 1153 invenit
1050 1124 1197 1160 sepulcrali
1211 1127 1328 1152 stratum
1346 1124 1468 1159 pulvere,
1487 1123 1620 1157 Quartum
1640 1123 1713 1150 diem

931 1169 1077 1198 habentem
1094 1169 1203 1205 lugubri
1221 1170 1248 1196 in
1266 1169 1403 1204 sepulcro.
1422 1168 1456 1197 18
1476 1168 1604 1196 Bethania
1622 1172 1713 1196 autem

926 1214 1048 1243 distabat
1070 1223 1087 1242 a
1113 1216 1223 1243 civitate
1247 1215 1500 1250 Hierosolymorum
1523 1214 1607 1248 Quasi
1629 1214 1714 1241 trium

927 1260 1081 1289 stadiorum
1095 1264 1123 1289 et
1143 1260 1301 1289 duodecim.
1324 1260 1358 1288 19
1374 1261 1407 1288 Et
1425 1260 1528 1289 multus
1547 1268 1646 1296 repens
1662 1261 1715 1288 Po-

927 1307 1009 1342 pulus
1031 1306 1197 1339 Judaeorum,
1215 1306 1300 1335 subiit
1315 1307 1434 1334 vicinum
1451 1307 1605 1340 castellum,
1622 1307 1715 1342 Ibique

928 1352 1072 1388 hospitalis
1086 1352 1206 1380 accessit
1225 1352 1336 1380 domum
1358 1351 1471 1380 Martha:
1486 1353 1518 1381 Et
1538 1352 1641 1385 Marite,
1659 1353 1716 1381 fra-

928 1398 979 1425 Iris
996 1398 1029 1426 ad
1041 1398 1233 1426 dormitorium
1250 1398 1358 1431 mortis,
1374 1399 1548 1434 Conjtmctim
1565 1398 1635 1436 [eas]
1649 1407 1716 1428 con-

929 1443 1033 1478 solans,
1054 1444 1127 1480 quod
1145 1448 1278 1473 consueto
1293 1445 1392 1481 sapius
1405 1445 1488 1474 verbo
1503 1445 1636 1475 llorridos
1648 1453 1716 1474 con-

927 1494 1012 1517 coctae
1040 1490 1162 1519 excussit
1192 1491 1318 1520 stimulos
1352 1499 1435 1524 curae,
1463 1491 1578 1520 Luctum
1606 1493 1715 1529 vigilem

928 1535 1070 1563 solvendo.
1096 1536 1132 1564 20
1161 1536 1283 1564 Audiens
1309 1542 1399 1566 autem
1432 1538 1543 1566 Famam
1575 1539 1714 1574 vulgatam

928 1581 1002 1616 quod
1032 1581 1164 1610 Dominus
1189 1583 1318 1617 vertisset,
1344 1583 1450 1611 Martha
1474 1584 1588 1619 pedibus
1612 1593 1716 1621 μηδι-θα

928 1627 1070 1654 nientibus
1091 1628 1233 1662 occurrit;
1255 1630 1282 1656 in
1299 1629 1380 1657 domo
1396 1634 1486 1657 autem
1509 1629 1609 1658 Abdita
1628 1630 1714 1659 Maria

929 1672 1100 1708 aﬂligebalnr
1113 1673 1240 1702 luctuoso
1255 1674 1374 1702 silentio.
1392 1675 1424 1702 21
1446 1675 1486 1703 Ad
1501 1676 1642 1704 Christum
1665 1685 1716 1705 an-

928 1722 982 1746 tem
997 1719 1132 1748 accedens
1147 1720 1226 1748 valde
1242 1729 1354 1756 gemens
1366 1721 1434 1749 dixit
1447 1721 1551 1750 Martha
1565 1732 1571 1749 :
1590 1723 1612 1751 0
1625 1724 1714 1757 beate,

927 1764 951 1791 si
965 1764 1102 1793 adfuisses
1118 1765 1227 1801 quando
1244 1766 1364 1794 Lazarus
1381 1767 1513 1794 urebatur
1531 1769 1637 1801 morbo,
1654 1769 1715 1797 Non

930 1816 997 1838 sane
1015 1818 1093 1838 meus
1108 1816 1234 1838 mortuus
1252 1811 1349 1840 luisset
1368 1812 1473 1840 frater:
1495 1812 1530 1839 22
1549 1813 1607 1841 scio
1623 1819 1714 1842 autem

929 1856 1022 1882 animo
1039 1853 1072 1882 Et
1090 1863 1164 1883 nunc
1181 1857 1253 1891 quod
1268 1857 1348 1885 simul
1363 1858 1454 1884 omnia
1471 1857 1552 1885 Pater
1565 1863 1627 1886 tuus
1644 1867 1715 1894 prte-

928 1900 1003 1928 bebit
1018 1900 1192 1938 Quaecunque
1203 1902 1238 1929 ab
1258 1902 1317 1937 ipso
1333 1903 1524 1938 postulaveris.
1539 1903 1575 1931 2'5
1591 1901 1648 1931 Rex
1664 1911 1713 1931 au-

927 1949 981 1973 tem
1004 1947 1146 1982 respondit
1164 1954 1291 1975 sermone
1305 1957 1311 1975 :
1336 1947 1431 1975 Frater
1447 1952 1512 1976 tuus
1526 1956 1624 1977 rursus
1639 1950 1714 1978 exci-

927 1992 1042 2019 tabitur.
1064 1992 1099 2020 21
1127 1992 1311 2021 Immortalem
1338 1997 1428 2021 autem
1451 1993 1554 2022 Vocem
1586 1995 1713 2027 audiens,

928 2038 1026 2066 iterum
1045 2038 1115 2066 dixit
1132 2038 1237 2066 Martha
1253 2049 1259 2066 ε
1282 2039 1360 2072 Novi,
1377 2047 1427 2067 nec
1445 2048 1488 2068 me
1503 2041 1568 2068 latet
1589 2049 1714 2069 resurre—

929 2085 995 2117 ctio,
1008 2084 1081 2120 quod
1092 2085 1120 2113 in
1133 2085 1177 2113 illa
1189 2084 1359 2113 Excitabitur
1372 2093 1433 2114 sero
1444 2086 1592 2121 perfectus,
1603 2089 1714 2122 quando

928 2138 1026 2158 cursus
1039 2130 1151 2158 ultimus
1165 2138 1281 2158 aurorae.
1301 2131 1336 2158 25
1351 2131 1382 2159 Et
1395 2132 1420 2159 ei
1432 2131 1560 2160 Christus
1574 2133 1642 2160 dixit
1654 2141 1713 2162 scr-

686 2185 825 2214 TEXTUS
843 2186 1107 2215 EVANGELISTE.

123 2242 158 2270 12
175 2241 258 2270 Εἶπον
272 2241 319 2270 οὖν
335 2243 359 2270 ol
380 2243 500 2279 μαθηταὶ
520 2243 617 2271 αὐτοῦ·
635 2243 731 2279 Κύριε,
747 2244 771 2270 εί
783 2244 874 2272 κεκοί-
890 2247 913 2275 ι)
963 2245 996 2272 19
1008 2245 1069 2271 Καὶ.
1083 2244 1174 2271 πολλοὶ
1186 2245 1218 2272 ὲκ
1229 2244 1283 2272 τῶν
1303 2245 1436 2272 Ἰουδαίων
1450 2243 1626 2280 ἐληλύθεισαν
1645 2245 1713 2280 πρδς

89 2293 184 2320 μηται,
200 2284 362 2320 σωθήσεται.

123 2326 158 2352 15
174 2325 286 2361 εἰρήκει
301 2325 329 2352 δὲ
346 2326 360 2352 6
387 2325 490 2362 Ἰησοῦς
503 2325 567 2362 περὶ
579 2325 626 2352 τοῦ
639 2326 753 2354 θανάτου
772 2325 854 2354 αὑτοῦ
865 2335 872 2342 υ

87 2367 186 2393 ἐκεῖνοι
204 2366 233 2393 δὲ
248 2367 339 2400 ἔδοξαν
352 2367 392 2394 ὅτι
410 2367 474 2403 περὶ¹
489 2367 539 2403 τῆς
552 2368 706 2404 κοιμήσεως
724 2367 772 2394 τοῦ
788 2367 873 2395 ὕπνου

87 2407 172 2442 λέγει.

121 2449 157 2476 ﬂ
167 2448 234 2475 Τότε
244 2446 291 2476 οὖν
306 2445 382 2476 εἶπεν
397 2449 486 2482 αὐτοῖς
496 2451 510 2476 6
526 2449 629 2485 Ἰησοῦς
643 2450 783 2486 παρρησίᾳ
792 2458 799 2466 '
819 2450 874 2477 Λάι

85 2491 168 2527 ζαρος
180 2490 299 2517 ἀπέθανε
308 2498 318 2507 ·

121 2532 156 2559 15
171 2532 227 2559 Καὶ
245 2531 331 2567 χαίρω
351 2531 384 2558 δι’
402 2532 474 2566 ὑμᾶς
496 2532 550 2566 (ἵνα
573 2531 748 2567 πιστεύσητε)
762 2533 803 2559 ὄτι
824 2533 874 2559 οὐκ

85 2573 161 2608 ήμην
177 2573 237 2599 ἐκεῖ
248 2581 254 2587 ’
276 2572 333 2599 ἀλλ’
357 2573 468 2608 ἄγωμεν
484 2572 552 2609 πρὸς
568 2573 660 2600 αὐτόν.

121 2613 155 2640 16
177 2612 261 2640 Εἶπεν
279 2611 326 2640 οὖν
353 2613 454 2649 Θωμᾶς
477 2615 491 2640 6
515 2614 659 2650 λεγόμενος
681 2614 797 2650 Δίδυμος
815 2616 872 2646 τοῖς

86 2655 294 2690 συμμαθηταϊς·
310 2656 438 2690 ’Λγωμεν
457 2656 505 2682 καὶ
520 2656 612 2691 ἡμεῖς,
632 2655 675 2682 ἵνα
690 2656 870 2692 ἀποθάνωμεν

86 2698 146 2730 μετ’
160 2696 253 2723 αὑτοῦ.

119 2738 151 2765 17
181 2737 281 2764 Ἐλθὼν
301 2734 347 2764 οὖν
365 2739 379 2765 6
405 2737 508 2773 Ἰησοῦς
532 2735 610 2774 εὗρεν
631 2738 712 2765 αὑτὸν
736 2739 871 2774 τέσσαρας

86 2779 190 2814 ἡμέρας
203 2779 253 2814 ἢδη
269 2778 368 2814 ἔχοντα
381 2779 410 2805 ὲν
429 2778 468 2814 τῷ
483 2780 617 2816 μνημείῳ-

119 2820 152 2846 18
172 2818 236 2854 (Ἦν
246 2820 274 2846 δὲ
288 2821 304 2854 ή
320 2819 440 2855 Βηθανία
455 2821 538 2854 ἐγγὺς
548 2821 601 2848 τῶν
619 2820 871 2857 Ἰεροσολύμων,ὡς

85 2859 137 2887 ἀπὸ
154 2861 269 2889 σταδίων
287 2861 458 2896 δεκαπέντε.)

242 2908 378 2939 Pnaoc.
393 2891 455 2940 Gn;
476 2891 587 2941 XLlll.

923 2285 973 2318 τὰς
983 2287 1046 2322 περὶ
1062 2286 1177 2321 Μάρθαν
1195 2287 1241 2314 καὶ
1258 2287 1377 2322 Μαρίαν,
1396 2287 1439 2314 ἵνα
1459 2287 1720 2323 παραμυθήσωντας

925 2327 1011 2359 αὐτὰς
1022 2327 1141 2363 περὶτοῦ
1151 2327 1266 2362 ἀδελφοῦ
1281 2328 1381 2355 αὐτῶν.

962 2375 997 2403 20
1023 2375 1053 2401 'H
1071 2373 1118 2402 οὗν
1143 2375 1240 2411 Μάρθα
1256 2376 1293 2408 ὡς
1316 2376 1432 2411 ήκουσεν
1453 2376 1494 2402 ὅτι
1510 2375 1525 2402 6
1543 2375 1647 2412 Ἰησοῦς
1666 2379 1706 2404 ἐτ-

926 2424 1012 2451 χεται,
1030 2417 1183 2453 ὑπήντησεν
1199 2417 1288 2452 αὐτῷ·
1314 2417 1408 2453 Μαρία
1419 2416 1448 2444 δὲ
1462 2417 1491 2443 ὲν
1504 2416 1544 2452 τῷ
1554 2418 1621 2454 οῐκῳ
1632 2419 1711 2448 sua)-

924 2457 1009 2490 ἐζετο.

958 2506 988 2546 21
1011 2504 1094 2546 ξῖπεν
1108 2504 1154 2533 οὖν
1169 2507 1186 2542 ή
1205 2506 1305 2542 Μάρθα
1321 2506 1390 2542 πρὸς
1403 2506 1450 2533 τὸν
1475 2506 1594 2541 Ἰησοῦν
1612 2507 1709 2546 Κύριε,

923 2547 947 2574 εἰ
963 2545 996 2583 ἧς
1010 2544 1070 2580 ὧδε,
1084 2549 1098 2575 6
1108 2547 1220 2582 ἀδελφός
1240 2556 1289 2583 μου
1302 2547 1352 2574 οὐκ
1364 2546 1397 2574 ἂν
1413 2547 1553 2583 ἐτεθνήκει

957 2594 992 2621 22
1011 2595 1089 2633 Ἀλλά
1100 2595 1211 2633 καὶΑνῦν
1224 2595 1282 2623 οἰδα
1293 2596 1333 2622 ὅτι
1346 2596 1395 2622 ὃσα
1412 2596 1446 2624 ἂν
1459 2597 1560 2633 αἰτήσῃ
1574 2596 1620 2624 τδν
1631 2597 1709 2630 Θεὸν.

922 2629 1001 2656 δώσει
1019 2639 1060 2657 σοι
1076 2632 1090 2657 6
1107 2631 1182 2662 θεός.

955 2676 992 2704 23
1009 2677 1091 2712 Λέγει
1112 2677 1181 2714 αὐτῇ
1198 2678 1212 2705 6
1239 2678 1356 2714 Ἰησοῦς·
1384 2679 1578 2716 Ἀναστήσεται
1598 2681 1612 2707 6
1631 2680 1710 2707 ἀδελ-

921 2719 971 2752 φὸς
987 2727 1046 2747 σου.

955 2765 990 2792 24
1005 2766 1086 2800 Λέγει
1105 2767 1177 2803 αὐτῷ
1196 2768 1316 2804 Μάρθα·
1340 2767 1404 2796 οἴδα
1420 2769 1461 2796 ὅτι
1481 2770 1660 2804 ἀναστήσεται
1675 2767 1704 2794 ἐν

920 2808 955 2842 τῇ
970 2807 1115 2834 ἀναστάσει
1130 2809 1158 2836 ὲν
1172 2810 1205 2845 τῇ
1220 2809 1323 2846 ἐσχάτῃ
1335 2810 1437 2845 ἡμέρᾳ.

955 2855 992 2882 25
1004 2853 1086 2884 Εἴπεν
1100 2856 1168 2892 αὐτῇ
1187 2857 1202 2883 6
1220 2857 1339 2891 Ἰησοῦς·
1364 2857 1434 2892 Ἐγώ
1453 2859 1509 2893 ειμι
1525 2858 1541 2892 ἡ
1561 2856 1707 2890 ἀνάστασις

1547 2911 1586 2939 27
