1953 3040
244 161 302 190 Ἑ43

872 156 975 186 NONNI
998 157 1250 188 ΡΔΝΟΡΟΙᾸΤΑΝΙ

1822 158 1878 187 8H

249 220 328 246 vator
341 216 401 243 vitae
415 214 535 242 divinam
553 222 647 242 vocem
660 225 666 243 :
680 214 742 242 Vita
755 222 804 250 ego
822 222 882 242 sum
895 218 923 243 et
941 222 1028 243 resur-

1087 216 1148 253 Ζωὴ
1163 215 1219 252 ἐγὼ
1235 216 1352 252 γενόμην
1369 216 1415 244 καὶ
1430 216 1578 248 ἀνάστασις
1588 224 1594 230 ·
1609 215 1638 248 ὃς
1652 215 1681 242 δέ
1699 224 1746 242 κεν
1760 215 1831 252 ἀνὴρ

247 263 353 295 rectio;
375 262 532 297 quicunque
555 262 596 288 vir
621 260 650 288 in
679 269 724 289 me
744 261 902 293 crediderit,
927 261 1034 289 etiamsi

248 313 375 336 mortuus
399 309 459 336 sine
487 308 586 342 spiritu
618 307 709 341 fuerit,
730 307 836 335 Rursus
864 307 1032 335 reviviscet:

246 353 282 381 26
304 359 330 381 et
340 354 386 388 qui
399 357 489 380 mente
505 353 583 381 tidem
606 357 708 386 servat,
734 352 793 380 Non
821 353 937 380 moritur
953 352 1034 380 homo

247 398 303 429 hic.
316 398 402 425 donec
412 398 483 426 lucet
492 398 632 425 saeculum.
645 397 740 425 Credis
754 397 825 432 quod
837 397 882 425 hie
895 404 987 425 sermo
997 397 1034 425 sit

246 444 346 472 verus?
367 444 401 471 27
427 444 500 471 Dixit
524 450 552 471 et
575 444 633 479 ipsa
655 454 662 471 τ
684 444 808 476 Domine,
832 451 981 479 cognosco,
1007 448 1034 470 et

246 489 329 517 credo
341 489 412 525 quod
431 494 459 517 tu
472 489 574 517 mundo
587 489 714 518 Christus
735 491 835 517 malum
847 490 972 525 pellentis
986 489 1033 517 Dei

245 535 364 564 Verbum
381 535 466 564 Filius
479 537 565 564 venis.
577 537 658 572 126
669 536 704 564 28
713 537 778 565 Tale
798 537 909 564 verbum
929 537 1031 568 locuta,

245 584 358 611 incessit
370 583 450 611 celeri
467 583 544 617 pede.
558 582 592 610 Et
605 582 717 610 Mariam
727 584 834 610 vocavit
846 590 987 613 sororem;
1005 583 1032 610 in

244 638 325 658 aures
338 634 428 657 autem
441 630 529 665 ipsius
539 629 702 657 Clanculum
718 630 890 658 susurravit:
903 629 1033 664 Magister

245 674 371 702 Salvator
391 674 483 708 Venit,
509 678 538 703 et
561 678 642 702 vocat
668 680 704 702 te.
728 675 764 703 20
789 675 821 702 Ει
844 675 959 703 celerior
973 679 1033 703 erat

243 722 327 749 verbo
342 721 391 749 llla
413 729 475 749 cum
499 721 663 755 audivisset;
679 722 761 749 celeri
777 725 867 749 autem
883 721 1032 756 palpitabat

242 767 320 802 pede,
348 767 434 795 Luctu
461 768 551 796 soluta
577 771 605 795 et
628 767 749 803 gaudio:
770 767 923 802 impetuosa
940 770 1030 795 autem

241 813 382 842 Christum
396 814 431 842 ad
444 814 567 842 vicinum
585 814 704 842 velocem
721 813 815 841 habuit
831 813 914 841 viam.
931 813 977 849 [50
994 833 1002 841 .
1021 834 1028 841 .

338 927 346 935 .
385 907 440 943 151
468 906 600 934 llmnincs
616 910 706 933 autem
724 905 770 940 qui
794 909 872 933 erant
892 905 964 932 intra
983 905 1030 931 lle-

241 953 322 981 biletn
336 952 457 984 domum,
483 951 516 978 Et
533 953 619 987 ipsam
641 951 855 979 consolabantur
878 950 1030 978 doloricldo

240 998 359 1034 quodam
387 998 481 1030 verbo,
507 997 612 1025 Luctus
640 997 729 1033 vigilis
753 997 951 1029 consolatores,
967 1003 1029 1024 cum

239 1044 364 1072 viderent
380 1044 472 1071 subito
489 1042 568 1076 Quod
586 1042 670 1070 Maria
686 1043 764 1071 velox
780 1043 948 1070 excitaretur
961 1049 1030 1078 vago

240 1091 360 1122 silentio,
385 1090 488 1118 Omnes
508 1090 695 1125 sequebantur
715 1089 882 1124 retrogradis
903 1088 1028 1123 pedibus,

240 1136 373 1164 Putantes
393 1135 506 1163 Mariam
527 1135 735 1171 lacrylnantem,
750 1134 823 1170 quod
839 1138 965 1162 curreret
981 1132 1031 1161 Su-

239 1182 306 1214 bito,
320 1182 390 1210 velle
410 1182 443 1209 ad
468 1185 633 1210 consuetum
650 1180 785 1208 tumulum
809 1180 858 1212 ire,
878 1178 915 1206 Ut
933 1186 1029 1207 rursus

239 1228 360 1264 ploraret
384 1227 500 1256 ﬂebilem
531 1227 602 1262 apud
627 1230 777 1254 mortuum.
807 1225 934 1254 Nondum
956 1226 1029 1253 enim

239 1275 336 1309 ampla:
348 1273 468 1309 regionis
483 1272 541 1301 Rex
561 1274 702 1308 ingressus
722 1275 781 1299 erat
802 1271 956 1304 castellum,
975 1271 1028 1299 Sed

239 1327 355 1347 manens
368 1320 499 1346 immotus
513 1318 602 1346 adhuc
615 1318 710 1345 divino
723 1317 752 1344 in
768 1317 830 1344 loco
845 1316 967 1344 Habebat
983 1325 1029 1352 pe-

239 1365 282 1393 dis
295 1365 394 1393 stabile
407 1364 561 1399 vestigium,
578 1363 625 1390 ubi
640 1368 720 1390 antea
736 1362 899 1390 occurrebat
911 1361 1026 1389 Martha.

238 1411 274 1438 52
288 1410 322 1438 Et
335 1410 421 1438 Maria
438 1410 592 1446 lacrymans
616 1416 678 1436 cum
695 1416 780 1444 prope
800 1408 923 1436 venisset
940 1409 973 1436 ad
989 1409 1029 1436 lo-

239 1464 301 1483 cum
317 1455 368 1484 Ubi
380 1463 495 1484 manens
510 1455 587 1490 pedis
601 1455 744 1490 vestigium
765 1463 821 1482 non
835 1454 896 1483 ﬂexi
913 1455 1029 1483 habebat

237 1501 330 1534 Jesus,
343 1501 434 1536 Ipsum
446 1508 508 1528 cum
521 1500 771 1532 animadvertisset,
785 1501 927 1528 verberata
939 1505 1029 1529 mente

1086 263 1133 295 Εἰς
1150 263 1200 298 ἐμὲ
1214 262 1378 294 πιστεύσειε,
1391 263 1438 290 καὶ
1448 263 1472 289 εί
1483 262 1565 294 νέκυς
1578 262 1678 294 ἄπνοος
1692 262 1733 297 εἵη
1742 282 1750 296 ,

1085 307 1167 342 Αὗτις
1182 309 1342 344 άναζήσειε·
1354 309 1389 336 26
1403 309 1451 336 καὶ
1468 309 1498 341 ὃς
1515 309 1596 344 φρεσὶ
1607 308 1700 335 πίστιν
1715 307 1800 340 ἀέξει,

1085 355 1123 382 οὐ
1137 355 1248 391 θνήσκει
1259 355 1354 392 βροτδς
1363 351 1451 388 οὗτος,
1466 355 1518 388 ἕως
1532 355 1572 381 ἔτι
1589 354 1714 389 φαίνεται
1731 353 1808 381 αἰών.

1086 402 1193 429 Πείοεαι
1208 403 1246 434 ὼς
1263 403 1306 430 ὅδε
1324 402 1407 438 μῦθος
1419 403 1569 438 ὲτήτυμοςς
1586 401 1619 428 27
1636 399 1704 427 Εἷπε
1720 400 1766 427 καὶ
1783 399 1872 434 ιῦτὴο

1085 449 1211 484 Κοίρανε,
1231 448 1366 483 γινώσκω,
1387 450 1434 476 καὶ
1450 449 1577 484 πείθομαι
1591 449 1647 475 ὄττι
1662 447 1693 474 σὺ
1707 447 1802 482 κόσμῳ

1084 495 1200 530 Χριστὸς
1214 495 1384 528 ἀλεξικάκοιο
1402 495 1469 522 Θεοῦ
1484 494 1569 529 Λόγος
1583 493 1647 525 Υἱὸς
1667 493 1780 524 ἱκάνεις.

1086 542 1164 576 127
1179 542 1214 569 28
1230 542 1306 568 Τοῖον
1320 541 1383 572 ἔπος
1400 541 1498 573 λέξασα
1519 540 1682 576 παρέστιχεν
1697 539 1752 571 ὀξέϊ
1765 536 1869 572 ταρσῷ,

1084 588 1138 615 Καὶ
1148 588 1258 624 Μαρίην
1275 587 1419 615 ὲκάλεσσεν
1438 587 1580 623 ὁμόγνιον·
1601 586 1678 613 οὔασι
1693 585 1716 611 δ’
1733 584 1819 618 αὐτῆς

1083 634 1199 670 Λάθριον
1214 634 1352 670 ὲψιθύριξε
1362 642 1370 650 ο
1390 633 1554 665 Διδάσκαλος
1566 633 1622 659 ὅττι
1641 630 1750 667 σαωτὴρ

1083 681 1181 713 Ἵκετο,
1195 681 1243 708 καὶ
1257 681 1348 707 καλέει
1360 689 1401 707 σε.
1413 680 1448 707 29
1461 680 1516 706 Kal.
1529 678 1655 714 ὠκυτέρη
1670 677 1734 704 πέλε
1749 675 1834 711 μύθου

1082 727 1168 762 Κείνη
1183 726 1256 758 ὅπως
1273 726 1386 762 ἤκουσε·
1404 724 1457 761 θοῷ
1471 724 1493 751 δ’
1511 723 1676 752 ἀνεπάλλετο
1692 721 1797 758 ταρσῷ,

1082 772 1179 799 Πένθεῖ
1196 771 1314 807 λυομένη
1327 771 1375 798 καὶ
1386 770 1522 807 χάρματι·
1538 769 1665 804 φοιταλέη
1675 769 1703 795 δὲ

1081 818 1198 854 Χριστὸν
1212 818 1240 849 ὲς
1255 816 1448 853 ἀγχικέλευθον
1458 816 1588 843 ἀελλοπὺν
1604 813 1662 851 εἶχε
1675 814 1798 850 πορείην.

1083 857 1868 899 [δο,..............]

1046 891 1067 920 Β
1081 891 1113 937 ἐι
1127 891 1198 936 VAaol.
1213 908 1235 935 δ’
1252 908 1350 940 οἵτινες
1375 905 1445 944 ἦσαν
1462 906 1516 934 ἔσω
1531 907 1650 942 κινυροῖο
1671 904 1818 941 μελάθρου,

1080 954 1135 981 Καί
1154 963 1199 990 μιν
1213 954 1410 990 ὲλαφρίζεσκον
1422 953 1592 988 ἀκεσσιπόνῳ
1602 952 1655 979 τινὶ
1668 951 1756 987 μύθῳ,

1080 1000 1196 1032 Πένθεος
1209 1000 1358 1037 ἀγρύπνοιο
1373 1000 1537 1036 παρήγοροι,
1551 999 1588 1031 ὡς
1603 999 1657 1026 ἴδον
1670 999 1747 1033 ἄφνω

1086 1048 1130 1079 Ὠς
1143 1046 1237 1083 Μαρίη
1253 1047 1417 1082 ταχύγουνος
1430 1046 1560 1081 ἀνέγρετο
1570 1044 1674 1080 φοιτάδι
1688 1045 1763 1079 σιγῇ,

1081 1093 1184 1124 Πάντες
1195 1093 1396 1128 ὲψωμάρτησαν
1408 1091 1613 1126 ὀπισθοτιὸροισι
1625 1089 1753 1121 πεδίλοις,

1087 1137 1245 1173 Ἐλπὸμενοι
1260 1138 1369 1174 Μαρίην
1385 1137 1564 1174 φιλοδάκρυον
1576 1137 1634 1163 ὅττι
1646 1135 1764 1168 θοροῦσα

1086 1181 1231 1218 Ἐξαπίνης
1245 1183 1360 1219 ἤμελλεν
1376 1183 1404 1214 ές
1417 1182 1506 1218 ἠθάδα
1517 1181 1549 1209 τύ
1554 1181 1620 1217 μ6ον
1631 1181 1745 1212 ὁδεύειν,

1082 1228 1172 1265 Ὀςρρα
1185 1229 1266 1257 πάλιν
1280 1229 1406 1257 κλαύσειε
1428 1228 1512 1256 πολυο
1517 1229 1589 1265 ρήνῳ
1600 1228 1664 1264 περὶ
1678 1226 1778 1263 νεκρῷ.

1080 1275 1162 1303 Οὔπω
1177 1275 1198 1302 δ’
1216 1276 1369 1311 εὑρυάλωος
1385 1277 1469 1309 Ἀναξ
1484 1275 1637 1311 ἐπεϐήσατο
1650 1275 1759 1310 κώμης,

1085 1320 1165 1347 Ἀλλὰ
1182 1320 1269 1356 μένων
1283 1320 1425 1352 ἀτίνακτος
1438 1320 1478 1347 ἔτι
1491 1319 1580 1355 ζαθέῳ
1595 1320 1670 1355 παρὰ
1683 1319 1764 1355 χώρῳ

1079 1365 1144 1402 Εἶχε
1163 1366 1243 1398 ποδὸς
1257 1367 1353 1393 στατδν
1377 1366 1459 1402 ἴχνος,
1474 1367 1528 1402 ὅπη
1546 1367 1633 1403 πάρος
1646 1366 1741 1402 ἤντετο
1757 1365 1868 1402 Μάρϐη.

1079 1413 1114 1440 52
1130 1412 1184 1440 Καὶ
1201 1412 1294 1448 Μαρίη
1309 1412 1482 1448 βαρύδακρυς
1495 1413 1540 1440 ὅτε
1552 1412 1645 1448 σχεδὸν
1656 1412 1730 1439 ἵκετο
1743 1411 1834 1448 χώρου

1080 1454 1147 1493 ἾΔΙχι
1165 1457 1253 1492 μένων
1272 1457 1351 1489 ποδὸς
1368 1457 1440 1492 ῐχνος
1457 1456 1600 1492 ἁκαμπέος
1613 1455 1685 1491 εἶχεν
1700 1454 1817 1490 Ἰησοῦς,

1078 1503 1164 1531 Αὐτὸν
1181 1504 1256 1535 ὅπως
1270 1503 1392 1538 ἐνόησεν,
1411 1502 1582 1538 ἱμασσομένη
1596 1501 1682 1537 φρένα
1699 1501 1815 1537 κέντρῳ,

238 1547 361 1580 stimulo,
373 1546 464 1574 Prona
473 1553 522 1581 per
536 1546 666 1574 sevoluta
679 1547 706 1574 in
720 1546 903 1580 pavimentum
916 1546 1026 1580 cadens,

1083 1548 1188 1585 Θρηνὴς
1204 1549 1396 1581 αὐτοκύλιστος
1408 1549 1479 1585 ὑπὲρ
1493 1547 1615 1575 δαπέδοιο
1631 1547 1763 1579 πεσοῦσα,

238 1592 320 1620 Juxta
331 1592 415 1627 pedes
430 1593 599 1622 immortales
616 1594 809 1626 inclinabatur,
819 1594 916 1629 lugens
936 1599 1027 1622 autem

240 1637 360 1665 llumore
381 1638 488 1673 lugubri
510 1637 619 1667 divinos
634 1638 780 1667 madefecit
797 1639 892 1674 pedes,
919 1638 1030 1667 Sermo-

239 1689 300 1710 nem
313 1686 442 1710 eructans
452 1688 595 1716 eoactum;
611 1692 626 1712 e
643 1684 770 1712 faucibus
780 1688 872 1713 autem
884 1684 1028 1721 Lacrymis

239 1728 311 1755 vieta
326 1728 370 1755 vix
391 1728 582 1765 egrediebatur
601 1737 651 1757 vox
665 1738 672 1757 :
688 1729 711 1758 Ο
728 1729 817 1763 beate,
839 1731 862 1758 si
879 1730 1027 1764 adfuisses,

239 1787 294 1807 non
306 1779 425 1808 Lazarus
436 1781 563 1809 cessisset
574 1781 640 1809 fato.
654 1782 689 1809 3'5
703 1781 736 1809 Et
747 1781 859 1809 Mariam
871 1787 1025 1818 gementem

238 1832 345 1865 videns,
366 1836 394 1860 et
422 1833 537 1862 comites
558 1834 617 1870 ejus
642 1834 727 1863 Filios
750 1834 907 1863 Judmorum
931 1843 1028 1864 recens

240 1884 375 1919 lugentes,
395 1892 513 1920 quorum
537 1886 623 1913 multo
638 1885 726 1914 lmbre
744 1887 898 1923 lacrymoso
913 1887 1028 1914 circum-

239 1937 437 1972 spergebantur
475 1945 567 1973 genas,
605 1937 709 1973 Spiritu
745 1943 859 1974 paterno
896 1939 1026 1974 agitatus,

239 1989 274 2017 54
296 1990 388 2017 sonuit
408 1990 762 2026 vocem:128051endite
788 1991 854 2018 mihi
875 1991 1028 2026 quoipsum

240 2041 384 2076 posuistis.
400 2042 432 2069 Et
447 2042 576 2070 dixerunt
594 2043 644 2078 ipsi
659 2053 665 2070 :
681 2043 749 2072 Veni
766 2047 793 2071 et
806 2043 878 2071 vide.
892 2044 928 2071 35
942 2043 975 2070 Et
989 2043 1029 2070 in-

239 2092 342 2127 gemuit
352 2093 410 2128 ipse
422 2093 512 2125 Jesus,
525 2093 619 2122 Oculis
632 2101 686 2122 non
701 2094 919 2130 lacrymantibus
931 2094 1028 2122 incon-

241 2148 333 2173 suetas
346 2145 482 2181 lacrymas
498 2146 615 2174 stillans.

1080 1594 1141 1630 Πὰρ
1152 1596 1230 1621 ποσὶν
1244 1593 1405 1629 άμόροσίοις
1424 1591 1583 1619 ὲπεκέκλιτο
1594 1599 1601 1606 ·
1621 1590 1760 1627 μυρομένη
1773 1589 1802 1616 δὲ

1086 1640 1190 1675 Ἰκμάδι
1207 1639 1340 1675 πενθαλέῃ
1357 1639 1469 1671 ζαθέους
1484 1638 1607 1674 ὲδιήνατο
1621 1637 1747 1673 ταρσοὺς,

1079 1684 1172 1712 Μῦοον
1187 1684 1353 1720 ἐρευγομένη
1372 1682 1530 1719 βεϐιημένον
1540 1691 1548 1697 ·
1568 1682 1600 1708 ὲκ
1616 1681 1738 1717 φάρυγος
1752 1680 1781 1707 δὲ

1079 1731 1199 1766 Δάκρυσι
1217 1730 1358 1765 νικηθεῖσα
1370 1729 1446 1765 μόλις
1463 1726 1632 1764 πορθμεύετο
1649 1727 1724 1762 φωνή
1736 1734 1743 1741 ’

1078 1775 1113 1804 Ὦ
1132 1777 1235 1814 μάκαρ,
1255 1776 1279 1802 εἰ
1296 1775 1412 1812 παρέης,
1431 1774 1462 1801 οὗ
1479 1773 1604 1809 Λάζαρος
1617 1772 1710 1799 εἴκαθε
1722 1771 1831 1807 πότμῳ.

1078 1823 1113 1850 55
1127 1823 1181 1849 Kal
1191 1821 1301 1857 Μαρίην
1312 1820 1493 1856 στενάχουσαν
1507 1819 1578 1851 ἰδὼν,
1595 1819 1641 1845 καὶ
1651 1818 1788 1854 ὀμήλυδας
1799 1818 1868 1852 αὐτῇ

1079 1866 1146 1900 Υἷας
1163 1867 1296 1894 Ἰουδαίων
1307 1866 1477 1898 νεοπενθέας,
1491 1861 1528 1892 ὧν
1543 1864 1595 1903 ὑπο
1607 1863 1696 1899 πολλῷ

1081 1914 1197 1951 Ὀμὸρῳ
1210 1913 1367 1949 δακρυόεντι
1384 1911 1590 1948 περιρραίνοντο
1603 1910 1723 1946 impetat,

1080 1960 1218 1996 Πνεύματι
1230 1958 1348 1995 πατρῴῳ
1361 1957 1546 1993 δεδονημένος.
1561 1956 1596 1984 34-
1613 1955 1673 1991 ἴαχε
1692 1956 1783 1991 φωνήν
1794 1965 1800 1970 -

1082 2007 1162 2042 129
1174 2005 1283 2039 Δείξατέ
1303 2013 1348 2041 μοι
1371 2003 1432 2030 πόθι
1449 2004 1536 2030 κεῖνον
1553 2002 1680 2038 ὲθήκατε.
1705 2002 1761 2029 Kal.
1778 2003 1868 2037 φάσαν

1729 2048 1818 2085 [αὐτῷ
1826 2057 1833 2065 ·

1081 2099 1190 2134 Ἕρχεο,
1208 2096 1253 2124 και
1270 2096 1410 2128 σκοπίαζε.
1429 2094 1464 2123 '55
1475 2095 1529 2122 Kal
1544 2094 1649 2121 ἔστενεν
1661 2093 1740 2126 αὐτὸς
1752 2093 1868 2130 Ἰησοῦς,

1081 2145 1221 2180 Ὀμμασιν
1237 2143 1411 2170 ἁκλαύτοισιν
1425 2141 1511 2178 ἀήθεα
1525 2141 1630 2177 δάκρυα
1642 2139 1750 2168 λείϐων.

840 2246 981 2276 TEXTUS
1000 2245 1267 2274 EVANGELISTE.

241 2317 287 2344 καὶ
302 2316 319 2351 ἡ
334 2314 404 2349 ζωή·
422 2314 436 2340 6
451 2311 586 2339 πιστεύων
608 2313 647 2344 είς
663 2314 723 2348 ἐμὲ,
745 2314 798 2344 κᾶν
820 2313 955 2351 ἀποθάνῃ,
978 2314 1027 2349 ζή-
1043 2316 1064 2344 D
1115 2315 1146 2342 δι
1163 2314 1193 2341 Οί
1207 2312 1254 2340 οὖν
1274 2313 1392 2340 Ἰουδαῖοι
1409 2313 1433 2339 οἱ
1445 2313 1521 2344 ὄντες
1541 2312 1599 2347 μετ’
1610 2312 1696 2346 αὐτῆς
1710 2312 1739 2338 ὲν
1750 2313 1782 2347 τῇ
1794 2311 1865 2346 οίκίᾳ

241 2367 317 2385 σεται
327 2365 334 2371 ”

275 2399 310 2426 26
320 2398 375 2425 Kal.
386 2398 438 2429 πᾶς
447 2398 461 2424 6
472 2396 525 2430 ζῶν
536 2398 582 2424 καὶ
593 2397 728 2425 πιστεύων
741 2398 781 2429 εἰς
792 2397 851 2432 ἐμὲ,
867 2397 896 2424 οὒ
909 2397 947 2433 μὴ
959 2398 1026 2425 ἀπο-

241 2439 309 2475 θάνῃ
321 2440 359 2471 είς
374 2439 420 2466 τὸν
439 2438 532 2466 αἰῶνα.
547 2439 688 2470 Πιστεύεις
705 2438 798 2472 τοῦτος

275 2481 309 2507 27
327 2480 408 2513 Λέγει
421 2480 510 2515 αὐτῷ·
530 2480 594 2514 Ναὶ,
612 2481 709 2516 Κύριε·
724 2479 778 2514 ὲγὼ
801 2480 970 2506 πεπίστευκα
984 2479 1024 2506 ὅτι

241 2521 274 2548 σὺ
286 2519 310 2547 εῐ
327 2522 341 2547 6
357 2521 473 2556 Χριστὸς
494 2522 508 2548 ό
529 2522 592 2555 Υίὸς
607 2523 654 2549 τοὺ
667 2521 745 2554 Θεοῦ,
763 2522 777 2548 6
795 2522 835 2553 είς
852 2521 897 2548 τὸν
923 2521 1025 2556 κόσμον

240 2562 386 2598 ἐρχόμενος
396 2582 402 2589 .

274 2603 310 2630 28
318 2604 372 2630 Καὶ
382 2604 467 2631 ταῦτα
478 2604 591 2633 εἰποῦσα
603 2604 708 2639 ἀπῆλθε
720 2605 767 2631 καὶ
782 2603 903 2638 ὲφὼνησε
917 2602 1026 2637 Μαρίαν

239 2645 289 2681 τὴν
303 2645 417 2681 ἀδελφὴν
431 2647 516 2682 αὐτῆς
535 2646 633 2682 λάθρα,
653 2646 784 2673 εἰποῦσα·
813 2646 841 2672 '0
867 2644 1026 2676 διδάσκαλος

240 2686 356 2723 πάρεστι
369 2688 415 2714 καὶ
430 2690 513 2723 φωνεί
527 2696 566 2716 σε,

273 2729 309 2757 29
325 2729 430 2766 Ἐκείνη
445 2730 482 2762 ὡς
496 2730 627 2765 ἤκουσεν,
646 2729 781 2766 ἐγείρεται
795 2729 875 2764 ταχὺ,
890 2729 938 2756 καὶ
949 2727 1026 2764 ἔρχε-

238 2778 286 2798 ται
298 2769 367 2805 πρὸς
379 2770 471 2798 αὐτόν.

274 2811 311 2840 50
330 2811 430 2847 (Οὔπω
441 2812 470 2839 δὲ
485 2811 608 2846 ἐληλύθει
627 2813 641 2840 6
663 2811 766 2848 Ἰησοῦς
787 2813 827 2844 είς
848 2812 897 2847 τὴν
912 2811 1024 2847 κώμην·

247 2853 342 2891 άλλ“ᾖν
353 2853 383 2880 ὲν
395 2852 434 2890 τῷ
448 2853 523 2890 τόπῳ
536 2853 602 2881 ὅπου
619 2854 773 2890 ὑπήντησεν
786 2853 860 2891 αὐτῷ
871 2855 888 2890 ἡ
902 2852 1025 2889 Μάρθα.)

1080 2356 1127 2383 καὶ
1145 2355 1388 2392 παραμυθούμενοι
1405 2355 1500 2389 αὐτὴν,
1525 2353 1624 2385 ἰδόντες
1638 2353 1687 2388 τὴν
1703 2354 1814 2388 Μαρίαν
1827 2354 1867 2380 ὅτι

1079 2397 1184 2433 ταχέως
1212 2397 1311 2432 ἀνέστη
1339 2396 1386 2423 καὶ
1411 2395 1540 2430 ἐξῆλθεν,
1567 2395 1756 2430 ἠκολούθησαν
1783 2395 1867 2429 αὐτῇ,

1079 2439 1211 2473 λέγοντες·
1222 2439 1282 2465 ’Ότι
1290 2438 1389 2472 ὑπάγει
1399 2439 1438 2469 εἰς
1446 2437 1475 2464 τὸ
1489 2445 1540 2472 μνη
1545 2438 1619 2471 μεῖον
1628 2437 1672 2463 ἵνα
1684 2435 1790 2472 κλαύσῃ
1801 2437 1866 2464 ὲκεί.

1114 2481 1148 2507 52
1175 2480 1207 2506 Ἡ
1229 2478 1275 2507 οὖν
1296 2480 1391 2515 Μαρία
1415 2479 1452 2511 ὡς
1477 2476 1558 2514 ἦλθεν
1580 2479 1648 2504 ὅπου
1668 2475 1701 2513 ἦν
1718 2478 1732 2504 6
1754 2477 1867 2512 Ἰησοῦς,

1077 2521 1169 2549 ἰδοῦσα
1181 2521 1272 2552 αὐτὸν,
1285 2522 1381 2548 ἑπεσεν
1402 2521 1442 2552 εἰς
1463 2521 1525 2551 τοὺς
1539 2519 1622 2551 πόδας
1638 2518 1732 2551 αὐτοῦ,
1753 2519 1868 2552 λέγουσα

1076 2563 1167 2599 αὐτῷ·
1193 2563 1293 2598 Κύριε,
1318 2565 1342 2590 εί
1363 2561 1397 2599 ἦς
1420 2561 1482 2596 ὧδε,
1505 2564 1555 2590 οὐκ
1579 2564 1613 2590 ἂν
1635 2560 1757 2589 ἀπέθανὲ
1785 2569 1836 2596 μου
1855 2561 1869 2586 6

1076 2604 1196 2639 ἀδελφός.

1111 2647 1146 2673 33
1158 2646 1261 2680 Ἰησοῦς
1274 2644 1331 2677 οὖν,
1342 2646 1379 2679 ὡς
1392 2643 1461 2673 εἶδεν
1475 2646 1560 2682 αὐτὴν
1577 2645 1733 2677 κλαίουσαν,
1746 2644 1795 2670 καὶ
1807 2643 1870 2673 τοὺς

1078 2688 1254 2719 συνελθόντας
1265 2688 1332 2724 αὐτῇ
1351 2687 1494 2719 Ἰουδαίους
1506 2687 1660 2721 κλαίοντας,
1671 2686 1869 2722 ὲνεδριμήσατο

1080 2729 1119 2765 τῷ
1133 2729 1267 2763 πνεύματι
1280 2729 1327 2756 καὶ
1342 2729 1473 2764 ἐτάραξεν
1491 2729 1602 2756 ἑαυτόνδ

1116 2771 1151 2798 54
1161 2771 1216 2797 Καὶ
1227 2768 1286 2798 εἷπε
1295 2779 1302 2787 ·
1314 2770 1369 2797 Ποῦ
1380 2770 1520 2798 τεθείκατε
1531 2770 1628 2804 αὺτύνς
1641 2769 1773 2804 Λέγουσιν
1781 2766 1868 2803 αὐτῷ·

1079 2811 1177 2848 Κύριε,
1189 2812 1271 2847 ἔρχου
1285 2812 1333 2839 καὶ⁸
1350 2811 1398 2839 ἴδε.

1113 2853 1148 2881 55
1181 2853 1346 2889 Ἐδάκρυσεν
1362 2853 1382 2891 6'
1397 2853 1509 2889 Ἰησοῦς.
