  <div class='ocr_page' id='page_1' title='image "/cluster/home/n/w/nwhite01/storage/ocr_20150623/43/njp.32101007506163/464.png"; bbox 0 0 1953 3040; ppageno 0'>
   <div class='ocr_carea' id='block_1_1' title="bbox 116 160 172 188">
    <p class='ocr_par' dir='ltr' id='par_1_1' title="bbox 116 160 172 188">
     <span class='ocr_line' id='line_1_1' title="bbox 116 160 172 188; baseline -0.018 0"><span class='ocrx_word' id='word_1_1' title='bbox 116 160 172 188; x_wconf 70' lang='grc'>845</span> 
     </span>
    </p>
   </div>
   <div class='ocr_carea' id='block_1_2' title="bbox 151 217 836 254">
    <p class='ocr_par' dir='ltr' id='par_1_2' title="bbox 151 217 836 254">
     <span class='ocr_line' id='line_1_2' title="bbox 151 217 836 254; baseline 0.001 -8"><span class='ocrx_word' id='word_1_2' title='bbox 151 219 187 246; x_wconf 79' lang='lat'><strong>56</strong></span> <span class='ocrx_word' id='word_1_3' title='bbox 201 217 255 244; x_wconf 83' lang='grc' dir='ltr'>Καί</span> <span class='ocrx_word' id='word_1_4' title='bbox 266 227 338 250; x_wconf 82' lang='grc' dir='ltr'>τινες</span> <span class='ocrx_word' id='word_1_5' title='bbox 354 217 524 253; x_wconf 79' lang='grc' dir='ltr'>ἀθρήσαντες</span> <span class='ocrx_word' id='word_1_6' title='bbox 538 218 643 254; x_wconf 75' lang='grc' dir='ltr'>ἐνίαχον</span> <span class='ocrx_word' id='word_1_7' title='bbox 657 220 757 246; x_wconf 80' lang='grc' dir='ltr'>αὐτίκα</span> <span class='ocrx_word' id='word_1_8' title='bbox 768 219 836 247; x_wconf 75' lang='grc' dir='ltr'>λαοί”</span> 
     </span>
    </p>
   </div>
   <div class='ocr_carea' id='block_1_3' title="bbox 127 263 789 300">
    <p class='ocr_par' dir='ltr' id='par_1_3' title="bbox 127 263 789 300">
     <span class='ocr_line' id='line_1_3' title="bbox 127 263 789 300; baseline 0.003 -10"><span class='ocrx_word' id='word_1_9' title='bbox 127 264 214 290; x_wconf 81' lang='grc' dir='ltr'>Ὴνιδε</span> <span class='ocrx_word' id='word_1_10' title='bbox 231 263 290 295; x_wconf 82' lang='grc' dir='ltr'>πῶς</span> <span class='ocrx_word' id='word_1_11' title='bbox 303 264 388 298; x_wconf 78' lang='grc' dir='ltr'>φιλέει</span> <span class='ocrx_word' id='word_1_12' title='bbox 402 264 449 290; x_wconf 79' lang='grc' dir='ltr'>καὶ</span> <span class='ocrx_word' id='word_1_13' title='bbox 460 264 585 299; x_wconf 77' lang='grc' dir='ltr'>Λάζαρον</span> <span class='ocrx_word' id='word_1_14' title='bbox 600 265 630 290; x_wconf 86' lang='grc' dir='ltr'>οὐ</span> <span class='ocrx_word' id='word_1_15' title='bbox 643 265 789 300; x_wconf 74' lang='grc' dir='ltr'>παρεόντα.</span> 
     </span>
    </p>
   </div>
   <div class='ocr_carea' id='block_1_4' title="bbox 119 309 845 347">
    <p class='ocr_par' dir='ltr' id='par_1_4' title="bbox 119 309 845 347">
     <span class='ocr_line' id='line_1_4' title="bbox 119 309 845 347; baseline 0.003 -11"><span class='ocrx_word' id='word_1_16' title='bbox 119 309 153 336; x_wconf 83' lang='grc'>57</span> <span class='ocrx_word' id='word_1_17' title='bbox 173 310 264 336; x_wconf 72' lang='grc' dir='ltr'>Ἄλλοι</span> <span class='ocrx_word' id='word_1_18' title='bbox 276 309 298 336; x_wconf 80' lang='grc' dir='ltr'>δ’</span> <span class='ocrx_word' id='word_1_19' title='bbox 313 309 481 344; x_wconf 78' lang='grc' dir='ltr'>ἀντιάχησαν</span> <span class='ocrx_word' id='word_1_20' title='bbox 495 318 501 325; x_wconf 84' lang='grc'><strong>’</strong></span> <span class='ocrx_word' id='word_1_21' title='bbox 518 309 686 345; x_wconf 75' lang='grc' dir='ltr'>Ἀλεξικάκῳ</span> <span class='ocrx_word' id='word_1_22' title='bbox 700 311 754 338; x_wconf 72' lang='grc' dir='ltr'>τινὶ</span> <span class='ocrx_word' id='word_1_23' title='bbox 767 311 845 347; x_wconf 82' lang='grc' dir='ltr'>πηλῷ</span> 
     </span>
    </p>
   </div>
   <div class='ocr_carea' id='block_1_5' title="bbox 119 352 880 390">
    <p class='ocr_par' dir='ltr' id='par_1_5' title="bbox 119 352 880 390">
     <span class='ocr_line' id='line_1_5' title="bbox 119 352 880 390; baseline 0.001 -8"><span class='ocrx_word' id='word_1_24' title='bbox 119 355 294 390; x_wconf 74' lang='grc' dir='ltr'>ὀφθαλμοὺς</span> <span class='ocrx_word' id='word_1_25' title='bbox 316 354 444 390; x_wconf 81' lang='grc' dir='ltr'>μερόπων</span> <span class='ocrx_word' id='word_1_26' title='bbox 461 354 646 389; x_wconf 80' lang='grc' dir='ltr'>λιποφεγγέας</span> <span class='ocrx_word' id='word_1_27' title='bbox 662 352 740 388; x_wconf 73' lang='grc' dir='ltr'>οὗτος</span> <span class='ocrx_word' id='word_1_28' title='bbox 761 357 880 388; x_wconf 81' lang='grc' dir='ltr'>ἀνοίξας,</span> 
     </span>
    </p>
   </div>
   <div class='ocr_carea' id='block_1_6' title="bbox 122 399 847 436">
    <p class='ocr_par' dir='ltr' id='par_1_6' title="bbox 122 399 847 436">
     <span class='ocr_line' id='line_1_6' title="bbox 122 399 847 436; baseline 0.003 -9"><span class='ocrx_word' id='word_1_29' title='bbox 122 401 225 435; x_wconf 84' lang='grc' dir='ltr'>Ἔργον</span> <span class='ocrx_word' id='word_1_30' title='bbox 238 401 295 427; x_wconf 82' lang='grc' dir='ltr'>ἴσον</span> <span class='ocrx_word' id='word_1_31' title='bbox 312 399 414 426; x_wconf 83' lang='grc' dir='ltr'>τελέειν</span> <span class='ocrx_word' id='word_1_32' title='bbox 427 400 477 426; x_wconf 75' lang='grc' dir='ltr'>οὐκ</span> <span class='ocrx_word' id='word_1_33' title='bbox 492 399 611 432; x_wconf 78' lang='grc' dir='ltr'>ἔσθενεν,</span> <span class='ocrx_word' id='word_1_34' title='bbox 622 401 694 436; x_wconf 71' lang='grc' dir='ltr'>ὄφρα</span> <span class='ocrx_word' id='word_1_35' title='bbox 708 402 755 428; x_wconf 70' lang='grc' dir='ltr'>καὶ</span> <span class='ocrx_word' id='word_1_36' title='bbox 766 403 847 434; x_wconf 76' lang='grc' dir='ltr'>αὐτὸς</span> 
     </span>
    </p>
   </div>
   <div class='ocr_carea' id='block_1_7' title="bbox 120 443 748 482">
    <p class='ocr_par' dir='ltr' id='par_1_7' title="bbox 120 443 748 482">
     <span class='ocr_line' id='line_1_7' title="bbox 120 443 748 482; baseline -0.002 -9"><span class='ocrx_word' id='word_1_37' title='bbox 120 446 168 481; x_wconf 86' lang='grc' dir='ltr'>Μὴ</span> <span class='ocrx_word' id='word_1_38' title='bbox 183 445 268 480; x_wconf 85' lang='grc' dir='ltr'>φονίῳ</span> <span class='ocrx_word' id='word_1_39' title='bbox 281 445 359 477; x_wconf 83' lang='grc' dir='ltr'>νέκυς</span> <span class='ocrx_word' id='word_1_40' title='bbox 374 443 451 477; x_wconf 72' lang='grc' dir='ltr'>οὗτος</span> <span class='ocrx_word' id='word_1_41' title='bbox 462 446 617 481; x_wconf 79' lang='grc' dir='ltr'>ὁμιλήσειεν</span> <span class='ocrx_word' id='word_1_42' title='bbox 628 446 748 482; x_wconf 80' lang='grc' dir='ltr'>ὀλέθρῳ;</span> 
     </span>
    </p>
   </div>
   <div class='ocr_carea' id='block_1_8' title="bbox 121 490 881 529">
    <p class='ocr_par' dir='ltr' id='par_1_8' title="bbox 121 490 881 529">
     <span class='ocr_line' id='line_1_8' title="bbox 121 490 881 529; baseline 0.001 -9"><span class='ocrx_word' id='word_1_43' title='bbox 121 493 156 520; x_wconf 89' lang='grc'>58</span> <span class='ocrx_word' id='word_1_44' title='bbox 167 493 234 519; x_wconf 80' lang='grc' dir='ltr'>Τοῖα</span> <span class='ocrx_word' id='word_1_45' title='bbox 247 492 294 527; x_wconf 78' lang='grc' dir='ltr'>μὲν</span> <span class='ocrx_word' id='word_1_46' title='bbox 306 490 383 518; x_wconf 71' lang='grc' dir='ltr'>εἶπεν</span> <span class='ocrx_word' id='word_1_47' title='bbox 398 492 524 524; x_wconf 75' lang='grc' dir='ltr'>ἕκαστος.</span> <span class='ocrx_word' id='word_1_48' title='bbox 543 493 728 529; x_wconf 82' lang='grc' dir='ltr'>Ἑπειγομένῳ</span> <span class='ocrx_word' id='word_1_49' title='bbox 737 494 766 521; x_wconf 82' lang='grc' dir='ltr'>δὲ</span> <span class='ocrx_word' id='word_1_50' title='bbox 782 494 881 529; x_wconf 82' lang='grc' dir='ltr'>πεδίλῳ</span> 
     </span>
    </p>
   </div>
   <div class='ocr_carea' id='block_1_9' title="bbox 127 536 881 573">
    <p class='ocr_par' dir='ltr' id='par_1_9' title="bbox 127 536 881 573">
     <span class='ocr_line' id='line_1_9' title="bbox 127 536 881 573; baseline 0.004 -10"><span class='ocrx_word' id='word_1_51' title='bbox 127 538 296 572; x_wconf 78' lang='grc' dir='ltr'>’Λχνυμένης</span> <span class='ocrx_word' id='word_1_52' title='bbox 314 537 447 572; x_wconf 76' lang='grc' dir='ltr'>βριμηδὸν</span> <span class='ocrx_word' id='word_1_53' title='bbox 464 537 518 564; x_wconf 80' lang='grc' dir='ltr'>ἀπὸ</span> <span class='ocrx_word' id='word_1_54' title='bbox 539 538 636 573; x_wconf 82' lang='grc' dir='ltr'>φρενὸς</span> <span class='ocrx_word' id='word_1_55' title='bbox 651 536 741 565; x_wconf 81' lang='grc' dir='ltr'>οἶκτον</span> <span class='ocrx_word' id='word_1_56' title='bbox 759 539 881 566; x_wconf 71' lang='grc' dir='ltr'>ἀνέλκων</span> 
     </span>
    </p>
   </div>
   <div class='ocr_carea' id='block_1_10' title="bbox 123 583 766 620">
    <p class='ocr_par' dir='ltr' id='par_1_10' title="bbox 123 583 766 620">
     <span class='ocr_line' id='line_1_10' title="bbox 123 583 766 620; baseline 0 -10"><span class='ocrx_word' id='word_1_57' title='bbox 123 583 224 619; x_wconf 80' lang='grc' dir='ltr'>Ἰησοῦς</span> <span class='ocrx_word' id='word_1_58' title='bbox 240 584 389 618; x_wconf 81' lang='grc' dir='ltr'>πεφόρητο,</span> <span class='ocrx_word' id='word_1_59' title='bbox 409 583 455 609; x_wconf 76' lang='grc' dir='ltr'>καὶ</span> <span class='ocrx_word' id='word_1_60' title='bbox 467 583 527 619; x_wconf 75' lang='grc' dir='ltr'>ῆῑεν</span> <span class='ocrx_word' id='word_1_61' title='bbox 538 583 634 618; x_wconf 78' lang='grc' dir='ltr'>ἐγγύθι</span> <span class='ocrx_word' id='word_1_62' title='bbox 647 583 750 620; x_wconf 78' lang='grc' dir='ltr'>τὺμόου</span> <span class='ocrx_word' id='word_1_63' title='bbox 760 593 766 599; x_wconf 92' lang='grc'><strong>·</strong></span> 
     </span>
    </p>
   </div>
   <div class='ocr_carea' id='block_1_11' title="bbox 122 626 843 667">
    <p class='ocr_par' dir='ltr' id='par_1_11' title="bbox 122 626 843 667">
     <span class='ocr_line' id='line_1_11' title="bbox 122 626 843 667; baseline 0.003 -11"><span class='ocrx_word' id='word_1_64' title='bbox 122 630 177 656; x_wconf 75' lang='grc' dir='ltr'>Καὶ</span> <span class='ocrx_word' id='word_1_65' title='bbox 194 629 298 664; x_wconf 77' lang='grc' dir='ltr'>χθόνιον</span> <span class='ocrx_word' id='word_1_66' title='bbox 311 629 395 660; x_wconf 80' lang='grc' dir='ltr'>σπέος</span> <span class='ocrx_word' id='word_1_67' title='bbox 405 626 454 664; x_wconf 84' lang='grc' dir='ltr'>ἦεν</span> <span class='ocrx_word' id='word_1_68' title='bbox 466 629 520 655; x_wconf 78' lang='grc' dir='ltr'>ἔσω</span> <span class='ocrx_word' id='word_1_69' title='bbox 533 629 683 666; x_wconf 84' lang='grc' dir='ltr'>γλαφυροῖο</span> <span class='ocrx_word' id='word_1_70' title='bbox 698 630 843 667; x_wconf 78' lang='grc' dir='ltr'>μελάθρου,</span> 
     </span>
    </p>
   </div>
   <div class='ocr_carea' id='block_1_12' title="bbox 120 675 828 712">
    <p class='ocr_par' dir='ltr' id='par_1_12' title="bbox 120 675 828 712">
     <span class='ocr_line' id='line_1_12' title="bbox 120 675 828 712; baseline 0.001 -10"><span class='ocrx_word' id='word_1_71' title='bbox 120 675 178 702; x_wconf 69' lang='grc' dir='ltr'>Καὶ</span> <span class='ocrx_word' id='word_1_72' title='bbox 191 675 263 707; x_wconf 75' lang='grc' dir='ltr'>λίθος</span> <span class='ocrx_word' id='word_1_73' title='bbox 281 675 438 702; x_wconf 81' lang='grc' dir='ltr'>ἀντιτύποιο</span> <span class='ocrx_word' id='word_1_74' title='bbox 452 675 544 710; x_wconf 81' lang='grc' dir='ltr'>φέρων</span> <span class='ocrx_word' id='word_1_75' title='bbox 557 676 670 711; x_wconf 84' lang='grc' dir='ltr'>μίμημα</span> <span class='ocrx_word' id='word_1_76' title='bbox 685 675 828 712; x_wconf 79' lang='grc' dir='ltr'>θυρέτρου,</span> 
     </span>
    </p>
   </div>
   <div class='ocr_carea' id='block_1_13' title="bbox 121 721 877 758">
    <p class='ocr_par' dir='ltr' id='par_1_13' title="bbox 121 721 877 758">
     <span class='ocr_line' id='line_1_13' title="bbox 121 721 877 758; baseline 0.003 -10"><span class='ocrx_word' id='word_1_77' title='bbox 121 721 307 757; x_wconf 71' lang='grc' dir='ltr'>Ἀμφιπαγὴς,</span> <span class='ocrx_word' id='word_1_78' title='bbox 322 722 474 758; x_wconf 80' lang='grc' dir='ltr'>ἰσόμετρος,</span> <span class='ocrx_word' id='word_1_79' title='bbox 495 722 614 758; x_wconf 84' lang='grc' dir='ltr'>ὲρείδετο</span> <span class='ocrx_word' id='word_1_80' title='bbox 629 723 750 758; x_wconf 78' lang='grc' dir='ltr'>χάσματι</span> <span class='ocrx_word' id='word_1_81' title='bbox 762 723 877 758; x_wconf 76' lang='grc' dir='ltr'>τύμϐου.</span> 
     </span>
    </p>
   </div>
   <div class='ocr_carea' id='block_1_14' title="bbox 120 768 825 804">
    <p class='ocr_par' dir='ltr' id='par_1_14' title="bbox 120 768 825 804">
     <span class='ocr_line' id='line_1_14' title="bbox 120 768 825 804; baseline -0.001 -8"><span class='ocrx_word' id='word_1_82' title='bbox 120 768 155 796; x_wconf 82' lang='grc'>59</span> <span class='ocrx_word' id='word_1_83' title='bbox 176 768 281 803; x_wconf 79' lang='grc' dir='ltr'>Ἰησοῦς</span> <span class='ocrx_word' id='word_1_84' title='bbox 292 769 314 795; x_wconf 84' lang='grc' dir='ltr'>δ’</span> <span class='ocrx_word' id='word_1_85' title='bbox 328 768 469 796; x_wconf 72' lang='grc' dir='ltr'>ἐκέλευσεν</span> <span class='ocrx_word' id='word_1_86' title='bbox 488 768 573 800; x_wconf 78' lang='grc' dir='ltr'>Ἀναξ</span> <span class='ocrx_word' id='word_1_87' title='bbox 587 769 732 804; x_wconf 79' lang='grc' dir='ltr'>πειθήμονι</span> <span class='ocrx_word' id='word_1_88' title='bbox 749 769 806 804; x_wconf 87' lang='grc' dir='ltr'>λαῷ</span> <span class='ocrx_word' id='word_1_89' title='bbox 817 777 825 786; x_wconf 76' lang='grc' dir='ltr'><strong><em>ο</em></strong></span> 
     </span>
    </p>
   </div>
   <div class='ocr_carea' id='block_1_15' title="bbox 120 813 762 850">
    <p class='ocr_par' dir='ltr' id='par_1_15' title="bbox 120 813 762 850">
     <span class='ocr_line' id='line_1_15' title="bbox 120 813 762 850; baseline 0.003 -11"><span class='ocrx_word' id='word_1_90' title='bbox 120 813 196 840; x_wconf 79' lang='grc' dir='ltr'>Λᾶαν</span> <span class='ocrx_word' id='word_1_91' title='bbox 212 813 380 849; x_wconf 75' lang='grc' dir='ltr'>ὑπωροφίοιο</span> <span class='ocrx_word' id='word_1_92' title='bbox 391 814 600 849; x_wconf 84' lang='grc' dir='ltr'>μεταστήσασθε</span> <span class='ocrx_word' id='word_1_93' title='bbox 615 814 762 850; x_wconf 74' lang='grc' dir='ltr'>μελάθρου.</span> 
     </span>
    </p>
   </div>
   <div class='ocr_carea' id='block_1_16' title="bbox 119 858 760 894">
    <p class='ocr_par' dir='ltr' id='par_1_16' title="bbox 119 858 760 894">
     <span class='ocr_line' id='line_1_16' title="bbox 119 858 760 894; baseline 0.003 -10"><span class='ocrx_word' id='word_1_94' title='bbox 119 858 257 893; x_wconf 81' lang='grc' dir='ltr'>Μάρθαδὲ</span> <span class='ocrx_word' id='word_1_95' title='bbox 269 858 428 891; x_wconf 78' lang='grc' dir='ltr'>τεθνειῶτος</span> <span class='ocrx_word' id='word_1_96' title='bbox 441 859 566 894; x_wconf 78' lang='grc' dir='ltr'>ὁμόγνιος</span> <span class='ocrx_word' id='word_1_97' title='bbox 580 859 639 894; x_wconf 77' lang='grc' dir='ltr'>ἴαχε</span> <span class='ocrx_word' id='word_1_98' title='bbox 653 860 744 894; x_wconf 79' lang='grc' dir='ltr'>φωνήν</span> <span class='ocrx_word' id='word_1_99' title='bbox 753 868 760 875; x_wconf 85' lang='grc'><strong>·</strong></span> 
     </span>
    </p>
   </div>
   <div class='ocr_carea' id='block_1_17' title="bbox 120 903 839 941">
    <p class='ocr_par' dir='ltr' id='par_1_17' title="bbox 120 903 839 941">
     <span class='ocr_line' id='line_1_17' title="bbox 120 903 839 941; baseline 0.001 -11"><span class='ocrx_word' id='word_1_100' title='bbox 120 903 257 939; x_wconf 81' lang='grc' dir='ltr'>Κείμενον</span> <span class='ocrx_word' id='word_1_101' title='bbox 269 904 462 941; x_wconf 75' lang='grc' dir='ltr'>ἁντιθύρετρον</span> <span class='ocrx_word' id='word_1_102' title='bbox 479 905 511 932; x_wconf 75' lang='lat' dir='ltr'>Ea</span> <span class='ocrx_word' id='word_1_103' title='bbox 527 905 609 932; x_wconf 82' lang='grc' dir='ltr'>λίθον.</span> <span class='ocrx_word' id='word_1_104' title='bbox 623 905 772 940; x_wconf 75' lang='grc' dir='ltr'>Οέγομένου</span> <span class='ocrx_word' id='word_1_105' title='bbox 784 905 839 940; x_wconf 78' lang='grc' dir='ltr'>γὰρ</span> 
     </span>
    </p>
   </div>
   <div class='ocr_carea' id='block_1_18' title="bbox 119 950 791 987">
    <p class='ocr_par' dir='ltr' id='par_1_18' title="bbox 119 950 791 987">
     <span class='ocr_line' id='line_1_18' title="bbox 119 950 791 987; baseline 0.001 -11"><span class='ocrx_word' id='word_1_106' title='bbox 119 950 266 985; x_wconf 83' lang='grc' dir='ltr'>Χάσματος</span> <span class='ocrx_word' id='word_1_107' title='bbox 281 951 408 983; x_wconf 79' lang='grc' dir='ltr'>οὐδαίοιο,</span> <span class='ocrx_word' id='word_1_108' title='bbox 421 951 575 987; x_wconf 78' lang='grc' dir='ltr'>δυσήνεμος</span> <span class='ocrx_word' id='word_1_109' title='bbox 589 950 699 987; x_wconf 77' lang='grc' dir='ltr'>ἔρχεται</span> <span class='ocrx_word' id='word_1_110' title='bbox 710 951 791 987; x_wconf 80' lang='grc' dir='ltr'>ὀδμὴ,</span> 
     </span>
    </p>
   </div>
   <div class='ocr_carea' id='block_1_19' title="bbox 120 996 806 1032">
    <p class='ocr_par' dir='ltr' id='par_1_19' title="bbox 120 996 806 1032">
     <span class='ocr_line' id='line_1_19' title="bbox 120 996 806 1032; baseline 0.003 -10"><span class='ocrx_word' id='word_1_111' title='bbox 120 997 198 1022; x_wconf 79' lang='grc' dir='ltr'>Ὀττι</span> <span class='ocrx_word' id='word_1_112' title='bbox 212 998 369 1032; x_wconf 78' lang='grc' dir='ltr'>τεταρταῖος</span> <span class='ocrx_word' id='word_1_113' title='bbox 382 997 486 1023; x_wconf 78' lang='grc' dir='ltr'>τελέθει</span> <span class='ocrx_word' id='word_1_114' title='bbox 499 997 581 1029; x_wconf 73' lang='grc' dir='ltr'>νέκυς</span> <span class='ocrx_word' id='word_1_115' title='bbox 595 996 681 1024; x_wconf 72' lang='grc' dir='ltr'>ἔνδοθι</span> <span class='ocrx_word' id='word_1_116' title='bbox 691 997 806 1032; x_wconf 79' lang='grc' dir='ltr'>τύμϐου.</span> 
     </span>
    </p>
   </div>
   <div class='ocr_carea' id='block_1_20' title="bbox 118 1041 911 1079">
    <p class='ocr_par' dir='ltr' id='par_1_20' title="bbox 118 1041 911 1079">
     <span class='ocr_line' id='line_1_20' title="bbox 118 1041 911 1079; baseline 0.003 -11"><span class='ocrx_word' id='word_1_117' title='bbox 118 1041 154 1068; x_wconf 76' lang='grc'>40</span> <span class='ocrx_word' id='word_1_118' title='bbox 174 1042 277 1078; x_wconf 78' lang='grc' dir='ltr'>Ἰησοῦς</span> <span class='ocrx_word' id='word_1_119' title='bbox 289 1042 310 1069; x_wconf 82' lang='grc' dir='ltr'>δ’</span> <span class='ocrx_word' id='word_1_120' title='bbox 323 1043 483 1078; x_wconf 81' lang='grc' dir='ltr'>άπάμειπτο</span> <span class='ocrx_word' id='word_1_121' title='bbox 502 1044 548 1070; x_wconf 82' lang='grc' dir='ltr'>καὶ</span> <span class='ocrx_word' id='word_1_122' title='bbox 561 1043 656 1070; x_wconf 77' lang='grc' dir='ltr'>ἔννεπε</span> <span class='ocrx_word' id='word_1_123' title='bbox 671 1043 783 1070; x_wconf 57' lang='lat' dir='ltr'><strong>meast</strong></span> <span class='ocrx_word' id='word_1_124' title='bbox 796 1043 895 1079; x_wconf 84' lang='grc' dir='ltr'>Μάροῃ</span> <span class='ocrx_word' id='word_1_125' title='bbox 905 1052 911 1058; x_wconf 88' lang='grc'><strong>·</strong></span> 
     </span>
    </p>
   </div>
   <div class='ocr_carea' id='block_1_21' title="bbox 119 1085 825 1123">
    <p class='ocr_par' dir='ltr' id='par_1_21' title="bbox 119 1085 825 1123">
     <span class='ocr_line' id='line_1_21' title="bbox 119 1085 825 1123; baseline 0.004 -12"><span class='ocrx_word' id='word_1_126' title='bbox 119 1085 156 1112; x_wconf 82' lang='grc' dir='ltr'>οὔ</span> <span class='ocrx_word' id='word_1_127' title='bbox 173 1094 214 1112; x_wconf 91' lang='grc' dir='ltr'>σοι</span> <span class='ocrx_word' id='word_1_128' title='bbox 224 1086 302 1113; x_wconf 84' lang='grc' dir='ltr'>τοῦτο</span> <span class='ocrx_word' id='word_1_129' title='bbox 317 1087 404 1122; x_wconf 84' lang='grc' dir='ltr'>πάρος</span> <span class='ocrx_word' id='word_1_130' title='bbox 418 1087 595 1123; x_wconf 83' lang='grc' dir='ltr'>διεπέφραδον</span> <span class='ocrx_word' id='word_1_131' title='bbox 606 1096 613 1120; x_wconf 87' lang='grc'>;</span> <span class='ocrx_word' id='word_1_132' title='bbox 626 1087 688 1114; x_wconf 77' lang='grc' dir='ltr'>αἴκε</span> <span class='ocrx_word' id='word_1_133' title='bbox 706 1088 825 1123; x_wconf 80' lang='grc' dir='ltr'>φυλάξῃς</span> 
     </span>
    </p>
   </div>
   <div class='ocr_carea' id='block_1_22' title="bbox 120 1130 798 1169">
    <p class='ocr_par' dir='ltr' id='par_1_22' title="bbox 120 1130 798 1169">
     <span class='ocr_line' id='line_1_22' title="bbox 120 1130 798 1169; baseline 0.004 -12"><span class='ocrx_word' id='word_1_134' title='bbox 120 1130 243 1159; x_wconf 74' lang='grc' dir='ltr'>Χείλεσιν</span> <span class='ocrx_word' id='word_1_135' title='bbox 257 1131 413 1167; x_wconf 78' lang='grc' dir='ltr'>ὑμετέροισι</span> <span class='ocrx_word' id='word_1_136' title='bbox 424 1133 509 1168; x_wconf 82' lang='grc' dir='ltr'>σοφὴν</span> <span class='ocrx_word' id='word_1_137' title='bbox 526 1133 663 1169; x_wconf 81' lang='grc' dir='ltr'>σφρηγῖδα</span> <span class='ocrx_word' id='word_1_138' title='bbox 678 1133 798 1168; x_wconf 82' lang='grc' dir='ltr'>σιωπῆς,</span> 
     </span>
    </p>
   </div>
   <div class='ocr_carea' id='block_1_23' title="bbox 125 1176 822 1214">
    <p class='ocr_par' dir='ltr' id='par_1_23' title="bbox 125 1176 822 1214">
     <span class='ocr_line' id='line_1_23' title="bbox 125 1176 822 1214; baseline 0.004 -12"><span class='ocrx_word' id='word_1_139' title='bbox 125 1176 224 1212; x_wconf 80' lang='grc' dir='ltr'>Ὀρθὴν</span> <span class='ocrx_word' id='word_1_140' title='bbox 237 1177 328 1204; x_wconf 85' lang='grc' dir='ltr'>πίστιν</span> <span class='ocrx_word' id='word_1_141' title='bbox 344 1177 453 1213; x_wconf 74' lang='grc' dir='ltr'>ἔχουσα,</span> <span class='ocrx_word' id='word_1_142' title='bbox 471 1179 518 1205; x_wconf 84' lang='grc' dir='ltr'>καὶ</span> <span class='ocrx_word' id='word_1_143' title='bbox 527 1179 559 1204; x_wconf 83' lang='grc' dir='ltr'>οὑ</span> <span class='ocrx_word' id='word_1_144' title='bbox 577 1178 719 1214; x_wconf 85' lang='grc' dir='ltr'>διχόμητις</span> <span class='ocrx_word' id='word_1_145' title='bbox 730 1178 822 1211; x_wconf 76' lang='grc' dir='ltr'>ἐοῦσα,</span> 
     </span>
    </p>
   </div>
   <div class='ocr_carea' id='block_1_24' title="bbox 930 889 951 921">
    <p class='ocr_par' dir='ltr' id='par_1_24' title="bbox 930 889 951 921">
     <span class='ocr_line' id='line_1_24' title="bbox 930 889 951 921; baseline 0 0"><span class='ocrx_word' id='word_1_146' title='bbox 930 889 951 921; x_wconf 82' lang='grc' dir='ltr'><strong>Β</strong></span> 
     </span>
    </p>
   </div>
   <div class='ocr_carea' id='block_1_25' title="bbox 121 1222 698 1262">
    <p class='ocr_par' dir='ltr' id='par_1_25' title="bbox 121 1222 698 1262">
     <span class='ocr_line' id='line_1_25' title="bbox 121 1222 698 1262; baseline 0.005 -14"><span class='ocrx_word' id='word_1_147' title='bbox 121 1222 220 1256; x_wconf 68' lang='grc' dir='ltr'>Ὀψεαι</span> <span class='ocrx_word' id='word_1_148' title='bbox 229 1223 366 1258; x_wconf 81' lang='grc' dir='ltr'>οὐρανίοιο</span> <span class='ocrx_word' id='word_1_149' title='bbox 381 1223 449 1250; x_wconf 84' lang='grc' dir='ltr'>Θεοῦ</span> <span class='ocrx_word' id='word_1_150' title='bbox 461 1224 589 1260; x_wconf 82' lang='grc' dir='ltr'>ζωαρκέα</span> <span class='ocrx_word' id='word_1_151' title='bbox 602 1225 698 1262; x_wconf 74' lang='grc' dir='ltr'>τιμήν;</span> 
     </span>
    </p>
   </div>
   <div class='ocr_carea' id='block_1_26' title="bbox 119 1268 881 1306">
    <p class='ocr_par' dir='ltr' id='par_1_26' title="bbox 119 1268 881 1306">
     <span class='ocr_line' id='line_1_26' title="bbox 119 1268 881 1306; baseline 0.004 -12"><span class='ocrx_word' id='word_1_152' title='bbox 119 1268 150 1294; x_wconf 68' lang='grc'><strong>41</strong></span> <span class='ocrx_word' id='word_1_153' title='bbox 163 1269 195 1294; x_wconf 83' lang='grc' dir='ltr'>Οἱ</span> <span class='ocrx_word' id='word_1_154' title='bbox 209 1269 258 1302; x_wconf 85' lang='grc' dir='ltr'>μὲν</span> <span class='ocrx_word' id='word_1_155' title='bbox 268 1269 337 1296; x_wconf 81' lang='grc' dir='ltr'>λᾶαν</span> <span class='ocrx_word' id='word_1_156' title='bbox 354 1269 450 1304; x_wconf 68' lang='grc' dir='ltr'>ἄειραν</span> <span class='ocrx_word' id='word_1_157' title='bbox 462 1277 469 1285; x_wconf 90' lang='grc'><strong>·</strong></span> <span class='ocrx_word' id='word_1_158' title='bbox 487 1270 572 1302; x_wconf 77' lang='grc' dir='ltr'>Ἀναξ</span> <span class='ocrx_word' id='word_1_159' title='bbox 584 1270 606 1297; x_wconf 83' lang='grc' dir='ltr'>δ’</span> <span class='ocrx_word' id='word_1_160' title='bbox 623 1270 759 1302; x_wconf 84' lang='grc' dir='ltr'>ἀντώπιος</span> <span class='ocrx_word' id='word_1_161' title='bbox 774 1271 881 1306; x_wconf 78' lang='grc' dir='ltr'>ἄστρων</span> 
     </span>
    </p>
   </div>
   <div class='ocr_carea' id='block_1_27' title="bbox 119 1312 751 1352">
    <p class='ocr_par' dir='ltr' id='par_1_27' title="bbox 119 1312 751 1352">
     <span class='ocr_line' id='line_1_27' title="bbox 119 1312 751 1352; baseline 0.006 -13"><span class='ocrx_word' id='word_1_162' title='bbox 119 1312 290 1350; x_wconf 81' lang='grc' dir='ltr'>Ὀφθαλμοὺς</span> <span class='ocrx_word' id='word_1_163' title='bbox 303 1315 441 1351; x_wconf 79' lang='grc' dir='ltr'>ἀνάειρεν,</span> <span class='ocrx_word' id='word_1_164' title='bbox 456 1315 492 1351; x_wconf 81' lang='grc' dir='ltr'>ἐῷ</span> <span class='ocrx_word' id='word_1_165' title='bbox 503 1316 525 1342; x_wconf 81' lang='grc' dir='ltr'>δ’</span> <span class='ocrx_word' id='word_1_166' title='bbox 542 1316 638 1352; x_wconf 79' lang='grc' dir='ltr'>ἐϐόησε</span> <span class='ocrx_word' id='word_1_167' title='bbox 653 1317 751 1352; x_wconf 81' lang='grc' dir='ltr'>Τοκῆῐ·</span> 
     </span>
    </p>
   </div>
   <div class='ocr_carea' id='block_1_28' title="bbox 118 1359 915 1397">
    <p class='ocr_par' dir='ltr' id='par_1_28' title="bbox 118 1359 915 1397">
     <span class='ocr_line' id='line_1_28' title="bbox 118 1359 915 1397; baseline 0.003 -11"><span class='ocrx_word' id='word_1_168' title='bbox 118 1359 165 1386; x_wconf 79' lang='grc' dir='ltr'>Σοὶ</span> <span class='ocrx_word' id='word_1_169' title='bbox 179 1360 268 1396; x_wconf 80' lang='grc' dir='ltr'>χάρις,</span> <span class='ocrx_word' id='word_1_170' title='bbox 282 1360 320 1392; x_wconf 85' lang='grc' dir='ltr'>ὡς</span> <span class='ocrx_word' id='word_1_171' title='bbox 330 1361 438 1396; x_wconf 83' lang='grc' dir='ltr'>ἐμέθεν,</span> <span class='ocrx_word' id='word_1_172' title='bbox 449 1361 540 1397; x_wconf 81' lang='grc' dir='ltr'>Πάτερ</span> <span class='ocrx_word' id='word_1_173' title='bbox 562 1361 710 1393; x_wconf 69' lang='grc' dir='ltr'>ἔκλυες-42</span> <span class='ocrx_word' id='word_1_174' title='bbox 723 1361 781 1389; x_wconf 70' lang='grc' dir='ltr'>οἴδα</span> <span class='ocrx_word' id='word_1_175' title='bbox 795 1362 822 1389; x_wconf 83' lang='grc' dir='ltr'>δὲ</span> <span class='ocrx_word' id='word_1_176' title='bbox 837 1362 915 1397; x_wconf 87' lang='grc' dir='ltr'>θυμῷ</span> 
     </span>
    </p>
   </div>
   <div class='ocr_carea' id='block_1_29' title="bbox 125 1405 791 1442">
    <p class='ocr_par' dir='ltr' id='par_1_29' title="bbox 125 1405 791 1442">
     <span class='ocr_line' id='line_1_29' title="bbox 125 1405 791 1442; baseline 0.005 -10"><span class='ocrx_word' id='word_1_177' title='bbox 125 1405 170 1437; x_wconf 80' lang='grc' dir='ltr'>Ὠς</span> <span class='ocrx_word' id='word_1_178' title='bbox 182 1406 280 1441; x_wconf 70' lang='grc' dir='ltr'>ἐμέθεν</span> <span class='ocrx_word' id='word_1_179' title='bbox 292 1406 424 1442; x_wconf 67' lang='grc' dir='ltr'>βοόωντπ</span> <span class='ocrx_word' id='word_1_180' title='bbox 438 1408 481 1434; x_wconf 78' lang='grc' dir='ltr'>ἀεὶ</span> <span class='ocrx_word' id='word_1_181' title='bbox 498 1407 544 1434; x_wconf 85' lang='grc' dir='ltr'>σέο</span> <span class='ocrx_word' id='word_1_182' title='bbox 559 1408 657 1440; x_wconf 78' lang='grc' dir='ltr'>Παιδὸς</span> <span class='ocrx_word' id='word_1_183' title='bbox 672 1408 791 1440; x_wconf 77' lang='grc' dir='ltr'>ἀκούεις.</span> 
     </span>
    </p>
   </div>
   <div class='ocr_carea' id='block_1_30' title="bbox 125 1450 790 1487">
    <p class='ocr_par' dir='ltr' id='par_1_30' title="bbox 125 1450 790 1487">
     <span class='ocr_line' id='line_1_30' title="bbox 125 1450 790 1487; baseline 0.005 -10"><span class='ocrx_word' id='word_1_184' title='bbox 125 1450 205 1477; x_wconf 75' lang='grc' dir='ltr'>Ἀλλὰ</span> <span class='ocrx_word' id='word_1_185' title='bbox 222 1451 302 1487; x_wconf 82' lang='grc' dir='ltr'>χάριν</span> <span class='ocrx_word' id='word_1_186' title='bbox 313 1452 388 1478; x_wconf 86' lang='grc' dir='ltr'>λαοῖο</span> <span class='ocrx_word' id='word_1_187' title='bbox 404 1452 618 1487; x_wconf 76' lang='grc' dir='ltr'>παρισταμένοιο</span> <span class='ocrx_word' id='word_1_188' title='bbox 632 1452 790 1487; x_wconf 78' lang='grc' dir='ltr'>πιφαύσκω,</span> 
     </span>
    </p>
   </div>
   <div class='ocr_carea' id='block_1_31' title="bbox 120 1496 823 1532">
    <p class='ocr_par' dir='ltr' id='par_1_31' title="bbox 120 1496 823 1532">
     <span class='ocr_line' id='line_1_31' title="bbox 120 1496 823 1532; baseline 0.003 -10"><span class='ocrx_word' id='word_1_189' title='bbox 120 1497 212 1531; x_wconf 86' lang='grc' dir='ltr'>Ὂφρα</span> <span class='ocrx_word' id='word_1_190' title='bbox 227 1505 259 1522; x_wconf 89' lang='grc' dir='ltr'>κε</span> <span class='ocrx_word' id='word_1_191' title='bbox 271 1496 362 1523; x_wconf 85' lang='grc' dir='ltr'>πίστιν</span> <span class='ocrx_word' id='word_1_192' title='bbox 377 1496 463 1532; x_wconf 74' lang='grc' dir='ltr'>ἔχοιεν</span> <span class='ocrx_word' id='word_1_193' title='bbox 475 1497 586 1532; x_wconf 78' lang='grc' dir='ltr'>ἀρείονα</span> <span class='ocrx_word' id='word_1_194' title='bbox 600 1497 701 1532; x_wconf 83' lang='grc' dir='ltr'>μᾶλλον</span> <span class='ocrx_word' id='word_1_195' title='bbox 713 1497 823 1524; x_wconf 83' lang='grc' dir='ltr'>ἀκούειν</span> 
     </span>
    </p>
   </div>
   <div class='ocr_carea' id='block_1_32' title="bbox 119 1541 805 1578">
    <p class='ocr_par' dir='ltr' id='par_1_32' title="bbox 119 1541 805 1578">
     <span class='ocr_line' id='line_1_32' title="bbox 119 1541 805 1578; baseline 0.003 -10"><span class='ocrx_word' id='word_1_196' title='bbox 119 1541 196 1568; x_wconf 86' lang='grc' dir='ltr'>Ὀττι</span> <span class='ocrx_word' id='word_1_197' title='bbox 207 1541 239 1568; x_wconf 83' lang='grc' dir='ltr'>σύ</span> <span class='ocrx_word' id='word_1_198' title='bbox 252 1550 285 1576; x_wconf 88' lang='grc' dir='ltr'>με</span> <span class='ocrx_word' id='word_1_199' title='bbox 301 1542 450 1578; x_wconf 79' lang='grc' dir='ltr'>προέηκας,</span> <span class='ocrx_word' id='word_1_200' title='bbox 464 1542 666 1578; x_wconf 81' lang='grc' dir='ltr'>ἐσαθρὴσαντες</span> <span class='ocrx_word' id='word_1_201' title='bbox 679 1543 805 1575; x_wconf 74' lang='grc' dir='ltr'>ὁπωπαῐς</span> 
     </span>
    </p>
   </div>
   <div class='ocr_carea' id='block_1_33' title="bbox 118 1588 750 1624">
    <p class='ocr_par' dir='ltr' id='par_1_33' title="bbox 118 1588 750 1624">
     <span class='ocr_line' id='line_1_33' title="bbox 118 1588 750 1624; baseline 0.002 -10"><span class='ocrx_word' id='word_1_202' title='bbox 118 1588 224 1623; x_wconf 79' lang='grc' dir='ltr'>Νεκρὺν</span> <span class='ocrx_word' id='word_1_203' title='bbox 238 1588 387 1624; x_wconf 86' lang='grc' dir='ltr'>ἀελλήεντα</span> <span class='ocrx_word' id='word_1_204' title='bbox 404 1588 591 1624; x_wconf 78' lang='grc' dir='ltr'>διαστείχοντα</span> <span class='ocrx_word' id='word_1_205' title='bbox 608 1588 750 1624; x_wconf 80' lang='grc' dir='ltr'>βερέθρου,</span> 
     </span>
    </p>
   </div>
   <div class='ocr_carea' id='block_1_34' title="bbox 120 1635 910 1671">
    <p class='ocr_par' dir='ltr' id='par_1_34' title="bbox 120 1635 910 1671">
     <span class='ocr_line' id='line_1_34' title="bbox 120 1635 910 1671; baseline 0 -9"><span class='ocrx_word' id='word_1_206' title='bbox 222 1635 369 1670; x_wconf 69' lang='grc' dir='ltr'>’ἰλλόμενον</span> <span class='ocrx_word' id='word_1_207' title='bbox 389 1635 523 1670; x_wconf 86' lang='grc' dir='ltr'>δεσμοῖσι,</span> <span class='ocrx_word' id='word_1_208' title='bbox 548 1635 594 1662; x_wconf 77' lang='grc' dir='ltr'>καὶ</span> <span class='ocrx_word' id='word_1_209' title='bbox 619 1635 649 1661; x_wconf 79' lang='grc' dir='ltr'>οὐ</span> <span class='ocrx_word' id='word_1_210' title='bbox 673 1635 806 1662; x_wconf 77' lang='grc' dir='ltr'>πίπτοντα</span> <span class='ocrx_word' id='word_1_211' title='bbox 822 1635 910 1671; x_wconf 71' lang='grc' dir='ltr'>κονίῃ.</span> 
     </span>
    </p>
   </div>
   <div class='ocr_carea' id='block_1_35' title="bbox 119 1679 854 1719">
    <p class='ocr_par' dir='ltr' id='par_1_35' title="bbox 119 1679 854 1719">
     <span class='ocr_line' id='line_1_35' title="bbox 119 1679 854 1719; baseline -0.001 -11"><span class='ocrx_word' id='word_1_212' title='bbox 119 1683 153 1708; x_wconf 72' lang='grc'>45</span> <span class='ocrx_word' id='word_1_213' title='bbox 170 1679 254 1708; x_wconf 86' lang='grc' dir='ltr'>Εἴπε·</span> <span class='ocrx_word' id='word_1_214' title='bbox 273 1682 318 1709; x_wconf 76' lang='grc' dir='ltr'>καὶ</span> <span class='ocrx_word' id='word_1_215' title='bbox 333 1682 512 1719; x_wconf 73' lang='grc' dir='ltr'>ὲσμαράχησε</span> <span class='ocrx_word' id='word_1_216' title='bbox 528 1681 678 1717; x_wconf 70' lang='grc' dir='ltr'>ὃιιιπρυσίῃ</span> <span class='ocrx_word' id='word_1_217' title='bbox 691 1682 744 1708; x_wconf 80' lang='grc' dir='ltr'>τινὶ</span> <span class='ocrx_word' id='word_1_218' title='bbox 759 1683 835 1717; x_wconf 86' lang='grc' dir='ltr'>φωνῇ</span> <span class='ocrx_word' id='word_1_219' title='bbox 849 1689 854 1696; x_wconf 93' lang='grc'><strong>·</strong></span> 
     </span>
    </p>
   </div>
   <div class='ocr_carea' id='block_1_36' title="bbox 121 1727 876 1764">
    <p class='ocr_par' dir='ltr' id='par_1_36' title="bbox 121 1727 876 1764">
     <span class='ocr_line' id='line_1_36' title="bbox 121 1727 876 1764; baseline -0.001 -9"><span class='ocrx_word' id='word_1_220' title='bbox 121 1728 222 1760; x_wconf 81' lang='grc' dir='ltr'>Ἐξιθι,</span> <span class='ocrx_word' id='word_1_221' title='bbox 232 1728 352 1764; x_wconf 83' lang='grc' dir='ltr'>Λάζαρε,</span> <span class='ocrx_word' id='word_1_222' title='bbox 364 1728 455 1764; x_wconf 84' lang='grc' dir='ltr'>δεῦρο.</span> <span class='ocrx_word' id='word_1_223' title='bbox 471 1728 506 1756; x_wconf 66' lang='grc'>44</span> <span class='ocrx_word' id='word_1_224' title='bbox 522 1728 721 1762; x_wconf 79' lang='grc' dir='ltr'>Λιποφθόγγοιο</span> <span class='ocrx_word' id='word_1_225' title='bbox 733 1727 762 1754; x_wconf 85' lang='grc' dir='ltr'>δὲ</span> <span class='ocrx_word' id='word_1_226' title='bbox 779 1727 876 1764; x_wconf 82' lang='grc' dir='ltr'>νεκροῦ</span> 
     </span>
    </p>
   </div>
   <div class='ocr_carea' id='block_1_37' title="bbox 120 1774 736 1811">
    <p class='ocr_par' dir='ltr' id='par_1_37' title="bbox 120 1774 736 1811">
     <span class='ocr_line' id='line_1_37' title="bbox 120 1774 736 1811; baseline -0.003 -9"><span class='ocrx_word' id='word_1_227' title='bbox 120 1777 238 1802; x_wconf 76' lang='grc' dir='ltr'>’Λπνοον</span> <span class='ocrx_word' id='word_1_228' title='bbox 251 1775 376 1811; x_wconf 77' lang='grc' dir='ltr'>ὲψύχωσε</span> <span class='ocrx_word' id='word_1_229' title='bbox 391 1776 478 1811; x_wconf 82' lang='grc' dir='ltr'>δέμας</span> <span class='ocrx_word' id='word_1_230' title='bbox 490 1774 651 1806; x_wconf 81' lang='grc' dir='ltr'>νεκυοσσὸος</span> <span class='ocrx_word' id='word_1_231' title='bbox 666 1774 736 1809; x_wconf 72' lang='grc' dir='ltr'>ἠχώ.</span> 
     </span>
    </p>
   </div>
   <div class='ocr_carea' id='block_1_38' title="bbox 120 1820 873 1857">
    <p class='ocr_par' dir='ltr' id='par_1_38' title="bbox 120 1820 873 1857">
     <span class='ocr_line' id='line_1_38' title="bbox 120 1820 873 1857; baseline -0.004 -8"><span class='ocrx_word' id='word_1_232' title='bbox 120 1823 236 1849; x_wconf 75' lang='grc' dir='ltr'>’Λπνοον</span> <span class='ocrx_word' id='word_1_233' title='bbox 251 1822 336 1857; x_wconf 80' lang='grc' dir='ltr'>ἄνδρα</span> <span class='ocrx_word' id='word_1_234' title='bbox 347 1822 473 1855; x_wconf 78' lang='grc' dir='ltr'>κάλεσσε,</span> <span class='ocrx_word' id='word_1_235' title='bbox 491 1822 538 1848; x_wconf 76' lang='grc' dir='ltr'>καὶ</span> <span class='ocrx_word' id='word_1_236' title='bbox 551 1821 646 1856; x_wconf 68' lang='grc' dir='ltr'>ἔτρεχε</span> <span class='ocrx_word' id='word_1_237' title='bbox 659 1820 755 1856; x_wconf 78' lang='grc' dir='ltr'>νεκρὸς</span> <span class='ocrx_word' id='word_1_238' title='bbox 769 1820 873 1856; x_wconf 82' lang='grc' dir='ltr'>ὁδίτης,</span> 
     </span>
    </p>
   </div>
   <div class='ocr_carea' id='block_1_39' title="bbox 119 1865 845 1904">
    <p class='ocr_par' dir='ltr' id='par_1_39' title="bbox 119 1865 845 1904">
     <span class='ocr_line' id='line_1_39' title="bbox 119 1865 845 1904; baseline -0.004 -9"><span class='ocrx_word' id='word_1_239' title='bbox 119 1868 237 1904; x_wconf 84' lang='grc' dir='ltr'>Στείχων</span> <span class='ocrx_word' id='word_1_240' title='bbox 247 1868 441 1900; x_wconf 82' lang='grc' dir='ltr'>αὐτοκέλευθος</span> <span class='ocrx_word' id='word_1_241' title='bbox 460 1867 622 1902; x_wconf 59' lang='grc' dir='ltr'>ὁμοπλῄιτῳ</span> <span class='ocrx_word' id='word_1_242' title='bbox 636 1866 720 1902; x_wconf 83' lang='grc' dir='ltr'>χθόνα</span> <span class='ocrx_word' id='word_1_243' title='bbox 733 1865 828 1902; x_wconf 80' lang='grc' dir='ltr'>ταρσῷ</span> <span class='ocrx_word' id='word_1_244' title='bbox 838 1875 845 1881; x_wconf 91' lang='grc'><strong>·</strong></span> 
     </span>
    </p>
   </div>
   <div class='ocr_carea' id='block_1_40' title="bbox 121 1913 911 1949">
    <p class='ocr_par' dir='ltr' id='par_1_40' title="bbox 121 1913 911 1949">
     <span class='ocr_line' id='line_1_40' title="bbox 121 1913 911 1949; baseline -0.003 -8"><span class='ocrx_word' id='word_1_245' title='bbox 121 1915 238 1941; x_wconf 78' lang='grc' dir='ltr'>Ἀπνουν</span> <span class='ocrx_word' id='word_1_246' title='bbox 253 1914 337 1949; x_wconf 80' lang='grc' dir='ltr'>ἄνδρα</span> <span class='ocrx_word' id='word_1_247' title='bbox 352 1915 479 1946; x_wconf 81' lang='grc' dir='ltr'>κάλεσσε,</span> <span class='ocrx_word' id='word_1_248' title='bbox 494 1914 541 1941; x_wconf 80' lang='grc' dir='ltr'>καὶ</span> <span class='ocrx_word' id='word_1_249' title='bbox 551 1915 580 1940; x_wconf 81' lang='grc' dir='ltr'>ἐν</span> <span class='ocrx_word' id='word_1_250' title='bbox 594 1913 764 1948; x_wconf 74' lang='grc' dir='ltr'>φθιμένοισιν</span> <span class='ocrx_word' id='word_1_251' title='bbox 780 1913 911 1946; x_wconf 80' lang='grc' dir='ltr'>ἀκούσας,</span> 
     </span>
    </p>
   </div>
   <div class='ocr_carea' id='block_1_41' title="bbox 124 1959 806 1995">
    <p class='ocr_par' dir='ltr' id='par_1_41' title="bbox 124 1959 806 1995">
     <span class='ocr_line' id='line_1_41' title="bbox 124 1959 806 1995; baseline -0.003 -8"><span class='ocrx_word' id='word_1_252' title='bbox 124 1960 171 1993; x_wconf 80' lang='grc' dir='ltr'>Ἐξ</span> <span class='ocrx_word' id='word_1_253' title='bbox 180 1960 252 1992; x_wconf 74' lang='grc' dir='ltr'>ἄῖδος</span> <span class='ocrx_word' id='word_1_254' title='bbox 268 1961 382 1995; x_wconf 83' lang='grc' dir='ltr'>νόστησε</span> <span class='ocrx_word' id='word_1_255' title='bbox 396 1961 485 1995; x_wconf 77' lang='grc' dir='ltr'>φυγὰς</span> <span class='ocrx_word' id='word_1_256' title='bbox 499 1961 590 1992; x_wconf 83' lang='grc' dir='ltr'>νέκυς,</span> <span class='ocrx_word' id='word_1_257' title='bbox 612 1959 709 1995; x_wconf 71' lang='grc' dir='ltr'>ὖψιμον</span> <span class='ocrx_word' id='word_1_258' title='bbox 722 1959 806 1994; x_wconf 86' lang='grc' dir='ltr'>ἄλλην</span> 
     </span>
    </p>
   </div>
   <div class='ocr_carea' id='block_1_42' title="bbox 125 2006 839 2043">
    <p class='ocr_par' dir='ltr' id='par_1_42' title="bbox 125 2006 839 2043">
     <span class='ocr_line' id='line_1_42' title="bbox 125 2006 839 2043; baseline -0.001 -10"><span class='ocrx_word' id='word_1_259' title='bbox 125 2006 260 2042; x_wconf 78' lang='grc' dir='ltr'>Ἀθρήσας</span> <span class='ocrx_word' id='word_1_260' title='bbox 276 2007 345 2042; x_wconf 69' lang='grc' dir='ltr'>μετὰ</span> <span class='ocrx_word' id='word_1_261' title='bbox 360 2008 448 2043; x_wconf 78' lang='grc' dir='ltr'>τέρμα</span> <span class='ocrx_word' id='word_1_262' title='bbox 462 2007 519 2042; x_wconf 79' lang='grc' dir='ltr'>βίου</span> <span class='ocrx_word' id='word_1_263' title='bbox 537 2006 735 2041; x_wconf 78' lang='grc' dir='ltr'>παλινάγρετον</span> <span class='ocrx_word' id='word_1_264' title='bbox 751 2006 839 2041; x_wconf 77' lang='grc' dir='ltr'>ἀρχὴν</span> 
     </span>
    </p>
   </div>
   <div class='ocr_carea' id='block_1_43' title="bbox 118 2051 851 2088">
    <p class='ocr_par' dir='ltr' id='par_1_43' title="bbox 118 2051 851 2088">
     <span class='ocr_line' id='line_1_43' title="bbox 118 2051 851 2088; baseline -0.001 -10"><span class='ocrx_word' id='word_1_265' title='bbox 118 2052 293 2088; x_wconf 79' lang='grc' dir='ltr'>Θαμϐαλέην.</span> <span class='ocrx_word' id='word_1_266' title='bbox 317 2053 406 2088; x_wconf 85' lang='grc' dir='ltr'>’Λῖδης</span> <span class='ocrx_word' id='word_1_267' title='bbox 421 2053 448 2079; x_wconf 80' lang='grc' dir='ltr'>δὲ</span> <span class='ocrx_word' id='word_1_268' title='bbox 461 2052 549 2088; x_wconf 84' lang='grc' dir='ltr'>μάτην</span> <span class='ocrx_word' id='word_1_269' title='bbox 567 2051 642 2087; x_wconf 81' lang='grc' dir='ltr'>παρὰ</span> <span class='ocrx_word' id='word_1_270' title='bbox 656 2052 757 2086; x_wconf 81' lang='grc' dir='ltr'>γείτονι</span> <span class='ocrx_word' id='word_1_271' title='bbox 775 2051 851 2088; x_wconf 82' lang='grc' dir='ltr'>Λήθῃ</span> 
     </span>
    </p>
   </div>
   <div class='ocr_carea' id='block_1_44' title="bbox 119 2098 840 2135">
    <p class='ocr_par' dir='ltr' id='par_1_44' title="bbox 119 2098 840 2135">
     <span class='ocr_line' id='line_1_44' title="bbox 119 2098 840 2135; baseline -0.001 -10"><span class='ocrx_word' id='word_1_272' title='bbox 119 2099 309 2135; x_wconf 82' lang='grc' dir='ltr'>Ιῐανδαμάτωρ</span> <span class='ocrx_word' id='word_1_273' title='bbox 329 2099 484 2134; x_wconf 78' lang='grc' dir='ltr'>ἀδάμαστον</span> <span class='ocrx_word' id='word_1_274' title='bbox 497 2098 599 2131; x_wconf 76' lang='grc' dir='ltr'>ἱδίζετο</span> <span class='ocrx_word' id='word_1_275' title='bbox 613 2098 709 2134; x_wconf 80' lang='grc' dir='ltr'>νεκρὸν</span> <span class='ocrx_word' id='word_1_276' title='bbox 724 2099 840 2134; x_wconf 81' lang='grc' dir='ltr'>ἀλήτην.</span> 
     </span>
    </p>
   </div>
   <div class='ocr_carea' id='block_1_45' title="bbox 119 2143 856 2180">
    <p class='ocr_par' dir='ltr' id='par_1_45' title="bbox 119 2143 856 2180">
     <span class='ocr_line' id='line_1_45' title="bbox 119 2143 856 2180; baseline -0.003 -9"><span class='ocrx_word' id='word_1_277' title='bbox 119 2145 174 2171; x_wconf 72' lang='grc' dir='ltr'>Καὶ</span> <span class='ocrx_word' id='word_1_278' title='bbox 193 2145 274 2177; x_wconf 81' lang='grc' dir='ltr'>ποδὸς</span> <span class='ocrx_word' id='word_1_279' title='bbox 287 2144 453 2180; x_wconf 76' lang='grc' dir='ltr'>ὀρθωθέντος</span> <span class='ocrx_word' id='word_1_280' title='bbox 467 2145 602 2180; x_wconf 83' lang='grc' dir='ltr'>ὰκαμπέα</span> <span class='ocrx_word' id='word_1_281' title='bbox 619 2145 737 2178; x_wconf 80' lang='grc' dir='ltr'>γούνατα</span> <span class='ocrx_word' id='word_1_282' title='bbox 756 2143 856 2179; x_wconf 79' lang='grc' dir='ltr'>σύρων,</span> 
     </span>
    </p>
   </div>
   <div class='ocr_carea' id='block_1_46' title="bbox 926 1519 949 1549">
    <p class='ocr_par' dir='ltr' id='par_1_46' title="bbox 926 1519 949 1549">
     <span class='ocr_line' id='line_1_46' title="bbox 926 1519 949 1549; baseline 0 0"><span class='ocrx_word' id='word_1_283' title='bbox 926 1519 949 1549; x_wconf 90' lang='lat' dir='ltr'><strong>C</strong></span> 
     </span>
    </p>
   </div>
   <div class='ocr_carea' id='block_1_47' title="bbox 118 2189 759 2225">
    <p class='ocr_par' dir='ltr' id='par_1_47' title="bbox 118 2189 759 2225">
     <span class='ocr_line' id='line_1_47' title="bbox 118 2189 759 2225; baseline 0 -10"><span class='ocrx_word' id='word_1_284' title='bbox 118 2189 228 2225; x_wconf 78' lang='grc' dir='ltr'>Τυφλὴν</span> <span class='ocrx_word' id='word_1_285' title='bbox 240 2189 412 2216; x_wconf 80' lang='grc' dir='ltr'>ίθυκέ).ευθον</span> <span class='ocrx_word' id='word_1_286' title='bbox 426 2189 495 2225; x_wconf 75' lang='grc' dir='ltr'>ἔχων</span> <span class='ocrx_word' id='word_1_287' title='bbox 511 2190 645 2216; x_wconf 79' lang='grc' dir='ltr'>ἀντώπιον</span> <span class='ocrx_word' id='word_1_288' title='bbox 660 2190 759 2224; x_wconf 78' lang='grc' dir='ltr'>ὁρμὴν,</span> 
     </span>
    </p>
   </div>
   <div class='ocr_carea' id='block_1_48' title="bbox 117 2235 832 2271">
    <p class='ocr_par' dir='ltr' id='par_1_48' title="bbox 117 2235 832 2271">
     <span class='ocr_line' id='line_1_48' title="bbox 117 2235 832 2271; baseline -0.003 -9"><span class='ocrx_word' id='word_1_289' title='bbox 117 2235 232 2271; x_wconf 72' lang='grc' dir='ltr'>Δῦδήεις</span> <span class='ocrx_word' id='word_1_290' title='bbox 247 2236 327 2268; x_wconf 85' lang='grc' dir='ltr'>νέκυς</span> <span class='ocrx_word' id='word_1_291' title='bbox 339 2235 403 2262; x_wconf 74' lang='grc' dir='ltr'>ἔσκε</span> <span class='ocrx_word' id='word_1_292' title='bbox 430 2236 477 2262; x_wconf 75' lang='grc' dir='ltr'>καὶ</span> <span class='ocrx_word' id='word_1_293' title='bbox 489 2237 521 2262; x_wconf 82' lang='grc' dir='ltr'>ὲκ</span> <span class='ocrx_word' id='word_1_294' title='bbox 540 2235 620 2268; x_wconf 82' lang='grc' dir='ltr'>ποδὸς</span> <span class='ocrx_word' id='word_1_295' title='bbox 634 2236 698 2270; x_wconf 74' lang='grc' dir='ltr'>ἄχρι</span> <span class='ocrx_word' id='word_1_296' title='bbox 713 2236 832 2270; x_wconf 82' lang='grc' dir='ltr'>καρήνου</span> 
     </span>
    </p>
   </div>
   <div class='ocr_carea' id='block_1_49' title="bbox 930 2194 949 2222">
    <p class='ocr_par' dir='ltr' id='par_1_49' title="bbox 930 2194 949 2222">
     <span class='ocr_line' id='line_1_49' title="bbox 930 2194 949 2222; baseline 0 0"><span class='ocrx_word' id='word_1_297' title='bbox 930 2194 949 2222; x_wconf 78' lang='grc' dir='ltr'>ι)</span> 
     </span>
    </p>
   </div>
   <div class='ocr_carea' id='block_1_50' title="bbox 582 156 1290 186">
    <p class='ocr_par' dir='ltr' id='par_1_50' title="bbox 582 156 1290 186">
     <span class='ocr_line' id='line_1_50' title="bbox 582 156 1290 186; baseline -0.001 0"><span class='ocrx_word' id='word_1_298' title='bbox 582 157 826 186; x_wconf 77' lang='lat' dir='ltr'>PARAPHRASiS</span> <span class='ocrx_word' id='word_1_299' title='bbox 846 157 878 184; x_wconf 80' lang='lat' dir='ltr'>IN</span> <span class='ocrx_word' id='word_1_300' title='bbox 899 156 1069 186; x_wconf 66' lang='lat' dir='ltr'><strong>.lOANNEM.</strong></span> <span class='ocrx_word' id='word_1_301' title='bbox 1089 172 1124 177; x_wconf 86' lang='lat'>——</span> <span class='ocrx_word' id='word_1_302' title='bbox 1144 157 1221 185; x_wconf 80' lang='lat' dir='ltr'><strong>CAP.</strong></span> <span class='ocrx_word' id='word_1_303' title='bbox 1244 158 1290 185; x_wconf 75' lang='lat' dir='ltr'>XI.</span> 
     </span>
    </p>
   </div>
   <div class='ocr_carea' id='block_1_51' title="bbox 938 217 1763 255">
    <p class='ocr_par' dir='ltr' id='par_1_51' title="bbox 938 217 1763 255">
     <span class='ocr_line' id='line_1_51' title="bbox 938 217 1763 255; baseline -0.001 -10"><span class='ocrx_word' id='word_1_304' title='bbox 938 221 957 247; x_wconf 75' lang='grc' dir='ltr'><strong>Α</strong></span> <span class='ocrx_word' id='word_1_305' title='bbox 1008 219 1043 246; x_wconf 77' lang='grc'>56</span> <span class='ocrx_word' id='word_1_306' title='bbox 1062 217 1094 245; x_wconf 85' lang='lat' dir='ltr'><strong>Et</strong></span> <span class='ocrx_word' id='word_1_307' title='bbox 1109 218 1219 253; x_wconf 79' lang='lat' dir='ltr'><strong>quidam</strong></span> <span class='ocrx_word' id='word_1_308' title='bbox 1232 218 1396 253; x_wconf 82' lang='lat' dir='ltr'><strong>aspicientes</strong></span> <span class='ocrx_word' id='word_1_309' title='bbox 1413 218 1541 246; x_wconf 82' lang='lat' dir='ltr'><strong>dixerunt</strong></span> <span class='ocrx_word' id='word_1_310' title='bbox 1557 219 1649 246; x_wconf 79' lang='lat' dir='ltr'><strong>statim</strong></span> <span class='ocrx_word' id='word_1_311' title='bbox 1663 228 1698 247; x_wconf 81' lang='lat' dir='ltr'>ex</span> <span class='ocrx_word' id='word_1_312' title='bbox 1712 229 1763 255; x_wconf 72' lang='lat' dir='ltr'><strong>po.</strong></span> 
     </span>
    </p>
   </div>
   <div class='ocr_carea' id='block_1_52' title="bbox 1707 158 1762 187">
    <p class='ocr_par' dir='ltr' id='par_1_52' title="bbox 1707 158 1762 187">
     <span class='ocr_line' id='line_1_52' title="bbox 1707 158 1762 187; baseline -0.018 0"><span class='ocrx_word' id='word_1_313' title='bbox 1707 158 1762 187; x_wconf 63' lang='lat'>816</span> 
     </span>
    </p>
   </div>
   <div class='ocr_carea' id='block_1_53' title="bbox 969 263 1761 302">
    <p class='ocr_par' dir='ltr' id='par_1_53' title="bbox 969 263 1761 302">
     <span class='ocr_line' id='line_1_53' title="bbox 969 263 1761 302; baseline 0.006 -13"><span class='ocrx_word' id='word_1_314' title='bbox 969 263 1033 298; x_wconf 84' lang='lat' dir='ltr'><strong>pulo</strong></span> <span class='ocrx_word' id='word_1_315' title='bbox 1043 272 1052 290; x_wconf 91' lang='lat'><strong>:</strong></span> <span class='ocrx_word' id='word_1_316' title='bbox 1062 263 1132 290; x_wconf 84' lang='lat' dir='ltr'>Ecce</span> <span class='ocrx_word' id='word_1_317' title='bbox 1143 263 1280 298; x_wconf 89' lang='lat' dir='ltr'><strong>quomodo</strong></span> <span class='ocrx_word' id='word_1_318' title='bbox 1293 263 1422 298; x_wconf 75' lang='lat' dir='ltr'><strong>diligebat</strong></span> <span class='ocrx_word' id='word_1_319' title='bbox 1436 267 1464 291; x_wconf 91' lang='lat' dir='ltr'>et</span> <span class='ocrx_word' id='word_1_320' title='bbox 1479 264 1609 293; x_wconf 80' lang='lat' dir='ltr'><strong>Lazarum</strong></span> <span class='ocrx_word' id='word_1_321' title='bbox 1626 274 1680 293; x_wconf 89' lang='lat' dir='ltr'>non</span> <span class='ocrx_word' id='word_1_322' title='bbox 1694 276 1761 302; x_wconf 72' lang='lat' dir='ltr'><strong>pra:-</strong></span> 
     </span>
    </p>
   </div>
   <div class='ocr_carea' id='block_1_54' title="bbox 968 307 1759 338">
    <p class='ocr_par' dir='ltr' id='par_1_54' title="bbox 968 307 1759 338">
     <span class='ocr_line' id='line_1_54' title="bbox 968 307 1759 338; baseline 0.003 -2"><span class='ocrx_word' id='word_1_323' title='bbox 968 311 1085 336; x_wconf 89' lang='lat' dir='ltr'><strong>scntem.</strong></span> <span class='ocrx_word' id='word_1_324' title='bbox 1099 308 1134 335; x_wconf 81' lang='grc'>57</span> <span class='ocrx_word' id='word_1_325' title='bbox 1157 307 1212 335; x_wconf 79' lang='lat' dir='ltr'><strong>Alii</strong></span> <span class='ocrx_word' id='word_1_326' title='bbox 1234 311 1326 335; x_wconf 86' lang='lat' dir='ltr'><strong>autem</strong></span> <span class='ocrx_word' id='word_1_327' title='bbox 1352 310 1449 335; x_wconf 88' lang='lat' dir='ltr'><strong>contra</strong></span> <span class='ocrx_word' id='word_1_328' title='bbox 1473 313 1624 336; x_wconf 86' lang='lat' dir='ltr'><strong>sonuerunt</strong></span> <span class='ocrx_word' id='word_1_329' title='bbox 1638 319 1645 336; x_wconf 92' lang='lat'>:</span> <span class='ocrx_word' id='word_1_330' title='bbox 1659 310 1759 338; x_wconf 80' lang='lat' dir='ltr'><strong>Malum</strong></span> 
     </span>
    </p>
   </div>
   <div class='ocr_carea' id='block_1_55' title="bbox 967 353 1761 390">
    <p class='ocr_par' dir='ltr' id='par_1_55' title="bbox 967 353 1761 390">
     <span class='ocr_line' id='line_1_55' title="bbox 967 353 1761 390; baseline 0.003 -8"><span class='ocrx_word' id='word_1_331' title='bbox 967 354 1120 389; x_wconf 88' lang='lat' dir='ltr'><strong>depellente</strong></span> <span class='ocrx_word' id='word_1_332' title='bbox 1133 355 1253 390; x_wconf 85' lang='lat' dir='ltr'><strong>quodam</strong></span> <span class='ocrx_word' id='word_1_333' title='bbox 1271 354 1328 381; x_wconf 90' lang='lat' dir='ltr'><strong>luto</strong></span> <span class='ocrx_word' id='word_1_334' title='bbox 1344 353 1445 381; x_wconf 80' lang='lat' dir='ltr'>Oculos</span> <span class='ocrx_word' id='word_1_335' title='bbox 1457 353 1598 382; x_wconf 80' lang='lat' dir='ltr'><strong>hominum</strong></span> <span class='ocrx_word' id='word_1_336' title='bbox 1612 363 1699 384; x_wconf 76' lang='lat' dir='ltr'><strong>ea-cos</strong></span> <span class='ocrx_word' id='word_1_337' title='bbox 1715 357 1761 384; x_wconf 86' lang='lat' dir='ltr'>hic</span> 
     </span>
    </p>
   </div>
   <div class='ocr_carea' id='block_1_56' title="bbox 967 397 1761 436">
    <p class='ocr_par' dir='ltr' id='par_1_56' title="bbox 967 397 1761 436">
     <span class='ocr_line' id='line_1_56' title="bbox 967 397 1761 436; baseline 0.003 -9"><span class='ocrx_word' id='word_1_338' title='bbox 967 397 1014 436; x_wconf 69' lang='grc' dir='ltr'><strong>ᾐυί</strong></span> <span class='ocrx_word' id='word_1_339' title='bbox 1047 401 1165 435; x_wconf 76' lang='lat' dir='ltr'><strong>aperuit.</strong></span> <span class='ocrx_word' id='word_1_340' title='bbox 1184 399 1259 435; x_wconf 86' lang='lat' dir='ltr'><strong>Opus</strong></span> <span class='ocrx_word' id='word_1_341' title='bbox 1278 400 1382 435; x_wconf 69' lang='lat' dir='ltr'><strong>aequale</strong></span> <span class='ocrx_word' id='word_1_342' title='bbox 1395 400 1526 435; x_wconf 79' lang='lat' dir='ltr'><strong>perﬁcere</strong></span> <span class='ocrx_word' id='word_1_343' title='bbox 1536 407 1590 427; x_wconf 90' lang='lat' dir='ltr'>non</span> <span class='ocrx_word' id='word_1_344' title='bbox 1611 401 1716 435; x_wconf 85' lang='lat' dir='ltr'><strong>potuit,</strong></span> <span class='ocrx_word' id='word_1_345' title='bbox 1730 409 1761 430; x_wconf 81' lang='lat' dir='ltr'>nt</span> 
     </span>
    </p>
   </div>
   <div class='ocr_carea' id='block_1_57' title="bbox 967 445 1761 480">
    <p class='ocr_par' dir='ltr' id='par_1_57' title="bbox 967 445 1761 480">
     <span class='ocr_line' id='line_1_57' title="bbox 967 445 1761 480; baseline 0.003 -7"><span class='ocrx_word' id='word_1_346' title='bbox 967 450 995 473; x_wconf 84' lang='lat' dir='ltr'>et</span> <span class='ocrx_word' id='word_1_347' title='bbox 1011 446 1070 480; x_wconf 84' lang='lat' dir='ltr'><strong>ipse</strong></span> <span class='ocrx_word' id='word_1_348' title='bbox 1085 445 1145 473; x_wconf 75' lang='lat' dir='ltr'><strong>Non</strong></span> <span class='ocrx_word' id='word_1_349' title='bbox 1163 445 1256 474; x_wconf 82' lang='lat' dir='ltr'><strong>letnali</strong></span> <span class='ocrx_word' id='word_1_350' title='bbox 1275 451 1400 473; x_wconf 89' lang='lat' dir='ltr'><strong>mortuus</strong></span> <span class='ocrx_word' id='word_1_351' title='bbox 1419 445 1463 472; x_wconf 89' lang='lat' dir='ltr'>hic</span> <span class='ocrx_word' id='word_1_352' title='bbox 1476 445 1690 480; x_wconf 78' lang='lat' dir='ltr'>congrederetur</span> <span class='ocrx_word' id='word_1_353' title='bbox 1703 449 1761 475; x_wconf 77' lang='lat' dir='ltr'><strong>exi-</strong></span> 
     </span>
    </p>
   </div>
   <div class='ocr_carea' id='block_1_58' title="bbox 968 490 1761 526">
    <p class='ocr_par' dir='ltr' id='par_1_58' title="bbox 968 490 1761 526">
     <span class='ocr_line' id='line_1_58' title="bbox 968 490 1761 526; baseline 0.001 -8"><span class='ocrx_word' id='word_1_354' title='bbox 968 491 1007 519; x_wconf 88' lang='lat' dir='ltr'>tio</span> <span class='ocrx_word' id='word_1_355' title='bbox 1020 491 1032 518; x_wconf 85' lang='lat'><strong>?</strong></span> <span class='ocrx_word' id='word_1_356' title='bbox 1047 491 1083 519; x_wconf 84' lang='lat'><strong>58</strong></span> <span class='ocrx_word' id='word_1_357' title='bbox 1097 491 1173 518; x_wconf 80' lang='lat' dir='ltr'><strong>Talia</strong></span> <span class='ocrx_word' id='word_1_358' title='bbox 1189 490 1298 526; x_wconf 85' lang='lat' dir='ltr'><strong>quidem</strong></span> <span class='ocrx_word' id='word_1_359' title='bbox 1313 491 1382 519; x_wconf 84' lang='lat' dir='ltr'><strong>dixit</strong></span> <span class='ocrx_word' id='word_1_360' title='bbox 1397 490 1522 526; x_wconf 88' lang='lat' dir='ltr'><strong>quilibet.</strong></span> <span class='ocrx_word' id='word_1_361' title='bbox 1537 491 1654 518; x_wconf 72' lang='lat' dir='ltr'><strong>Incitato</strong></span> <span class='ocrx_word' id='word_1_362' title='bbox 1672 497 1761 519; x_wconf 89' lang='lat' dir='ltr'><strong>aulem</strong></span> 
     </span>
    </p>
   </div>
   <div class='ocr_carea' id='block_1_59' title="bbox 967 537 1761 573">
    <p class='ocr_par' dir='ltr' id='par_1_59' title="bbox 967 537 1761 573">
     <span class='ocr_line' id='line_1_59' title="bbox 967 537 1761 573; baseline 0.001 -9"><span class='ocrx_word' id='word_1_363' title='bbox 967 538 1035 573; x_wconf 84' lang='lat' dir='ltr'><strong>pede</strong></span> <span class='ocrx_word' id='word_1_364' title='bbox 1050 537 1211 565; x_wconf 83' lang='lat' dir='ltr'><strong>Dolentibus</strong></span> <span class='ocrx_word' id='word_1_365' title='bbox 1227 544 1290 564; x_wconf 89' lang='lat' dir='ltr'>cum</span> <span class='ocrx_word' id='word_1_366' title='bbox 1317 537 1428 565; x_wconf 79' lang='lat' dir='ltr'><strong>fremitu</strong></span> <span class='ocrx_word' id='word_1_367' title='bbox 1454 545 1487 565; x_wconf 76' lang='lat' dir='ltr'><strong>ex</strong></span> <span class='ocrx_word' id='word_1_368' title='bbox 1503 537 1664 572; x_wconf 76' lang='lat' dir='ltr'><strong>pnecordiis</strong></span> <span class='ocrx_word' id='word_1_369' title='bbox 1683 545 1761 565; x_wconf 89' lang='lat' dir='ltr'><strong>com-</strong></span> 
     </span>
    </p>
   </div>
   <div class='ocr_carea' id='block_1_60' title="bbox 968 582 1762 617">
    <p class='ocr_par' dir='ltr' id='par_1_60' title="bbox 968 582 1762 617">
     <span class='ocr_line' id='line_1_60' title="bbox 968 582 1762 617; baseline 0.001 -6"><span class='ocrx_word' id='word_1_370' title='bbox 968 584 1170 612; x_wconf 83' lang='lat' dir='ltr'><strong>miserationem</strong></span> <span class='ocrx_word' id='word_1_371' title='bbox 1198 583 1310 611; x_wconf 84' lang='lat' dir='ltr'><strong>trahens</strong></span> <span class='ocrx_word' id='word_1_372' title='bbox 1340 582 1421 611; x_wconf 70' lang='lat' dir='ltr'><strong>Iesus</strong></span> <span class='ocrx_word' id='word_1_373' title='bbox 1443 584 1593 617; x_wconf 71' lang='lat' dir='ltr'><strong>ferebatur,</strong></span> <span class='ocrx_word' id='word_1_374' title='bbox 1617 589 1645 612; x_wconf 88' lang='lat' dir='ltr'>et</span> <span class='ocrx_word' id='word_1_375' title='bbox 1675 584 1762 612; x_wconf 79' lang='lat' dir='ltr'><strong>ircrat</strong></span> 
     </span>
    </p>
   </div>
   <div class='ocr_carea' id='block_1_61' title="bbox 967 629 1762 665">
    <p class='ocr_par' dir='ltr' id='par_1_61' title="bbox 967 629 1762 665">
     <span class='ocr_line' id='line_1_61' title="bbox 967 629 1762 665; baseline 0.003 -9"><span class='ocrx_word' id='word_1_376' title='bbox 967 637 1051 665; x_wconf 85' lang='lat' dir='ltr'><strong>prope</strong></span> <span class='ocrx_word' id='word_1_377' title='bbox 1067 629 1218 662; x_wconf 87' lang='lat' dir='ltr'><strong>tumulum;</strong></span> <span class='ocrx_word' id='word_1_378' title='bbox 1237 629 1270 656; x_wconf 77' lang='lat' dir='ltr'>Et</span> <span class='ocrx_word' id='word_1_379' title='bbox 1297 630 1437 657; x_wconf 74' lang='lat' dir='ltr'><strong>terrestris</strong></span> <span class='ocrx_word' id='word_1_380' title='bbox 1462 630 1592 664; x_wconf 77' lang='lat' dir='ltr'><strong>spelunca</strong></span> <span class='ocrx_word' id='word_1_381' title='bbox 1609 635 1668 657; x_wconf 87' lang='lat' dir='ltr'><strong>erat</strong></span> <span class='ocrx_word' id='word_1_382' title='bbox 1690 631 1762 658; x_wconf 77' lang='lat' dir='ltr'><strong>intra</strong></span> 
     </span>
    </p>
   </div>
   <div class='ocr_carea' id='block_1_62' title="bbox 965 675 1763 711">
    <p class='ocr_par' dir='ltr' id='par_1_62' title="bbox 965 675 1763 711">
     <span class='ocr_line' id='line_1_62' title="bbox 965 675 1763 711; baseline 0.001 -8"><span class='ocrx_word' id='word_1_383' title='bbox 965 679 1089 703; x_wconf 71' lang='lat' dir='ltr'><strong>cavatum</strong></span> <span class='ocrx_word' id='word_1_384' title='bbox 1103 676 1227 707; x_wconf 89' lang='lat' dir='ltr'><strong>domum,</strong></span> <span class='ocrx_word' id='word_1_385' title='bbox 1245 675 1278 703; x_wconf 89' lang='lat' dir='ltr'>Et</span> <span class='ocrx_word' id='word_1_386' title='bbox 1297 675 1366 710; x_wconf 82' lang='lat' dir='ltr'><strong>lapis</strong></span> <span class='ocrx_word' id='word_1_387' title='bbox 1386 676 1508 711; x_wconf 86' lang='lat' dir='ltr'><strong>expressi</strong></span> <span class='ocrx_word' id='word_1_388' title='bbox 1527 677 1617 704; x_wconf 80' lang='lat' dir='ltr'><strong>ferens</strong></span> <span class='ocrx_word' id='word_1_389' title='bbox 1631 677 1763 704; x_wconf 83' lang='lat' dir='ltr'><strong>imitatio-</strong></span> 
     </span>
    </p>
   </div>
   <div class='ocr_carea' id='block_1_63' title="bbox 966 721 1763 756">
    <p class='ocr_par' dir='ltr' id='par_1_63' title="bbox 966 721 1763 756">
     <span class='ocr_line' id='line_1_63' title="bbox 966 721 1763 756; baseline 0.004 -8"><span class='ocrx_word' id='word_1_390' title='bbox 966 729 1028 749; x_wconf 85' lang='lat' dir='ltr'>nem</span> <span class='ocrx_word' id='word_1_391' title='bbox 1048 721 1123 754; x_wconf 84' lang='lat' dir='ltr'><strong>ostii,</strong></span> <span class='ocrx_word' id='word_1_392' title='bbox 1142 721 1263 753; x_wconf 82' lang='lat' dir='ltr'><strong>Solidus,</strong></span> <span class='ocrx_word' id='word_1_393' title='bbox 1279 728 1386 756; x_wconf 78' lang='lat' dir='ltr'><strong>aequam</strong></span> <span class='ocrx_word' id='word_1_394' title='bbox 1400 728 1558 749; x_wconf 82' lang='lat' dir='ltr'><strong>mensuram</strong></span> <span class='ocrx_word' id='word_1_395' title='bbox 1574 722 1678 750; x_wconf 81' lang='lat' dir='ltr'><strong>habens</strong></span> <span class='ocrx_word' id='word_1_396' title='bbox 1692 723 1763 751; x_wconf 88' lang='lat' dir='ltr'><strong>nile-</strong></span> 
     </span>
    </p>
   </div>
   <div class='ocr_carea' id='block_1_64' title="bbox 966 766 1762 804">
    <p class='ocr_par' dir='ltr' id='par_1_64' title="bbox 966 766 1762 804">
     <span class='ocr_line' id='line_1_64' title="bbox 966 766 1762 804; baseline 0.004 -10"><span class='ocrx_word' id='word_1_397' title='bbox 966 768 1046 794; x_wconf 86' lang='lat' dir='ltr'><strong>batur</strong></span> <span class='ocrx_word' id='word_1_398' title='bbox 1059 767 1179 802; x_wconf 77' lang='lat' dir='ltr'><strong>voragini</strong></span> <span class='ocrx_word' id='word_1_399' title='bbox 1198 766 1309 794; x_wconf 88' lang='lat' dir='ltr'><strong>tumuli.</strong></span> <span class='ocrx_word' id='word_1_400' title='bbox 1317 766 1351 794; x_wconf 79' lang='lat'>39</span> <span class='ocrx_word' id='word_1_401' title='bbox 1369 766 1450 796; x_wconf 85' lang='lat' dir='ltr'><strong>Jesus</strong></span> <span class='ocrx_word' id='word_1_402' title='bbox 1461 775 1527 795; x_wconf 84' lang='lat' dir='ltr'><strong>vero</strong></span> <span class='ocrx_word' id='word_1_403' title='bbox 1538 768 1622 804; x_wconf 69' lang='lat' dir='ltr'><strong>jussit</strong></span> <span class='ocrx_word' id='word_1_404' title='bbox 1632 768 1690 796; x_wconf 79' lang='lat' dir='ltr'><strong>Rex</strong></span> <span class='ocrx_word' id='word_1_405' title='bbox 1705 777 1762 798; x_wconf 89' lang='lat' dir='ltr'><strong>cre-</strong></span> 
     </span>
    </p>
   </div>
   <div class='ocr_carea' id='block_1_65' title="bbox 950 812 1761 848">
    <p class='ocr_par' dir='ltr' id='par_1_65' title="bbox 950 812 1761 848">
     <span class='ocr_line' id='line_1_65' title="bbox 950 812 1761 848; baseline 0.006 -8"><span class='ocrx_word' id='word_1_406' title='bbox 950 812 1038 840; x_wconf 81' lang='lat' dir='ltr'><strong>-denti</strong></span> <span class='ocrx_word' id='word_1_407' title='bbox 1057 813 1158 848; x_wconf 90' lang='lat' dir='ltr'><strong>populo</strong></span> <span class='ocrx_word' id='word_1_408' title='bbox 1177 812 1328 848; x_wconf 88' lang='lat' dir='ltr'><strong>:Lapidem</strong></span> <span class='ocrx_word' id='word_1_409' title='bbox 1342 821 1356 841; x_wconf 89' lang='lat' dir='ltr'>a</span> <span class='ocrx_word' id='word_1_410' title='bbox 1380 813 1532 842; x_wconf 86' lang='lat' dir='ltr'><strong>domestico</strong></span> <span class='ocrx_word' id='word_1_411' title='bbox 1556 819 1693 843; x_wconf 82' lang='lat' dir='ltr'><strong>remorcte</strong></span> <span class='ocrx_word' id='word_1_412' title='bbox 1717 824 1761 845; x_wconf 78' lang='lat' dir='ltr'><strong>se-</strong></span> 
     </span>
    </p>
   </div>
   <div class='ocr_carea' id='block_1_66' title="bbox 966 859 1756 894">
    <p class='ocr_par' dir='ltr' id='par_1_66' title="bbox 966 859 1756 894">
     <span class='ocr_line' id='line_1_66' title="bbox 966 859 1756 894; baseline 0.003 -7"><span class='ocrx_word' id='word_1_413' title='bbox 966 860 1072 894; x_wconf 86' lang='lat' dir='ltr'><strong>pulcro.</strong></span> <span class='ocrx_word' id='word_1_414' title='bbox 1088 859 1303 887; x_wconf 72' lang='lat' dir='ltr'><strong>Martlia‘autem</strong></span> <span class='ocrx_word' id='word_1_415' title='bbox 1323 859 1426 887; x_wconf 87' lang='lat' dir='ltr'><strong>mortui</strong></span> <span class='ocrx_word' id='word_1_416' title='bbox 1442 868 1522 888; x_wconf 87' lang='lat' dir='ltr'><strong>soror</strong></span> <span class='ocrx_word' id='word_1_417' title='bbox 1533 861 1626 888; x_wconf 84' lang='lat' dir='ltr'><strong>sonuit</strong></span> <span class='ocrx_word' id='word_1_418' title='bbox 1641 869 1734 889; x_wconf 81' lang='lat' dir='ltr'><strong>vocem</strong></span> <span class='ocrx_word' id='word_1_419' title='bbox 1751 873 1756 890; x_wconf 90' lang='lat'>:</span> 
     </span>
    </p>
   </div>
   <div class='ocr_carea' id='block_1_67' title="bbox 964 898 1843 943">
    <p class='ocr_par' dir='ltr' id='par_1_67' title="bbox 964 898 1843 943">
     <span class='ocr_line' id='line_1_67' title="bbox 964 898 1843 943; baseline 0.003 -10"><span class='ocrx_word' id='word_1_420' title='bbox 964 905 1104 934; x_wconf 80' lang='lat' dir='ltr'><strong>Jacentem</strong></span> <span class='ocrx_word' id='word_1_421' title='bbox 1127 906 1175 941; x_wconf 87' lang='lat' dir='ltr'>qui</span> <span class='ocrx_word' id='word_1_422' title='bbox 1200 906 1261 933; x_wconf 77' lang='lat' dir='ltr'><strong>vice</strong></span> <span class='ocrx_word' id='word_1_423' title='bbox 1280 906 1344 934; x_wconf 80' lang='lat' dir='ltr'><strong>Ostii</strong></span> <span class='ocrx_word' id='word_1_424' title='bbox 1360 910 1404 934; x_wconf 81' lang='lat' dir='ltr'>est</span> <span class='ocrx_word' id='word_1_425' title='bbox 1423 907 1483 934; x_wconf 84' lang='lat' dir='ltr'><strong>sine</strong></span> <span class='ocrx_word' id='word_1_426' title='bbox 1508 907 1636 942; x_wconf 86' lang='lat' dir='ltr'><strong>lapidem.</strong></span> <span class='ocrx_word' id='word_1_427' title='bbox 1659 909 1759 943; x_wconf 75' lang='lat' dir='ltr'><strong>Aper-to</strong></span> <span class='ocrx_word' id='word_1_428' title='bbox 1807 914 1810 915; x_wconf 72' lang='lat'><strong><em>&#39;</em></strong></span> <span class='ocrx_word' id='word_1_429' title='bbox 1837 898 1843 901; x_wconf 9' lang='grc' dir='ltr'>ά</span> 
     </span>
    </p>
   </div>
   <div class='ocr_carea' id='block_1_68' title="bbox 963 950 1759 986">
    <p class='ocr_par' dir='ltr' id='par_1_68' title="bbox 963 950 1759 986">
     <span class='ocr_line' id='line_1_68' title="bbox 963 950 1759 986; baseline 0.001 -8"><span class='ocrx_word' id='word_1_430' title='bbox 963 951 1037 978; x_wconf 88' lang='lat' dir='ltr'><strong>enim</strong></span> <span class='ocrx_word' id='word_1_431' title='bbox 1060 950 1142 978; x_wconf 84' lang='lat' dir='ltr'><strong>Hiatu</strong></span> <span class='ocrx_word' id='word_1_432' title='bbox 1168 950 1310 983; x_wconf 84' lang='lat' dir='ltr'><strong>terrestri,</strong></span> <span class='ocrx_word' id='word_1_433' title='bbox 1330 951 1449 986; x_wconf 77' lang='lat' dir='ltr'><strong>graviter</strong></span> <span class='ocrx_word' id='word_1_434' title='bbox 1469 951 1568 978; x_wconf 76' lang='lat' dir='ltr'><strong>faetens</strong></span> <span class='ocrx_word' id='word_1_435' title='bbox 1585 951 1658 978; x_wconf 84' lang='lat' dir='ltr'><strong>venit</strong></span> <span class='ocrx_word' id='word_1_436' title='bbox 1674 952 1759 984; x_wconf 87' lang='lat' dir='ltr'><strong>odor.</strong></span> 
     </span>
    </p>
   </div>
   <div class='ocr_carea' id='block_1_69' title="bbox 965 997 1762 1032">
    <p class='ocr_par' dir='ltr' id='par_1_69' title="bbox 965 997 1762 1032">
     <span class='ocr_line' id='line_1_69' title="bbox 965 997 1762 1032; baseline 0.003 -8"><span class='ocrx_word' id='word_1_437' title='bbox 965 997 1034 1030; x_wconf 83' lang='lat' dir='ltr'><strong>Quia</strong></span> <span class='ocrx_word' id='word_1_438' title='bbox 1058 997 1260 1032; x_wconf 82' lang='lat' dir='ltr'><strong>quatriduanus</strong></span> <span class='ocrx_word' id='word_1_439' title='bbox 1273 1001 1315 1025; x_wconf 89' lang='lat' dir='ltr'>est</span> <span class='ocrx_word' id='word_1_440' title='bbox 1331 1001 1458 1025; x_wconf 89' lang='lat' dir='ltr'><strong>mortuus</strong></span> <span class='ocrx_word' id='word_1_441' title='bbox 1473 997 1501 1024; x_wconf 92' lang='lat' dir='ltr'>in</span> <span class='ocrx_word' id='word_1_442' title='bbox 1525 998 1662 1032; x_wconf 81' lang='lat' dir='ltr'><strong>sepulcro.</strong></span> <span class='ocrx_word' id='word_1_443' title='bbox 1675 998 1710 1025; x_wconf 70' lang='grc'>40</span> <span class='ocrx_word' id='word_1_444' title='bbox 1720 998 1762 1026; x_wconf 83' lang='lat' dir='ltr'>Je-</span> 
     </span>
    </p>
   </div>
   <div class='ocr_carea' id='block_1_70' title="bbox 965 1043 1761 1079">
    <p class='ocr_par' dir='ltr' id='par_1_70' title="bbox 965 1043 1761 1079">
     <span class='ocr_line' id='line_1_70' title="bbox 965 1043 1761 1079; baseline 0.001 -7"><span class='ocrx_word' id='word_1_445' title='bbox 965 1051 1014 1072; x_wconf 79' lang='lat' dir='ltr'>aus</span> <span class='ocrx_word' id='word_1_446' title='bbox 1025 1047 1116 1071; x_wconf 89' lang='lat' dir='ltr'><strong>autem</strong></span> <span class='ocrx_word' id='word_1_447' title='bbox 1130 1043 1271 1079; x_wconf 89' lang='lat' dir='ltr'><strong>respondit</strong></span> <span class='ocrx_word' id='word_1_448' title='bbox 1279 1049 1307 1072; x_wconf 89' lang='lat' dir='ltr'>et</span> <span class='ocrx_word' id='word_1_449' title='bbox 1319 1043 1388 1071; x_wconf 85' lang='lat' dir='ltr'><strong>dixit</strong></span> <span class='ocrx_word' id='word_1_450' title='bbox 1400 1044 1502 1079; x_wconf 76' lang='lat' dir='ltr'><strong>lugenti</strong></span> <span class='ocrx_word' id='word_1_451' title='bbox 1515 1043 1627 1071; x_wconf 70' lang='lat' dir='ltr'><strong>Marthae</strong></span> <span class='ocrx_word' id='word_1_452' title='bbox 1644 1054 1650 1071; x_wconf 93' lang='lat'>:</span> <span class='ocrx_word' id='word_1_453' title='bbox 1664 1043 1761 1073; x_wconf 84' lang='lat' dir='ltr'><strong>Nonne</strong></span> 
     </span>
    </p>
   </div>
   <div class='ocr_carea' id='block_1_71' title="bbox 965 1090 1761 1119">
    <p class='ocr_par' dir='ltr' id='par_1_71' title="bbox 965 1090 1761 1119">
     <span class='ocr_line' id='line_1_71' title="bbox 965 1090 1761 1119; baseline 0.001 -1"><span class='ocrx_word' id='word_1_454' title='bbox 965 1092 1015 1119; x_wconf 83' lang='lat' dir='ltr'><strong>tibi</strong></span> <span class='ocrx_word' id='word_1_455' title='bbox 1039 1091 1091 1118; x_wconf 88' lang='lat' dir='ltr'>hoc</span> <span class='ocrx_word' id='word_1_456' title='bbox 1113 1094 1195 1118; x_wconf 86' lang='lat' dir='ltr'><strong>antea</strong></span> <span class='ocrx_word' id='word_1_457' title='bbox 1215 1090 1295 1118; x_wconf 81' lang='lat' dir='ltr'><strong>dixi?</strong></span> <span class='ocrx_word' id='word_1_458' title='bbox 1314 1090 1338 1118; x_wconf 89' lang='lat' dir='ltr'><strong>si</strong></span> <span class='ocrx_word' id='word_1_459' title='bbox 1353 1090 1520 1118; x_wconf 87' lang='lat' dir='ltr'><strong>custodieris</strong></span> <span class='ocrx_word' id='word_1_460' title='bbox 1534 1090 1626 1118; x_wconf 81' lang='lat' dir='ltr'><strong>Labiis</strong></span> <span class='ocrx_word' id='word_1_461' title='bbox 1642 1091 1697 1118; x_wconf 83' lang='lat' dir='ltr'><strong>luis</strong></span> <span class='ocrx_word' id='word_1_462' title='bbox 1715 1099 1761 1119; x_wconf 84' lang='lat' dir='ltr'><strong>sa-</strong></span> 
     </span>
    </p>
   </div>
   <div class='ocr_carea' id='block_1_72' title="bbox 966 1135 1762 1173">
    <p class='ocr_par' dir='ltr' id='par_1_72' title="bbox 966 1135 1762 1173">
     <span class='ocr_line' id='line_1_72' title="bbox 966 1135 1762 1173; baseline -0.001 -8"><span class='ocrx_word' id='word_1_463' title='bbox 966 1137 1044 1173; x_wconf 88' lang='lat' dir='ltr'><strong>piens</strong></span> <span class='ocrx_word' id='word_1_464' title='bbox 1066 1136 1188 1173; x_wconf 77' lang='lat' dir='ltr'><strong>sigillum</strong></span> <span class='ocrx_word' id='word_1_465' title='bbox 1212 1136 1334 1169; x_wconf 87' lang='lat' dir='ltr'><strong>silentii,</strong></span> <span class='ocrx_word' id='word_1_466' title='bbox 1352 1135 1464 1164; x_wconf 80' lang='lat' dir='ltr'><strong>Rectam</strong></span> <span class='ocrx_word' id='word_1_467' title='bbox 1492 1136 1571 1164; x_wconf 87' lang='lat' dir='ltr'><strong>ﬁdem</strong></span> <span class='ocrx_word' id='word_1_468' title='bbox 1595 1137 1711 1168; x_wconf 83' lang='lat' dir='ltr'><strong>habens.</strong></span> <span class='ocrx_word' id='word_1_469' title='bbox 1733 1143 1762 1165; x_wconf 80' lang='lat' dir='ltr'>et</span> 
     </span>
    </p>
   </div>
   <div class='ocr_carea' id='block_1_73' title="bbox 966 1181 1761 1217">
    <p class='ocr_par' dir='ltr' id='par_1_73' title="bbox 966 1181 1761 1217">
     <span class='ocr_line' id='line_1_73' title="bbox 966 1181 1761 1217; baseline 0.001 -9"><span class='ocrx_word' id='word_1_470' title='bbox 966 1189 1020 1209; x_wconf 92' lang='lat' dir='ltr'>non</span> <span class='ocrx_word' id='word_1_471' title='bbox 1032 1181 1152 1217; x_wconf 84' lang='lat' dir='ltr'><strong>duplicis</strong></span> <span class='ocrx_word' id='word_1_472' title='bbox 1163 1182 1272 1210; x_wconf 88' lang='lat' dir='ltr'><strong>consilii</strong></span> <span class='ocrx_word' id='word_1_473' title='bbox 1287 1182 1434 1216; x_wconf 82' lang='lat' dir='ltr'><strong>exsistens,</strong></span> <span class='ocrx_word' id='word_1_474' title='bbox 1446 1181 1559 1210; x_wconf 82' lang='lat' dir='ltr'><strong>Videbis</strong></span> <span class='ocrx_word' id='word_1_475' title='bbox 1575 1183 1698 1210; x_wconf 69' lang='lat' dir='ltr'><strong>caelestis</strong></span> <span class='ocrx_word' id='word_1_476' title='bbox 1714 1182 1761 1210; x_wconf 88' lang='lat' dir='ltr'><strong>Del</strong></span> 
     </span>
    </p>
   </div>
   <div class='ocr_carea' id='block_1_74' title="bbox 966 1227 1762 1264">
    <p class='ocr_par' dir='ltr' id='par_1_74' title="bbox 966 1227 1762 1264">
     <span class='ocr_line' id='line_1_74' title="bbox 966 1227 1762 1264; baseline 0.001 -9"><span class='ocrx_word' id='word_1_477' title='bbox 966 1227 1103 1256; x_wconf 79' lang='lat' dir='ltr'><strong>viviﬂcum</strong></span> <span class='ocrx_word' id='word_1_478' title='bbox 1120 1228 1269 1256; x_wconf 84' lang='lat' dir='ltr'><strong>honorem?</strong></span> <span class='ocrx_word' id='word_1_479' title='bbox 1280 1228 1313 1255; x_wconf 68' lang='grc'>41</span> <span class='ocrx_word' id='word_1_480' title='bbox 1335 1227 1375 1254; x_wconf 89' lang='lat' dir='ltr'><strong>Illi</strong></span> <span class='ocrx_word' id='word_1_481' title='bbox 1391 1228 1502 1263; x_wconf 85' lang='lat' dir='ltr'><strong>quidem</strong></span> <span class='ocrx_word' id='word_1_482' title='bbox 1527 1228 1644 1264; x_wconf 88' lang='lat' dir='ltr'><strong>lapidem</strong></span> <span class='ocrx_word' id='word_1_483' title='bbox 1665 1229 1762 1256; x_wconf 70' lang='lat' dir='ltr'><strong>absru-</strong></span> 
     </span>
    </p>
   </div>
   <div class='ocr_carea' id='block_1_75' title="bbox 966 1273 1762 1307">
    <p class='ocr_par' dir='ltr' id='par_1_75' title="bbox 966 1273 1762 1307">
     <span class='ocr_line' id='line_1_75' title="bbox 966 1273 1762 1307; baseline -0.001 -5"><span class='ocrx_word' id='word_1_484' title='bbox 966 1274 1075 1307; x_wconf 88' lang='lat' dir='ltr'><strong>lerunt;</strong></span> <span class='ocrx_word' id='word_1_485' title='bbox 1098 1273 1156 1302; x_wconf 83' lang='lat' dir='ltr'><strong>Rex</strong></span> <span class='ocrx_word' id='word_1_486' title='bbox 1172 1281 1237 1301; x_wconf 80' lang='lat' dir='ltr'><strong>vero</strong></span> <span class='ocrx_word' id='word_1_487' title='bbox 1256 1278 1352 1301; x_wconf 87' lang='lat' dir='ltr'><strong>contra</strong></span> <span class='ocrx_word' id='word_1_488' title='bbox 1369 1275 1478 1301; x_wconf 82' lang='lat' dir='ltr'><strong>intuens</strong></span> <span class='ocrx_word' id='word_1_489' title='bbox 1495 1279 1570 1301; x_wconf 82' lang='lat' dir='ltr'><strong>astra</strong></span> <span class='ocrx_word' id='word_1_490' title='bbox 1586 1274 1687 1303; x_wconf 73' lang='lat' dir='ltr'><strong>Oculos</strong></span> <span class='ocrx_word' id='word_1_491' title='bbox 1700 1282 1762 1302; x_wconf 85' lang='lat' dir='ltr'><strong>sus-</strong></span> 
     </span>
    </p>
   </div>
   <div class='ocr_carea' id='block_1_76' title="bbox 967 1319 1760 1356">
    <p class='ocr_par' dir='ltr' id='par_1_76' title="bbox 967 1319 1760 1356">
     <span class='ocr_line' id='line_1_76' title="bbox 967 1319 1760 1356; baseline -0.003 -9"><span class='ocrx_word' id='word_1_492' title='bbox 967 1320 1039 1352; x_wconf 86' lang='lat' dir='ltr'><strong>tulit,</strong></span> <span class='ocrx_word' id='word_1_493' title='bbox 1061 1324 1089 1348; x_wconf 89' lang='lat' dir='ltr'>et</span> <span class='ocrx_word' id='word_1_494' title='bbox 1111 1319 1145 1347; x_wconf 89' lang='lat' dir='ltr'>ad</span> <span class='ocrx_word' id='word_1_495' title='bbox 1166 1327 1246 1348; x_wconf 84' lang='lat' dir='ltr'><strong>suum</strong></span> <span class='ocrx_word' id='word_1_496' title='bbox 1262 1319 1389 1347; x_wconf 79' lang='lat' dir='ltr'><strong>clamavit</strong></span> <span class='ocrx_word' id='word_1_497' title='bbox 1410 1319 1517 1347; x_wconf 84' lang='lat' dir='ltr'><strong>Patrem</strong></span> <span class='ocrx_word' id='word_1_498' title='bbox 1536 1329 1542 1347; x_wconf 95' lang='lat'>:</span> <span class='ocrx_word' id='word_1_499' title='bbox 1575 1320 1634 1348; x_wconf 85' lang='lat' dir='ltr'><strong>Tibi</strong></span> <span class='ocrx_word' id='word_1_500' title='bbox 1656 1321 1760 1356; x_wconf 67' lang='lat' dir='ltr'><strong>gratim,</strong></span> 
     </span>
    </p>
   </div>
   <div class='ocr_carea' id='block_1_77' title="bbox 965 1364 1760 1401">
    <p class='ocr_par' dir='ltr' id='par_1_77' title="bbox 965 1364 1760 1401">
     <span class='ocr_line' id='line_1_77' title="bbox 965 1364 1760 1401; baseline 0.001 -8"><span class='ocrx_word' id='word_1_501' title='bbox 965 1365 1039 1401; x_wconf 87' lang='lat' dir='ltr'><strong>quod</strong></span> <span class='ocrx_word' id='word_1_502' title='bbox 1053 1373 1107 1398; x_wconf 88' lang='lat' dir='ltr'><strong>me,</strong></span> <span class='ocrx_word' id='word_1_503' title='bbox 1116 1364 1207 1398; x_wconf 82' lang='lat' dir='ltr'><strong>Pater,</strong></span> <span class='ocrx_word' id='word_1_504' title='bbox 1217 1365 1356 1394; x_wconf 84' lang='lat' dir='ltr'><strong>audivisti.</strong></span> <span class='ocrx_word' id='word_1_505' title='bbox 1374 1366 1409 1393; x_wconf 67' lang='grc'>42</span> <span class='ocrx_word' id='word_1_506' title='bbox 1425 1365 1488 1394; x_wconf 89' lang='lat' dir='ltr'><strong>Scio</strong></span> <span class='ocrx_word' id='word_1_507' title='bbox 1501 1373 1566 1393; x_wconf 76' lang='lat' dir='ltr'><strong>vero</strong></span> <span class='ocrx_word' id='word_1_508' title='bbox 1579 1366 1671 1393; x_wconf 83' lang='lat' dir='ltr'><strong>animo</strong></span> <span class='ocrx_word' id='word_1_509' title='bbox 1682 1366 1760 1400; x_wconf 86' lang='lat' dir='ltr'><strong>Quod</strong></span> 
     </span>
    </p>
   </div>
   <div class='ocr_carea' id='block_1_78' title="bbox 967 1411 1761 1447">
    <p class='ocr_par' dir='ltr' id='par_1_78' title="bbox 967 1411 1761 1447">
     <span class='ocr_line' id='line_1_78' title="bbox 967 1411 1761 1447; baseline 0 -7"><span class='ocrx_word' id='word_1_510' title='bbox 967 1419 1011 1440; x_wconf 86' lang='lat' dir='ltr'>me</span> <span class='ocrx_word' id='word_1_511' title='bbox 1038 1411 1202 1439; x_wconf 87' lang='lat' dir='ltr'><strong>clamantem</strong></span> <span class='ocrx_word' id='word_1_512' title='bbox 1233 1419 1341 1447; x_wconf 85' lang='lat' dir='ltr'><strong>semper</strong></span> <span class='ocrx_word' id='word_1_513' title='bbox 1363 1416 1439 1438; x_wconf 91' lang='lat' dir='ltr'><strong>tuum</strong></span> <span class='ocrx_word' id='word_1_514' title='bbox 1467 1411 1566 1439; x_wconf 87' lang='lat' dir='ltr'><strong>Filium</strong></span> <span class='ocrx_word' id='word_1_515' title='bbox 1594 1413 1689 1444; x_wconf 82' lang='lat' dir='ltr'><strong>audis;</strong></span> <span class='ocrx_word' id='word_1_516' title='bbox 1708 1412 1761 1440; x_wconf 89' lang='lat' dir='ltr'>Sed</span> 
     </span>
    </p>
   </div>
   <div class='ocr_carea' id='block_1_79' title="bbox 967 1457 1760 1493">
    <p class='ocr_par' dir='ltr' id='par_1_79' title="bbox 967 1457 1760 1493">
     <span class='ocr_line' id='line_1_79' title="bbox 967 1457 1760 1493; baseline 0.003 -9"><span class='ocrx_word' id='word_1_517' title='bbox 967 1461 1081 1493; x_wconf 88' lang='lat' dir='ltr'><strong>propter</strong></span> <span class='ocrx_word' id='word_1_518' title='bbox 1095 1457 1228 1493; x_wconf 90' lang='lat' dir='ltr'><strong>populum</strong></span> <span class='ocrx_word' id='word_1_519' title='bbox 1253 1457 1478 1485; x_wconf 83' lang='lat' dir='ltr'><strong>circumstantem</strong></span> <span class='ocrx_word' id='word_1_520' title='bbox 1501 1458 1613 1493; x_wconf 85' lang='lat' dir='ltr'><strong>loquor,</strong></span> <span class='ocrx_word' id='word_1_521' title='bbox 1631 1457 1665 1485; x_wconf 88' lang='lat' dir='ltr'><strong>Ut</strong></span> <span class='ocrx_word' id='word_1_522' title='bbox 1678 1458 1760 1486; x_wconf 85' lang='lat' dir='ltr'><strong>ﬁdem</strong></span> 
     </span>
    </p>
   </div>
   <div class='ocr_carea' id='block_1_80' title="bbox 968 1502 1758 1538">
    <p class='ocr_par' dir='ltr' id='par_1_80' title="bbox 968 1502 1758 1538">
     <span class='ocr_line' id='line_1_80' title="bbox 968 1502 1758 1538; baseline 0.004 -9"><span class='ocrx_word' id='word_1_523' title='bbox 968 1502 1087 1530; x_wconf 85' lang='lat' dir='ltr'><strong>habeant</strong></span> <span class='ocrx_word' id='word_1_524' title='bbox 1114 1503 1255 1530; x_wconf 89' lang='lat' dir='ltr'><strong>meliorem</strong></span> <span class='ocrx_word' id='word_1_525' title='bbox 1276 1503 1364 1538; x_wconf 81' lang='lat' dir='ltr'><strong>magis</strong></span> <span class='ocrx_word' id='word_1_526' title='bbox 1387 1504 1420 1531; x_wconf 87' lang='lat' dir='ltr'>ad</span> <span class='ocrx_word' id='word_1_527' title='bbox 1445 1503 1611 1531; x_wconf 85' lang='lat' dir='ltr'><strong>audiendum</strong></span> <span class='ocrx_word' id='word_1_528' title='bbox 1627 1505 1703 1537; x_wconf 77' lang='lat' dir='ltr'><strong>Quod</strong></span> <span class='ocrx_word' id='word_1_529' title='bbox 1730 1509 1758 1532; x_wconf 85' lang='lat' dir='ltr'>tu</span> 
     </span>
    </p>
   </div>
   <div class='ocr_carea' id='block_1_81' title="bbox 963 1548 1759 1585">
    <p class='ocr_par' dir='ltr' id='par_1_81' title="bbox 963 1548 1759 1585">
     <span class='ocr_line' id='line_1_81' title="bbox 963 1548 1759 1585; baseline 0.004 -10"><span class='ocrx_word' id='word_1_530' title='bbox 963 1556 1007 1575; x_wconf 93' lang='lat' dir='ltr'>me</span> <span class='ocrx_word' id='word_1_531' title='bbox 1018 1548 1188 1584; x_wconf 73' lang='lat' dir='ltr'><strong>prmisisti,</strong></span> <span class='ocrx_word' id='word_1_532' title='bbox 1197 1549 1375 1585; x_wconf 81' lang='lat' dir='ltr'><strong>inspicientes</strong></span> <span class='ocrx_word' id='word_1_533' title='bbox 1389 1550 1478 1577; x_wconf 82' lang='lat' dir='ltr'><strong>oculis</strong></span> <span class='ocrx_word' id='word_1_534' title='bbox 1489 1549 1625 1578; x_wconf 82' lang='lat' dir='ltr'><strong>Mortuum</strong></span> <span class='ocrx_word' id='word_1_535' title='bbox 1639 1551 1759 1579; x_wconf 88' lang='lat' dir='ltr'><strong>velocem</strong></span> 
     </span>
    </p>
   </div>
   <div class='ocr_carea' id='block_1_82' title="bbox 963 1594 1759 1630">
    <p class='ocr_par' dir='ltr' id='par_1_82' title="bbox 963 1594 1759 1630">
     <span class='ocr_line' id='line_1_82' title="bbox 963 1594 1759 1630; baseline 0.001 -9"><span class='ocrx_word' id='word_1_536' title='bbox 963 1594 1146 1628; x_wconf 77' lang='lat' dir='ltr'><strong>egrediean</strong></span> <span class='ocrx_word' id='word_1_537' title='bbox 1158 1602 1174 1622; x_wconf 90' lang='lat' dir='ltr'>e</span> <span class='ocrx_word' id='word_1_538' title='bbox 1189 1594 1326 1629; x_wconf 85' lang='lat' dir='ltr'><strong>sepulcro,</strong></span> <span class='ocrx_word' id='word_1_539' title='bbox 1342 1594 1418 1630; x_wconf 79' lang='lat'>131</span> <span class='ocrx_word' id='word_1_540' title='bbox 1441 1594 1569 1622; x_wconf 81' lang='lat' dir='ltr'><strong>Cinctum</strong></span> <span class='ocrx_word' id='word_1_541' title='bbox 1586 1596 1714 1627; x_wconf 79' lang='lat' dir='ltr'><strong>vinculis,</strong></span> <span class='ocrx_word' id='word_1_542' title='bbox 1731 1600 1759 1624; x_wconf 90' lang='lat' dir='ltr'>et</span> 
     </span>
    </p>
   </div>
   <div class='ocr_carea' id='block_1_83' title="bbox 963 1639 1758 1676">
    <p class='ocr_par' dir='ltr' id='par_1_83' title="bbox 963 1639 1758 1676">
     <span class='ocr_line' id='line_1_83' title="bbox 963 1639 1758 1676; baseline 0.004 -10"><span class='ocrx_word' id='word_1_543' title='bbox 963 1646 1019 1666; x_wconf 87' lang='lat' dir='ltr'>non</span> <span class='ocrx_word' id='word_1_544' title='bbox 1030 1639 1173 1667; x_wconf 78' lang='lat' dir='ltr'><strong>cadentem</strong></span> <span class='ocrx_word' id='word_1_545' title='bbox 1189 1640 1310 1674; x_wconf 89' lang='lat' dir='ltr'><strong>pulvere.</strong></span> <span class='ocrx_word' id='word_1_546' title='bbox 1331 1639 1366 1666; x_wconf 80' lang='grc'>45</span> <span class='ocrx_word' id='word_1_547' title='bbox 1383 1639 1474 1674; x_wconf 84' lang='lat' dir='ltr'><strong>Dixit;</strong></span> <span class='ocrx_word' id='word_1_548' title='bbox 1490 1644 1516 1668; x_wconf 92' lang='lat' dir='ltr'>et</span> <span class='ocrx_word' id='word_1_549' title='bbox 1538 1641 1660 1669; x_wconf 89' lang='lat' dir='ltr'><strong>resonuit</strong></span> <span class='ocrx_word' id='word_1_550' title='bbox 1676 1649 1758 1676; x_wconf 86' lang='lat' dir='ltr'><strong>pene-</strong></span> 
     </span>
    </p>
   </div>
   <div class='ocr_carea' id='block_1_84' title="bbox 964 1684 1759 1720">
    <p class='ocr_par' dir='ltr' id='par_1_84' title="bbox 964 1684 1759 1720">
     <span class='ocr_line' id='line_1_84' title="bbox 964 1684 1759 1720; baseline 0.004 -9"><span class='ocrx_word' id='word_1_551' title='bbox 964 1684 1055 1711; x_wconf 82' lang='lat' dir='ltr'><strong>trabili</strong></span> <span class='ocrx_word' id='word_1_552' title='bbox 1073 1685 1191 1720; x_wconf 83' lang='lat' dir='ltr'><strong>quadam</strong></span> <span class='ocrx_word' id='word_1_553' title='bbox 1210 1692 1277 1712; x_wconf 81' lang='lat' dir='ltr'><strong>recc</strong></span> <span class='ocrx_word' id='word_1_554' title='bbox 1297 1694 1304 1711; x_wconf 93' lang='lat'>:</span> <span class='ocrx_word' id='word_1_555' title='bbox 1321 1685 1369 1712; x_wconf 82' lang='lat' dir='ltr'><strong>Exi</strong></span> <span class='ocrx_word' id='word_1_556' title='bbox 1381 1705 1388 1717; x_wconf 86' lang='lat'>.</span> <span class='ocrx_word' id='word_1_557' title='bbox 1404 1685 1524 1718; x_wconf 69' lang='lat' dir='ltr'><strong>Lazare,</strong></span> <span class='ocrx_word' id='word_1_558' title='bbox 1543 1686 1627 1714; x_wconf 81' lang='lat' dir='ltr'><strong>foras.</strong></span> <span class='ocrx_word' id='word_1_559' title='bbox 1641 1687 1676 1714; x_wconf 73' lang='grc'>44</span> <span class='ocrx_word' id='word_1_560' title='bbox 1692 1686 1759 1714; x_wconf 78' lang='lat' dir='ltr'><strong>Muli</strong></span> 
     </span>
    </p>
   </div>
   <div class='ocr_carea' id='block_1_85' title="bbox 964 1731 1759 1767">
    <p class='ocr_par' dir='ltr' id='par_1_85' title="bbox 964 1731 1759 1767">
     <span class='ocr_line' id='line_1_85' title="bbox 964 1731 1759 1767; baseline 0.005 -11"><span class='ocrx_word' id='word_1_561' title='bbox 964 1733 1054 1757; x_wconf 84' lang='lat' dir='ltr'><strong>autem</strong></span> <span class='ocrx_word' id='word_1_562' title='bbox 1068 1731 1170 1757; x_wconf 89' lang='lat' dir='ltr'><strong>mortui</strong></span> <span class='ocrx_word' id='word_1_563' title='bbox 1188 1731 1292 1766; x_wconf 82' lang='lat' dir='ltr'><strong>Spiritu</strong></span> <span class='ocrx_word' id='word_1_564' title='bbox 1306 1738 1405 1759; x_wconf 86' lang='lat' dir='ltr'><strong>carens</strong></span> <span class='ocrx_word' id='word_1_565' title='bbox 1421 1732 1553 1760; x_wconf 80' lang='lat' dir='ltr'><strong>animavit</strong></span> <span class='ocrx_word' id='word_1_566' title='bbox 1567 1740 1668 1767; x_wconf 86' lang='lat' dir='ltr'><strong>corpus</strong></span> <span class='ocrx_word' id='word_1_567' title='bbox 1684 1741 1759 1761; x_wconf 90' lang='lat' dir='ltr'><strong>mor-</strong></span> 
     </span>
    </p>
   </div>
   <div class='ocr_carea' id='block_1_86' title="bbox 963 1775 1759 1810">
    <p class='ocr_par' dir='ltr' id='par_1_86' title="bbox 963 1775 1759 1810">
     <span class='ocr_line' id='line_1_86' title="bbox 963 1775 1759 1810; baseline 0.006 -9"><span class='ocrx_word' id='word_1_568' title='bbox 963 1777 1028 1802; x_wconf 87' lang='lat' dir='ltr'><strong>tuos</strong></span> <span class='ocrx_word' id='word_1_569' title='bbox 1044 1775 1185 1802; x_wconf 85' lang='lat' dir='ltr'><strong>suscitans</strong></span> <span class='ocrx_word' id='word_1_570' title='bbox 1200 1782 1296 1802; x_wconf 88' lang='lat' dir='ltr'><strong>sonus.</strong></span> <span class='ocrx_word' id='word_1_571' title='bbox 1314 1775 1473 1803; x_wconf 82' lang='lat' dir='ltr'><strong>Exanimem</strong></span> <span class='ocrx_word' id='word_1_572' title='bbox 1493 1777 1582 1804; x_wconf 81' lang='lat' dir='ltr'><strong>virum</strong></span> <span class='ocrx_word' id='word_1_573' title='bbox 1599 1780 1715 1810; x_wconf 75' lang='lat' dir='ltr'><strong>vocavit,</strong></span> <span class='ocrx_word' id='word_1_574' title='bbox 1731 1784 1759 1806; x_wconf 82' lang='lat' dir='ltr'>et</span> 
     </span>
    </p>
   </div>
   <div class='ocr_carea' id='block_1_87' title="bbox 963 1820 1759 1857">
    <p class='ocr_par' dir='ltr' id='par_1_87' title="bbox 963 1820 1759 1857">
     <span class='ocr_line' id='line_1_87' title="bbox 963 1820 1759 1857; baseline 0.006 -11"><span class='ocrx_word' id='word_1_575' title='bbox 963 1820 1088 1847; x_wconf 85' lang='lat' dir='ltr'><strong>cucurrit</strong></span> <span class='ocrx_word' id='word_1_576' title='bbox 1113 1824 1239 1847; x_wconf 75' lang='lat' dir='ltr'><strong>mortuus</strong></span> <span class='ocrx_word' id='word_1_577' title='bbox 1264 1821 1361 1852; x_wconf 83' lang='lat' dir='ltr'><strong>viator,</strong></span> <span class='ocrx_word' id='word_1_578' title='bbox 1392 1821 1523 1850; x_wconf 81' lang='lat' dir='ltr'><strong>Incedens</strong></span> <span class='ocrx_word' id='word_1_579' title='bbox 1548 1827 1646 1857; x_wconf 88' lang='lat' dir='ltr'><strong>sponte</strong></span> <span class='ocrx_word' id='word_1_580' title='bbox 1676 1824 1759 1851; x_wconf 79' lang='lat' dir='ltr'><strong>simu!</strong></span> 
     </span>
    </p>
   </div>
   <div class='ocr_carea' id='block_1_88' title="bbox 965 1866 1756 1902">
    <p class='ocr_par' dir='ltr' id='par_1_88' title="bbox 965 1866 1756 1902">
     <span class='ocr_line' id='line_1_88' title="bbox 965 1866 1756 1902; baseline 0.005 -10"><span class='ocrx_word' id='word_1_581' title='bbox 965 1866 1130 1900; x_wconf 84' lang='lat' dir='ltr'><strong>complicato</strong></span> <span class='ocrx_word' id='word_1_582' title='bbox 1147 1866 1181 1893; x_wconf 86' lang='lat' dir='ltr'>ad</span> <span class='ocrx_word' id='word_1_583' title='bbox 1202 1869 1302 1893; x_wconf 79' lang='lat' dir='ltr'><strong>terram</strong></span> <span class='ocrx_word' id='word_1_584' title='bbox 1315 1867 1397 1901; x_wconf 85' lang='lat' dir='ltr'><strong>pede;</strong></span> <span class='ocrx_word' id='word_1_585' title='bbox 1418 1866 1477 1894; x_wconf 86' lang='lat' dir='ltr'><strong>Non</strong></span> <span class='ocrx_word' id='word_1_586' title='bbox 1500 1867 1649 1902; x_wconf 80' lang='lat' dir='ltr'><strong>spirantem</strong></span> <span class='ocrx_word' id='word_1_587' title='bbox 1665 1870 1756 1896; x_wconf 75' lang='lat' dir='ltr'><strong>virtuti</strong></span> 
     </span>
    </p>
   </div>
   <div class='ocr_carea' id='block_1_89' title="bbox 962 1911 1775 1945">
    <p class='ocr_par' dir='ltr' id='par_1_89' title="bbox 962 1911 1775 1945">
     <span class='ocr_line' id='line_1_89' title="bbox 962 1911 1775 1945; baseline 0.004 -7"><span class='ocrx_word' id='word_1_588' title='bbox 962 1911 1088 1944; x_wconf 85' lang='lat' dir='ltr'><strong>vocavit,</strong></span> <span class='ocrx_word' id='word_1_589' title='bbox 1104 1915 1132 1938; x_wconf 85' lang='lat' dir='ltr'>et</span> <span class='ocrx_word' id='word_1_590' title='bbox 1156 1911 1227 1939; x_wconf 87' lang='lat' dir='ltr'><strong>inter</strong></span> <span class='ocrx_word' id='word_1_591' title='bbox 1251 1917 1375 1940; x_wconf 85' lang='lat' dir='ltr'><strong>mortuos</strong></span> <span class='ocrx_word' id='word_1_592' title='bbox 1391 1913 1517 1945; x_wconf 86' lang='lat' dir='ltr'><strong>audiens,</strong></span> <span class='ocrx_word' id='word_1_593' title='bbox 1533 1913 1571 1940; x_wconf 79' lang='lat' dir='ltr'><strong>Ex</strong></span> <span class='ocrx_word' id='word_1_594' title='bbox 1594 1913 1690 1941; x_wconf 69' lang='lat' dir='ltr'><strong>iniu-ris</strong></span> <span class='ocrx_word' id='word_1_595' title='bbox 1717 1923 1757 1941; x_wconf 88' lang='lat' dir='ltr'><strong>re-</strong></span> <span class='ocrx_word' id='word_1_596' title='bbox 1773 1920 1775 1923; x_wconf 90' lang='lat'>&#39;</span> 
     </span>
    </p>
   </div>
   <div class='ocr_carea' id='block_1_90' title="bbox 962 1957 1758 1994">
    <p class='ocr_par' dir='ltr' id='par_1_90' title="bbox 962 1957 1758 1994">
     <span class='ocr_line' id='line_1_90' title="bbox 962 1957 1758 1994; baseline 0.001 -8"><span class='ocrx_word' id='word_1_597' title='bbox 962 1957 1012 1986; x_wconf 87' lang='lat' dir='ltr'><strong>diit</strong></span> <span class='ocrx_word' id='word_1_598' title='bbox 1027 1957 1159 1993; x_wconf 74' lang='lat' dir='ltr'><strong>profugus</strong></span> <span class='ocrx_word' id='word_1_599' title='bbox 1176 1961 1313 1990; x_wconf 83' lang='lat' dir='ltr'><strong>mortuus,</strong></span> <span class='ocrx_word' id='word_1_600' title='bbox 1329 1966 1420 1986; x_wconf 89' lang='lat' dir='ltr'><strong>serum</strong></span> <span class='ocrx_word' id='word_1_601' title='bbox 1444 1959 1518 1986; x_wconf 85' lang='lat' dir='ltr'><strong>aliud</strong></span> <span class='ocrx_word' id='word_1_602' title='bbox 1534 1959 1676 1994; x_wconf 86' lang='lat' dir='ltr'><strong>Aspiciens</strong></span> <span class='ocrx_word' id='word_1_603' title='bbox 1692 1967 1758 1993; x_wconf 83' lang='lat' dir='ltr'><strong>post</strong></span> 
     </span>
    </p>
   </div>
   <div class='ocr_carea' id='block_1_91' title="bbox 963 2004 1759 2041">
    <p class='ocr_par' dir='ltr' id='par_1_91' title="bbox 963 2004 1759 2041">
     <span class='ocr_line' id='line_1_91' title="bbox 963 2004 1759 2041; baseline 0.003 -10"><span class='ocrx_word' id='word_1_604' title='bbox 963 2008 1063 2031; x_wconf 82' lang='lat' dir='ltr'><strong>metam</strong></span> <span class='ocrx_word' id='word_1_605' title='bbox 1078 2004 1139 2031; x_wconf 64' lang='lat' dir='ltr'><strong>vitae</strong></span> <span class='ocrx_word' id='word_1_606' title='bbox 1158 2012 1256 2031; x_wconf 87' lang='lat' dir='ltr'><strong>rursus</strong></span> <span class='ocrx_word' id='word_1_607' title='bbox 1270 2011 1465 2040; x_wconf 76' lang='lat' dir='ltr'><strong>congregatum</strong></span> <span class='ocrx_word' id='word_1_608' title='bbox 1481 2005 1646 2041; x_wconf 88' lang='lat' dir='ltr'><strong>principium</strong></span> <span class='ocrx_word' id='word_1_609' title='bbox 1662 2006 1759 2034; x_wconf 81' lang='lat' dir='ltr'><strong>Admi&#39;</strong></span> 
     </span>
    </p>
   </div>
   <div class='ocr_carea' id='block_1_92' title="bbox 961 2049 1755 2086">
    <p class='ocr_par' dir='ltr' id='par_1_92' title="bbox 961 2049 1755 2086">
     <span class='ocr_line' id='line_1_92' title="bbox 961 2049 1755 2086; baseline 0.004 -9"><span class='ocrx_word' id='word_1_610' title='bbox 961 2049 1090 2078; x_wconf 82' lang='lat' dir='ltr'><strong>randum.</strong></span> <span class='ocrx_word' id='word_1_611' title='bbox 1111 2050 1190 2078; x_wconf 84' lang='lat' dir='ltr'><strong>Pluto</strong></span> <span class='ocrx_word' id='word_1_612' title='bbox 1205 2058 1270 2078; x_wconf 83' lang='lat' dir='ltr'><strong>vero</strong></span> <span class='ocrx_word' id='word_1_613' title='bbox 1290 2049 1393 2079; x_wconf 88' lang='lat' dir='ltr'><strong>frustra</strong></span> <span class='ocrx_word' id='word_1_614' title='bbox 1415 2052 1487 2086; x_wconf 87' lang='lat' dir='ltr'><strong>apud</strong></span> <span class='ocrx_word' id='word_1_615' title='bbox 1507 2052 1625 2079; x_wconf 77' lang='lat' dir='ltr'><strong>vicinam</strong></span> <span class='ocrx_word' id='word_1_616' title='bbox 1652 2052 1755 2080; x_wconf 84' lang='lat' dir='ltr'><strong>Lethen</strong></span> 
     </span>
    </p>
   </div>
   <div class='ocr_carea' id='block_1_93' title="bbox 962 2096 1751 2132">
    <p class='ocr_par' dir='ltr' id='par_1_93' title="bbox 962 2096 1751 2132">
     <span class='ocr_line' id='line_1_93' title="bbox 962 2096 1751 2132; baseline 0.001 -9"><span class='ocrx_word' id='word_1_617' title='bbox 962 2096 1060 2124; x_wconf 88' lang='lat' dir='ltr'><strong>Omnia</strong></span> <span class='ocrx_word' id='word_1_618' title='bbox 1079 2097 1205 2129; x_wconf 82' lang='lat' dir='ltr'><strong>domans,</strong></span> <span class='ocrx_word' id='word_1_619' title='bbox 1222 2097 1386 2124; x_wconf 87' lang='lat' dir='ltr'><strong>indomitum</strong></span> <span class='ocrx_word' id='word_1_620' title='bbox 1401 2097 1540 2132; x_wconf 68' lang='lat' dir='ltr'><strong>quaerebat</strong></span> <span class='ocrx_word' id='word_1_621' title='bbox 1557 2102 1694 2124; x_wconf 82' lang='lat' dir='ltr'><strong>mortuum</strong></span> <span class='ocrx_word' id='word_1_622' title='bbox 1712 2106 1751 2125; x_wconf 80' lang='lat' dir='ltr'>er.</span> 
     </span>
    </p>
   </div>
   <div class='ocr_carea' id='block_1_94' title="bbox 962 2141 1755 2178">
    <p class='ocr_par' dir='ltr' id='par_1_94' title="bbox 962 2141 1755 2178">
     <span class='ocr_line' id='line_1_94' title="bbox 962 2141 1755 2178; baseline 0.004 -10"><span class='ocrx_word' id='word_1_623' title='bbox 962 2145 1080 2169; x_wconf 86' lang='lat' dir='ltr'><strong>rantem.</strong></span> <span class='ocrx_word' id='word_1_624' title='bbox 1096 2141 1129 2168; x_wconf 86' lang='lat' dir='ltr'><strong>Et</strong></span> <span class='ocrx_word' id='word_1_625' title='bbox 1144 2142 1211 2176; x_wconf 87' lang='lat' dir='ltr'><strong>pede</strong></span> <span class='ocrx_word' id='word_1_626' title='bbox 1226 2142 1332 2169; x_wconf 86' lang='lat' dir='ltr'><strong>directo</strong></span> <span class='ocrx_word' id='word_1_627' title='bbox 1349 2142 1506 2169; x_wconf 84' lang='lat' dir='ltr'><strong>inilexibilia</strong></span> <span class='ocrx_word' id='word_1_628' title='bbox 1524 2151 1611 2178; x_wconf 80' lang='lat' dir='ltr'><strong>genua</strong></span> <span class='ocrx_word' id='word_1_629' title='bbox 1631 2143 1755 2173; x_wconf 81' lang='lat' dir='ltr'><strong>trahens.</strong></span> 
     </span>
    </p>
   </div>
   <div class='ocr_carea' id='block_1_95' title="bbox 962 2187 1752 2224">
    <p class='ocr_par' dir='ltr' id='par_1_95' title="bbox 962 2187 1752 2224">
     <span class='ocr_line' id='line_1_95' title="bbox 962 2187 1752 2224; baseline 0.003 -10"><span class='ocrx_word' id='word_1_630' title='bbox 962 2187 1071 2215; x_wconf 60' lang='lat' dir='ltr'><strong>Caecum</strong></span> <span class='ocrx_word' id='word_1_631' title='bbox 1099 2187 1284 2223; x_wconf 76' lang='lat' dir='ltr'><strong>reetigradum</strong></span> <span class='ocrx_word' id='word_1_632' title='bbox 1303 2187 1407 2215; x_wconf 86' lang='lat' dir='ltr'><strong>habens</strong></span> <span class='ocrx_word' id='word_1_633' title='bbox 1427 2189 1583 2224; x_wconf 82' lang='lat' dir='ltr'><strong>oppositum</strong></span> <span class='ocrx_word' id='word_1_634' title='bbox 1611 2189 1752 2224; x_wconf 89' lang='lat' dir='ltr'><strong>impetum,</strong></span> 
     </span>
    </p>
   </div>
   <div class='ocr_carea' id='block_1_96' title="bbox 963 2233 1754 2270">
    <p class='ocr_par' dir='ltr' id='par_1_96' title="bbox 963 2233 1754 2270">
     <span class='ocr_line' id='line_1_96' title="bbox 963 2233 1754 2270; baseline 0.003 -10"><span class='ocrx_word' id='word_1_635' title='bbox 963 2233 1073 2261; x_wconf 71' lang='lat' dir='ltr'><strong>Vacalis</strong></span> <span class='ocrx_word' id='word_1_636' title='bbox 1101 2238 1227 2261; x_wconf 82' lang='lat' dir='ltr'><strong>mortuus</strong></span> <span class='ocrx_word' id='word_1_637' title='bbox 1244 2238 1315 2268; x_wconf 83' lang='lat' dir='ltr'><strong>erat,</strong></span> <span class='ocrx_word' id='word_1_638' title='bbox 1338 2238 1365 2262; x_wconf 87' lang='lat' dir='ltr'>et</span> <span class='ocrx_word' id='word_1_639' title='bbox 1380 2241 1395 2261; x_wconf 89' lang='lat' dir='ltr'>a</span> <span class='ocrx_word' id='word_1_640' title='bbox 1419 2234 1487 2269; x_wconf 82' lang='lat' dir='ltr'><strong>pede</strong></span> <span class='ocrx_word' id='word_1_641' title='bbox 1509 2242 1595 2270; x_wconf 85' lang='lat' dir='ltr'><strong>usque</strong></span> <span class='ocrx_word' id='word_1_642' title='bbox 1621 2236 1653 2262; x_wconf 89' lang='lat' dir='ltr'>ad</span> <span class='ocrx_word' id='word_1_643' title='bbox 1673 2241 1754 2270; x_wconf 83' lang='lat' dir='ltr'><strong>eaput</strong></span> 
     </span>
    </p>
   </div>
   <div class='ocr_carea' id='block_1_97' title="bbox 722 2333 1145 2363">
    <p class='ocr_par' dir='ltr' id='par_1_97' title="bbox 722 2333 1145 2363">
     <span class='ocr_line' id='line_1_97' title="bbox 722 2333 1145 2363; baseline 0 -1"><span class='ocrx_word' id='word_1_644' title='bbox 722 2334 863 2363; x_wconf 71' lang='lat' dir='ltr'>TEXTUS</span> <span class='ocrx_word' id='word_1_645' title='bbox 883 2333 1145 2362; x_wconf 72' lang='lat' dir='ltr'><strong>EVANGELIST/E.</strong></span> 
     </span>
    </p>
   </div>
   <div class='ocr_carea' id='block_1_98' title="bbox 152 2401 907 2438">
    <p class='ocr_par' dir='ltr' id='par_1_98' title="bbox 152 2401 907 2438">
     <span class='ocr_line' id='line_1_98' title="bbox 152 2401 907 2438; baseline -0.001 -6"><span class='ocrx_word' id='word_1_646' title='bbox 152 2404 188 2432; x_wconf 88' lang='lat'><strong>56</strong></span> <span class='ocrx_word' id='word_1_647' title='bbox 198 2403 310 2437; x_wconf 84' lang='grc' dir='ltr'>Ἔλεγον</span> <span class='ocrx_word' id='word_1_648' title='bbox 320 2401 367 2430; x_wconf 76' lang='grc' dir='ltr'>οὖν</span> <span class='ocrx_word' id='word_1_649' title='bbox 377 2404 400 2430; x_wconf 73' lang='grc' dir='ltr'>οἱ</span> <span class='ocrx_word' id='word_1_650' title='bbox 421 2404 553 2430; x_wconf 85' lang='grc' dir='ltr'>Ἰουδαῖοι·</span> <span class='ocrx_word' id='word_1_651' title='bbox 575 2403 626 2430; x_wconf 85' lang='grc' dir='ltr'>Ἰδε</span> <span class='ocrx_word' id='word_1_652' title='bbox 643 2403 701 2435; x_wconf 80' lang='grc' dir='ltr'>πῶς</span> <span class='ocrx_word' id='word_1_653' title='bbox 717 2404 804 2438; x_wconf 75' lang='grc' dir='ltr'>ἐφίλει</span> <span class='ocrx_word' id='word_1_654' title='bbox 815 2404 907 2431; x_wconf 75' lang='grc' dir='ltr'>αὐτόν.</span> 
     </span>
    </p>
   </div>
   <div class='ocr_carea' id='block_1_99' title="bbox 153 2441 908 2480">
    <p class='ocr_par' dir='ltr' id='par_1_99' title="bbox 153 2441 908 2480">
     <span class='ocr_line' id='line_1_99' title="bbox 153 2441 908 2480; baseline -0.001 -7"><span class='ocrx_word' id='word_1_655' title='bbox 153 2447 186 2474; x_wconf 90' lang='grc'>57</span> <span class='ocrx_word' id='word_1_656' title='bbox 205 2446 282 2477; x_wconf 75' lang='grc' dir='ltr'>Τινὲς</span> <span class='ocrx_word' id='word_1_657' title='bbox 293 2445 319 2472; x_wconf 80' lang='grc' dir='ltr'>δὲ</span> <span class='ocrx_word' id='word_1_658' title='bbox 334 2446 363 2479; x_wconf 60' lang='lat' dir='ltr'><strong>eg</strong></span> <span class='ocrx_word' id='word_1_659' title='bbox 378 2445 468 2472; x_wconf 74' lang='grc' dir='ltr'>αὐτῶν</span> <span class='ocrx_word' id='word_1_660' title='bbox 480 2445 569 2472; x_wconf 84' lang='grc' dir='ltr'>εἷπον·</span> <span class='ocrx_word' id='word_1_661' title='bbox 587 2441 644 2471; x_wconf 69' lang='grc' dir='ltr'>Οὐκ</span> <span class='ocrx_word' id='word_1_662' title='bbox 659 2445 774 2480; x_wconf 75' lang='grc' dir='ltr'>ἠδύνατο</span> <span class='ocrx_word' id='word_1_663' title='bbox 792 2444 880 2477; x_wconf 73' lang='grc' dir='ltr'>οὗτος,</span> <span class='ocrx_word' id='word_1_664' title='bbox 894 2447 908 2472; x_wconf 84' lang='grc' dir='ltr'>ὁ</span> 
     </span>
    </p>
   </div>
   <div class='ocr_carea' id='block_1_100' title="bbox 117 2487 908 2523">
    <p class='ocr_par' dir='ltr' id='par_1_100' title="bbox 117 2487 908 2523">
     <span class='ocr_line' id='line_1_100' title="bbox 117 2487 908 2523; baseline -0.003 -8"><span class='ocrx_word' id='word_1_665' title='bbox 117 2488 226 2521; x_wconf 80' lang='grc' dir='ltr'>ἀνοίξας</span> <span class='ocrx_word' id='word_1_666' title='bbox 240 2487 302 2519; x_wconf 71' lang='grc' dir='ltr'>τοὺς</span> <span class='ocrx_word' id='word_1_667' title='bbox 317 2487 472 2523; x_wconf 75' lang='grc' dir='ltr'>ὀφθαλμοὺς</span> <span class='ocrx_word' id='word_1_668' title='bbox 490 2487 537 2513; x_wconf 83' lang='grc' dir='ltr'>τοῦ</span> <span class='ocrx_word' id='word_1_669' title='bbox 553 2487 665 2522; x_wconf 77' lang='grc' dir='ltr'>τυφλοῦ,</span> <span class='ocrx_word' id='word_1_670' title='bbox 680 2488 792 2522; x_wconf 77' lang='grc' dir='ltr'>ποιῆσαι</span> <span class='ocrx_word' id='word_1_671' title='bbox 808 2488 850 2514; x_wconf 79' lang='grc' dir='ltr'>ἵνα</span> <span class='ocrx_word' id='word_1_672' title='bbox 862 2487 908 2515; x_wconf 77' lang='grc' dir='ltr'>καὶ</span> 
     </span>
    </p>
   </div>
   <div class='ocr_carea' id='block_1_101' title="bbox 117 2527 402 2565">
    <p class='ocr_par' dir='ltr' id='par_1_101' title="bbox 117 2527 402 2565">
     <span class='ocr_line' id='line_1_101' title="bbox 117 2527 402 2565; baseline -0.011 -7"><span class='ocrx_word' id='word_1_673' title='bbox 117 2527 195 2562; x_wconf 74' lang='grc' dir='ltr'>οὗτος</span> <span class='ocrx_word' id='word_1_674' title='bbox 211 2529 248 2565; x_wconf 83' lang='grc' dir='ltr'>μὴ</span> <span class='ocrx_word' id='word_1_675' title='bbox 263 2529 386 2564; x_wconf 86' lang='grc' dir='ltr'>ἀποθάνῃ</span> <span class='ocrx_word' id='word_1_676' title='bbox 395 2537 402 2561; x_wconf 85' lang='grc'>;</span> 
     </span>
    </p>
   </div>
   <div class='ocr_carea' id='block_1_102' title="bbox 152 2569 908 2607">
    <p class='ocr_par' dir='ltr' id='par_1_102' title="bbox 152 2569 908 2607">
     <span class='ocr_line' id='line_1_102' title="bbox 152 2569 908 2607; baseline -0.001 -9"><span class='ocrx_word' id='word_1_677' title='bbox 152 2571 187 2598; x_wconf 87' lang='grc'>58</span> <span class='ocrx_word' id='word_1_678' title='bbox 208 2570 311 2606; x_wconf 80' lang='grc' dir='ltr'>Ἰησοῦς</span> <span class='ocrx_word' id='word_1_679' title='bbox 323 2569 369 2597; x_wconf 74' lang='grc' dir='ltr'>οὖν</span> <span class='ocrx_word' id='word_1_680' title='bbox 394 2571 474 2598; x_wconf 81' lang='grc' dir='ltr'>πάλιν</span> <span class='ocrx_word' id='word_1_681' title='bbox 487 2570 699 2606; x_wconf 73' lang='grc' dir='ltr'>ἐμϐριμώμενος</span> <span class='ocrx_word' id='word_1_682' title='bbox 716 2571 745 2596; x_wconf 79' lang='grc' dir='ltr'>ἐν</span> <span class='ocrx_word' id='word_1_683' title='bbox 757 2571 847 2606; x_wconf 84' lang='grc' dir='ltr'>ἑαυτῷ</span> <span class='ocrx_word' id='word_1_684' title='bbox 861 2571 908 2607; x_wconf 78' lang='grc' dir='ltr'>ἔρ-</span> 
     </span>
    </p>
   </div>
   <div class='ocr_carea' id='block_1_103' title="bbox 115 2611 908 2649">
    <p class='ocr_par' dir='ltr' id='par_1_103' title="bbox 115 2611 908 2649">
     <span class='ocr_line' id='line_1_103' title="bbox 115 2611 908 2649; baseline 0 -9"><span class='ocrx_word' id='word_1_685' title='bbox 115 2622 196 2649; x_wconf 84' lang='grc' dir='ltr'>χεται</span> <span class='ocrx_word' id='word_1_686' title='bbox 208 2613 247 2645; x_wconf 82' lang='grc' dir='ltr'>είς</span> <span class='ocrx_word' id='word_1_687' title='bbox 255 2613 285 2640; x_wconf 80' lang='grc' dir='ltr'>τὸ</span> <span class='ocrx_word' id='word_1_688' title='bbox 297 2614 439 2648; x_wconf 78' lang='grc' dir='ltr'>μνημεῖον.</span> <span class='ocrx_word' id='word_1_689' title='bbox 448 2611 502 2640; x_wconf 75' lang='grc' dir='ltr'>Ἶιν</span> <span class='ocrx_word' id='word_1_690' title='bbox 517 2613 545 2640; x_wconf 82' lang='grc' dir='ltr'>δὲ</span> <span class='ocrx_word' id='word_1_691' title='bbox 561 2613 702 2649; x_wconf 85' lang='grc' dir='ltr'>σπήλαιον,</span> <span class='ocrx_word' id='word_1_692' title='bbox 718 2614 766 2641; x_wconf 84' lang='grc' dir='ltr'>καὶ</span> <span class='ocrx_word' id='word_1_693' title='bbox 777 2613 850 2646; x_wconf 77' lang='grc' dir='ltr'>λίθος</span> <span class='ocrx_word' id='word_1_694' title='bbox 859 2615 908 2640; x_wconf 85' lang='grc' dir='ltr'>ἐπ-</span> 
     </span>
    </p>
   </div>
   <div class='ocr_carea' id='block_1_104' title="bbox 117 2654 370 2690">
    <p class='ocr_par' dir='ltr' id='par_1_104' title="bbox 117 2654 370 2690">
     <span class='ocr_line' id='line_1_104' title="bbox 117 2654 370 2690; baseline -0.004 -8"><span class='ocrx_word' id='word_1_695' title='bbox 117 2657 208 2682; x_wconf 75' lang='grc' dir='ltr'>έκειτο</span> <span class='ocrx_word' id='word_1_696' title='bbox 224 2654 268 2682; x_wconf 77' lang='grc' dir='ltr'>ἐπ’</span> <span class='ocrx_word' id='word_1_697' title='bbox 285 2654 370 2690; x_wconf 80' lang='grc' dir='ltr'>αὐτῷ.</span> 
     </span>
    </p>
   </div>
   <div class='ocr_carea' id='block_1_105' title="bbox 153 2695 908 2732">
    <p class='ocr_par' dir='ltr' id='par_1_105' title="bbox 153 2695 908 2732">
     <span class='ocr_line' id='line_1_105' title="bbox 153 2695 908 2732; baseline -0.003 -8"><span class='ocrx_word' id='word_1_698' title='bbox 153 2697 188 2724; x_wconf 86' lang='lat'><strong>59</strong></span> <span class='ocrx_word' id='word_1_699' title='bbox 200 2697 306 2731; x_wconf 82' lang='grc' dir='ltr'>Λέγειὸ</span> <span class='ocrx_word' id='word_1_700' title='bbox 324 2695 443 2732; x_wconf 78' lang='grc' dir='ltr'>Ἰησοῦς·</span> <span class='ocrx_word' id='word_1_701' title='bbox 462 2696 564 2732; x_wconf 80' lang='grc' dir='ltr'>’Λρατε</span> <span class='ocrx_word' id='word_1_702' title='bbox 577 2695 623 2722; x_wconf 85' lang='grc' dir='ltr'>τὸν</span> <span class='ocrx_word' id='word_1_703' title='bbox 640 2695 724 2723; x_wconf 81' lang='grc' dir='ltr'>λίθον,</span> <span class='ocrx_word' id='word_1_704' title='bbox 739 2695 821 2730; x_wconf 77' lang='grc' dir='ltr'>Λέγει</span> <span class='ocrx_word' id='word_1_705' title='bbox 832 2696 908 2732; x_wconf 82' lang='grc' dir='ltr'>αὐτῷ</span> 
     </span>
    </p>
   </div>
   <div class='ocr_carea' id='block_1_106' title="bbox 117 2737 906 2774">
    <p class='ocr_par' dir='ltr' id='par_1_106' title="bbox 117 2737 906 2774">
     <span class='ocr_line' id='line_1_106' title="bbox 117 2737 906 2774; baseline -0.003 -8"><span class='ocrx_word' id='word_1_706' title='bbox 117 2740 135 2774; x_wconf 84' lang='grc' dir='ltr'><strong>ἡ</strong></span> <span class='ocrx_word' id='word_1_707' title='bbox 163 2739 264 2774; x_wconf 75' lang='grc' dir='ltr'>ἀδελφὴ</span> <span class='ocrx_word' id='word_1_708' title='bbox 284 2738 332 2766; x_wconf 84' lang='grc' dir='ltr'>τοῦ</span> <span class='ocrx_word' id='word_1_709' title='bbox 345 2738 506 2773; x_wconf 77' lang='grc' dir='ltr'>τεθνηκότος</span> <span class='ocrx_word' id='word_1_710' title='bbox 522 2737 638 2774; x_wconf 73' lang='grc' dir='ltr'>Μάρθα·</span> <span class='ocrx_word' id='word_1_711' title='bbox 652 2737 750 2774; x_wconf 80' lang='grc' dir='ltr'>Κύριε,</span> <span class='ocrx_word' id='word_1_712' title='bbox 765 2739 816 2774; x_wconf 73' lang='grc' dir='ltr'>ήδη</span> <span class='ocrx_word' id='word_1_713' title='bbox 831 2737 887 2770; x_wconf 73' lang='grc' dir='ltr'>ὄξει</span> <span class='ocrx_word' id='word_1_714' title='bbox 898 2746 906 2754; x_wconf 78' lang='grc' dir='ltr'>ο</span> 
     </span>
    </p>
   </div>
   <div class='ocr_carea' id='block_1_107' title="bbox 117 2780 428 2816">
    <p class='ocr_par' dir='ltr' id='par_1_107' title="bbox 117 2780 428 2816">
     <span class='ocr_line' id='line_1_107' title="bbox 117 2780 428 2816; baseline 0.003 -9"><span class='ocrx_word' id='word_1_715' title='bbox 117 2782 277 2816; x_wconf 79' lang='grc' dir='ltr'>τεταρταῖος</span> <span class='ocrx_word' id='word_1_716' title='bbox 288 2780 342 2816; x_wconf 85' lang='grc' dir='ltr'>γάρ</span> <span class='ocrx_word' id='word_1_717' title='bbox 358 2781 428 2808; x_wconf 84' lang='grc' dir='ltr'>ὲστι.</span> 
     </span>
    </p>
   </div>
   <div class='ocr_carea' id='block_1_108' title="bbox 153 2818 908 2857">
    <p class='ocr_par' dir='ltr' id='par_1_108' title="bbox 153 2818 908 2857">
     <span class='ocr_line' id='line_1_108' title="bbox 153 2818 908 2857; baseline 0 -8"><span class='ocrx_word' id='word_1_718' title='bbox 153 2823 188 2849; x_wconf 67' lang='grc'>40</span> <span class='ocrx_word' id='word_1_719' title='bbox 196 2823 277 2857; x_wconf 84' lang='grc' dir='ltr'>Λέγει</span> <span class='ocrx_word' id='word_1_720' title='bbox 290 2822 358 2857; x_wconf 76' lang='grc' dir='ltr'>αὐτῇ</span> <span class='ocrx_word' id='word_1_721' title='bbox 369 2823 383 2848; x_wconf 84' lang='grc' dir='ltr'>ὁ</span> <span class='ocrx_word' id='word_1_722' title='bbox 400 2820 503 2856; x_wconf 77' lang='grc' dir='ltr'>Ἰησοῦς</span> <span class='ocrx_word' id='word_1_723' title='bbox 512 2828 519 2837; x_wconf 85' lang='lat'>&#39;</span> <span class='ocrx_word' id='word_1_724' title='bbox 531 2821 587 2848; x_wconf 79' lang='grc' dir='ltr'>Οὐκ</span> <span class='ocrx_word' id='word_1_725' title='bbox 603 2818 680 2848; x_wconf 76' lang='grc' dir='ltr'>εἶπόν</span> <span class='ocrx_word' id='word_1_726' title='bbox 695 2829 736 2848; x_wconf 89' lang='grc' dir='ltr'>σοι</span> <span class='ocrx_word' id='word_1_727' title='bbox 749 2821 790 2848; x_wconf 79' lang='grc' dir='ltr'>ὅτι</span> <span class='ocrx_word' id='word_1_728' title='bbox 805 2821 851 2849; x_wconf 76' lang='grc' dir='ltr'>ὲάν</span> <span class='ocrx_word' id='word_1_729' title='bbox 863 2831 908 2849; x_wconf 88' lang='grc' dir='ltr'>πι-</span> 
     </span>
    </p>
   </div>
   <div class='ocr_carea' id='block_1_109' title="bbox 121 2862 643 2904">
    <p class='ocr_par' dir='ltr' id='par_1_109' title="bbox 121 2862 643 2904">
     <span class='ocr_line' id='line_1_109' title="bbox 121 2862 643 2904; baseline -0.006 -12"><span class='ocrx_word' id='word_1_730' title='bbox 121 2863 245 2899; x_wconf 73' lang='grc' dir='ltr'>στεύσῃς,</span> <span class='ocrx_word' id='word_1_731' title='bbox 259 2863 318 2898; x_wconf 68' lang='grc' dir='ltr'>ὄψει</span> <span class='ocrx_word' id='word_1_732' title='bbox 336 2863 385 2899; x_wconf 81' lang='grc' dir='ltr'>τὴν</span> <span class='ocrx_word' id='word_1_733' title='bbox 405 2862 484 2896; x_wconf 82' lang='grc' dir='ltr'>δόξαν</span> <span class='ocrx_word' id='word_1_734' title='bbox 500 2862 546 2889; x_wconf 82' lang='grc' dir='ltr'>τοῦ</span> <span class='ocrx_word' id='word_1_735' title='bbox 561 2862 643 2904; x_wconf 52' lang='lat'><strong>9:96;</strong></span> 
     </span>
    </p>
   </div>
   <div class='ocr_carea' id='block_1_110' title="bbox 997 2400 1752 2442">
    <p class='ocr_par' dir='ltr' id='par_1_110' title="bbox 997 2400 1752 2442">
     <span class='ocr_line' id='line_1_110' title="bbox 997 2400 1752 2442; baseline 0.009 -13"><span class='ocrx_word' id='word_1_736' title='bbox 997 2402 1029 2429; x_wconf 70' lang='grc'>41</span> <span class='ocrx_word' id='word_1_737' title='bbox 1041 2401 1131 2438; x_wconf 82' lang='grc' dir='ltr'>Ἦραν</span> <span class='ocrx_word' id='word_1_738' title='bbox 1141 2401 1188 2430; x_wconf 80' lang='grc' dir='ltr'>οὖν</span> <span class='ocrx_word' id='word_1_739' title='bbox 1199 2403 1243 2429; x_wconf 81' lang='grc' dir='ltr'>τὸν</span> <span class='ocrx_word' id='word_1_740' title='bbox 1255 2403 1328 2439; x_wconf 71' lang='grc' dir='ltr'>λίθον</span> <span class='ocrx_word' id='word_1_741' title='bbox 1343 2400 1373 2431; x_wconf 70' lang='grc' dir='ltr'>οὗ</span> <span class='ocrx_word' id='word_1_742' title='bbox 1387 2401 1421 2439; x_wconf 85' lang='grc' dir='ltr'>ἦν</span> <span class='ocrx_word' id='word_1_743' title='bbox 1430 2405 1444 2431; x_wconf 89' lang='grc' dir='ltr'><strong>ό</strong></span> <span class='ocrx_word' id='word_1_744' title='bbox 1459 2405 1599 2440; x_wconf 85' lang='grc' dir='ltr'>τεθνηκὼς</span> <span class='ocrx_word' id='word_1_745' title='bbox 1618 2406 1752 2442; x_wconf 79' lang='grc' dir='ltr'>κείμενος.</span> 
     </span>
    </p>
   </div>
   <div class='ocr_carea' id='block_1_111' title="bbox 969 2443 1753 2482">
    <p class='ocr_par' dir='ltr' id='par_1_111' title="bbox 969 2443 1753 2482">
     <span class='ocr_line' id='line_1_111' title="bbox 969 2443 1753 2482; baseline 0.008 -11"><span class='ocrx_word' id='word_1_746' title='bbox 969 2445 998 2472; x_wconf 93' lang='lat'>&#39;0</span> <span class='ocrx_word' id='word_1_747' title='bbox 1014 2445 1042 2472; x_wconf 79' lang='grc' dir='ltr'>δὲ</span> <span class='ocrx_word' id='word_1_748' title='bbox 1065 2445 1169 2481; x_wconf 82' lang='grc' dir='ltr'>Ἰησοῦς</span> <span class='ocrx_word' id='word_1_749' title='bbox 1194 2443 1244 2481; x_wconf 79' lang='grc' dir='ltr'>ἦρε</span> <span class='ocrx_word' id='word_1_750' title='bbox 1256 2446 1318 2478; x_wconf 77' lang='grc' dir='ltr'>τοὺς</span> <span class='ocrx_word' id='word_1_751' title='bbox 1345 2445 1502 2482; x_wconf 85' lang='grc' dir='ltr'>ὀφθαλμοὺς</span> <span class='ocrx_word' id='word_1_752' title='bbox 1523 2447 1590 2480; x_wconf 80' lang='grc' dir='ltr'>ἄνω,</span> <span class='ocrx_word' id='word_1_753' title='bbox 1607 2448 1654 2476; x_wconf 75' lang='grc' dir='ltr'>καὶ</span> <span class='ocrx_word' id='word_1_754' title='bbox 1673 2447 1753 2477; x_wconf 78' lang='grc' dir='ltr'>εἷπε·</span> 
     </span>
    </p>
   </div>
   <div class='ocr_carea' id='block_1_112' title="bbox 962 2486 1558 2523">
    <p class='ocr_par' dir='ltr' id='par_1_112' title="bbox 962 2486 1558 2523">
     <span class='ocr_line' id='line_1_112' title="bbox 962 2486 1558 2523; baseline 0.005 -10"><span class='ocrx_word' id='word_1_755' title='bbox 962 2487 1063 2523; x_wconf 84' lang='grc' dir='ltr'>Πάτερ,</span> <span class='ocrx_word' id='word_1_756' title='bbox 1081 2486 1234 2522; x_wconf 81' lang='grc' dir='ltr'>εὐχαριστῶ</span> <span class='ocrx_word' id='word_1_757' title='bbox 1250 2495 1291 2514; x_wconf 91' lang='grc' dir='ltr'>σοι</span> <span class='ocrx_word' id='word_1_758' title='bbox 1307 2488 1348 2514; x_wconf 78' lang='grc' dir='ltr'>ὅτι</span> <span class='ocrx_word' id='word_1_759' title='bbox 1362 2488 1481 2523; x_wconf 74' lang='grc' dir='ltr'>ἤκουσάς</span> <span class='ocrx_word' id='word_1_760' title='bbox 1497 2498 1558 2523; x_wconf 86' lang='grc' dir='ltr'>μου.</span> 
     </span>
    </p>
   </div>
   <div class='ocr_carea' id='block_1_113' title="bbox 996 2529 1754 2566">
    <p class='ocr_par' dir='ltr' id='par_1_113' title="bbox 996 2529 1754 2566">
     <span class='ocr_line' id='line_1_113' title="bbox 996 2529 1754 2566; baseline 0.009 -11"><span class='ocrx_word' id='word_1_761' title='bbox 996 2529 1032 2556; x_wconf 73' lang='grc'>42</span> <span class='ocrx_word' id='word_1_762' title='bbox 1039 2529 1110 2563; x_wconf 87' lang='grc' dir='ltr'>Ἐγὼ</span> <span class='ocrx_word' id='word_1_763' title='bbox 1119 2529 1147 2556; x_wconf 84' lang='grc' dir='ltr'>δὲ</span> <span class='ocrx_word' id='word_1_764' title='bbox 1163 2529 1238 2565; x_wconf 80' lang='grc' dir='ltr'>ᾔδειν</span> <span class='ocrx_word' id='word_1_765' title='bbox 1249 2530 1290 2556; x_wconf 84' lang='grc' dir='ltr'>ὃτι</span> <span class='ocrx_word' id='word_1_766' title='bbox 1306 2530 1420 2556; x_wconf 80' lang='grc' dir='ltr'>πάντοτέ</span> <span class='ocrx_word' id='word_1_767' title='bbox 1437 2540 1488 2566; x_wconf 85' lang='grc' dir='ltr'>μου</span> <span class='ocrx_word' id='word_1_768' title='bbox 1499 2532 1618 2564; x_wconf 83' lang='grc' dir='ltr'>ἀκούεις·</span> <span class='ocrx_word' id='word_1_769' title='bbox 1628 2533 1696 2561; x_wconf 72' lang='grc' dir='ltr'>ἀλλὰ</span> <span class='ocrx_word' id='word_1_770' title='bbox 1709 2535 1754 2562; x_wconf 64' lang='grc' dir='ltr'>διὰ</span> 
     </span>
    </p>
   </div>
   <div class='ocr_carea' id='block_1_114' title="bbox 961 2570 1752 2607">
    <p class='ocr_par' dir='ltr' id='par_1_114' title="bbox 961 2570 1752 2607">
     <span class='ocr_line' id='line_1_114' title="bbox 961 2570 1752 2607; baseline 0.008 -9"><span class='ocrx_word' id='word_1_771' title='bbox 961 2571 1007 2598; x_wconf 77' lang='grc' dir='ltr'>τὸν</span> <span class='ocrx_word' id='word_1_772' title='bbox 1020 2571 1098 2607; x_wconf 71' lang='grc' dir='ltr'>ὄχλον</span> <span class='ocrx_word' id='word_1_773' title='bbox 1110 2572 1156 2599; x_wconf 83' lang='grc' dir='ltr'>τὸν</span> <span class='ocrx_word' id='word_1_774' title='bbox 1171 2572 1342 2607; x_wconf 81' lang='grc' dir='ltr'>περιεστῶτα</span> <span class='ocrx_word' id='word_1_775' title='bbox 1352 2570 1439 2605; x_wconf 80' lang='grc' dir='ltr'>εἶπον,</span> <span class='ocrx_word' id='word_1_776' title='bbox 1460 2574 1503 2600; x_wconf 84' lang='grc' dir='ltr'>ἵνα</span> <span class='ocrx_word' id='word_1_777' title='bbox 1513 2576 1695 2604; x_wconf 77' lang='grc' dir='ltr'>πιστεύσωσιν</span> <span class='ocrx_word' id='word_1_778' title='bbox 1711 2578 1752 2604; x_wconf 76' lang='grc' dir='ltr'>ὅτι</span> 
     </span>
    </p>
   </div>
   <div class='ocr_carea' id='block_1_115' title="bbox 963 2613 1232 2648">
    <p class='ocr_par' dir='ltr' id='par_1_115' title="bbox 963 2613 1232 2648">
     <span class='ocr_line' id='line_1_115' title="bbox 963 2613 1232 2648; baseline 0.004 -9"><span class='ocrx_word' id='word_1_779' title='bbox 963 2613 995 2639; x_wconf 83' lang='grc' dir='ltr'>σύ</span> <span class='ocrx_word' id='word_1_780' title='bbox 1009 2622 1043 2648; x_wconf 86' lang='grc' dir='ltr'>με</span> <span class='ocrx_word' id='word_1_781' title='bbox 1056 2613 1232 2646; x_wconf 80' lang='grc' dir='ltr'>ἀπέστειλας.</span> 
     </span>
    </p>
   </div>
   <div class='ocr_carea' id='block_1_116' title="bbox 997 2654 1748 2695">
    <p class='ocr_par' dir='ltr' id='par_1_116' title="bbox 997 2654 1748 2695">
     <span class='ocr_line' id='line_1_116' title="bbox 997 2654 1748 2695; baseline 0.008 -14"><span class='ocrx_word' id='word_1_782' title='bbox 997 2655 1033 2682; x_wconf 84' lang='grc'>45</span> <span class='ocrx_word' id='word_1_783' title='bbox 1055 2656 1110 2682; x_wconf 77' lang='grc' dir='ltr'>Καὶ</span> <span class='ocrx_word' id='word_1_784' title='bbox 1127 2655 1213 2683; x_wconf 87' lang='grc' dir='ltr'>ταῦτα</span> <span class='ocrx_word' id='word_1_785' title='bbox 1235 2654 1331 2688; x_wconf 79' lang='grc' dir='ltr'>εἰπὼν,</span> <span class='ocrx_word' id='word_1_786' title='bbox 1347 2658 1422 2692; x_wconf 78' lang='grc' dir='ltr'>φωνῇ</span> <span class='ocrx_word' id='word_1_787' title='bbox 1443 2657 1548 2694; x_wconf 78' lang='grc' dir='ltr'>μεγάλῃ</span> <span class='ocrx_word' id='word_1_788' title='bbox 1571 2659 1728 2695; x_wconf 79' lang='grc' dir='ltr'>ἐκραύγασε</span> <span class='ocrx_word' id='word_1_789' title='bbox 1741 2669 1748 2678; x_wconf 83' lang='grc'>·</span> 
     </span>
    </p>
   </div>
   <div class='ocr_carea' id='block_1_117' title="bbox 959 2695 1246 2732">
    <p class='ocr_par' dir='ltr' id='par_1_117' title="bbox 959 2695 1246 2732">
     <span class='ocr_line' id='line_1_117' title="bbox 959 2695 1246 2732; baseline 0.003 -9"><span class='ocrx_word' id='word_1_790' title='bbox 959 2695 1079 2732; x_wconf 84' lang='grc' dir='ltr'>Λάζαρε,</span> <span class='ocrx_word' id='word_1_791' title='bbox 1095 2697 1174 2732; x_wconf 83' lang='grc' dir='ltr'>δεῦρο</span> <span class='ocrx_word' id='word_1_792' title='bbox 1185 2697 1246 2730; x_wconf 75' lang='grc' dir='ltr'>ἔξω.</span> 
     </span>
    </p>
   </div>
   <div class='ocr_carea' id='block_1_118' title="bbox 994 2739 1748 2777">
    <p class='ocr_par' dir='ltr' id='par_1_118' title="bbox 994 2739 1748 2777">
     <span class='ocr_line' id='line_1_118' title="bbox 994 2739 1748 2777; baseline 0.005 -12"><span class='ocrx_word' id='word_1_793' title='bbox 994 2739 1030 2765; x_wconf 68' lang='grc'><strong>44</strong></span> <span class='ocrx_word' id='word_1_794' title='bbox 1045 2740 1099 2766; x_wconf 80' lang='grc' dir='ltr'>Καὶ</span> <span class='ocrx_word' id='word_1_795' title='bbox 1112 2739 1222 2775; x_wconf 76' lang='grc' dir='ltr'>ἐξῆλθεν</span> <span class='ocrx_word' id='word_1_796' title='bbox 1239 2740 1253 2766; x_wconf 84' lang='grc' dir='ltr'>ὁ</span> <span class='ocrx_word' id='word_1_797' title='bbox 1269 2740 1418 2776; x_wconf 78' lang='grc' dir='ltr'>τεθνηκὼς,</span> <span class='ocrx_word' id='word_1_798' title='bbox 1433 2741 1573 2777; x_wconf 80' lang='grc' dir='ltr'>δεδεμένος</span> <span class='ocrx_word' id='word_1_799' title='bbox 1589 2743 1651 2773; x_wconf 74' lang='grc' dir='ltr'>τοὺς</span> <span class='ocrx_word' id='word_1_800' title='bbox 1665 2743 1748 2776; x_wconf 71' lang='grc' dir='ltr'>πόδας</span> 
     </span>
    </p>
   </div>
   <div class='ocr_carea' id='block_1_119' title="bbox 958 2780 1748 2821">
    <p class='ocr_par' dir='ltr' id='par_1_119' title="bbox 958 2780 1748 2821">
     <span class='ocr_line' id='line_1_119' title="bbox 958 2780 1748 2821; baseline 0.004 -13"><span class='ocrx_word' id='word_1_801' title='bbox 958 2780 1006 2808; x_wconf 72' lang='grc' dir='ltr'>καὶ</span> <span class='ocrx_word' id='word_1_802' title='bbox 1021 2780 1071 2812; x_wconf 78' lang='grc' dir='ltr'>τὰς</span> <span class='ocrx_word' id='word_1_803' title='bbox 1089 2782 1185 2817; x_wconf 85' lang='grc' dir='ltr'>χεῖρας</span> <span class='ocrx_word' id='word_1_804' title='bbox 1200 2782 1332 2818; x_wconf 71' lang='grc' dir='ltr'>κειρίαιςο</span> <span class='ocrx_word' id='word_1_805' title='bbox 1348 2783 1396 2810; x_wconf 79' lang='grc' dir='ltr'>καὶ</span> <span class='ocrx_word' id='word_1_806' title='bbox 1408 2784 1424 2817; x_wconf 84' lang='grc' dir='ltr'><strong>ἡ</strong></span> <span class='ocrx_word' id='word_1_807' title='bbox 1437 2783 1498 2818; x_wconf 61' lang='grc' dir='ltr'>ὄψις</span> <span class='ocrx_word' id='word_1_808' title='bbox 1518 2783 1599 2810; x_wconf 76' lang='grc' dir='ltr'>αὑτοῦ</span> <span class='ocrx_word' id='word_1_809' title='bbox 1615 2784 1748 2821; x_wconf 78' lang='grc' dir='ltr'>σουῖαρίῳ</span> 
     </span>
    </p>
   </div>
   <div class='ocr_carea' id='block_1_120' title="bbox 959 2822 1746 2861">
    <p class='ocr_par' dir='ltr' id='par_1_120' title="bbox 959 2822 1746 2861">
     <span class='ocr_line' id='line_1_120' title="bbox 959 2822 1746 2861; baseline 0.005 -13"><span class='ocrx_word' id='word_1_810' title='bbox 959 2822 1139 2858; x_wconf 79' lang='grc' dir='ltr'>περιεδέδετο.</span> <span class='ocrx_word' id='word_1_811' title='bbox 1156 2823 1237 2857; x_wconf 84' lang='grc' dir='ltr'>Λέγει</span> <span class='ocrx_word' id='word_1_812' title='bbox 1252 2824 1342 2857; x_wconf 82' lang='grc' dir='ltr'>αὺτοῖς</span> <span class='ocrx_word' id='word_1_813' title='bbox 1355 2825 1370 2851; x_wconf 81' lang='grc' dir='ltr'>ὁ</span> <span class='ocrx_word' id='word_1_814' title='bbox 1391 2824 1494 2860; x_wconf 75' lang='grc' dir='ltr'>Ἰησοῦς</span> <span class='ocrx_word' id='word_1_815' title='bbox 1509 2833 1516 2840; x_wconf 70' lang='grc' dir='ltr'>ο</span> <span class='ocrx_word' id='word_1_816' title='bbox 1533 2824 1640 2852; x_wconf 64' lang='grc' dir='ltr'>Λύσατε</span> <span class='ocrx_word' id='word_1_817' title='bbox 1654 2825 1746 2861; x_wconf 73' lang='grc' dir='ltr'>αὑτὸν,</span> 
     </span>
    </p>
   </div>
   <div class='ocr_carea' id='block_1_121' title="bbox 958 2863 1244 2897">
    <p class='ocr_par' dir='ltr' id='par_1_121' title="bbox 958 2863 1244 2897">
     <span class='ocr_line' id='line_1_121' title="bbox 958 2863 1244 2897; baseline -0.007 -5"><span class='ocrx_word' id='word_1_818' title='bbox 958 2865 1005 2892; x_wconf 70' lang='grc' dir='ltr'>καὶ</span> <span class='ocrx_word' id='word_1_819' title='bbox 1021 2863 1104 2897; x_wconf 71' lang='grc' dir='ltr'>ἄφετε</span> <span class='ocrx_word' id='word_1_820' title='bbox 1120 2864 1244 2896; x_wconf 86' lang='grc' dir='ltr'>ὑπάγειν.</span> 
     </span>
    </p>
   </div>
  </div>
