1953 3040
113 177 166 205 849

117 235 224 272 Ἰησοῦν
238 236 282 263 ἵνα
293 236 392 268 πάντες
406 235 445 263 ἐνὶ
454 235 597 264 κτείνωσιν
609 237 724 273 ὀλέθρῳ.

113 282 148 310 Μ
163 281 263 310 Οὐκέτι
278 281 301 308 δ’
319 281 459 317 ἀμφαδίην
474 281 602 314 λαοσσόος
617 279 673 318 εἶχε
688 282 804 318 πορείην

113 327 232 364 Χριστὸς
253 327 283 354 ὲν
299 326 464 363 Ἐϐραίοισιν
475 335 483 342 '
497 327 641 364 ἀδουπήτῳ
653 328 681 355 δὲ
698 328 799 363 πεδίλῳ

120 373 215 407 Ἀγνδν
234 372 365 408 Ἰουδαίης
379 373 552 409 παρεμέτρεε
567 373 666 401 κόλπον
680 373 800 410 ἀρούρης
816 382 823 389 '

112 419 213 455 Χώρης
223 419 306 453 ἐγγὺς
317 417 409 446 ῐκανεν
417 418 538 454 όρειάδος
548 419 633 454 ἔγγὺς
640 420 756 456 ἐρήμου,
855 438 861 442 ι

112 464 160 495 Εἰς
172 463 248 489 πόλιν
258 471 265 478 ·
278 462 377 490 ὁππόθι
391 463 474 498 μίμνε
496 463 546 490 σὺν
556 463 711 492 ἀντιθέοισι
720 463 866 500 μαθηταῖς,

119 509 240 544 Ἐφραὶμ
255 507 305 543 τὴν
318 507 457 536 καλέουσι.
477 508 511 537 55
520 509 575 536 Kal
590 509 707 544 ἐγγύθεν
723 507 773 545 ἦεν
786 510 868 546 ἑορτὴ

113 552 210 588 Πάσχα
224 553 421 589 πολυκλήῖστον
430 560 438 569 ⁵
451 553 498 580 ἀπ’
513 553 655 590 σὺρυάλοιο
668 554 697 581 δὲ
710 553 792 589 γαίης

114 597 194 633 134
210 597 307 624 Πολλοὶ
330 598 463 625 Ἰουδαίων
476 597 660 634 ὁμοτέρμονες
678 598 776 635 ἄνδρες
798 599 902 635 ἐρήμου

113 643 294 670 Μυστιπόλων
313 643 454 671 ἀνέϐαινον
470 644 500 677 ἐς
515 644 626 680 ἔδρανον
647 644 838 680 Ἰροσολύμων,

115 690 206 724 Ὄφρα
220 687 426 724 προφοιϐάσὼσι
439 689 524 725 δέμας
536 689 657 722 ζαθέοισι
668 689 832 726 καθαρμοῖς,

112 735 180 771 Πρίν
196 744 250 771 περ
264 736 405 772 άσιγήτοιο
419 737 575 772 φανήμεναι
587 733 665 772 ἦμαρ
680 737 785 773 ἑορτῆς.

110 781 147 808 56
162 781 217 808 Καὶ
230 781 325 813 πολέες
336 781 440 814 δίζοντο
455 781 571 814 θυώδεος
586 782 672 809 ἔνδοθι
686 782 751 818 νηοῦ

118 826 221 862 Ἰησοῦν
236 827 365 860 ἁπεόντα,
383 827 514 863 θεηγόρον
524 835 531 842 ’
544 828 671 860 ἑσταότες
684 828 713 855 δὲ

116 871 256 908 Ἀλλήλοις
271 872 398 908 όάριζον·
418 873 619 909 ἐπεφθέγγοντο
637 874 665 900 δὲ
678 874 747 906 λαοίσ

115 917 198 952 ’Υμῖν
212 918 407 954 φραζομένοισι
422 918 449 945 τί
463 919 609 953 φαίνεται,
623 919 681 946 ὅττι
694 919 814 955 περῆσαι

111 959 148 985 Οὐ
163 959 274 987 δύναται
286 960 380 996 βροτὸς
390 958 467 993 οὗτος
482 962 510 994 ές
522 962 716 998 άρτιχόρευτον
732 965 845 999 ὲορτήν;

110 1002 146 1029 57
160 1003 216 1030 Καὶ
225 1004 334 1037 ναέταις
344 1005 486 1033 ἐπέτελλον
498 1007 625 1039 ἀπειθέες
637 1008 794 1044 ἀρχιερῆες,

110 1047 167 1074 Καὶ
179 1049 258 1084 χορὸς
271 1050 456 1086 ἀγκυλόμητις
475 1051 650 1087 ὑπερφιάλων
664 1054 828 1089 Φαρισαίων,

112 1093 205 1128 Ὄφρα
216 1103 262 1129 μιν
278 1095 352 1127 ὅστις
373 1096 454 1123 ἴδοιτο
475 1099 546 1125 κατὰ
561 1099 666 1131 πτόλιν,
681 1099 698 1135 ἦ
715 1100 762 1126 καὶ
778 1100 899 1134 ἀκούσοι,

112 1138 219 1173 Πληθύῖ
233 1140 359 1175 κηρύξειε
373 1141 563 1177 ὣλιορῤαφέων
578 1144 744 1179 Φαρισαίων,

112 1183 204 1218 Ὀφρα
218 1192 265 1219 μιν
281 1184 377 1220 ἐχθρὸς
391 1186 484 1221 ὃμιλος
499 1187 669 1216 ἀποκτείνειε
683 1190 807 1222 πιέσσας.

430 1242 510 1270 ΚΕΦ.
530 1243 580 1271 IB'.

148 1294 159 1321 1
176 1294 276 1331 Χώρης
293 1296 317 1323 δ’
328 1296 485 1333 εὐρυάλωος
501 1299 628 1335 ἕρημάδα
639 1300 725 1333 πέζαν
736 1302 819 1335 ἐάσας

117 1340 221 1375 Ἰησοῦς
234 1341 364 1377 ἀκίχητος
378 1343 499 1379 ἔθήμονα
512 1344 610 1372 δύσατο
625 1345 722 1383 κώμην
731 1355 738 1361 ·

110 1385 216 1413 Δύσατο
232 1386 377 1423 Βηθανίην,
396 1388 438 1416 ὅθι
455 1389 580 1427 Λάζαρον
596 1391 691 1426 ἐγγύθι
706 1392 810 1428 τύμϐου

116 1430 164 1457 Ἐκ
179 1431 282 1458 νεκύων
297 1432 402 1469 ἤγειρε,
415 1434 486 1470 χέων
500 1436 664 1472 ψυχοστόλον
680 1437 739 1474 ὴχώ
749 1447 757 1454 ·

110 1475 215 1503 Δύσατο
226 1477 372 1515 Βηθανίην,
385 1480 429 1507 ὅτε
441 1481 558 1515 γείτονος
575 1480 648 1518 εἶχον
662 1483 761 1520 ἑορτῆς

113 1521 163 1554 Ἐξ
174 1522 261 1558 πάρος
274 1523 368 1559 ήματα
388 1525 476 1561 μοῦνα
491 1526 658 1563 λελειμμένα
673 1529 805 1562 κυκλάδες
818 1526 899 1567 ὧραι.

110 1567 128 1593 2
140 1568 194 1594 Καί
208 1569 233 1595 oi
246 1569 344 1606 δόρπον
364 1570 473 1599 ἔθεντο·
486 1573 658 1610 φιλοστόργῳ
672 1574 701 1601 δὲ
715 1577 825 1612 μενοινῇ

110 1613 211 1657 Ιίάρθα
229 1614 385 1652 διακτορίην
398 1617 578 1654 πολυχανδέος
590 1618 647 1656 εἶχε
659 1621 809 1657 τραπέζης.

110 1655 159 1691 Εἷς
170 1659 193 1686 δ’
205 1657 240 1696 ἦν
255 1660 424 1697 δαιτυμόνων
437 1663 478 1690 ἔτι
493 1655 632 1700 Λάζαρος,
643 1655 702 1698 ἶσος
715 1655 812 1702 ὀνείρῳ

111 1703 282 1740 Πασιφανής.
297 1705 314 1733 3
326 1706 421 1743 Μαρίη
434 1707 463 1734 δὲ
476 1708 564 1744 μύρου
577 1709 700 1743 θυόεντος
714 1711 814 1739 ἑλοῦσα

110 1748 244 1786 Πιστικῆς
253 1751 316 1787 τρία
333 1752 419 1789 μέτρα
436 1754 620 1793 φατιζομένης
632 1756 686 1783 ἀπὸ
699 1757 806 1794 νάρδου,

111 1795 265 1832 Μάρμαρον
274 1798 391 1834 ὴέρταξε
408 1799 573 1837 βεϐυσμένον
587 1803 671 1838 ἄγγος
685 1804 794 1840 ὲέρσης,

115 1840 251 1877 Ὶιΰκομος
266 1843 359 1882 Μαρίη
370 1853 377 1860 ·
394 1847 441 1874 καὶ
454 1846 613 1884 δαινυμένου
628 1849 760 1885 Βασιλῆος

109 1886 276 1921 Θισπεσίους
287 1889 380 1926 ῆλειψε
398 1891 476 1929 μύρῳ
491 1893 573 1926 πόδας
586 1903 592 1910 ·
610 1895 721 1930 ὲκταδίη
736 1895 765 1922 δὲ

116 1931 228 1968 Ἰκμάδα
241 1934 356 1973 πιαλέην
367 1936 528 1973 ἀπεμάξατο
542 1939 660 1975 μαχλάδι
671 1940 764 1976 χαίτῃ.

110 1978 257 2016 Νηχομένη
268 1980 290 2008 δ’
302 1982 451 2017 ἔμέθυσσεν
469 1984 530 2011 ὅλον
543 1984 624 2020 δόμον
635 1985 726 2018 ἔνθεος
741 1986 820 2022 ὀδμή.

110 2024 128 2051 4
140 2025 194 2051 Kal
204 2026 344 2063 φθονεροϊς
355 2029 518 2064 στομάτεσσι
527 2030 686 2064 δολοπλόκος
693 2029 770 2059 εἶπεν
785 2032 897 2066 Ἰούδας,

113 2071 161 2102 Ὃς
175 2073 284 2107 μιαροῖς
300 2082 346 2108 μιν
361 2073 473 2109 ἔμελλεν
493 2075 645 2104 Ὶουδαίοισι
659 2076 809 2113 προδώσειν
819 2085 826 2093 ³

109 2114 126 2141 5
141 2115 224 2142 Τίπτε
235 2118 397 2153 τριηκοσίων
410 2120 440 2147 οὐ
454 2120 586 2155 πέρναται
597 2121 614 2156 ἦ
627 2129 679 2148 τινι
692 2121 783 2157 μέτρῳ

111 2161 216 2190 Πλείονι
230 2163 366 2200 δηναρίων
376 2165 434 2192 τόδε
452 2175 503 2193 που
520 2166 615 2202 μύρον,
627 2167 699 2203 ὄφρα
711 2167 801 2202 δοθείη

573 153 818 204 έιΑιιΑΡιιιιΑειδ
838 175 870 202 ΙΝ
889 174 1061 203 JOA'NNEM.
1078 175 1202 203 ——CAP.
1222 174 1280 202 XII.

1694 175 1747 204 850

922 239 944 267 Α
960 243 1088 268 satorum,
1104 233 1198 262 Iesum
1214 238 1244 261 ut
1261 240 1362 261 omnes.
1372 241 1428 262 uno
1446 233 1632 263 interﬁcerent
1650 235 1745 263 exitio.

955 285 987 312 5i
1015 283 1075 311 Non
1101 283 1221 318 amplius
1239 288 1304 309 vero
1330 286 1452 316 apertum
1482 282 1592 310 salvans
1614 283 1745 318 populum

954 329 1072 356 habebat
1092 328 1144 355 iter
1169 327 1297 355 Christus
1323 326 1394 353 inter
1413 325 1654 360 Ilebrazos;lacito
1680 335 1745 355 vero

954 374 1022 410 pede
1031 373 1163 401 Sanctum
1174 371 1273 400 λιιιωω
1284 371 1439 399 transmisit
1451 371 1541 400 eundo
1551 372 1640 399 sinum
1649 376 1742 400 terra:

953 420 995 447 Ad
1011 420 1100 447 locum
1121 419 1241 446 vicinum
1260 417 1334 444 venit
1359 420 1518 443 montanum
1541 424 1626 452 prope
1650 417 1744 445 deser-

954 470 1022 498 tum,
1033 464 1063 492 In
1077 464 1229 495 civitatem.
1249 462 1296 490 ubi
1312 462 1413 489 mansit
1430 469 1493 488 cum
1509 461 1610 489 divinis
1626 461 1745 496 discipu-

953 511 999 544 lis,
1016 510 1104 544 Quam
1128 509 1259 544 Ephraim
1282 513 1389 535 vocant.
1408 507 1443 536 55
1462 506 1495 534 Ει
1514 514 1599 542 prope
1623 511 1681 534 erat
1704 507 1744 535 Ie-

954 562 1027 587 stum
1040 556 1145 585 Pascha
1165 555 1281 583 multum
1300 553 1486 586 celebratum;
1500 553 1534 580 ab
1546 552 1636 588 ampla
1652 557 1742 579 autem

954 608 1029 632 terra
1046 602 1125 637 1-35
1141 600 1218 628 Mulli
1237 599 1393 627 Iudaeorum
1409 599 1491 626 vicini
1510 598 1563 625 viri
1575 599 1683 626 deserto
1696 597 1746 625 Sa-

953 647 1193 677 crattraclantium
1214 645 1399 674 ascendebant
1421 644 1454 671 ad
1470 644 1565 672 sedilia
1587 643 1743 678 Hierosoly-

953 701 1073 726 morum,
1088 691 1124 720 Ut
1147 694 1212 719 ante
1228 690 1406 727 puriﬁcarent
1422 697 1523 724 corpus
1535 688 1636 717 divinis
1651 689 1746 724 purili-

953 738 1120 771 cationibus,
1134 737 1297 772 Priusquam
1311 735 1427 763 celebris
1439 738 1583 769 appareret
1597 733 1655 761 dies
1670 733 1743 761 festi.

953 785 988 813 56
1005 785 1039 812 Et
1064 784 1142 812 multi
1162 781 1321 818 qua‘rebant
1351 780 1464 809 odorato
1480 779 1508 807 in
1532 779 1633 815 templo
1651 778 1743 807 Iesum

954 831 1109 864 absentem,
1125 829 1326 863 diviniIOquum
1341 835 1349 860 ς
1367 830 1474 855 stantes
1487 833 1552 854 vero
1570 825 1642 853 Inter
1657 833 1686 853 se
1702 825 1744 853 lo-

953 876 1117 912 quebanlur.
1136 875 1209 902 Dixit
1236 878 1328 901 autem
1356 872 1474 908 populus
1490 881 1497 899 :
1513 870 1598 899 Vobis
1617 871 1744 898 conside-

953 912 1077 950 rantibus
1096 921 1162 956 quid
1178 921 1297 952 videtur,
1322 918 1395 954 quod
1421 917 1541 945 transire
1567 916 1626 944 Non
1652 920 1743 952 potest

916 966 937 994 Β
951 967 1034 995 homo
1046 967 1089 993 hic
1102 966 1135 993 ad
1153 973 1247 994 recens
1264 965 1430 992 celebratum
1443 963 1601 991 festum?57
1620 963 1653 989 Et
1667 962 1742 989 habi—

951 1013 1086 1041 tatoribus
1098 1015 1285 1048 praeceperunt
1297 1010 1429 1039 increduli
1443 1009 1594 1047 pontiﬁces.
1611 1007 1642 1035 Et
1654 1012 1742 1036 cmtns

953 1061 1080 1086 versutus
1096 1057 1276 1092 superborum
1292 1055 1506 1087 Pharisaeorum,
1524 1053 1558 1082 Ut
1573 1054 1662 1089 ipsum
1679 1053 1741 1088 qui--

951 1110 1060 1138 cunque
1084 1102 1182 1131 viderit
1198 1110 1246 1139 per
1265 1101 1405 1130 civitatem
1416 1121 1423 1135 ,
1439 1100 1481 1128 vel
1505 1099 1633 1132 audierit,
1648 1099 1740 1126 Multi-

951 1149 1040 1177 tudini
1057 1147 1159 1177 indicet
1182 1147 1342 1175 dolosorum
1361 1145 1629 1177 Μηνίσκοι-οη,οι
1652 1145 1741 1180 ipsum

951 1194 1164 1223 hostilisccetus
1176 1192 1324 1220 interﬁciat
1337 1191 1460 1227 capiens.

1261 1246 1340 1276 CAP.
1366 1245 1425 1274 XII.

987 1306 1000 1333 I
1018 1303 1149 1341 Regionis
1164 1307 1255 1332 autem
1276 1303 1372 1339 amplae
1387 1303 1524 1331 desertam
1538 1306 1640 1330 terram
1657 1302 1741 1329 relin-

951 1361 1038 1390 quens
1052 1352 1133 1380 Iesus
1156 1350 1454 1386 incomprehensibilis,
1472 1354 1634 1378 consuetum
1655 1349 1741 1377 subiit

951 1401 1114 1434 castellum;
1130 1400 1219 1428 Subiit
1239 1398 1410 1433 Bethaniam,
1428 1398 1474 1426 ubi
1500 1397 1634 1427 Lazarum
1658 1405 1741 1433 prope

951 1450 1087 1477 tumulum
1109 1448 1149 1476 Ex
1165 1447 1281 1476 mortuis
1305 1447 1461 1480 suscitavit,
1475 1446 1594 1475 fundens
1619 1446 1739 1473 animam

951 1497 1104 1525 mittentem
1118 1503 1232 1530 sonum;
1248 1494 1339 1523 Subiit
1349 1494 1521 1528 Bethaniam,
1531 1494 1639 1529 quando
1655 1494 1739 1522 vicini

950 1545 1088 1572 habebant
1106 1543 1168 1572 festi
1183 1544 1237 1572 Sex
1255 1543 1347 1571 adhuc
1363 1542 1422 1571 dies
1437 1542 1514 1570 solos
1522 1542 1636 1570 relictos
1653 1542 1738 1570 horae.

911 1601 934 1631 (ι
948 1593 967 1620 2
979 1592 1013 1620 Et
1023 1592 1050 1620 ei
1063 1592 1219 1620 convivium
1230 1591 1423 1624 instruebant;
1439 1591 1527 1619 amico
1540 1594 1630 1618 autem
1647 1591 1739 1618 animo

951 1640 1058 1668 Martha
1086 1639 1352 1668 administrationem
1369 1638 1479 1674 capacis
1497 1637 1613 1666 habebat
1625 1646 1737 1666 mensae.

951 1688 1029 1717 Unus
1044 1692 1135 1716 autem
1150 1692 1210 1716 erat
1227 1687 1414 1716 convictorum
1431 1690 1458 1715 et
1481 1686 1620 1719 Lazarus.
1641 1688 1739 1715 similis

950 1736 1058 1764 somnio
1070 1735 1204 1764 Omnibus
1218 1734 1387 1770 apparens.5
1403 1733 1488 1762 Maria
1501 1739 1592 1762 autem
1604 1736 1736 1770 unguenti

952 1783 1100 1819 fragrantis
1118 1789 1230 1810 sumens
1244 1781 1349 1810 Pistica
1372 1786 1427 1810 tres
1442 1788 1587 1809 mensuras
1603 1783 1737 1810 nominati

952 1838 967 1857 a
987 1830 1083 1863 nardo,
1104 1829 1286 1858 Marmoreum
1302 1829 1429 1865 portabat
1453 1829 1584 1864 repletum
1599 1836 1647 1857 vas
1662 1837 1734 1862 rore.

951 1877 1141 1906 Pulchricoma
1158 1877 1244 1905 Maria
1260 1887 1266 1906 :
1283 1881 1311 1906 et
1332 1876 1504 1904 convivantis
1525 1877 1606 1912 Regis
1624 1876 1736 1906 Divinos

951 1926 1181 1962 unxitunguento
1190 1925 1283 1961 pedes.
1295 1925 1413 1953 Extensa
1421 1928 1511 1952 autem
1521 1923 1666 1953 Humorem
1676 1926 1737 1960 pin-

951 1981 1030 2010 guem
1045 1973 1174 2001 abstersit
1187 1973 1263 2001 molli
1274 1972 1383 2008 capillo.
1392 1971 1494 2000 Natans
1506 1977 1597 2000 autem
1614 1973 1737 2008 implevit

948 2026 1033 2049 totam
1046 2021 1157 2050 domum
1173 2020 1284 2049 divinus
1299 2019 1545 2048 odor.4Etinvido
1560 2027 1608 2048 ore
1617 2020 1737 2048 nectido-

948 2069 993 2098 lus
1002 2068 1172 2104 dixitJudas,
1181 2069 1233 2103 Qui
1243 2069 1359 2105 impuris
1367 2068 1456 2104 ipsum
1467 2067 1632 2096 eratJudmis
1641 2068 1733 2103 prodi-

949 2123 1043 2146 turus:
1057 2118 1074 2146 5
1085 2117 1142 2146 Cur
1151 2118 1282 2146 trecentis
1292 2125 1347 2146 non
1360 2116 1498 2148 venditur,
1508 2117 1549 2143 vel
1557 2116 1648 2151 aliqua
1659 2123 1734 2142 ιιιοιι-

949 2173 1014 2195 sura
1033 2165 1135 2201 Maiore
1153 2165 1329 2194 denariorqu
1349 2165 1401 2193 hoc
1417 2168 1596 2200 unguentum,
1612 2168 1642 2192 ut
1654 2164 1734 2192 detur

708 2242 850 2272 TEXTUS
868 2234 1132 2271 EVANGELTSTE.

144 2300 180 2327 54
201 2300 303 2335 Ἰησοῦς
321 2298 366 2328 οὖν
392 2302 442 2329 οὐκ
470 2301 510 2329 ἔτι
525 2303 667 2339 παρρησίᾳ
683 2302 843 2339 περιεπάτει
865 2303 894 2329 ὲν
911 2303 933 2332 D

109 2343 166 2374 τοῖς
187 2342 334 2375 Ἰουδαίοις,
346 2343 415 2370 ἀλλὰ
431 2343 552 2379 ἀπῆλθεν
565 2345 670 2372 ἐκεῖθεν
688 2346 728 2377 εἰς
740 2344 790 2381 τὴν
802 2344 895 2380 χώραν

110 2385 194 2419 ἐγγὺς
215 2384 266 2419 τῆς
297 2385 412 2420 ἐρήμου,
429 2386 469 2417 είς
494 2386 613 2422 Ἐφρατμ
636 2387 785 2422 λεγομένην
802 2386 893 2413 πόλινυ

110 2427 190 2453 κάκεῖ
206 2425 322 2461 διέτριϐε
336 2426 406 2460 μετὰ
418 2426 473 2454 τῶν
485 2427 613 2462 μαθητῶν
624 2429 717 2456 αὑτοῦ.

144 2468 180 2495 55
193 2466 248 2495 Ἦν
262 2468 290 2495 δὲ
302 2469 385 2504 ἐγγὺς
399 2469 429 2496 τὸ
445 2469 541 2504 Πάσχα
553 2469 607 2496 τῶν
614 2469 763 2497 Ἰουδαίων-
777 2470 824 2498 καὶ
846 2470 894 2497 ἅν-

109 2509 210 2546 έϐησαν
223 2510 315 2537 πολλοὶ
329 2512 369 2542 εἰς
387 2510 560 2547 Ἰεροσόλυμα
576 2512 609 2538 ἐκ
620 2512 670 2548 τῆς
685 2513 776 2548 χώρας
787 2512 841 2548 πρὸ
847 2511 894 2539 τοῦ

109 2552 217 2586 Πάσχα,
231 2552 275 2578 ἵνα
292 2552 440 2586 ἁγνίσωσιν
454 2552 578 2584 ἑαυτούς.

137 2593 172 2620 56
193 2593 321 2628 Ἐζήτουν
334 2591 380 2620 οὖν
394 2594 440 2620 τὸν
457 2594 571 2629 Ἰησοῦν,
585 2595 633 2622 καὶ
646 2594 738 2629 ἔλεγον
748 2594 806 2630 μετ’
817 2593 896 2630 ἀλλή-

108 2633 161 2661 λων
171 2634 200 2660 ὲν
213 2635 251 2670 τῷ
266 2635 330 2670 ἱερῷ
347 2635 507 2671 ἑστηκότες·
522 2636 554 2663 Τί
573 2636 647 2664 δοκεῖ
659 2637 733 2672 ὑμῖν,
752 2637 793 2664 ὅτι
809 2637 839 2664 οὐ
855 2636 894 2673 μὴ

108 2675 173 2712 ἔλθῃ
187 2676 227 2707 είς
242 2675 291 2712 τήν
305 2677 400 2712 ἑορτήν
412 2685 420 2709 ;

145 2718 179 2745 57
195 2718 363 2748 Δεδώκεισαν
387 2719 416 2745 δὲ
443 2719 490 2746 καὶ
505 2720 529 2746 οἱ
551 2719 689 2756 ἀρχιερεῖς
704 2720 751 2747 καὶ
769 2720 795 2747 ol
808 2720 892 2756 Φαρι-

109 2761 179 2787 naz'ut
207 2760 327 2796 ὶντολὴν,
348 2761 390 2788 ἵνα
404 2761 451 2788 ἐάν
473 2771 515 2794 τις
541 2762 597 2798 γνῷ
624 2762 676 2790 ποῦ
690 2762 759 2797 ἔστι,
772 2762 891 2800 μηνύσῃ,

107 2800 179 2835 ὅπως
197 2802 331 2830 πιάσωσιν
346 2802 435 2831 αὐτόν.

984 2343 997 2369 1
1022 2342 1053 2369 '0
1063 2338 1110 2368 οὖν
1126 2340 1230 2376 Ἰησοῦς
1241 2340 1296 2374 πρὸ
1310 2339 1340 2372 ἐξ
1353 2339 1467 2376 ἡμερῶν
1480 2339 1527 2366 τοῦ
1541 2339 1638 2375 Πάσχα
1652 2338 1735 2375 ἦλθεν

947 2385 987 2416 είς
1001 2383 1147 2419 Βηθανίαν,
1159 2383 1226 2410 ὅπου
1240 2379 1275 2417 ἦν
1286 2381 1410 2418 Λάζαρος
1427 2382 1442 2408 ὁ
1453 2381 1602 2418 τεθνηκὼς,
1616 2381 1645 2408 ὅν
1658 2382 1733 2417 ήγει-

949 2433 994 2460 ρεν
1008 2425 1042 2452 ὲκ
1053 2423 1168 2460 νεκρῶν.
1687 2431 1701 2444 κ

982 2466 1001 2493 2
1024 2465 1172 2501 Ἐποίησαν
1187 2461 1236 2492 οὖν
1247 2463 1323 2500 αὐτῷ
1341 2463 1447 2495 δεῖπνον
1460 2464 1528 2496 ἐκεῖ,
1542 2463 1589 2490 καὶ
1605 2465 1622 2500 ή
1633 2464 1733 2500 Μάρθα

946 2508 1084 2544 διηκόνει·
1106 2508 1120 2534 ό
1143 2506 1172 2534 δὲ
1197 2503 1376 2542 Λάζαροςεῐς
1385 2503 1418 2542 ἦν
1429 2504 1485 2532 τῶν
1498 2507 1733 2542 συνανακειμένων

947 2548 1031 2585 αὐτῷ.

982 2591 1000 2618 5
1017 2590 1051 2618 Ἦ
1059 2588 1106 2618 οὖν
1118 2589 1220 2626 Μαρία,
1237 2588 1358 2616 λαϐοῦσα
1369 2588 1463 2624 λίτραν
1479 2587 1566 2624 μύρου
1579 2588 1675 2624 νάρδου
1688 2597 1732 2615 πι-

947 2632 1044 2666 στικῆς
1058 2631 1218 2667 πολυτίμου,
1227 2630 1322 2666 ἧλιιψε
1336 2631 1398 2663 τοὺς
1411 2630 1495 2662 πόδας
1510 2629 1557 2656 τοῦ
1575 2629 1672 2665 Ἰησοῦ,
1685 2631 1732 2657 καὶ

945 2673 1061 2709 ὲξέμαξε
1079 2674 1140 2705 ταῖς
1163 2672 1252 2709 θριξὶν
1271 2672 1356 2708 αὐτῆς
1377 2672 1440 2703 τοὺς
1461 2670 1545 2702 πόδας
1558 2671 1657 2698 αὐτοῦ·
1672 2671 1689 2706 ἡ
1702 2671 1730 2697 δὲ

945 2715 1018 2742 οίκία
1034 2713 1180 2750 ἔπληρώθη
1197 2715 1230 2741 ὲκ
1242 2713 1293 2748 τῆς
1310 2713 1397 2749 ὀσμῆς
1408 2712 1455 2739 τοῦ
1470 2711 1567 2748 μύρου.

980 2756 1091 2790 ᾹΛέγει
1116 2753 1164 2782 οὖν
1186 2753 1227 2787 εἷς
1248 2755 1281 2783 ὲκ
1304 2754 1358 2781 τῶν
1373 2753 1502 2790 μαθητῶν
1519 2752 1612 2783 αὑτοῦ,
1630 2751 1729 2782 Ἰούδας

945 2797 1067 2833 Σίμωνος
1085 2796 1273 2832 Ἰσκαριώτης,
1287 2797 1302 2823 ὁ
1322 2795 1426 2832 μέλλων
1442 2794 1523 2821 αὑτὸν
1539 2791 1726 2833 παραδιδόναι·

982 2838 999 2866 5
1010 2837 1084 2865 Διατί
1097 2837 1174 2864 τοῦτο
1189 2838 1219 2864 τὸ
1237 2838 1321 2874 μύρον
1329 2837 1378 2864 οὐκ
1393 2835 1499 2872 ἐπράθη
1511 2832 1673 2870 τριακοσίων
1683 2832 1727 2867 δη-

947 2879 1056 2916 ναρίων,
1072 2879 1119 2906 καὶ
1138 2879 1216 2911 ἐδόθη
1236 2880 1369 2912 πτωχοίςε
1563 2874 1566 2876 ’
