1953 3040
829 166 934 196 ΝΟΝΝΙ
951 162 1204 193 PANOPOLITANI

1789 152 1847 180 853

209 233 288 270 136
295 232 462 268 Pauperibus
475 230 669 266 indigentibus,
678 232 703 257 et
715 235 768 256 non
780 227 904 263 vertigini
911 226 1004 262 pulve-

1072 223 1136 258 L37
1145 222 1263 256 Πτωχοῖς
1268 219 1444 254 ὄευομένοισι,
1454 217 1501 244 καὶ
1507 215 1537 242 οὐ
1547 213 1726 251 στροφάλιγγι
1737 212 1845 248 κονίηςς

207 279 264 306 ris?
280 279 296 305 ﬁ
314 278 368 307 lloe
377 286 442 306 vero
457 277 502 304 ille
509 277 579 304 dixit
590 275 751 307 nectidolus,
762 281 816 301 non
825 273 897 308 quod
914 271 1002 299 homi-

207 333 273 353 num
289 325 441 360 Pauperum
454 331 547 351 curam
560 323 683 354 haberet,
702 320 836 352 immitis;
853 318 900 347 sed
912 319 1001 346 solum

209 370 282 406 quod
302 369 356 397 Fur
370 373 447 400 erat,
463 376 477 394 a
493 367 713 403 possessionibus
736 368 901 400 superatus:
917 363 1002 390 habe-

211 418 256 445 bat
275 419 365 443 autem
386 415 555 449 marsupium
570 413 599 440 In
618 419 674 448 quo
691 411 806 447 pecunia
828 409 956 444 jacebat;
975 411 1003 435 et

209 467 380 495 quaecunque
401 459 518 492 volebat,
537 457 627 486 loculo
646 456 705 492 Ipse
719 455 817 485 extulit
833 458 926 482 custos
943 459 1002 480 ma-

210 507 263 535 lus.
284 507 299 533 7
313 505 368 533 Sed
385 505 474 541 ipsum
496 510 622 532 sermone
637 502 717 530 Jesus
736 501 879 536 repressit,
899 505 1003 534 suoque

210 552 279 579 dixit
291 551 435 578 homicida:
447 559 455 579 :
468 549 585 578 Feminae
601 549 662 576 sine
676 548 777 575 donum
798 545 955 581 inculpatae,
972 548 1002 572 ut

210 601 300 625 servet
314 596 445 632 Corporis
459 595 546 623 nostri
568 594 768 622 monimentum
779 611 787 622 .
802 592 891 620 donec
913 590 1004 618 veniat

209 642 331 670 Letlialis
346 645 446 670 nostra:
459 641 607 676 sepulturae
621 639 731 667 funesta
748 639 824 666 hora.
838 637 855 665 8
867 636 1004 672 Pauper-es

210 689 283 715 enim
298 688 397 716 adsunt
409 687 507 714 inﬁniti
522 693 630 722 semper
642 685 761 721 prompti
779 683 865 711 Vobis
879 690 1004 718 quaren-

214 735 300 769 tilats;
317 735 422 762 incitati
439 738 530 761 autem
545 733 579 760 ad
595 740 639 760 me
655 732 801 760 videndum
815 729 875 758 Non
895 737 1002 764 semper

210 787 373 818 praesentem
390 782 612 818 deprehendetis.
627 781 643 808 9
654 779 789 808 Credulus
804 782 895 805 autem
911 777 1004 812 Popu-

211 832 254 858 lus
271 830 426 858 Juda‘omm
447 831 507 858 urbi
524 830 630 857 vicinus
647 827 751 854 audivit
767 827 866 853 famam
882 825 1003 852 Auribus

210 880 349 913 voluptate
364 877 478 908 aﬁ‘ectis,
490 877 563 912 quod
577 883 705 903 reversus
723 874 841 902 venisset
857 872 938 900 Jesus
955 871 1000 898 Die

211 925 304 951 viuum
330 925 472 959 vestigium
495 924 599 951 habens
620 922 794 958 peregrinum
817 921 844 948 in
873 923 1006 947 consueto

211 972 335 1004 castello,
347 971 459 998 Martha:
472 971 517 998 ubi
528 971 637 1002 domus,
648 975 675 998 et
686 969 808 996 cucurrit
817 972 905 996 cmtus
916 967 1004 994 viator

211 1018 347 1051 Inﬁnitus,
363 1019 474 1046 aliunde
491 1019 561 1046 alius
575 1025 678 1048 comes.
696 1025 750 1044 non
767 1020 796 1043 ut
807 1016 895 1043 solum
908 1014 1005 1042 Jesum

211 1067 315 1094 videret
337 1068 419 1094 vitam
439 1070 605 1097 servantem,
626 1065 674 1092 sed
693 1069 721 1092 et
737 1065 825 1097 ipsum
851 1062 1005 1094 Lazarum,

212 1123 292 1150 quem
316 1115 441 1143 reducem
468 1114 640 1142 exsuscitans
663 1121 694 1140 ex
721 1112 838 1139 mortuis
860 1109 1003 1137 Viventem

212 1163 354 1195 animavit,
372 1162 488 1190 fundens
506 1162 687 1188 viviﬁcantem
702 1167 809 1187 sonum.
827 1159 860 1185 10
872 1158 905 1185 Ει
920 1157 1005 1185 ἰηνὶᾱὶ

213 1210 362 1245 cupiebant
392 1209 564 1244 impudentes
594 1208 758 1243 pontiﬁces,
783 1207 815 1233 Et
844 1206 1006 1233 furibundus

212 1257 413 1284 Pharisaeorum
428 1261 502 1284 totus
514 1262 613 1288 castus,
631 1260 662 1283 ut.
676 1261 703 1284 et
718 1256 806 1291 ipsum
823 1254 956 1281 Lazarum
973 1253 1007 1280 ad

215 1305 396 1338 caliginosum
410 1311 520 1331 rursum
533 1305 672 1331 mitterent
682 1303 852 1334 barathrum,
865 1301 1004 1328 Reducem

214 1360 247 1380 ex
264 1352 380 1379 mortuis
407 1352 491 1379 altero
507 1350 703 1378 interﬁcientes
717 1350 813 1382 exitio,
829 1349 942 1376 Mortem
958 1349 1006 1376 ad-

214 1400 269 1427 huc
291 1400 439 1434 spirantem
463 1399 592 1434 priorem,
618 1402 646 1425 ut
665 1399 727 1434 quis
751 1399 854 1425 diceret
869 1396 1007 1424 :Lararus

215 1452 331 1475 mortem
350 1447 447 1479 evasit,
466 1451 492 1473 et
514 1454 568 1474 non
585 1446 682 1481 cﬁ'ugit
706 1446 858 1481 pontiﬁces.
881 1446 910 1472 ll
929 1444 1008 1472 Hunc

217 1495 372 1523 interﬁcere
381 1494 538 1530 cogitabant
548 1494 698 1526 insontem,
708 1494 782 1528 quod
795 1496 907 1528 propter
918 1492 1006 1527 ipsum

216 1543 336 1578 Populus
349 1542 505 1569 Judaeorum
520 1541 636 1569 tendens
652 1541 797 1568 admoenia
807 1540 924 1571 castelli,
941 1539 1008 1566 lilio

218 1590 265 1617 Dei
279 1589 416 1622 credebat,
431 1590 531 1616 malum
543 1588 689 1624 depellenti
705 1588 780 1622 Regi.
793 1588 826 1614 12
837 1587 888 1615 Per
902 1594 1008 1615 summa

219 1640 309 1665 nitens
329 1642 419 1665 autem
448 1645 509 1664 cum
535 1642 642 1665 noctem
667 1637 840 1665 tenebrosam
866 1636 1009 1664 divisisset

219 1691 330 1715 aurora,
345 1684 466 1720 Populus
485 1685 531 1720 qui
549 1685 633 1712 vieini
650 1685 767 1712 accessit
784 1684 915 1712 solemnia
935 1683 1008 1716 l‘es‘ti,

220 1730 330 1758 Famam
342 1732 457 1760 audiens
472 1731 545 1767 quod
560 1731 653 1760 divino
669 1739 686 1759 ε
701 1731 814 1759 castello
825 1730 906 1759 Iesus
919 1731 954 1758 ad
965 1738 1011 1758 so-

220 1779 276 1808 lum
282 1783 414 1807 venturus
423 1784 496 1807 esset
504 1779 764 1816 Hierosolymorum,
781 1780 861 1815 133
873 1778 952 1807 Venit
960 1786 1010 1807 oc-

220 1834 350 1860 currens;
369 1828 400 1855 l5
415 1828 450 1855 ab
464 1829 609 1856 arboribus
620 1829 729 1856 consito
738 1832 829 1855 autem
839 1828 920 1855 horto
929 1827 1010 1855 Sum-

221 1875 353 1902 mieomas
369 1876 471 1910 palmas
490 1877 602 1903 nudavit
616 1876 774 1912 corymbis;
794 1875 828 1902 Et
846 1876 947 1904 virides
967 1883 1011 1903 ra-

222 1929 282 1950 mos
302 1923 328 1949 in
345 1930 436 1950 aerem
450 1924 566 1959 populus
579 1924 780 1960 circumagens.
795 1924 869 1954 Bene
883 1930 1012 1960 precante

221 1978 271 1998 ore
296 1971 440 2006 clangebat
465 1979 611 1999 consonam
634 1980 729 2000 vocem
748 1982 754 2000 :
773 1973 1011 2001 Celebrationibus

224 2018 279 2046 Rex
295 2018 377 2046 Israel
392 2019 516 2047 laudatus
530 2020 575 2053 sit,
592 2019 756 2048 immortalis
773 2021 800 2048 in
811 2022 922 2049 neruine
936 2022 1012 2057 prin—

223 2067 292 2101 cipis
308 2067 431 2095 veniens.
450 2067 484 2094 11
500 2067 533 2094 Et
547 2068 661 2095 multum
673 2068 739 2095 hinc
754 2072 782 2096 et
797 2069 861 2097 hinc
877 2069 1012 2097 ramiferze

225 2115 274 2142 \ia:
293 2115 430 2150 Duplicem
446 2115 586 2143 ductorem
602 2116 746 2144 habenset
762 2118 939 2151 posterion
956 2125 1013 2145 cde-

225 2168 282 2189 tum
305 2163 436 2190 viatorem
460 2163 551 2196 Jesus,
576 2163 715 2191 ferebatur
731 2164 850 2191 medium
867 2164 1012 2193 dimetiens

1052 271 1069 297 6
1085 269 1170 296 Τοῦτο
1183 268 1206 295 δ’
1226 268 1327 298 ἐκεῖνος
1345 265 1417 297 ἔλεξε
1434 262 1605 294 δολοπλόκος,
1619 261 1670 296 οὐχ
1683 261 1724 288 ὅτι
1742 259 1845 296 φωτῶν

1058 315 1210 342 ’Λκτεάνων
1223 312 1348 346 ἀλέγιζεν
1362 309 1512 346 ἀμείλιχος,
1531 307 1589 335 ἀλλ’
1601 308 1642 334 ὅτι
1656 305 1752 341 μοῦνον

1053 361 1180 395 κλέπτης
1189 357 1234 394 ἦν,
1247 357 1368 385 κτεάνων
1384 355 1533 390 νικώμενος
1546 362 1552 368 ·
1570 350 1626 388 εἶχε
1636 352 1665 379 δὲ
1679 351 1777 386 κίστην

1053 406 1092 441 Τῇ
1104 403 1145 430 ἔνι
1159 404 1260 440 χαλκὸς
1280 403 1368 430 ἔκειτο
1379 410 1386 419 ·
1397 401 1445 428 καὶ
1457 399 1565 427 ὁππόσα
1577 397 1695 434 βούλετο,
1706 396 1783 432 χηλῷ

1052 451 1137 482 Αὐτὸς
1153 448 1304 485 ἀνηέρταξε
1319 447 1404 482 φύλαξ
1424 446 1518 478 κακός.
1532 445 1547 471 7
1565 443 1668 470 Ἀλλάέ
1683 442 1761 478 μύθῳ

1059 494 1163 530 Ἰησοῦς
1179 493 1322 527 ἀνέκοψεν,
1334 491 1372 527 ιῷ
1385 491 1407 518 δ’
1423 491 1539 526 ἀγόρευε
1552 489 1631 524 φονῆῖ
1642 496 1649 502 ·

1053 540 1210 576 Θηλυτέρης
1224 539 1286 565 λίπε
1301 538 1388 573 δῶρον
1401 535 1553 572 ὰμεμῳέος,
1565 534 1637 570 ὄφρα
1651 533 1755 569 φυλάξῃ

1054 586 1182 621 Σὼματος
1197 583 1332 620 ἡμετέρου
1345 582 1496 618 κειμήλιον,
1506 581 1611 608 είσόκεν
1624 580 1687 615 ἔλθῃ

1053 631 1155 663 Φοίνιος
1171 630 1314 666 ἡμετέρων
1333 629 1452 664 κτερέων
1467 627 1628 663 ἐπιτύμϐιος
1643 625 1713 662 ὥρη.

1054 677 1071 705 8
1084 676 1192 712 Πτωχοὶ
1204 675 1259 711 γὰρ
1272 675 1406 711 παρέασιν
1422 674 1564 709 ἀπείρονες
1583 673 1640 700 αἰὲν
1661 672 1765 707 ἑτοῖμοι

1059 723 1139 758 Ὑμῖν
1154 722 1332 758 διζομένοισιν
1342 730 1349 737 ·
1363 720 1536 756 ἐπειγόμενοι
1545 719 1574 746 δέ
1587 727 1621 753 με
1635 717 1771 749 λεύσσειν,

1055 768 1111 795 Οὐκ
1122 768 1176 795 αἰεὶ
1193 767 1330 802 παρεόντα
1344 766 1481 801 κιχήσετε.
1497 764 1514 792 9
1527 764 1689 795 Πιστότατος
1698 763 1726 790 δὲ

1054 813 1125 845 Λαὺς
1141 812 1274 840 Ἰουδαίων
1284 811 1442 847 ἀγχίπτολις
1456 810 1537 837 ἔκλυε
1552 810 1647 845 φήμης

1055 858 1139 885 Οὗασι
1153 857 1341 893 τερπομένοις,
1357 857 1397 883 ὃτι
1413 856 1539 891 νόστιμος
1549 853 1630 890 ἦλθεν
1648 853 1753 889 Ἰησοῦς

1021 894 1042 921 Β
1059 903 1169 930 Ἔνθεον
1181 903 1253 938 ἴχνος
1269 903 1337 938 ἔχων
1348 902 1491 938 ἐπιδήμιον
1504 901 1584 936 sese
1597 899 1689 936 κώμῃ,

1056 949 1172 985 Μάρθης
1182 949 1283 976 ὁππόθι
1294 948 1382 983 δῶμα,
1396 947 1444 974 καὶ
1459 946 1569 983 ἔτρεχεν
1582 945 1666 981 ἐσμὸς
1679 945 1768 980 ὁδίτης

1058 995 1203 1026 Ἄσπετος,
1214 993 1323 1021 ἄλλοθεν
1340 993 1419 1024 ἄλλος
1436 992 1592 1028 ὁμόστολος,
1610 991 1660 1027 οὐχ
1682 991 1726 1018 ἴνα.
1747 991 1848 1027 μοῦνον

1063 1040 1165 1076 Ἰησοῦν
1177 1039 1291 1066 ἐσίδοιτο
1302 1039 1433 1074 βιοσσόον,
1448 1039 1516 1066 ἀλλὰ
1528 1039 1574 1065 καὶ
1584 1037 1664 1065 αὐτὸν

1057 1086 1193 1122 Λάζαρον,
1208 1085 1238 1112 ὃν
1253 1085 1414 1121 παλίνορσον
1434 1084 1587 1120 ἀναστήσας
1597 1083 1653 1110 ἀπὸ
1670 1082 1776 1118 νεκρῶν

1059 1132 1197 1167 Ἔμπνοον
1210 1131 1344 1166 ἐψύχωσε,
1357 1131 1426 1165 χέων
1436 1129 1563 1164 φυσίζοον
1579 1128 1647 1164 ἠχώ.

1058 1177 1091 1204 10
1107 1177 1160 1203 Καὶ
1173 1176 1299 1212 φθονεροὶ
1317 1176 1456 1211 μενέαινον
1469 1175 1590 1206 ἀναιδέες
1602 1174 1757 1211 ἀρχιερῆες,

1057 1222 1113 1249 Καὶ
1135 1222 1255 1258 ζαμενὴς
1278 1222 1424 1258 Φαρισαῖος
1443 1221 1503 1252 ὅλος
1512 1220 1602 1256 χορὸς,
1616 1220 1688 1256 ὕφρα
1704 1220 1752 1247 καὶ
1763 1219 1849 1247 αὗτὶν

1057 1267 1181 1303 Λάζαρον
1197 1267 1338 1302 ἀχλυόεντι
1354 1266 1435 1293 πάλιν
1451 1266 1579 1302 πέμψωσι
1591 1266 1722 1302 βερέθρῳ,

1057 1313 1192 1348 Νόστιμον
1212 1313 1244 1339 ἐκ
1256 1311 1360 1339 νεκύων
1384 1312 1469 1348 ἑτέρῳ
1481 1312 1630 1343 κτείνοντες
1645 1311 1759 1347 ὀλέθρῳ,

1058 1359 1164 1394 Πότμον
1179 1358 1219 1385 ἔτι
1234 1358 1361 1385 πνείοντα
1375 1358 1548 1392 παλαίτερον,
1563 1357 1634 1393 δφρα
1648 1366 1690 1389 τις
1709 1357 1775 1392 εῐπῃ
1785 1365 1794 1372 ο

1058 1404 1184 1440 Λάζαρος
1194 1401 1265 1430 οἶτον
1280 1403 1369 1436 ἄλυξε,
1384 1404 1431 1430 καὶ
1444 1403 1475 1430 οὐ
1486 1402 1571 1438 φύγεν
1586 1403 1746 1439 ἀρχιερῆας.

1059 1450 1088 1477 11
1109 1449 1209 1476 Τοῦτον
1220 1448 1290 1475 ἑλεῖν
1305 1448 1444 1484 μενέαινον
1457 1448 1587 1480 ἀναίτιον,
1604 1447 1703 1475 amor
1720 1447 1802 1474 αὑτὸν

1058 1495 1129 1527 Λαδς
1145 1495 1281 1522 Ἰουδαίων
1295 1494 1411 1530 μετανεύ
1416 1502 1496 1530 μενος
1507 1493 1579 1520 ἕνδια
1590 1491 1697 1530 κώμης,

1022 1554 1044 1584 c
1059 1539 1137 1566 Παιδί
1152 1538 1220 1565 Θεοῦ
1233 1539 1371 1570 πίστευον,
1383 1537 1535 1574 ἀλεξιμόρῳ
1545 1538 1669 1573 Βασιλῆῖ.

1061 1585 1094 1611 12
1116 1585 1287 1621 Ἀκροφανὴς
1300 1584 1322 1611 δ’
1335 1585 1378 1611 ὅτε
1396 1583 1481 1611 νύκτα
1500 1583 1639 1610 λιπόσκιον
1658 1583 1765 1619 ἔσχισεν
1780 1583 1848 1619 ἠὼς,

1059 1630 1128 1662 Λαὸς
1141 1629 1170 1661 ὃς
1179 1630 1339 1666 ἀγχιπόροιο
1351 1631 1444 1666 μετήῖε
1458 1629 1550 1665 κῶμον
1565 1629 1672 1665 ἑορτῆς,

1058 1675 1153 1711 Φήμης
1170 1675 1317 1706 εἰσαΐοντες
1332 1675 1373 1701 ὅτι
1389 1674 1488 1710 ζαθέης
1506 1674 1560 1701 ἀπὸ
1576 1675 1673 1710 κώμης

1065 1721 1168 1756 Ἰησοῦς
1180 1722 1208 1752 ἐς
1223 1720 1328 1747 ἔδεθλον
1343 1720 1483 1747 ἐλεύσεται
1501 1720 1693 1756 Ἰροσολύμων,

1062 1766 1259 1801 139Ἦλυθον
1272 1766 1431 1798 ἀντιόωντες
1439 1774 1445 1781 ·
1456 1765 1489 1792 15
1509 1765 1712 1801 ἀπέὺδένδροιο
1721 1764 1750 1791 δὲ
1760 1765 1850 1801 κήπου

1066 1811 1247 1846 ’Λκροκόμους
1264 1811 1388 1845 φοίνικας
1410 1810 1603 1846 ἐγυμνώσαντο
1617 1810 1763 1846 κορύμϐων
1772 1819 1780 1826 ·

1060 1856 1115 1882 Καὶ
1134 1855 1260 1890 χλοεροὺς
1273 1856 1400 1890 ὄρπηκας
1416 1856 1444 1887 ἐς
1460 1855 1529 1891 ἠέρα
1548 1855 1610 1887 λαὸς
1624 1855 1750 1888 ἑλίσσων,

1061 1901 1202 1937 Εὑφήμοις
1222 1901 1402 1936 στομάτεσσιν
1419 1900 1551 1935 ἁνέκλαγε
1568 1901 1696 1936 σύνθροον
1708 1900 1766 1937 ἠχώ
1777 1908 1785 1916 ·

1062 1946 1224 1983 Εὖλογίῃσιν
1245 1946 1329 1980 Ἀναξ
1351 1947 1460 1983 Ἰσραὴλ
1476 1947 1581 1979 αἱνετὸς
1592 1947 1672 1980 ἔστω,

1067 1994 1213 2020 ’Λοανατου
1229 1995 1243 2020 ό
1261 1994 1290 2020 ἐν
1310 1994 1439 2029 οὐνόματι
1454 1994 1625 2030 κοσμήτορος
1640 1993 1726 2028 ἥκων.

1062 2040 1159 2067 “Kal
1173 2040 1256 2067 πολὺν
1278 2039 1343 2066 ἔνθα
1355 2039 1402 2066 καὶ
1415 2039 1480 2067 ἔνθα
1492 2039 1707 2076 κορυμϐοφόροιο
1721 2038 1848 2066 κελεύθου

1062 2085 1163 2120 Δίζυγα
1180 2085 1287 2120 πομπὸν
1301 2085 1368 2121 ἔχων
1385 2085 1432 2112 καὶ
1450 2085 1593 2121 ὀπίστερον
1608 2085 1690 2121 ἐσμὸν
1702 2084 1792 2120 ὁδίτην

1069 2130 1183 2165 Ἰησοῦς,
1201 2130 1341 2166 πεφόρητο
1357 2130 1439 2165 μέσον
1453 2130 1635 2166 μετρούμενος
1650 2130 1766 2166 ἀνδρῶν,

1070 2175 1178 2202 ’ἰθύνων
1196 2175 1323 2211 ἀχάλινον
1339 2175 1408 2208 ὖνον,
1425 2175 1573 2211 ταλαεργὸν
1585 2175 1686 2211 ὁδίτην,

223 2211 357 2242 virorum,
370 2210 478 2246 “egens
490 2211 618 2239 eﬁ‘reuem
632 2212 752 2244 asinum,
773 2213 939 2241 laboriosum
955 2215 1007 2242 via~

1072 2220 1213 2255 Ἐζόμενος
1228 2220 1350 2248 νώτοισιν
1363 2210 1522 2258 ἀπειρήτοιο
1541 2221 1654 2257 φορῆος,

224 2263 322 2293 torem,
336 2259 439 2287 Sedens
449 2267 531 2294 super
540 2259 651 2287 dorsum
663 2260 796 2295 inexperti
810 2261 891 2296 bajuli
902 2283 909 2295 ,
930 2262 1012 2292 Isaias

1072 2265 1188 2297 Ἡσαΐας
1202 2265 1286 2301 τόπερ
1300 2263 1376 2292 εἶπεν
1390 2266 1464 2298 ὅπως
1475 2265 1662 2302 πληρούμενον
1674 2265 1717 2301 εἴη
1726 2273 1735 2281 ·

823 2337 964 2369 TEXTUS
989 2340 1255 2371 EVANGELISTAS.

260 2403 277 2431 6
298 2401 366 2430 Εἷπε
382 2402 410 2428 δὲ
431 2401 521 2435 τοῦτο,
539 2402 588 2437 οὐχ
603 2403 644 2430 ὅτι
663 2404 727 2440 περὶ
742 2403 797 2431 τῶν
812 2405 929 2441 πτωχῶν
946 2406 1012 2442 ἔμε-

226 2446 271 2472 λεν
290 2444 374 2479 αὐτῷ,
395 2443 451 2470 ἀλλ’
465 2444 507 2470 ὅτι
522 2444 641 2480 κλέπτης
657 2443 703 2480 ἦν,
714 2446 760 2472 καὶ
773 2447 804 2473 τὸ
820 2447 1012 2484 γλωσσόκομον

226 2485 293 2522 εἶχε,
315 2486 362 2512 καὶ
375 2485 410 2511 τὰ
426 2485 576 2520 βαλλόμενα
589 2485 748 2518 ἐϐάσταζεν.

262 2527 277 2553 7
296 2525 379 2553 Εἶπεν
394 2524 440 2553 οὖν
455 2527 470 2552 ὁ
488 2526 606 2562 Ἰησοῦς·
621 2528 708 2562 Ἀφες
718 2529 804 2564 αὐτήν
815 2537 822 2544 ·
833 2529 874 2561 είς
886 2530 936 2565 τὴν
948 2530 1015 2566 ἠμέ-

229 2577 278 2604 ραν
292 2567 340 2594 τοῦ
355 2567 539 2602 ἐνταφιασμοῦ
556 2576 607 2603 μου
619 2569 768 2605 τετήρηκεν
779 2570 855 2597 ιιὺτό.

262 2609 279 2635 8
294 2609 363 2639 Τοὺς
379 2609 504 2643 πτωχοὺς
520 2608 573 2644 γὰρ
590 2609 705 2637 πάντοτε
725 2611 802 2647 ἔχετε
824 2611 884 2648 μεθ’
899 2612 1016 2646 ἑαυτῶν,

227 2650 279 2685 ἐμὲ
292 2649 320 2676 δὲ
336 2649 364 2675 οὺ
380 2649 495 2676 πάντοτε
515 2650 600 2685 ἔχετε.

263 2690 280 2717 9
296 2690 386 2724 Ἔγνω
403 2688 449 2717 οὖν
464 2691 542 2726 ὄχλος
553 2691 636 2724 πολὺς
650 2692 682 2719 ἐκ
692 2693 746 2720 τῶν
760 2693 893 2721 Ἰουδαίων
903 2695 943 2721 ὅτι
959 2695 1017 2721 ἐκεῖ

231 2733 297 2765 ἐστι,
310 2732 357 2758 καὶ
368 2729 449 2768 ἦλθον
459 2733 490 2760 οὐ
503 2733 546 2760 διὰ
560 2733 607 2760 τὸν
624 2734 727 2769 Ἰησοῦν
741 2735 832 2770 μόνον,
845 2735 902 2762 ἀλλ’
915 2736 958 2764 ἵνα
969 2737 1015 2763 καὶ

228 2772 274 2799 τδν
291 2772 415 2809 Λάζαρον
432 2773 532 2808 ἴδωσιν,
549 2775 580 2801 ὃν
598 2775 709 2811 ἤγειρεν
728 2777 760 2803 ὲκ
777 2778 892 2812 νεκρῶν.

265 2813 299 2840 10
321 2814 529 2842 Ἐϐουλεύσαντο
545 2816 573 2843 δὲ
597 2817 620 2844 οἱ
638 2817 774 2854 ἀρχιερεῖς
795 2818 836 2845 ἵνα
849 2819 896 2846 καὶ
910 2818 953 2846 τὸν
967 2819 1017 2846 Adt-

232 2853 314 2891 ζαρον
331 2855 526 2884 ἀποκτείνωσιν
540 2865 546 2872 ’

1103 2409 1133 2436 il
1153 2410 1213 2436 Ὅτι
1228 2410 1320 2438 πολλοὶ
1343 2411 1376 2438 δι’
1403 2411 1485 2439 αὐτὸν
1499 2412 1604 2447 ὑπῆγον
1627 2412 1681 2439 τῶν
1705 2412 1846 2448 Ἰουδαίων,

1065 2451 1113 2477 καὶ
1131 2452 1271 2479 ἐπίστευον
1287 2453 1327 2485 εἰς
1339 2452 1385 2479 τὸν
1404 2453 1517 2488 Ἰησοῦν.

1102 2502 1138 2529 12
1153 2503 1193 2539 Ἰΐ]
1207 2504 1337 2540 ἐπαύριον
1352 2504 1428 2540 δχλος
1442 2505 1526 2537 πολὺς
1542 2505 1556 2531 ό
1570 2505 1654 2532 ἐλθὼν
1672 2506 1713 2538 είς
1721 2506 1772 2540 τὴν
1788 2507 1845 2542 ἐορ-

1066 2543 1126 2611 inv,
1147 2544 1313 2577 ἀκούσαντες
1328 2546 1369 2572 ὃτι
1385 2545 1495 2582 ἔρχεται
1508 2547 1522 2573 ὁ
1552 2546 1656 2583 Ἰησοῦς
1677 2548 1718 2579 είς
1738 2547 1846 2583 Ὶεροσό·
1860 2562 1862 2565 -

1083 2593 1150 2620 υμα,

1103 2637 1136 2664 15
1158 2636 1274 2664 ’Ἐλαὸον
1299 2637 1334 2664 τὰ
1359 2636 1422 2672 βαΐα
1444 2638 1498 2665 τῶν
1515 2638 1653 2673 φοινίκων,
1673 2638 1721 2666 καὶ
1741 2639 1846 2676 ἐξῆλθον

1067 2677 1106 2709 εἰς
1121 2678 1270 2714 ὑπάντησιν
1287 2679 1370 2714 αὐτῷ,
1389 2680 1436 2706 καὶ
1455 2679 1580 2716 ἔκραζον·
1598 2680 1723 2712 Ὡσαννὰ,
1741 2680 1846 2715 εὐλογη-

1068 2718 1179 2795 ξὶένοςὴζ
1188 2720 1332 2755 ἐρχόμενος
1346 2721 1375 2747 ἐν
1388 2721 1498 2755 ὀνόματι
1511 2721 1624 2757 Κυρίου,
1638 2722 1651 2748 ὁ
1666 2721 1793 2757 βασιλεὺς
1804 2720 1846 2749 τοῦ

1093 2768 1145 2795 σρα
1183 2781 1189 2787 .

1102 2811 1135 2837 14
1159 2810 1253 2846 Εὑρὼν
1264 2811 1291 2838 δὲ
1305 2812 1319 2838 ὁ
1335 2812 1438 2846 Ἰησοῦς
1453 2813 1568 2850 ὀνάριον,
1580 2813 1705 2841 ἐκάθισεν
1719 2814 1761 2841 ἐπ’
1774 2812 1845 2847 αὐτὸ,

1068 2851 1156 2883 καθώς
1170 2853 1228 2879 ἐστι
1242 2854 1443 2889 γεγραμμένον·
