1953 3040
74 159 126 187 853

75 219 110 246 1;”)
127 216 255 253 Μητέρος
269 211 399 252 ὗᾷιλόφου
416 217 546 254 θύγατερ,
564 219 602 255 μὴ
615 219 719 252 δείδιθι,
730 219 810 247 Σιών-

75 264 146 300 Ἤδη
164 263 356 299 ποικιλόδωρος
373 264 459 298 Ἀναε
472 264 533 296 τεὸς
549 266 589 297 εἰς
608 265 638 292 σὲ
658 267 783 302 περήσει,

76 308 170 335 Πῶλον
184 308 254 343 ἔχων
268 310 434 344 ταχὺγουνον
449 309 616 345 ὀπηδεύοντα
634 311 762 348 τεκούσῃ.

76 353 110 381 16
125 353 180 380 Kal.
195 354 230 380 τὰ
245 353 294 389 μὲν
309 354 338 381 οὺ
350 355 498 390 τοπρόσθεν
513 357 722 392 ὲπεφράσσαντο
734 357 864 394 μαθηταί·

83 399 155 426 Ἀλλ’
168 400 213 427 ὅτε
233 400 442 436 παμμεδέουσαν
455 401 503 438 έὴν
515 402 663 430 ἀνεδύσατο
678 403 784 439 μορφὴν

75 445 193 482 Χριστὸς
210 445 304 479 Ἀναξ,
324 446 384 473 τότε
395 447 495 480 πάντες
507 447 693 484 ἁνεμνήσαντο
707 449 839 485 μαθηταὶ,

79 492 157 519 ὐττι
171 494 239 528 σοφῇ
253 492 318 520 τάδε
334 493 424 520 πάντα
445 493 522 521 πέλει
540 495 735 531 κεχαραγμένα
748 495 844 533 βίσλῳ,

78 539 133 566 Καί
151 540 176 566 οἱ
187 539 274 566 ταῦτα
286 540 416 568 τέλεσσαν
426 549 432 555 ·
451 541 482 568 17
498 541 545 576 ἔην
557 541 580 568 δ’
592 542 647 578 ἄρα
663 542 766 579 μάρτυς
780 543 828 579 ίωὴ

76 585 158 612 Λαῶν
174 586 344 620 συμμιγέων,
355 586 400 613 ὅτε
410 587 534 622 Λάζαρον
550 587 639 615 ἔκτοθι
654 587 758 624 τύμϐου

82 630 186 666 Ἰησοῦς
201 631 343 664 ἐκάλεσσε,
356 633 514 668 τεταρταῖον
525 632 553 659 δὲ
567 632 682 660 θανόντα

84 677 132 703 Ἐκ
141 675 246 703 νεκύων
257 677 364 713 ἡγειρε,
379 677 449 713 χέων
462 677 625 713 ψυχοστὸλον
636 678 704 714 ὴχὼ.

78 723 113 750 18
130 719 167 750 Οἶι
186 723 266 759 χάριν
283 723 397 750 ἀντιόων
409 723 492 755 πολὺς
506 723 601 759 έρῤεεν
614 725 697 760 ἑσμὸς
712 725 813 762 ὁδίτης,

74 768 197 804 Χριστὸν
211 768 351 801 ἁνευάζων
367 770 536 802 νεκυοσσόον,
549 769 608 797 υίέα
623 771 715 798 Δαθίδ.

79 814 114 840 19
138 813 275 849 ’Δλλήλοις
287 813 310 839 δ’
326 813 436 849 ὀάριζον
451 814 620 850 ὁμοφραδέες
630 815 786 850 Φαρισαῖοιο

84 860 167 895 Ἦμῖν
184 860 261 886 ποῖον
277 860 369 896 ὄνειαρ
385 860 492 892 ἀέξεται
505 868 513 893 ;
529 860 688 896 ἀμφιλαφὴς
702 861 758 896 γὰρ

79 906 190 941 Κόσμος
209 906 269 938 ὅλος
281 905 453 942 πολύμορφος
466 907 525 938 ἑνὸς
539 906 700 933 κατόπισθεν
715 907 813 940 ὁδεύει,

79 952 136 979 Καὶ
149 952 224 984 δόλος
242 952 347 988 ἡμείων
364 952 551 988 θανατηφόρος
567 952 643 979 οὐδὲν
660 953 760 989 ὀνήσει.

79 998 114 1025 20
128 998 182 1025 Καί
202 1006 274 1030 τινες
295 997 428 1033 Ἑλλήνων
440 997 503 1024 ἕσαν
518 998 626 1034 ἀνέρες,
641 999 666 1025 οἳ
682 1000 743 1026 τότε
758 999 850 1027 πολλοὶ

78 1043 234 1081 Θεσπεσίης
249 1043 389 1071 ἀνέϐαινον
404 1043 587 1079 ὀπιπευτῆρες
597 1044 704 1081 ἑορτῆς.

79 1090 112 1117 21
130 1089 232 1125 Ἰησοῦν
243 1089 265 1116 δ’
280 1089 384 1121 άῖοντες
400 1089 560 1125 ἁειδομένης
573 1090 628 1117 ἀπὸ
646 1091 750 1126 φήμης,

86 1137 241 1173 ’Δγχιμόλῳ
255 1137 413 1173 προσιόντες
425 1137 627 1172 ὲπεφθέγξαντο
639 1138 764 1174 Φιλίππῳ
772 1147 780 1155 ·

80 1184 198 1219 Χριστὸν
215 1184 278 1210 ίδεϊν
292 1183 429 1215 ἐθέλοντες
443 1183 582 1219 ἱκάνομεν.
596 1183 633 1210 22
651 1183 853 1220 Ἑσσύμενοςδὶ

83 1229 164 1265 ιω
179 1229 290 1265 Ἀνδρέᾳ
305 1226 365 1255 εἷπε
380 1229 511 1262 Φίλιππος
519 1229 675 1266 ὁμόπτολις·
688 1230 806 1267 ἡδυεπὴς
817 1231 846 1258 δὲ

88 1275 228 1310 Ἀνδρείας
245 1275 388 1310 ὁμόφοιτος
404 1276 593 1311 ὲπειγομένοιο
603 1275 736 1304 Φιλίππου

83 1319 193 1356 Χριστῷ
211 1320 294 1356 μῦθον
308 1320 408 1352 ἔλεξεν.
426 1321 462 1348 23
479 1321 564 1354 ’Δναξ
586 1321 609 1348 δ’
622 1321 752 1357 ⁴ἠμείϐετο
763 1321 851 1358 μύθῳ·

85 1367 154 1402 Ὠρη
168 1366 216 1393 νῦν
232 1366 310 1402 μόγις
321 1364 402 1401 ἦλθεν
418 1366 463 1393 ὅτε
477 1366 569 1402 σχεδὸν
586 1367 692 1395 ἵσταται
706 1369 783 1405 ἀκμὴ

89 1411 246 1447 Ἀνθρώπου
262 1412 343 1447 σοφὸς
357 1412 420 1444 Υίὸς
433 1413 507 1444 ὃπως
524 1412 675 1449 ὑψούμενος
689 1413 741 1450 εἴη.

82 1456 118 1484 24
136 1457 249 1492 Μάρτυς
260 1458 408 1494 ὲτητυμίης
422 1458 496 1494 ἀμὴν
510 1459 583 1494 ἀμὴν
593 1459 671 1494 λόγος
687 1459 767 1487 ἔστω·

84 1503 193 1535 Κόκκος
205 1503 273 1540 ἐπὴν
288 1504 371 1531 σίτοιο
386 1504 476 1532 πεσὼν
487 1505 534 1532 ἐπὶ
547 1505 720 1542 διψάδιγαίῃ,

84 1550 131 1585 Μή
144 1558 170 1576 τι.
186 1549 265 1586 θάνῃ.
281 1549 342 1576 τότε
358 1550 455 1585 μοῦνος
472 1550 583 1584 ὲτώσιος
596 1552 688 1579 αὐτόθι
701 1552 804 1588 μίμνει,

87 1595 235 1630 ’Λσπορος,
255 1595 410 1630 ἀκρήῖστος,
422 1595 564 1631 ἀνήροτος,
582 1596 706 1632 ἄμμορος
718 1597 820 1633 ἄρτι-[ις’

87 1639 139 1665 Ἦν
149 1638 177 1665 δὲ
188 1638 264 1674 θάνῃ,
285 1638 411 1674 ζείδωρον
426 1639 539 1673 άφειδέα
556 1640 662 1675 καρπὸν
675 1640 758 1673 ἀέξει.

85 1684 122 1711 25
141 1684 236 1719 Ψυχὴν
250 1684 273 1710 δ’
285 1684 314 1715 ὃς
325 1683 411 1718 φιλέει
427 1684 584 1720 μινυώριον,
599 1683 676 1717 οὗτος
689 1685 803 1718 ὀλέσσει,

86 1729 235 1765 Τερψινόου
250 1727 374 1764 μεθέπων
388 1730 537 1765 άπατήλιον
550 1730 646 1757 ἐλπίδα
660 1731 773 1766 κόσμου.

86 1774 185 1810 Ψυχὴν
197 1773 219 1801 δ’
233 1774 262 1806 ὃς
277 1774 395 1809 στυγέει,
411 1776 604 1811 πανακήρατον
625 1775 742 1811 ἔμπεδον
759 1777 842 1812 αὐτὴν

88 1820 136 1850 Ei;
155 1818 246 1855 βιοτὴν
258 1819 355 1851 αίῶνος
368 1819 521 1855 ἀλωφήτοιο
531 1819 672 1854 φυλάσσει.

88 1864 124 1891 26
139 1864 235 1895 Ὅστις
250 1864 311 1900 ἐμοὶ
324 1865 443 1892 πείθοιτο
460 1864 602 1902 διάκτορον
618 1866 697 1901 ἔργον
710 1866 841 1901 ὑφαίνων,

89 1909 191 1936 Τοῦτον
200 1909 266 1945 ἐμὸς
280 1910 395 1946 Γενέτης
408 1910 550 1947 ὑψίθρονος
560 1910 613 1938 οἶδε
623 1911 772 1947 γεραίρειν·

91 1956 186 1989 Ὅστις
197 1956 385 1992 ὑποδρήσειεν,
399 1957 476 1992 ἐμοῖς
496 1957 618 1992 θεσμοῖσι
635 1957 763 1993 πιθήσας,

91 1998 177 2034 Οὗτος
189 2003 371 2038 ὁμαρτήσειεν
384 2003 447 2038 ἐμοὶ
457 2003 504 2030 καὶ
515 2003 659 2039 ὁμόστολος
669 2003 755 2036 ἔσται,

94 2048 186 2083 ὐφρα
206 2047 282 2083 μένοι
297 2048 355 2083 μετ’
370 2048 446 2084 ὲμεῑο
458 2048 597 2084 διάκτορος
609 2048 709 2076 ὁππόθι
725 2049 825 2084 μίμνω·

538 157 782 187 PARAPHRASIS
799 160 834 188 ΙΝ
852 159 1021 188 ιοΑΝΝΕΜ.
1040 158 1162 186 -CAP.
1184 157 1241 186 XII.

1646 162 1701 191 856

877 223 900 251 Α
915 219 988 255 quod
1004 218 1072 246 dixit
1087 222 1117 246 ιιι
1137 218 1314 254 impleretur:
1329 218 1362 246 15
1379 217 1473 246 Matris
1486 219 1610 248 sublimis
1634 219 1698 254 (illa,

914 274 950 294 ne
963 266 1071 298 timeas,
1083 264 1166 298 Sion;
1181 263 1240 292 iam
1253 264 1327 292 varia
1341 264 1411 292 dona
1427 265 1550 300 praebens
1566 265 1621 293 Rex
1635 271 1702 295 tuus

915 311 948 338 ad
966 313 992 338 te
1010 309 1147 342 transibit,
1165 308 1272 336 Pullum
1295 308 1398 336 habens
1420 309 1539 337 velocem
1555 310 1701 345 insequen-

914 360 969 385 tem
981 361 1106 384 matrem.
1123 355 1157 382 16
1175 354 1209 382 Ει
1224 354 1281 382 haec
1300 354 1408 390 quidem
1427 362 1482 382 non
1500 358 1563 383 ante
1577 354 1702 385 censide-

915 418 1014 443 rarunt
1037 413 1164 449 discipuli
1179 421 1186 440 :
1201 411 1255 440 Sed
1280 411 1388 447 quando
1412 412 1534 440 omnium
1559 414 1701 441 rectrieom

915 471 993 494 suam
1007 464 1105 491 iterum
1118 461 1269 497 assumpsit
1286 460 1401 488 formam
1412 461 1539 489 Christus
1555 461 1623 495 Ilex,
1640 467 1705 490 tunc

915 520 1011 541 omnes
1028 510 1165 540 recordati
1189 513 1253 538 sunt
1268 509 1393 545 discipuli
1417 509 1496 543 Quod
1517 509 1633 545 sapienti
1647 510 1705 538 iure

916 561 1008 589 omnia
1031 564 1124 588 essent
1144 559 1251 594 signata
1270 558 1351 590 libro,
1376 557 1408 585 Et
1425 558 1477 594 ipsi
1492 559 1549 587 haec
1565 559 1703 587 fecissent.

918 610 951 637 1'1
975 609 1040 636 Erat
1065 611 1155 636 autem
1178 607 1326 635 testiﬁcans
1348 615 1401 635 vox
1424 607 1521 644 Populi
1546 609 1703 642 commisti,

917 658 1027 694 quando
1043 655 1338 690 Lazarumesepulcro
1360 654 1439 684 Iesus
1461 656 1578 689 vocavit,
1599 657 1705 692 quatri-

916 706 1092 739 duanumque
1104 708 1241 731 mortuum
1256 702 1295 729 Ex
1305 703 1422 731 mortuis
1434 703 1573 738 excitavit,
1589 703 1705 734 fundens

917 754 1023 781 animas
1034 752 1210 780 reducentem
1224 758 1333 778 sonum.
1355 750 1389 778 18
1407 750 1492 786 Cujus
1512 752 1598 787 gratia
1610 760 1707 780 occur-

917 809 982 829 rens
1001 800 1104 829 multus
1119 799 1250 827 conﬂuxit
1263 803 1349 827 cretus
1364 799 1461 832 viator,
1477 799 1616 828 Christum
1633 801 1707 829 cele-

918 849 1002 876 brans
1022 852 1146 875 mortuos
1168 847 1328 878 salvantem,
1351 846 1435 874 filium
1460 847 1555 876 David.
1581 848 1614 876 19
1635 848 1708 876 Inter

881 905 903 934 Β
919 905 948 925 se
959 901 1048 924 autem
1059 895 1241 923 mussitabant
1255 894 1443 923 consultantes
1457 895 1588 924 Pharisaei
1602 906 1608 924 :
1621 896 1705 926 Nobis

919 945 1000 980 quale
1014 943 1228 971 emolumentum
1250 942 1371 970 crescet?
1387 943 1517 978 copiosus
1538 945 1610 972 enim
1630 944 1709 973 Mun-

919 994 971 1022 dus
991 994 1065 1020 totns
1084 991 1177 1018 varius
1190 994 1251 1026 post
1266 998 1350 1018 unum
1365 991 1449 1024 vadit,
1465 991 1497 1019 Et
1517 992 1595 1020 dolus
1614 997 1709 1021 noster

920 1040 1044 1069 mortifer
1062 1039 1130 1067 nihil
1146 1039 1262 1074 juvabit.
1279 1038 1315 1065 20
1334 1038 1368 1066 Et
1391 1039 1502 1074 quidam
1521 1039 1608 1068 Graeci
1630 1044 1709 1068 erant

918 1089 983 1123 viri,
1004 1087 1051 1124 qui
1071 1091 1136 1114 tunc
1149 1086 1260 1122 plurimi
1277 1085 1365 1114 Divini
1378 1088 1561 1116 ascenderunt
1574 1092 1710 1123 spectato-

919 1145 964 1165 res
977 1135 1056 1164 festi.
1073 1134 1106 1162 21
1131 1134 1169 1162 De
1183 1133 1248 1162 Jesu
1267 1133 1409 1162 audientes
1425 1135 1562 1163 celebrata
1576 1143 1611 1163 ex
1625 1135 1709 1169 fama,

919 1185 1078 1220 Propinquo
1095 1183 1256 1210 accedentes
1272 1182 1400 1210 dixerunt
1411 1181 1551 1219 Philippo:
1570 1184 1710 1212 Christum

920 1233 1013 1261 videre
1023 1231 1143 1260 volentes
1155 1230 1289 1259 venimus.
1307 1230 1343 1257 2%
1361 1229 1519 1259 Concitatus
1531 1236 1620 1259 autem
1632 1232 1709 1268 ιιι

921 1278 1037 1309 Διιάινεαι
1043 1279 1111 1307 dixit
1118 1277 1259 1313 Philippus
1266 1281 1472 1312 conterraneus;
1482 1278 1659 1314 suaviloquus
1667 1287 1714 1307 au-

921 1333 977 1358 tem
990 1327 1114 1355 Andreas
1125 1333 1219 1354 comes
1231 1325 1341 1361 impulsi
1353 1325 1469 1361 Philippi
1485 1326 1596 1355 Christo
1607 1335 1714 1356 sermo-

923 1384 985 1406 nem
998 1376 1080 1404 dixit.
1093 1374 1128 1403 25
1147 1373 1205 1402 ilex
1218 1377 1309 1401 autem
1323 1373 1464 1409 respondit
1479 1381 1620 1403 sermone:
1633 1375 1707 1404 Hora

922 1432 997 1452 nunc
1010 1424 1119 1452 tandem
1128 1423 1203 1451 venit
1214 1430 1276 1450 cum
1289 1429 1373 1458 prope
1391 1422 1472 1450 instet
1487 1423 1564 1459 vigor
1584 1425 1712 1454 Hominis

923 1473 1034 1509 sapiens
1047 1471 1133 1500 Filius
1144 1475 1173 1499 ut
1184 1471 1328 1499 exaltetur.
1343 1469 1378 1497 24
1389 1469 1478 1498 Testis
1491 1472 1614 1500 veritatis
1627 1473 1715 1500 Amen

923 1521 1010 1549 Amen
1022 1527 1113 1548 sermo
1134 1518 1324 1547 sit:Granum
1345 1517 1474 1546 frumenti
1495 1519 1596 1547 cadens
1610 1519 1638 1546 in
1654 1519 1716 1548 siti—

887 1575 909 1607 ο
924 1568 1045 1596 bundam
1060 1572 1171 1601 terram,
1185 1566 1244 1595 Nisi
1263 1566 1406 1600 moriatur,
1423 1570 1488 1595 tunc
1502 1567 1591 1595 solum
1612 1575 1713 1596 vanum

927 1617 966 1645 ibi
983 1621 1086 1649 manet,
1105 1616 1166 1644 Non
1188 1616 1362 1648 seminatum,
1386 1615 1491 1648 inutile,
1516 1623 1571 1644 non
1589 1621 1715 1650 aratum,

927 1672 1026 1701 expers
1040 1664 1133 1697 falcis;
1150 1663 1179 1691 Si
1200 1671 1266 1692 vero
1283 1663 1425 1696 moriatur,
1441 1663 1551 1692 vitalem
1568 1664 1718 1700 plurimum

929 1711 1046 1741 fructum
1059 1716 1149 1748 auget.
1166 1711 1202 1740 25
1218 1710 1307 1739 Vitam
1321 1712 1394 1739 enim
1413 1711 1461 1747 qui
1475 1711 1564 1747 diligit
1578 1716 1718 1748 tempora-

929 1761 993 1794 lem,
1007 1761 1052 1788 hic
1064 1759 1168 1796 perdet,
1181 1759 1296 1786 Mentem
1307 1758 1467 1787 delectantis
1477 1759 1581 1788 habens
1591 1760 1716 1788 fallacem

929 1815 1005 1843 spem
1024 1807 1134 1840 mundi;
1156 1807 1281 1834 Animam
1295 1813 1361 1834 vero
1381 1806 1427 1842 qui
1443 1806 1510 1840 odit,
1534 1807 1718 1835 immortalem

932 1856 1037 1883 ﬁrmam
1053 1856 1139 1890 ipsam
1157 1853 1197 1881 Ad
1213 1854 1295 1881 vitam
1312 1854 1361 1881 aevi
1378 1853 1559 1882 indesinentis
1582 1854 1715 1882 custodit.

930 1903 965 1931 26
979 1903 1031 1936 Qui
1046 1903 1111 1929 mihi
1122 1901 1268 1929 crediderit
1279 1901 1433 1929 ministrum
1444 1909 1513 1937 opus
1526 1906 1630 1934 texens,
1642 1902 1722 1931 llunc

932 1959 1010 1979 meus
1023 1951 1103 1978 Pater
1118 1950 1145 1978 in
1158 1950 1215 1977 alto
1227 1950 1325 1978 sedens
1335 1952 1411 1978 novit
1420 1950 1575 1978 honorare:
1589 1950 1640 1983 Qui
1653 1950 1720 1978 sul)-

882 2007 883 2010 ‘
932 1998 1141 2032 ministraverit,
1163 1999 1231 2028 meis
1253 1999 1358 2035 legibus
1378 1999 1505 2032 credens,
1521 1998 1571 2026 Hic
1592 2001 1722 2033 sequetur

932 2056 987 2081 me,
1007 2052 1034 2075 et
1046 2055 1139 2077 comes
1153 2048 1216 2081 erit,
1239 2047 1272 2075 Ut
1287 2051 1396 2075 maneat
1411 2055 1519 2076 mecum
1535 2047 1660 2075 minister
1675 2047 1722 2075 ubi

689 2136 831 2166 TEXTUS
850 2136 1115 2165 EVANGELISTIE.

131 2225 164 2252 15
190 2225 236 2260 Μὴ
248 2224 343 2259 φοϐοῦ,
363 2224 481 2260 θύγατερ
495 2225 572 2252 Σιών·
587 2225 652 2258 ίδοὺ,
664 2226 678 2252 6
695 2225 821 2261 βασιλεύς
836 2233 882 2252 σου
898 2228 921 2256 D
969 2224 1002 2253 21
1024 2222 1104 2253 οὗτοι
1119 2223 1167 2252 νῦν
1184 2225 1336 2261 προσῆλθον
1351 2225 1477 2261 Φιλίππῳ
1488 2225 1528 2261 τῷ
1539 2224 1593 2252 ἀπὸ
1608 2224 1726 2260 Βηθσαϊ-

95 2267 215 2303 ῐρχεται,
233 2266 388 2302 καθήμενος
401 2266 448 2293 ἐπὶ.
462 2266 550 2292 πῶλον
565 2267 639 2294 ὄνου.

132 2315 166 2342 16
185 2314 277 2341 Ταῦτα
295 2314 324 2341 δὲ
345 2315 396 2341 οὐκ
414 2314 536 2348 ἔγνωσαν
560 2315 584 2341 ot
605 2314 724 2351 μαθηταὶ
742 2315 823 2342 αὑτοῦ
843 2324 887 2342 το-

96 2357 214 2392 πρῶτον·
231 2356 287 2382 ἀλλ’
302 2355 346 2382 ὅτε
361 2355 490 2391 ἐδοξάσθη
511 2356 526 2381 6
544 2356 657 2390 Ἰησοῦς,
671 2356 732 2383 τότε
754 2356 887 2393 ἐμνήσθη-

97 2406 147 2425 σαν
162 2399 203 2425 ὅτι
220 2397 306 2424 ταῦτα
324 2395 358 2433 ἦν
378 2396 419 2423 ἐπ’
442 2397 516 2432 αὐτῷ
533 2397 723 2433 γεγραμμένα,
737 2398 783 2425 καὶ
801 2398 885 2425 ταῦτα

97 2441 230 2476 ἐποίησαν
248 2439 331 2475 αὐτῷ.

139 2488 170 2516 Ι7
193 2488 356 2524 Ἐμαρτύρει
376 2486 422 2515 οὖν
439 2489 453 2515 6
471 2487 549 2523 ΰχλος
568 2487 582 2514 ὀ
603 2486 640 2513 ὢν
661 2486 720 2522 μετ’
733 2487 826 2520 αὑτοῦ,
842 2488 886 2515 ὅτε

98 2529 144 2557 τὸν
162 2530 285 2565 Λάζαρον
303 2529 442 2566 ἐφώνησεν
459 2531 491 2556 ὲκ
512 2529 558 2557 τοῦ
573 2529 704 2565 μνημείου
719 2529 766 2556 καὶ
778 2530 887 2567 ἤγειρεν

100 2572 181 2599 αὑτὸν
192 2573 224 2598 ἐκ
238 2571 353 2606 νεκρῶν.

135 2619 171 2648 18
189 2619 238 2646 Διὰ
258 2619 337 2646 τοῦτο
363 2621 411 2647 καὶ
436 2620 589 2656 ὑπήντησεν
613 2619 688 2655 αὐτῷ
705 2620 720 2647 6
738 2619 825 2656 ὄχλος,
842 2620 888 2648 ὅτε

101 2663 201 2697 ἢκουσε
215 2661 294 2687 τοῦτο
309 2661 391 2688 αὑτὸν
407 2661 586 2696 πεποιηκέναι
599 2661 629 2688 τὸ
641 2662 764 2697 σημεῖον.

137 2704 170 2732 19
190 2705 221 2731 Οἱ
235 2702 282 2730 οὖν
291 2704 432 2740 Φαρισαῖοι
447 2701 523 2730 εἷπον
537 2703 604 2738 πρὸς
618 2704 739 2736 ἑαυτούς·
755 2704 889 2739 Θεωρεῖτε

99 2747 143 2774 ὅτι
163 2747 214 2774 οὐκ
232 2746 360 2782 ὠφελεῖτε
380 2745 472 2778 οὐδέν;
489 2746 537 2778 ἴδε,
554 2745 568 2771 ὀ
587 2745 688 2781 κόσμος
708 2746 794 2774 ὀπίσω
807 2745 889 2773 αὑτοῦ

103 2788 236 2823 ἀπῆλθεν.

137 2830 173 2857 '20
190 2828 281 2857 Ἶὶσαν
295 2830 323 2856 δέ
342 2838 413 2862 τινες
431 2829 561 2865 ’Έλληνες
580 2830 612 2858 ὲκ
628 2829 682 2858 τῶν
694 2830 889 2858 ἁναὸαινόντων

106 2870 147 2898 ινα
162 2873 388 2908 προσκυνήσωσιν
401 2873 430 2898 ὲν
443 2873 476 2907 τῇ
491 2872 581 2908 ἑορτῇ·

934 2267 967 2294 δὰ
983 2267 1034 2302 τῆς
1050 2267 1204 2300 Γαλιλαίας,
1220 2267 1268 2294 καὶ
1281 2267 1396 2303 ἠρώτων
1409 2267 1501 2301 αὑτὸν,
1520 2266 1653 2301 λέγοντες
1670 2266 1726 2293 Κύ-

936 2316 987 2345 ριε,
1005 2308 1118 2344 θέλομεν
1135 2308 1180 2335 τὸν
1198 2307 1301 2344 Ἰησοῦν
1317 2308 1392 2335 ίδεῖν.

968 2355 1004 2383 22
1025 2356 1153 2391 Ἔρχεται
1172 2355 1303 2386 Φίλιππος
1319 2356 1366 2382 καὶ
1380 2355 1454 2391 λέγει
1474 2355 1513 2391 τῷ
1538 2355 1659 2391 Ἀνδρέᾳ·
1680 2355 1726 2382 καὶ

935 2397 1015 2425 πάλιν
1036 2397 1163 2432 Ἀνδρέας
1183 2397 1230 2424 καὶ
1242 2397 1374 2430 Φίλιππος
1388 2398 1497 2432 λέγουσι
1512 2396 1550 2432 τῷ
1573 2396 1672 2432 Ἰησοῦ.

969 2445 1004 2472 25
1027 2445 1057 2472 ’0
1070 2445 1098 2472 δὲ
1119 2444 1222 2480 Ἰησοῦς
1236 2444 1403 2480 ἀπεκρίνατο
1418 2445 1510 2478 αὐτοῖς
1531 2445 1629 2479 λέγων·
1647 2444 1726 2480 Ἐλή-

935 2487 1014 2514 λυθεν
1027 2488 1043 2523 ἡ
1055 2486 1114 2522 ὥρα
1127 2487 1170 2513 ἵνα
1183 2486 1298 2522 δοξασθῇ
1313 2488 1327 2514 6
1339 2487 1402 2519 Υίδς
1414 2488 1460 2514 τοῦ
1472 2486 1628 2523 ἀνθρώπου.

970 2535 1006 2563 24
1029 2534 1114 2570 Ἀμὴν
1133 2534 1206 2570 ἀμὴν
1224 2534 1296 2569 λέγω
1314 2535 1389 2570 ὑμῖν,
1410 2535 1457 2563 ὲὰν
1480 2535 1518 2572 μὴ
1532 2536 1547 2562 ὁ
1563 2535 1662 2566 κόκκος
1679 2533 1726 2561 τοῦ

937 2577 1011 2604 σίτου
1028 2576 1119 2603 πεσὼν
1135 2577 1175 2608 εἰς
1191 2575 1240 2612 τὴν
1256 2577 1307 2610 γῆν
1328 2576 1462 2614 ἀποθάνῃ,
1484 2577 1565 2608 αὐτὸς
1588 2577 1668 2613 μόνος
1683 2576 1729 2612 μέ-

935 2628 986 2647 νει·
1007 2618 1055 2646 ὲὰν
1070 2619 1098 2645 δὲ
1115 2618 1247 2653 ἀποθάνῃ,
1263 2619 1347 2645 πολὺν
1361 2618 1467 2654 καρπὸν
1483 2618 1570 2653 φέρει.

971 2661 1007 2689 25
1035 2662 1065 2689 '0
1084 2660 1168 2696 φιλῶν
1192 2661 1242 2697 τὴν
1261 2660 1349 2696 ψυχὴν
1373 2660 1468 2694 αὐτοῦ,
1489 2658 1617 2688 ἀπολέσει
1631 2659 1726 2695 αὐτὴν

938 2705 986 2732 καὶ
1006 2704 1021 2730 6
1041 2703 1128 2739 μισῶν
1148 2703 1198 2738 τὴν
1218 2702 1306 2738 ψυχὴν
1323 2703 1405 2730 αὑτοῦ
1419 2704 1449 2730 ὲν
1463 2702 1501 2738 τῷ
1520 2705 1615 2738 κόσμῳ
1629 2699 1727 2735 τούτῳ,

938 2746 979 2778 είς
995 2745 1067 2780 ζωὴν
1080 2744 1189 2771 αίώνιον
1202 2743 1314 2778 φυλάξει
1325 2744 1422 2780 αὑτήν.

973 2786 1008 2814 26
1033 2779 1097 2813 Ἐὰν
1112 2786 1173 2821 ἐμοὶ
1194 2785 1303 2821 διακονῇ
1319 2793 1371 2818 τις,
1389 2785 1452 2821 ἐμοὶ
1471 2781 1660 2812 ἀκολουθείεωε
1681 2779 1728 2806 καὶ

938 2829 1005 2855 ὅπου
1024 2828 1082 2863 είμὶ
1099 2820 1164 2862 ἐγὼ,
1179 2828 1238 2855 ἐκεῖ
1250 2827 1297 2854 καὶ
1310 2827 1325 2856 ὁ
1337 2820 1460 2858 διάκονος
1472 2827 1485 2853 ό
1499 2825 1565 2861 ἐμὸς
1583 2823 1668 2850 ἔσται·
1681 2820 1728 2848 καὶ

940 2870 987 2898 ἐὰν
998 2878 1039 2902 τις
1052 2870 1113 2905 ἐμοὶ
1127 2870 1251 2905 διακονῇ,
1266 2869 1377 2905 τιμήσει
1391 2867 1470 2897 αὑτὸν
1485 2868 1499 2894 ὀ
1516 2864 1621 2899 Πατήρ.
