1953 3040
88 149 141 178 85³1

86 209 173 240 υῠτις
186 208 258 244 ἀνὴρ
276 208 420 235 πίστευεν·
440 209 475 237 58
487 209 562 242 ὅπως
579 211 769 248 πληρούμενον
786 213 829 250 εἴη

95 254 212 286 Ἡσαΐας
224 254 309 290 τόπερ
320 251 476 291 εἷπε,νχέων
489 255 662 292 πρωτόθροον
676 257 779 294 ὀμφήν

90 301 222 337 Κοίρανε,
236 301 279 333 τίς
297 301 367 336 μετὰ
380 302 465 329 τόσσα
481 304 530 339 τεῇ
545 303 693 332 πίστευσεν
709 305 816 341 ἀκουῇς

92 346 129 372 Ἢ
142 346 194 373 τίνι
207 347 379 382 παγγενέταο
392 347 459 375 Θεοῦ
471 349 610 385 γυμνοῦτο
625 350 762 387 βραχίων;

89 392 126 420 59
140 389 179 420 Οὔ
195 394 276 430 χάριν
289 394 340 421 οὑκ
351 394 478 422 ἐδύναντο
485 395 597 424 θεουδέα
607 397 699 425 πίστιν
714 398 816 432 ἀέξειν

91 434 172 465 Ὀττι
189 439 237 465 καὶ
255 439 369 473 Ἡσαΐας
383 440 465 468 πάλιν
477 441 572 469 ἔννεπε
592 442 699 471 θέσπιδι
712 445 799 480 φωνῇ·

92 485 176 522 144
194 485 229 515 40
255 486 429 522 Ὄφθαλμοὺς
451 487 575 516 ἀλάωσεν
595 489 671 525 ἐμῶν
697 490 888 526 ἐπιμάρτυρας

752 537 852 569 ἔργων,

753 537 764 555 ιι

91 578 148 606 Καὶ
158 578 219 606 νόον
234 578 407 606 ίθυκέλευθον
423 579 542 614 ἐθήκατο
552 581 652 615 τυφλὸν
668 535 802 618 ἀλήτίινῗγ

92 624 140 658 Μὴ
153 624 251 659 κραδίῃ
266 624 372 658 νοέωσι,
387 625 434 651 καὶ
448 625 613 661 ἀθρήσουσιν
623 627 760 660 όπωπαϊς,

92 670 148 696 Καί
167 679 212 706 μοι
225 670 427 706 ὑποστρέψωσι,
443 671 607 704 νοοὸλαόἐας
624 672 652 699 δέ
665 672 764 700 σαώσω

93 716 212 752 Ἀνδρας
227 716 431 752 ἀλιτραίνοντας
443 717 503 753 ἐμῷ
517 719 627 754 παιήονι
644 719 732 754 μύθῳ,

98 762 190 798 Ἰητὴρ
207 762 334 798 ἀσίδηρος
349 763 484 799 ἐχέφρονα
506 764 640 799 φάρμακα
659 765 782 793 πάσσων.

91 807 124 834 ﬂ
153 808 266 840 Ἦσαῖας
277 809 340 836 τάδε
352 810 442 837 πάντα
457 810 613 846 κατέγραφε
629 811 735 839 θέσπιδι
748 812 835 848 φωνῇ,

91 854 173 881 Ὀττι
186 854 254 881 Θεοῦ
271 855 402 891 Χριστοῖο
417 856 554 892 προώρισν
573 857 672 893 ἔδρακε
689 859 772 894 τιμὴν

97 900 247 936 Ὀφθαλμῷ
262 902 378 938 κραδίης
391 903 548 939 πανδερκέῖ,
567 904 614 930 καὶ
626 905 706 940 χάριν
718 903 801 931 αὑτοῦ

97 947 265 983 Ἐσσομένην
290 948 473 983 προκέλευθον
485 949 629 981 ἐθέσπιζεν
646 949 739 976 ἔνθεον
753 949 853 985 ὀμφήν.

91 994 128 1020 42
151 994 263 1029 Ἐμπης
281 994 418 1027 ἀπλανέες
430 995 503 1027 τινὲς
513 996 610 1032 ἀνέρες
626 995 715 1031 ἴδμονι
730 997 793 1032 σιγῇ

97 1039 184 1075 Ἀρχὴ
206 1040 351 1073 Ἰουδαίων,
366 1040 517 1077 ὑψαύχενος
532 1041 644 1077 όμματα
658 1041 766 1076 βουλῆς,

91 1084 174 1111 Παιδὶ
187 1084 255 1111 Θεοῦ
273 1085 398 1113 πείθοντο
416 1085 569 1122 θεηγενέων
587 1086 667 1122 χάριν
684 1086 784 1122 ἔργων’

97 1130 180 1157 Ἀλλὰ
197 1131 279 1165 φόϐον
295 1131 341 1158 καὶ
355 1131 436 1168 ζῆλον
450 1131 614 1164 ἀλυσκάζων
628 1133 785 1167 Φαρισαίων

97 1177 238 1212 Ἀμφαδὺν
255 1177 329 1210 οῠτις
344 1177 444 1214 ἔφηνεν
459 1178 503 1206 ἑὸν
515 1178 585 1205 νόον·
601 1178 741 1214 αἱδομένου
756 1178 785 1205 δὲ

98 1222 262 1258 Ἐνδόμυχος
277 1224 338 1251 τότε
357 1224 450 1256 πίστις
463 1224 515 1251 ὑπὸ
527 1224 614 1260 φρένα
627 1224 715 1258 φωτὸς
732 1223 860 1257 ἑκάστου,

99 1269 255 1305 Ἀπροῖδὴς.
272 1269 388 1305 ἀόόητος
402 1270 530 1297 ἐκεύθετο
546 1270 649 1306 φωλάδι
668 1271 742 1306 σιγῇ.

92 1315 128 1342 43
142 1316 201 1348 Πᾶς
225 1316 280 1352 γὰρ
297 1316 369 1353 ἀνὴρ
398 1316 565 1353 προὸἐὸουλε
591 1317 781 1354 χαμαιγενέων
809 1318 891 1353 χάριν

734 1361 854 1399 [ἀνδρῶν

93 1410 129 1436 Ἢ
149 1408 267 1445 μεγάλου
284 1409 392 1445 μούνοιο
410 1409 479 1436 Θεοῦ
497 1409 673 1445 πολυφεγγέα
684 1410 780 1445 τιμήν.

92 1455 129 1483 44
154 1455 258 1491 Ἰησοῦς
268 1455 290 1482 δ’
302 1455 398 1491 ίάχησε
413 1455 531 1488 θυώδεος
545 1455 632 1483 ἔνδοθι
647 1455 725 1491 νηοῦ·

94 1503 191 1534 Ὅστις
205 1502 279 1537 ἐμῶν
294 1502 396 1535 δέξοιτο
411 1503 582 1539 θεοφραδέων
595 1502 673 1538 στίχα
690 1502 792 1538 μύθων·

94 1548 142 1580 Εἰς
154 1548 204 1584 ἐμὲ
220 1548 356 1576 πιστεύων
369 1545 551 1581 οὐπείθεται,
566 1548 635 1575 ἀλλὰ
650 1548 736 1584 Τοκῆῖ

95 1595 192 1627 Ὅστις
202 1594 253 1630 ἐμὲ
266 1594 396 1631 προέηκε.
412 1594 448 1622 45
463 1594 520 1621 Καὶ
534 1594 716 1631 άνδρομέῃσιν
729 1595 856 1627 όπωπαῖς

94 1640 155 1672 Πᾶς
165 1639 217 1675 ἐμὲ
231 1640 400 1672 παπταίνων,
418 1639 466 1666 καὶ
482 1639 549 1675 ἐμὸν
561 1639 700 1675 Γενετῆρα
711 1639 828 1668 δοκεύει.

94 1686 131 1714 40
150 1685 302 1721 Οὐρανόθεν
321 1685 389 1720 φάος
402 1683 484 1721 ἦλθον
497 1684 552 1719 ἐγὼ
569 1685 731 1720 λιποφεγγὲἳ
748 1685 854 1722 κόσμῳ·

96 1731 251 1768 Οὐρανόθεν
265 1731 333 1766 φάος
348 1730 440 1767 ἦλθον,
456 1731 500 1758 ἵνα
516 1731 611 1767 βροτός
623 1731 654 1763 ὅς
672 1740 707 1767 με
724 1732 855 1768 γεραίρῃ,

96 1778 193 1804 [Ιίστιν
210 1777 279 1813 ἔχων
297 1777 452 1809 ἁτίνακτον,
470 1777 500 1804 ὲν
519 1776 598 1812 ἀχλύῖ
614 1777 720 1813 μήποτε
740 1778 836 1814 μίμνῃ.

96 1825 130 1852 4⁵1
151 1824 247 1855 Ὅστις
266 1823 341 1858 ἐμῶν
353 1823 456 1855 δέξοιτο
468 1822 600 1850 θεόσσυτα
611 1822 738 1858 χεύματα
753 1822 858 1858 μύθων,

98 1870 153 1898 Καὶ
171 1870 209 1905 μὴ
229 1869 374 1905 ἀσυλήτοιο
386 1869 447 1896 νόου
461 1868 599 1905 σφρηγῖδα
614 1868 732 1904 φυλάξῃ,

97 1917 135 1944 0-3
150 1916 236 1952 κρίνω
247 1916 312 1943 ποτὲ
325 1915 418 1943 τοῦτον
435 1914 491 1949 ἐγὼ
511 1914 616 1950 βροτόν·
635 1914 665 1941 οὐ
686 1914 740 1950 γὰρ
757 1913 842 1943 ἱκάνω

98 1964 209 1999 Κόσμον
223 1963 268 1990 ἵνα
284 1961 405 1998 κρίνοιμι
422 1960 603 1994 πολύπλανον,
620 1960 690 1988 ἀλλὰ
708 1960 822 1988 σαῶσαι.

98 2008 134 2036 48
151 2008 200 2041 ’ος
220 2016 253 2044 με
269 2006 484 2045 παραγράψαιτο
495 2007 543 2034 καὶ
555 2005 695 2042 ἡμετέρης
710 2005 814 2042 θρασὺς
825 2006 896 2043 ἀνὴρ

101 2055 230 2090 Ι*Εμιιτνοα
244 2053 282 2090 μὴ
296 2053 402 2086 δέξαιτο
416 2053 527 2089 βιοσσόα
540 2053 667 2089 χεύματα
685 2052 789 2088 φωνῆς,

99 2098 185 2133 Οὗτος
204 2100 261 2136 ἔχει
279 2101 409 2136 κρίνοντα
421 2099 595 2127 δικασπόλον·
610 2099 747 2136 ἡμέτερος
760 2099 815 2136 γὰρ

201 2148 249 2175 Ὃν
261 2146 349 2174 λαλέω
359 2146 448 2182 λόγος,
463 2142 543 2179 οὗτος
550 2144 667 2173 ἀπειθέα
681 2144 777 2173 τοῦτον
791 2144 897 2180 ἐλέγξει

553 150 798 182 PARAPHRASIS
816 152 850 182 IN
868 154 1040 184 JOANNEM.
1059 171 1094 177 —
1113 157 1190 185 CAP.
1214 156 1273 184 XII.

1683 161 1735 189 858

902 220 926 246 Α
939 215 1014 243 tibus
1025 223 1117 243 coram
1130 221 1208 244 extra
1219 215 1333 248 famam,
1347 214 1444 245 Nullus
1455 217 1496 244 vir
1509 217 1624 245 credidit
1636 227 1642 251 ;
1655 218 1689 245 38
1704 217 1734 239 ιιι

941 262 1102 297 impleretur
1124 263 1212 290 lsaias
1234 262 1308 298 quod
1337 263 1416 297 dixit,
1447 263 1575 292 fundenm
1598 265 1733 301 propheti-

940 314 1001 335 cam
1020 315 1115 336 vocem
1130 316 1137 335 :
1152 306 1280 341 Domine,
1298 309 1361 344 quis
1384 312 1446 344 post
1475 313 1551 337 tanta
1571 314 1618 337 tuo
1648 311 1734 339 credi-

941 352 983 380 dit
1008 352 1137 380 auditui?
1158 352 1207 381 Vel
1230 353 1275 381 cui
1299 354 1422 381 omnium
1458 354 1590 389 genitoris
1613 354 1661 383 Dei
1685 364 1735 382 nu-

940 399 1035 427 datum
1057 403 1100 427 est
1119 399 1280 426 brachium?
1296 400 1331 427 59
1347 399 1461 435 Propter
1475 400 1549 435 quod
1568 408 1623 428 non
1641 406 1732 436 potue-

940 448 1006 472 runt
1040 445 1197 481 religiosam
1228 445 1308 474 ﬁdem
1333 453 1450 482 angere;
1487 447 1557 480 Quia
1590 451 1618 474 et
1652 446 1737 475 Isaias

941 498 1040 519 rursus
1071 491 1138 519 dixit
1166 491 1326 527 prophetica
1348 499 1416 520 voce
1442 501 1449 519 :
1478 492 1557 528 145
1577 491 1613 519 40
1637 491 1737 520 Oculos

941 537 1092 566 obcaacavit
1105 546 1229 566 meorum
1242 542 1326 567 testes
1344 546 1468 574 operum,
1484 538 1516 566 Et
1532 542 1650 566 mentem
1676 545 1736 566 ι·εέ-

941 583 1075 620 tigradam
1101 584 1165 612 iecit
1182 591 1281 612 caecam
1307 584 1509 618 errabundum;
1530 583 1570 612 Ne
1589 585 1672 612 corde
1696 585 1738 612 in-

942 630 1077 666 telligant,
1099 636 1127 658 et
1156 631 1268 658 videant
1294 631 1393 664 oculis,
1421 629 1455 658 Et
1487 630 1521 658 ad
1552 638 1595 659 me
1622 638 1738 658 conver-

942 678 1054 708 tantur,
1085 680 1176 704 mente
1203 680 1295 704 autem
1319 676 1400 704 laesos
1430 683 1539 704 servem
1566 674 1648 705 Viros
1671 683 1736 711 pec-

943 724 1039 749 cantes
1068 729 1130 749 meo
1152 726 1269 750 sanante
1297 722 1393 755 verbo,
1425 721 1548 750 Medicus
1576 722 1636 750 sine
1663 721 1737 750 ferro

942 767 1136 795 convenientia
1165 767 1366 796 medicamenta
1397 768 1570 804 inspergens.
1595 769 1627 796 41
1651 769 1737 796 lsaias

943 812 1002 840 haec
1031 813 1123 840 omnia
1151 813 1318 848 conscripsit
1343 813 1457 841 fatidica
1483 821 1568 846 voce,
1594 812 1663 847 Quia
1689 813 1738 841 Dei

943 857 1045 886 Christi
1059 863 1166 894 tempus
1177 864 1414 894 praeoccupantem
1429 859 1498 887 vidit
1510 859 1637 895 gloriam,
1651 859 1739 888 Oculo

905 900 928 930 B
942 903 1034 931 cordis
1042 903 1134 931 omnia
1142 903 1262 938 vidente,
1276 909 1302 932 et
1310 909 1421 939 propter
1430 904 1518 939 ipsum
1527 903 1657 932 Futuram
1667 912 1737 940 prae-

941 954 1098 978 currentem
1106 950 1272 978 vaticinatus
1285 954 1327 978 est
1345 950 1465 978 divinam
1475 958 1581 978 vocem.
1592 950 1735 977 tﬂTameu

942 994 1014 1022 ﬁrmi
1042 994 1156 1030 quidam
1172 994 1225 1022 viri
1242 994 1343 1023 scienti
1368 995 1477 1022 silentio
1494 993 1667 1029 Principatus
1689 992 1737 1020 Ju-

942 1039 1078 1074 daeorum,
1101 1041 1214 1076 superbi
1231 1041 1303 1068 oculi
1323 1039 1445 1072 consilii,
1462 1039 1531 1067 Filio
1550 1039 1596 1066 Dci
1613 1038 1738 1066 credide-

941 1091 1008 1114 runt
1033 1086 1127 1114 divina
1152 1090 1264 1123 propter
1288 1094 1390 1123 opera;
1411 1086 1465 1114 Sed
1489 1090 1591 1113 metum
1608 1089 1635 1112 et
1649 1085 1736 1112 zelum

942 1133 1035 1162 vitans
1059 1133 1275 1167 Pharisaeorum,
1302 1133 1404 1169 Aperte
1430 1132 1524 1160 nullus
1552 1129 1738 1158 manifestavit

942 1187 1021 1208 mm
1039 1183 1178 1213 mentem;
1197 1179 1349 1207 reverentis
1364 1182 1455 1206 autem
1471 1178 1548 1205 Intus
1568 1177 1655 1204 latens
1673 1180 1738 1203 tunc

942 1226 1011 1254 ﬁdes
1036 1226 1089 1254 sub
1116 1225 1277 1261 pracordiis
1312 1225 1364 1252 viri
1395 1223 1543 1258 cujuslibet
1574 1221 1737 1257 lmprovisa,

943 1272 1028 1300 tacita
1041 1271 1233 1300 occultabatur
1244 1271 1356 1298 condito
1371 1270 1492 1298 silentio.
1505 1269 1542 1296 45
1553 1268 1650 1296 Omnis
1665 1267 1738 1295 enim

940 1321 982 1349 vir
1008 1320 1173 1356 praeoptavit
1202 1319 1436 1354 humigenitorum
1464 1317 1580 1353 gratiam
1607 1316 1738 1347 virorum.

942 1369 1030 1403 Quam
1057 1368 1150 1404 magni
1168 1368 1255 1395 solius
1271 1367 1321 1396 Dei
1337 1367 1453 1394 multmn
1475 1365 1662 1401 splendentem
1689 1363 1740 1391 llo-

941 1424 1048 1445 norem.
1071 1416 1106 1444 44
1123 1415 1204 1444 Jesus
1221 1420 1312 1444 autem
1332 1414 1424 1443 sonuit
1442 1414 1558 1441 odorato
1573 1415 1601 1441 in
1617 1410 1717 1447 templo
1731 1420 1738 1440 :

941 1465 994 1499 Qui
1027 1472 1152 1493 meorum
1187 1464 1324 1500 receperit
1358 1463 1592 1497 diviuiloquorum
1624 1460 1738 1489 ordines

942 1514 1101 1547 verborum,
1117 1513 1147 1541 lu
1164 1521 1208 1541 me
1223 1513 1340 1541 credens
1361 1519 1416 1539 uon
1441 1511 1566 1543 conﬁdit,
1592 1508 1639 1537 sed
1663 1508 1737 1536 Patri

903 1570 927 1602 (ζ
943 1563 997 1596 Qui
1010 1571 1054 1591 me
1069 1562 1212 1598 praemisit.
1229 1561 1266 1589 45
1281 1560 1315 1588 Ει
1332 1559 1463 1588 humanis
1479 1558 1568 1586 oculis
1587 1556 1682 1584 Omnis
1695 1564 1738 1584 me

939 1612 1047 1644 videns,
1063 1615 1090 1639 et
1104 1618 1193 1639 meum
1210 1610 1319 1637 Patrem
1334 1609 1418 1637 videt.
1434 1607 1469 1634 46
1482 1606 1597 1634 leitus
1618 1605 1663 1632 lux
1677 1606 1739 1632 vcni

941 1667 993 1696 ego
1009 1659 1161 1695 caliginoso
1184 1658 1299 1691 mundo,
1321 1655 1440 1684 Ccclitus
1460 1655 1505 1683 lux
1522 1654 1596 1687 veni,
1611 1659 1641 1681 ut
1658 1653 1740 1681 homo

942 1709 989 1745 qui
1009 1698 1054 1736 me
1075 1706 1265 1740 bonoraverit,
1289 1704 1384 1733 Fidem
1409 1704 1514 1731 habens
1538 1703 1691 1734 immotam,
1712 1701 1740 1728 in

941 1756 1059 1793 caligine
1080 1762 1222 1790 nunquam
1239 1757 1361 1781 maneat.
1384 1752 1418 1780 47
1436 1751 1600 1786 Quicunque
1614 1756 1739 1778 meorum

943 1804 1095 1839 susceperit
1116 1811 1132 1831 a
1153 1802 1210 1830 Deo
1235 1801 1369 1837 impulsos
1394 1801 1485 1828 ﬂuxus
1512 1806 1681 1830 sermonum,
1708 1797 1740 1824 Et

943 1852 1081 1881 inviolatae
1105 1852 1207 1880 mentis
1230 1850 1349 1886 sigillum
1375 1847 1538 1880 servaverit,
1563 1847 1620 1875 Non
1644 1845 1740 1881 judico

944 1908 1067 1937 unquam
1081 1900 1154 1928 hunc
1169 1906 1220 1935 ego
1234 1898 1390 1931 hominem;
1408 1904 1463 1924 non
1481 1895 1554 1923 enim
1571 1894 1652 1922 venio
1665 1893 1740 1920 Mun-

944 1949 1009 1978 dum
1032 1952 1064 1977 ut
1085 1939 1207 1985 iudicem
1229 1947 1346 1975 multum
1371 1951 1521 1978 errantem,
1548 1944 1596 1973 sed
1617 1951 1738 1973 servare.

945 1998 982 2027 48
997 1998 1050 2032 Qui
1074 2005 1119 2027 me
1146 1996 1285 2033 rejecerit,
1309 1998 1338 2023 et
1361 1999 1464 2023 nostrze
1488 1993 1579 2021 audax
1596 1993 1638 2020 vir
1653 1991 1737 2019 Yivos

945 2055 1001 2075 non
1023 2046 1158 2082 receperit
1183 2045 1269 2074 vitam
1296 2048 1439 2072 servantes
1463 2043 1553 2070 ﬂuxus
1578 2041 1662 2074 vocis,
1690 2040 1741 2068 llic

946 2097 1029 2125 habet
1056 2095 1226 2132 iudicantem
1253 2093 1396 2130 iudicem;
1433 2096 1529 2121 uester
1557 2091 1630 2120 enim
1661 2090 1739 2126 147

946 2144 1034 2178 Quem
1056 2145 1155 2181 loquor
1178 2151 1281 2176 sermo,
1298 2143 1343 2171 hic
1358 2141 1531 2171 incredulum
1550 2141 1623 2168 hunc
1646 2139 1739 2167 redar—

702 2244 846 2274 TEXTUS
864 2243 1133 2274 EVANGELISTE.

135 2344 170 2372 98
189 2343 249 2370 Ἵνα
266 2343 281 2370 6
297 2341 376 2380 λόγος
396 2342 509 2369 Ἦσαῖου
527 2342 576 2369 τοῦ
591 2342 732 2379 προφήτου
751 2336 900 2379 πληρωθῇ,

99 2387 129 2414 δν
143 2385 214 2413 εἶπε·
232 2384 331 2421 Κύριε,
348 2384 390 2416 τίς
408 2384 552 2412 ἐπίστευσε
572 2386 605 2421 τῇ
620 2384 689 2421 ἀκοῇ
705 2384 795 2421 ἡμῶν,
815 2384 863 2412 καὶ
880 2384 895 2411 6

102 2427 223 2465 βραχίων
235 2425 339 2462 Κυρίου
356 2426 410 2454 τίνι
423 2425 621 2461 ἀπεκαλύφθη;

136 2470 171 2498 59
189 2468 239 2496 Διὰ
250 2467 331 2496 τοῦτο
344 2467 395 2494 οὐκ
407 2467 539 2503 ἠδύναντο
551 2465 698 2501 πιστεύειν,
710 2467 752 2495 ὅτι
765 2466 847 2496 πάλιν
857 2464 896 2494 εῖ-

103 2521 152 2540 πεν
174 2510 298 2542 Ἡσαΐας·

136 2554 172 2581 4ο
190 2551 371 2586 Τετύφλωκεν
381 2550 471 2578 αὐτῶν
482 2550 546 2583 τοὺς
560 2550 726 2586 ὀφθαλμοὺς,
740 2550 787 2577 καὶ
802 2550 895 2577 aee-mb-

104 2603 192 2632 ρωκεν
207 2593 298 2621 αὐτῶν
316 2592 366 2629 τὴν
382 2592 505 2628 καρδίαν·
522 2592 566 2620 ῐνα
581 2591 619 2628 μὴ
634 2592 710 2619 ῐδωσι
724 2592 781 2623 τοῖς
794 2590 894 2626 ὀφθαλ-

105 2631 176 2673 μοῖς,
196 2636 244 2663 καὶ
262 2635 380 2671 νοήσωσι
396 2635 431 2670 τῇ
447 2633 556 2670 καρδίᾳ,
571 2634 619 2661 καὶ
631 2633 831 2669 ὲπιστραφῶσι,
848 2631 896 2660 καὶ

105 2680 226 2714 ίάσωμαι
240 2676 349 2709 αὐτούς.

138 2721 169 2748 41
192 2718 288 2747 Ταῦτα
304 2717 381 2745 εἶπεν
402 2717 516 2750 Ἡσαΐας
529 2717 573 2744 ὅτε
587 2714 641 2744 εἶδε
657 2717 707 2753 τὴν
720 2716 798 2749 δόξαν
813 2715 896 2743 αὑτοῦ

105 2763 152 2790 καὶ
165 2761 282 2797 ἐλάλησε
293 2759 359 2797 περὶ
373 2759 467 2787 αὑτοῦ.

140 2803 174 2831 42
197 2803 293 2838 Ὅμως
317 2802 409 2838 μέντοι
436 2801 483 2830 καὶ
508 2801 541 2828 ἐκ
568 2801 623 2829 τῶν
649 2801 788 2837 ἀρχόντων
804 2799 897 2827 πολλοὶ¹

106 2846 269 2873 ἐπίστευσαν
296 2845 336 2875 είς
362 2841 452 2871 αὐτόν·
471 2843 539 2870 αλλὰ
569 2843 613 2870 διὰ
644 2844 708 2875 τοὺς
734 2842 895 2878 Φαρισαίους

107 2887 156 2924 οὐχ
166 2885 332 2924 ὡμολόγουν,
349 2885 392 2913 ἵνα
409 2885 446 2922 μὴ
460 2886 665 2922 ἀποευνάγωγοι
681 2885 821 2920 γένωνται·

911 2346 935 2376 ι)
982 2341 1019 2368 45
1044 2340 1206 2377 Ἦγάπησαν
1220 2340 1274 2377 γὰρ
1286 2340 1338 2377 τὴν
1351 2339 1430 2374 δόξαν
1442 2338 1496 2367 τῶν
1507 2338 1658 2375 ἀνθρώπων
1671 2338 1739 2375 μᾶλ-

947 2382 994 2410 λον
1008 2383 1081 2418 ἥπερ
1097 2381 1147 2418 τὴν
1161 2382 1241 2415 δόξαν
1253 2382 1301 2409 τοῦ
1315 2380 1394 2410 Θεοῦ.

982 2423 1018 2451 44
1043 2423 1149 2458 Ἰησοῦς
1171 2423 1200 2450 δὲ
1221 2423 1320 2459 ἔκραξε
1339 2423 1388 2450 καὶ
1401 2420 1488 2450 εἴπεψ
1508 2422 1537 2450 ’0
1550 2422 1685 2449 πιστεύων
1698 2422 1739 2455 εἰς

947 2466 1010 2502 ἐμὲ,
1033 2466 1065 2493 οὐ
1087 2465 1211 2492 πιστεύει
1235 2466 1276 2497 είς
1298 2465 1359 2500 ἐμὲ,
1382 2464 1440 2492 ἀλλ’
1461 2465 1502 2496 εις
1523 2464 1569 2491 τὸν
1593 2463 1740 2500 πέμψαντᾶ

982 2549 1018 2578 45
1036 2549 1092 2577 Καὶ
1106 2549 1121 2576 6
1134 2549 1243 2586 θεωρῶν
1254 2548 1314 2585 ἐμὲ,
1329 2548 1428 2584 θεωρεῖ
1435 2547 1482 2575 τὸν
1495 2547 1643 2584 πέμψαντά
1657 2557 1703 2584 με.

981 2591 1017 2619 46
1042 2590 1114 2626 Ἐγὼ
1132 2591 1191 2626 φῶς
1210 2591 1251 2623 εις
1266 2591 1313 2618 τὸν
1324 2590 1427 2626 κόσμον
1441 2589 1569 2626 ἐλήλυθα,
1591 2590 1635 2618 ἵνα
1651 2591 1706 2622 πᾶς
1723 2590 1738 2616 6

946 2633 1083 2661 πιστεύων
1094 2633 1134 2666 εἰς
1143 2633 1194 2669 ἐμὲ
1204 2633 1233 2661 ὲν
1242 2634 1275 2669 τῇ
1294 2626 1389 2669 σκοτίᾳ
1401 2632 1439 2669 μὴ
1453 2632 1543 2670 μείνῃ.

981 2675 1015 2702 47
1035 2675 1091 2703 Καὶ
1104 2675 1152 2702 ὲάν
1172 2683 1214 2706 τις
1235 2683 1285 2710 μου
1301 2674 1406 2712 ἀκούσῃ
1424 2674 1477 2702 τῶν
1489 2674 1620 2711 ῥημάτων
1639 2674 1684 2701 καὶ
1699 2673 1737 2709 μὴ

947 2717 1091 2754 πιστεύσῃ,
1116 2715 1172 2751 ἐγὼ
1193 2716 1224 2743 οὐ
1241 2715 1326 2751 κρίνω
1348 2716 1439 2744 αὐτόν.
1461 2716 1499 2743 οὗ
1516 2715 1570 2752 γὰρ
1592 2714 1672 2750 ἦλθον
1693 2715 1736 2741 ἵνα

947 2758 1033 2795 κρίνω
1045 2758 1090 2785 τὸν
1106 2758 1218 2794 κόσμον,
1234 2757 1291 2785 ἀλλ’
1306 2757 1350 2786 ῐνα
1365 2757 1445 2785 σώσω
1455 2757 1500 2785 τὸν
1510 2758 1622 2793 κόσμον.

982 2800 1017 2828 48
1043 2800 1072 2826 ὐ
1086 2799 1191 2826 ἀθετῶν
1212 2799 1262 2835 ἐμὲ
1283 2799 1330 2826 καὶ
1351 2800 1388 2835 μὴ
1410 2799 1556 2835 λαμὸάνων
1575 2798 1609 2825 τὰ
1625 2797 1736 2832 ῥήματα

950 2850 1012 2877 μου,
1032 2841 1089 2877 ἔχει
1113 2842 1159 2869 τὸν
1180 2841 1305 2878 κρίνοντα
1325 2841 1417 2868 αὐτόν’
1435 2842 1449 2868 6
1467 2841 1544 2874 λόγος
1562 2840 1591 2867 ὃν
1606 2838 1735 2874 ἐλάλησα,

948 2885 1051 2917 ἐκεῖνος
1064 2885 1151 2920 κρινεῖ
1166 2884 1246 2912 αὑτὸν
1259 2885 1287 2912 ἐν
1301 2885 1332 2919 τῇ
1351 2883 1451 2919 ἐσχάτῃ
1469 2882 1568 2918 ἡμέρῳ
