1953 3040
233 148 284 178 B59

844 157 949 188 NONNI
968 159 1222 191 PANOPOLITANI

231 209 296 240 guct
310 204 452 240 Judicans,
472 215 534 237 sero
556 209 695 246 perfectus
716 213 828 249 quando
840 222 941 245 cursus
955 217 1016 245 ulti-

1078 219 1190 255 Κρίνων,
1205 217 1376 253 όψιτέλεστος
1388 218 1433 247 ὅτι
1445 218 1546 255 δρόμος
1565 218 1679 254 ἔσχατος
1695 219 1771 254 ἠοῦς,

229 259 292 280 mus
316 260 430 286 aurorae,
454 254 587 294 Excitatis
609 258 720 293 quando
739 260 868 289 omnibus
886 267 929 291 est
939 263 1017 298 judi-

230 297 313 325 cium.
329 298 363 325 49
374 298 412 327 Ex
427 301 546 337 propriis
563 303 635 331 enim
650 303 710 332 Non
725 305 808 333 didici
816 297 1019 348 gpontejussus

229 351 280 378 ego
303 352 424 380 unquam
449 355 605 376 sermonem
632 351 770 386 proloqui,
788 351 840 381 Sed
861 353 914 382 Deo
938 355 1021 384 vitale

229 389 318 418 habeo
338 397 353 417 a
369 390 450 420 Patre
475 394 644 429 mandatum,
668 396 743 424 Viris
766 400 938 434 congregatis
954 401 1020 436 quid

229 435 338 470 loquar,
364 434 411 466 aui
436 438 503 474 quid
528 440 654 468 clamem.
677 441 712 469 50
725 441 793 470 Novi
814 448 905 471 autem
928 434 1020 473 omnia

228 483 348 516 regentis
379 484 506 511 mandata
532 484 632 519 Patris,
658 485 747 514 Vitam
770 487 854 525 [esse]
878 494 1020 524 aeternam,

228 532 310 559 quam
334 528 460 554 sortitum
489 533 531 556 est
555 537 727 560 concurrens
753 533 883 561 saeculum
905 534 1021 562 Eterna

228 578 290 597 cum
305 573 454 608 vertigine;
467 579 494 601 et
507 582 555 602 vos
568 583 740 613 quaecunque
750 578 848 613 doceo,
866 579 942 608 Sicut
953 582 1020 609 mihi

227 618 453 646 commemoravit
472 618 553 647 Pater
567 628 657 654 meus,
672 622 713 650 sic
725 622 797 651 dico.

536 675 614 704 CAP.
641 677 708 706 Xlll.

263 728 275 755 l
296 727 329 756 Et
345 730 452 759 civibus
479 732 641 768 priusquam
663 734 769 762 Pascha
796 735 911 769 veniret,
931 737 1022 771 prius-

226 783 309 810 quam
331 784 386 805 arae
409 779 637 814 accenderentur,
664 781 745 810 Jesus
760 790 930 818 cognoscens
947 785 1019 820 quod

226 829 381 859 opportuna
401 828 523 858 venisset
552 829 630 863 hora,
652 829 685 857 Ut
703 838 737 857 ex
758 831 860 859 mundo
882 839 1019 866 reversus,

1079 265 1251 301 Ἑγρομένοκ
1262 265 1308 293 at:
1321 266 1389 292 πᾶσι
1401 264 1478 292 πέλει
1491 265 1591 301 κρίσις.
1608 265 1642 293 49
1664 265 1709 299 Ἐξ
1725 266 1797 293 ἰδίων
1806 266 1860 302 γὰρ

1070 310 1107 336 Οὐ
1124 309 1210 345 μάθον
1224 309 1434 342 αὐτοκέλευστος
1449 309 1505 344 ἑγὼ
1520 318 1585 336 ποτε
1603 310 1687 345 μῦθον
1699 310 1799 345 ὲνίψαι,

1076 354 1158 381 Ἀλλά
1176 355 1243 382 Θεοῦ
1264 355 1392 391 ζείδωρον
1403 355 1458 391 ἔχω
1472 356 1547 391 παρὰ
1558 356 1665 392 Πατρδς
1679 356 1810 392 ἐφετμήν,

1076 400 1216 436 Ἀνδράσιν
1236 402 1398 437 ἀγρομένοις
1411 401 1438 429 τί
1452 401 1614 437 φθέγξομαι,
1631 401 1647 437 ἢ
1662 402 1689 428 τί
1706 402 1806 438 βοήσω.

1070 443 1105 472 50
1119 443 1183 473 Οἶδα
1198 445 1226 472 δὲ
1243 445 1447 482 παμμεδέοντος
1457 446 1632 482 ἐφημοσύνην
1647 447 1804 483 Γενετῆρος,

1070 490 1147 522 Ζωὴν
1158 490 1307 527 ἀθανάτην,
1322 491 1370 527 τὴν
1386 491 1482 527 ἔλλαχε
1496 492 1644 528 σύνδρομος
1659 493 1726 520 αἰὼν

1077 537 1428 574 Ἀενάῳστροφάλιγγιικαὶ
1443 540 1529 575 ὑμέας
1543 541 1610 567 ὅσσα
1625 541 1753 575 διδάσκω,

1072 581 1177 618 Ὥσπερ
1190 583 1252 619 ἐμοὶ
1266 584 1393 618 κατέλεξε
1406 585 1501 621 Πατὴρ
1516 586 1592 621 ἐμὸς,
1603 585 1641 618 ὣς
1655 587 1788 623 ἀγορεύω.

1397 684 1477 711 ΚΕΦ.
1491 684 1538 712 ll".

1107 739 1119 766 1
1141 739 1197 767 Καὶ
1222 739 1331 778 ναέταις
1350 740 1415 776 πρὶν
1441 741 1536 777 Πάσχα
1559 741 1661 776 μολεῖν,
1681 742 1746 778 πρὶν
1768 742 1860 778 βωμὸν

1238 775 1254 798 ¹
1373 775 1377 776 7
1503 775 1517 777 ἡ
1559 775 1565 776 7
1695 775 1821 824 levarat,

1077 829 1182 866 Ἰησοῦς
1195 831 1278 858 νοέων
1291 831 1331 857 ὅτι
1343 831 1452 867 καίριος
1463 832 1561 867 ήλυθεν
1575 832 1646 868 ὥρη,

226 872 326 900 coelum
342 875 467 908 subiens,
484 877 581 905 Redux
596 877 757 914 altiregente
773 879 876 914 pariter
892 887 1016 908 corusca-

1078 877 1163 912 Ὀφρα
1179 886 1225 904 κεν
1241 879 1272 904 ἐκ
1285 878 1398 913 κόσμοιο
1412 879 1582 915 μετάτροπος
1598 879 1695 915 αἰθέρα
1705 880 1800 912 δύνασιν,

225 925 267 948 ret
278 929 339 949 eum
356 922 448 957 Patre,
463 924 565 953 Omnes
585 934 692 962 semper
713 931 863 962 praesentes
884 936 950 957 suos
971 937 1019 958 so-

225 969 284 998 cios
309 970 426 1007 diligens
451 974 493 1001 Ab
520 974 611 1007 initio,
634 975 675 1003 sic
691 975 788 1004 dilexit
812 981 839 1004 et
865 977 900 1004 ad
924 978 1016 1005 linem.

224 1021 242 1047 2
262 1020 427 1058 Vespertina
450 1028 542 1052 autem
559 1025 643 1053 Coma
661 1025 733 1054 facta
748 1026 890 1055 henevolae
905 1036 1016 1063 mensae,

225 1071 331 1100 Servile
354 1081 424 1109 opus
448 1074 512 1103 fecit
529 1076 588 1103 suis
605 1076 689 1104 sociis
708 1080 804 1106 texens
816 1077 956 1113 (Daemone
970 1079 1019 1107 ad-

224 1125 358 1157 versario,
381 1133 464 1154 avaro
476 1127 598 1162 quodam
621 1128 735 1156 stimulo
757 1128 911 1158 Humanam
925 1130 959 1158 ad
974 1137 1019 1158 ra-

223 1173 295 1201 biem
309 1174 440 1204 incitante
453 1176 563 1210 Judam,
580 1178 677 1206 Audax
695 1183 726 1206 ut
739 1179 784 1207 ille
795 1179 898 1208 Iudaeis
910 1181 1012 1216 prode-

223 1228 265 1250 ret
285 1223 435 1260 Christum,
451 1234 532 1254 suum
547 1229 722 1263 nutritorem,
741 1230 881 1265 accipiens
897 1231 1016 1266 pretium

223 1273 312 1309 exitii)
326 1283 333 1302 :
347 1275 364 1302 5
384 1274 443 1310 Ipse
461 1284 512 1304 suo
527 1277 611 1305 corde
624 1277 716 1306 sciens
733 1279 807 1314 quod
824 1279 898 1308 illius
914 1280 1016 1308 Altire—

226 1331 296 1359 gens
312 1325 395 1353 simul
408 1327 501 1354 omnia
518 1327 591 1356 Deus
605 1329 729 1357 dedisset
743 1337 826 1358 manu
838 1330 1015 1364 distribuere,

223 1375 303 1408 Quod
317 1379 345 1404 et
357 1383 373 1403 e
389 1377 469 1405 caelis
484 1381 511 1405 et
528 1378 556 1405 in
572 1379 672 1406 caelum
690 1379 792 1415 duplici
810 1380 911 1416 legeEt
928 1389 942 1408 a
960 1381 1016 1410 Deo

223 1426 301 1461 prius
314 1427 444 1459 venisset,
460 1433 488 1456 et
505 1429 539 1456 ad
560 1429 646 1457 Deum
663 1434 857 1459 reverteretur.
870 1431 888 1458 4
903 1432 936 1459 Et
949 1435 1016 1460 tunc

223 1476 345 1504 convivis
362 1478 461 1505 servile
473 1486 543 1514 opus
555 1482 650 1508 texens
662 1479 742 1508 Jesus
751 1500 758 1513 ,
771 1488 854 1516 opere
870 1487 1013 1516 promptus

223 1528 343 1554 surrexit
364 1535 471 1556 coenam
493 1529 663 1564 relinquens,
688 1531 721 1558 Et
751 1538 866 1566 corpore
890 1540 904 1558 a
923 1532 1015 1567 splen-

223 1576 288 1605 dido
302 1585 367 1606 suas
381 1578 509 1614 deposuit
524 1580 644 1613 tunicas,
656 1580 687 1607 Et
701 1580 802 1608 lineam
816 1581 890 1609 circa
905 1582 1013 1610 lumbos

223 1627 348 1662 spuriam
368 1628 456 1656 cinxit
481 1629 615 1663 fasciam;
634 1629 779 1666 Stringens
800 1631 897 1658 duram
919 1633 1013 1665 telam,

223 1685 305 1712 quam
321 1678 391 1706 dixit
407 1679 569 1714 sepulcralis
585 1688 638 1708 vox
654 1680 793 1714 Linteum,
814 1682 918 1710 humidi
936 1683 1014 1718 pedis

224 1728 378 1756 subsidium
398 1729 531 1757 virorum.
549 1730 565 1758 5
583 1731 616 1757 Et
635 1738 786 1759 concavum
808 1732 835 1759 in
857 1733 1014 1768 pollubrum

223 1779 341 1808 fundens
368 1780 574 1809 subterraneam
603 1789 702 1817 aquam
728 1782 875 1816 Christus,
902 1792 1015 1812 suorum

223 1830 361 1858 sociorum
380 1831 478 1860 charos
501 1832 585 1867 pedes
609 1833 712 1868 incepit
744 1834 845 1866 lavare,
872 1834 953 1871 148
975 1835 1015 1863 Ad

223 1881 349 1908 ultimum
366 1888 381 1908 a
394 1881 483 1917 primo
499 1882 636 1910 transiens
655 1883 689 1910 ad
714 1883 798 1911 alium
813 1884 847 1911 ab
864 1884 928 1916 alio,
945 1884 1016 1912 inci-

223 1932 302 1967 pieus
321 1939 335 1959 a
355 1931 475 1966 Simone,
488 1940 575 1968 usque
593 1933 627 1961 ad
647 1941 728 1962 suum
748 1934 925 1962 homicidam.
944 1934 1018 1963 68e-

223 1982 296 2010 niori
311 1987 402 2010 autem
418 1983 525 2011 Simoni
548 1984 646 2018 astitit,
664 1988 691 2012 et
704 1984 788 2020 pedes
801 1985 861 2020 ejus
879 1984 1016 2021 UtrOSque

225 2031 355 2066 arripuit,
379 2032 451 2060 celer
474 2037 566 2061 autem
591 2035 706 2062 retraxit
730 2034 838 2069 Simon,
867 2034 1017 2072 Jesumque

224 2082 344 2110 inhibuit
368 2083 479 2111 charam
502 2085 706 2113 venerationem
732 2086 822 2113 oculis
839 2090 1015 2122 monstrans;

224 2133 258 2160 Et
272 2133 363 2169 ipsum
385 2134 510 2163 detinens
534 2134 599 2163 forti
618 2135 748 2164 demulsit
762 2145 848 2165 voce:
861 2137 912 2165 Tui
931 2138 1013 2166 mini-

224 2183 284 2215 stri,
303 2183 360 2211 Rex
372 2184 501 2212 omnibus
525 2184 674 2220 imperans,
701 2185 789 2214 Lavas
812 2187 867 2215 tuis
891 2188 1018 2217 manibus

1069 922 1205 958 Νόστιμος
1219 923 1375 958 ὑψιμέδοντι
1391 925 1589 960 συναστράψειε
1601 925 1696 961 Toxili,

1069 969 1176 1000 Πάντας
1188 970 1231 995 ἀεὶ
1241 970 1393 1005 παρεόντας
1410 971 1471 1002 ἑοὺς
1483 971 1596 1006 ἑτάρους
1608 971 1754 1006 ἀγαπήσας

1075 1014 1120 1046 Ἐξ
1133 1014 1231 1050 ἀρχῆς,
1245 1015 1371 1049 ἁγάπαζε
1386 1016 1433 1042 καὶ
1449 1017 1489 1048 εἰς
1503 1017 1590 1048 τέλος.
1606 1017 1624 1044 2
1644 1018 1786 1054 Ἐσπερίου
1799 1017 1828 1044 δὲ

1068 1061 1182 1088 Δείπνου
1197 1062 1350 1097 γινομένοιο
1364 1063 1550 1098 φιλοστόργοιο
1563 1063 1713 1099 τραπέζης.

1067 1106 1176 1133 Δούλιον
1188 1106 1267 1142 ἔργον
1283 1106 1390 1139 ἔτευξεν
1403 1109 1457 1140 ἑοῖς
1472 1108 1609 1144 ἑτάροισιν
1621 1109 1741 1143 ὑφαίνων

1068 1153 1210 1188 (Δαίμονος
1223 1153 1381 1180 ἀντιπάλοιο
1392 1153 1562 1189 φιλοκτεάνῳ
1575 1154 1630 1181 τινὶ
1647 1153 1752 1190 κέντρῳ

1073 1198 1239 1235 ’Δνδρομέην
1258 1199 1305 1226 ἐπὶ
1316 1199 1417 1226 λύσσαν
1433 1200 1660 1235 ἀνοιστρήσαντος
1677 1200 1787 1234 Ἰούδαν,

1067 1243 1203 1280 Τολμήεις
1218 1245 1262 1272 ἵνα
1272 1246 1362 1277 κεῖνος
1380 1246 1531 1272 ’ἰουδαίοισι
1544 1246 1655 1282 προδοίη

1066 1290 1194 1326 Χριστὸν,
1208 1290 1252 1317 ἐδν
1264 1290 1417 1326 θρεπτῆρα,
1434 1291 1592 1327 δεδεγμένος
1605 1290 1674 1319 ὦνον
1689 1293 1822 1330 ὀλέθρου)·

1067 1334 1085 1361 5
1104 1334 1189 1366 Αὐτὸς
1204 1336 1234 1370 ἑῇ
1247 1335 1346 1372 κραδίῃ
1358 1334 1522 1370 δεδαημένος
1536 1335 1649 1371 ὄττιπερ
1662 1335 1747 1362 αὐτοῦ

1074 1378 1226 1414 Ὑψιμέδων
1240 1379 1299 1415 ἅμα
1315 1380 1403 1406 πάντα
1416 1379 1482 1411 Θεὸς
1495 1379 1562 1415 πόρε
1576 1380 1649 1415 χειρὶ
1660 1379 1806 1415 νομεὺειν.’

1068 1423 1145 1450 ’Ὁττι
1161 1424 1209 1450 καὶ
1219 1424 1365 1459 οὐρανόθεν
1379 1424 1427 1450 καὶ
1438 1424 1467 1456 ἐς
1481 1424 1578 1460 αἰθέρα
1589 1423 1679 1458 δίζυγι
1695 1423 1788 1459 θεσμῷ

1065 1466 1120 1494 Kal.
1133 1466 1224 1494 θεόθεν
1241 1468 1328 1503 πάρος
1342 1466 1420 1503 ἦλθε,
1433 1468 1481 1495 καὶ
1493 1469 1532 1499 είς
1543 1468 1611 1495 Θεὸν
1623 1466 1700 1500 αὖτις
1717 1468 1814 1495 ἱκάνει.

1065 1512 1083 1539 4
1102 1512 1157 1538 Καὶ
1171 1512 1233 1539 τότε
1245 1512 1438 1549 δαιτυμόνεσσι
1452 1513 1594 1548 διάκτορον
1607 1513 1687 1548 ἔργον
1698 1513 1817 1548 ὑφαίνων

1072 1557 1185 1593 Ἰησοῦς,
1203 1559 1353 1594 ταχυεργὸς
1364 1558 1492 1585 ἀνίστατο
1504 1559 1611 1585 δεῖπνον
1623 1559 1716 1591 ἐάσας,

1065 1604 1120 1631 Καὶ
1132 1604 1211 1639 χροὸς
1225 1604 1384 1640 αἰγλήεντος
1397 1605 1460 1636 ἑοὺς
1476 1604 1600 1639 ἀπέθηκε
1610 1604 1737 1640 χιτῶνας,

1065 1649 1121 1676 Καὶ
1137 1649 1228 1685 λινέην
1240 1649 1383 1683 λαγόνεσσι
1393 1649 1476 1686 νοθὴν
1486 1649 1608 1682 ἐζώσατο
1623 1650 1734 1686 μίτρην’

1065 1694 1186 1729 Σφίγξας
1201 1694 1317 1731 σκληρὸν
1335 1695 1461 1730 ὕφασμα,
1476 1695 1560 1732 τόπερ
1573 1696 1642 1731 φάτο
1656 1694 1776 1731 θυμϐεάς
1789 1694 1859 1732 αὑδὴ

1065 1739 1183 1773 Λίντιον,
1200 1740 1343 1777 ἰκμαλέοιο
1357 1740 1438 1772 ποδὸς
1453 1740 1599 1776 ἀλκτήριον
1611 1741 1724 1776 ἀνδρῶν’

1066 1786 1083 1813 5
1102 1786 1157 1813 Καὶ
1173 1785 1304 1822 γλαφυρῷ
1317 1786 1429 1821 νιπτῆρι
1447 1786 1536 1821 βαλὼν
1548 1786 1712 1813 ὑποκόλπιον
1722 1785 1794 1821 ὕδωρ

1066 1830 1193 1866 Χριστὸς,
1206 1830 1259 1858 ἑῶν
1275 1831 1380 1867 ἑτάρων
1396 1830 1501 1866 φιλίους
1511 1830 1595 1862 πόδας
1608 1830 1708 1866 ἤρξατο
1722 1830 1839 1862 νίπτειν,

1069 1874 1148 1911 149
1170 1875 1296 1903 Λοίσθιον
1318 1877 1351 1903 ἐκ
1375 1875 1485 1912 πρώτου
1504 1875 1704 1912 μετανεύμενος
1718 1875 1796 1903 ἄλλον
1809 1877 1858 1903 ἀπ’

1708 1921 1801 1958 [ἄλλου
1806 1941 1814 1956 ,

1074 1967 1236 2004 Ἀρχόμενος
1249 1967 1380 2003 Σίμωνος,
1396 1967 1450 2000 ἕως
1469 1967 1543 1995 ἰδίοιο
1554 1968 1663 2004 φονῆος.
1835 1998 1839 2000 _

1067 2012 1084 2041 6
1097 2013 1279 2049 Πρεσϐυτέρῳ
1292 2013 1321 2041 δὲ
1336 2013 1439 2049 Σίμωνι
1449 2014 1611 2049 παρίστατο,
1620 2013 1667 2040 καὶ
1679 2012 1760 2044 πόδας
1774 2012 1856 2040 αὑτοῦ

1074 2057 1259 2093 Ἀμφοτέρους
1276 2057 1437 2094 κρατέεσκε,
1453 2058 1538 2094 ταχὺς
1554 2057 1577 2085 δ’
1585 2057 1739 2085 ἀντέσπασε
1754 2057 1856 2093 Σίμων,

1075 2102 1178 2138 Ἰησοῦν
1193 2103 1216 2129 δ’
1227 2102 1353 2138 ἅνέκοψε,
1372 2103 1449 2138 φίλον
1470 2103 1552 2135 σέϐας
1565 2104 1671 2140 ὄμμασι
1687 2104 1790 2139 φαίνων
1801 2112 1808 2119 ·

1068 2148 1124 2176 Καί
1141 2157 1187 2184 μιν
1202 2148 1324 2185 ἐρητύων
1339 2149 1438 2186 βριαρῇ
1454 2149 1594 2185 μειλίξατο
1603 2151 1679 2187 φωνῇ
1690 2158 1697 2165 ·

1075 2194 1226 2230 ’Υμετὲρου
1240 2195 1506 2231 θεράποντος,”Αναξ
1523 2197 1655 2223 πάντεσσι
1670 2196 1799 2228 κελεύων,

223 2240 300 2262 meos
312 2233 415 2269 pedes?
441 2234 456 2260 ’ί
479 2234 662 2271 Suaviioquus
686 2244 750 2265 vero
780 2236 891 2267 Sedenti
908 2238 1013 2267 Simoni

1078 2240 1181 2272 llimat;
1197 2241 1256 2273 σαῖς
1264 2240 1434 2276 παλάμαισιν
1443 2241 1526 2276 ἐμοὺς
1537 2241 1636 2275 πόδας;
1649 2242 1664 2268 7
1677 2241 1812 2277 Ἦδυεπὴς
1827 2241 1854 2269 δὲ

823 2314 965 2343 TEXTUS
984 2315 1249 2344 EVANGELISTE.

261 2367 295 2396 49
315 2367 376 2394 Ὅτι
396 2366 452 2406 ἐγὼ
476 2368 506 2401 ἐξ
537 2367 657 2403 ἐμαυτοῦ
685 2369 736 2397 οὐκ
762 2370 894 2408 ἐλάλησα·
921 2371 978 2398 ἀλλ’
998 2372 1013 2398 ὁ

226 2409 337 2445 πέμψας
353 2418 386 2445 με
401 2409 507 2446 Πατὴρ,
525 2410 605 2442 αὐτός
622 2419 668 2446 μοι
681 2411 791 2449 ἐντολὴν
805 2412 887 2440 ἔδωκε
902 2412 928 2440 τί
944 2413 1014 2440 εἰπω

225 2452 273 2479 καὶ
290 2451 316 2478 τί
330 2451 448 2487 λαλήσω.

261 2493 295 2533 50
314 2493 369 2520 Καὶ
381 2491 439 2519 οῖδα
451 2493 491 2520 ὅτι
501 2494 518 2529 ἡ
533 2494 627 2530 ἐντολὴ
637 2494 721 2522 αὑτοῦ
736 2495 792 2533 ζωὴ
805 2495 914 2529 αἰώνιός
929 2497 1013 2524 ἐστιν·

225 2533 243 2562 ἃ
259 2532 306 2561 οὖν
319 2533 393 2560 λαλῶ
412 2533 479 2568 ἐγὼ,
497 2534 589 2567 καθὼς
610 2535 706 2571 εἰρηκέ
724 2545 771 2573 μοι
788 2532 808 2564 γὸ
823 2538 928 2574 Πατὴρ,
941 2539 1013 2566 οὕτω

225 2575 309 2604 λαλῶ.

544 2618 624 2646 ΚΕΦ.
642 2618 692 2647 II".

262 2659 276 2686 1
297 2657 356 2694 Πρὸ
369 2657 399 2699 δὲ
410 2657 461 2693 τῆς
475 2658 571 2695 ἑορτῆς
589 2659 637 2686 τοῦ
652 2660 760 2696 Πάσχα,
778 2661 857 2693 εἰδὼς
874 2662 888 2689 ὁ
909 2662 1013 2699 Ἰησοῦς

227 2701 268 2727 δτι
285 2698 416 2734 ἐλήλυθεν
431 2699 514 2727 αὑτοῦ
533 2701 549 2736 ἡ
566 2700 625 2737 ὥρα
644 2701 690 2728 ἴνα
714 2702 819 2738 μεταϐῇ
841 2703 874 2729 ἐκ
897 2703 944 2730 τοῦ
968 2704 1014 2730 κός

228 2750 298 2777 σμου
311 2739 405 2767 τούτου
417 2741 485 2777 πρὸς
499 2741 545 2768 τὸν
560 2741 681 2778 Πατέρα,
691 2743 835 2779 ἀγαπήσας
850 2744 914 2776 τοὺς
933 2745 1014 2778 ἰδίους

228 2784 292 2816 τοὺς
310 2783 340 2810 ἐν
358 2781 397 2818 τῷ
416 2782 521 2819 κόσμῳ,
541 2784 582 2816 εἰς
594 2784 671 2817 τέλος
683 2785 826 2820 ἠγάπησεν
838 2785 948 2818 αὐτούς.

264 2825 281 2851 2
299 2824 354 2851 Kal.
368 2824 476 2852 δείπνου
503 2826 650 2859 γενομένου
671 2825 731 2861 (τοῦ
757 2826 880 2853 διαϐόλου
898 2828 948 2862 ἤδη
969 2827 1013 2863 βε-

230 2865 358 2902 ϐληκότος
374 2868 413 2901 εἰς
429 2867 478 2904 τὴν
493 2866 602 2903 καρδίαν
626 2867 711 2894 ’ἰούδα
727 2867 847 2902 Σίμωνος
866 2869 1007 2905 Ἰσκαριώ-

1067 2381 1124 2404 του,
1140 2373 1184 2399 ἰνα
1197 2372 1279 2400 αὐτὸν
1299 2373 1435 2409 παραδῷ),
1571 2384 1576 2389 -

1103 2414 1120 2441 ὅ
1138 2413 1224 2446 Εἰδὼς
1236 2414 1250 2440 ό
1271 2414 1375 2449 Ἰησοῦς
1388 2415 1429 2441 ὅτι
1443 2413 1534 2442 πάντα
1545 2415 1662 2443 δέδωκεν
1678 2417 1754 2453 αὐτῷ
1768 2419 1782 2445 ό
1798 2418 1853 2445 Πα-

1067 2456 1120 2492 τὴρ
1139 2456 1179 2487 εἰς
1198 2456 1248 2487 τὰς
1267 2457 1370 2492 χεῖρας,
1387 2457 1434 2483 καὶ
1454 2457 1496 2484 ὅτι
1516 2457 1571 2485 ἀπὸ
1593 2457 1661 2485 Θεοῦ
1682 2459 1789 2494 ἐξῆλθε,
1808 2461 1854 2487 καὶ

1068 2497 1138 2533 πρὸς
1153 2497 1199 2524 τὸν
1216 2497 1282 2524 Θεὸν
1297 2498 1397 2532 ὑπάγει
1408 2505 1416 2513 ·

1103 2538 1120 2565 4
1145 2537 1281 2574 Ἐγείρετο
1292 2540 1324 2566 ἐκ
1336 2538 1383 2566 τοῦ
1395 2539 1515 2571 δείπνου,
1530 2540 1578 2567 καὶ
1592 2540 1683 2576 τίθησι
1697 2542 1731 2568 τὰ
1748 2542 1852 2578 ἱμάτια·

1067 2579 1114 2606 καὶ
1130 2579 1220 2607 λαϐὼν
1234 2579 1347 2613 λέντιον,
1357 2580 1484 2613 διέζωσεν
1501 2581 1608 2608 ἑαυτόν.

1102 2622 1119 2649 5
1135 2620 1203 2648 Εἶτα
1217 2621 1309 2657 βάλλει
1323 2621 1395 2658 ὕδωρ
1413 2622 1453 2654 εἰς
1471 2622 1518 2649 τὸν
1542 2623 1672 2659 νιπτῆρα,
1690 2623 1737 2651 καὶ
1756 2624 1854 2660 ἠρξατο

1066 2662 1172 2690 νίπτειν
1180 2663 1250 2702 τοὺς
1264 2662 1348 2694 πόδας
1361 2663 1415 2690 τῶν
1432 2662 1573 2699 μαθητῶν,
1589 2664 1637 2691 καὶ
1653 2665 1803 2701 ἐκμάσσειν
1817 2666 1855 2702 τῷ

1065 2703 1161 2739 λεντίῳ
1176 2700 1199 2738 ᾧ
1211 2701 1245 2740 ἦν
1260 2703 1451 2740 διεζωσμένος.

1103 2745 1120 2773 6
1140 2745 1269 2782 Ἔρχεται
1288 2742 1336 2772 οὗν
1353 2745 1421 2781 πρὸς
1445 2745 1558 2782 Σίμωνα
1583 2747 1702 2783 Πέτρον
1719 2748 1767 2774 καὶ
1782 2748 1854 2783 λέγει

1067 2787 1141 2823 αὐτῷ
1153 2787 1270 2819 ἐκεῖνος·
1290 2786 1388 2822 Κύριε,
1406 2787 1438 2813 σύ
1459 2796 1511 2822 μου
1523 2789 1630 2820 νίπτεις
1643 2789 1706 2821 τοὺς
1721 2789 1819 2822 πόδας;

1102 2829 1116 2855 7
1142 2827 1288 2863 ’Λπεκρίθη
1304 2828 1406 2863 Ἰησοῦς
1419 2829 1465 2855 καὶ
1473 2827 1550 2856 εἶπεν
1563 2830 1646 2865 αὐτῷ·
1663 2831 1695 2858 Ὂ
1708 2831 1764 2866 ἐγὼ
1776 2831 1851 2866 ποιῶ,

1067 2870 1098 2897 σὺ
1116 2869 1167 2896 οὐκ
1179 2868 1254 2901 οἶδας
1267 2869 1341 2905 ἄρτι,
1360 2869 1454 2906 γνώσῃ
1467 2870 1496 2898 δὲ
1511 2871 1581 2907 μετὰ
1594 2871 1690 2899 ταῦτα·
