1953 3040
47 167 97 194 861

53 223 195 259 Ἑζομένῳ
213 223 316 260 Σίμωνι
335 223 467 260 οεηγόρος
481 221 559 251 εἶπεν
584 223 707 259 Ἰησοῦς·

52 269 134 305 ’Ᾱρτι
153 270 203 305 μὲν
216 269 254 300 ὡς
268 269 353 296 τελέω
367 269 532 305 δρηστήριον
544 269 625 305 ἔργον
643 269 764 304 ὑφαίνων
773 289 781 302 ν

50 315 88 342 Οὑ
103 314 218 341 δύνασαι
231 314 327 347 νοέειν,
346 315 494 350 μετέπειτα
506 314 535 340 δὲ
552 314 631 341 τοῦτο
641 314 759 350 νοήσεις.

50 361 68 387 8
82 361 138 387 Καί
155 361 180 386 οἱ
196 360 299 395 Πέτρος
314 359 399 393 ἔλεξε,
413 359 486 396 χέων
503 360 596 397 ήδεῖαν
609 360 742 395 ἁπειλήνυ

51 407 160 434 Οΰιτοτε
178 406 355 442 φαιδρύνειας
372 407 456 442 ἐμοὺς
474 407 569 438 πόδας,
582 406 623 438 εἰς
633 407 696 433 ὅσον
711 406 793 442 ἕρπει

51 453 126 480 Λίὼν
142 452 347 484 πουλυέλικτος.
364 452 450 486 Ἀναξ
465 446 488 478 δ’
506 451 637 487 ἠμείϐετο
653 451 747 488 μύθῳ·

53 499 90 526 Οὔ
96 498 161 526 ποτέ
176 507 217 524 σοι
232 498 292 534 μετ’
305 499 383 534 ἐμεῖο
398 498 483 534 μέρος
497 497 710 533 πεφυλαγμένον
722 497 810 529 ἔσται,

53 545 86 571 Εἰ
104 544 143 580 μὴ
158 543 215 578 ὲγὼ
231 543 300 579 νίψω
316 552 357 576 σε,
378 543 448 579 χέων
467 543 647 580 μεταχείριον
664 543 748 579 ὕδωρ.

54 591 71 618 9
85 590 140 617 Καί
153 590 178 616 οἱ
196 589 281 625 μῦθον
299 589 374 622 ἔλεξε
389 589 443 625 νόῳ
460 589 607 624 πειθήμονι
624 588 717 624 Σίμων
727 596 733 603 ·

53 636 110 662 Ναὶ
126 636 249 671 λίτομαι,
267 635 305 671 μὴ
323 635 422 671 μοῦνον
438 635 521 671 ἐμοὺς
538 635 634 666 πόδας,
650 633 811 669 ἀμφοτέρας
828 632 856 659 δὲ

54 681 153 715 Νίψον,
171 679 267 712 Ἀναξ,
283 679 331 706 καὶ
341 680 437 716 χεῖρας
448 678 529 714 ἐμὰς,
545 678 594 705 καὶ
609 677 731 705 κυκλάδα
741 676 853 712 κόρσην·

55 727 110 754 Ναὶ
117 727 209 759 πάλιν,
216 727 250 762 ἢν
260 726 367 762 ἐθέλῃς,
375 725 423 753 καὶ
433 725 493 752 ὅλον
502 725 633 759 δέμας.10
642 722 725 751 Εἶπεν
740 721 854 759 Ἰησοῦς·

55 774 95 801 Οὐ
110 773 203 809 χατέει
216 773 325 809 νεαροῖο
340 771 504 807 λελουμένος
519 770 616 802 ὓδατος
632 770 713 806 ἀνὴρ⁷

57 820 90 846 El
109 820 148 855 μὴ
167 819 254 855 μοῦνα
269 818 381 846 πόδεσσι
396 818 533 853 καθάρσια
544 817 645 853 νίπτρα
658 816 771 851 πορειης

56 866 198 902 Είνοδίης-
215 866 335 902 καθαρὸν
351 865 407 901 γὰρ
423 865 484 892 ὅλον
500 864 595 900 δέμας.
622 863 787 899 Ἀνδρομέης
808 861 837 889 δὲ

500 165 748 194 PARAPIIRASIS
768 165 802 193 IN
820 164 991 194 JOANNEM.
1011 181 1046 186 --
1065 165 1142 194 CAP.
1159 164 1228 193 Xlll.

1641 162 1696 191 τοι

865 225 890 256 Α
903 223 1089 258 diviniloquus
1112 223 1183 250 dixit
1204 222 1305 250 Jesus:
1321 219 1380 248 Jom
1397 220 1506 256 quidem
1520 221 1593 256 quod
1611 223 1694 256 perti-

902 272 948 299 eio
977 272 1079 299 servile
1103 279 1173 307 opus
1199 275 1313 302 texens,
1339 268 1399 296 Non
1425 273 1504 304 potes
1532 268 1694 304 intelligere,

903 320 1033 354 deinceps
1058 325 1149 347 autem
1169 319 1222 346 hoc
1246 317 1327 345 scies.
1347 316 1363 343 8
1380 316 1413 343 Et
1437 315 1464 343 ei
1491 316 1587 344 Petrus
1614 316 1694 350 dixit,

904 368 1022 396 fundens
1040 375 1139 396 suaves
1155 367 1244 394 minas
1257 375 1264 393 :
1281 364 1428 399 Nunquam
1442 365 1607 400 expurgabis
1620 372 1697 393 meos

904 417 999 454 pedes,
1020 417 1109 444 donec
1131 416 1203 452 repit
1224 415 1324 443 (Evum
1346 413 1462 441 multum
1483 413 1618 440 volutum.
1639 412 1697 441 Rex

904 468 995 492 autem
1020 464 1165 499 respondit
1186 461 1494 497 sermonezNunquam
1519 461 1567 488 tibi
1590 468 1698 488 mecum

907 520 971 548 pars
986 511 1127 540 custodita
1143 511 1206 542 erit,
1224 510 1282 538 Nisi
1295 516 1346 545 ego
1362 510 1449 537 lavem
1466 513 1502 541 te,
1520 508 1637 536 fundens
1652 509 1700 536 ad-

906 559 1134 587 ministrator-iam
1147 566 1258 594 aquam.
1275 557 1292 585 9
1306 556 1340 584 Et
1353 557 1379 585 ei
1391 557 1505 585 verbum
1522 556 1592 584 dixit
1608 559 1701 584 mente

906 608 1018 635 credula
1036 607 1147 635 Simon:
1158 607 1207 640 lta,
1222 613 1331 642 precor,
1345 612 1400 633 non
1414 605 1503 633 solum
1515 612 1592 632 meos
1606 604 1700 640 pedes,

908 661 1040 693 utrasque
1053 663 1148 683 verum
1160 654 1243 688 Lava,
1262 654 1329 688 Rex,
1347 658 1374 681 et
1391 662 1490 681 manus
1503 660 1590 686 meas,
1606 657 1633 680 et
1647 653 1701 680 cir-

907 705 1000 732 culare
1018 708 1111 739 caput,
1131 703 1161 731 Et
1181 711 1290 737 rursus,
1309 703 1332 730 si
1346 703 1479 735 volueris,
1494 706 1519 730 et
1537 705 1623 729 totum
1639 708 1702 728 cor-

907 761 968 789 pus.
983 752 1016 780 10
1025 751 1200 780 DixitJesus:
1214 750 1273 779 Non
1284 751 1388 786 indiget
1396 758 1466 778 nova
1479 750 1552 778 lotus
1565 757 1635 784 aqua
1650 749 1702 782 vir,

907 801 965 830 Nisi
976 802 1064 830 solum
1080 801 1196 836 pedibus
1205 807 1275 835 puro
1294 800 1403 827 lavacro
1419 807 1469 835 pro
1479 799 1578 827 itinere
1592 798 1704 833 Compi-

909 851 972 885 tali;
1000 859 1099 886 purum
1123 850 1196 877 enim
1221 852 1309 875 totum
1332 855 1448 883 corpus;
1476 847 1588 875 humani
1612 851 1703 875 autem

58 895 200 948 Ἀμμοροι
217 895 379 948 ἀμπλακίης
391 895 508 946 καθαροὶ
599 909 662 935 ἐστὲ
744 895 836 934 αὑτοί·

917 902 1043 936 Expertes
1058 898 1153 931 errati,
1169 897 1231 933 puri
1248 901 1339 924 mente
1353 896 1421 924 estis
1435 900 1462 923 et
1478 895 1548 932 ipsi;
1571 895 1625 924 Sed
1648 903 1702 923 non

63 958 133 984 Ἀλλ’
149 957 244 989 οὓπως
259 958 318 993 ἅμα
333 957 444 988 πάντες,
457 955 487 982 11
513 955 589 982 Ἐπεὶ
604 954 690 989 πάρος
706 953 764 989 ἥῖδε
778 952 855 989 θυμῷ

57 1003 106 1034 Τίς
122 1011 170 1038 μιν
187 1002 258 1038 ἀνὴρ
277 1001 396 1038 μελλεν
415 1001 552 1032 Ἰουδαίοις
565 999 735 1035 παραδώσειν

61 1050 154 1075 Ὠνιον
175 1047 336 1074 ἀντιϐίοισιθ
351 1047 393 1079 τίς
413 1046 534 1082 ἔμπορος
548 1044 597 1081 ἦεν
615 1044 737 1080 ὀλέθρου.

57 1092 95 1122 Οἵ)
114 1095 196 1130 χάριν
211 1094 379 1130 ἀγχιθέοισιν
397 1093 482 1125 Ἀναξ
498 1093 615 1129 ἀγόρευε
630 1090 765 1126 μαθηταῖς
775 1098 781 1104 ·

60 1141 205 1176 ’Λμμορον
220 1139 381 1175 ἀμπλακίης
396 1138 516 1175 καθαρὸν
532 1138 592 1165 νόον
605 1138 662 1164 ίστε
674 1136 723 1164 καὶ
737 1135 825 1168 αὐτοὶ,

65 1186 135 1213 Ἀλλ’
151 1185 243 1218 οὔπως
257 1185 315 1221 ἅμα
332 1185 443 1216 πάντες.
461 1185 495 1211 12
511 1183 714 1220 ’Υποδρηστῆρι
725 1182 753 1208 δὲ
764 1180 857 1217 θεσμῷ

65 1233 187 1260 Ὀππότε
203 1233 374 1268 δαιτυμόνων
390 1231 554 1258 δυοκαίδεκα
568 1230 669 1257 κύκλον
686 1228 819 1264 ἀμείϐων,

59 1277 147 1312 Νίψεν
162 1277 214 1304 ἑῶν
231 1277 336 1313 ἑτάρων
352 1276 443 1308 ὁσίους
458 1275 541 1308 πόδας
557 1275 638 1309 άγνὺς
661 1273 764 1310 Ἰησοῦς

60 1323 257 1358 Κεκλιμένους,
273 1322 436 1358 παλίνορσος
451 1322 513 1353 ἑοὺς
528 1321 619 1347 ἔνδυνε
633 1319 766 1355 χιτῶνας·

61 1370 116 1396 Καὶ
132 1369 264 1404 παλάμης
276 1368 389 1403 ἀγκῶνα
407 1367 594 1402 παλινδινητον
609 1366 718 1401 ἐρείσας

64 1416 145 1451 150
155 1415 319 1451 Ἀκρότατον
331 1416 394 1451 περὶ
402 1415 500 1443 κύκλον
509 1414 689 1450 ὀμοστόργοιο
700 1411 840 1449 τραπέζης
849 1431 857 1444 ,

62 1461 147 1489 Εἶπεν
162 1462 217 1493 ἑοῖς
230 1461 351 1498 ἑτάροις·
369 1461 523 1489 Γινώσκετε
538 1459 619 1487 τοῦτο
629 1460 677 1486 καὶ
692 1459 770 1486 αὐτοὶ

69 1508 149 1543 Ὑμῖν
162 1505 218 1534 οἷον
233 1507 325 1542 ἔρεξα,
340 1507 484 1542 διάκτορον
502 1506 581 1541 ἔργον
594 1505 732 1540 ὑφαίνων;

64 1554 98 1582 15
120 1554 218 1588 Ὑμεῖς
233 1553 363 1588 διχθαδίῳ
381 1562 415 1589 με
432 1553 507 1588 σοφῷ
523 1552 687 1587 κικλήσκετε
706 1550 784 1586 μύθῳ

64 1600 214 1635 Κοίρανον,
230 1600 335 1634 ὑμείων
349 1608 380 1626 τε
393 1598 554 1626 διδάσκαλον
564 1606 571 1613 ·
592 1597 726 1628 ἀπλανέες
742 1596 771 1623 δὲ

63 1645 152 1672 Τοῦτο
166 1644 258 1676 καλῶς
275 1644 427 1679 φθέγγεσθε
447 1644 597 1679 δαήμονες·
614 1643 673 1678 εἰμὶ
688 1642 743 1678 γὰρ
763 1642 844 1678 ἄμφω

70 1692 115 1723 Ὠς
129 1691 180 1727 ἐμὲ
199 1690 356 1727 μυθίζεσθε.
373 1690 407 1718 11
421 1690 594 1726 Φιλοστόργῳ
607 1689 636 1716 δὲ
648 1689 757 1724 μενοινῇ

66 1737 98 1764 Εἰ
112 1737 199 1769 πόδας
214 1736 316 1773 ὑμείων
334 1735 448 1772 καθαρῷ
463 1735 596 1771 φαίδρυνα
608 1734 721 1769 λοετρῷ,

71 1785 196 1820 Ἡγητὴρ
212 1784 261 1810 καὶ
279 1782 346 1816 ἄναξ
361 1783 528 1819 περιδέξιος·
548 1781 617 1809 ἀλλὰ
632 1781 680 1808 καὶ
692 1780 795 1812 αὐτοὺς

73 1829 234 1855 Ἀντίτυπον
248 1828 327 1863 θέμις
346 1829 420 1855 ἐστὶν
434 1828 501 1863 ὲμὸν
522 1826 636 1862 μίμημα
653 1825 787 1861 μαθόντας

72 1875 186 1911 Ὺμέας,
204 1874 328 1910 ἀλλήλων
343 1874 448 1909 φιλίους
458 1873 542 1904 πόδας
562 1871 640 1898 ὖδατι
655 1871 770 1898 νίπτειν.

69 1921 103 1947 1¹5
111 1921 217 1955 Δεῖγμα
226 1920 280 1955 γὰρ
286 1919 383 1945 ἔπλετο
391 1918 469 1945 τοῦτο
475 1917 646 1950 διδάσκαλον,
653 1916 725 1951 ὄφρα
733 1915 779 1942 καὶ
787 1915 865 1950 ὑμεῖς

71 1966 172 2002 Ἔργον
185 1966 253 2001 ὅπερ
268 1965 368 2000 ποίησα
384 1964 465 1999 σοφὸν
482 1962 611 1998 τελέσητε
629 1961 677 1988 καί
692 1961 770 1988 αὐτοὶ

68 2012 173 2044 Πάντες
188 2012 217 2038 ὲν
231 2010 385 2046 ἀλλήλοισιν
399 2009 536 2045 ἁμοιὸαίῳ
550 2008 604 2034 τινὶ
621 2005 726 2042 θεσμῷ·

77 2056 198 2091 Ίσοφυὲς
210 2056 326 2092 μίμημα
342 2056 477 2091 δαήμονος
494 2053 660 2090 ἡγεμονῆος.

71 2103 105 2131 16
120 2103 157 2130 Οὑ
171 2102 236 2129 πέλε
246 2102 340 2138 λάτρις
351 2102 467 2133 ἄνακτος
476 2101 625 2137 ὑπέρτερος
636 2107 644 2115 '
662 2098 722 2126 οὐδέ
738 2107 780 2130 τις
797 2097 867 2134 ἀνὴρ

77 2148 225 2183 Ἡγεμόνος
250 2147 410 2183 πέμψαντος
428 2145 579 2178 ἀπόστολός
594 2145 668 2172 ἔστιν
683 2144 794 2180 ἀρείων.

72 2194 106 2221 1⁵1
120 2194 151 2220 ΕΞ
163 2194 192 2220 δὲ
205 2194 277 2229 λόγῳ
291 2194 354 2221 τάδε
371 2193 462 2220 πάντα
477 2192 604 2229 νοήσατε,
622 2191 670 2218 καὶ
684 2191 743 2222 νὸος
760 2189 832 2226 ἔργῳ

873 1565 896 1596 C

906 950 989 978 simul
1007 955 1113 976 omnes.
1138 947 1168 974 11
1193 945 1262 980 Quia
1290 949 1370 972 antea
1398 944 1503 972 sciebat
1524 943 1617 970 animo
1635 942 1702 976 Quis

906 998 984 1026 illum
1003 997 1045 1024 vir
1061 999 1134 1024 esset
1153 994 1255 1022 Iudaeis
1272 993 1431 1029 proditurus
1457 991 1583 1019 Venalcm
1607 991 1697 1018 hosti-

906 1046 979 1080 bus;
1009 1045 1072 1080 quis
1099 1043 1255 1079 negotiator
1278 1044 1352 1069 esset
1372 1039 1461 1068 exitii.
1486 1039 1602 1075 Propter
1624 1038 1699 1074 quod

907 1095 965 1123 Deo
991 1092 1153 1130 pr0pinquis
1177 1091 1235 1118 Rex
1265 1090 1334 1117 dixit
1361 1089 1523 1124 discipulis:
1552 1087 1698 1123 Expertem

907 1143 991 1172 errati
1009 1149 1108 1177 purum
1125 1140 1247 1168 animum
1267 1138 1346 1166 scitis
1361 1141 1387 1166 et
1400 1137 1465 1172 ipsi,
1481 1137 1528 1165 sed
1544 1144 1599 1165 non
1621 1136 1705 1164 simul

908 1199 1014 1220 omnes.
1031 1190 1065 1217 12
1076 1189 1174 1218 Servili
1196 1192 1287 1215 autem
1313 1187 1372 1222 lege
1388 1184 1505 1219 Quando
1525 1185 1704 1213 convivarum

913 1239 1059 1270 duodecim
1073 1238 1208 1266 circulum
1223 1235 1377 1272 pervadens
1391 1234 1469 1262 Lavit
1485 1241 1598 1262 suorum
1614 1235 1706 1263 socio-

909 1297 970 1317 rum
989 1295 1072 1324 puros
1088 1285 1173 1322 pedes
1189 1289 1303 1314 sanctus
1320 1282 1401 1311 Jesus
1416 1282 1632 1314 Recumbentes,
1650 1289 1702 1318 .re-

909 1338 1037 1373 ciprocus
1048 1343 1126 1364 suam
1141 1334 1231 1362 induit
1247 1333 1369 1360 tunicam
1382 1341 1389 1360 :
1404 1331 1437 1360 Et
1457 1339 1557 1359 manus
1577 1331 1701 1358 cubitum

909 1387 1033 1414 volutum
1060 1383 1173 1411 firmans
1198 1381 1275 1416 151
1301 1380 1446 1418 Summum
1475 1380 1550 1408 circa
1573 1380 1707 1407 ambitum

910 1433 1060 1462 concordis
1088 1432 1115 1460 in
1146 1438 1239 1459 amore
1266 1437 1383 1463 mensae,
1416 1429 1489 1457 Dixit
1516 1429 1575 1458 suis
1601 1430 1706 1458 sociis:

911 1481 1087 1518 Cognoscitis
1103 1481 1155 1508 hoc
1170 1484 1197 1507 et
1212 1479 1264 1514 ipsi
1280 1478 1365 1506 Vobis
1382 1478 1448 1514 quid
1466 1479 1588 1511 fecerim,
1609 1478 1709 1506 servile

913 1539 984 1567 opus
1002 1529 1119 1559 texens?
1138 1529 1172 1556 15
1194 1527 1249 1555 Vos
1268 1527 1371 1562 duplici
1394 1534 1437 1554 me
1457 1526 1575 1561 sapienti
1600 1526 1704 1554 vocatis

914 1580 997 1607 verbo
1013 1578 1171 1609 Dominum,
1198 1581 1226 1606 et
1248 1580 1370 1604 vestrum
1392 1575 1571 1610 magistrum;
1592 1582 1647 1602 non
1663 1582 1708 1602 er-

913 1633 1006 1656 rantes
1018 1631 1109 1655 autem
1121 1625 1178 1654 Hoc
1190 1626 1261 1653 bene
1274 1621 1369 1662 dicitis
1381 1623 1541 1659 prudentes,
1557 1631 1617 1651 sum
1633 1623 1707 1650 enim

914 1681 1063 1711 utrumque
1075 1675 1112 1702 Ut
1127 1681 1171 1702 me
1186 1673 1303 1700 vocatis.
1317 1672 1352 1700 M
1365 1671 1501 1699 Benevolo
1511 1675 1604 1699 autem
1615 1671 1709 1698 animo

917 1725 947 1753 Si
970 1725 1055 1760 pedes
1072 1727 1181 1751 vestros
1202 1728 1272 1757 puro
1296 1721 1445 1755 expurgavi
1467 1720 1588 1752 lavacro,
1609 1719 1666 1747 Dux
1684 1724 1712 1747 et

915 1782 963 1803 rex
987 1773 1115 1808 sapiens;
1142 1769 1191 1798 sed
1212 1774 1239 1797 et
1259 1769 1336 1804 ipsos
1359 1769 1400 1796 Ad
1423 1775 1583 1803 expressam
1602 1767 1643 1796 fas
1657 1772 1700 1796 est

915 1831 1005 1851 meam
1021 1821 1202 1850 imitationem
1226 1819 1365 1847 discentes
1385 1817 1450 1850 Vos,
1474 1817 1590 1845 invicem
1611 1817 1711 1845 charos

917 1875 1001 1911 pedes
1016 1879 1087 1908 aqua
1095 1872 1196 1899 lavare.
1210 1870 1241 1898 15
1249 1868 1412 1903 Exemplum
1423 1867 1495 1895 enim
1511 1871 1571 1895 erat
1583 1866 1636 1894 hoc
1654 1867 1705 1894 do-

916 1932 992 1956 cens,
1017 1927 1046 1950 ut
1060 1926 1088 1950 et
1102 1929 1151 1950 vos
1167 1920 1242 1957 Opus
1255 1918 1327 1955 quod
1343 1918 1395 1946 feci
1411 1917 1532 1953 sapiens,
1556 1916 1668 1945 faciatis
1683 1921 1711 1945 et

916 1977 967 2012 ipsi
985 1975 1087 2003 Omnes
1108 1973 1226 2001 invicem
1245 1975 1340 1998 mutua
1362 1969 1480 2006 quadam
1500 1969 1572 2004 lege.
1593 1967 1712 2003 Compar

916 2028 1070 2062 exemplum
1093 2026 1173 2064 periti
1198 2024 1289 2052 ducis.
1307 2021 1341 2050 16
1362 2021 1422 2049 Non
1444 2025 1487 2049 est
1508 2021 1634 2048 minister
1648 2027 1712 2055 rege

924 2079 1061 2114 superior,
1076 2084 1164 2112 neque
1177 2075 1278 2110 aliquis
1300 2073 1344 2101 vir
1365 2072 1440 2100 Duce
1459 2072 1585 2099 mittente
1605 2071 1711 2106 legatus

919 2133 961 2156 est
981 2128 1088 2155 melior.
1106 2126 1139 2154 17
1152 2125 1180 2152 Si
1195 2132 1259 2152 vero
1275 2123 1381 2151 ratione
1399 2122 1457 2150 haec
1471 2122 1563 2150 omnia
1576 2120 1712 2149 intellexi-

919 2180 979 2211 stis,
1009 2183 1035 2206 et
1052 2186 1128 2206 mens
1145 2184 1207 2204 cum
1222 2183 1305 2212 opere
1325 2173 1489 2207 Certaverit,
1519 2173 1613 2207 utique
1639 2170 1708 2200 estis

74 2240 184 2278 ’Πρισε,
193 2224 295 2276 καίπερ
306 2239 388 2275 ἔφυτε
399 2224 577 2275 μακάρτέροι.
587 2237 620 2265 18
629 2237 666 2264 Οὐ
678 2236 742 2272 περὶ
752 2224 852 2263 πάντωπ

917 2231 1060 2260 beatiores.
1078 2228 1111 2257 18
1124 2227 1184 2256 Non
1202 2227 1237 2256 de
1250 2226 1378 2255 omnibus
1392 2225 1453 2253 Dixi
1470 2225 1547 2253 vobis
1561 2224 1614 2251 alio
1638 2228 1709 2258 puro

680 2312 823 2342 TEXTUS
843 2307 1109 2340 EVANGELIST/E.

106 2376 125 2404 8
145 2376 229 2411 Λέγει
250 2375 326 2411 αὑτῷ
346 2375 465 2412 Πέτρος’
482 2375 520 2402 Οὐ
541 2374 579 2410 μὴ
601 2373 683 2411 νίψῃς
705 2374 770 2405 τοὺς
787 2372 870 2404 πόδας

77 2427 127 2453 μου
142 2419 182 2450 είς
194 2418 241 2444 τὸν
254 2418 352 2445 αἰῶνα.
373 2416 525 2452 Ἀπεκρίθη
544 2415 620 2451 αὐτῷ
632 2417 647 2443 ό
667 2414 786 2450 Ἰησοῦς·
808 2413 871 2440 Ἐὰν

75 2459 116 2495 μὴ
129 2460 200 2494 νίψω
215 2467 256 2492 σε,
269 2459 319 2487 οὐκ
339 2458 412 2494 ἔχεις
430 2458 513 2495 μέρος
532 2458 590 2493 μετ’
606 2456 686 2492 ἐμοῦ.

113 2501 132 2528 9
151 2501 234 2535 Λέγει
251 2500 326 2536 αὐτῷ
343 2500 436 2536 Σίμων
454 2500 570 2539 Πέτροςο
584 2499 682 2534 Κύριε,
697 2498 734 2534 μὴ
747 2498 810 2529 τοὺς
821 2496 873 2523 πό⁸

77 2543 125 2575 δας
137 2551 188 2578 μου
204 2544 295 2578 μόνον,
308 2542 377 2569 ἀλλὰ
389 2542 436 2569 καὶ
445 2541 495 2573 τὰς
502 2542 607 2577 χεῖρας,
624 2539 725 2575 καὶτὴν
735 2539 866 2574 κεφαλήν.

114 2585 148 2612 10
167 2584 248 2619 Λέγει
264 2583 339 2620 αὑτῷ
353 2585 368 2610 ό
381 2583 495 2619 Ἰησοῦς·
513 2583 542 2610 '0
553 2581 714 2617 λελουμένος
728 2580 758 2608 οὐ
775 2581 871 2616 χρείαν

80 2627 136 2662 ἔχει
151 2626 169 2662 ἦ
186 2627 249 2658 τοὺς
264 2626 349 2658 πόδας
364 2624 505 2661 νίψασθαι,
520 2624 578 2651 ἀλλ’
594 2623 652 2650 ἔστι
667 2622 785 2658 καθαρὸς
801 2621 872 2653 ὄλος⁸

79 2669 127 2695 καὶ
143 2668 222 2704 ὑμεῖς
238 2667 355 2703 καθαροί
370 2668 443 2700 ἐστε,
460 2666 518 2694 ἀλλ’
534 2665 595 2700 οὐχὶ
611 2665 724 2697 πάντες.

115 2710 148 2737 11
173 2710 252 2746 ᾚδει
275 2709 333 2745 γὰρ
349 2709 395 2736 τὸν
414 2708 598 2744 παραδιδόντα
619 2706 717 2735 αὐτόν·
733 2705 778 2733 διὰ
795 2704 874 2732 τοῦτο

80 2749 173 2779 εἶπεν·
193 2752 261 2787 Οὐχὶ
275 2752 376 2783 πάντες
389 2749 505 2786 καθαροί
521 2750 593 2776 ἐστε.

116 2793 151 2820 12
170 2793 236 2820 Ὅτε
251 2790 298 2820 οὖν
315 2792 391 2827 ἕνιψε
409 2792 474 2824 τοὺς
504 2791 590 2823 πόδας
610 2789 712 2823 αὐτῶν,
730 2788 777 2816 καὶ
793 2787 872 2815 ἒλαὸε

81 2835 115 2861 τὰ
129 2835 226 2870 ἱμάτια
240 2834 332 2866 αὐτοῦ,
352 2833 496 2861 ἀναπεσὼν
513 2832 602 2865 πάλιν,
621 2829 697 2858 εἷπεν
709 2831 800 2862 αὐτοῖς
811 2841 816 2845 -
827 2830 872 2856 Γι‹

82 2876 201 2905 νὼσκετε
218 2876 244 2904 τί
261 2875 399 2907 πεποίηκα
414 2875 495 2908 ὑμῖν;

962 2369 994 2396 l3
1017 2366 1112 2401 Ὑμεῖς
1130 2363 1246 2399 φωνεῖτέ
1264 2371 1298 2398 με
1309 2371 1317 2378 ·
1341 2362 1371 2388 '0
1388 2359 1548 2391 διδάσκαλος
1566 2358 1613 2385 καὶ
1627 2358 1641 2384 ὑ
1657 2356 1715 2385 Κύ-

924 2419 981 2448 ριος
991 2418 998 2425 ⁸
1017 2408 1064 2436 καὶ
1076 2407 1170 2448 καλῶς
1184 2405 1277 2448 λέγέτε
1286 2413 1303 2448 ’γ
1312 2403 1370 2448 εἰμὶ
1385 2402 1448 2448 γάρ·

961 2440 994 2480 lt
1013 2451 1045 2477 Et
1057 2447 1104 2476 οὖν
1119 2448 1175 2483 ὲγὼ
1196 2447 1276 2481 ενιψα
1293 2446 1370 2481 ὑμῶν
1393 2444 1456 2476 τοὺς
1471 2442 1565 2474 πόδας,
1586 2442 1600 2467 δ
1614 2440 1716 2476 Κύριος

924 2494 971 2522 καὶ
987 2495 1001 2520 ό
1017 2490 1188 2521 διδάσκαλος,
1213 2489 1261 2516 καὶ
1285 2489 1366 2524 ὑμεῖς
1390 2485 1512 2521 ὀφείλετε
1533 2483 1654 2520 ἀλλήλων
1676 2483 1716 2510 νίς

921 2543 997 2564 πτειν
1013 2534 1077 2565 τοὺς
1093 2532 1186 2563 πόδας.

959 2577 994 2605 15
1019 2575 1188 2609 ’Υπόδειγμα
1212 2572 1268 2608 γὰρ
1284 2571 1372 2597 ἔδωκα
1389 2570 1464 2605 ὑμῖν,
1480 2568 1523 2595 ἴνα
1548 2566 1638 2599 καθὼς
1661 2567 1717 2602 ἐγὼ

924 2619 1042 2654 ἐποίησα
1062 2617 1138 2652 ὑμῖν,
1152 2614 1200 2642 καὶ
1215 2614 1294 2648 ὑμεῖς
1306 2612 1412 2647 ποιῆτε.

963 2650 1004 2687 16·
1022 2650 1110 2694 ’Δμῆν
1125 2656 1198 2693 ἀμὴν
1214 2655 1286 2689 λέγω
1304 2654 1380 2690 ὑμῖν,
1391 2653 1442 2679 οὐκ
1463 2651 1521 2678 ἔστι
1539 2651 1632 2694 δοῦλος
1656 2650 1721 2694 μείς

924 2702 977 2734 ζων
996 2700 1044 2728 τοῦ
1055 2691 1158 2735 ’κὺρίου
1177 2691 1265 2724 αὑτοῦ
1276 2717 1284 2730 ,
1306 2696 1367 2724 οὐδὲ
1386 2693 1536 2725 ἀπόστολος
1554 2692 1657 2728 μείζων
1668 2691 1717 2717 τοῦ

924 2742 1081 2779 πέμψαντος
1095 2740 1186 2768 αὐτόν.

1013 2784 1046 2811 El.
1061 2771 1148 2809 ταῦτα
1176 2779 1277 2814 οἴδατε,
1304 2777 1434 2814 μακάριοί
1458 2777 1522 2804 ἐστε
1545 2774 1593 2802 ἐὰν
1616 2771 1715 2807 ποιῆτι

926 2826 1006 2854 αὑτά.

963 2868 996 2897 l8
1015 2867 1052 2894 oo
1068 2867 1131 2902 περὶ
1153 2869 1263 2898 πάντων
1282 2865 1356 2900 ὑμῶν
1368 2864 1453 2899 λέγωι
1468 2861 1524 2897 εγὼ
1538 2854 1700 2888 οῖδαοῦςὲξ-
