1953 3040
235 140 286 168 867

836 129 943 158 NONNI
962 128 1214 158 PANOPOLI'I‘ANI

1826 120 1887 148 868

238 210 266 236 in
282 207 364 235 domo
379 204 470 232 Patris
485 203 557 231 Sunt
574 201 732 230 mansiones
750 199 849 228 ordine
863 207 1024 236 compares;
1043 201 1050 223 Α

1115 188 1207 215 mm
1220 187 1243 214 δ’
1260 185 1436 221 ὑψιμέδοντος
1451 182 1519 220 ἐμοῦ
1536 182 1607 210 κατὰ
1619 181 1698 217 δῶμα
1708 181 1816 217 Τοκῆος

1118 235 1142 250 .‘.
1160 233 1235 250 ..λιν-ἲ
1256 231 1395 250 mmmam“;
1405 229 1548 250 ἠιιῆἵυνερ·
1566 228 1713 250 somniari:
1727 227 1757 250 δὲ

239 253 360 290 spatiosa
377 259 442 279 vero
459 250 517 278 Nisi
533 250 603 277 atrio
621 248 711 282 amplo
731 247 844 283 praedita
871 255 931 274 mea
955 251 1030 274 esset

240 298 384 333 hospitalis
403 297 476 329 aula,
492 294 577 322 Vobis
598 295 693 329 utique
716 294 848 322 dixissem
862 293 936 328 quod
961 300 1031 327 pra:-

240 350 339 372 cursor
353 343 441 370 iturus
465 341 529 373 sim,
546 339 581 367 Ut
592 346 741 374 praeparent
759 339 919 374 percapacis
941 337 1030 365 domi-

241 390 334 418 cilium
354 388 432 420 aulre,
456 386 571 421 Dignum
595 386 673 413 vobis
695 385 803 413 noviter
822 385 924 412 factum
941 384 1031 411 locum

242 440 354 467 texens;
376 435 393 461 5
407 433 439 460 Et
453 437 516 469 post
531 431 653 459 divinum
670 431 759 459 solum
783 431 966 466 paratissima;
981 430 1033 457 do«

243 490 305 509 mus
323 481 454 508 Revertar
469 481 638 515 reciprocus,
651 479 679 506 in
694 482 826 506 aeternum
843 478 932 505 solum
947 481 1034 504 attra-

244 528 312 555 hens
328 525 394 557 Vos,
411 530 441 553 ut
456 526 590 554 maneatis
609 525 723 553 comites
740 524 787 551 ubi
803 531 901 551 maneo
921 522 1035 550 immor-

245 574 315 600 tales
342 573 511 600 habitatores
539 581 545 599 :
571 572 588 599 4
606 578 693 598 meam
719 572 790 597 viam
818 570 896 597 scitis
921 574 948 596 ct
975 576 1034 596 vos.

246 619 329 646 Dixit.
353 619 370 646 5
391 618 513 646 Audiens
538 625 603 645 vero
629 617 777 644 binominis
797 616 889 644 sonuit
905 615 1036 647 Thomas,

247 664 333 698 Quem
353 664 496 700 Didymum
521 668 649 699 parentes
667 667 812 695 vocarunt,
833 671 868 690 ex
888 670 943 698 quo
960 661 1038 698 pueri

247 710 357 739 Octava:
387 711 529 737 oriebatur
556 709 662 744 cupida:
693 709 913 736 circumcisionis
941 712 1039 736 cursus

249 764 355 785 aurorze
373 765 379 783 ε
397 755 533 788 Nondum,
552 755 622 788 Rex,
645 755 750 782 scimus
775 762 829 790 quo
854 754 930 790 pedis
957 752 1040 781 vesti-

249 803 324 838 gium
350 802 468 829 incitas:
486 800 688 828 Dimensionem
712 799 785 827 unde
808 800 942 827 sciremus
963 799 1041 825 inve-

251 848 405 884 stigabilem
420 849 471 875 viae
481 847 493 874 2
503 847 519 874 6
532 846 613 874 Iesus
628 851 717 873 autem
730 845 834 877 sonuit,
852 845 979 872 audiendi
993 851 1042 871 cu-

251 879 345 929 pidum
373 893 463 920 virum
493 892 596 919 docens
611 900 618 918 :
634 890 708 923 Vita,
733 895 760 918 et
781 891 893 923 veritas,
918 895 946 918 et
970 894 1044 917 recta
1060 879 1082 906 Β

251 947 314 967 sum
335 938 379 965 via
395 947 402 965 :
418 937 480 964 Vita
494 944 556 972 ego,
576 940 604 964 et
619 936 683 963 vitm
698 935 762 968 via;
779 943 832 962 non
849 938 939 970 potest
954 937 1045 962 autem

251 987 292 1013 Ad
317 985 401 1013 Deum
421 984 533 1012 Patrem
550 983 645 1012 venire
670 983 810 1010 terrestris
829 982 882 1013 vir,
906 981 965 1009 Nisi
985 981 1046 1015 quis

253 1039 302 1067 per
317 1039 359 1058 me
371 1038 386 1057 a
406 1029 461 1057 Deo
473 1029 622 1064 impulsum
639 1027 784 1063 vestigium
797 1026 966 1059 ineitaverit,
983 1025 1048 1053 Pero

252 1078 356 1104 vadens
375 1080 476 1103 rectam
491 1075 563 1101 viam
584 1081 633 1109 per
649 1072 750 1100 Filium
778 1072 812 1099 ad
835 1071 956 1099 Patrem.
981 1071 998 1097 7
1018 1070 1047 1097 Si

253 1131 319 1151 vero
336 1122 464 1156 deiloquo
481 1127 525 1147 me
542 1120 666 1155 sapiente
686 1118 887 1154 cognovissetis
909 1123 1047 1150 sermone,

254 1169 295 1196 Ex
313 1176 357 1196 me
373 1167 576 1203 cognosceretis
597 1170 624 1194 et
640 1165 829 1201 altiregentem
844 1163 952 1191 Patrem
965 1171 972 1190 :
988 1162 1048 1190 Jam

255 1220 330 1242 vero‘
349 1214 439 1248 ipsum
470 1211 654 1247 eognovistis,
679 1215 706 1238 et
732 1209 920 1245 altiregentem
948 1209 1047 1236 edocti.

257 1259 374 1287 slesum
385 1265 450 1286 vero
466 1257 611 1292 Philippus
625 1263 676 1284 suo
687 1255 818 1283 demulsit
828 1255 912 1282 verbo
926 1263 933 1281 :
947 1254 968 1280 0
981 1253 1047 1286 Rex,

257 1310 334 1331 tuum
362 1303 471 1331 Patrem
502 1303 558 1330 tuis
588 1301 703 1330 Ostende
726 1300 872 1335 discipulis
898 1309 906 1327 :
928 1298 1051 1327 Ostende

258 1355 336 1377 tuum
357 1350 513 1380 Parentem,
530 1351 558 1376 et
576 1347 695 1376 sullieiat
716 1347 808 1374 nobis.
827 1347 843 1375 9
860 1345 942 1374 Jesus
959 1349 1050 1373 autem

259 1396 338 1429 dixit,
357 1394 505 1423 invisibilis
520 1393 611 1422 Patris
633 1393 784 1430 Cognatam
801 1393 920 1420 divinam
937 1391 1051 1419 formam

260 1443 364 1471 habens
397 1442 516 1469 humana
549 1440 641 1475 specie
665 1449 672 1467 :
695 1439 784 1467 Tanto
810 1447 882 1471 sum,
915 1437 1051 1472 Philippe,

261 1491 342 1525 longo
371 1495 494 1524 tempore
520 1487 566 1515 hic
600 1494 714 1514 manens
745 1486 868 1514 Consors
894 1489 994 1517 vester,
1026 1486 1053 1511 et

260 1543 350 1563 meam
378 1541 433 1561 n0n
459 1532 552 1561 vidisti
580 1532 702 1560 faciem?
731 1531 815 1567 158
844 1530 941 1558 Omnis
972 1529 1054 1557 homo

261 1581 309 1616 qui
339 1588 383 1608 me
416 1579 510 1611 novit,
542 1578 624 1605 etiam
661 1583 793 1606 aeternum
828 1576 896 1603 vidit
931 1567 1091 1602 Patrem.C-

261 1629 387 1657 Nondum
418 1627 498 1655 [idem
521 1626 605 1654 habes
624 1627 698 1662 quod
723 1632 835 1660 compar
863 1632 924 1653 sum
952 1622 1054 1656 Patris,

262 1678 297 1705 Et
323 1677 403 1704 Pater
434 1675 557 1704 continet
587 1683 630 1703 me
648 1683 702 1702 una
735 1673 916 1702 conveniente
945 1671 1055 1712 forma?

263 1726 297 1754 Et
307 1725 379 1753 unde
392 1724 515 1761 postulas
529 1731 544 1750 a
561 1731 604 1751 me
634 1723 722 1751 divisa
749 1722 867 1758 quadam
885 1722 953 1757 lege,
978 1720 1056 1747 Mon-

264 1780 320 1805 stra
354 1775 420 1802 mihi
439 1774 569 1802 Patrem?
598 1780 679 1808 quem
712 1772 806 1799 vidisti
840 1778 884 1798 me
907 1769 1056 1805 aspiciens,

263 1825 304 1853 Ex
319 1824 401 1852 corde
424 1823 507 1860 [meo]
525 1821 636 1858 quando
657 1820 772 1849 verbum
787 1824 894 1847 erueto.
911 1818 945 1845 to
962 1816 992 1845 In
1013 1824 1056 1844 me

264 1881 390 1906 manens,
417 1871 533 1907 Adjutor
555 1870 620 1898 mihi
639 1869 762 1905 loquenti
786 1868 867 1896 Pater
883 1874 961 1895 meus
985 1873 1056 1901 opus

268 1922 345 1950 texit.
362 1921 489 1948 Nondum
515 1920 708 1947 testilicantem
732 1924 888 1945 sermonem
909 1915 1058 1943 conﬁrmas

266 1970 317 1999 stis
332 1973 440 2002 mente;
455 1968 489 1994 Et
502 1975 609 1995 mecum
627 1970 670 1994 est
680 1966 762 1993 Pater
776 1972 865 1997 meus,
881 1964 946 1999 quia
961 1967 988 1990 et
1001 1962 1059 1997 ipse

266 2017 369 2046 Insitus
388 2024 449 2045 sum
462 2016 535 2043 Patri
549 2025 557 2050 ;
573 2023 634 2051 ego,
646 2016 776 2049 loquens:
794 2013 840 2040 ille
855 2020 930 2043 vero,
946 2011 1060 2039 faciens.

267 2065 300 2094 ﬂ
315 2066 344 2093 Si
358 2073 414 2093 non
438 2064 506 2092 mihi
531 2063 658 2095 creditis,
675 2061 847 2097 sapientibus
869 2059 974 2087 credite
994 2059 1062 2088 solis

267 2113 402 2149 0pcribus
419 2112 535 2146 nostris,
555 2114 586 2139 ut
602 2110 776 2146 cognoscatis
790 2113 818 2137 et
833 2116 882 2136 vos
896 2107 1061 2136 Societatem

269 2159 414 2190 indiiisam
430 2168 486 2188 uno
497 2160 674 2196 conjunctam
689 2158 819 2194 repagqu
828 2167 836 2192 ;
857 2157 919 2184 Filii
937 2157 965 2184 in
980 2156 1062 2184 Patre

1084 235 1144 262 Εἰσὶ
1159 233 1238 270 μοναὶ
1256 231 1395 267 στοιχηδὸν
1405 229 1548 266 ὁμόζυγες·
1566 228 1713 264 εὐρυτενὴς
1727 227 1757 254 δὲ

1084 281 1116 307 Et
1130 279 1167 315 μὴ
1179 276 1403 314 πουλυμέλαθρος
1414 275 1468 311 ἐμὴ
1486 275 1552 302 πέλε
1570 274 1702 305 πάνδοκος
1715 273 1798 308 αὑλὴ,

1090 326 1171 361 Ὑμῖν
1184 324 1230 352 καί
1245 333 1293 351 κεν
1310 323 1401 350 ἔειπον
1413 323 1454 349 ὅτι
1467 321 1648 357 προκέλευθος
1665 319 1779 351 ὁδεύσω,

1088 372 1179 407 Ὀφρα
1190 378 1238 397 κεν
1258 368 1360 396 ὲντὺνω
1371 366 1550 402 πολυχανδέος
1566 365 1651 392 ἔνδιον
1663 364 1759 399 αὐλῆς,

1089 417 1180 450 ’Λξιον
1194 415 1297 451 ὑμείων
1311 413 1458 449 νεοτευχέα
1467 413 1556 448 χῶρον
1570 410 1702 445 ὑφαίνων·

1087 464 1104 491 5
1119 463 1174 490 Καὶ
1191 461 1260 499 μετὰ
1274 461 1401 489 θέσκελον
1412 458 1492 490 οὖδας
1503 457 1688 494 ὲτοιμοτάτοιο
1704 454 1843 491 μελάθρου

1089 510 1221 544 Νοστήσω
1240 507 1411 543 παλίνορσος,
1433 507 1461 537 ές
1478 504 1615 541 ἄμϐροτον
1628 501 1709 533 οὖδας
1724 501 1850 528 ἀνέλκων

1097 555 1207 591 ’Υμέας,
1221 554 1292 590 ὄφρα
1306 553 1405 589 μένητε
1424 551 1570 587 συνήλυδες
1586 549 1686 576 ὁππόθι
1702 548 1796 584 μίμνω

1091 600 1233 628 Ἀθάνατοι
1247 599 1389 634 ναετῆρες·
1401 599 1418 625 4
1433 597 1502 633 ἐμὴν
1519 596 1579 622 ὁδὸν
1596 595 1653 622 ἴστε
1665 594 1712 621 καὶ
1725 593 1816 620 αὐτοί.

1093 646 1235 673 Ἕννεπεν.
1249 645 1267 672 5
1281 645 1398 671 Εἰσαΐων
1411 643 1440 670 δὲ
1457 641 1591 676 διώνυμος
1612 640 1671 675 ῐαχε
1687 639 1800 674 Θωμᾶς.

1096 693 1144 719 "Ov
1156 692 1270 726 Δίδυμον
1284 690 1429 725 γενετῆρες
1446 688 1585 723 ὲφήμισαν
1600 687 1674 720 ἐξότε
1686 686 1786 721 κοῦροι.)

1100 737 1246 772 ὐγδοάτης
1258 735 1382 763 ἀνέτελλε
1395 734 1561 769 φιλοτμήτου
1572 732 1673 768 δρόμος
1684 732 1762 767 ἠοῦς-

1095 783 1189 815 Οὑπω,
1206 782 1301 814 Ἀναξ,
1318 781 1436 816 έδάημεν
1450 780 1504 814 ὅπη
1517 778 1597 810 ποδὸς
1612 779 1686 813 ῐχνος
1702 778 1838 811 ὲπείγεις·

1095 830 1192 865 Μέτρα
1207 828 1287 855 πόθεν
1300 826 1457 861 δυνάμεσθα
1473 825 1567 860 μαθεῖν
1578 824 1696 859 ἀκίχητα
1710 823 1857 857 κελεύθους

1095 877 1111 903 6
1131 874 1236 911 Ἰησοῦς
1253 874 1276 901 δ’
1295 874 1402 908 ίάχησε,
1420 872 1550 907 φιλήκοον
1563 870 1647 907 ἄνδρα
1660 870 1809 897 διδάσκων·

1096 921 1167 958 Ζωὴ,
1179 920 1292 956 ἀληθείη
1309 928 1338 946 τε
1354 919 1401 945 καὶ
1415 917 1508 953 ὁρθιός
1521 918 1579 952 εἰμι
1594 916 1703 951 παρείη·

1097 967 1158 1003 Ζωὴ
1172 965 1238 1000 ἐγὼ,
1251 965 1349 1000 βιότοιο
1364 964 1412 991 καὶ
1427 961 1560 998 ἀτραπός·
1575 962 1606 988 οὑ
1621 961 1734 988 δύναται
1747 959 1778 986 δὲ

1098 1015 1145 1045 Εἰς
1164 1012 1230 1039 Θεὸν
1249 1012 1289 1043 εἰς
1302 1010 1440 1046 Γενετῆρα
1459 1008 1549 1044 μολεῖν
1563 1007 1671 1043 γαιήῖος
1686 1007 1768 1042 ἀνὴρ,

1098 1060 1130 1087 Εἰ
1146 1060 1182 1094 μή
1195 1067 1237 1090 τις
1248 1058 1282 1084 δι’
1297 1058 1375 1093 ἐμεῖο
1385 1056 1530 1083 θεόσσυτον
1544 1055 1616 1090 ἴχνος
1626 1054 1743 1088 ἐπείγει,

1099 1105 1217 1140 Στείχων
1230 1102 1297 1139 ὀρθὰ
1313 1101 1429 1129 κέλευθα
1443 1101 1477 1127 δι’
1492 1100 1570 1132 Υίέος
1586 1101 1626 1131 εἰς
1640 1098 1789 1134 Γενετῆρα.

1100 1151 1116 1177 7
1129 1151 1160 1177 Ei.
1171 1150 1199 1176 δὲ
1214 1149 1356 1185 θεορῤήτῳ
1373 1156 1406 1183 με
1422 1146 1498 1181 σοφῷ
1513 1145 1662 1180 γινώσκετε
1680 1143 1770 1179 μύθῳ,

1099 1195 1146 1231 ἘΞ
1160 1196 1259 1232 ἐμέθεν
1271 1194 1409 1230 γνώσεσθε
1420 1193 1468 1220 καὶ
1479 1191 1645 1227 ὑψιμέδοντα
1661 1190 1755 1225 Τοκῆα

1103 1244 1183 1279 ’Λρτι
1197 1242 1225 1269 δέ
1241 1250 1286 1278 μιν
1302 1239 1473 1276 φράσσασθε,
1486 1238 1534 1265 καὶ
1553 1237 1733 1272 Ὑψιμέδοντα
1754 1234 1895 1271 μαθόντες.

1102 1288 1118 1315 8
1128 1287 1233 1322 Ίησοῦν
1245 1286 1273 1313 δὲ
1285 1285 1419 1316 Φίλιππος
1434 1283 1471 1319 έῷ
1488 1282 1627 1319 μειλίξατο
1639 1281 1727 1317 μύθῳο

1101 1332 1137 1361 Ὦ
1152 1333 1231 1366 Ἀνα,
1249 1333 1296 1359 σὺν
1309 1331 1447 1366 Γενετῆρα
1458 1331 1530 1360 τεοῖς
1540 1328 1670 1360 ἀνάφαινε
1687 1326 1825 1361 μαθηταῖς
1835 1332 1842 1338 ·

1103 1380 1216 1407 Δείκνυε
1231 1379 1277 1405 σὺν
1289 1378 1436 1412 Γενετῆρα,
1454 1375 1502 1402 καὶ
1516 1375 1611 1411 ἄρκιον
1628 1374 1700 1408 ἄμμι
1714 1370 1846 1406 γενέσθω.

1102 1426 1119 1454 9
1130 1424 1236 1461 Ἰησοῦς
1251 1424 1273 1451 δ’
1289 1423 1434 1458 ἀγόρευεν,
1447 1422 1578 1457 ἀθηήτοιο
1592 1421 1614 1446 Τ
1615 1420 1697 1454 οκῆος

1103 1470 1231 1505 Συμφυὲς
1243 1468 1335 1496 ἔνθεον
1345 1466 1413 1498 εἶδος
1426 1466 1495 1502 έχων
1509 1465 1654 1501 βροτοειδέῖ
1674 1465 1777 1501 μορφῇ·

1103 1516 1221 1552 Τηλίκον
1237 1515 1305 1550 εἰμὶ,
1318 1514 1446 1545 Φίλιππε,
1464 1512 1547 1539 πολὺν
1563 1512 1658 1547 χρόνον
1678 1511 1771 1538 ἐνθάδε
1792 1512 1898 1547 μίμνων

1107 1562 1244 1597 Ξύννομος
1258 1561 1372 1596 ὑμείων,
1390 1560 1438 1586 καὶ
1452 1558 1522 1594 ἐμὴν
1533 1558 1583 1584 οὐκ
1595 1556 1663 1589 εἶδες
1674 1558 1806 1592 ὁπωπήν;

1110 1608 1191 1644 159
1201 1609 1257 1639 Πᾶς
1270 1607 1364 1642 βροτὸς
1376 1607 1404 1637 ὅς
1418 1613 1451 1641 με
1459 1605 1547 1640 νόησε,
1558 1604 1605 1631 καὶ
1616 1604 1728 1638 ἄφθιτον
1736 1601 1790 1630 εἶδε
1798 1603 1898 1638 Τοκῆα.

1109 1654 1193 1682 Οὔπω
1208 1654 1298 1680 πίστιν
1317 1653 1389 1688 έχεις
1403 1653 1445 1678 ὅτι
1460 1651 1578 1686 σύζυγός
1589 1651 1648 1686 εἰμι
1661 1651 1776 1686 Τοκῆος,

1110 1701 1166 1728 Καὶ
1178 1700 1294 1736 Γενέτης
1310 1699 1423 1735 μεθέπει
1436 1707 1469 1734 με
1487 1699 1533 1734 μιῇ
1546 1697 1700 1732 συναηρότα
1715 1698 1821 1732 μορςεῇ;

1111 1746 1167 1773 Καὶ
1177 1745 1259 1772 πόθεν
1271 1745 1385 1777 αἰτίζεις
1399 1753 1433 1779 με
1446 1743 1616 1779 μεριζομένῳ
1625 1742 1677 1769 τινὶ
1691 1741 1796 1777 θεσμῷ,

1111 1792 1203 1825 Δεῖξον
1220 1792 1282 1827 ἐμοὶ
1295 1791 1449 1825 Γενετῆρα;
1464 1790 1512 1816 τὺν
1527 1789 1641 1824 ἔδρακες
1657 1789 1695 1820 είς
1714 1788 1764 1824 ἐμὲ
1778 1787 1896 1814 λεύσσων

1117 1837 1286 1873 Ἐκκραδίης
1299 1837 1344 1863 ὅτε
1358 1836 1442 1871 μῦθον
1459 1835 1619 1871 ὲρεύγομαι.
1631 1834 1663 1861 10
1676 1835 1722 1865 Είς
1733 1833 1783 1869 ἐμὲ
1798 1834 1899 1869 μίμνων

1111 1883 1194 1914 Ξυνδς
1206 1883 1268 1919 ὲμοὶ
1280 1882 1402 1909 λαλέοντι
1414 1882 1510 1917 Πατὴρ
1526 1881 1592 1916 ὲμδς
1606 1881 1686 1915 ἔργον
1700 1881 1826 1914 ὑφαίνει·

1113 1929 1196 1956 Οὔπω
1211 1929 1337 1964 μάρτυρα
1354 1928 1437 1964 μῦθον
1456 1926 1644 1954 ὲπιστώσασθε
1663 1927 1787 1962 μενοινῇ-

1112 1975 1168 2001 Καὶ
1183 1975 1231 2001 σὺν
1243 1975 1304 2010 ἐμοὶ
1321 1974 1426 2001 τελέθει
1441 1973 1556 2009 Γενέτης
1568 1973 1644 2008 ὲμδς,
1661 1973 1717 1999 ὅττι
1733 1973 1780 1999 καὶ
1791 1973 1870 2004 αὑτὸς

1113 2019 1256 2056 Σύμφυτός
1276 2020 1333 2055 εἰμι
1348 2019 1450 2055 Τοκῆος
1460 2027 1466 2034 ·
1488 2018 1544 2053 ἐγὼ
1561 2018 1674 2052 λαλέων,
1689 2019 1703 2044 ὁ
1720 2018 1748 2044 δὲ
1762 2018 1857 2053 ῥέζων.

1113 2066 1145 2092 Η
1165 2066 1197 2092 Et
1214 2066 1251 2101 μὴ
1269 2066 1331 2101 ἐμοὶ
1350 2064 1489 2097 πείθεσθε,
1504 2066 1596 2099 σοφοῖς
1615 2063 1780 2091 πιστεύσατε
1800 2064 1901 2099 μούνοις

1115 2111 1227 2147 Ἔργοις
1239 2111 1413 2147 ἡμετέροισιν
1424 2119 1431 2126 '
1446 2110 1491 2138 ἵνα
1503 2109 1646 2146 γνώσησοε
1662 2110 1710 2137 καὶ
1724 2110 1804 2136 αὑτοὶ

1114 2155 1250 2192 Συζυγίην
1263 2156 1410 2192 ἀμέριστον
1423 2157 1464 2184 ὲν).
1476 2155 1635 2192 ζευχθεῖσαν
1652 2156 1724 2191 ὀχῆῖ,

869 2215 1011 2244 TEXTUS
1032 2215 1300 2244 ΕνΑΝοΕιιετιΕ.

303 2278 321 2305 ‘2
341 2278 386 2304 Ἐν
397 2278 430 2313 τῇ
447 2276 521 2311 οίκίᾳ
541 2277 588 2302 τοῦ
608 2276 715 2311 Πατρός
735 2284 786 2311 μου
813 2275 893 2310 μοναὶ
909 2275 1004 2302 πολλαί
1025 2276 1065 2302 εἰ·
1082 2277 1103 2304 Ι)
1118 2283 1185 2301 κατε
1197 2274 1287 2302 αὐτόν.

270 2329 325 2347 σιν·
345 2320 369 2346 εἰ
385 2318 413 2345 δὲ
431 2319 480 2354 μὴ,
497 2315 573 2344 εἷπον
588 2317 621 2344 ἂν
643 2318 723 2353 ὑμῖν⁸
740 2317 898 2352 Πορεύομαι
917 2317 1062 2352 ἑτοιμάσαι

268 2361 351 2389 τόπον
368 2362 443 2396 ὑμῖν.

306 2403 323 2430 5
335 2403 389 2430 Καὶ
399 2402 446 2429 εὰν
460 2401 596 2438 πορευθῶ,
611 2401 659 2428 καὶ
673 2400 812 2436 ἑτοιμάσω
829 2401 893 2436 ὑμῖν
909 2400 1002 2434 τόπον,
1015 2401 1064 2428 πά-

269 2445 311 2472 λιν
328 2445 454 2480 ἕρχομαι,
475 2445 522 2471 καὶ
542 2443 739 2479 παραλήψομαι
754 2443 827 2478 ὑμᾶς
845 2442 913 2478 πρὸς
928 2443 1062 2478 ἐμαυτόν·

271 2488 315 2514 ἵνα
329 2487 396 2513 ὅπου
411 2486 470 2521 εἰμὶ
486 2485 541 2520 ἐγὼ
556 2486 604 2512 καὶ
621 2485 700 2520 ὑμεῖς
715 2483 776 2520 ἦτε.

306 2528 323 2555 4
340 2529 395 2555 Καὶ
408 2526 545 2561 ὄπουέγὼ
564 2527 662 2561 ὑπάγω
686 2527 790 2558 οἴδατε,
814 2526 862 2554 καὶ
878 2526 927 2562 τὴν
949 2526 1008 2554 ὁδὸν
1027 2526 1066 2552 οῖ-

271 2569 345 2596 δατε.

308 2610 325 2637 5
352 2610 430 2643 Λέγει
452 2609 527 2644 αύτῷ
551 2610 668 2644 Θωμᾶς·
690 2609 792 2645 Κύριε,
811 2610 861 2637 οὑκ
881 2609 992 2645 οἴδαμεν
1014 2609 1065 2636 ποῦ

272 2652 403 2686 ὑπάγεις·
420 2652 468 2678 καὶ
482 2651 541 2684 πῶς
557 2651 697 2686 δυνάμεθα
707 2651 758 2686 τὴν
775 2650 834 2678 ὁδὸν
849 2652 965 2685 είδέναις

308 2695 325 2721 6
339 2694 419 2728 Λέγει
442 2693 517 2729 αὐτῷ
533 2693 547 2719 ὁ
564 2693 668 2728 Ἰησοῦς
679 2702 685 2707 ·
707 2692 778 2727 Ἐγώ
788 2694 845 2729 εἰμι
861 2695 877 2729 ἠ
894 2694 964 2725 ὁδὸς,
985 2693 1032 2720 καί
1049 2694 1065 2728 ὴ

273 2736 396 2771 ἀλήθεια,
420 2736 466 2762 καὶ
485 2737 501 2771 ή
522 2735 590 2770 ζωή.
608 2735 703 2766 Οὐδεὶς
727 2735 836 2771 ἔρχεται
861 2736 931 2771 πρὸς
950 2734 995 2762 τὸν
1011 2735 1068 2761 Πα-

272 2778 340 2814 τέρα
354 2779 377 2804 εἰ
396 2777 433 2813 μὴ
449 2777 481 2804 δι’
497 2776 575 2813 ἐμοῦ.

310 2819 325 2846 7
345 2819 377 2846 Εἰ
393 2819 538 2854 ἐγνώκειτέ
558 2826 604 2853 με,
631 2817 678 2844 καὶ
698 2817 743 2844 τὸν
769 2818 882 2854 Πατέρα
909 2827 958 2854 μου
983 2817 1068 2853 ἐγνώη

274 2870 348 2889 κειτε
366 2861 398 2889 ἄν
410 2869 416 2877 ”
435 2862 483 2889 καὶ
504 2860 551 2889 ἀπ’
572 2860 634 2895 ἄρτι
648 2859 796 2895 γινώσκετε
812 2860 905 2895 αὑτὸν,
920 2861 965 2888 καὶ
979 2860 1066 2894 ἑωρά-

1151 2317 1167 2344 8
1182 2317 1262 2350 Λέγει
1281 2315 1356 2351 αὐτῷ
1376 2316 1523 2347 Φίλιππος·
1548 2314 1646 2349 Κύριε,
1671 2311 1758 2345 δεῖξον
1781 2311 1846 2347 ἡμῖν
1863 2311 1902 2338 τὸν

1117 2358 1237 2393 Πατέρα,
1253 2359 1302 2385 καὶ
1312 2358 1392 2394 ἀρκεῖ
1408 2359 1483 2393 ἡμῖν.

1157 2401 1174 2428 9
1195 2400 1275 2435 Λέγει
1297 2400 1371 2435 αὑτῷ
1394 2400 1407 2426 ὁ
1438 2398 1556 2434 Ἰησοῦς·
1580 2397 1713 2424 Τοσοῦτον
1736 2395 1832 2430 χρόνον
1848 2395 1902 2430 μεθ⁵

1118 2444 1194 2480 ὑμῶν
1211 2443 1279 2478 ειμι,
1300 2443 1346 2470 καὶ
1362 2442 1412 2468 οὐκ
1435 2441 1557 2475 ἔγνωκάς
1579 2447 1633 2475 με;
1652 2438 1778 2469 Φίλιππε,
1794 2438 1902 2480 δεωρα-

1117 2479 1174 2517 κὼς
1191 2485 1251 2520 ἐμὲ,
1266 2483 1372 2520 ἑώρακε
1387 2483 1432 2510 τὸν
1449 2482 1577 2517 Πατέρα·
1599 2480 1647 2508 καὶ
1669 2479 1728 2512 πῶς
1748 2482 1780 2506 σὺ
1805 2479 1900 2513 λέγεις’

1118 2527 1209 2560 Δεῖξον
1223 2527 1289 2562 ἡμῖν
1304 2526 1349 2552 τὸν
1361 2525 1486 2560 Πατέρα;

1155 2569 1190 2596 10
1204 2568 1241 2595 Of)
1256 2567 1392 2599 πιστεύεις
1404 2567 1445 2593 ὃτι
1460 2565 1515 2600 ἐγὼ
1526 2566 1554 2591 ὲν
1566 2564 1605 2599 τῷ
1618 2564 1718 2599 Πατρὶ,
1730 2563 1777 2590 καὶ
1788 2564 1802 2589 ὁ
1817 2562 1902 2597 Πατὴρ

1119 2612 1148 2638 ὲν
1164 2609 1225 2646 ὲμοί
1242 2610 1318 2643 ὲστι;
1335 2609 1371 2635 τὰ
1384 2609 1495 2645 ῥήματα
1505 2607 1523 2634 ὃ.
1534 2606 1589 2641 ἐγὼ
1599 2605 1673 2633 λαλῶ
1685 2606 1760 2640 ὑμῖν,
1770 2605 1817 2632 ἀπ’
1829 2606 1903 2639 ἐμαυ-

1119 2651 1165 2679 τοῦ
1181 2653 1210 2678 οὑ
1225 2651 1297 2678 λαλῶ
1306 2660 1312 2666 ·
1326 2652 1340 2678 ὁ
1350 2651 1378 2677 δὲ
1390 2650 1485 2686 Πατὴρ
1495 2651 1509 2677 ὀ
1519 2650 1548 2676 ὲν
1562 2649 1625 2684 ἐμοὶ
1637 2647 1736 2683 μένων,
1749 2646 1830 2678 αὐτὸς
1841 2645 1902 2672 ποιεῖ

1119 2694 1155 2721 τὰ
1171 2694 1248 2730 ἔργα.

1155 2728 1191 2763 Η-
1207 2733 1354 2762 Πιστεύετέ
1377 2743 1421 2770 μοι
1442 2734 1483 2761 ὅτι
1505 2732 1560 2769 ἐγὼ
1583 2732 1613 2760 έν
1637 2731 1677 2768 τῷ
1707 2731 1806 2766 Πατρὶ,
1832 2728 1901 2757 καὶὸ

1119 2777 1213 2814 Πατὴρ
1231 2778 1259 2804 ἐν
1288 2777 1349 2812 ὲμοί
1374 2777 1447 2803 ἐστιν
1470 2784 1477 2792 ³
1512 2776 1537 2803 εί
1567 2775 1595 2802 δὲ
1623 2775 1682 2810 μὴ,
1711 2772 1756 2801 διὰ
1783 2772 1817 2800 τὰ
1843 2772 1901 2808 ἔργα

1119 2820 1189 2847 αὐτά
1208 2818 1350 2846 πιστεύετέ
1371 2827 1426 2854 μοι.
