1953 3040
99 143 154 172 869

97 204 165 231 Τιοῦ
179 204 268 241 Πατρὶ
283 205 420 241 μένοντος,
438 206 467 233 ὲν
481 207 542 234 Υἱὲῖ
555 209 578 235 Π
582 209 665 244 ατρὸς
679 209 780 241 ἐόντος.

97 250 133 277 12
150 249 308 287 ἱΜάρτυρος
327 252 518 288 ὲμπεδόμυθος
533 253 608 290 ἀμὴν
623 255 698 291 ἀμὴν
717 255 796 290 λόγος
813 256 895 294 ἔστω]

98 296 158 328 Πᾶς
174 296 269 332 βροτὸς
282 298 420 334 ἡμετέρην
435 299 577 334 ἀστεμφέα
589 301 682 328 πίστιν
696 302 794 335 ἀέξων,

99 341 190 377 Ἔργα
205 341 295 378 τάπερ
311 342 406 376 τελέω,
421 343 591 379 μιμούμενος
602 346 684 379 αὐτὸς
699 347 824 380 ἀνύσσει,

97 387 154 414 Καὶ
169 387 274 415 τούτων
288 389 356 417 πολὺ
370 390 470 425 μᾶλλον
481 390 621 428 ὑπέρτερα
634 392 762 428 θαύματα
774 393 859 430 ῥέξει,

98 432 177 460 Ὀττι
192 433 283 468 μολεῖν
293 434 424 470 ἀκίχητος
440 435 588 473 ἐπείγομαι
601 438 641 470 εἰς
653 438 798 475 Γενετῆρα,

97 478 133 505 15
152 477 274 505 Ὀππόσα
287 479 309 506 δ¹
320 480 443 517 αἰτίζητε
460 482 525 518 παρ’
537 482 661 518 semoto
676 484 792 520 Τοκῆος,

97 523 208 559 υὺνομα
220 524 416 561 κικλήσκοντες
429 527 440 553 ὲ
445 527 506 562 μὸν,
525 527 668 564 ξύμπαντα
681 530 812 563 τελέσσω,

98 570 191 606 Ὀφρα
203 572 298 607 Πατὴρ
308 572 441 607 ἄχραντος
451 573 481 600 ἐν
497 574 557 601 Υἱέῖ
571 575 684 611 κύδιμος
698 578 751 612 εἴη.

97 615 133 642 14
147 615 194 652 [Εἴ
202 615 227 643 τί
239 625 287 643 κεν
301 617 425 653 αἰτίζητε
441 620 506 655 παρ’
521 619 698 655 ὑψιμέδοντος
716 621 859 654 Ἀνακτος,

96 660 207 696 Οΰνομα
218 663 412 698 κικλήσκοντες
427 665 503 700 ἐμὸν,
521 665 665 701 ξύμπαντα
678 667 820 705 τελέσσω.]

96 707 132 735 15
146 708 178 734 Εἰ
193 708 221 735 δέ
237 718 271 745 με
287 710 452 746 πιστοτάτης
463 712 555 749 φιλίης
565 713 702 746 ξυνώσατε
718 715 821 751 θεσμῷ,

103 753 257 791 Ἢμετέρην
274 757 441 791 πραπίδεσσι
460 759 599 794 φυλάξατε
611 762 702 788 πᾶσαν
718 763 856 798 ἐφετμήν

97 799 132 827 16
148 801 203 827 Καὶ
217 801 285 828 Θεὸν
299 803 404 838 αἰτήσω
420 804 537 841 Γενέτην
553 806 630 842 ὲμδν,
645 807 717 843 όςρρα
731 816 778 834 κεν
793 808 857 844 ὑμῖν

95 847 250 884 Οὑρανόθεν
263 848 380 884 πέμψειε
394 850 574 888 Παρὰκλητον
586 854 770 890 μετανάστην,

55 913 64 919 .
95 892 209 928 Χριστῷ
228 893 359 928 σύγγονον
373 894 461 929 ἄλλον,
479 897 596 932 ὁμοίϊον,
612 898 727 934 ἔμπεδον
743 901 797 927 αἰεὶ

102 939 245 975 Ἀτρεκὶης
263 939 393 976 ὁχετηγόν
407 950 414 958 ·
436 942 468 970 17
493 943 562 979 ὅπερ
591 945 765 981 πολύμορφος
787 947 891 983 ἀείρειν

100 985 139 1011 Οὐ
153 985 265 1012 δύναταί
284 995 348 1013 ποτε
366 988 478 1024 κόσμος,
498 989 539 1016 ὅτι
560 990 656 1026 βροτὸς
675 991 772 1019 οὔποτε
786 993 894 1022 λεύσσει

94 1030 212 1066 Τηλίκον
226 1032 418 1068 ἀνδρομέοισιν
433 1035 461 1061 ὲν
479 1035 605 1071 ὄμμασιν
618 1037 765 1073 ἀρχέγονον
781 1039 850 1074 φῶς,

94 1076 209 1112 Πνεῦμα
222 1077 290 1104 Θεοῦ
309 1079 470 1116 Γενετῆρος·
487 1081 659 1118 ὲσαθρήσητε
670 1084 698 1111 δὲ
711 1084 803 1120 μοῦνοι

99 1123 196 1159 ’Υμείς
213 1124 303 1153 ἔνθεον
318 1123 387 1159 εἴδος
404 1127 534 1164 ἀθηήτοιο
553 1130 711 1165 προσώπου.

96 1169 177 1205 160
193 1170 270 1197 Ὅττι
286 1171 347 1206 μεθ’
366 1172 468 1208 ὑμείων
481 1174 582 1209 μενέει,
604 1176 650 1203 καὶ
660 1177 805 1212 ὁμόστολον
815 1180 892 1208 ἔσται

99 1216 191 1252 Ὑμῖν,
205 1217 313 1250 πάντας
327 1218 388 1254 ἕχον
400 1220 495 1256 νοερὸν
507 1219 599 1256 δόμον.
612 1222 646 1250 18
663 1224 700 1250 Οὐ
715 1225 769 1262 γὰρ
783 1226 856 1254 ἐάσω

99 1261 203 1297 Ὑμέας
219 1263 347 1300 οὐρανίης
361 1264 484 1300 ίσόζυγος
499 1267 578 1300 ἐκτὸς
593 1269 706 1305 ἀρωγῆς

99 1307 281 1343 Ὀρφανικούς
291 1317 299 1325 ·
312 1310 420 1346 ταχινὸς
437 1311 465 1338 δὲ
480 1313 548 1348 πρὸς
564 1313 651 1349 ὑμέας
665 1313 744 1349 αὖθις
759 1317 853 1346 ἱκάνω.

92 1353 127 1381 19
147 1354 227 1386 Bm;
237 1354 276 1381 ἔτι
288 1356 384 1391 χρόνος
396 1357 479 1389 ἐστὶν,
497 1359 567 1395 ἐμὴν
584 1360 628 1387 ὅτε
650 1361 764 1390 θέσπιδα
782 1365 890 1402 μορφὴν

92 1400 193 1426 Οὐκέτι
210 1401 312 1437 κόσμος
328 1401 441 1434 ἄπιστος
453 1403 591 1439 ἐσόψεται,
611 1406 669 1433 ἀλλ’
689 1408 739 1443 ἐμὲ
761 1409 855 1445 μοῦνοι

92 1445 240 1478 Λεύσσετε,
255 1447 302 1473 καὶ
317 1447 387 1482 μετὰ
405 1450 486 1482 γαῖαν
501 1451 544 1476 ἀεὶ
555 1450 633 1483 ζώων
648 1452 689 1480 ὃτι
702 1454 805 1489 μίμνω,

94 1492 151 1518 Καὶ
168 1491 201 1519 δι’
216 1493 265 1528 ἐμὲ
284 1492 439 1529 ξύμπαντες
451 1496 494 1522 ἀεὶ
513 1496 606 1529 ζὼοιτε
620 1499 667 1525 καὶ
683 1500 771 1535 ὑμεῖς.

95 1537 143 1574 [20
165 1538 208 1571 Ὡς
218 1539 248 1565 ὲν
259 1539 317 1574 ἐγὼ
329 1540 456 1577 Γενετῆρι
470 1542 545 1569 πέλω
559 1543 691 1578 γνώσεσθ’
706 1546 735 1573 ὲν
749 1547 851 1584 ἐκείνῃ,

99 1583 194 1619 Ὑμεῖς
210 1585 257 1611 καὶ
270 1585 318 1612 σὺν
334 1586 406 1621 ἐμοὶ,
420 1587 468 1614 καὶ
480 1588 536 1623 ἐγὼ
549 1589 588 1616 ὅθ’
599 1590 751 1625 ὁμόπλοκος
763 1593 853 1630 opim]
902 1588 925 1618 ο

90 1630 123 1657 21
139 1629 233 1662 Ὅστις
249 1629 319 1666 ἔχων
330 1632 511 1668 πραπίδεσσιν
522 1634 592 1669 ἐμὰς
605 1635 740 1663 τελέσειεν
755 1629 887 1674 ἐφετμάς,

91 1673 177 1708 οὗτος
186 1676 256 1712 ἀνὴρ
267 1677 353 1711 φιλέει
371 1687 416 1713 με,
431 1679 479 1706 καὶ
494 1679 616 1714 εὐαγέως
628 1681 790 1716 ἀγαπάζων,

93 1721 190 1748 Ἔσται
203 1721 261 1758 ὲμῷ
278 1723 407 1760 Γενετῆρι
422 1724 481 1761 Θεῷ
495 1726 680 1762 πεφιλημένος
695 1728 775 1764 ἁνήρ.

91 1765 192 1793 Τοῦτον
206 1768 365 1804 όμοστόργῳ
378 1769 426 1796 καὶ
441 1769 497 1804 ἐγὼ
515 1772 726 1808 προσπτύξομαι
739 1773 848 1810 ἀρθμῷ,

90 1812 147 1838 Καί
160 1813 184 1839 οἱ
202 1812 328 1840 θέσκελον
345 1812 416 1846 εἶδος
430 1815 496 1851 ἐμοῦ
516 1817 597 1852 χροὸς
608 1818 707 1845 αὐτίκα
722 1818 811 1852 δείξω.

78 1856 127 1883 ,2‘2
147 1857 250 1892 Ἰησοῦν
268 1858 290 1884 δ’
313 1859 482 1894 ἀπάμειπτο,
503 1862 552 1888 καὶ
564 1861 674 1889 ἔννεπεν
684 1862 764 1895 ἄλλος
784 1863 884 1896 Ἰούδας

90 1901 155 1933 Υἱὸς
173 1901 319 1936 Ἰακώϐοιο,
331 1905 379 1931 καὶ
393 1905 424 1931 οὺ
438 1904 541 1940 θρασὺς
559 1907 738 1944 Ἰσκαριώτης
750 1917 757 1924 ·

90 1946 219 1982 Κοίρανε,
240 1947 300 1980 πῶς
311 1949 371 1976 τεὸν
387 1947 457 1982 εἶδος
471 1950 644 1988 ὀμοφρονέων
661 1953 822 1988 ἀναφαίνεις

89 1990 207 2024 Μούνοις
222 1994 278 2025 σοῖς
290 1994 418 2030 ἑτάροισι,
437 1995 484 2022 καὶ
499 1996 529 2023 οὺ
542 1996 655 2033 οηήτορι
671 1998 785 2034 κόσμῳ;

89 2037 125 2066 23
146 2038 250 2074 Ἰησοῦς
265 2038 287 2066 δ’
299 2039 440 2076 ἀγόρευεν,
457 2042 597 2079 ὁμόφρονα
609 2043 686 2079 φῶτα
701 2044 846 2073 διδάσκωνν

553 150 797 180 PAllAPllllASlS
816 152 849 180 IN
868 153 1036 182 JOANNEM.
1056 170 1089 178 η
1108 154 1186 183 CAP.
1206 154 1277 183 XIV.

1687 159 1741 188 870

914 215 936 243 Λ
952 200 1135 244 manentis.in
1150 211 1220 240 Filio
1235 213 1326 241 Patris
1340 214 1512 244 essistentis.
1527 216 1561 243 12
1574 215 1740 246 Testiﬁcans

951 256 1122 293 ﬁrmiloquus
1138 258 1224 286 Amen
1247 258 1332 287 Amen
1359 268 1450 288 sermo
1472 262 1517 293 sit.
1542 261 1639 291 Omnis
1656 263 1743 290 homo

950 307 1072 332 nostram
1088 304 1228 332 immotam
1244 305 1325 333 ﬁdem
1343 313 1457 342 augens.
1476 307 1563 342 Opera
1581 316 1641 344 quae
1655 309 1740 342 facio,

950 351 1061 379 imitans
1083 351 1144 387 ipse
1161 352 1296 387 perﬁciet.
1322 353 1356 380 Et
1379 354 1422 382 bis
1447 355 1532 382 multo
1548 357 1739 389 prmstantiora

950 398 1082 426 miracula
1111 398 1213 431 faciet,
1242 399 1313 432 Quia
1338 401 1432 428 venire
1455 400 1742 436 incomprehensibilis

950 443 1050 471 festino
1071 444 1105 472 ad
1130 444 1252 474 Patrem.
1279 446 1312 473 13
1328 446 1506 482 ρυπειιιιιμιθ
1520 455 1586 475 vero
1605 448 1741 482 petieritis

949 489 984 518 ab
1001 490 1134 518 altissimo
1149 491 1240 524 Patre,
1256 491 1362 520 Nomen
1375 493 1535 521 invocantes
1561 501 1662 526 meum,
1686 501 1742 521 om-

949 535 995 563 nia
1021 536 1172 571 perficiatur,
1199 536 1234 565 Ut
1256 537 1337 566 Pater
1352 546 1439 573 purus
1463 539 1491 566 in
1513 538 1581 566 Filio
1604 539 1742 574 gloriosus

949 581 995 610 sit.
1013 582 1045 610 14
1062 582 1090 610 Si
1112 583 1178 619 quid
1196 584 1278 612 etiam
1298 585 1433 620 petieritis
1457 585 1491 613 ab
1511 586 1671 621 altiregente
1688 585 1741 613 Pa-

949 635 1008 664 tre,
1030 632 1134 661 Nomen
1155 633 1314 663 invocantes
1341 643 1448 668 mcum,
1472 635 1564 663 omnia
1589 635 1740 670 pernetam.

949 680 983 708 15
1006 681 1033 708 Si
1057 690 1122 710 vero
1147 691 1190 711 me
1207 683 1373 712 ﬁdelissima:
1403 684 1531 712 amicitiae
1555 683 1740 718 conjunxistis

948 729 1016 765 lege,
1033 730 1160 759 Nostrum
1173 733 1330 767 pectoribus
1343 737 1449 762 servate
1459 741 1541 760 omne
1553 737 1738 769 praeceptum;

940 781 982 809 16
998 781 1031 808 Et
1054 782 1139 809 Deum
1162 783 1297 817 precabor
1312 782 1421 811 Patrem
1444 791 1547 815 meum,
1564 787 1594 810 ut
1611 788 1639 810 et
1659 782 1738 810 vobis

947 829 1062 858 Ctelitus
1076 831 1168 858 mittat
1186 830 1358 859 Paracletum
1374 832 1519 865 advenam,
1543 832 1655 860 Christo
1669 838 1739 858 con-

947 879 1067 914 genitum
1087 880 1181 913 alium,
1202 880 1330 913 similem,
1349 880 1456 908 ﬁrmum
1481 889 1590 916 semper
1607 880 1738 909 Veritatis

948 926 1124 955 deductorem
1141 929 1195 955 :l7
1222 936 1303 963 quem
1325 929 1503 957 multiformis
1527 930 1652 964 accipere
1678 929 1739 957 Non

945 980 1035 1011 potest
1047 984 1166 1012 unquam
1183 977 1314 1010 mundus,
1330 978 1394 1013 quia
1408 978 1491 1006 homo
1510 986 1649 1013 nunquam
1663 978 1740 1006 vide-

945 1025 984 1053 bit
1001 1025 1067 1053 Tale
1081 1025 1210 1054 humanis
1227 1027 1316 1054 oculis
1338 1027 1532 1062 primigcnium
1549 1027 1653 1058 lumen,
1675 1027 1739 1062 Spi-

944 1075 1028 1102 ritum
1047 1073 1094 1102 Dei
1111 1073 1220 1107 Patris;
1240 1074 1394 1110 inspicietis
1415 1081 1504 1104 autem
1525 1076 1577 1103 soli
1595 1075 1649 1104 Vos
1669 1076 1739 1104 divi-

943 1130 1006 1150 nam
1029 1123 1148 1158 speciem
1172 1123 1319 1152 invisibilis
1346 1123 1437 1153 faciei.
1460 1125 1536 1160 161
1552 1124 1619 1152 Nam
1644 1125 1738 1153 vobis-

943 1179 1006 1199 cum
1035 1172 1168 1204 manebit,
1191 1175 1218 1199 et
1237 1179 1330 1200 eomes
1357 1173 1409 1200 erit
1434 1172 1530 1205 Vobis,
1546 1181 1641 1202 onmes
1662 1173 1736 1210 [vos]

942 1221 1047 1249 habens
1070 1221 1240 1256 spiritualcm
1270 1221 1392 1249 domum.
1422 1222 1456 1250 18
1481 1221 1541 1250 Non
1564 1231 1631 1251 sane
1652 1224 1736 1251 relin-

943 1277 1024 1306 quam
1042 1268 1098 1297 Vos
1112 1270 1217 1298 caelesti
1232 1277 1362 1306 compare
1381 1270 1486 1307 absque
1508 1271 1610 1299 auxilio
1629 1271 1737 1307 Orpha-

943 1325 1013 1350 nos;
1028 1317 1101 1345 celer
1115 1325 1180 1345 vero
1198 1318 1232 1345 ad
1250 1325 1299 1346 vos
1321 1326 1418 1347 rursus
1445 1320 1536 1347 venio.
1556 1319 1589 1347 l9
1603 1319 1736 1348 Pusillum

942 1364 1032 1392 adhuc
1048 1368 1157 1400 tempus
1174 1370 1228 1400 est,
1250 1374 1339 1394 meam
1354 1367 1464 1402 quando
1481 1367 1601 1396 divinam
1618 1368 1736 1396 formam

941 1412 1004 1440 Non
1026 1414 1144 1450 amplius
1162 1415 1280 1443 mundus
1305 1416 1464 1445 incredulus
1481 1417 1603 1452 videbit;
1621 1417 1669 1446 sed
1692 1426 1737 1446 me

941 1462 992 1490 soli
1013 1461 1154 1496 Videbitis,
1181 1467 1208 1491 et
1229 1467 1290 1499 post
1306 1468 1407 1492 terram
1430 1474 1538 1502 semper
1555 1466 1648 1496 virens
1669 1467 1735 1503 quia

941 1514 1050 1543 maneo,
1070 1509 1103 1538 Et
1115 1519 1162 1546 per
1180 1519 1224 1540 me
1251 1520 1346 1541 omnes
1363 1513 1460 1542 vivetis
1472 1518 1499 1542 et
1519 1522 1579 1542 vos.
1593 1515 1629 1542 20
1655 1515 1736 1548 Quod

943 1565 994 1595 ego
1006 1559 1034 1586 in
1051 1558 1132 1588 Patre
1146 1559 1209 1594 sim,
1227 1562 1398 1597 cognoscetis
1413 1562 1441 1589 iu
1465 1563 1511 1591 illo
1527 1563 1609 1600 [die].
1628 1563 1683 1592 Vos
1706 1569 1734 1593 et

943 1615 1061 1641 mecum,
1092 1611 1120 1636 et
1132 1616 1182 1645 ego
1204 1611 1277 1645 quod
1298 1611 1479 1646 complicatus
1501 1612 1590 1640 vobis.
1610 1612 1642 1640 21
1669 1612 1736 1647 Qui-

941 1663 1052 1692 cunque
1067 1656 1172 1686 habens
1187 1658 1215 1685 in
1233 1662 1342 1694 pectore
1353 1667 1414 1687 mea
1425 1659 1572 1696 perfecerit
1590 1662 1732 1695 mandata,

940 1703 992 1733 llic
1007 1705 1049 1732 vir
1063 1705 1151 1740 diligit.
1164 1713 1224 1739 me;
1240 1710 1268 1734 et
1285 1714 1352 1741 pure
1366 1707 1492 1743 diligens,
1509 1708 1568 1736 Erit
1583 1718 1644 1737 meo
1659 1710 1733 1738 Patri

939 1753 996 1783 Deo
1016 1755 1134 1783 dilectus
1166 1756 1218 1782 vir.
1249 1755 1327 1783 Hunc
1345 1757 1459 1792 aequalis
1479 1757 1677 1787 benevolentiae
1705 1765 1734 1788 et

938 1811 990 1840 ego
1015 1804 1166 1839 amplectar
1195 1803 1317 1837 fortiore,
1344 1804 1378 1832 Et
1408 1805 1433 1833 ei
1465 1805 1586 1834 divinam
1611 1809 1731 1842 speciem

938 1853 991 1880 mei
1008 1852 1133 1887 corporis
1154 1852 1248 1880 statim
1275 1853 1444 1881 monstrabo.
1460 1853 1496 1881 22
1517 1854 1583 1882 Jesu
1609 1863 1671 1883 vero
1686 1864 1731 1884 re-

938 1899 1049 1935 spondit
1065 1904 1093 1927 et
1117 1900 1186 1928 dixit
1209 1901 1280 1929 alius
1295 1900 1381 1929 Judas
1402 1901 1487 1931 Filius
1502 1902 1609 1937 Jacobi,
1630 1909 1657 1932 cl
1677 1913 1732 1934 non

939 1948 1027 1976 audax
1044 1948 1190 1976 lseariotes
1205 1959 1211 1976 :
1227 1949 1352 1982 Domine.
1369 1951 1506 1985 quomodo
1520 1956 1594 1979 tuam
1612 1953 1731 1988 speciem

937 1997 1114 2026 consentiens
1133 1998 1257 2026 ostendis
1282 1997 1354 2027 Solis
1377 1999 1431 2027 tuis
1454 2001 1550 2035 sociis,
1572 2008 1599 2029 et
1617 2009 1671 2029 non
1690 2002 1731 2029 in-

938 2045 1065 2081 spicienti
1083 2045 1205 2074 mundo?
1217 2045 1343 2076 23Jesus
1361 2053 1453 2076 autem
1469 2048 1548 2082 dixit,
1565 2049 1730 2078 concordent

691 2123 834 2153 TEXTUS
852 2123 1118 2153 EVANGELISTAE.

130 2200 163 2247 t2
183 2200 269 2247 Ἀμὴν
283 2201 357 2247 ἀμὴν
379 2203 545 2247 λέγω-ὑμῖν,
562 2206 577 2232 ὁ
593 2205 730 2234 πιστεύων
754 2207 795 2239 εἰς
820 2207 880 2243 ἐμὲ,
898 2211 921 2239 ι)
973 2208 1006 2236 18
1030 2207 1087 2235 Οὐκ
1116 2208 1214 2244 ἀφήσω
1240 2209 1313 2244 ὑμᾶς
1336 2210 1491 2246 ὀρφανούςσ
1517 2210 1634 2247 ἔρχομαι
1661 2212 1730 2247 πρὸς

87 2243 123 2269 τὰ
141 2241 211 2278 ἔργα
224 2242 242 2270 ἃ
259 2243 313 2277 ἐγὼ
328 2245 398 2271 ποιῶ
428 2245 554 2278 κάκεῖνος
569 2248 688 2283 ποιήσει,
709 2248 757 2275 καὶ
772 2241 884 2283 μείζονα

87 2283 192 2327 τούτων
222 2285 348 2321 ποιήσει’
373 2286 414 2313 ὅτι
443 2287 499 2322 ἐγὼ
528 2289 597 2324 πρὸς
620 2289 666 2317 τὸν
693 2289 802 2326 Πατέρα
833 2300 882 2327 μου

87 2325 254 2361 πορεύομαι.
371 2342 378 2345 -

125 2367 160 2395 15
173 2368 229 2395 Καὶ
239 2368 287 2395 ὅτι
303 2369 336 2396 ἂν
352 2371 485 2406 αἰτήσητε
503 2372 532 2398 ὲν
545 2371 583 2408 τῷ
596 2373 710 2408 ὀνόματί
729 2382 791 2409 μου,
805 2373 884 2400 τοῦτο

87 2409 210 2443 ποιήσω·
226 2409 268 2436 ἵνα
283 2409 398 2447 δοξασθῇ
413 2412 427 2439 ό
443 2412 538 2448 Πατὴρ
553 2413 582 2440 ὲν
600 2413 640 2449 τῷ
654 2415 721 2450 Υἱῷ.

124 2450 159 2476 14
190 2451 251 2478 Ἐάν
265 2459 292 2478 τι
306 2453 438 2488 αἰτήσητε
466 2455 495 2481 ὲν
521 2454 560 2490 τῷ
586 2455 698 2490 ὀνόματί
729 2465 800 2492 μου,
825 2457 882 2492 ἐγὼ

86 2501 244 2561 ποῗὲσῳέὰν
261 2535 387 2570 ἀγαπᾶτέ
408 2545 458 2572 με,
482 2537 532 2570 τὰς
555 2538 666 2571 ἐντολὰς
682 2539 730 2571 τὰς
747 2540 818 2576 ἐμὰς
833 2550 883 2576 τη-

178 2584 201 2603 ε.

88 2576 227 2658 ρὴῗῗῖπιίαὶ.
245 2618 300 2652 ἐγὼ
319 2620 451 2656 ἐρωτήσω
466 2621 511 2648 τὸν
528 2622 649 2658 Πατέρα,
665 2623 713 2650 καὶ
727 2623 805 2650 ἀλλον
825 2624 882 2651 Πα-

87 2657 223 2707 ρακλητον
243 2659 323 2688 δώσει
346 2662 421 2697 ὑμῖν,
441 2662 484 2689 ἵνα
508 2663 577 2700 μένῃ
593 2657 653 2699 μεθ’
679 2664 757 2700 ὑμῶν
776 2665 815 2697 εἰς
836 2666 881 2692 τὸν

84 2708 206 2783 ῗηξέατδ
216 2743 328 2779 Πνεῦμα
341 2746 392 2781 τῆς
405 2745 547 2781 ἀληθείας,
556 2747 569 2774 ὃ
584 2748 598 2774 6
609 2748 712 2783 κόσμος
722 2748 752 2775 οὐ
770 2748 881 2776 δύναται

84 2778 188 2824 λαϐεῖν,
212 2784 254 2811 ὅτι
280 2778 310 2812 οὐ
330 2778 429 2822 θεωρεῖ
449 2778 617 2823 αὐτοίούδὲ
640 2778 770 2824 γινώσκει
797 2791 879 2818 αὑτό·

87 2823 206 2900 ῗῖεζῖςέδὲ
222 2826 370 2860 γινώσκετε
385 2828 462 2864 αὐτὸ,
478 2829 519 2856 ὅτι
529 2831 593 2867 παρ’
611 2823 677 2867 ὑμῖν
693 2832 779 2868 μένει,
793 2834 838 2860 καὶ
851 2833 881 2861 ὲν

143 2874 157 2894 ν
184 2875 258 2897 σται.

935 2250 950 2276 ὑ
954 2250 1018 2285 μᾶς.

970 2291 1004 2320 19
1026 2291 1086 2318 Ἔτι
1102 2292 1209 2327 μικρὸν,
1227 2293 1274 2319 καὶ
1294 2293 1308 2319 ὁ
1324 2293 1426 2328 κόσμος
1442 2302 1475 2329 με
1491 2294 1540 2321 οὑκ
1558 2294 1598 2321 ἔτι
1613 2294 1726 2330 θεωρεῖ·

934 2335 1012 2369 ὑμεῖς
1024 2334 1053 2360 δὲ
1064 2333 1192 2369 θεωρεῖτέ
1205 2342 1240 2369 με
1250 2342 1256 2349 ·
1272 2334 1313 2360 ὅτι
1325 2334 1380 2369 ἐγὼ
1390 2335 1438 2368 ζῶ,
1449 2336 1497 2362 καὶ
1509 2336 1588 2371 ὑμεῖς
1599 2337 1631 2372 ζή
1637 2338 1724 2367 σεσθε.

969 2375 1003 2402 ΞΟ
1025 2376 1069 2402 Ἐν
1084 2375 1176 2412 ἐκείνῃ
1190 2377 1223 2411 τῇ
1245 2375 1338 2412 ἡμέρᾳ.
1358 2376 1496 2411 γνώσεσθε
1519 2377 1598 2413 ὑμεῖς
1614 2379 1654 2406 ὅτι
1672 2379 1729 2413 ἐγὼ

933 2417 962 2443 ὲν
973 2416 1012 2452 τῷ
1024 2417 1112 2453 Πατρί
1128 2426 1190 2452 μου,
1211 2418 1258 2444 καὶ
1276 2418 1354 2453 ὑμεῖς
1369 2419 1398 2445 ὲν
1417 2419 1490 2453 ἐμοὶ,
1510 2420 1588 2454 κάγὼ
1603 2422 1632 2448 ὲν
1650 2422 1726 2457 ὑμῖν.

968 2458 999 2486 21
1018 2458 1047 2485 '0
1061 2458 1130 2494 ἔχων
1145 2458 1194 2491 τὰς
1204 2459 1315 2492 ἐντολάς
1327 2468 1377 2496 μου
1391 2462 1438 2487 καὶ
1451 2461 1542 2496 τηρῶν
1552 2462 1647 2496 αὑτὰς,
1659 2464 1728 2491 ἐκεῖο

932 2501 976 2533 νός
988 2501 1064 2543 ἐστιν
1077 2502 1091 2527 ὁ
1107 2501 1222 2543 ἀγαπῶν
1236 2510 1286 2537 με·
1307 2502 1322 2528 ὁ
1334 2502 1362 2528 δὲ
1382 2502 1498 2537 ἀγαπῶν
1519 2512 1563 2538 με,
1579 2505 1727 2543 ἀγαπηθή-

934 2550 1008 2569 σεται
1021 2542 1073 2570 rma
1087 2542 1133 2569 τοῦ
1144 2543 1252 2579 Πατρός
1266 2552 1316 2579 μου
1327 2553 1335 2560 σ
1353 2544 1400 2571 καὶ
1417 2544 1472 2579 ἐγὼ
1484 2546 1622 2583 ἀγαπήσω
1633 2548 1726 2580 αὑτὸν,

933 2584 978 2610 καὶ
994 2583 1137 2619 ἐμφανίσω
1150 2584 1225 2619 αὑτῷ
1240 2585 1369 2621 ἐμαυτόν.

967 2626 1002 2653 22
1018 2627 1100 2662 Λέγει
1116 2627 1190 2663 αὑτῷ
1205 2628 1307 2661 Ἰούδας
1338 2629 1399 2666 (οὑχ
1415 2631 1430 2657 6
1454 2631 1653 2668 ’1σκαριώτης)·
1671 2633 1728 2660 Κύ-

934 2676 985 2702 ριε,
998 2668 1024 2694 τί
1042 2668 1153 2702 γέγονεν
1170 2669 1211 2697 ὅτι
1222 2671 1288 2706 ἡμῖν
1302 2671 1409 2707 μέλλεις
1423 2673 1585 2708 ἐμφανίζειν
1600 2675 1724 2708 σεαυτὸν,

931 2710 978 2736 καὶ
992 2711 1052 2745 οὐχὶ
1064 2711 1102 2747 τῷ
1115 2711 1226 2748 κόσμῳ;

966 2751 1001 2778 25
1022 2752 1170 2789 Ἀπεκρίθη
1187 2755 1201 2782 ὁ
1221 2754 1325 2790 Ἰησοῦς
1339 2756 1386 2783 καὶ
1397 2754 1474 2784 εἶπεν
1487 2757 1561 2793 αὐτῷ
1571 2765 1578 2772 ·
1606 2757 1670 2784 Ἐάν
1681 2766 1722 2789 τις

931 2793 1024 2835 ᾁγαπᾷ
1045 2803 1089 2829 με,
1100 2795 1147 2823 τὸν
1165 2796 1243 2831 λόγον
1258 2806 1308 2833 μου
1325 2799 1457 2834 τηρήσει-
1472 2799 1520 2826 καὶ
1535 2799 1550 2825 ὁ
1563 2799 1657 2834 Πατήρ
1670 2807 1723 2835 μου

931 2834 1068 2871 ἀγαπήσει
1093 2837 1187 2869 αὑτὸν,
1211 2839 1259 2865 καὶ
1282 2839 1352 2875 πρὸς
1375 2840 1456 2868 αὐτὸν
1477 2839 1652 2876 ἐλευσόμεθα,
1676 2844 1727 2870 καὶ

933 2876 1018 2912 μονὴν
1029 2878 1095 2913 παρ’
1115 2878 1191 2915 αὐτῷ
1206 2880 1367 2916 ποιήσομεν.
