1953 3040
94 188 149 216 κητ

538 178 781 210 PAliAPHRASIS
801 177 832 205 IN
852 175 1057 205 JOANNEM.-
1078 178 1154 207 CAP.
1174 178 1242 206 XVI.

1667 180 1717 210 s-m

91 239 97 274 ἱ
111 241 149 267 23
164 241 259 271 Ὅστις
274 239 434 274 ἀπεχθαίρει
452 246 483 274 με
502 238 546 264 καὶ
563 237 697 272 ἡμέτερον
712 235 857 270 Γενετῆρα,

947 234 1035 260 labent
1053 234 1165 261 liberam
1186 235 1340 269 insipientis
1360 236 1471 263 erroris.
1483 236 1518 264 ‘23
1533 237 1583 271 Qui
1600 239 1656 265 odit
1677 247 1719 266 me

93 285 180 318 οὗτος
197 284 384 316 ἀτασθάλλων,
401 283 563 319 ἀλιτήμονος
579 282 696 318 ἔμπλεος
712 282 791 317 ἀρῆς,

96 333 178 360 Missi
195 329 388 365 παμμεδέοντα
402 328 480 360 Θεὸν,
496 328 650 364 τεχνὴμονα
669 325 796 362 κόσμου.]

95 379 129 406 24
140 379 171 405 Et
184 377 221 412 μὴ
235 375 290 410 ἐγὼ
301 376 390 410 κάμον
401 374 470 410 ἔργα
479 374 513 401 τὰ
524 374 561 410 μὴ
574 373 659 409 μάθεν
670 373 749 405 ἄλλος
760 372 884 403 ἀνύσσαι,

95 422 190 450 Ad“.th
203 420 374 456 δερκομένων
389 419 434 446 ὅτε
452 419 590 455 μάρτυρες
606 416 676 454 ἦσαν
692 418 811 450 όπωπαὶ,

95 469 153 496 Οὐκ
168 467 203 495 ἂν
216 465 383 501 ἀτασθαλίης
396 465 563 501 ποινήτορας
576 462 650 500 εἶχον
660 464 778 500 ἀμοιόἁς
789 473 796 480 ·

95 514 153 541 Νῦν
163 513 193 540 δὲ
205 513 254 539 καὶ
267 512 421 548 εἰσορόωσι,
438 511 485 538 καὶ
499 510 672 547 ἀμφοτέρους
683 511 723 538 ένὶ
734 510 827 546 θεσμῷ

95 559 182 587 Αὑτὸν
198 559 249 594 ἐμὲ
265 557 409 592 στυγέουσι
422 557 469 584 καὶ
481 556 647 592 ὑψιμέδοντα
657 555 763 591 Τοκῆα.
839 550 843 553 ’

95 606 131 632 i5
149 603 229 630 Ἀλλά
240 603 323 638 νόμου
338 602 485 638 γραφικοίο
491 601 578 637 τόπερ
589 601 660 636 φάτο
674 601 802 632 θέσκελος
811 600 886 636 ὀμφὴ

103 651 214 685 Ἀνέρος
229 648 414 684 εὖφόρμιγγος
429 647 504 680 ὅπως
516 646 707 682 τετελεσμένον
719 646 761 681 εῐη
774 654 781 661 ·

97 696 214 732 Προικὸς
225 695 275 731 ἐμὲ
290 694 462 728 στυγέεσκον.
477 693 514 721 ‘26
532 692 617 729 Ἐπὴν
631 693 653 720 δ’
671 692 813 728 ἐπιδήμιον
823 691 886 726 ἔλθῃ

98 741 210 777 Πνεῦμα
226 739 294 767 Θεοῦ
310 740 413 775 νοεροῖο
427 737 600 774 διορνύμενον
614 738 772 774 Γενετῆρος,

98 787 209 823 Πνεῦμα
219 786 304 822 τόπερ
320 784 393 821 παρὰ
406 784 513 820 Πατρὺς
526 785 556 816 ἐς
567 784 654 820 ὑμέας
666 783 747 815 αὐτὸς
761 783 851 814 ἱάλλω,

97 832 188 859 Πολλά
197 841 230 868 με
240 830 368 867 κηρύξτιε
381 831 445 866 παρ’
461 830 586 867 ἀνδράσι.
600 829 636 856 27
648 829 736 857 Πολλὰ
749 829 796 856 καὶ
809 829 888 864 ὑμεῖς

103 878 186 913 Ἀμφ¹
204 876 301 912 ἐμέθεν
318 876 471 911 φθέγγεσθε
483 876 599 912 δαήμονι
621 877 738 913 μάρτυρι
756 876 840 912 μύθῳ.

98 923 154 950 Καὶ
167 923 222 958 γὰρ
234 923 295 958 ἐμοὶ
306 922 463 957 παρεόντες.
477 922 628 957 όμόφρονές
645 923 707 949 ὲπε
722 922 850 958 μαθηταὶ,

103 969 149 1003 Ἐξ
160 969 248 1005 ἀρχῆς
263 968 402 1004 γεγαῶτες
415 968 485 995 ὅλων
501 968 633 1004 θηήτορες
647 968 746 1004 ἔργων.

423 1023 501 1050 xm.
522 1021 578 1056 ις’.

146 1069 159 1097 l
183 1069 264 1104 ’Υμῖν
279 1068 301 1094 δ’
317 1067 421 1103 ἔμπεδα
435 1066 522 1094 ταῦτα
537 1066 725 1102 προθεσπῑζων
739 1064 873 1101 ἀγορεύω,

98 1114 144 1149 Μὴ
155 1113 258 1149 θρασὺς
267 1111 373 1148 οἶστρος
389 1113 502 1145 ἄπιστος
514 1113 542 1144 ἔς
549 1112 685 1148 ὑμετέραν
697 1112 782 1148 φρένα
798 1113 885 1149 βαίνῃ.

100 1160 182 1194 17o
199 1158 217 1186 2
236 1159 337 1195 ’Υμέας
352 1158 508 1191 ἐξελάσωσι
522 1158 678 1193 θεοκλήτοιο
690 1158 833 1193 μελάθρου.

104 1205 186 1231 Ἀλλά
200 1205 285 1240 ταχὺς
295 1204 389 1240 χρόνος
402 1200 481 1235 οὗτος
497 1204 541 1231 ὅτε
557 1204 637 1240 φρεσὶ
647 1205 701 1236 πᾶς
714 1204 808 1239 βροτὸς
819 1204 888 1240 ἀνὴρ

105 1250 208 1285 Ὑμέας
221 1250 252 1282 ὃς
270 1250 398 1276 κτείνειεν
414 1249 555 1285 ἀλοιητῆρι
569 1250 680 1285 σιδήρῳ,

99 1294 268 1329 Δουλοσύνην
278 1294 384 1321 ἔλποιτο
399 1294 459 1329 Θεῷ
478 1294 596 1329 φιλέοντι
606 1293 742 1325 τελέσσαι,

101 1339 205 1375 ’Δνδρα
219 1337 376 1374 θυηπολὰυν
394 1337 474 1373 βοέῃς
487 1338 599 1374 μίμημα
613 1338 752 1373 γενέθλης,

105 1384 218 1416 Ἰσάζων
230 1383 337 1411 θυέεσσι
352 1383 419 1419 βοῶν
433 1382 583 1420 φθισήνορα
594 1383 697 1419 λοιὸήν.

100 1432 119 1458 5
132 1431 187 1458 Καὶ
202 1430 238 1456 τὰ
255 1430 303 1465 μὲν
317 1429 506 1465 οἱστρηθέντες
518 1429 673 1465 ἀμιρσινόῳ
689 1430 742 1456 τινὶ
755 1429 841 1465 λύσσῃ

101 1477 251 1508 Δυσσεσέες
262 1476 416 1503 τελέσουσιν
429 1476 459 1507 ἔς
468 1475 556 1511 ὑμέας
565 1485 571 1491 ·
584 1476 645 1502 οὐδὲ
663 1475 715 1511 γὰρ
726 1475 803 1503 αὐτοὶ

102 1523 171 1549 Υἰέα
183 1522 348 1556 γινώσκουσι
362 1521 409 1548 καὶ
423 1521 586 1556 ὑψιμέδοντα
599 1521 699 1556 Τοαῆα.

101 1567 120 1594 4
136 1567 217 1594 ’Δλλά
224 1567 258 1593 τὰ
268 1567 318 1602 μὲν
327 1566 470 1602 ξύμπαντα
481 1566 656 1602 προέννεπον,
665 1567 736 1602 ὄφρα
745 1576 791 1594 κεν
801 1567 890 1595 αὐτῶν
906 1577 928 1607 c

104 1612 222 1648 Ὀψιμος
239 1611 426 1647 ἀγχιτέλεστος
442 1612 486 1638 ὅτε
503 1612 598 1648 χρόνος
614 1612 696 1648 ὥριος
712 1613 787 1649 ἔλθῃ,

109 1657 268 1692 ’ἰιμιτέρων
286 1657 424 1693 μνήσησθε
439 1658 596 1693 προάγγελα
615 1657 737 1694 θέσφατα
753 1659 855 1694 μύθων.

101 1703 198 1730 Ταῦτα
216 1703 244 1730 δὲ
260 1703 409 1739 μνθοτόκου
424 1703 539 1739 κραδίης
554 1703 748 1739 κεκαλυμμένα
768 1705 832 1740 σιγῇ

109 1749 156 1782 Ἐξ
171 1749 259 1785 ἀρχῆς
271 1749 354 1775 νοέων
369 1749 420 1775 οὐκ
433 1748 553 1781 ἔννεπον,
572 1748 655 1776 είσέτι
668 1749 775 1785 μίμνων

108 1794 230 1829 ’Υμείων
241 1793 385 1828 ὁμόφοιτος
399 1793 445 1820 ἐπὶ
457 1793 532 1828 χθονί
541 1802 549 1809 ·
564 1793 580 1820 5
592 1793 639 1820 νῦν
653 1794 682 1820 δὲ
697 1794 782 1829 Τοκῆῖ

105 1839 214 1874 Ἶξομαι
229 1839 401 1874 ἀψικέλευθος
418 1840 448 1871 ές
469 1839 576 1875 αἰθέρα,
595 1840 676 1875 γαῖαν
694 1840 788 1872 ἐάσας.

104 1885 173 1912 (ιυδὲ
187 1894 228 1917 τις
241 1885 344 1921 ὑμείων
358 1894 392 1921 με
409 1886 604 1922 παρεδρήσσων
620 1886 733 1922 ἔρεείνει
744 1895 751 1902 ·

105 1930 234 1966 Κοίρανε,
247 1931 286 1965 πῆ
299 1931 423 1962 σπεύδεις
433 1940 440 1963 ;
452 1931 513 1958 τίνα
531 1940 575 1966 μοι
593 1931 654 1958 τίνα
669 1932 756 1967 χῶρον
775 1932 894 1965 ἱκάνεις

104 1976 122 2002 G
146 1975 214 2002 Ἀλλ’
227 1976 291 2010 ὑμῖν
304 1976 345 2002 ὅτι
355 1975 441 2002 ταῦτα
456 1975 552 2011 διήῖον,
567 1976 640 2011 ὴνίδε
658 1976 741 2012 πολλὴ

111 2021 265 2056 ’Υμετέρην
279 2020 395 2056 ἔπλησεν
410 2020 473 2055 ὃλην
491 2021 577 2056 φρένα
590 2021 690 2053 πενθάς
704 2021 777 2058 ἀνίη.

105 2066 121 2092 7
141 2066 285 2102 ’Λτρεκίην
298 2066 320 2092 δ’
334 2058 466 2102 ἀγόρευον
485 2065 615 2101 ἀμεμφέα
626 2074 632 2081 ·
646 2066 782 2103 τηλεφανῆ
796 2066 826 2093 δὲ

111 2112 192 2147 ’Υμῖν
208 2110 287 2138 λώϊόν
299 2112 373 2138 ἐστιν
382 2111 411 2143 ὲς
419 2111 534 2147 οὐρανὸν
548 2111 619 2146 δφρα
632 2111 754 2147 περήσω.

106 2157 139 2183 Ι·Σί
155 2156 193 2192 μὴ
207 2157 261 2192 γὰρ
274 2157 434 2192 παλίνορσος
448 2157 478 2188 ὲς
492 2156 590 2192 αἰθέρα
602 2156 728 2191 νόστιμος
743 2157 822 2189 ἔλθω,

106 2201 221 2236 Πνεῦμα
235 2201 303 2228 Θεοῦ
320 2201 433 2234 ζώοντος
450 2201 478 2232 ἔς
491 2201 577 2237 ὑμέας
590 2200 687 2228 οὔποτε
700 2201 786 2237 βαίνει
798 2210 805 2217 ο

936 285 962 306 οι
982 282 1106 306 nostrum
1123 279 1277 311 Parentcm,
1296 279 1346 307 Hic
1361 279 1462 314 injuste
1477 288 1570 316 agens,
1587 282 1718 310 scelerata

937 325 1032 359 plenus
1045 325 1249 358 exsecratione,
1267 324 1329 353 Odit
1344 326 1465 353 omnium
1479 331 1611 354 rectorem
1624 328 1720 361 Deum,

936 371 1059 405 opiticem
1084 367 1189 399 mundi:
1213 371 1249 399 ei
1273 371 1330 399 Nisi
1356 379 1406 406 ego
1423 371 1549 400 fecissem
1565 381 1647 408 opera
1661 383 1721 410 quae

937 425 991 444 non
1010 417 1105 444 didicit
1120 417 1190 445 aiius
1202 418 1344 452 perﬁcere.
1355 418 1422 453 Ipsis
1441 418 1597 447 videntibus
1613 420 1723 454 quando

935 468 1020 491 testes
1043 467 1122 491 erant
1141 464 1230 496 oculi,
1255 463 1313 491 Non
1340 471 1407 492 sane
1433 464 1580 499 impietatis
1601 465 1724 493 vindices

938 509 1068 537 haberent
1084 516 1194 545 pmnas;
1212 509 1289 537 Nune
1311 515 1400 538 autem
1418 513 1445 537 et
1460 509 1569 543 vident.
1587 515 1614 538 et
1631 511 1724 538 ambos

937 562 991 583 una
1003 557 1060 591 lege
1069 556 1160 591 Ipsum
1174 564 1218 583 me
1228 556 1357 589 oderunt,
1364 560 1390 583 et
1403 556 1590 591 altiiegcntem
1605 555 1723 584 Patrem.

936 603 972 630 25
989 602 1042 630 Sed
1064 603 1129 638 legis
1152 602 1261 637 scriptae
1290 602 1363 637 quod
1393 602 1463 629 dixit
1489 602 1581 629 divina
1597 609 1650 629 vox
1668 600 1725 629 Viri

937 647 1079 683 pulchram
1105 647 1237 674 citharam
1252 646 1377 674 habentis
1395 651 1424 673 ut
1441 647 1619 682 impleretur:
1634 647 1726 675 Gratis

937 700 981 720 me
992 692 1118 720 oderunt.
1131 692 1166 720 26
1182 691 1329 728 Postquam
1346 700 1411 720 vero
1427 693 1531 719 advena
1546 692 1650 720 venerit
1668 692 1727 728 Spi-

938 740 1008 767 ritus
1029 739 1084 767 Deo
1097 739 1264 775 'intelligenti
1288 738 1438 774 procedens
1459 746 1474 766 a
1489 738 1570 766 Patre
1582 758 1589 770 ,
1608 738 1727 774 Spiritus

936 793 1018 820 quem
1035 793 1050 812 a
1065 785 1146 813 Patre
1161 785 1195 812 nd
1209 793 1258 813 vos
1272 785 1330 820 ipse
1343 786 1458 817 mittam,
1472 784 1584 812 Multum
1599 792 1643 812 me
1662 791 1729 819 pra:-

938 831 1040 859 dicabit
1056 830 1128 866 apud
1139 831 1271 858 homines.
1297 830 1331 857 27
1346 830 1459 857 Multum
1475 834 1502 858 et
1518 838 1567 858 vos
1581 830 1614 858 de
1629 838 1672 858 mc
1686 830 1729 858 lo-

939 877 1058 912 quemini
1071 876 1198 911 prudenti
1211 876 1375 904 testiﬁcante
1399 884 1535 904 sermone.
1547 876 1652 904 Etenim
1668 884 1727 904 me-

941 931 1004 950 cum
1018 926 1177 958 pra‘sentes,
1189 920 1341 949 concordes
1355 922 1423 950 estis
1438 922 1578 957 discipuli,
1593 922 1634 949 Ab
1649 922 1728 951 initio

943 968 1007 996 facti
1022 968 1145 996 omnium
1161 967 1329 1002 inspectores
1347 974 1471 1002 operum.

1252 1022 1329 1051 CAP.
1355 1022 1424 1050 XVI.

979 1069 990 1095 Ι
1012 1067 1095 1096 Vobis
1121 1073 1211 1096 autem
1236 1068 1313 1095 ﬁrma
1329 1068 1385 1096 huic
1410 1068 1560 1103 praedicens
1578 1074 1670 1098 narro,
1687 1065 1726 1094 Ne

942 1117 1031 1145 audax
1039 1118 1166 1146 stimulus
1178 1117 1334 1145 incredulus
1342 1116 1369 1144 in
1375 1120 1493 1145 vestram
1500 1119 1616 1144 mentem
1628 1115 1728 1142 veniat.

944 1164 1021 1201 171
1039 1166 1057 1192 2
1071 1165 1125 1193 Vos
1140 1166 1275 1202 expellent
1289 1165 1382 1192 divino
1405 1173 1420 1193 e
1442 1164 1561 1200 templo;
1578 1164 1631 1192 Sed
1651 1164 1729 1191 velox

945 1216 1054 1249 tempus
1070 1214 1123 1241 erit
1135 1214 1161 1241 id
1176 1221 1238 1241 cum
1255 1218 1345 1242 mente
1355 1213 1469 1249 quilibet
1483 1213 1607 1240 mortalis
1623 1213 1664 1240 vir
1674 1211 1729 1240 Vos

943 1261 990 1297 qui
1019 1262 1186 1289 interfecerit
1202 1263 1357 1297 pernicioso
1379 1262 1479 1297 gladio,
1494 1261 1659 1288 Servitutem
1673 1268 1732 1296 spe.

944 1315 985 1338 ret
1009 1309 1065 1338 Deo
1090 1310 1174 1338 charo
1200 1310 1340 1345 perﬁcere,
1365 1310 1459 1338 Virum
1488 1314 1614 1338 mactans
1640 1310 1731 1338 bovini

945 1359 1032 1388 instar
1045 1360 1163 1395 generis,
1184 1359 1369 1396 Equiparaus
1383 1360 1527 1388 sacriﬁciis
1549 1354 1732 1387 bouurliomi-

944 1409 1024 1437 uibus
1045 1409 1189 1437 exitiosam
1209 1409 1380 1437 libationem.
1399 1409 1417 1437 3
1438 1407 1471 1435 Et
1490 1408 1547 1436 haec
1562 1408 1672 1443 quidem
1690 1408 1732 1435 in-

944 1458 1019 1486 citati
1035 1458 1150 1486 vecorde
1165 1457 1282 1494 quadam
1296 1458 1371 1485 rabie
1387 1458 1464 1493 lmpii
1477 1459 1618 1493 perﬁcient
1633 1458 1660 1485 in
1672 1465 1730 1488 vos.

945 1514 1033 1541 neque
1051 1507 1122 1534 enim
1143 1507 1193 1542 ipsi
1207 1505 1306 1533 Filium
1329 1510 1500 1542 cognoscunt
1523 1511 1550 1534 et
1571 1506 1730 1541 celsiregem

944 1555 1064 1584 Patrem.
1086 1555 1103 1582 4
1122 1555 1174 1583 Sed
1198 1554 1308 1590 quidem
1332 1555 1389 1582 haec
1403 1555 1494 1582 omnia
1521 1554 1643 1590 praedixi,
1661 1557 1691 1580 ut
1706 1557 1733 1580 et

945 1604 1066 1639 ipsorum
1082 1602 1178 1631 Serum
1191 1602 1374 1638 propinquum
1385 1602 1496 1637 quando
1514 1606 1623 1637 tempus
1633 1608 1733 1636 oppor-

945 1655 1043 1679 tunum
1058 1651 1173 1684 venerit,
1189 1650 1350 1678 Nostrorum
1376 1650 1557 1678 recordemini
1578 1649 1733 1685 praenuntia

947 1699 1057 1726 fatidica
1085 1706 1256 1727 sermonum.
1273 1698 1337 1726 Haec
1364 1706 1429 1726 vero
1455 1698 1601 1726 verborum
1622 1697 1733 1725 fecundi

946 1750 1039 1778 cordis
1058 1753 1129 1778 tecta
1141 1750 1250 1777 silentio
1277 1749 1318 1776 Ab
1329 1749 1407 1776 initio
1422 1748 1577 1784 intciligens
1595 1756 1649 1776 non
1665 1748 1732 1780 dixi,

947 1798 1037 1825 adhuc
1056 1804 1170 1825 manens
1184 1796 1281 1825 Vester
1296 1804 1388 1824 comes
1401 1803 1484 1831 super
1495 1800 1614 1823 terram:
1630 1795 1647 1822 ὅ
1661 1803 1734 1822 nunc.

944 1856 1035 1880 autem
1046 1852 1078 1879 ad
1089 1851 1197 1880 Patrem
1211 1851 1323 1879 Veniam
1339 1857 1417 1878 serus
1429 1849 1456 1877 in
1467 1849 1579 1880 celum.
1603 1852 1675 1875 terra
1692 1852 1736 1874 re-

944 1896 1019 1924 licta.
1031 1896 1123 1931 Neque
1133 1896 1231 1932 aliquis
1243 1904 1275 1923 ex
1288 1895 1364 1923 vobis
1375 1902 1417 1922 me
1428 1894 1548 1926 assidens
1559 1893 1708 1927 interrogat
1728 1901 1734 1920 :

947 1947 1072 1980 Domine,
1086 1953 1142 1982 quo
1158 1945 1293 1973 festinas?
1308 1945 1335 1972 in
1351 1952 1431 1979 quem
1449 1944 1517 1971 mihi
1535 1944 1624 1970 locum
1638 1942 1735 1970 venis?

945 2000 962 2027 6
977 1999 1030 2027 Sed
1043 1998 1120 2026 vobis
1131 1997 1194 2033 quia
1209 1997 1266 2024 haee
1277 1997 1367 2029 retuli,
1378 2004 1443 2024 ecce
1451 1996 1536 2024 multa
1549 1995 1674 2023 Vestram
1691 2002 1734 2022 re-

947 2053 1028 2088 plevit
1045 2055 1128 2079 totam
1145 2053 1263 2078 mentem
1280 2050 1406 2077 luctuosa
1430 2048 1565 2077 molestia.
1583 2048 1599 2075 7
1620 2047 1734 2075 Verita-

946 2107 1000 2128 tem
1014 2105 1104 2128 autem
1117 2099 1173 2127 dixi
1188 2098 1456 2134 irreprehensibilem
1468 2107 1476 2131 ς
1489 2097 1585 2130 procul
1600 2102 1734 2131 apparens

947 2161 1012 2182 vero
1032 2152 1116 2180 Vobis
1135 2151 1233 2179 melius
1258 2154 1300 2178 est
1326 2150 1352 2177 in
1367 2150 1466 2178 cmlum
1485 2154 1514 2177 ut
1531 2149 1656 2184 migrem.
1676 2147 1733 2175 Nisi

946 2207 1018 2233 enim
1044 2210 1170 2232 reversus
1190 2203 1218 2231 in
1242 2203 1341 2230 ctelum
1361 2202 1445 2230 redux
1472 2208 1581 2232 venero,
1614 2199 1734 2235 Spiritus

707 2259 849 2290 TEXTUS
867 2262 1132 2292 EVANGELISTE.

141 2318 178 2345 9-5
199 2318 228 2344 ’0
244 2317 293 2352 ἐμὲ
310 2317 396 2352 μισῶν
412 2318 458 2344 καὶ
473 2317 520 2344 τὸν
532 2317 641 2353 Πατέρα
657 2327 707 2353 μου
722 2321 805 2353 μισεῖ.

141 2359 179 2386 24
194 2359 226 2385 Εἰ
239 2358 275 2384 τὰ
287 2358 356 2394 ἔργα
374 2359 412 2394 μὴ
431 2359 547 2393 ἐποίησα
561 2359 590 2385 ὲν
606 2359 697 2391 αὐτοῖς
719 2360 737 2387 ἀ
751 2362 838 2394 οὐδεὶς
850 2363 896 2390 ἆλ-

107 2400 151 2432 λος
172 2399 332 2435 πεποίηκεν,
349 2401 487 2435 ἁμαρτίαν
500 2400 550 2426 οὐκ
567 2397 653 2435 εἰχοψ
668 2401 718 2428 νῦν
732 2402 761 2429 δὲ
777 2405 824 2430 καὶ
844 2405 895 2432 ἔω-

108 2441 219 2476 ράκασι,
234 2441 281 2468 καὶ
293 2442 462 2478 μεμισήκασι
475 2441 522 2468 καὶ
535 2442 586 2476 ὲμὲ
596 2442 643 2469 καὶ
654 2442 700 2469 τὸν
711 2443 820 2480 Πατέρα
832 2454 894 2481 μου.

141 2482 178 2509 25
196 2482 265 2508 Ἀλλ’
280 2482 324 2509 ἶνα
344 2483 474 2519 πληρωθῇ
496 2484 510 2510 ό
529 2483 607 2517 λόγος
628 2482 642 2508 6
659 2487 852 2521 γεγραμμένος
867 2489 896 2514 ὲν

107 2522 145 2558 τῷ
160 2522 237 2558 νόμῳ
252 2524 342 2551 αὐτῶν
352 2532 358 2540 ·
378 2525 440 2551 ὀτι
453 2524 589 2560 ἔμίσησάν
602 2532 636 2559 με
649 2524 758 2560 δωρεάν,

141 2563 178 2591 26
191 2564 274 2592 ὀταν
296 2565 325 2592 δὲ
349 2565 413 2603 ἔλθῃ
430 2567 444 2593 ό
467 2565 655 2602 Παράκλητος.
676 2566 705 2593 ὃν
722 2567 777 2601 ἐγὼ
797 2569 897 2605 πέμψω

109 2605 174 2640 ὑμῖν
185 2605 262 2641 παρά
278 2606 325 2633 τοῦ
343 2607 451 2640 Πατρός
473 2607 513 2642 (τὸ
530 2605 643 2641 Πνεῦμα
663 2607 713 2642 τῆς
728 2609 867 2644 ἀληθείας,
882 2611 896 2637 ὃ

107 2646 184 2688 παρὰ
200 2647 247 2674 τοῦ
260 2647 367 2684 Πατρδς
384 2648 586 2685 ικπορεύεται),
601 2647 704 2681 ἑκεῖνος
727 2653 897 2688 μαρτυρήσει

107 2687 173 2722 περὶ
185 2688 263 2723 ἐμοῦ.

141 2728 176 2755 27
194 2730 250 2757 Καὶ
266 2730 347 2766 ὑμεῖς
364 2730 393 2758 δὲ
417 2732 594 2768 μαρτυρεῖτε,
609 2733 651 2760 ὅτι
667 2734 716 2761 ἀπ’
730 2734 819 2770 ἀρχῆς
838 2735 896 2770 μετ’

108 2769 175 2804 tam}
186 2771 259 2798 ἐστι.

424 2815 502 2842 xm.
518 2817 578 2849 ις’.

144 2853 158 2893 t
176 2852 269 2881 Ταῦτα
283 2853 419 2890 λελάληκα
435 2856 500 2891 ὑμῖν
511 2856 554 2883 ἵνα
567 2856 605 2892 μὴ
625 2857 848 2893 σκανδαλισθῆτε.

148 2892 164 2919 ‘2
179 2893 420 2931 ’Δποσυναγώγους
436 2898 591 2935 ποιήσουσιν
604 2899 676 2935 ὑμᾶς
689 2908 696 2916 ⁸
715 2901 773 2928 ἀλλ’
785 2900 893 2936 ἔρχεται

912 2327 932 2354 D
947 2324 1007 2360 ὥρα
1032 2323 1077 2349 ἵνα
1104 2322 1158 2352 πᾶς
1180 2322 1194 2348 ό
1219 2320 1383 2353 ἀποκτείνας
1409 2321 1498 2356 ὑμᾶς,
1521 2319 1585 2357 δόξῃ
1610 2320 1736 2356 λατρείαν

950 2364 1116 2401 προσφέρειν
1127 2362 1165 2398 τῷ
1183 2362 1252 2398 Θεῷ.

983 2406 1000 2433 5
1016 2405 1070 2431 Καὶ
1084 2404 1168 2432 ταῦτα
1183 2405 1341 2440 ποιήσουσιν
1351 2404 1426 2439 ὑμῖν,
1439 2404 1481 2431 ὅτι
1495 2404 1545 2431 οὐκ
1556 2403 1676 2438 ἔγνωσαν
1690 2404 1736 2431 τὸν

950 2446 1058 2482 Πατέρα
1065 2467 1074 2479 ,
1090 2445 1149 2472 οὐδὲ
1163 2445 1223 2480 ἐμέ.

985 2488 1002 2514 4
1020 2487 1100 2514 Ἀλλά
1115 2486 1202 2514 ταῦτα
1225 2486 1361 2520 λελάληκα
1385 2487 1467 2521 ὑμῖν,
1488 2487 1531 2514 ἴνα
1551 2487 1616 2514 ὅταν
1633 2486 1696 2523 ἔλθῃ
1720 2488 1737 2523 ἡ

950 2529 1019 2565 ὥρα,
1035 2528 1221 2564 μνημονεύητε
1236 2527 1335 2559 αὐτῶν.
1348 2529 1389 2555 ὅτι
1403 2527 1458 2563 ὲγὼ
1469 2525 1545 2555 εἶπον
1559 2529 1632 2565 ὑμῖν.
1645 2529 1737 2556 Ταῦτα

950 2572 979 2599 δὲ
994 2572 1056 2606 ὑμῖν
1069 2570 1100 2602 ἐξ
1114 2570 1201 2605 ἀρχῆς
1215 2570 1264 2596 οὐκ
1280 2567 1356 2596 εἷπον
1367 2589 1374 2601 ,
1392 2570 1432 2596 ὅτι
1451 2570 1509 2605 μεθ’
1523 2571 1600 2606 ὑμῶν
1616 2572 1701 2607 ἥμην.

985 2613 1002 2640 5
1011 2612 1069 2639 Νῦν
1083 2611 1111 2638 δὲ
1124 2611 1222 2645 ὑπάγω
1233 2611 1301 2646 πρὸς
1313 2611 1358 2638 τὸν
1372 2612 1517 2647 πέμψαντά
1533 2621 1577 2648 με,
1589 2614 1636 2640 καὶ
1650 2614 1738 2645 mihi:

949 2655 978 2688 ἔξ
992 2653 1069 2690 ὑμῶν
1084 2654 1175 2688 ἐρωτᾷ
1191 2660 1241 2688 με·
1259 2652 1314 2679 Ποῦ
1330 2653 1464 2688 ὑπάγεις;
1577 2682 1583 2686 ,

985 2696 1001 2722 6
1021 2695 1089 2722 Ἀλλ’
1101 2695 1141 2721 ότι
1156 2694 1241 2721 ταῦτα
1260 2694 1395 2730 λελάληκα
1410 2695 1490 2731 ὑμῖν,
1515 2697 1532 2732 ὴ
1547 2696 1618 2732 λύπη
1635 2697 1737 2731 πεπλὴ-

951 2745 1039 2774 ρωκεν
1055 2736 1131 2772 ὑμῶν
1147 2736 1196 2772 τὴν
1213 2735 1340 2771 καρδίαν.

986 2779 1000 2805 7
1021 2778 1089 2805 Ἀλλ’
1115 2778 1170 2813 ἐγὼ
1184 2778 1233 2814 τὴν
1256 2777 1382 2813 ἀλήθειαν
1399 2777 1470 2812 λέγω
1490 2779 1553 2814 ὑμῖν
1566 2799 1573 2809 ,
1601 2779 1734 2813 συμφέρει

949 2819 1013 2855 ὑμῖν
1027 2819 1071 2847 ἵνα
1083 2819 1138 2854 ἐγὼ
1154 2819 1278 2846 ἀπέλθω·
1293 2818 1341 2846 ὲὰν
1357 2819 1411 2855 γὰρ
1427 2819 1464 2855 μὴ
1479 2819 1597 2852 ἀπέλθω,
1611 2820 1625 2845 ό
1640 2819 1733 2853 Παράο

948 2861 1045 2896 κλητος
1066 2861 1117 2888 οὒκ
1142 2861 1282 2887 ἐλεύσεται
1308 2861 1375 2896 πρὸς
1387 2861 1457 2896 ὑμᾶς
1468 2871 1475 2878 -
1490 2861 1537 2888 ἐὰν
1550 2861 1578 2887 δὲ
1599 2859 1731 2896 πορευθῶ,

947 2902 1047 2938 πέμψω
1063 2901 1143 2930 αὑτὸν
1155 2901 1224 2936 πρὸς
1241 2901 1322 2937 ὑμᾶς.
