1953 3040
222 169 279 201 ’879

845 164 949 193 NONNI
972 163 1223 194 PANOPOIJTANI

1804 166 1865 193 880

225 226 270 255 ltei
288 225 341 253 vivi
357 224 390 252 ad
405 231 455 253 vos
472 231 612 260 nunquam
628 225 720 257 venit;
740 223 769 252 Si
785 233 849 253 vero
860 226 962 256 abiero,
988 226 1014 252 in

1077 227 1120 253 'llv
1134 227 1161 253 δὲ
1181 227 1265 262 μόλω,
1283 226 1352 262 μετὰ
1369 227 1449 260 γαῖαν
1464 226 1512 254 ἀπ’
1526 225 1634 261 αἰθέρος
1648 225 1728 257 αὐτὸς
1743 225 1838 252 tam.

224 276 325 298 terram
347 278 362 298 e
377 271 456 299 caelis
471 271 530 306 ipse
544 270 662 298 mittam.
683 271 700 298 8
718 270 837 299 Veniens
854 276 944 299 autem
961 273 1014 300 huc

224 316 279 349 ille,
299 317 472 344 ineredulum
488 316 621 344 mundum
638 317 795 352 redarguet,
811 317 901 345 Causa
918 318 1014 354 impie-

223 362 289 390 tatis
303 362 456 394 sceleratae;
467 361 515 389 sed
532 366 559 389 et
570 362 658 397 ipsius
673 364 762 391 Causa
777 363 891 398 iustitiae
905 368 932 392 et
941 364 1015 399 judi-

225 409 271 436 cii.
286 408 302 435 9
316 407 430 443 Propter
445 411 589 444 peccatum
605 408 726 443 quidem,
744 409 813 442 Quia
829 409 856 437 in
868 417 911 438 me
921 418 1016 439 omnes

204 450 205 461 ¹
225 455 376 488 increduli;
390 455 424 482 10
440 454 512 490 piam
528 462 593 483 vero
605 454 718 491 Propter
726 455 872 491 justitiam,
887 457 960 492 quod
973 465 1017 485 re-

225 501 277 529 deo
295 501 329 528 ad
346 500 466 534 Patrem,
481 500 537 529 Nec
549 510 598 539 me
611 501 738 530 videbitis
750 503 935 531 convictorem
958 511 1015 531 am-

226 547 299 582 plius
325 547 484 575 hominum:
501 547 530 574 11
545 537 660 582 Ρτὸριοι-
675 556 739 576 vero
752 548 885 583 judicium
906 549 1016 582 vindex,

226 593 290 628 quia
309 594 403 621 mundi
417 593 561 622 Jttdicatus
577 598 619 622 est
633 595 728 622 aeterni
743 601 872 624 versutus
888 596 1017 632 princeps

227 639 372 674 superbus.
399 639 432 666 Η
459 639 540 667 Multa
566 644 657 668 autem
685 641 788 669 habens
804 642 838 669 ad
856 642 1014 674 dicendum,

227 693 329 717 renuo;
347 693 400 712 non
414 686 486 713 cnim
509 686 603 714 audire
633 687 712 722 172
737 687 817 715 Plura
842 688 898 723 jam
928 692 1020 723 potes-

226 731 273 759 tis.
297 731 330 759 13
355 732 518 760 Consolator
543 740 608 760 vero
636 733 744 768 quando
769 734 893 766 venerit,
922 734 1019 761 Omnia

226 777 402 813 gubernabit;
435 782 514 813 atque
541 778 654 806 veritate
681 778 708 805 in
740 779 813 806 omni
848 778 945 807 Vester
971 779 1019 807 de-

226 822 325 849 ductor
361 822 388 849 in
421 823 493 849 viam
527 822 647 850 duxerit.
678 822 745 850 Nam
774 831 822 858 per
847 832 877 851 se
905 823 1018 858 jussus,

225 875 324 904 expers
363 867 473 896 auditus
510 868 577 895 nihil
614 868 703 902 dicet;
743 867 797 897 Sed
836 869 1020 904 quodcunque

1066 273 1082 300 8
1103 273 1193 300 Ἑλθδν
1207 273 1230 299 δ’
1246 272 1341 299 ἐνθάθε
1354 274 1436 306 κεῖνο,
1452 272 1567 299 ἀπειθέα
1579 272 1681 307 κόσμον
1697 271 1812 305 ἐλέγξει,

1066 320 1166 347 Εῖνεκα
1180 319 1324 354 δυσσεϐιης
1338 318 1497 354 ἀλιτήμονος
1508 326 1515 333 ·
1534 318 1602 345 ἀλλὰ
1619 318 1666 345 καὶ
1679 318 1764 352 αὐτῆς

1073 366 1157 401 Ἀμφὶ
1172 364 1346 400 δικαιοσύνης
1361 364 1410 392 καὶ
1431 364 1546 400 κρίσιος.
1568 364 1584 391 9
1601 364 1775 400 ’Ᾱμπλακίης
1800 365 1865 400 μὲν,

1069 411 1146 438 ’Όττι
1164 419 1212 437 κεν
1228 411 1268 442 εἰς
1291 409 1340 445 ἐμὲ
1360 409 1461 441 πάντες
1477 408 1613 440 ἀπειθέες.
1632 409 1666 436 10
1684 409 1819 441 Εὺσεὸἐος
1835 410 1865 436 δὲ

1075 456 1158 492 Ἀμφὶ
1170 456 1354 492 δικαιοσύνης,
1366 456 1406 482 ὅτι
1425 454 1553 490 νόστιμός
1567 456 1624 490 εῑμι
1642 455 1736 490 Τοκῆῑ,

1069 502 1136 529 Οὑδέ
1152 511 1184 538 με
1198 501 1331 538 θηήσεσθε
1344 501 1482 528 συνέστιον
1493 501 1576 528 εἰσέτι
1590 501 1701 536 φωτῶν·

1070 543 1110 576 11’
1119 549 1217 575 Εῖνεκα
1231 549 1259 575 δὲ
1273 548 1378 583 κρίσιος
1392 548 1563 583 ποινήτορος,
1580 547 1673 573 εἵνεκα
1688 547 1793 582 κόσμον

1070 595 1202 629 Κέκριται
1216 594 1324 622 ἅενάοιο
1336 594 1505 630 πολύτροπος
1517 592 1601 629 ἀρχὸς
1615 593 1736 628 ἀγήνωρ.

1071 641 1104 668 12
1120 640 1206 668 Πολλὰ
1220 641 1242 667 δ’
1253 640 1323 675 ἔχων
1338 640 1455 672 ἐνέπειν,
1468 639 1628 674 ἀναδύομαι.
1639 639 1668 665 οὺ
1683 638 1738 673 γὰρ
1752 637 1868 664 ἀκούειν

1073 687 1152 722 173
1165 686 1290 717 Πλείονος
1309 686 1372 722 ἄρτι
1383 685 1508 713 δύνασθε.
1522 685 1556 712 15
1565 685 1745 721 Παράχλητος
1760 684 1783 710 δ’
1799 685 1867 710 ὅταν

1719 730 1729 766 [
1741 730 1808 765 ἔλθῃ
1819 751 1828 763 ,

1071 777 1164 804 Πάντα
1178 777 1372 812 κυϐερνήσειεν
1381 785 1388 791 ⁸
1404 776 1519 812 ἀληθείῃ
1532 776 1554 802 δ’
1567 776 1608 803 svi.
1622 776 1698 812 πάσῃ

1077 823 1195 858 Ύμείων
1207 822 1338 858 ὀχετηγὸς
1350 823 1378 854 ἐς
1392 821 1514 858 ἀτραπὸν
1531 821 1719 856 ἡγεμονεύσει.

1072 869 1140 896 Οὐδὲ
1155 869 1210 904 γὰρ
1228 868 1454 900 αὐτοκέλευστος,
1471 867 1585 902 ἀνήκοος
1602 867 1678 893 οὐδὲν
1695 866 1793 901 ἐνίψει,

226 913 320 945 audit.
355 914 436 941 etiam
472 913 613 949 loquetur;
646 913 801 942 futurorum
840 922 904 942 vero
937 914 1017 942 Vobis

1077 913 1146 940 ’Λλλ“
1161 913 1229 949 ὅπερ
1241 912 1349 944 sic-aiat,
1366 912 1415 939 καὶ
1431 911 1594 946 φθέγγεται·
1613 910 1769 946 ὲσσομένων
1782 910 1812 936 δὲ

227 960 308 988 simul
322 960 451 988 omnibus
467 960 664 987 vaticinabitur
680 960 759 987 linem
778 968 904 996 operum.
924 961 955 988 H
968 960 1018 988 llic

227 1006 323 1034 exiens
337 1013 352 1032 a
366 1004 448 1033 Patre
466 1005 596 1033 exaltabit
613 1013 656 1033 me
671 1005 827 1038 honorans;
841 1006 910 1040 Quia
924 1010 1020 1034 nostro

227 1051 362 1087 recipiens
381 1059 396 1078 a
413 1051 493 1079 Patre
514 1050 598 1079 Vobis
614 1052 780 1088 promiscuis
792 1058 899 1088 tempus
913 1060 1019 1088 praeoc-

226 1097 354 1132 cupanlia
368 1096 478 1124 oracula
490 1096 615 1124 ostendet
633 1096 812 1134 Qitzecunque
829 1098 955 1126 evenient
968 1106 1018 1126 vo-

228 1142 281 1170 bis.
298 1143 332 1170 15
343 1142 375 1169 Ει
387 1143 477 1178 prisca
499 1143 618 1178 quadam
643 1143 785 1171 sanctione
799 1143 866 1172 Sors
883 1153 942 1172 mea
955 1148 1019 1172 sunt

227 1188 318 1217 Omnia
335 1187 415 1216 Pater
432 1195 510 1216 meus
527 1197 588 1224 quae
605 1189 697 1217 habet.
719 1189 833 1224 Propter
850 1189 923 1225 quod
941 1190 1019 1219 vobis

227 1233 284 1261 dixi
303 1233 374 1268 quod
389 1233 483 1260 divino
497 1241 512 1260 a
525 1233 605 1262 Patre
623 1235 770 1270 Recipiens
784 1239 878 1262 nostro
893 1243 1020 1270 praenun-

228 1280 307 1306 tiabit
327 1280 406 1307 linem
420 1287 544 1315 operum.
561 1280 594 1306 t6
606 1279 740 1307 Pusillum
756 1279 844 1307 adhuc
857 1284 965 1315 tempus
978 1285 1020 1309 est

228 1323 365 1356 relictum.
381 1331 413 1351 ex
428 1332 482 1360 quo
497 1332 539 1352 me
552 1326 646 1352 mutuli
673 1324 732 1352 Non
759 1326 876 1360 amplius
893 1326 1021 1354 videbitis

229 1370 377 1404 comitem;
397 1371 518 1398 vicinum
534 1379 600 1399 vero
623 1371 704 1399 Deest
723 1371 814 1399 adhuc
826 1372 956 1407 pusillum
971 1381 1021 1400 vo-

229 1417 314 1446 lubile
331 1422 449 1454 tempus,
461 1427 494 1447 ex
511 1427 565 1454 quo
579 1427 623 1447 me
639 1420 689 1448 soli
705 1419 814 1448 Rursus
828 1421 979 1455 aspicietis,
994 1425 1021 1449 et

228 1467 356 1496 cmlestes
373 1475 420 1502 per
433 1468 511 1496 sinus
527 1467 641 1495 Veniam
659 1468 693 1496 ad
707 1468 825 1496 Patrem.
846 1469 878 1495 l7
892 1468 924 1496 Et
943 1469 1017 1496 dixe-

227 1521 293 1544 runt
305 1515 447 1552 discipuli,
463 1516 622 1544 Sermonem
640 1519 843 1552 supprimentes
861 1518 931 1545 intra
944 1526 1022 1546 nien-

229 1570 295 1598 tem,
308 1566 503 1600 promissorem
513 1566 598 1598 vocis,
609 1565 722 1602 Lingua:
731 1567 925 1601 propinquum,
935 1575 1021 1595 aemu-

233 1613 287 1640 lum
304 1613 405 1640 silentii
420 1621 427 1641 :
445 1613 513 1646 Quis
529 1617 572 1641 est
585 1621 675 1642 sermo
692 1614 736 1642 hic
747 1623 828 1650 quem
849 1614 927 1648 dixit,
947 1616 1020 1651 quod

229 1660 318 1688 adhuc
344 1661 483 1696 pusillum,
510 1661 642 1690 Pusillum
663 1662 753 1690 adhuc
775 1667 883 1698 tempus
898 1668 941 1692 est
955 1664 1021 1692 reli-

229 1714 314 1742 otum,
337 1717 368 1738 ex
384 1717 439 1746 quo
452 1718 496 1739 me
513 1712 607 1740 mundi
621 1711 681 1740 Non
697 1712 815 1748 amplius
834 1713 961 1742 videbitis
975 1722 1021 1742 co-

230 1759 338 1794 mitem;
362 1760 545 1796 propinquum
566 1769 632 1789 vero
664 1761 745 1791 Deest
773 1763 863 1791 adhuc
889 1763 1020 1799 pusillum

232 1807 352 1837 volubile
367 1812 485 1845 tempus,
504 1817 536 1839 ex
551 1817 606 1845 quo
619 1818 662 1839 me
677 1811 728 1840 soli
745 1811 852 1841 Rursus
866 1812 1019 1849 aspicietis,

228 1856 603 1887 etveniamadPatrem‘H8
631 1879 638 1886 .
679 1880 687 1887 .
727 1880 734 1887 .
775 1881 781 1888 .
822 1881 829 1888 .
869 1881 875 1888 .
917 1882 923 1889 .
963 1881 970 1888 .
1011 1883 1018 1890 .

230 1951 264 1978 19
284 1951 365 1981 Jesus
399 1961 464 1981 vero
491 1955 628 1982 sociorum
663 1955 817 1990 intelligens
842 1955 949 1982 varium
971 1963 1020 1983 cor

229 1999 307 2032 Quod
335 2001 461 2029 collocuti
490 2006 592 2034 essent.
620 2006 647 2030 et
675 2003 801 2030 volebant
831 2003 1014 2038 interrogare,

229 2049 409 2078 Antevertens
435 2057 562 2078 sermone
589 2049 658 2078 dixit
685 2050 833 2078 solertibus
855 2050 1016 2086 discipulis:

228 2093 287 2124 Cur
301 2096 417 2126 invicem
433 2098 572 2134 iuquiritis
590 2097 678 2126 vicina
692 2098 785 2133 lingua
797 2097 875 2132 Quod
892 2103 954 2133 post
969 2106 1020 2134 pu-

1076 960 1156 995 Ὑμῖν
1172 960 1211 986 εἰν
1229 959 1270 985 ἐνὶ
1285 959 1353 986 πᾶσι
1368 957 1546 994 προθεσπίζει
1562 957 1639 988 τέλος
1655 956 1755 993 ἔργων.

1072 1005 1105 1032 14
1118 1002 1202 1037 Οὗτος
1214 1005 1261 1032 ιὼν
1276 1003 1350 1040 παρὰ
1364 1004 1470 1040 Πατρδς
1505 1002 1642 1038 ἀνυψώσει
1661 1011 1693 1038 με
1708 1001 1850 1037 γεραίρων
1860 1009 1866 1016 ·

1071 1051 1150 1078 Ὂττι
1165 1059 1212 1079 κεν
1231 1050 1376 1086 ἡμετέροιο
1389 1049 1548 1085 δεδεγμένος
1566 1050 1597 1076 ὲκ
1610 1048 1759 1083 Γενετῆρος

1077 1097 1156 1132 ’Υμῖν
1167 1097 1351 1133 ωμμιγέεσσι
1369 1096 1493 1132 προώρια
1509 1095 1631 1130 θέσφατα
1644 1094 1735 1129 φαίνει

1057 1142 1217 1182 ιὐσσαίιεερ
1237 1144 1344 1169 ἔσσεται
1358 1141 1439 1177 ὔμμι.
1453 1141 1485 1168 15
1494 1141 1549 1168 Καὶ
1559 1139 1760 1176 ἀρχεγόνῳτινὶ
1774 1138 1869 1173 θεσμῷ

1072 1189 1181 1225 κλῆρος
1200 1189 1265 1224 ὲμδς
1279 1188 1344 1214 πέλε
1361 1187 1450 1215 πάντα
1464 1187 1558 1223 Πατὴρ
1581 1187 1647 1222 ἐμὸς
1661 1187 1729 1213 ὄσσα
1746 1185 1868 1221 κομίζει.

1073 1233 1110 1263 Ob
1123 1236 1202 1271 χάριν
1219 1234 1306 1270 ὔμμιν
1319 1234 1410 1262 ἔειπον
1426 1233 1467 1260 ὅτι
1482 1233 1589 1266 ζαθέοιο
1602 1233 1705 1267 Τοκῆος

1071 1280 1206 1314 Δέγμενος
1215 1279 1360 1314 ἡμετέροιο
1375 1278 1556 1313 προαγγέλλει
1572 1278 1648 1310 τέλος
1659 1279 1758 1313 ἔργων.

1072 1325 1106 1353 16
1127 1324 1207 1357 Βαιὸς
1241 1325 1281 1352 ἔτι
1300 1325 1395 1360 χρόνος
1429 1324 1488 1352 ἐστὶ
1510 1324 1701 1360 λελειμμένος,
1729 1322 1792 1350 εὖτέ
1834 1331 1869 1358 με

1705 1368 1713 1404 [
1727 1369 1776 1395 κὸσ
1780 1377 1832 1404 μου

1072 1416 1170 1444 Οὐκέτι
1192 1415 1325 1452 θηήσεσθε
1342 1414 1525 1450 συνέμπορον⁸
1542 1413 1694 1449 ἀγχιφανὴς
1713 1413 1742 1440 δὲ

1072 1463 1200 1490 Λείπεται
1214 1461 1298 1488 εἰσέτι
1313 1461 1386 1496 βαιὸς
1399 1460 1457 1493 ἕλιξ
1470 1461 1579 1496 χρόνος.
1591 1457 1653 1487 εὖτέ
1671 1468 1703 1495 με
1732 1459 1828 1494 μοῦνοι

1074 1508 1213 1544 Ἐμπαλιν
1229 1507 1379 1543 ἁθρήσητε,
1397 1507 1444 1534 καὶ
1463 1506 1592 1542 αἰθερίων
1607 1506 1654 1533 ἐπὶ
1669 1506 1777 1533 κόλπων

1074 1554 1181 1590 Ἰξομαι
1196 1555 1236 1585 εὶς
1250 1553 1397 1589 Γενετῆρα.
1419 1553 1452 1580 17
1468 1553 1522 1579 Καὶ
1535 1551 1700 1586 ἐφθέγγοντο
1717 1552 1851 1588 μαθηταὶ,

1034 1587 1056 1617 c
1072 1587 1164 1628 Μῦθον
1182 1587 1399 1631 ὑποκλέπτοντες
1416 1598 1470 1626 ἔσω
1493 1599 1605 1635 φρενὸς,
1622 1598 1720 1633 ἔγγυον
1734 1599 1828 1633 αὐδῆς,

1074 1645 1204 1681 Γλώσσης
1217 1645 1409 1681 ἀγχικέλευθον
1422 1665 1429 1678 ,
1447 1645 1619 1681 ἀμιλλητῆρα
1636 1645 1741 1680 σιωπῆς
1752 1652 1760 1660 ·

1075 1691 1124 1723 Τίς
1139 1691 1241 1717 τελέθει
1252 1691 1330 1725 λόγος
1345 1688 1423 1722 οὗτος
1437 1691 1467 1717 ὃν
1480 1690 1607 1722 ἔννεπεν,
1623 1690 1660 1722 ὡς
1672 1690 1712 1717 ἔτι
1725 1690 1811 1725 βαιὸς,

1074 1734 1156 1766 Βαιὸς
1167 1734 1206 1761 ἔτι
1220 1734 1316 1770 χρόνος
1337 1735 1395 1761 ἐστὶ
1409 1733 1586 1770 λελειμμένος
1597 1754 1605 1766 ,
1620 1733 1681 1762 ιῦτέ
1699 1743 1734 1769 με
1747 1735 1852 1771 κόσμου

1075 1780 1173 1807 οὐκέτι
1186 1780 1320 1816 θηήσεσθε
1337 1780 1508 1815 συνέμπορον
1520 1788 1526 1795 ·
1542 1781 1696 1816 ἁγχιφσνὴς
1711 1781 1741 1807 δὲ

1074 1826 1204 1853 Λείπεται
1221 1826 1305 1853 εἰσέτι
1319 1825 1393 1861 βαιὸς
1406 1825 1463 1859 ἕλιξ
1483 1826 1595 1862 χρόνος,
1611 1824 1672 1853 εὖτέ
1694 1835 1727 1861 με
1743 1826 1837 1862 μοῦνοι

1076 1872 1214 1907 Ἔμπαλιν
1227 1872 1378 1908 ἁθρήσητε,
1395 1873 1442 1899 καὶ
1457 1873 1548 1908 ἵξομαι
1564 1873 1604 1905 εἰς
1617 1873 1753 1908 Γενετῆρα
1766 1881 1774 1905 ;

1075 1961 1108 1989 19
1127 1961 1230 1997 Ἰησοῦς
1245 1963 1267 1989 δ’
1282 1963 1388 1998 ἑτάρων
1404 1962 1568 1998 δεδαημένος
1585 1963 1675 1989 αἰόλον
1693 1961 1771 1998 ἦτορ,

1076 2007 1152 2034 Ὂττι
1167 2007 1381 2042 συνεφθέγγοντο
1392 2030 1399 2040 ,
1417 2009 1463 2035 καὶ
1479 2008 1573 2043 ἦθελον
1587 2008 1756 2044 ἐξερεείνειν,

1074 2053 1247 2089 Προφθαδίην
1258 2053 1374 2089 ἀγόρευε
1390 2054 1589 2090 περισσονόοισι
1603 2054 1737 2090 μαθηταῖς
1749 2063 1756 2069 ·

1074 2099 1159 2126 Time
1181 2099 1240 2134 μετ’
1252 2099 1376 2135 ἀλλήλων
1393 2099 1542 2135 μαστεύετε
1553 2099 1654 2135 γείτονι
1667 2099 1776 2136 γλώσσῃ

829 2172 970 2204 TEXTUS
990 2175 1256 2205 EVANGELlSTA‘Z.

263 2258 281 2286 8
301 2257 357 2285 Καὶ
382 2257 466 2285 ἐλθὼν
491 2258 612 2290 ἐκεῖνος,
638 2257 741 2292 ἐλέγξει
758 2258 804 2284 τὸν
831 2259 932 2294 κόσμον
955 2260 1020 2295 περὶ
1036 2261 1058 2288 D

229 2299 366 2336 ἁμαρτίας
381 2300 427 2326 καὶ
440 2299 503 2334 περὶ
515 2299 687 2335 δικαιοσύνης
702 2300 749 2327 καὶ
767 2300 831 2335 περὶ
847 2301 973 2336 κρίσεως.

263 2342 358 2376 9Περὶ
389 2340 525 2377 ἁμαρτίας
553 2340 619 2376 μὲν,
645 2338 685 2367 ὅτι
713 2341 743 2368 οὺ
782 2342 954 2369 πιστεύουσιν
978 2343 1018 2374 εις

229 2383 293 2419 ἐμέ·

266 2426 297 2453 l0
312 2424 381 2460 Περὶ
396 2424 568 2460 δικαιοσύνης
581 2424 618 2456 δὲ,
631 2424 672 2451 δτι
689 2423 756 2460 πρὸς
777 2425 823 2451 τὸν
838 2425 948 2460 Πατέρα
966 2433 1017 2460 μου

230 2467 337 2500 ὑπάγω,
357 2466 404 2495 καὶ
420 2466 469 2492 οὒκ
483 2465 523 2492 ἔτι
537 2465 662 2501 θεωρεῖτέ
682 2474 716 2501 με
729 2473 735 2481 ·

265 2507 294 2535 11
312 2507 379 2542 Περὶ
391 2506 420 2533 δὲ
434 2506 560 2540 κρίσεως,
573 2507 613 2534 ὅτι
629 2508 643 2534 ό
663 2507 754 2543 ἄρχων
772 2507 819 2534 τοῦ
837 2508 939 2543 κόσμου
955 2507 1017 2534 τού-

229 2557 276 2576 του
293 2548 428 2582 κέκριται.

266 2589 300 2616 12
320 2589 379 2615 Ἔτι
406 2588 491 2616 πολλὰ
510 2588 564 2624 ἔχω
578 2589 668 2624 λέγειν
685 2590 759 2625 ὑμῖν,
778 2590 835 2617 ἀλλ’
848 2591 878 2617 οὗ
899 2590 1012 2618 δύνασθε

231 2630 375 2666 βαστάζειν
387 2631 459 2666 ἄρτι.

266 2672 300 2699 1⁸5
317 2671 400 2698 Ὅταν
413 2672 441 2699 δὲ
460 2672 524 2708 ἔλθῃ
548 2673 650 2704 ἐκεῖνος
662 2693 669 2705 ,
689 2673 720 2700 τὺ
742 2672 853 2708 Πνεῦμα
875 2673 924 2708 τῆς
949 2673 1017 2708 ἀλη-

231 2712 321 2746 θείας,
339 2713 467 2750 ὁδηγήσει
487 2714 557 2749 ὑμᾶς
571 2715 611 2745 εις
626 2715 717 2741 πᾶσαν
738 2714 787 2750 τὴν
813 2714 958 2750 ἀλήθειαν·
984 2715 1015 2742 οὐ

229 2755 284 2790 γὰρ
300 2755 410 2792 λαλήσει
428 2756 474 2791 ἀφ’
488 2755 596 2786 ἑαυτοῦ,
614 2755 671 2782 ἀλλ’
682 2756 731 2782 ὅσα
748 2756 781 2783 ἂν
795 2755 899 2793 ἀκούσῃ
909 2777 916 2789 ,
934 2756 1016 2792 λαλή-

230 2805 271 2823 σει
283 2816 292 2829 ,
307 2797 354 2823 καὶ
370 2797 404 2823 τὰ
415 2797 551 2832 ἐρχόμενα
563 2795 708 2830 ἀναγγελεῖ
719 2797 795 2832 ὑμῖν.

265 2839 299 2866 η
318 2838 438 2869 Ἐκεῖνος
453 2838 502 2872 ἐμὲ
514 2836 630 2871 δοξάσει,
642 2836 682 2865 ὃτι
697 2839 728 2866 ὲκ
744 2838 790 2866 τοῦ
805 2837 871 2874 ἐμοῦ
888 2838 1013 2875 λήψεται,

236 2881 280 2907 καὶ
290 2879 435 2914 ἀναγγελεῖ
451 2878 526 2914 ὑμῖν.

1120 2260 1154 2287 15
1180 2259 1272 2286 Πάντα
1302 2260 1352 2286 ὅσα
1379 2259 1435 2294 ἔχει
1454 2259 1468 2285 ό
1498 2258 1610 2295 Πατὴρ,
1635 2259 1690 2294 ὲμά
1718 2259 1794 2285 ἐστι·
1818 2258 1860 2286 διά

1072 2302 1151 2329 τοῦτο
1175 2300 1249 2329 εἷπον
1268 2302 1309 2328 ὅτι
1331 2301 1363 2327 ἐκ
1379 2301 1426 2327 τοῦ
1444 2301 1512 2336 ἐμοῦ
1525 2301 1659 2337 λήψεται,
1681 2301 1728 2327 καὶ
1743 2301 1859 2334 ἀναγγε-

1072 2346 1113 2374 λεῖ
1135 2346 1209 2374 ὑμῖν.

1109 2355 1276 2423 μθίἵκρδν,
1294 2386 1340 2414 καὶ
1362 2386 1393 2413 οὐ
1421 2386 1549 2422 θεωρεῐτέ
1577 2395 1611 2422 με
1622 2395 1629 2402 ’
1653 2387 1700 2413 καὶ
1718 2385 1800 2413 πάλιν
1817 2395 1860 2420 μι-

1072 2428 1157 2465 κρὸν,
1186 2429 1233 2456 καὶ
1253 2428 1352 2464 ὕφεσθε
1380 2437 1431 2464 με,
1457 2428 1498 2455 δτι
1522 2427 1577 2462 ἐγὼ
1602 2428 1701 2462 ὑπάγω
1724 2427 1793 2463 πρὸς
1816 2427 1858 2454 τὶν

1073 2471 1190 2505 Πατέρα.

1110 2512 1141 2538 17
1159 2510 1244 2539 Εἶπον
1263 2509 1309 2538 οὖν
1328 2513 1360 2538 ἐκ
1371 2511 1426 2538 τῶν
1452 2511 1582 2547 μαθητῶν
1597 2510 1680 2538 αὐτοῦ
1696 2510 1765 2546 πρὸς
1781 2509 1857 2545 ἀλλή-

1072 2554 1134 2586 λους
1145 2561 1151 2568 ·
1165 2554 1197 2580 Τί
1214 2555 1271 2580 ἐστι
1294 2553 1372 2580 τοῦτο
1384 2553 1398 2579 ὅ
1423 2553 1496 2587 λέγει
1521 2553 1587 2588 ἡμῖν
1597 2561 1604 2567 '
1622 2552 1728 2587 Μικρὸν
1741 2572 1750 2584 ,
1770 2552 1817 2579 καὶ
1827 2551 1855 2578 οὗ

1071 2595 1196 2631 θεωρεῖτέ
1213 2604 1245 2630 με
1254 2604 1260 2610 ·
1278 2595 1324 2622 καὶ
1333 2595 1413 2622 πάλιν
1429 2595 1537 2630 μικρὸν,
1551 2594 1598 2621 καὶ
1608 2593 1707 2629 ὂψεσθέ
1723 2602 1758 2629 με
1768 2601 1776 2609 '
1791 2593 1834 2620 καὶ
1844 2613 1854 2627 ,

1071 2637 1132 2664 Ὂτι
1146 2636 1202 2671 ἐγὼ
1220 2636 1318 2670 ὑπάγω
1330 2637 1399 2671 πρὸς
1412 2636 1458 2663 τὸν
1471 2636 1582 2672 Πατέρα
1594 2644 1602 2668 ;

1106 2678 1139 2706 18
1151 2678 1263 2712 Ἔλεγον
1274 2676 1320 2704 οὖν
1333 2687 1340 2693 ·
1354 2678 1439 2705 Τοῦτο
1449 2678 1476 2705 τί
1492 2679 1566 2705 ἐστιν
1577 2678 1591 2704 ὃ
1601 2677 1686 2712 λέγει,
1702 2676 1733 2704 τὺ
1749 2676 1853 2713 μικρόιη

1069 2721 1119 2748 οὐκ
1131 2720 1242 2756 οἴδαμεν
1259 2720 1287 2747 τί
1305 2720 1390 2747 λαλεῖ.

1105 2762 1138 2790 19
1159 2763 1250 2796 Ἔγνω
1267 2760 1313 2790 οὗν
1328 2763 1342 2789 ό
1362 2761 1466 2797 Ἰησοῦς
1483 2761 1524 2788 ὃτι
1557 2760 1655 2797 ἤθελον
1687 2759 1768 2787 αὐτὸν
1790 2760 1854 2795 ἱμο-

1069 2805 1138 2839 τᾷν,
1163 2804 1210 2830 καὶ
1232 2801 1308 2830 εἶπεν
1331 2803 1438 2835 αὐτοῖς’
1465 2803 1533 2838 Περὶ
1561 2801 1656 2829 τούτου
1673 2801 1780 2837 ζητεῖτε
1797 2801 1853 2836 μετ’

1067 2845 1188 2880 ἀλλήλων
1210 2845 1252 2872 ὅτι
1273 2842 1350 2872 εἷπον
1360 2853 1367 2860 ·
1385 2844 1490 2879 Μικρδν
1503 2863 1511 2874 .
1527 2845 1575 2871 καὶ
1599 2843 1629 2870 οὐ
1645 2843 1775 2878 θεωρεῖτέ
1801 2850 1831 2877 tu
1841 2849 1850 2857 ·

1067 2886 1115 2915 καὶ
1131 2886 1211 2914 πάλιν
1229 2885 1341 2922 μικρὸν,
1358 2886 1405 2913 καὶ
1418 2885 1517 2922 semet
1534 2893 1582 2924 μεξ
