1953 3040
112 164 160 193 831

111 223 142 250 ει
159 225 227 261 μετά
244 225 320 262 βαιὸν
337 227 428 256 ἔειπον
446 229 500 255 ἀπὸ
517 229 659 266 βλεφάρων
674 231 846 267 μεταϐαίνω-

111 270 167 297 Kal
180 271 262 299 πάλιν
274 273 358 300 είσέτι
371 273 447 308 βαιὸν
464 275 636 311 ἐσαθρήσητε
649 278 765 312 φανέντα
776 287 785 312 ;

148 313 229 350 17‘
239 314 274 342 20
284 315 396 350 Ὅρκιον
404 317 592 353 ἐμπεδόμυθον
601 319 673 355 ἀμὴν
681 320 754 356 ἀμὴν
762 321 896 357 ἀγορεύω,

111 358 259 391 κλαύσετε,
276 361 324 386 καὶ
339 360 454 396 θρήνους
470 361 610 391 ὲπαείσετε
622 373 628 380 ·
643 365 788 399 λυσσαλὲος
803 367 832 394 δὲ

111 406 222 442 Κόσμος
237 408 280 434 ἐπ’
295 408 344 444 οὑχ
361 408 456 436 ὁσίοισι
468 411 636 446 χαρήσεται·
653 411 721 439 ἀλλὰ
736 413 782 440 καὶ
795 412 871 446 αὖθις

111 453 246 489 Πένθιμος
262 454 396 490 ὑμετέρης
411 456 618 491 μετανείσσεται
633 456 739 495 οἶστρος
754 459 846 495 ἀνίης’

109 499 142 526 21
164 500 241 526 Ὂττι
256 501 323 536 γυνὴ
339 500 510 538 βαρύφορτος
522 503 587 538 ἄχος
600 504 664 539 περὶ
676 504 761 540 θύμον
774 506 883 538 ἑλίσσει,

115 544 270 581 Ὀξυτέροις
290 545 428 581 βελέεσσιν
441 548 610 585 ίμασσομένη
627 553 745 578 τοκετοῖο
757 560 764 568 λ

110 590 198 626 Ὧρην
212 592 267 627 γὰρ
282 592 391 628 τρομέει
403 592 565 629 βαρυὼδινον
578 603 585 612 ·
598 596 631 631 ἢν
647 596 675 623 δὲ
688 597 816 633 λοχεύσῃ,

108 637 198 672 Δριμὺ
219 638 422 674 πεπαινομένης
435 639 591 667 ἀποσείεται
608 641 690 677 ἄχθος
705 643 794 678 ἀνίης,

109 681 165 708 Καὶ
181 682 317 719 προτέρης
337 683 432 719 ὀδύνης
448 686 478 712 ού
491 685 609 720 μνώεται
618 706 627 720 ,
638 688 695 714 ὄττι
709 688 755 715 καὶ
768 688 846 721 ἄλλος

114 727 280 764 Ἀρτιφανὴς
295 728 445 765 βλάστησεν
460 732 529 767 ἀνὴρ
539 732 698 766 παλιναυξέῖ
713 734 808 770 κόσμῳ
820 743 827 750 ·

106 772 144 799 22
164 772 321 808 Ἀγχιτόκου
336 775 448 810 μίμημα
461 775 588 811 λεχωῖδος
600 796 607 810 ,
625 778 687 813 ἄρτι
702 779 748 805 καὶ
763 779 843 814 ὑμεϊς

107 817 210 853 Πρῶτα
223 818 272 854 μὲν
284 819 462 856 ἁγρύπνοισιν
478 822 595 857 ἀμύξετε
612 823 698 859 θυμὸν
710 824 815 857 ἀνίαις·

60 890 61 893 η
114 862 196 891 Ἀλλά
211 873 262 891 που
276 865 387 901 ἀθρήσω
399 866 479 894 πάλιν
498 868 601 903 ὑμέας·
616 869 735 905 ὑμετέρη
752 870 781 896 δὲ

109 909 228 945 Γηθήσει
245 911 343 947 κραδίη
358 912 566 948 παλινάγρετος·
584 914 716 949 ὑψιφανὲς
731 915 760 941 δὲ

107 953 211 988 Χάρμα
225 955 290 990 παρ’
305 956 406 991 ὑμείων
420 957 610 993 ἀμετάτροπον
623 958 696 991 οὔτις
712 960 829 996 ἀμέρσει

106 999 157 1031 Εἰς
173 1000 270 1035 χρόνον
292 1001 322 1028 οὺ
343 1001 474 1037 λήγοντα’
494 1002 529 1030 25
547 1003 612 1036 καὶ,
633 1004 670 1036 ὼς
692 1005 793 1040 πάρος,
814 1005 897 1041 ἤματι

764 1049 861 1087 [κείνῳ

105 1092 190 1119 Οὐδὲν
204 1092 245 1120 ἔτι
263 1094 387 1130 προτέρῳ
406 1104 439 1129 με
457 1094 530 1130 σοφῷ
545 1095 730 1131 προσπτύξετε
747 1096 832 1132 μύθῳ.

105 1138 196 1165 Ὄσσα
209 1138 264 1176 γὰρ
278 1140 407 1176 αἰτήσητε
428 1139 563 1176 θεοκλήτῳ
580 1141 632 1168 τινὶ
645 1143 719 1178 φωνῇ
731 1162 738 1174 ,

106 1185 236 1212 Ἐσσεται
248 1185 353 1221 ἔμπεδα
365 1186 453 1214 ταῦτα
464 1187 654 1223 χαριζομένοίο
667 1187 780 1223 Τοκῆος.

103 1231 140 1258 24
154 1232 245 1268 Μέχρι
259 1231 287 1259 δέ
301 1231 349 1259 νῦν
366 1231 442 1259 οὔπω
455 1233 588 1269 βιοτήσιον
601 1233 681 1269 ἔργον
697 1233 810 1261 ἀνύσσαι

104 1277 244 1313 Πατρόθεν
259 1278 398 1314 ᾐτήσασθε
414 1279 490 1313 φίλον
505 1279 589 1314 γέρας
599 1288 605 1295 ·
622 1279 691 1306 ἀλλὰ
705 1279 830 1307 τελέσσαι

106 1324 188 1360 Ἀρτι
202 1324 283 1351 πάλιν
294 1324 429 1356 λίσσεσθε,
448 1325 495 1351 καὶ⁸
514 1324 601 1359 ὑμέας
614 1325 723 1352 ὁππόσα
742 1325 842 1360 θέλγει,

104 1370 198 1398 Πάντα
214 1370 279 1405 παρ’
292 1370 467 1406 ὑψιμέδοντος
483 1369 551 1406 ἐμοῦ
567 1370 676 1403 δέξεσθε
690 1371 805 1407 Τοκῆος,

105 1415 219 1452 [Χάρμα
235 1416 308 1448 ὅπως
323 1415 408 1450 γλυκὺ
425 1415 556 1451 ὑμέτερον
571 1416 763 1452 τετελεσμένον
775 1417 842 1453 εἴη.]

102 1461 139 1490 25
151 1461 208 1488 Νῦν
226 1461 343 1493 σκολιοῖς
354 1461 464 1488 ἐπέεσσι
477 1461 654 1497 παραϐλήδην
681 1462 805 1498 ἀγορεύω
816 1472 824 1479 ο

105 1507 177 1543 Ἤδη
191 1507 213 1533 δ’
230 1507 419 1543 ἀγχιτέλεστος
431 1507 571 1534 ἐλεύσεται
586 1507 677 1539 ἔνθεος
689 1507 748 1544 ὦρη
759 1528 766 1540 ,

110 1553 262 1589 Ἀμφαδίην
277 1553 320 1579 ὅτε
336 1553 425 1580 πάντα
444 1553 511 1580 Θεοῦ
526 1553 603 1589 παρὰ
616 1553 723 1589 Πατρὸς
739 1555 859 1588 ἀκούσας
908 1569 930 1598 c

104 1599 212 1634 Ἶξομαι
228 1598 367 1632 ἀγγέλλων
380 1597 545 1634 ἐτερότροπα
561 1598 671 1626 λευκάδι
685 1601 761 1635 φωνῇ

103 1644 206 1672 Πύθων
219 1643 286 1680 ὀρθὰ
300 1643 426 1677 κέλευθα,
439 1644 486 1671 καὶ
501 1644 593 1671 οὐκέτι
603 1644 713 1680 δόχμιον
723 1645 824 1682 ὀμφήν.

102 1691 139 1719 ‘26
155 1691 209 1719 Καὶ
220 1691 286 1719 Θεὸν
300 1692 429 1728 αἰτήσητε
447 1691 604 1719 πολύλλιτον
615 1692 700 1728 ἦματι
712 1693 794 1730 κείνῳ

104 1737 244 1772 se.waan
259 1737 356 1765 ὁσίοισι
368 1746 374 1754 ·
391 1737 438 1765 καὶ
455 1737 547 1765 οὐκέτι
567 1737 661 1765 τοῦτον
677 1738 760 1774 ἐνίψω

110 1784 155 1815 Ὠς
167 1783 253 1818 πάρος
267 1782 355 1819 ἠθάδα
371 1783 455 1818 μῦθον
464 1790 471 1798 °
490 1783 556 1818 ἐμὸν
568 1782 671 1816 ζώοντα
687 1784 780 1821 Τοκῆα

104 1830 216 1856 Εῐνεκεν
230 1829 332 1864 ὑμείων
347 1828 502 1864 μειλίξομαι
516 1838 522 1845 ⁸
534 1829 568 1856 27
588 1830 739 1866 ’Υψιμέδων
750 1831 804 1868 γὰρ

111 1875 269 1902 ’Δντίτυπον
286 1875 367 1902 πόθον
383 1876 464 1910 ἁγνὸν
483 1877 560 1911 ἐμοῖς
579 1876 713 1914 φίλτροισι
732 1878 877 1912 φυλάσσων

105 1922 187 1957 176
199 1922 302 1957 ’Υμέας
319 1921 529 1954 αὐτοκέλευστος
542 1922 607 1958 ἐμὸς
619 1923 732 1957 Γενέτης
746 1924 892 1957 ἀγαπάζει·

104 1967 182 1993 Ὀττι
194 1966 261 1993 Θεοῦ
274 1967 361 2000 Λόγον
373 1965 425 1992 Υἵα
444 1966 518 2001 σοφῷ
531 1966 578 1993 καὶ
591 1967 722 2002 ὁμόφρονι
733 1968 825 2004 δεσμῷ

102 2013 238 2040 Θέσκελον
251 2013 291 2045 είς
306 2012 356 2048 ἐμὲ
371 2013 481 2048 φίλτρον
498 2012 686 2040 ἐπιστώσασθε
700 2015 747 2041 καὶ
761 2015 840 2050 ὑμεῖς

105 2061 217 2088 ἽΙθεσιν
233 2060 413 2088 ἁπλανέεσσιν
424 2067 431 2074 ·
446 2059 655 2095 ἐπεφράσσασθε
672 2059 700 2086 δὲ
719 2059 797 2096 μύθῳ

105 2107 183 2134 Ὂττι
196 2106 343 2142 φερεζώοιο
358 2105 424 2132 Θεοῦ
439 2105 516 2142 παρὰ
530 2106 636 2142 Πατρὸς
655 2106 749 2134 ἱκάνω.

101 2154 137 2181 23
150 2151 252 2180 ’Πλθον
264 2151 319 2186 ἐγὼ
335 2151 411 2187 παρὰ
424 2151 546 2187 Πατρὸς,
559 2152 718 2188 ἐφωμίλησα
737 2152 765 2180 δὲ
779 2154 873 2191 κόσμῳ
883 2163 890 2170 ”

102 2200 154 2230 Καὶ
169 2199 249 2226 πάλιν
263 2197 422 2237 ἀμπλακίης
437 2197 578 2235 ἐγκύμονα
592 2198 694 2234 κόσμον
709 2199 782 2226 ἐάσω
794 2207 801 2215 ·

562 169 802 200 PARAPHRASIS
821 171 855 199 ΙΝ
873 171 1077 204 JOANNEM.—
1095 176 1171 206 CAP.
1192 178 1260 207 XVI.

1687 187 1740 216 832

914 236 937 264 Λ
954 235 1049 263 silium
1069 237 1124 264 dixi
1143 238 1177 266 ab
1190 240 1278 267 oculis
1296 242 1406 277 recedo;
1423 243 1455 271 Et
1469 252 1566 274 rursus
1579 249 1641 282 post
1651 247 1741 282 pusil-

954 283 1007 310 lum
1022 284 1163 319 aspicictis
1179 289 1375 322 apparentem?

995 333 1073 369 175
1085 334 1120 361 20
1139 334 1336 370 Jusjurandum
1354 337 1540 374 ﬁrmiloquum
1554 341 1640 370 Amen
1653 342 1739 370 Amen

955 378 1017 407 dico
1040 389 1046 406 :
1073 379 1220 409 Plorabitis
1231 403 1238 415 ,
1256 386 1284 410 et
1294 383 1432 419 lacrymas
1448 384 1595 419 incinctis;
1612 387 1739 415 rabiosus

953 434 1019 454 vero
1034 426 1153 456 Mundus
1179 428 1208 456 in
1222 437 1277 456 nou
1292 431 1396 459 sanctis
1411 433 1554 467 gaudebit;
1577 434 1624 462 sed
1638 440 1664 462 et
1678 443 1739 463 rur-

953 482 1000 502 sus
1015 474 1171 504 Luctuosus
1191 482 1287 505 vestra:
1309 479 1437 507 transibit
1456 481 1584 509 stimulus
1602 482 1738 517 tristitiae;

950 523 981 550 21
1011 523 1080 556 Quia
1102 525 1201 552 mulier
1222 525 1334 561 gravida
1361 527 1500 556 tristitiam
1528 529 1620 556 animo
1643 530 1737 566 volvit,

952 572 1047 599 Acutis
1062 572 1169 608 sagittis
1187 573 1284 601 amicta
1302 579 1412 611 partus:
1431 575 1530 604 Horam
1554 578 1626 605 enim
1648 579 1741 606 horret

950 621 1041 656 gravis
1061 625 1174 656 partus;
1200 623 1224 650 si
1250 630 1315 651 vero
1338 624 1453 659 peperit,
1474 625 1592 654 Acutum
1616 627 1740 655 concocti

950 669 1053 696 excutit
1077 670 1186 704 pondus
1212 671 1348 704 maeroris,
1368 671 1401 699 Et
1427 674 1527 708 prioris
1556 674 1659 702 doloris
1684 682 1739 702 non

955 717 1088 750 meminit,
1108 718 1172 753 quia
1189 722 1217 746 et
1232 719 1301 747 alius
1314 718 1406 755 Nuper
1420 728 1554 756 apparens
1578 723 1741 758 germinavit

950 764 992 791 vir
1024 766 1192 794 recrescenti
1221 767 1333 796 mundo.
1350 768 1386 794 22
1410 767 1512 797 Vicina:
1540 771 1627 805 partui
1654 771 1741 803 instar

949 819 1091 848 puerperas
1118 813 1175 848 jam
1203 818 1230 842 et
1256 822 1305 843 vos
1327 814 1450 846 Primum
1475 817 1584 852 quidem
1608 818 1737 853 vigilibus

950 861 1076 896 pungetis
1101 861 1221 890 animum
1245 864 1430 898 maeroribus;
1449 865 1503 892 Sed
1517 865 1615 893 videbo
1643 873 1740 894 rursus

912 903 932 930 Β
951 917 1017 943 vos;
1031 914 1151 937 vestrum
1165 914 1257 938 autem
1273 910 1406 940 Gaudebit
1417 920 1464 940 cor
1476 920 1574 941 rursus
1584 913 1739 947 collectum;

950 957 1068 985 sublime
1084 958 1167 986 etiam
1183 957 1317 986 Gaudium
1335 967 1351 987 a
1362 960 1440 988 vobis
1455 960 1623 989 immutabile
1637 961 1731 988 nullus

948 1005 1054 1035 auferet
1069 1006 1099 1034 In
1113 1010 1262 1042 aeternum;
1278 1007 1313 1036 25
1334 1011 1374 1042 et,
1388 1013 1418 1037 ut
1433 1013 1524 1043 antea,
1539 1009 1642 1038 dieillo
1660 1009 1734 1038 Nihil

948 1055 1067 1090 amplius
1094 1055 1186 1091 priore
1208 1063 1252 1084 me
1274 1056 1399 1092 sapiente
1423 1058 1625 1095 interrogabitis
1644 1059 1738 1087 verbo.

948 1104 1124 1140 Quaecunque
1140 1105 1212 1133 enim
1225 1106 1360 1141 petieritis
1372 1106 1456 1135 Deum
1467 1107 1612 1135 invocante
1621 1107 1740 1143 quadam

889 1186 896 1194 θ
948 1161 1024 1187 voce,
1044 1153 1131 1182 Erunt
1152 1155 1229 1182 iirma
1248 1155 1340 1183 omnia
1355 1163 1370 1183 a
1383 1156 1513 1185 benevolo
1528 1157 1618 1185 Patre.
1634 1157 1669 1184 ει
1680 1155 1738 1184 Huc

947 1210 1036 1238 usque
1053 1203 1173 1231 nondum
1192 1203 1273 1232 vitale
1287 1211 1357 1239 opus
1373 1205 1504 1240 perlicere
1515 1206 1538 1232 Α
1553 1205 1634 1233 Patre
1646 1209 1740 1240 postu-

948 1251 1026 1279 lastis
1040 1251 1153 1279 charum
1163 1259 1278 1286 munus;
1294 1252 1342 1280 sed
1351 1252 1482 1288 perlicere
1492 1253 1572 1281 Modo
1586 1261 1681 1282 rursus
1694 1261 1740 1289 pe-

948 1297 1007 1328 tite.
1021 1299 1048 1324 et
1068 1304 1117 1325 vos
1141 1304 1311 1333 quaecunque
1336 1298 1482 1332 delectant,
1496 1299 1593 1327 Omnia
1610 1299 1644 1327 ab
1659 1299 1742 1328 celsi?

947 1352 1011 1381 rege
1023 1352 1083 1372 meo
1093 1345 1232 1380 accipietis
1253 1345 1343 1379 Patre,
1361 1346 1497 1375 Gaudium
1524 1353 1554 1376 ut
1581 1355 1666 1376 suave
1689 1355 1736 1375 ve-

947 1397 1035 1422 strum
1054 1393 1204 1429 perfectum
1221 1394 1267 1423 sit.
1288 1394 1324 1423 25
1346 1394 1426 1424 Nunc
1448 1396 1541 1424 curvis
1571 1397 1663 1425 verbis
1687 1404 1736 1432 per

953 1443 1112 1478 parabolam
1127 1443 1242 1479 loquor;
1258 1442 1318 1471 Jam
1332 1451 1397 1472 vero
1411 1452 1498 1480 prope
1515 1444 1636 1480 perfecta
1651 1445 1740 1474 veniet

946 1491 1039 1520 divina
1055 1491 1134 1524 hora,
1149 1493 1249 1527 Aperte
1265 1492 1380 1528 quando
1393 1493 1484 1520 omnia
1499 1501 1514 1520 a
1528 1493 1584 1521 Deo
1594 1493 1673 1521 Patre
1687 1501 1739 1521 au-

947 1539 1026 1568 diens
1038 1539 1177 1568 Ventus-us
1194 1547 1255 1568 sum
1272 1541 1440 1568 annuntians
1453 1541 1530 1569 varia
1557 1545 1651 1577 aperta
1671 1549 1740 1570 voce

948 1588 1112 1616 Sermonum
1129 1592 1219 1617 rectas
1240 1588 1311 1622 vias,
1327 1594 1354 1618 et
1379 1597 1434 1618 non
1458 1590 1577 1626 amplius
1600 1591 1740 1627 obliquam

948 1644 1054 1665 vocem.
1069 1637 1104 1665 26
1127 1636 1161 1664 Et
1176 1637 1260 1665 Deum
1276 1638 1391 1666 orabitis
1405 1639 1501 1667 multis
1515 1639 1645 1674 precibus
1657 1640 1735 1667 invo-

946 1685 1065 1713 candum
1085 1686 1130 1713 die
1143 1686 1190 1713 illo
1207 1685 1415 1715 Precationibus
1434 1688 1548 1720 sanctis,
1566 1691 1594 1715 et
1610 1695 1666 1716 non
1678 1694 1737 1715 am»

953 1734 1025 1769 plius
1042 1734 1117 1762 hunc
1130 1734 1219 1762 dicam
1235 1733 1270 1762 Ut
1284 1739 1365 1763 antea
1380 1739 1542 1763 consuelum
1563 1743 1736 1769 sermonem;

946 1792 1035 1813 meum
1051 1785 1186 1813 viventem
1204 1784 1312 1814 Patrem
1327 1785 1442 1821 Propter
1454 1793 1503 1813 vos
1513 1785 1684 1814 demulcebo.
1695 1786 1732 1812 21

945 1837 1100 1873 Altircgens
1130 1837 1204 1865 enim
1221 1837 1388 1873 Expressum
1414 1837 1581 1865 desiderium
1608 1843 1733 1866 sanctum

947 1890 1001 1918 mei
1021 1890 1123 1918 amoris
1139 1890 1298 1918 custodiens
1318 1891 1397 1926 177
1415 1889 1471 1918 Vos
1484 1894 1580 1926 sponte
1595 1898 1673 1919 meus
1686 1890 1738 1918 Pa-

945 1947 986 1971 ter
997 1943 1101 1979 diligit:
1114 1943 1183 1976 Quia
1197 1943 1244 1971 Dei
1259 1943 1378 1972 Verbum
1389 1944 1487 1972 Filium
1503 1944 1620 1980 sapienti
1635 1948 1663 1973 et
1674 1951 1738 1972 con-

945 1997 1022 2024 cordi
1036 1996 1147 2029 vinculo
1161 1995 1289 2024 Divinum
1306 1996 1335 2024 in
1354 2004 1398 2025 me
1416 2004 1539 2025 amorem
1549 1997 1736 2033 conjunxistis

942 2053 969 2076 et
986 2056 1036 2077 vos
1046 2048 1169 2077 Moribus
1182 2044 1238 2076 non
1254 2048 1431 2083 errantibus;
1445 2052 1473 2077 et
1494 2049 1662 2086 cognovistis
1679 2056 1737 2078 ser-

943 2110 1024 2131 mone
1038 2102 1117 2137 Quod
1136 2102 1221 2131 vitam
1236 2101 1340 2130 ferente
1360 2110 1376 2130 a
1394 2101 1449 2130 Deo
1470 2101 1551 2130 Patre
1573 2102 1665 2131 venio.
1694 2103 1732 2131 28

945 2153 1011 2183 Veni
1028 2162 1079 2190 ego
1096 2162 1111 2182 a
1127 2154 1217 2188 Patre,
1236 2159 1263 2182 et
1284 2156 1464 2181 conversatus
1483 2160 1545 2181 sum
1561 2153 1590 2181 in
1607 2153 1709 2182 mundo
1725 2163 1733 2187 ;

942 2200 975 2228 Et
991 2208 1087 2229 rursus
1104 2205 1216 2236 peccato
1244 2199 1375 2229 refertum
1392 2198 1524 2226 mundum
1547 2198 1686 2235 relinquo;
1701 2198 1735 2229 Et

701 2274 843 2306 TEXTUS
865 2277 1132 2308 EVANGELIST/E.

135 2334 170 2361 ‘20
190 2332 276 2368 Ἀμὴν
287 2330 359 2366 ἀμὴν
375 2331 446 2366 λέγω
465 2331 543 2367 ὑμῖν,
558 2331 599 2363 ὅτι
617 2331 749 2358 κλαύσετε
765 2334 812 2360 καὶ
826 2333 892 2370 θρη-
908 2338 930 2367 D
945 2343 1010 2371 μου·
1027 2336 1138 2369 αἰτεῖτε,
1163 2336 1209 2362 καὶ
1221 2335 1339 2371 λήψεσθε
1349 2354 1358 2368 ,
1382 2335 1425 2362 ἵνα
1442 2335 1459 2370 ἠ
1473 2334 1546 2371 χαρὰ
1563 2333 1671 2371 ὑμῶνῇ
1686 2344 1735 2363 πει

99 2377 197 2411 νήσετε
212 2374 309 2409 ὑμεῖς,
326 2375 340 2400 ὸ
359 2373 387 2399 δὲ
403 2372 505 2408 κόσμος
518 2373 684 2408 χαρήσεταιο
701 2374 779 2410 ὑμεῖς
802 2375 830 2402 δὲ
844 2376 890 2403 λυ-

99 2415 276 2452 πηθήσεσθε,
293 2414 350 2442 ἀλλ’
364 2415 381 2449 ή
401 2414 474 2449 λύπη
488 2414 564 2449 ὑμῶν
579 2414 618 2446 εἱς
633 2413 720 2449 χαρὰν
735 2416 889 2452 γενήσεται.

134 2458 168 2486 21
189 2457 220 2484 'H
236 2457 305 2493 γυνὴ
318 2456 382 2482 ὅταν
406 2456 502 2491 τίκτῃ,
526 2455 615 2491 λύπην
635 2455 691 2490 ἔχει
702 2474 709 2487 ,
725 2456 765 2483 ὅτι
778 2455 859 2493 ἦλθεν
873 2460 889 2494 ὴ

98 2501 160 2538 ὥρα
183 2500 289 2536 αὐτῆς·
305 2500 369 2527 ὃταν
393 2498 421 2524 δὲ
447 2497 563 2534 γεννήσῃ
589 2497 620 2523 τὸ
644 2497 767 2530 παιδίον,
785 2499 834 2526 οὐκ
851 2500 891 2527 ἔτι

100 2542 268 2578 μνημονεύει
289 2542 340 2577 τῆς
360 2540 475 2575 θλίψεως
487 2559 495 2571 ,
512 2538 556 2565 διὰ
571 2539 620 2574 τὴν
635 2539 722 2575 χαρὰν
735 2561 742 2573 ,
759 2540 799 2567 ὅτι
815 2542 890 2576 ἐγεν-

97 2585 168 2620 νήθη
185 2584 327 2620 ἄνθρωπος
341 2584 382 2614 είς
401 2582 447 2609 τὸν
464 2581 575 2616 κόσμον.

134 2626 170 2652 22
192 2626 246 2652 Καὶ
263 2626 343 2661 ὑμεῖς
357 2623 403 2651 οὖν
421 2623 510 2659 λύπην
536 2623 584 2658 μὲν
597 2621 645 2648 νῦν
658 2622 734 2657 ἔχετε
744 2631 750 2638 ·
767 2623 848 2650 πάλιν
861 2624 889 2651 δὲ

96 2667 200 2703 ὄψομαι
224 2667 311 2702 ὑμᾶς,
329 2666 377 2694 καὶ
400 2666 549 2701 χαρήσεται
567 2665 644 2700 ὑμῶν
669 2666 686 2700 ή
703 2664 801 2701 καρδία
814 2686 821 2699 ,
843 2666 891 2693 καὶ

96 2709 148 2744 τὴν
159 2708 246 2744 χαρὰν
257 2708 334 2744 ὑμῶν
347 2707 434 2739 οὐδεὶς
447 2706 520 2742 αἴρει
534 2707 580 2741 ἀφ’
598 2707 684 2742 ὑμῶν.

134 2750 170 2777 23
182 2751 238 2777 Καὶ
248 2751 277 2777 ἐν
293 2749 385 2785 ἐκείνῃ
400 2749 433 2784 τῇ
445 2749 538 2784 ἡμέρᾳ
552 2748 601 2784 ἐμὲ
615 2749 665 2776 οὐκ
681 2749 832 2785 ἐρωτήσετε
844 2749 890 2776 οὺ-

98 2789 154 2819 δέν.
173 2792 259 2827 Ἀμὴν
281 2791 354 2827 ἀμὴν
377 2790 449 2825 λέγω
466 2790 546 2826 ὑμῖν,
564 2790 605 2817 ὅτι
627 2791 677 2817 ὅσα
702 2791 735 2818 ἂν
756 2791 885 2827 αίτήσητε

93 2832 142 2860 τὸν
157 2834 267 2869 Πατέρα
278 2833 306 2859 ἐν
322 2833 361 2868 τῷ
373 2832 485 2868 ὀνόματί
506 2841 556 2867 μου
570 2852 577 2864 ,
591 2831 671 2859 δώσει
686 2832 759 2867 ὑμῖν.

131 2874 168 2909 24
182 2875 253 2906 Ἕως
276 2875 338 2911 ἄρτι
361 2874 411 2901 οὐκ
435 2874 554 2910 ᾐτήσατε
576 2874 652 2901 οὐδὲν
671 2875 699 2900 ὲν
718 2873 756 2910 τῷ
772 2873 883 2908 ὀνόματί

943 2378 997 2414 πλη
1002 2378 1122 2413 ρωμένη.

978 2419 1013 2446 25
1029 2419 1121 2446 Ταῦτα
1139 2419 1168 2445 ἐν
1184 2419 1344 2455 παροιμίαις
1361 2418 1496 2454 λελάληκα
1513 2419 1593 2453 ὑμῖν·
1615 2418 1673 2446 ἀλλ’
1687 2419 1734 2455 ερ-

942 2469 1020 2497 χεται
1046 2460 1105 2496 ὥρα
1119 2461 1163 2488 ὅτε
1180 2461 1229 2487 οὐκ
1246 2460 1285 2487 ἐτι
1301 2462 1330 2487 ἐν
1345 2460 1506 2496 παροιμίαις
1528 2460 1639 2495 λαλήσω
1657 2461 1732 2497 ὑμῖν,

942 2503 1010 2530 ἀλλὰ
1028 2503 1170 2539 παρρησίᾳ
1185 2503 1249 2538 περὶ
1261 2502 1308 2529 τοῦ
1323 2502 1430 2538 Πατρὺς
1442 2502 1583 2536 ἀναγγελῶ
1599 2503 1673 2539 ὑμῖν.

976 2545 1011 2572 26
1036 2545 1080 2571 Ἐν
1094 2545 1187 2580 ἐκείνῃ
1201 2546 1234 2580 τῇ
1250 2545 1340 2580 ἡμέρᾳ
1357 2545 1386 2571 ἐν
1400 2543 1440 2579 τῷ
1459 2544 1570 2580 ὀνόματί
1586 2553 1638 2580 μου
1653 2546 1732 2583 αίτή-

941 2587 1020 2614 πσθε
1034 2596 1040 2601 ·
1055 2587 1102 2613 καὶ
1117 2587 1147 2613 οὑ
1163 2586 1236 2620 λέγω
1254 2586 1317 2621 ὑμῖν
1331 2586 1372 2613 ὅτι
1384 2585 1440 2621 ἐγὼ
1460 2586 1593 2623 ἐρωτήσω
1609 2587 1656 2614 τὸν
1674 2588 1731 2616 Πα-

939 2629 1006 2665 τέρα
1021 2628 1085 2664 περὶ
1099 2627 1175 2663 ὑμῶν
1183 2635 1190 2642 ·

976 2670 1010 2697 27
1024 2670 1109 2701 Ali-rb;
1121 2669 1175 2704 γὰρ
1187 2670 1201 2696 ὁ
1218 2669 1312 2705 Πατὴρ
1328 2669 1400 2704 φιλεῖ
1413 2669 1486 2705 ὑμᾶς
1497 2689 1505 2702 ,
1523 2670 1563 2697 ὅτι
1577 2670 1656 2706 ὑμεῖς
1673 2671 1725 2706 ἐμὲ

942 2711 1122 2748 πεφιλήκατε,
1129 2708 1178 2738 καί
1186 2711 1387 2738 πεπιστεύκατε
1397 2711 1438 2738 ὅτι
1451 2710 1507 2746 ἐγὼ
1519 2711 1594 2747 παρὰ
1609 2712 1655 2738 τοῦ
1661 2711 1730 2739 Θεοῦ

941 2753 1063 2786 ἐξῆλθον.

972 2762 1157 2831 ἓξ,ῗέξῆλοον
1174 2794 1249 2830 παρὰ
1271 2794 1317 2821 τοῦ
1332 2794 1456 2830 Πατρδς,
1480 2794 1526 2821 καὶ
1553 2793 1669 2828 ἐλήλυθα
1687 2793 1727 2826 είς

941 2837 986 2864 τὸν
1003 2836 1122 2872 κόσμον·
1144 2835 1224 2863 πάλιν
1239 2836 1341 2872 ἀφίημι
1362 2836 1408 2864 τὸν
1424 2836 1536 2871 κόσμον,
1551 2835 1598 2862 καὶ
1616 2834 1727 2870 πορεύοε

943 2888 991 2914 μοι
1003 2879 1070 2914 πρὸς
1083 2878 1128 2909 τὸν
1140 2878 1257 2913 Πατέρα.
