1953 3040
101 165 149 193 ειη

545 161 786 193 PARAPHRASIS
806 166 837 193 IN
858 166 1065 195 JOANNEM.—-
1085 168 1161 196 CAP.
1183 169 1253 197 XIX.

1680 173 1733 201 808

201 221 237 249 58
252 221 306 248 Καὶ
322 220 437 253 Πιλᾶτος
455 221 591 257 θάμϐησε,
606 222 654 249 καὶ
668 222 786 258 ἔμπαλιν
805 222 886 258 εῖρετι

957 225 1025 260 [95
1034 225 1069 252 58
1081 225 1113 252 Et
1131 225 1233 252 Pilatus
1249 227 1362 260 stupuit,
1385 229 1410 254 et
1435 232 1531 255 rursus
1556 227 1732 264 interrogant

751 268 842 304 [μὺοῳ
850 278 857 285 '

108 313 236 348 ’Λτρεκῐη
252 312 279 339 τί
293 312 370 339 πέλει
380 313 448 345 ;Ka‘-.
465 313 508 340 ἐὸν
525 313 619 349 θρόνον
635 313 698 346 ὀξὺς
713 314 806 346 ἐάσας,

101 358 232 394 Δὼματος
243 356 321 390 ἐκτὸς
334 358 436 392 ἔϐαινε,
446 359 494 386 καὶ
508 359 618 386 ἔννεπεν
632 359 727 396 ἄφρονι
738 359 804 395 λαῷ,

102 405 260 441 Νηοπὸλους
276 403 298 431 δ’
317 405 429 441 ήλεγξεν
444 405 481 440 ἑῷ
492 405 629 432 πολυειδέῖ
645 405 739 441 μύθῳ·

103 448 216 486 Κρίνας,
232 450 318 477 αἴτιον
332 448 407 478 οὐδὲν
423 452 452 477 ὲν
465 451 542 488 ἀνέρι
556 451 623 486 τῷδε
640 452 759 478 δοκεύω·

101 496 139 522 Οὐ
152 496 290 531 πρόφασιν
304 496 368 532 μίαν
387 494 466 533 εὗρον
481 497 623 533 ἐπήϐολον.
643 498 677 525 59
695 498 852 534 Ἀρχέγονον
867 499 895 526 δὲ

107 542 188 576 Ὑμῖν
203 539 320 579 πάτριόν
335 543 408 569 ἐστιν
422 543 538 578 ἐτήσιον,
553 543 624 578 ὖφρα
639 552 684 570 κεν
698 544 761 579 ὑμῖν
799 556 802 560 -

107 588 157 614 Ἐκ
169 588 293 624 φυλακῆς
307 588 424 620 καλέσας
436 589 484 616 ἕνα
504 589 613 624 δέσμιον
626 589 711 625 ἀνέρα
725 589 812 616 λύσω·

100 632 141 660 Ἦ
156 634 192 669 ῥά
205 634 236 661 νύ
253 644 300 670 μοι
316 635 442 670 βούλεσθε
458 635 618 662 παλίλλυτον
632 635 718 672 ὔμμιν
733 637 844 664 ὀπάσσω

101 680 290 716 Σῳιγγόμενον
305 680 444 716 δεσμοῖσιν
461 681 596 709 Ἰουδαίων
613 681 743 717 paul-Ea;

100 726 138 754 40
154 727 276 763 Ἑϐραῖοι
287 728 309 754 δ’
323 727 459 760 ἀλάλαξαν
475 728 607 763 ἀπείρονα
626 728 754 764 σύνοροον
770 729 829 764 ἠχὼ

100 773 285 809 Φθεγγόμενοι
294 783 300 788 -
313 774 359 810 Μὴ
371 774 464 801 τοῦτον
477 774 506 801 ὃν
520 775 642 808 ἕννεπες,
654 775 723 802 ἀλλά
736 775 894 811 Βαραὸϐᾶν·

104 819 156 852 ’ος
169 820 235 847 πέλε
252 820 368 857 ληϊστὴρ
383 819 581 856 θανατηφόρος.

423 875 502 902 ΚΕΦ.
524 875 575 903 IB'.

561 920 574 947 1
591 921 727 957 Αίνομανῆ
745 921 772 948 δὲ

105 966 248 1002 Ὀρχαμος
261 966 406 1002 ἀφραδέων
422 966 564 1002 στομάτων
576 965 710 1001 ἀλαλητὺν
728 967 844 998 ἀκούων,

102 1011 226 1047 Δηῖστὴν
243 1010 392 1046 ἀνίμαστον
405 1011 534 1046 ἀδέσμιον
547 1011 642 1038 ὤπασε
655 1011 722 1046 λαῷ,

103 1058 160 1086 Καὶ
173 1059 302 1094 ῥοπάλοις
317 1058 473 1094 ἀχάρακτον
483 1066 490 1073 ·
505 1057 668 1095 ἀμοιϐαίῃσι
681 1058 710 1084 δὲ
724 1059 816 1093 ῥιπαῖς

110 1105 254 1140 Ῥιγεδανῇ
272 1105 400 1140 Χριστοῖο
413 1104 500 1139 δέμας
513 1104 630 1138 φοίνιξεν
646 1103 775 1140 ἱμάσθλῃ,

103 1151 122 1177 2
136 1150 189 1176 Kal
208 1149 323 1185 στρατὸς
338 1148 466 1176 ἀντιείων
478 1148 676 1183 φιλοκέρτομος
690 1147 763 1183 εἶχεν
780 1147 899 1182 Ἰησοῦν·

111 1196 259 1232 ὐξυτῦμου
276 1196 304 1222 δὲ
321 1195 447 1232 κόρυμϐα
463 1194 676 1230 περιπλέξαντες
695 1194 828 1230 ἀκάνθης,

104 1243 222 1279 Στέμμα
237 1243 314 1269 νόθον
327 1242 460 1278 Βασιλῆος
477 1241 667 1269 ἐκυκλώσαντο
679 1241 801 1276 καρήνῳ.

106 1287 159 1316 Καί
176 1297 223 1323 μιν
235 1287 438 1323 ἀνεχλαίνωσαν
455 1287 501 1314 ἐπὶ
515 1286 576 1321 χροῒ
588 1286 680 1313 πέπλα
691 1285 828 1320 βαλόντες,

107 1334 230 1370 Σιδονίης
247 1334 389 1360 στίλϐοντα
406 1332 480 1368 σοφῷ
498 1332 625 1368 οπινθῆρι
636 1332 793 1367 θαλάσσης·

106 1379 235 1415 Σύμϐολα
249 1379 392 1414 κοιρανίης
407 1380 454 1406 καὶ
470 1380 499 1405 ὲν
508 1378 628 1412 ἄλγεσιν.
644 1378 661 1404 5
682 1377 842 1412 Ἀμφιπαγῆ
856 1376 884 1403 δὲ

107 1426 230 1452 Γούνατα
245 1425 437 1460 δοχμώσαντες
450 1424 496 1450 επὶ
512 1423 606 1458 χθονὸς
622 1423 716 1458 αὐχένι
728 1422 829 1458 κυρτῷ,

106 1470 241 1506 Κοίρανον
259 1469 414 1504 ἠσπάζοντο
428 1469 469 1496 ἐνὶ
482 1469 567 1504 ψευδῆ
573 1477 633 1504 μονι
644 1467 752 1503 κλήσει,

113 1516 231 1551 Ἱκεσίης
249 1516 370 1551 κήρυκι·
387 1515 434 1542 καὶ
450 1515 509 1550 ήῖεν
526 1514 604 1546 ἀλλος
619 1515 662 1540 ἐπ’
675 1514 756 1549 ἄλλῳ,

107 1562 211 1597 Χερσὶν
226 1561 389 1598 ἀμοιϐαίῃσι
400 1561 533 1597 παρηΐδος
544 1560 628 1596 ἀκρον
647 1559 784 1594 ἀράσσων.

108 1609 125 1635 4
142 1609 196 1635 Καὶ
211 1608 325 1640 Πιλᾶτος
338 1608 492 1643 ταχύμητις
501 1607 638 1643 ἀνέδραμε
649 1607 773 1641 δώματος
790 1606 842 1638 ἔξω

108 1655 196 1682 [local
209 1655 419 1686 παλιννόστοισι,
433 1654 479 1681 καὶ
494 1654 569 1688 ἴαχεν
581 1653 678 1688 ἄφρονι
694 1653 761 1687 λαῷ,

110 1701 241 1727 Ἐκτοθεν
257 1701 342 1736 ἀνέρα
357 1700 451 1726 τοῦτον
469 1700 497 1732 ὲς
510 1699 597 1735 ὑμέας
610 1699 672 1735 ἄρτι
689 1698 803 1734 κομίζω.

111 1749 205 1782 Ὄφρα
217 1747 245 1773 δὲ
255 1746 438 1781 γιγνώσκητε,
451 1744 599 1776 νεοπλανὲς
608 1744 685 1771 οὐδὲν
695 1744 724 1770 ὲν
738 1744 812 1778 αὐτῷ

110 1791 196 1828 Εὗρον
210 1792 276 1826 ἐγὼ,
291 1792 473 1827 πραπίδεσσιν
488 1792 663 1827 ἀμωμήτοισι
677 1790 805 1822 δικάζων.

110 1840 127 1865 5
150 1838 308 1874 ‘Axpdvmt;
322 1838 350 1864 δὲ
365 1838 477 1863 πόδεσσι
491 1837 607 1871 διέστιχε
626 1836 705 1870 νόσφι
721 1835 866 1870 μελάθρου,

111 1884 167 1911 Kal
185 1884 282 1918 στέφος
293 1883 446 1918 ὀξυέθειρον
462 1882 615 1918 ὁμόπλοκον
631 1879 704 1916 εἶχεν
717 1881 849 1916 ἀκάνθης,

113 1930 196 1966 196
211 1929 372 1965 Πορφυρέην
380 1929 405 1955 τ’
417 1928 520 1963 ἐσθῆτα
532 1927 675 1962 διάϐροχον
685 1926 781 1961 αἵματι
795 1924 902 1960 κόχλου,

111 1976 168 2002 Καὶ
186 1974 299 2005 Πιλᾶτος
317 1973 444 2006 κατέλεξε
460 1972 540 1999 πάλιν
558 1971 691 2007 ζηλήμονι
704 1970 777 2005 λαῷ·

117 2021 218 2054 Ἦνίδε,
231 2019 423 2050 ποικιλόνωτος
437 2018 557 2050 ἀναίτιος
572 2017 681 2043 ἵσταται
697 2017 778 2052 ἀνήρ.

156 2067 174 2094 6
186 2066 240 2093 Καί
259 2074 305 2101 μιν
322 2063 524 2099 ἑσαθρήσαντες
536 2062 661 2096 ἀθέσμιοι
675 2060 832 2096 ἀρχιερῆες,

113 2111 169 2138 Καὶ
186 2110 312 2146 βλοσυροὶ
325 2109 488 2145 δρηστῆρες.
502 2107 657 2144 ὲπέὸρεμον
670 2107 787 2134 ἄσπετον
798 2106 866 2142 ἦχόν

114 2157 229 2192 Σταυρῷ
246 2156 402 2192 σύμπλοκος
419 2152 496 2186 οὗτος
510 2155 628 2190 ἐπήορος
646 2154 737 2190 ὄρϐιος
752 2153 832 2184 ἔστω,

114 2203 171 2230 Kal
183 2190 246 2230 ποσὶ
260 2190 307 2230 καὶ
325 2201 467 2236 παλάμῃσι
486 2200 598 2236 σιδήρεα
617 2200 717 2234 κέντρα
736 2199 866 2234 κομίξων.
892 2190 897 2195 ’

945 272 1028 298 verbo
1045 281 1051 298 :
1070 271 1177 299 Veritas
1191 273 1256 307 quid
1272 273 1335 300 est?
1360 272 1500 308 Suumque
1521 274 1648 302 thronum
1663 281 1734 302 cete-

945 317 1013 344 riter
1034 318 1191 352 relinquens
1211 318 1292 345 Extra
1316 318 1425 346 domum
1450 319 1508 352 ivit,
1525 324 1552 347 et
1574 321 1641 348 dixit
1667 321 1735 349 insi-

946 364 1032 398 pienti
1052 365 1164 400 populo,
1179 365 1212 391 Et
1234 365 1392 393 sacerdotes
1408 367 1580 400 reprehendit
1600 375 1649 395 suo
1665 369 1735 395 mul-

946 410 1027 437 tiscio
1043 418 1171 438 sermone
1187 418 1194 437 :
1214 411 1357 443 .ludicans,
1382 419 1492 439 causam
1516 413 1619 440 nullam
1637 414 1664 441 in
1677 416 1734 441 vim

946 457 998 484 hoc
1011 457 1112 485 video:
1133 457 1192 485 Non
1214 459 1386 487 occasionem
1412 459 1494 486 ullam
1517 460 1606 487 inveni
1624 465 1734 487 ορτιειιιι.

945 502 981 530 59
995 503 1117 532 Priscum
1138 512 1202 532 vero
1218 504 1303 533 Vobis
1321 506 1438 541 patrium
1451 510 1493 533 est
1508 505 1736 538 anniversarium,

947 555 976 577 ut
991 551 1068 578 vobis
1096 550 1117 577 E
1139 558 1249 579 carcere
1267 558 1367 579 vocans
1388 559 1471 578 unum
1497 552 1619 579 vinctum
1650 551 1736 578 virum

946 597 1068 630 solvam;
1089 596 1158 624 Num
1186 597 1268 632 igitur
1291 598 1373 625 vultis
1399 605 1496 625 rursus
1520 598 1639 625 solutum
1662 597 1738 624 vobis

947 644 1083 679 prmbeam
1099 643 1285 671 Constrictum
1301 644 1419 672 vinculis
1442 643 1598 671 Jtulmorum
1624 643 1739 679 regem?

947 690 983 718 ιο
995 689 1081 717 «ἰυᾱωί
1097 698 1163 718 vero
1175 690 1409 723 vociferabantur,
1426 691 1562 717 inﬁnitum
1576 690 1738 718 concordem

948 744 1046 764 sonum
1069 737 1226 765 Clamantes
1245 747 1251 764 :
1273 737 1332 765 Non
1357 738 1431 765 hunc
1456 744 1536 772 quem
1562 737 1668 771 dixisti,
1692 738 1740 765 sed

947 783 1098 811 Barabham
1115 793 1121 811 :
1138 784 1190 817 Qui
1203 787 1261 812 erat
1280 784 1350 812 latro
1367 784 1485 812 lethil‘er.

1260 872 1335 900 CAP.
1355 871 1427 900 XIX.

986 920 998 946 l
1017 919 1197 947 lnsanientcm
1222 926 1286 946 vero
1301 919 1434 954 Princeps
1451 918 1637 954 insipientium
1661 927 1739 948 orum

950 967 1096 994 clamorem
1109 966 1232 998 audiens,
1246 965 1405 992 Praedonem
1425 965 1483 992 loro
1495 973 1548 992 non
1563 973 1673 998 caesum,
1686 974 1740 993 non

951 1013 1071 1040 vinctum
1088 1012 1203 1047 pra-hui!
1219 1012 1329 1047 populo,
1344 1011 1376 1038 Et
1392 1011 1510 1039 fustibus
1523 1019 1577 1039 non
1590 1012 1739 1047 signatum;

952 1058 1150 1085 alternantibus
1166 1061 1256 1084 autem
1273 1057 1372 1084 ictibus
1387 1057 1508 1084 llorrens
1525 1056 1623 1084 Christi
1636 1065 1741 1092 corpus

951 1102 1122 1130 rubefecerat
1136 1101 1254 1137 ﬂagello,
1271 1101 1288 1128 2
1315 1102 1346 1128 Et
1363 1102 1500 1129 exercitus
1524 1100 1631 1129 hostilis
1648 1102 1742 1128 convi-

951 1149 1002 1177 ciis
1017 1149 1139 1184 gaudens
1159 1149 1267 1175 tenebat
1282 1146 1375 1175 Iesum
1391 1157 1397 1174 ε
1416 1148 1501 1175 Acute
1518 1147 1635 1175 secantis
1652 1153 1740 1175 autem

951 1203 1058 1223 ramum
1074 1195 1287 1229 circumplicans
1302 1194 1387 1230 spinae
1398 1194 1533 1222 Coronam
1554 1195 1675 1230 spuriam
1695 1194 1744 1222 lle-

953 1242 994 1276 gis
1009 1241 1140 1275 imposuit
1166 1240 1258 1275 capiti.
1288 1239 1320 1267 Et
1347 1241 1435 1275 ipsum
1464 1240 1617 1267 vesticbant
1644 1248 1744 1276 corptts

953 1286 1036 1321 pallio
1070 1284 1295 1316 circumdantcs,
1327 1284 1433 1311 Sidonii
1468 1284 1589 1320 fulgente
1623 1286 1744 1320 sapiente

953 1330 1072 1358 scintilla
1088 1330 1194 1356 maris:
1214 1328 1283 1355 Nota
1304 1329 1475 1364 principatus
1498 1330 1580 1357 etiam
1596 1330 1621 1356 in
1641 1330 1745 1357 dolori-

953 1377 1014 1404 bus.
1027 1377 1045 1403 3
1059 1375 1151 1403 Solida
1168 1383 1233 1403 vero
1246 1374 1341 1402 Genua
1356 1375 1496 1403 ﬂectentes
1523 1375 1549 1402 in
1568 1380 1667 1403 terram
1686 1384 1745 1403 eer-

953 1424 1014 1450 vice
1035 1430 1139 1455 curva,
1164 1422 1266 1458 Regem
1294 1422 1450 1450 salutarunt
1477 1421 1600 1449 mendaci
1627 1422 1745 1458 appella-

955 1470 1039 1500 tione,
1058 1468 1272 1504 Supplicationis
1289 1475 1439 1503 praecone:
1464 1473 1490 1495 et
1518 1469 1565 1495 ivit
1589 1468 1659 1495 alius
1683 1472 1743 1503 post

954 1514 1052 1545 alium,
1084 1513 1210 1540 Manibus
1235 1513 1437 1540 alternantibus
1468 1513 1585 1539 maxilla:
1609 1519 1744 1539 summum

917 1568 938 1596 ρ
956 1558 1078 1593 pulsans.
1098 1557 1116 1584 4
1136 1559 1169 1585 Et
1185 1557 1289 1585 Pilatus
1313 1557 1412 1585 celeris
1429 1557 1536 1584 consilii
1557 1558 1678 1584 accurrit
1699 1565 1748 1584 ex-

957 1609 1000 1632 tra
1014 1605 1126 1633 domum
1138 1604 1260 1632 Pedibus
1275 1604 1436 1639 reciprocis,
1449 1607 1477 1631 et
1493 1604 1584 1631 sonuit
1607 1603 1746 1638 insipienti

952 1651 1066 1691 populo,
1084 1650 1210 1678 Exterius
1224 1650 1312 1677 virum
1329 1650 1402 1677 hunc
1416 1649 1450 1676 ad
1466 1656 1513 1677 v05
1532 1649 1588 1684 jam
1608 1649 1690 1676 duco.
1714 1649 1747 1676 Ut

955 1700 1046 1724 autem
1064 1696 1248 1731 cognoscatis,
1269 1694 1369 1721 utentis
1385 1698 1504 1720 erratum
1523 1694 1628 1721 nullum
1646 1694 1673 1720 in
1688 1694 1747 1728 ipso

956 1741 1047 1769 Inveni
1064 1750 1114 1778 ego
1128 1739 1286 1777 prmcordiis
1308 1739 1596 1775 irreprehensibilibus
1608 1740 1746 1774 judicans.

957 1787 973 1816 5
992 1785 1219 1815 lncontaminatls
1251 1790 1341 1813 autem
1368 1785 1482 1820 pedibus
1504 1785 1646 1812 iaeedebat
1671 1789 1746 1812 extra

956 1832 1078 1862 domum,
1109 1829 1142 1857 Ει
1168 1837 1297 1857 coronant
1336 1834 1431 1856 acutos
1462 1829 1576 1863 capillos
1603 1829 1746 1856 habentem

955 1877 1146 1912 complicatam
1159 1876 1277 1903 habebat
1287 1875 1382 1909 spinm,
1396 1874 1474 1908 197
1487 1873 1654 1909 Purpuream
1669 1879 1695 1902 et
1707 1883 1749 1902 ve-

956 1927 1038 1955 stem,
1057 1922 1190 1956 irrigualn
1209 1921 1343 1956 sanguine
1366 1920 1491 1952 muricis,
1515 1920 1546 1947 Et
1563 1920 1666 1948 Pilatus
1679 1921 1748 1949 dixit

956 1968 1055 1995 iterum
1076 1966 1168 1993 invido
1187 1966 1308 2002 populo:
1337 1965 1419 1998 Ecce,
1449 1966 1553 1992 varium
1571 1966 1683 1994 dorsum
1700 1967 1748 1994 ha-

957 2013 1025 2041 bens
1041 2013 1137 2041 insons
1152 2017 1223 2040 astat
1243 2012 1294 2040 vir.

993 2059 1010 2087 6
1023 2059 1057 2086 Et
1073 2059 1163 2095 ipsttm
1179 2059 1344 2100 aspicientes
1360 2058 1445 2094 iniqui
1465 2060 1620 2095 pontiﬁces,
1636 2060 1668 2087 Et
1688 2064 1748 2088 tru-

957 2105 1058 2133 culenti
1088 2105 1221 2137 ministri,
1249 2104 1418 2132 fremit-nuit
1444 2105 1605 2134 immensum
1623 2115 1744 2134 sonum:

957 2151 1038 2179 Cruci
1053 2151 1149 2178 allixus
1167 2151 1211 2178 hic
1239 2151 1364 2178 sublimis
1378 2155 1486 2179 erectus
1512 2153 1558 2184 sit,
1582 2152 1614 2180 Et
1634 2152 1748 2188 pedibus

956 2201 983 2224 et
1004 2197 1129 2225 manibus
1145 2196 1250 2224 ferreos
1274 2195 1518 2226 stitnulos'l'ercns.
1534 2195 1568 2226 Et
1580 2198 1684 2226 Pilatus
1694 2197 1748 2234 ’ρο-

715 2277 857 2306 TEXTUS
882 2276 1147 2306 EVANGELISTAS.
1176 2305 1179 2309 λ

148 2339 183 2367 58
201 2339 283 2374 Λέγει
296 2339 371 2375 αὐτῷ
389 2340 403 2366 ὁ
417 2338 532 2370 Πιλᾶτος
543 2347 549 2354 ’
568 2337 600 2365 Τί
614 2339 688 2365 ἐστιν
705 2337 834 2373 ἀλήθεια;
850 2337 906 2364 Καὶ
923 2338 943 2365 D
959 2337 1024 2368 οῶν,
1041 2336 1181 2372 ἐπέθηκαν
1199 2335 1281 2363 αὐτοῦ
1295 2337 1327 2372 τῇ
1346 2337 1467 2372 κεφαλῇ,
1488 2336 1535 2363 καὶ
1560 2336 1667 2371 ἱμάτιον
1682 2343 1749 2372 mp.

111 2380 192 2409 τοῦτο
207 2381 303 2413 εἰπὼν,
319 2381 400 2408 πάλιν
417 2381 511 2417 ἐξῆλθε
529 2380 598 2415 πρὸς
613 2380 676 2412 τοὺς
692 2380 846 2411 Ἰουδαίους.
861 2379 908 2406 καὶ

112 2424 188 2459 λέγει
213 2424 319 2454 αὐτοῖς·
353 2422 425 2457 Ἐγὼ
453 2420 582 2457 οὐδεμίαν
614 2422 705 2449 αἰτίαν
732 2421 852 2458 εὑρίσκω
878 2422 907 2447 ὲν

113 2462 198 2500 αὐτῷ.

147 2508 182 2535 '59
198 2507 277 2533 Ἐστι
291 2506 319 2533 δὲ
339 2506 467 2542 συνήθεια
484 2506 548 2542 ὑμῖν
567 2504 610 2533 ἵνα
627 2505 676 2532 ἕνα
696 2504 760 2540 ὑμῖν
774 2504 903 2532 ἀπολύσω

114 2549 143 2575 ἐν
158 2548 198 2583 τῷ
210 2548 306 2584 Πάσχα
318 2556 325 2563 ·
342 2548 470 2582 βούλεσθε
485 2546 532 2575 οὖν
543 2548 607 2583 ὑμῖν
622 2544 750 2574 ἀπολύσω
764 2546 809 2574 τὸν
827 2547 905 2581 βασι-

114 2590 162 2617 λέα
176 2589 230 2616 τῶν
244 2589 380 2616 Ἰουδαίων
393 2598 401 2623 ;

148 2631 184 2659 40
203 2631 392 2666 Ἐκραύγασαν
405 2629 452 2658 οὖν
471 2631 552 2658 πάλιν
570 2630 681 2663 πάντες,
702 2629 843 2664 λέγοντες·
858 2629 904 2666 Μὴ

113 2673 227 2705 τοῦτον,
253 2673 320 2702 ἀλλὰ
348 2673 394 2700 τὸν
413 2672 583 2708 ,Βαραϐϐᾶνθ
605 2670 640 2707 ἦν
654 2672 695 2699 -δὲ
719 2672 733 2698 ό
759 2670 906 2707 Μραεῦᾶς

113 2714 227 2751 λῃστής.

432 2756 512 2783 ΚΕΦ.
533 2755 584 2783 ΙΘ¹.

152 2798 163 2824 Ι
182 2797 251 2824 Τότε
263 2795 310 2825 οὖν
320 2797 415 2824 Ελαὸεν
427 2799 441 2824 ὸ
456 2797 570 2829 nam;
581 2796 627 2823 τὸν
646 2795 760 2832 Ἰησοῦν,
774 2796 822 2823 καὶ
836 2796 906 2831 ὲμα-

117 2846 244 2872 στιγωσε.

152 2881 170 2907 2
186 2881 240 2908 Kal
255 2881 280 2908 οἱ
295 2880 458 2916 στρατιῶται
474 2880 621 2913 πλέξαντες
632 2879 765 2914 στέφανον
778 2879 807 2912 ἐξ
818 2880 903 2907 ἀκαν-

958 2378 1062 2414 φυροῦν
1077 2377 1240 2414 περιέϐαλον
1257 2378 1348 2405 αὐτόν.

993 2420 1010 2447 5
1027 2420 1081 2446 Kal
1100 2419 1193 2453 ἔλεγον
1205 2428 1213 2434 ·
1231 2420 1327 2455 Χαῖρε,
1342 2421 1356 2446 ὀ
1374 2420 1499 2455 βασιλεὺς
1521 2420 1575 2446 τῶν
1600 2420 1747 2453 Ἰουδαίων,

958 2462 1004 2489 καὶ
1018 2461 1120 2488 ἐδίδουν
1135 2461 1208 2496 αὐτῷ
1226 2462 1395 2497 ῥαπίσματα.

994 2503 1010 2530 4
1031 2503 1159 2538 Ἐξῆλθεν
1174 2502 1221 2529 οὖν
1244 2503 1325 2530 πάλιν
1348 2503 1402 2537 ἔξω
1421 2505 1436 2529 ι
1451 2503 1584 2536 Πιλᾶτος,
1606 2504 1748 2539 καιλέγει

958 2546 1060 2576 αὐτοῖς*
1078 2545 1140 2576 Ἴδε,
1154 2545 1214 2579 ἀγω
1231 2545 1295 2580 ὑμῖν
1316 2545 1398 2571 αὐτὸν
1413 2545 1476 2578 ἔξω,
1493 2545 1537 2572 ἵνα
1553 2547 1640 2580 γνῶτε
1658 2547 1698 2573 ὅτι
1720 2547 1750 2573 ὲν

958 2586 1032 2621 αὐτῷ
1048 2586 1177 2621 οὐδεμίαν
1194 2586 1283 2612 αἰτίαν
1303 2587 1432 2622 εὑρίσκω.

994 2628 1011 2655 5
1030 2627 1158 2664 Ἐξῆλθεν
1169 2626 1216 2655 οὖν
1228 2629 1242 2655 ὁ
1254 2628 1357 2664 Ἰησοῦς
1368 2628 1429 2660 ἔξω,
1444 2629 1535 2665 φορῶν
1547 2629 1593 2656 τὸν
1605 2629 1749 2656 ἀκάνθινον

959 2670 1102 2705 στέφανον,
1118 2670 1164 2697 καὶ
1179 2671 1210 2696 τὸ
1225 2669 1381 2705 πορφυροῦν
1400 2671 1517 2706 ἱμάτιον.
1537 2672 1592 2698 Kal
1608 2671 1680 2705 λέγει
1700 2671 1748 2697 αὖ-

956 2713 1030 2743 τοῖς·
1046 2712 1098 2738 Ἴδε
1114 2712 1128 2737 ὁ
1143 2711 1296 2747 ἄνθρωπος.

993 2753 1009 2780 6
1025 2753 1090 2780 Ὅτε
1106 2751 1152 2780 οὖν
1166 2751 1236 2780 εἶδον
1250 2753 1331 2780 αὑτὸν
1347 2754 1373 2780 ol
1392 2754 1530 2790 ἀρχιερεῖς
1544 2754 1590 2780 καὶ
1607 2753 1630 2778 οἱ
1645 2751 1745 2786 ὑπηρέυ

957 2803 1012 2826 ται,
1031 2795 1215 2831 ἐκραύγασαν,
1230 2795 1354 2829 λέγοντες
1365 2804 1371 2810 ”
1388 2796 1558 2831 Σταύρωσον,
1578 2794 1745 2827 σταύρωσον.

957 2838 1039 2871 Λέγει
1059 2839 1177 2868 αὐτοῖςὸ
1198 2837 1331 2869 Πιλᾶτος⁸
1354 2838 1456 2864 Acme-rs
1484 2836 1565 2863 αὑτὸν
1588 2836 1676 2869 ὑμεῖς,
1701 2835 1748 2860 καὶ

959 2879 1134 2914 σταυρώσατε
1145 2887 1151 2895 ⁸
1166 2878 1222 2913 ἐγὼ
1242 2880 1297 2915 γὰρ
1308 2879 1357 2915 οὐχ
1376 2879 1494 2915 εὑρίσκω
1513 2878 1542 2904 ὲν
1560 2876 1634 2912 αὑτῴ
1648 2877 1748 2905 αἰτίαν.
