1953 3040
688 54 694 69 ι

85 139 138 170 905

84 199 143 227 Καὶ
161 198 279 227 Πιλάτον
291 197 418 226 λίσσοντο
430 198 587 235 συνήλυδες,
599 198 673 235 όφρα
684 207 731 226 κεν
745 199 848 232 αὐτῶν,

85 245 207 282 Χριστοῦ
220 244 386 278 θεσπεσίοιο,
404 245 452 272 καὶ
463 244 604 281 όψιμόρων
620 245 668 272 δύο
680 245 788 280 φωτῶν,

85 291 224 328 Τρισσῶν,
239 291 414 319 πουλυόδοντι
429 291 511 324 πόδες
523 289 666 327 τέμνοιντο
680 292 800 328 σιδήρῳ·

85 338 132 374 Μὴ
147 337 196 365 καὶ
212 337 260 365 ἰπὶ
276 339 404 374 παυροῖο
421 338 565 373 πεπηγότα
582 338 699 373 σώματα
715 338 813 375 μίμνῃ,

86 384 222 419 Ἐὁδομον
241 383 343 411 ὁππότε
358 384 458 419 φέγγος
471 383 630 412 Elaﬁus-raw
650 382 684 421 ἦν
696 385 751 421 γὰρ
762 384 855 421 ἐκείνη

85 429 173 457 Πᾶσιν
191 429 359 457 Ὶουδαίοισιν
373 429 527 465 ἀθέσφατος
540 430 652 466 ἔννομος
664 430 722 466 ﬁds;

84 475 205 509 Φέγγεος
215 476 385 511 ὶδδομάτοιο,
400 475 485 512 τόπερ
495 476 604 504 δεδάασι
618 477 768 513 γεραίρειν.

83 521 121 548 32
135 521 189 547 Καὶ
215 521 331 558 στρατὸς
345 521 430 556 ἐγγὺς
454 522 531 549 ἵκανε
552 522 711 558 μιαιφόνος·
730 521 843 559 ὑψιτενῆ
854 522 884 551 δὲ

84 565 202 601 Πρώτου
220 566 270 602 μὲν
283 566 423 602 διέτεμνεν
437 566 580 604 ἀλοιητῆρι
592 568 694 604 σιδήρῳ

83 612 229 648 Μειλιχίου
244 613 313 640 πόδα
327 613 433 640 δισσόν·
447 614 493 640 ἐπὶ
510 614 620 650 σταυρῷ
630 614 658 640 δὲ
673 613 796 647 δεθέντος

85 657 186 684 ’Δλλου
197 658 356 693 νυκτιλόχου
372 658 501 694 διδύμους
516 659 601 691 πόδας
615 660 677 696 ἀορι
693 660 791 695 κόψας,

83 703 219 741 Δεύτερον
233 703 379 740 ἑπρήνιξεν
391 704 538 731 ἐπεσϐόλον
552 704 608 737 ὀξέϊ
627 705 737 741 πότμῳ.

83 750 120 777 55
140 749 245 786 Ἰησοῦν
258 750 281 777 δ’
294 750 338 776 ὅτε
355 750 452 786 νεκρὸν
469 750 628 786 ἐσέδρακον,
641 748 686 777 οἷα
699 751 837 784 θανόντος,

83 796 123 824 οὐ
144 796 228 828 πόδας
238 795 370 832 ήλοίησαν
388 795 527 832 όμόζυγας
541 796 622 832 ήθάδι
636 797 742 833 χαλκῷ·

82 842 121 870 54
143 841 226 870 Ἀλλὰ
244 841 332 878 θορὼν
343 842 476 878 ἀκίχητος
493 842 563 879 ἀνὴρ
583 843 719 878 ἀνεμώδεῖ
730 842 825 879 λόγχῃ,

83 888 212 924 Πλευρὴν
226 889 295 916 πᾶσι
314 888 449 924 μέλουσαν
462 889 572 924 ἀφειδέῖ
589 888 653 922 νύξε
670 889 792 925 μαχαίρῃ
804 897 811 904 ·

83 934 141 961 Καὶ
155 934 283 970 διδύμαις
298 934 454 962 λιϐάδεσσιν
475 934 530 961 ἀπὸ
545 934 673 970 πλευροῖο
685 935 819 968 τυπέντος

84 980 187 1016 Πρῶτα
203 981 254 1017 μὲν
265 979 338 1017 αἷμα
351 980 433 1017 χύθη,
450 981 599 1017 μετέπειτα
615 981 644 1008 δὲ
658 981 785 1009 θέσκελον
800 980 882 1018 ὕδωρ.

83 1027 120 1054 55
143 1026 227 1063 ’Δνὴρ
242 1027 266 1054 δ’
285 1027 360 1059 ὅστις
375 1027 498 1059 ὄπωπεν,
511 1027 549 1063 ἑῷ
562 1026 720 1067 πιστῴσατο
735 1027 813 1063 μύθῳ

83 1074 250 1110 Παρτυρίην
265 1073 411 1101 ἀτίνακτον
421 1082 429 1090 ·
445 1074 612 1111 ἀριπονὸοιο
625 1072 654 1101 δι
669 1073 760 1101 κείνου

85 1120 180 1155 Ἶδμεν
189 1119 231 1147 ὅτι
242 1119 326 1155 ζαθέη
341 1119 389 1147 καὶ
401 1120 535 1156 ἐτήτυμος
546 1119 643 1147 ἔπλετο
655 1120 742 1155 φωνή.

83 1165 120 1192 56
131 1165 225 1193 Ταῦτα
238 1166 266 1192 δὲ
280 1166 371 1193 πάντα
386 1166 529 1199 πέλεσκεν,
547 1166 621 1198 ὅπως
635 1166 701 1198 ἔπος
715 1165 832 1202 ἔμπεδον
839 1167 884 1203 εἴη

86 1212 122 1238 Ὃ
143 1212 230 1249 ζαθέῃ
246 1212 380 1248 φόρμιγγι
401 1212 544 1248 μελίπνοος
560 1212 656 1239 ἔννεπε
673 1212 775 1248 μολπὴ,

84 1258 198 1295 Χρωτδς
215 1259 376 1294 ἀμωμήτοιο
392 1259 576 1295 προάγγελος·
593 1258 677 1286 οὐδὲν
692 1259 739 1286 ἀπ’
752 1259 836 1287 αὐτοῦ

85 1304 267 1340 Κεκριμένων
283 1304 387 1340 μελέων
403 1304 584 1340 τετριμμένον
599 1305 694 1332 ὀστέον
705 1304 792 1333 ἔσται.

36 1361 39 1367 ι
87 1350 123 1377 57
138 1349 193 1377 Kal.
204 1349 404 1385 φέρεταιλόγος
415 1349 504 1382 ἄλλος.
516 1349 545 1376 δν
556 1349 650 1376 ἔννεπε
658 1349 786 1383 θέσκελος
793 1351 865 1387 ἀνήρ
873 1358 883 1368 ⁸

88 1395 222 1431 Ὄψονται
236 1395 306 1431 πρὸς
322 1395 426 1422 ἐκεῖνον
442 1395 472 1422 ὃν
483 1394 614 1428 οὖτασαν,
629 1396 704 1429 ὅστις
721 1397 837 1424 ὀπάσσει

86 1441 188 1476 Ποινὴν
201 1440 374 1476 ἐψιτέλεστον
388 1440 525 1476 ἀμοιὸἀδα
539 1441 648 1477 κέντορι
662 1441 758 1478 λόγχῃ.

122 1486 158 1514 58
173 1487 230 1513 Καὶ
239 1486 356 1513 Πιλᾶτον
368 1486 517 1521 μετέπειτα
528 1485 617 1513 λαθὼν
631 1487 753 1514 ἱκέτευεν
770 1487 883 1524 Ἰωσὴφ,

531 137 777 167 ΡΑιιΑΡιιῐιΑειε
795 137 829 166 ΙΝ
848 137 1020 168 JOANNEH.
1041 153 1076 162 -
1094 139 1173 169 CAP.
1195 138 1269 168 XIX.

1670 141 1724 172 908

897 201 922 230 Α
936 199 1046 228 domum
1058 199 1122 228 elati
1139 199 1303 228 amuxerunt
1319 198 1442 234 prasidis
1458 209 1466 227 :
1481 199 1514 228 Et
1528 199 1645 230 Pilatum
1662 211 1722 238 pre-

933 244 1068 272 cabantur
1082 244 1252 281 congregati,
1263 248 1295 272 ut
1306 245 1438 281 ipsorum,
1454 245 1558 274 Christi
1572 247 1670 280 divini.
1696 251 1723 276 et

934 296 997 317 sero
1010 289 1186 318 morientium
1199 289 1318 317 duorum
1334 290 1468 324 virorum,
1480 291 1640 327 Trinornm,
1655 294 1719 321 mul-

933 337 978 362 tos
990 334 1087 363 dentes
1102 335 1219 362 habente
1232 334 1315 370 pedes
1326 339 1483 364 secarentur
1492 336 1581 366 ferro:
1593 338 1633 367 Ne
1640 339 1723 366 etiam

934 380 962 408 in
976 388 1059 409 cruce
1074 380 1126 408 lixa
1142 388 1261 416 corpora
1281 385 1433 414 manerent.
1445 380 1597 418 Septimum
1614 386 1724 420 quando

934 426 1025 454 lumen
1040 427 1160 460 veniret;
1176 431 1236 455 erat
1249 427 1322 456 enim
1341 427 1387 455 illa
1407 426 1541 458 Omnibus
1557 429 1657 458 Iudaeis
1671 431 1720 458 im-

934 480 1028 501 mensa
1045 473 1164 509 legitima
1183 481 1284 501 aurora
1305 472 1387 502 Lucis
1402 474 1525 510 septimae
1542 483 1623 510 quam
1643 484 1723 504 nore-

933 523 999 546 runt
1013 519 1158 548 honorare.
1175 520 1211 548 32
1226 520 1259 548 Et
1274 520 1412 549 exercitus
1433 528 1517 556 prope
1533 523 1650 550 accessit
1661 530 1722 551 san-

932 566 1090 602 guinarius;
1105 567 1160 594 alte
1174 570 1317 594 extensum
1333 574 1400 595 vero
1417 566 1620 603 Primiquidem
1636 569 1721 597 disse-

933 611 989 639 cuit
997 611 1160 646 penetrabili
1169 611 1241 640 ferro
1247 611 1351 640 Placidi
1361 613 1455 648 pedem
1464 612 1651 648 duplicem;ad
1662 621 1724 642 cru-

932 664 992 685 cem
1003 661 1093 685 autem
1102 657 1205 693 alligati
1213 657 1332 686 Alterius
1341 658 1467 686 nocturni
1479 659 1594 688 latronis
1603 661 1730 695 geminos

933 704 1017 740 pedes
1032 703 1122 740 gladio
1142 704 1279 738 tundens,
1290 704 1414 733 Alterum
1431 705 1610 741 praecipitavit
1630 708 1722 735 convi-

933 750 1064 778 ciatorem
1076 750 1158 778 celeri
1172 754 1272 779 morte.
1285 751 1322 779 55
1335 750 1430 779 Jesum
1446 759 1512 780 vero
1524 753 1634 788 quando
1650 760 1727 781 rnor-

933 801 1010 824 tuum
1027 796 1164 828 viderunt.
1179 801 1309 832 tanquam
1325 797 1427 825 mortui
1444 797 1503 826 Non
1515 799 1598 834 pedes
1612 806 1726 834 percus-

934 845 1030 869 serunt
1046 841 1206 877 conjugatos
1221 846 1354 870 consueto
1374 841 1447 871 ferro
1461 852 1469 870 :
1488 843 1523 870 54
1538 842 1592 871 Sed
1610 851 1728 872 currens

935 887 1220 922 incomprehensibilis
1231 888 1273 915 vir
1280 888 1330 916 levi
1341 888 1436 916 lancea
1450 888 1535 917 Latus
1546 889 1660 918 charum
1672 898 1727 919 non

935 933 1058 969 parcenti
1079 933 1233 961 vulneravit
1252 933 1360 969 gladio;
1388 933 1422 961 Et
1440 935 1557 970 geminis
1574 935 1727 971 liquoribus

934 987 968 1008 ex
983 980 1069 1008 latere
1084 987 1226 1015 percusso.
1238 979 1361 1008 Primum
1375 980 1486 1016 quidem
1503 982 1615 1017 sanguis
1622 982 1728 1011 ellusus

934 1030 987 1058 est.
1003 1025 1103 1054 deinde
1117 1033 1181 1054 vero
1203 1025 1296 1054 divina
1316 1032 1398 1061 aqua.
1413 1026 1448 1054 55
1460 1026 1509 1054 Vir
1521 1032 1612 1055 autem
1627 1028 1673 1063 qui
1689 1028 1728 1055 vi-

934 1072 984 1105 dit,
998 1079 1050 1100 suo
1063 1071 1237 1100 conﬁrmavit
1261 1079 1388 1100 sermone
1412 1071 1611 1101 Testimonium
1627 1073 1728 1102 immo-

935 1123 1019 1147 tum:
1044 1122 1136 1146 mente
1162 1121 1254 1146 autem
1279 1119 1382 1154 optima
1396 1118 1502 1154 praediti
1527 1119 1602 1148 illius
1618 1119 1728 1148 Scimus

934 1165 1008 1201 quod
1024 1165 1117 1192 divina
1132 1168 1160 1192 et
1179 1172 1242 1192 vera
1257 1168 1300 1193 est
1314 1172 1377 1193 vox.
1392 1165 1428 1194 56
1443 1165 1506 1195 Hzec
1516 1170 1606 1195 autem
1635 1169 1728 1195 omnia

935 1210 1047 1244 ﬁebant,
1057 1214 1088 1238 ut
1100 1210 1204 1239 dictum
1217 1210 1325 1238 ﬁrmum
1336 1216 1409 1239 esset
1422 1211 1502 1245 Quod
1513 1212 1605 1240 divina
1620 1213 1728 1241 cithara

936 1258 1057 1286 suaviter
1073 1257 1183 1292 spirans
1199 1257 1269 1285 dixit
1282 1261 1392 1291 cantus,
1402 1258 1534 1294 Corporis
1552 1259 1728 1295 irreprehen-

936 1303 1025 1332 sibilis
1048 1302 1219 1339 prxnuntius
1240 1312 1248 1330 :
1271 1302 1381 1330 Nullum
1403 1310 1437 1331 ex
1458 1304 1518 1339 ipso
1540 1303 1727 1333 Discretornm

935 1349 1120 1378 membrorum
1137 1348 1285 1376 contritum
1306 1356 1339 1377 os
1355 1348 1417 1376 erit.
1440 1348 1475 1376 57
1490 1349 1523 1376 Et
1539 1349 1625 1377 l'ertur
1637 1358 1729 1378 sermo

935 1397 1006 1425 alius
1018 1403 1099 1432 quem
1114 1395 1185 1424 dixit
1206 1394 1315 1422 divinus
1330 1395 1372 1423 vir
1386 1405 1392 1423 :
1411 1394 1549 1424 Videbunt
1569 1405 1631 1425 eum
1646 1405 1728 1433 quem

933 1444 1124 1475 vulnerarunt,
1136 1441 1183 1478 qui
1207 1441 1340 1477 praebebit
1362 1441 1476 1469 Poenam
1500 1449 1564 1470 sero
1578 1442 1729 1478 perfectam

935 1489 1184 1526 compensationem
1209 1487 1361 1515 stimulanti
1379 1487 1491 1516 lancem.

86 1532 170 1568 206
186 1533 293 1568 Τάρϐος
315 1532 450 1560 Ἰουδαίων
471 1532 700 1569 πεφυλαγμένος”
730 1533 760 1565 ὃς
779 1534 814 1569 ῥα
837 1534 881 1561 καὶ

975 1536 1011 1564 58
1026 1535 1059 1562 Ει
1074 1535 1189 1562 Pilatum
1208 1534 1339 1569 deinceps
1353 1533 1424 1560 clam
1439 1532 1602 1569 precabatur
1615 1531 1727 1568 Ioseph.

751 1578 846 1615 [αὐτὸς

92 1624 239 1661 ’Δπροῖδὴς
249 1625 379 1660 Χριστοῖο
395 1624 526 1661 φιλήκοος
539 1624 602 1651 ἔσκε
619 1624 756 1660 μαθητὴς,

92 1671 142 1698 Ἐκ
156 1671 292 1706 πόματος
305 1670 413 1703 ζαθέοιο
432 1669 513 1705 σοφὸν
533 1670 604 1705 γάλα
628 1670 723 1697 πιστὸν
742 1670 881 1706 ἀμέλγων.

86 1714 172 1749 Οὗτος
188 1716 236 1743 ἰὼν
251 1716 384 1749 ἱκέτευεν,
400 1716 558 1752 ὑπωρόφιον
571 1716 636 1751 γόνυ
652 1716 798 1752 κάμπτων,

88 1764 232 1799 Ὀρχαμον
249 1763 361 1796 αἰτίζων
374 1762 456 1790 νέκυν
472 1762 562 1789 ἔνθεον
575 1770 581 1778 ⁸
602 1762 691 1799 αὐτὰρ
704 1763 719 1789 ό
733 1762 838 1799 χαίρων

86 1809 195 1845 Νικρὸν
213 1808 363 1841 ἀειξώοντα
379 1809 483 1836 θεουδέῖ
491 1808 562 1836 δῶκε
578 1809 671 1845 φορῆϊ.

87 1856 144 1882 Καὶ
159 1855 220 1882 ποδὶ
239 1855 359 1891 σιγαλέῳ
375 1855 550 1887 νεκυοστόλος
566 1852 648 1890 ἦλθεν
669 1854 780 1891 Ἰωσήφ.

93 1901 207 1936 Ἐγγύθι
221 1901 250 1928 δὲ
265 1902 392 1937 σταυροίο
407 1900 586 1936 πεπηγμένον
601 1901 686 1935 ἄκρον
700 1900 821 1936 ἐρείσας,

87 1947 192 1981 Δίζυγα
210 1946 310 1983 χαλκὸν
325 1947 419 1974 ἔλυσεν
432 1946 588 1982 ἀκαχμένον
601 1945 658 1978 ὀξέϊ
673 1945 777 1981 δεσμῷ,

87 1994 144 2020 Καὶ
160 1993 241 2020 νέκυν
252 1993 376 2029 ὲστηῶτα
389 1993 530 2028 κατήγαγε
541 1991 644 2024 δείελος
662 1991 743 2027 ἀνὴρ,

86 2039 189 2074 Φόρτον
200 2038 355 2075 ὲλαφρίζων
369 2038 526 2074 θεοδέγμονι
539 2037 668 2073 κείμενον
682 2036 760 2072 ὤμῳ.

87 2086 124 2113 59
137 2084 225 2112 Ἦλθε
236 2085 264 2111 δὲ
280 2085 328 2112 καὶ
346 2085 512 2121 Νικόδημος,
527 2084 557 2116 ὃς
576 2083 660 2120 ήλυθε
675 2082 773 2115 νυκτὸς
794 2081 885 2119 ὁδίτης

95 2131 140 2162 Ἐς
157 2130 278 2166 μέγαρον
290 2131 429 2166 Χριστοίο,
444 2129 640 2165 φυλασσομένῳ
651 2128 712 2155 ποδὶ
723 2128 835 2164 βαίνων,

87 2176 219 2211 Σμύρναν
232 2176 309 2210 ἄγων
323 2175 467 2206 θυόεσσαν,
483 2174 640 2210 ὲρυθραίοιο
651 2173 678 2200 δὲ
695 2174 786 2209 κήπου

94 2221 205 2257 Ἰνδῴης
222 2222 304 2257 ἀλόης
323 2221 521 2256 δονακοτρεφὲς
537 2220 614 2256 ἔρνος
627 2219 758 2256 ἀρούρης.

87 2268 193 2304 Λίτρας
208 2268 258 2302 τὰς
269 2268 398 2295 καλέουσι
416 2267 589 2303 φατιζομένῳ
601 2266 654 2292 τινὶ
668 2267 761 2301 μέτρῳ

90 2314 174 2350 ’Δχρι
193 2315 258 2350 μιῆς
271 2313 372 2349 ζαθέης
393 2313 579 2345 ὲκατοντάδος.
596 2311 630 2340 40
644 2308 694 2339 Ὧν
707 2311 765 2347 ἅμα
785 2312 885 2348 καρπῷ

931 1582 1073 1621 zome
1081 1581 1178 1609 timore
1184 1580 1340 1608 Iudaeorum
1347 1579 1503 1614 cautus;qui
1512 1586 1578 1607 sane
1584 1579 1673 1614 etipse
1681 1579 1730 1606 lm-

932 1629 1061 1666 provisus
1067 1627 1172 1656 Christi
1183 1626 1312 1654 audiendi
1323 1625 1440 1661 cupidus
1447 1629 1508 1653 erat
1518 1625 1682 1660 discipulus,
1688 1625 1730 1653 Ex

932 1683 980 1704 ore
986 1674 1079 1702 divino
1093 1672 1203 1709 sapiens
1214 1672 1257 1699 lae
1267 1671 1345 1699 ﬁdele
1354 1670 1489 1706 mulgens.
1499 1670 1548 1699 llic
1559 1671 1654 1700 abiens
1665 1679 1732 1707 sup-

933 1721 1063 1758 plicabat,
1072 1718 1251 1746 domesticum
1257 1725 1327 1753 genu
1337 1717 1461 1749 ﬂectens,
1472 1717 1494 1743 A
1502 1717 1626 1753 principe
1634 1722 1730 1753 petens

934 1770 1076 1794 mortuum
1096 1764 1231 1796 divinum;
1243 1763 1289 1791 sed
1305 1762 1351 1790 ille
1362 1763 1494 1798 gaudens,
1507 1762 1644 1791 Mortuum
1662 1771 1732 1791 sem-

934 1819 984 1848 per
998 1811 1132 1838 viventem
1142 1808 1270 1845 religioso
1282 1808 1357 1836 dedit
1372 1808 1511 1844 gestatori.
1526 1808 1557 1835 Et
1568 1809 1636 1844 pede
1646 1809 1730 1836 tacito

936 1861 1060 1885 mortuos
1079 1856 1270 1884 transmittens
1296 1854 1371 1882 venit
1393 1853 1505 1890 Ioseph.
1527 1854 1610 1882 Juxta
1638 1860 1729 1883 autem

936 1910 1047 1931 crucem
1074 1902 1157 1929 ﬁxum
1174 1901 1318 1936 vestigium
1350 1900 1476 1931 fulciens.
1499 1900 1604 1936 Duplex
1626 1901 1730 1929 ferrum

936 1947 1016 1976 solvit
1025 1946 1208 1981 perferratum
1229 1949 1309 1972 acuto
1320 1945 1439 1977 vinculo,
1454 1944 1486 1972 Et
1502 1949 1640 1973 mortuum
1657 1946 1730 1974 inni-

936 1999 1001 2019 xttm
1015 1991 1127 2019 deduxit
1141 1990 1317 2026 vespertinus
1335 1990 1387 2022 vir,
1401 1990 1477 2018 Onus
1489 1991 1582 2019 levans
1593 1991 1676 2020 Deum
1686 1999 1730 2020 re-

936 2038 1048 2074 cipienti
1063 2037 1160 2073 jacens
1175 2037 1202 2064 in
1223 2037 1347 2064 humero.
1361 2036 1396 2064 59
1408 2035 1489 2064 Venit
1506 2041 1597 2065 autem
1615 2037 1732 2066 etNico-

937 2083 1045 2116 demus,
1063 2083 1109 2119 qui
1125 2086 1237 2111 venerat
1249 2086 1330 2109 nactu
1343 2082 1432 2110 viator
1447 2082 1476 2110 ln
1489 2083 1600 2111 domum
1615 2083 1729 2115 Christi,

938 2133 1020 2156 cauto
1033 2129 1100 2165 pede
1114 2127 1255 2160 incedens,
1267 2127 1406 2164 Myrrham
1434 2128 1525 2157 ferens
1550 2128 1729 2164 fragrantem.

938 2175 1086 2203 rubicundi
1106 2175 1188 2202 etiam
1209 2174 1281 2202 horti
1301 2173 1399 2201 Indica:
1419 2174 1493 2202 aloes
1507 2174 1534 2202 in
1548 2175 1731 2202 arundinibus

901 2217 924 2246 Β
938 2229 1067 2249 crescens
1080 2228 1191 2256 germen
1212 2223 1303 2253 terrae.
1323 2219 1421 2248 Libras
1436 2227 1505 2255 quas
1525 2224 1625 2248 vocant
1642 2220 1731 2247 nomi-

938 2272 1002 2295 nata
1022 2267 1142 2303 quadam
1160 2274 1288 2294 mensura
1306 2266 1400 2302 Usque
1419 2266 1453 2294 ad
1468 2267 1657 2295 centenarium
1676 2276 1729 2295 nu-

939 2321 1056 2341 merum.
1074 2314 1109 2341 40
1133 2313 1256 2346 Quorum
1280 2312 1362 2340 simul
1385 2320 1448 2340 cum
1474 2312 1564 2340 fructu
1589 2312 1730 2341 Tenuibus

699 2367 816 2397 TEXTU
823 2368 842 2395 S
860 2368 973 2397 EVANG
981 2369 1011 2394 El
1018 2368 1126 2397 .IST/E.

125 2421 161 2450 52
179 2419 282 2448 Ἦλθον
299 2417 346 2448 οὖν
358 2419 382 2447 οἱ
398 2418 575 2455 στρατιῶται,
590 2415 696 2444 καὶτοῦ
713 2415 762 2452 μὲν
776 2416 884 2453 πρώτου

89 2464 229 2497 κατέαξαν
242 2462 276 2490 τὰ
288 2461 383 2497 σκέλη,
400 2461 447 2489 καὶ
459 2460 506 2487 τοῦ
520 2460 601 2487 ἄλλου
615 2457 663 2485 τοῦ
678 2458 886 2494 συσταυρωθέν-

89 2514 136 2538 τος
156 2505 231 2538 αὐτῷ
238 2514 245 2522 ·

127 2515 250 2575 ὲδαυὲὶιίτὶ
271 2547 300 2574 δὲ
319 2546 366 2573 τὸν
386 2543 490 2579 Ἰησοῦν
506 2543 642 2574 ἐλθόντες,
665 2541 702 2573 ὡς
721 2539 790 2568 εἶδον
804 2541 886 2569 αὐτόν

89 2589 143 2626 ήδη
157 2588 318 2624 τεθνηκότα,
332 2587 362 2614 οὐ
376 2584 514 2619 κατέαξαν
528 2583 612 2612 αὐτοῦ
629 2584 664 2626 τὰ
679 2582 778 2626 σκέλη·

127 2624 164 2659 34
189 2631 259 2658 Ἀλλ’
275 2627 317 2663 είς
338 2630 393 2657 τῶν
417 2626 592 2665 στρατιωτῶν
616 2625 700 2665 λόγχῃ
726 2624 810 2652 αὐτοῦ
837 2625 889 2660 τὴν

90 2673 216 2706 πλευρὰν
232 2662 321 2706 (vves,
340 2671 388 2699 καὶ
403 2662 484 2701 εὐθὺς
500 2667 613 2703 ἐξῆλθεν
626 2662 695 2703 αἷμα
706 2666 754 2694 καὶ
767 2665 851 2704 ὕδωρ,

127 2714 164 2742 55
180 2713 236 2742 Καὶ
249 2715 264 2741 ό
278 2711 410 2750 ἑωρακὼς
422 2710 632 2750 μεμαρτύρηκε,
646 2708 694 2736 καὶ
706 2708 821 2750 ἀληθινὴ
837 2709 888 2736 αὺ-

89 2756 140 2784 τοῦ
153 2757 227 2783 ἐστιν
238 2756 256 2791 ἡ
270 2749 422 2791 μαρτυρίαι
434 2754 560 2784 κάκεῖνος
570 2749 641 2778 οῐδεν
652 2751 695 2777 ὅτι
704 2749 791 2786 ἀληθῆ
802 2751 887 2786 λέγει,

92 2799 139 2826 ἴνα
158 2798 238 2834 ὑμεῖς
251 2796 417 2832 πιστεύσητε
425 2804 432 2811 ·

129 2840 166 2869 56
179 2833 315 2874 νἘγένετο
341 2838 396 2874 γὰρ
409 2836 497 2865 ταῦτα
511 2836 556 2863 ἵνα
576 2835 593 2871 ἢ
616 2834 714 2871 Γραφὴ
736 2833 886 2872 πληρωθῇ·

98 2883 213 2912 Ὀστοῦν
227 2882 259 2910 οὐ
273 2881 481 2917 συντριϐήσεται
495 2875 590 2906 αὑτοῦ.

280 2929 417 2961 Pauor“
431 2927 491 2958 Gn.
515 2923 626 2956 XLIII.

973 2417 1006 2445 57
1022 2417 1077 2444 Καὶ
1091 2416 1173 2444 πάλιν
1190 2416 1273 2452 ἑτέρα
1290 2416 1386 2452 Γραφὴ
1400 2415 1474 2450 λέγει
1483 2423 1490 2430 ·
1504 2415 1633 2451 Ὄψονται
1647 2417 1687 2450 είς
1701 2417 1732 2444 δν

938 2466 1128 2502 ἐξεκέντησαν.

972 2515 1007 2543 58
1027 2515 1104 2542 Μετὰ
1119 2514 1146 2541 δὲ
1160 2513 1248 2541 ταῦτα
1261 2513 1388 2549 ἠρώτησε
1406 2512 1451 2540 τὸν
1465 2513 1580 2541 unam»
1596 2515 1611 2541 ό
1632 2515 1732 2552 Ἰωσὴφ

936 2559 950 2585 ό
965 2558 1019 2584 ἀπὸ
1036 2556 1216 2593 Ἁριμαθαίας
1233 2555 1282 2591 (ὣν
1294 2555 1419 2591 μαθητὴς
1435 2555 1483 2583 τοῦ
1500 2555 1600 2593 Ἰησοῦ,
1614 2566 1734 2594 κεκρυμ-

939 2600 1019 2636 μένος
1037 2599 1066 2626 δὲ
1077 2595 1130 2625 διὰ
1150 2598 1196 2625 τὸν
1209 2597 1292 2633 φόϐον
1313 2597 1369 2624 τῶν
1392 2598 1547 2634 Ἰουδαίων),
1561 2599 1604 2626 ίνα
1627 2599 1682 2636 ἄρῃ
1702 2601 1733 2627 τὸ

940 2642 1021 2678 σῶμα
1035 2641 1082 2668 τοῦ
1107 2639 1211 2676 Ἰησοῦ·
1228 2639 1275 2667 καὶ
1296 2639 1446 2676 επέτρεψεν
1461 2641 1476 2668 ό
1488 2640 1614 2674 Πιλάτος.
1628 2639 1732 2668 Ἦλθεν

938 2682 986 2712 οὖν
1002 2684 1049 2711 καὶ
1062 2681 1114 2720 ἦρε
1133 2683 1163 2710 τὸ
1181 2682 1262 2718 σῶμα
1278 2682 1326 2709 τοῦ
1349 2682 1448 2718 Ἰησοῦ.

976 2732 1011 2760 59
1029 2730 1116 2759 Ἦλθε
1127 2732 1156 2759 δὲ
1172 2731 1220 2759 καὶ
1235 2729 1390 2767 Νικόδημος
1403 2730 1428 2766 (ό
1438 2729 1524 2758 ιλθὼν
1538 2731 1607 2767 πρὸς
1619 2730 1666 2758 τόν
1683 2731 1735 2767 Ίη-

942 2780 1006 2808 σοῦν
1024 2780 1122 2812 νυκτὸς
1139 2779 1291 2816 τοπρῶτον)
1316 2779 1408 2815 φέρων
1437 2779 1527 2815 μίγμα
1548 2779 1672 2815 σμύρνης
1685 2779 1734 2806 καὶ

941 2829 1024 2865 ἀλόης
1037 2829 1103 2856 ὡσεὶ
1116 2828 1211 2864 λίτρας
1227 2828 1335 2856 ἑκατόν.

977 2877 1012 2906 40
1026 2877 1142 2905 Ἐλαϐον
1157 2874 1203 2905 οὖν
1220 2878 1252 2905 τὸ
1276 2877 1356 2914 σῶμα
1372 2877 1419 2904 τοῦ
1448 2875 1547 2913 Ἰησοῦ,
1566 2875 1614 2902 καὶ
1635 2874 1733 2909 ἔδησαν

1575 2921 1616 2953 29
