1953 3040
692 48 697 64 l

87 135 143 165 905

86 195 147 222 Καὶ
165 193 283 222 Πιλάτσν
295 192 421 221 λίσσοντο
434 193 590 230 συνήλυδες,
602 194 675 230 δφρα
687 202 733 222 κεν
749 194 851 228 αὐτῶν,

88 239 210 277 Χριστοῦ
224 239 389 273 θεσπεσίοιο,
407 240 455 267 καὶ
467 239 607 276 ὀψιμόρων
623 240 671 268 δύο
683 240 791 276 φωτῶν,
806 240 810 241 ν

87 286 228 323 Τρισσῶν,
242 286 417 314 πουλυόδοντι
432 286 514 319 πόδες
526 284 669 322 τέμνοιντο
683 287 804 323 σιδήρῳ⁵

87 333 136 369 Μὴ
150 333 199 360 καὶ
215 332 263 360 ἐπὶ
280 334 407 369 σταυροϊο
424 333 568 368 πεπηγότα
586 333 702 368 σώματα
718 333 816 370 μίμνῃ,

88 379 226 415 Ἐὁδομον
244 378 346 406 ὁππότε
361 379 462 414 φέγγος
475 378 633 407 ἐλεύσεται·
653 378 687 416 ἦν
699 379 754 416 γὰρ
766 379 858 417 ἐκείνη

88 425 176 452 Πᾶσιν
195 424 362 452 Ἰουδαίοισιν
376 424 530 460 ἀθέσφατος
543 425 655 461 ἔννομος
667 425 725 462 ἠὼς

87 470 208 504 Φέγγεος
219 471 388 506 ἐϐδομάτοιο,
403 471 488 507 τόπερ
499 471 607 499 δεδάασι
621 472 772 508 γεραίρειν.

87 516 125 543 52
138 516 192 543 Καὶ
219 516 334 552 στρατὸς
349 517 434 551 ἐγγὺς
457 516 534 544 ἵκανε
555 518 714 553 μιαιφόνος’
733 516 846 554 ύψιτενῆ
858 517 887 546 δέ

89 559 205 596 Πρώτου
223 561 273 598 μὲν
286 562 426 597 διέτεμνεν
440 561 583 599 ἀλοιητῆρι
596 563 697 599 σιδήρῳ

87 607 232 644 Μειλιχίου
247 608 316 635 πόδα
330 608 436 635 δισσόν·
450 609 497 635 ἐπὶ
513 609 623 645 σταυρῷ
633 609 662 636 δὲ
677 609 799 642 δεθέντος

89 652 189 680 Ἀλλου
200 653 359 689 νυκτιλόχου
375 653 505 689 διδύμους
519 654 604 686 πόδας
618 655 680 691 ἄορι
696 655 794 690 κόψας,

88 699 222 736 Δεύτερον
236 698 382 736 ἐπρήνιξεν
394 699 541 727 ἐπεσϐόλον
556 700 612 732 ὀξέϊ
630 700 740 737 πότμῳ,

87 745 124 773 33
143 744 248 781 Ἰησοῦν
261 745 284 772 δ’
297 745 341 772 ὅτε
358 745 455 781 νεκρὸν
472 745 631 782 ἐσέδρακον,
645 743 689 773 οἷα
703 746 840 779 θανόντος,

87 791 127 819 Οὔ
147 791 231 823 πόδας
242 791 373 827 ὴλοίησαν
390 791 530 828 όμόξυγας
544 791 625 827 ὴθᾶδι
639 792 744 828 χαλκῷ·

86 837 125 865 54
147 836 229 864 Ἀλλὰ
247 836 335 874 θορὼν
346 838 479 873 ἀκίχητος
496 838 566 874 ἀνὴρ
586 838 722 873 ἀνεμὼδεῑ
733 837 828 874 λόγχῃ,

88 883 215 920 Πλευρὴν
229 884 298 910 πᾶσι
317 883 452 919 μέλουσαν
465 884 575 919 ἀφειδέῖ
592 883 656 917 νύξε
673 884 795 920 μαχαίρῃ
807 892 814 900 ο

87 929 145 956 Καὶ
158 929 286 965 διδύμαις
301 929 457 957 λιῦάδεσσιν
478 930 533 956 ἀπὸ
548 929 675 965 πλευροῖο
688 930 821 962 τυπέντος

88 975 190 1012 Πρῶτα
206 976 258 1012 μὲν
268 974 341 1012 αἷμα
355 975 436 1012 χύθη,
454 975 603 1012 μετέπειτα
618 976 647 1003 δὲ
660 976 789 1004 θέσκελον
803 975 886 1013 ὕδωρ.

87 1022 123 1049 35
147 1022 230 1058 ’Δνὴρ
245 1022 269 1050 δ’
288 1022 363 1054 ὅστις
379 1022 501 1055 δπωπεν,
514 1022 552 1058 ἐῷ
565 1022 722 1062 πιστιὶηατο
738 1022 816 1058 μύθῳ

87 1069 253 1105 Παρτυρίην
268 1068 413 1096 ἁτίνακτον
424 1077 432 1085 ·
448 1069 615 1106 ἀριστονόοιο
628 1068 657 1096 δὲ
673 1068 763 1096 κείνου

89 1115 182 1150 Ἰδμεν
192 1115 234 1141 δτι
245 1114 329 1150 ζαθέη
344 1115 392 1142 καὶ
404 1115 538 1151 ἐτήτυμος
549 1114 646 1142 ἔπλετο
658 1115 744 1151 φωνή.

87 1160 123 1187 36
134 1160 228 1188 Ταῦτα
241 1161 269 1188 δὲ
283 1161 374 1188 πάντα
389 1161 532 1194 πέλεσκεν,
550 1161 624 1194 ὅπως
638 1161 704 1193 έπος
718 1161 835 1197 ἔμπεδον
843 1162 886 1198 εἴη

90 1207 126 1233 ‘0
146 1207 233 1244 ζαθέῃ
249 1207 383 1243 φόρμιγγι
404 1207 548 1242 μελίπνοος
563 1207 659 1234 ἔννεπε
676 1207 778 1244 μολπὴ,

88 1253 202 1289 Χρωτὺς
218 1254 379 1290 ἀμωμήτοιο
395 1254 579 1290 προάγγελος·
596 1254 680 1282 Οὐδὲν
695 1254 742 1281 ἀπ’
755 1254 839 1282 αὐτοῦ

89 1299 270 1335 Κεκριμένων
287 1299 390 1335 μελέων
406 1299 587 1335 τετριμμένον
603 1299 696 1327 ὀστέον
708 1299 795 1328 ἔσται.

36 1354 44 1362 ι
91 1345 127 1372 37
141 1344 197 1372 Kal
208 1344 321 1380 φέρεται
328 1344 407 1379 λόγος
418 1344 507 1377 ἄλλος.
519 1344 549 1371 ὃν
559 1344 653 1372 ἔννεπε
662 1345 789 1378 θέσκελος
796 1346 868 1383 ἁνήρ
876 1353 886 1363 ⁸

91 1390 225 1425 Ὄψονται
239 1390 310 1426 πρὸς
326 1391 429 1417 ἐκεῖνον
445 1390 474 1417 δν
486 1389 617 1423 οὕτασαν,
632 1391 708 1424 ὅστις
723 1391 839 1419 ὀπάσσει

89 1436 191 1471 Ποινὴν
204 1435 377 1471 ὀψιτέλεστον
391 1435 528 1471 ἀμοιὸάδα
543 1436 651 1472 κέντορι
665 1436 761 1473 λόγχῃ.

125 1481 161 1509 58
177 1482 233 1508 Καὶ
242 1481 359 1508 Πιλᾶτον
371 1481 520 1516 μετέπειτα
531 1480 620 1508 λαθὼν
634 1482 756 1509 ἱκέτευεν
773 1482 886 1519 Ἰωσὴφ,

89 1527 172 1563 206
189 1527 296 1563 Τάρόος
318 1527 453 1555 Ἰουδαίων
475 1527 702 1564 πεφυλαγμένος·
733 1528 763 1560 ὃς
782 1529 817 1564 ῥα
839 1529 887 1556 καὶ
900 1544 923 1574 c

754 1573 849 1610 [αὐτὸς

96 1619 242 1656 Ἀπροῖδὴς
252 1620 382 1654 Χριστοῖο
399 1619 529 1656 φιλήκοος
542 1619 605 1646 ἔσκε
622 1619 759 1655 μαθητὴς,

96 1666 145 1693 Ἐκ
159 1666 295 1701 στόματος
308 1664 416 1698 ζαθέοιο
434 1664 516 1700 σοφὸν
536 1665 607 1700 γάλα
631 1665 726 1692 πιστὸν
745 1665 884 1701 ἁμέλγων.

89 1709 175 1743 Οὗτος
192 1711 239 1738 ἰὼν
254 1711 387 1744 ἱκέτευεν,
403 1711 561 1747 ὑπωρόφιον
574 1711 639 1746 γόνυ
655 1711 801 1746 κάμπτων,

91 1759 236 1794 Ὀρχαμον
252 1758 364 1791 αἰτίζων
376 1757 458 1785 νέκυν
474 1757 565 1784 ἔνθεον
578 1765 584 1773 ·
605 1757 694 1794 αὐτὰρ
706 1758 722 1784 ὸ
736 1757 841 1794 χαίρων

90 1804 198 1840 Νεκρὺν
217 1803 365 1836 ἀειζώοντα
383 1803 485 1831 θεουδέῖ
494 1803 564 1831 δῶκε
580 1804 673 1840 φορῆϊ.

90 1850 147 1877 Καὶ
161 1850 223 1877 ποδὶ
243 1849 362 1886 σιγαλέῳ
378 1849 553 1881 νεκυοστόλος
569 1847 651 1885 ἦλθεν
672 1849 782 1886 Ἰωσήφ.

97 1896 210 1931 Ἐγγύθι
224 1896 253 1923 δὲ
267 1897 395 1932 σταυροῖο
410 1895 589 1931 πεπηγμένον
604 1895 689 1930 ἄκρον
703 1895 824 1931 ἐρείσας,

90 1941 196 1976 Δίζυγα
213 1941 313 1978 χαλκὸν
328 1941 422 1968 ἔλυσεν
435 1941 591 1977 ἀκαχμένον
604 1940 661 1973 ὀξέῖ
677 1941 780 1977 δεσμῷ,

91 1988 147 2015 Καὶ
163 1987 244 2015 νέκυν
255 1988 379 2024 ἐστηῶτα
392 1988 533 2024 κατήγαγε
544 1986 646 2018 δείελος
665 1986 746 2022 ἀνὴρ,

91 2034 192 2069 Φόρτον
203 2033 358 2070 ἐλαφρίζων
371 2033 529 2069 θεοδέγμονι
543 2033 671 2068 κείμενον
685 2032 763 2068 ὤμῳ.

91 2080 126 2108 59
140 2078 228 2106 Ἦλθε
239 2080 268 2106 δὲ
283 2081 331 2107 καὶ
348 2080 516 2116 Νικόδημος,
530 2079 560 2111 ὃς
580 2078 663 2115 ἧλυθε
678 2078 776 2111 νυκτὸς
797 2078 888 2115 ὁδίτης

98 2126 143 2157 Ἐς
159 2125 280 2161 μέγαρον
293 2126 432 2161 Χριστοῐο,
447 2123 643 2160 φυλασσομένῳ
654 2123 715 2150 ποδὶ
727 2123 838 2159 βαίνων,

91 2171 221 2206 Σμύρναν
235 2171 312 2205 ἄγων
326 2170 470 2201 θυόεσσαν.
486 2169 643 2205 ὲρυθραίοιο
654 2168 681 2195 δὲ
699 2169 789 2204 κήπου

98 2216 208 2252 Ἰνδῲης
225 2217 308 2252 ἀλόης
326 2215 524 2251 δονακοτρεφές
540 2215 618 2251 ἔρνος
631 2215 761 2250 ἀρούρης.

91 2263 196 2299 Δίτρας
212 2263 261 2297 τὰς
272 2263 401 2290 καλέουσι
419 2262 591 2298 φατιζομένῳ
604 2261 657 2288 τινὶ
671 2261 764 2296 μέτρῳ

94 2309 176 2345 ’Δχρι
197 2310 261 2345 μιῆς
275 2308 375 2344 ζαθέης
396 2308 582 2340 ἑκατοντάδας.
599 2307 633 2336 40
648 2303 697 2333 Ὧν
710 2306 768 2342 ἅμα
788 2307 888 2343 καρπῷ

904 2213 927 2241 D

534 132 780 162 PARAPIIRASIS
798 132 832 162 ΙΝ
851 132 1023 164 JOANNEM.
1043 148 1079 158 ιι·-
1097 134 1176 164 CAP.
1199 134 1272 164 XIX.

1673 137 1727 167 906

900 196 925 225 Δ
939 194 1049 223 domum
1060 194 1125 223 elati
1142 194 1306 223 atlluxerunt
1322 194 1445 230 prasidis
1461 204 1469 223 :
1484 194 1517 224 Et
1531 194 1647 225 Pilatum
1665 206 1726 234 pre-

937 239 1071 268 cabantur
1085 239 1256 276 congregati,
1266 244 1298 267 ut
1309 240 1441 276 ipsorum,
1457 240 1560 270 Christi
1574 242 1673 275 divini.
1699 247 1726 271 et

937 291 1000 313 sero
1013 284 1189 313 morientium
1202 284 1321 313 duorum
1338 286 1471 320 virorum,
1483 286 1643 322 Trinorum,
1658 290 1722 316 mul-

937 333 981 357 tos
993 329 1090 358 dentes
1105 330 1221 358 habente
1234 329 1318 366 pedes
1329 334 1486 359 secarentur
1495 331 1567 360 ferro
1577 342 1584 361 ;
1595 333 1636 362 Ne
1643 335 1725 362 etiam

937 375 964 403 in
980 383 1063 404 cruce
1077 375 1129 403 lixa
1145 383 1264 411 corpora
1284 381 1436 409 manerent,
1448 376 1600 413 Septimum
1617 381 1727 415 quando

937 422 1028 449 lumen
1042 423 1163 456 veniret;
1179 427 1239 450 erat
1252 422 1324 451 enim
1345 423 1390 450 illa
1410 422 1544 453 Omnibus
1560 424 1660 453 Iudaeis
1673 427 1723 453 im.

937 475 1031 497 mensa
1048 468 1166 504 legitima
1186 476 1287 496 aurora
1308 468 1389 497 Lucis
1405 469 1528 504 septimae
1545 478 1625 505 quam
1645 479 1726 500 nove-

936 519 1001 542 runt
1016 514 1160 543 honorare.
1178 515 1214 543 52
1228 515 1262 543 Et
1278 515 1414 544 exercitus
1437 523 1520 552 prope
1536 518 1652 546 accessit
1665 526 1725 546 san-

935 561 1093 597 guinarius;
1107 562 1162 589 alte
1177 565 1320 589 extensum
1336 569 1403 590 vero
1420 561 1624 599 Primiquidem
1639 564 1724 593 disse-

936 607 992 634 cuit
1000 606 1163 641 penetrabili
1172 606 1244 635 ferro
1250 606 1354 635 Placidi
1363 608 1458 643 pedem
1467 607 1655 644 duplicem;ad
1665 617 1727 637 cru-

936 659 995 680 cem
1005 656 1095 680 autem
1105 653 1208 689 alligati
1216 652 1335 682 Alterius
1344 654 1470 682 nocturni
1482 655 1597 683 latronis
1606 656 1733 691 geminos

937 699 1020 735 pedes
1034 698 1125 735 gladio
1144 699 1281 733 tundens,
1293 699 1417 728 Alterum
1434 701 1613 737 praecipitavit
1633 703 1725 730 convi-

936 745 1067 773 ciatorem
1079 745 1161 774 celeri
1175 749 1275 774 morte.
1288 746 1325 774 35
1338 745 1434 775 Iesum
1449 754 1514 775 rem
1527 748 1637 783 quando
1653 756 1730 776 tuor-

935 795 1013 819 tuum
1031 791 1167 823 viderunt.
1182 796 1312 827 tanquam
1328 793 1430 820 mortui
1447 792 1506 822 Non
1519 794 1602 829 pedes
1615 802 1729 830 percus~

937 841 1032 865 serunt
1049 837 1209 872 conjugatos
1224 841 1357 866 consueto
1377 837 1450 866 ferro
1464 848 1472 866 :
1491 838 1526 866 54
1541 837 1594 866 Sed
1613 847 1731 867 currens

938 882 1223 918 incomprehensibilis
1233 883 1276 910 vir
1283 883 1334 911 levi
1344 884 1439 911 lancea
1453 883 1538 912 Latus
1549 885 1663 913 charum
1675 893 1730 915 non

937 929 1060 964 parcenti
1082 928 1236 956 vulneravit
1255 928 1363 964 gladio;
1391 928 1424 957 Et
1443 930 1560 965 geminis
1576 930 1730 966 liquoribus

937 983 971 1003 ex
986 975 1071 1003 latere
1086 982 1229 1010 percusso,
1241 974 1364 1003 Primum
1378 975 1489 1011 quidem
1506 977 1618 1012 sanguis
1625 977 1730 1006 ellusus

937 1025 990 1053 est,
1006 1020 1105 1049 deinde
1119 1028 1184 1049 vero
1206 1021 1298 1049 divina
1318 1027 1400 1056 aqua.
1416 1021 1451 1049 55
1462 1021 1511 1049 Vir
1524 1027 1614 1050 autem
1630 1023 1676 1058 qui
1692 1024 1731 1050 vi-

938 1067 987 1100 dit,
1001 1074 1052 1095 suo
1066 1067 1239 1095 conﬁrmavit
1264 1074 1391 1095 sermone
1415 1066 1614 1096 Testimonium
1629 1069 1730 1097 immo-

938 1118 1021 1142 tum:
1047 1117 1139 1141 mente
1165 1116 1257 1141 autem
1282 1114 1385 1149 optima
1399 1113 1504 1149 praediti
1531 1114 1605 1143 illius
1621 1115 1731 1143 Scimus

937 1160 1011 1196 quod
1027 1160 1120 1188 divina
1135 1163 1162 1187 et
1181 1167 1244 1188 vera
1260 1164 1303 1188 est
1316 1168 1380 1188 vox.
1395 1161 1431 1188 56
1446 1161 1509 1190 Haec
1519 1166 1610 1190 autem
1639 1164 1730 1190 omnia

938 1206 1050 1240 ﬂebant,
1060 1209 1091 1234 ut
1103 1206 1206 1234 dictum
1220 1205 1328 1234 ﬁrmum
1339 1211 1412 1234 esset
1425 1206 1505 1240 Quod
1516 1207 1608 1236 divina
1623 1209 1731 1237 cithara

939 1253 1060 1281 Suaviter
1076 1253 1186 1288 spirans
1202 1252 1272 1280 dixit
1285 1257 1394 1286 cantus,
1405 1253 1537 1289 Corporis
1555 1254 1731 1290 irreprehen-

939 1299 1028 1328 sibilis
1051 1298 1222 1334 praenuntius
1243 1307 1250 1325 :
1274 1297 1384 1325 Nullum
1406 1306 1440 1326 ex
1461 1299 1521 1334 ipso
1543 1299 1730 1328 Discretorum

937 1345 1123 1373 membrorum
1140 1343 1288 1371 contritum
1309 1351 1341 1372 os
1358 1343 1420 1372 erit.
1443 1344 1478 1372 57
1493 1344 1526 1371 Et
1542 1344 1628 1373 fertur
1639 1353 1732 1374 sermo

938 1392 1008 1420 alius
1021 1399 1102 1428 quem
1117 1390 1188 1418 dixit
1209 1390 1318 1418 divinus
1332 1390 1375 1418 vir
1389 1400 1395 1418 :
1414 1390 1552 1419 Videbunt
1572 1400 1634 1420 eum
1649 1401 1731 1428 quem

935 1439 1127 1470 vulnerarunt.
1139 1437 1186 1473 qui
1209 1436 1343 1472 praebebit
1365 1436 1479 1464 Pmnam
1503 1445 1566 1466 sero
1581 1438 1731 1473 perlectam

938 1484 1187 1520 compensationem
1211 1482 1363 1510 stimulanti
1382 1482 1493 1511 lancem.

978 1531 1014 1559 58
1028 1530 1062 1558 Et
1076 1530 1192 1557 Pilatum
1211 1529 1342 1564 deinceps
1356 1529 1427 1556 clam
1442 1528 1605 1564 precabatur
1618 1527 1730 1564 Ioseph.

935 1578 1076 1617 207mm
1084 1577 1181 1604 tim0re
1187 1575 1343 1603 Iudaeorum
1350 1574 1505 1610 cautus;qui
1514 1574 1676 1610 saneetipse
1684 1575 1732 1602 lm-

934 1625 1064 1662 provisus
1070 1622 1175 1650 Christi
1185 1621 1315 1649 audiendi
1326 1620 1443 1656 cupidus
1449 1625 1510 1648 erat
1521 1621 1685 1656 discipulus,
1692 1620 1733 1649 Ex

935 1678 983 1699 ore
989 1669 1082 1697 divino
1096 1667 1206 1704 sapiens
1216 1667 1259 1694 lac
1270 1666 1348 1694 ﬁdele
1357 1666 1491 1701 mulgens.
1501 1666 1551 1694 Hic
1562 1667 1657 1695 abiens
1667 1675 1734 1703 sup-

936 1716 1065 1752 plicabat,
1075 1713 1253 1741 domesticum
1260 1720 1330 1748 genu
1339 1712 1464 1744 ﬂectens.
1475 1712 1497 1739 A
1505 1713 1629 1748 principe
1637 1717 1733 1749 petens

936 1765 1078 1789 mortuum
1099 1759 1234 1790 divinum:
1246 1758 1292 1786 sed
1307 1758 1354 1785 ille
1364 1758 1497 1793 gaudens,
1510 1758 1646 1786 Mortuum
1665 1767 1734 1787 sem-

937 1814 987 1843 per
1000 1806 1134 1833 viventem
1145 1804 1273 1839 religioso
1285 1803 1360 1831 dedit
1374 1804 1514 1839 gestatori.
1528 1803 1560 1831 Et
1571 1805 1639 1839 pede
1649 1805 1734 1832 tacito

939 1856 1063 1880 mortuos
1081 1851 1273 1879 transmittens
1299 1850 1374 1877 venit
1396 1849 1508 1885 Ioseph.
1531 1850 1614 1878 Juxta
1641 1856 1731 1879 autem

939 1905 1049 1926 crucem
1077 1897 1160 1924 ﬁxum
1177 1896 1321 1931 vestigium
1353 1895 1479 1927 fulciens.
1502 1895 1606 1931 Duplex
1629 1897 1733 1925 ferrum

939 1942 1019 1971 solvit
1028 1941 1210 1977 perferratum
1231 1945 1312 1967 acuto
1322 1939 1442 1972 vinculo,
1456 1940 1489 1968 Et
1505 1945 1642 1969 mortuum
1661 1942 1733 1970 inni-

939 1995 1004 2014 xum
1018 1986 1130 2014 deduxit
1144 1985 1320 2021 vespertinus
1337 1985 1390 2017 vir,
1404 1985 1480 2014 Onus
1492 1986 1585 2014 levans
1596 1987 1679 2015 Deum
1689 1995 1733 2015 re-

940 2033 1051 2069 cipienti
1066 2033 1162 2068 jacens
1177 2032 1204 2059 in
1227 2031 1350 2059 humero.
1364 2031 1399 2059 39
1411 2031 1492 2059 Venit
1509 2037 1600 2060 autem
1617 2032 1735 2061 etNico-

940 2079 1048 2112 demus,
1066 2079 1112 2114 qui
1127 2081 1239 2106 venerat
1252 2081 1333 2104 nortu
1346 2077 1435 2105 viator
1450 2077 1479 2106 In
1492 2079 1603 2106 domum
1618 2078 1732 2111 Christi,

941 2129 1023 2152 cauto
1036 2125 1104 2160 pede
1116 2123 1258 2156 incedens,
1270 2122 1409 2158 Myrrham
1437 2123 1528 2152 ferens
1553 2123 1732 2160 fragrantem,

941 2171 1089 2198 rubicundi
1110 2170 1191 2198 etiam
1212 2170 1284 2197 horti
1304 2168 1402 2196 Indicae
1422 2169 1496 2198 aloes
1510 2169 1537 2197 in
1552 2170 1734 2198 arundinibus

941 2224 1070 2245 crescens
1083 2224 1194 2252 germen
1215 2219 1306 2248 terrae.
1326 2215 1424 2243 Libras
1439 2223 1509 2250 quas
1528 2219 1627 2243 vocant
1645 2215 1734 2243 nomi-

941 2267 1006 2290 nata
1026 2263 1145 2298 quadam
1163 2269 1291 2290 mensura
1309 2262 1403 2297 Usque
1422 2262 1456 2289 ad
1471 2263 1660 2290 centenarium
1679 2272 1732 2291 nu—

942 2316 1059 2336 merum.
1077 2309 1112 2336 40
1136 2308 1259 2341 Quorum
1283 2308 1365 2335 simul
1388 2315 1451 2336 cum
1477 2308 1567 2336 l'ruetu
1592 2308 1733 2336 'I‘cnuibus

702 2362 845 2392 TEXTUS
863 2363 977 2392 EVANG
984 2365 1014 2390 Ei
1022 2363 1129 2391 .lST/E.

128 2416 164 2445 52
181 2414 285 2443 Ἦλθον
302 2411 350 2442 οὖν
361 2414 385 2441 οἱ
401 2413 577 2450 στρατιῶται,
593 2410 700 2439 καὶτοῦ
716 2410 765 2447 μὲν
779 2411 888 2448 πρώτου

93 2459 232 2492 κατέαξαν
245 2457 280 2485 τὰ
292 2456 386 2492 σκέλη,
403 2456 450 2483 καὶ
462 2455 509 2482 τοῦ
523 2455 604 2482 ἄλλου
618 2453 666 2480 τοῦ
682 2453 889 2489 συσταυρωθέν-

93 2510 139 2528 τος
158 2509 234 2528 αυτω
241 2509 248 2516 ⁸

110 2509 253 2570 οςὸδαυέἲῑὶ
274 2541 303 2569 δέ
322 2541 369 2568 τὸν
389 2538 493 2574 Ἰησοῦν
509 2537 645 2570 ἐλθόντες,
668 2536 705 2569 ὡς
724 2534 794 2564 εἶδον
807 2536 889 2564 αὐτὸν

93 2584 146 2621 ἤδη
159 2583 321 2619 τεθνηκότα,
335 2582 366 2609 οὐ
379 2579 517 2614 κατέαξαν
531 2578 615 2607 αὑτοῦ
632 2579 667 2621 τὰ
682 2577 781 2614 σκέληο

130 2626 166 2654 54
192 2626 262 2653 Ἀλλ’
279 2623 320 2658 ιῐς
342 2625 396 2652 τῶν
420 2621 595 2660 στρατιωτῶν
619 2620 703 2660 λόγχῃ
729 2620 813 2648 αὑτοῦ
840 2621 891 2656 τὴν

94 2668 219 2701 πλευρὰν
235 2667 324 2701 ῐνυξε,
342 2666 391 2694 καλ¹
406 2658 487 2697 εὐθὺς
503 2663 616 2698 ἐξῆλθεν
629 2658 698 2698 αἷμα
709 2662 757 2689 καὶ
770 2662 854 2699 ὕδωρ.

130 2709 166 2738 35
183 2709 238 2737 Καὶ
252 2710 267 2736 ό
281 2707 414 2745 ἐωρακὼς
425 2705 634 2745 μεμαρτύρηκε,
650 2704 698 2731 καὶ
710 2703 824 2745 ἀληθινὴ
840 2704 891 2732 αύ-

94 2751 143 2779 τοῦ
155 2752 230 2778 ἐστιν
241 2751 259 2787 ἡ
273 2744 425 2786 μαρτυρία·
437 2749 563 2778 κάκετνος
573 2744 644 2774 οἶδεν
656 2745 698 2772 ὅτι
707 2744 794 2781 ἀληθῆ
805 2746 890 2781 λέγει,

96 2794 141 2821 ἶνα
160 2794 241 2829 ὑμεῖς
254 2791 420 2827 πιστεύσητε
427 2799 434 2806 ·

132 2835 168 2864 56
192 2834 317 2869 Ἐγένετο
344 2833 399 2870 γὰρ
413 2831 499 2860 ταῦτα
514 2831 559 2858 ἵνα
579 2830 596 2866 ἠ
619 2829 717 2866 Γραφὴ
739 2829 889 2867 πληρωθῇ·

102 2878 215 2907 Ὀστοῦν
230 2877 262 2906 οὐ
276 2875 484 2912 συντριϐήσεται
498 2871 593 2900 αὐτοῦ.

283 2924 419 2956 Ρηιιοι..
434 2922 494 2953 Gn.
518 2918 630 2951 XLIII.

976 2412 1009 2440 57
1025 2412 1080 2439 Καὶ
1094 2411 1176 2439 πάλιν
1193 2411 1276 2447 έτέρα
1293 2411 1389 2448 Γραφὴ
1404 2411 1494 2446 λέγει’
1508 2411 1637 2447 Ὄψονται
1651 2413 1691 2446 είς
1705 2412 1735 2441 ὃν

941 2461 1131 2496 ἐξεκέντησαν.

975 2510 1010 2538 58
1030 2509 1107 2537 Μετὰ
1122 2509 1149 2535 δὲ
1163 2508 1251 2536 ταῦτα
1264 2508 1392 2544 ἠρώτησε
1409 2508 1454 2535 τὸν
1468 2509 1584 2536 Πιλάτον
1600 2511 1615 2537 ὁ
1636 2510 1735 2548 Ἰωσὴφ

939 2554 953 2580 ό
968 2553 1022 2580 ἀπὸ
1039 2551 1220 2588 Ἁριμαθαίας
1236 2550 1284 2585 (ὢν
1297 2550 1422 2586 μαθητὴς
1438 2551 1486 2577 τοῦ
1504 2551 1603 2588 Ἰησοῦ,
1617 2561 1738 2589 κεκρυμ-

942 2595 1021 2632 μένος
1040 2594 1069 2621 δέ
1079 2589 1133 2621 διὰ
1152 2594 1199 2620 τὸν
1212 2592 1295 2628 φόϐον
1316 2592 1372 2619 τῶν
1395 2593 1550 2628 Ἰουδαίων),
1564 2594 1608 2621 ῐνα
1631 2594 1685 2632 ἄρῃ
1705 2596 1736 2622 τὸ

943 2637 1024 2673 σῶμα
1038 2636 1086 2663 τοῦ
1110 2635 1214 2671 ’1ησοῦ-
1231 2635 1278 2662 καὶ
1299 2634 1449 2670 ἐπέτρεψεν
1464 2636 1478 2662 ό
1491 2635 1618 2669 Πιλάτος.
1632 2634 1736 2664 Ἦλθεν

941 2677 989 2706 οὖν
1005 2679 1052 2706 καὶ
1065 2676 1116 2714 ἦρε
1136 2678 1167 2705 τὸ
1185 2677 1266 2713 σῶμα
1281 2677 1329 2704 τοῦ
1351 2677 1451 2713 Ἰησοῦ.

979 2727 1014 2755 59
1032 2725 1119 2754 Ἦλθε
1130 2727 1159 2753 δὲ
1175 2726 1223 2753 καὶ
1238 2724 1393 2762 Νικόδημος
1406 2725 1431 2761 (δ
1441 2724 1527 2753 ἐλθὼν
1541 2726 1610 2762 πρὸς
1622 2725 1669 2753 τὸν
1686 2727 1737 2763 Ἴη-

945 2775 1009 2803 σοῦν
1027 2775 1125 2807 νυκτὸς
1142 2774 1294 2812 τοπρῶτον)
1319 2774 1412 2810 φέρων
1440 2774 1530 2810 μίγμα
1550 2774 1676 2811 σμύρνης
1689 2775 1736 2802 καὶ

944 2824 1028 2860 ἀλόης
1040 2823 1106 2851 ὡσεὶ
1119 2823 1214 2859 λίτρας
1231 2822 1338 2850 ἐκατόν.

980 2873 1015 2901 ιο
1029 2872 1145 2901 Ἔλασον
1161 2870 1206 2901 οὖν
1222 2873 1255 2900 τδ
1279 2872 1359 2909 σῶμα
1375 2871 1422 2899 τοῦ
1451 2871 1550 2908 Ἰησοῦ,
1569 2871 1617 2898 καὶ
1638 2870 1736 2906 ἔδησαν

1577 2917 1618 2949 '29
