1953 3040
221 127 272 156 θίΠ

830 122 937 152 NONNI
957 121 1213 152 PANOPOLITANI

1797 125 1847 153 $3

222 185 314 214 linteis
329 184 475 212 eluxerunt
489 183 590 210 mortui
602 181 721 217 Corpus,
736 181 882 217 multiplici
897 181 1007 210 circum-

1067 182 1233 213 Λεπταλέαις
1248 180 1372 216 ὀθόνῃσιν
1389 181 1577 219 ἐμιτρώσαντο
1590 181 1718 215 θανόντος

223 230 390 258 volutionum
403 227 536 264 fragranli
550 227 671 258 vinculo,
685 225 719 253 Ut
734 233 794 254 mos
806 225 958 254 estJudmis
972 232 1013 254 se.

221 274 357 310 puli-rales
369 274 438 300 ritus
451 280 571 300 scrvare.
585 272 616 299 41
634 272 699 299 Erat
713 276 803 299 autem
823 271 959 307 quoddam
974 271 1011 299 ibi

221 319 376 354 sepulcrum
400 319 527 346 sublimis
544 318 621 345 collis
636 317 714 352 juxta
743 317 844 349 locum,
871 317 1011 345 Christum

221 365 268 392 ubi
277 365 369 392 crucis
378 363 512 392 conclusit
521 364 651 398 repagula
663 363 778 391 immitis
789 363 897 390 hostilis
911 367 1009 390 omnis.

226 410 291 438 Erat
308 411 390 438 etiam
405 409 432 436 in
450 409 541 437 vicino
563 409 643 437 horto
660 408 821 444 Sepulcrum
837 408 899 436 rudi
915 412 1011 436 cavato

220 464 236 484 ο
250 463 329 488 sam,
344 455 486 490 Sculptum
503 459 600 488 totum,
615 455 721 483 naviter
735 458 917 483 exstructum.
930 453 960 483 In
976 455 1013 482 la-

223 501 319 535 pidoso
335 504 425 527 autem
443 500 571 534 sepulcro
588 499 715 527 Nondum
740 505 869 527 mortuus
887 500 1011 535 jacuerat

222 545 402 580 sepulcralem
420 548 521 572 terram
549 550 712 573 assecutus:
734 545 787 573 Sed
812 546 931 580 sepulcri
950 546 1009 580 puri

222 591 374 626 pervadens
389 591 529 619 liortensis
540 598 606 618 aura
619 590 724 618 Locum
740 591 890 626 perﬂabat:
904 599 958 626 quo
973 592 1011 618 la-

223 637 350 665 boriosus
362 636 462 671 Joseph
480 636 574 664 Jesum
589 637 688 665 detulit
701 644 753 665 suo
769 641 904 672 gestatum
919 637 1011 664 hume-

222 691 262 712 ro.
281 684 317 711 42
337 683 369 711 Et
394 688 531 712 mortuum
548 691 603 712 non
629 688 784 712 manentem
810 684 836 711 in
856 684 1011 718 lapidosum

223 730 312 764 posuit
330 729 458 757 humilem
478 730 589 762 lectum,
615 729 752 756 Mortuum
781 737 891 764 semper
906 729 1009 762 vivum,

222 774 378 802 triduanum
397 775 424 801 in
442 774 558 806 tumulo.
576 774 617 801 Ad
627 775 784 810 sepulcrum
801 775 859 802 suis
871 774 1010 802 radicibus

222 819 353 851 innitens.
370 827 424 846 non
441 819 615 847 testiﬁcatum
629 826 698 854 opus
712 824 807 847 texens
828 828 835 846 :
851 819 920 852 Quia
937 820 1009 854 apud

1063 228 1156 263 Σῶμα,
1173 227 1352 262 πολυπλέκτῳ
1366 227 1463 254 ἑλίκων
1476 227 1571 254 εὐώδεϊ
1581 227 1684 263 δεσμῷ,

1067 273 1112 305 Ὠς
1125 272 1186 305 ἔθος
1205 273 1340 308 Ἐὕραίοις
1350 273 1501 308 ἐπιτύμὸια
1515 273 1603 309 θεσμὰ
1624 274 1785 308 φυλάσσειν.

1061 319 1092 345 Η
1109 316 1163 346 Ἶίν
1174 319 1202 346 δέ
1218 328 1260 351 τις
1272 318 1367 346 αὐτόθι
1381 319 1484 354 τύμϐος
1502 320 1656 355 ἀερσιλόφῳ
1666 321 1742 356 παρὰ
1760 321 1846 357 χώρῳ,

1062 363 1179 400 Χριστὸν
1195 364 1248 400 ὅπη
1268 365 1394 400 σταυροῖο
1410 365 1608 400 συνεκλήῖσσαν
1621 366 1683 400 όχῆῐ

1061 409 1154 445 Νηλὴς
1170 409 1266 446 ἐχθρὸς
1281 410 1392 445 ὅμιλος·
1412 409 1461 445 ἔην
1474 410 1496 437 δ’
1511 411 1551 437 ἐνὶ
1567 411 1670 445 γείτονι
1685 412 1768 448 κήπῳ

1061 454 1170 490 Τῦμϐος
1184 454 1339 490 ἁδωμήτοιο
1349 454 1535 491 βαθυνομένης
1549 456 1604 482 ἀπὸ
1619 456 1733 491 πέτρης,

1061 500 1181 532 Γλυπτδς
1195 501 1254 532 ὅλος
1271 501 1428 532 νεότευκτος
1438 509 1446 516 ·
1463 502 1493 528 ἐν
1509 501 1632 535 εὑλάῑγγι
1643 502 1672 528 δὲ
1685 501 1783 537 τύμϐῳ

1061 546 1144 573 Οὔπω
1159 547 1256 582 νεκρὸς
1269 547 1358 574 ἔκειτο
1370 548 1455 583 χυτῆς
1471 547 1607 583 ψαμάθοιο
1624 549 1743 583 τυχήσας
1753 557 1759 562 ’

1067 592 1148 618 ’Λλλὰ
1161 593 1247 627 τάφου
1264 593 1394 629 καθαροῖο
1409 593 1501 627 φυτῶν
1515 594 1661 628 ἐπικήπιος
1673 593 1745 628 αὔρη

1061 639 1156 675 Χῶρον
1170 639 1355 676 ἀνερρίπιζεν.
1373 641 1427 676 ὅπη
1439 640 1590 676 ταλαεργὸς
1614 641 1712 676 Ἰωσὴφ

1066 685 1171 721 Ἰησοῦν
1182 686 1326 722 ἐκόμισσεν
1340 686 1377 721 ἐῷ
1394 686 1585 722 πεφορημένον
1598 686 1677 721 ὤμῳ.

1060 728 1094 755 42
1109 729 1164 755 Καὶ
1177 729 1259 756 νέκυν
1274 729 1306 756 οὐ
1323 730 1457 766 μίμνοντα
1475 729 1581 756 λιθώδεῖ
1597 730 1663 765 θῆκε
1677 731 1814 766 χαμεύνῃ,

1060 774 1165 810 Νεκρδν
1180 775 1338 808 ἁειζώοντα,
1353 777 1502 812 τριήμερον
1525 776 1610 803 ἔνδοθι
1626 776 1741 812 τύμόου,

1060 820 1137 855 Σῆμα
1149 820 1215 856 παρ’
1228 820 1399 856 αὐτόρριζον,
1413 821 1570 858 ἀμάρτυρον
1585 821 1664 858 ἔργον
1677 821 1798 856 ὑφαίνων
1808 830 1817 836 ·

220 865 330 893 ,Ιυιιωοε
344 865 497 893 observata:
517 873 629 893 cursum
656 865 742 897 hom,
760 864 884 892 Vicinam
899 869 1006 893 noctem

1067 866 1135 892 Ὀττι
1148 867 1213 902 παρ’
1234 867 1383 902 Ἑϐραίοισι
1398 867 1605 904 φυλασσομένης
1619 867 1720 903 δρόμον
1727 867 1815 904 ὥρης,

223 911 313 938 l’ereus
326 911 433 938 initium
458 911 564 938 sabbati
588 911 711 938 cucurrit
733 918 855 938 aurora:
877 911 959 945 208
975 911 1008 938 Et

221 963 318 984 rursus
326 956 436 983 domum
447 955 495 984 ivit
503 955 591 984 latens
603 956 885 991 incomprehensibilis
895 955 1006 991 Ioseph.

539 1012 616 1040 CAP.
631 1011 690 1040 XX.

257 1057 269 1084 1
288 1056 347 1084 Una
364 1061 456 1084 autem
474 1063 652 1092 praeveniente
669 1062 730 1092 post
745 1057 893 1085 Sabbatum
909 1065 1007 1085 aurora

220 1101 376 1138 Magdalena
389 1103 472 1130 Maria
482 1103 594 1138 lugubre
605 1111 689 1138 prope
699 1104 832 1130 tumulum
845 1104 1007 1131 Matutinuin

220 1149 365 1183 vestigium
382 1148 466 1181 ﬂexit,
485 1149 595 1183 quando
607 1149 764 1176 umbrosam
775 1157 823 1183 per
839 1153 942 1176 terram
957 1149 1011 1176 No-

219 1199 265 1221 ctu
284 1202 420 1230 apparens
436 1203 490 1222 non
508 1195 614 1230 signata
626 1195 760 1222 matutina
772 1195 857 1222 iverat
870 1195 1009 1228 stella;Et

221 1240 337 1274 lapidem
356 1241 476 1267 liminari
488 1244 672 1268 transmolum
692 1241 726 1267 ab
739 1241 811 1267 ostio
828 1241 966 1275 Ingentem
979 1241 1006 1269 in

221 1286 378 1320 pavimento
399 1285 562 1317 revolutum,
576 1285 682 1319 pondus
697 1289 788 1317 terrai,
802 1285 835 1312 Et
850 1286 1007 1320 sepulcrum

219 1331 293 1357 videt
307 1330 419 1362 nudum,
435 1335 489 1364 quo
504 1334 620 1357 onustus
635 1329 735 1364 Ioseph
747 1329 839 1358 lesum
855 1331 882 1357 in
894 1339 1007 1365 parvum

220 1384 366 1403 arenosum
381 1376 472 1410 posuit
496 1375 625 1403 humilem
651 1376 762 1404 lectum.
784 1376 823 1403 lbi
841 1376 938 1404 mulier
960 1384 1009 1403 no-

220 1426 316 1448 rlurua
334 1422 415 1456 pedes
428 1421 461 1448 ad
475 1421 594 1455 quietem
611 1421 772 1454 collocavit;
788 1422 815 1449 in
838 1422 899 1450 sinu
917 1426 1007 1450 autem

220 1467 385 1494 Lurtuosum
399 1470 565 1502 unguentum
575 1466 898 1502 liabeliat,deserlumque
909 1468 1006 1494 lectum

1058 911 1168 938 Γείτονα
1181 912 1267 939 νύκτα
1283 913 1404 948 φέρουσα
1417 913 1605 949 προσάϐϐατος
1614 913 1726 948 ἔτρεχεν
1739 913 1797 948 ἠώς
1806 922 1814 928 ·

1058 957 1142 993 209
1150 958 1205 985 Καὶ
1213 958 1293 986 πάλιν
1302 960 1331 991 ἐς
1342 958 1424 994 δόμον
1432 957 1497 995 ἦλθε
1505 959 1595 986 λαθὼν
1601 959 1731 995 ἀκίχητος
1739 960 1847 995 Ἰωσήφ.

1380 1006 1459 1032 ΚΕΦ.
1480 1006 1524 1032 K’.

1094 1049 1106 1076 Ι
1124 1050 1163 1085 Τῇ
1179 1050 1207 1077 δὲ
1223 1051 1272 1086 μιῇ
1288 1049 1414 1086 φθαμένῃ
1429 1050 1498 1085 μετὰ
1511 1049 1645 1076 σὰϐὃατον
1661 1049 1814 1084 ἠριγενείῃ,

1058 1097 1216 1133 Μαγδαλινὴ
1235 1098 1329 1133 Μαρίη
1346 1096 1523 1132 φιλοδάκρυος
1537 1095 1633 1131 ἐγγύθι
1647 1094 1753 1130 τύμϐου

1060 1142 1163 1178 Πρώῖον
1177 1144 1250 1178 ῖχνος
1261 1143 1410 1178 ἔκαμπτεν,
1424 1143 1473 1177 ὅτε,
1483 1142 1610 1169 σκιοειδέῖ
1622 1141 1686 1176 γαίῃ

1058 1189 1233 1225 Νυκτιφανὴς
1247 1190 1403 1225 ἀχάρακτος
1417 1188 1494 1220 έώίος
1508 1189 1567 1224 ἧῖεν
1581 1189 1670 1224 ἀστήρ
1681 1196 1687 1202 “

1058 1235 1113 1262 Καὶ
1125 1235 1199 1261 λίθον
1211 1235 1329 1262 οὑδαίοιο
1343 1234 1551 1271 μετηοχλισθέντα
1566 1233 1696 1269 θυρέτρου

1059 1281 1193 1308 ’Λπλετον
1204 1281 1233 1307 ἐν
1248 1281 1357 1315 δαπέδῳ
1368 1279 1572 1315 κεκυλισμένον,
1587 1278 1669 1314 ἄχθος
1681 1278 1812 1314 ἀρούρης,
1843 1299 1846 1302 .

1059 1327 1113 1353 Καὶ
1129 1327 1213 1360 τάφον
1226 1326 1324 1361 ἔδρακε
1340 1325 1454 1360 γυμνὸν,
1471 1325 1525 1360 ὅπη
1538 1324 1708 1360 βαρύφορτος
1726 1325 1826 1359 Ἰωσὴφ

1064 1373 1167 1409 Ἰησοῦν
1177 1373 1256 1408 ὀλίγῃ
1267 1372 1428 1408 ψαμαθώδεῐ
1442 1371 1509 1407 θῆκε
1524 1371 1656 1407 χαμεύνῃ.

1058 1420 1136 1446 Κεῖοι
1152 1421 1221 1455 γυνὴ
1236 1419 1316 1455 νυχίη
1331 1419 1414 1451 πόδας
1427 1418 1540 1445 εὔνασεν
1550 1426 1556 1432 ·
1573 1418 1644 1453 ἀμφὶ
1660 1418 1688 1444 δὲ
1703 1418 1797 1452 κόλπῳ

1057 1466 1206 1493 Πενθαλέον
1224 1465 1310 1501 μύρον
1327 1463 1399 1507 εἶχεν
1409 1473 1416 1480 ·
1432 1464 1568 1501 ἐρημαίης
1579 1464 1607 1491 δὲ
1619 1464 1759 1499 χαμεύνης

219 1513 326 1548 Attigit,
342 1512 483 1546 inquirens
495 1516 632 1539 mortuum
642 1511 785 1547 fugitivum
797 1513 937 1548 inungere.
951 1513 1003 1540 Sed

1067 1512 1174 1546 Ὴψατο,
1196 1511 1369 1547 μαστεύουσα
1383 1511 1464 1537 νέκυν
1479 1510 1593 1545 φύξηλιν
1609 1510 1728 1545 ἀλεῖψαι.

219 1560 309 1594 ipsum
327 1567 382 1586 non
398 1559 588 1593 deprehendit.
615 1559 632 1586 2
657 1559 815 1587 Festinante
831 1565 920 1586 autem
939 1560 1007 1594 pede

219 1604 338 1632 “eversa
350 1605 375 1632 in
394 1605 504 1632 domum
515 1605 598 1635 venit,
610 1605 769 1639 placidoque
784 1604 865 1632 Petro
874 1604 1005 1632 Nuntium

218 1653 245 1675 et
262 1649 339 1676 alteri
355 1649 524 1676 cohalfttanti
539 1649 684 1685 discipulo,
701 1649 832 1677 Dominus
844 1657 923 1684 quem
938 1649 1007 1676 dile-

219 1694 268 1725 xit,
287 1701 339 1720 una
350 1694 562 1721 communicavit
573 1701 639 1722 voce
651 1693 689 1721 De
697 1695 825 1730 sepulcro
840 1702 934 1722 vacuo.
950 1694 967 1721 5
975 1694 1007 1720 Et

219 1747 281 1766 etilli
295 1739 391 1767 Petrus
406 1739 537 1772 audisset,
555 1739 704 1774 Respirans
718 1740 831 1768 incitato
846 1740 944 1774 pedum
962 1740 1006 1767 in-

217 1786 348 1820 dagatore
355 1785 444 1820 planta
459 1785 566 1813 Proruit
578 1794 594 1813 e
605 1786 685 1813 domo
696 1794 702 1818 ;
713 1791 740 1814 et
753 1786 916 1821 sequebatur
924 1786 1004 1813 disci-

219 1831 300 1866 pulus
314 1830 392 1859 Alius
405 1831 488 1858 simul
505 1832 539 1859 ad
561 1832 716 1866 sepulcrum
735 1841 742 1859 :
759 1832 776 1858 4
790 1835 818 1859 et
836 1831 870 1858 ad
884 1832 1007 1859 curricu-

219 1877 274 1904 lum
291 1881 474 1905 cucurrerunt
500 1877 591 1905 ambo.
615 1878 646 1905 Et
673 1878 842 1912 pnevenicns
867 1877 1006 1905 Simonem

218 1921 285 1948 levis
309 1921 382 1948 venit
410 1921 563 1957 discipulus
596 1921 678 1950 Petro
711 1922 857 1950 festinante
880 1922 1007 1950 celerior.

218 1967 234 1993 5
246 1966 359 1994 Vicinus
371 1970 461 1994 autem
471 1966 553 1994 Stans
563 1967 893 2002 iuclinatusintrospexit,
906 1971 932 1994 et
946 1975 1008 2002 spe-

218 2013 301 2040 ctavit
318 2013 545 2045 intratumulum,
559 2013 660 2040 Contra
675 2013 846 2040 intuentibus
857 2013 946 2040 oculis
959 2021 1007 2040 va-

218 2067 300 2086 cuum
329 2062 535 2086 monumentum
558 2058 686 2086 celeriter
706 2058 813 2090 videns,
837 2058 962 2086 Jacentin
980 2063 1007 2087 et

218 2105 301 2132 lintea
319 2104 380 2132 alba
398 2111 481 2140 supra
496 2104 678 2133 terram.Nou
690 2105 800 2139 quidem
817 2105 933 2132 interius
949 2113 1007 2139 pcr-

218 2149 302 2181 venit,
317 2149 368 2176 etsi
395 2149 467 2177 celer
491 2149 566 2176 venit
588 2149 745 2178 ambulans.
760 2148 778 2176 6
800 2148 924 2184 Sequens
941 2157 1006 2177 vero

1063 1557 1144 1584 ’Λλλά
1158 1566 1204 1593 μιν
1220 1557 1270 1584 οὐκ
1284 1557 1424 1592 ἐκίχησεν-
1440 1556 1458 1583 2
1474 1556 1642 1591 ἐπειγομένῳ
1653 1557 1680 1582 δὲ
1695 1556 1794 1591 πεδίλῳ

1057 1603 1192 1638 Νόστιμος
1203 1594 1243 1634 είς
1256 1603 1338 1638 δόμον
1353 1600 1418 1637 ἦλθε
1428 1611 1434 1616 ·
1451 1601 1634 1637 κατηπιόωντι
1643 1601 1670 1628 δὲ
1685 1602 1785 1638 Πέτρῳ

1063 1647 1206 1683 ’Δγγελίην
1223 1648 1308 1683 ἑτέρῳ
1318 1656 1349 1673 τε
1367 1647 1547 1674 συνενδιάοντι
1568 1647 1689 1682 μαθητῇ,

1057 1692 1190 1727 Κοίρανος
1203 1692 1232 1719 ὃν
1244 1692 1381 1728 φιλέεσκε,
1401 1693 1449 1727 μιῇ
1465 1691 1601 1724 ξυνώσατο
1618 1693 1693 1727 φωνῇ

1062 1738 1146 1773 Ἀμφί
1162 1743 1259 1773 ταφοιο
1270 1739 1369 1764 κενοίο.
1385 1738 1401 1764 5
1415 1737 1470 1764 Καὶ
1485 1737 1522 1768 ὡς
1539 1737 1584 1772 ἔχε
1602 1737 1704 1772 Πέτρος
1715 1737 1849 1769 ἀκούσας,

1058 1784 1195 1819 Ἔμπνοος
1207 1785 1375 1820 οίστρηϐέντι
1391 1786 1480 1813 ποδῶν
1494 1787 1618 1822 διφήτορι
1633 1786 1727 1822 ταρσῷ

1058 1829 1188 1865 ’Λνθορεν
1202 1831 1233 1857 ἐκ
1250 1831 1381 1867 μεγάροιο
1394 1839 1399 1846 ·
1416 1832 1463 1859 καὶ
1475 1832 1623 1867 ὡμάρτησε
1639 1832 1763 1867 μαθητὴς

1058 1874 1152 1906 Ἄλλος
1159 1875 1234 1911 ὁμῶς
1240 1876 1291 1902 ἐπὶ
1300 1877 1374 1912 σῆμα
1385 1883 1391 1891 ·
1402 1878 1418 1904 4
1426 1878 1472 1904 καὶ
1480 1879 1519 1910 εἰς
1527 1878 1625 1913 δρόμον
1635 1877 1744 1913 ἔτρεχον
1753 1878 1849 1914 ἄμφω.

1056 1920 1110 1946 Καὶ
1125 1920 1263 1956 φθάμενος
1278 1921 1388 1957 Σίμωνα
1404 1923 1555 1959 ποδήνεμος
1566 1921 1632 1959 ἦλθε
1646 1923 1781 1958 μαθητὴς.

1056 1965 1159 2001 Πέτρου
1173 1966 1369 2002 σπερχομένοιο
1384 1967 1526 2004 θοώτερος.
1542 1968 1559 1996 5
1578 1968 1743 2004 Ἀγχιφανὴς
1755 1969 1784 1994 δὲ

1062 2011 1216 2046 Ὶστάμενος
1225 2012 1378 2048 παρέκυψε,
1392 2014 1439 2040 καὶ
1452 2014 1566 2050 ἔδρακεν
1581 2014 1667 2041 ἔνδοθι
1683 2014 1800 2050 τύμὸου,

1063 2056 1210 2089 ’Λντωποίς
1223 2057 1381 2094 βλεφάροισι
1396 2060 1522 2095 κενήριον
1533 2060 1582 2092 ὀξὺ
1596 2060 1714 2087 δοκεύων

1057 2098 1229 2138 Κεκλιμιένας
1245 2103 1340 2137 ὀθόνας
1352 2104 1496 2140 χιονώδεας
1512 2105 1590 2140 ὑψόθι
1607 2106 1697 2141 γαίης.

1057 2148 1094 2174 Οὐ
1113 2149 1162 2183 μὲν
1176 2148 1229 2176 ἔσω
1247 2149 1374 2181 διέϐαινε,
1387 2150 1435 2177 καὶ
1451 2152 1475 2177 εί
1488 2151 1573 2186 ταχὺς
1586 2150 1667 2188 ἦλθεν
1682 2152 1793 2184 ὁδεύων,

219 2195 335 2230 pedibus
349 2195 485 2230 posterior
495 2194 571 2222 venit
585 2194 692 2229 Simon,
700 2194 735 2222 Et
748 2195 820 2224 celer
829 2195 903 2223 intus
915 2195 1004 2228 venit;

1067 2193 1074 2221 ἲ
1097 2195 1262 2230 Ἑσπόμενος
1277 2195 1305 2221 δὲ
1319 2195 1446 2222 πόδεσσιν
1457 2196 1601 2233 ὀπίστερος
1614 2197 1687 2225 ἵκετο
1699 2198 1802 2233 Σίμων,

821 2301 962 2330 ΤΕΧΤυδ
982 2301 1246 2330 ΕῩΑΝΟΕΙΛδΤᾸΕ.

220 2379 285 2406 αὐτὸ
298 2378 410 2412 ὀθονίοις
431 2379 500 2415 μετὰ
514 2379 570 2407 τῶν
585 2379 749 2415 ἀρωμάτων,
765 2377 854 2411 καθὼς
870 2379 929 2411 ἔθος
947 2379 1006 2406 ἐστὶ

220 2423 275 2452 τοῖς
292 2421 429 2454 Ἰουδαίοις
443 2421 625 2456 ἐνταφιάζειν.

252 2463 283 2489 41
304 2460 358 2489 Ἦν
373 2463 402 2490 δὲ
416 2463 492 2499 ἐντῷ
503 2464 577 2501 -ιόπῳ
593 2464 659 2491 ὅπου
676 2463 834 2499 ἐσταυρώθη
849 2463 945 2498 κῆπος,
959 2466 1005 2492 καὶ

219 2506 248 2531 ὲν
271 2504 310 2540 τῷ
325 2505 405 2540 κήπῳ
429 2507 560 2541 μνημεῖον
583 2505 685 2539 καινὸν,
702 2507 730 2532 ἐν
752 2503 775 2540 ᾧ
796 2506 902 2534 οὐδέπω
918 2507 1006 2539 οὐδεὶς

219 2546 310 2580 ἐτέθη.

253 2587 289 2614 42
308 2587 382 2614 Ἐκεῖ
394 2585 439 2614 οὖν
453 2587 497 2615 διὰ
515 2586 565 2624 τὴν
582 2589 763 2625 Παρασκευὴν
778 2590 832 2618 τῶν
859 2591 1002 2625 Ἰουδαίων,

219 2627 259 2655 ἔτι
273 2628 356 2662 ἔγγὺς
370 2627 404 2664 ἦν
414 2628 445 2656 τὸ
460 2631 600 2664 μνημεῖον,
615 2630 716 2666 ἔθηκαν
730 2631 776 2658 τὸν
802 2632 916 2668 Ἰησοῦν.

539 2691 617 2718 ΚΕΦ.
638 2693 680 2720 Κ’.

255 2742 267 2769 t
285 2742 324 2778 Τῇ
340 2742 368 2770 δὲ
385 2743 436 2784 μιᾷ
457 2742 511 2784 τῷν
526 2743 669 2784 σαϐϐάτων
690 2745 783 2781 Μαρία
803 2747 819 2782 ἡ
839 2748 1007 2784 Μαγδαληνὴ

220 2782 327 2818 ἔρχεται
341 2783 412 2819 πρωῒ
425 2783 534 2815 σκοτίας
545 2783 585 2811 ἔτι
595 2784 688 2820 obs-qq,
702 2787 741 2818 είς
754 2787 783 2813 τὺ
797 2791 928 2824 μνημεῖον
938 2799 944 2807 ·
959 2782 1006 2818 καί

220 2825 311 2859 βλέπει
323 2826 368 2854 τὸν
383 2825 455 2854 λίθον
466 2825 585 2861 ἠρμένον
597 2827 629 2854 ἐκ
647 2827 695 2855 τοῦ
713 2830 845 2865 μνημείου
857 2840 863 2847 ·

1093 2378 1111 2404 2
1124 2377 1221 2414 Τρέχει
1234 2377 1281 2405 οὖν
1293 2379 1339 2405 καὶ
1352 2379 1461 2415 ἔρχεται
1474 2381 1541 2416 πρὸς
1552 2381 1661 2416 Σίμωνα
1673 2381 1787 2418 Πέτρον,
1802 2384 1849 2410 καὶ

1059 2420 1127 2454 πρὺς
1140 2420 1186 2445 τὸν
1198 2419 1276 2446 ἄλλον
1295 2421 1418 2457 μαθητὴν
1435 2422 1463 2449 ὃν
1476 2423 1562 2458 ἐφίλει
1577 2424 1590 2450 ό
1609 2422 1723 2458 Ἰησοῦς,
1739 2425 1786 2450 καὶ
1803 2425 1848 2451 λέ-

1058 2468 1101 2494 γει
1113 2460 1204 2493 αὐτοῖς
1214 2469 1220 2476 '
1235 2460 1326 2497 THpav
1340 2463 1386 2490 τὸν
1401 2463 1501 2498 Κύριον
1517 2465 1549 2491 ἐκ
1567 2464 1614 2491 τοῦ
1633 2465 1776 2500 μνημείου,
1802 2468 1849 2493 καὶ

1057 2502 1106 2529 οὐκ
1122 2503 1231 2538 οἴδαμεν
1248 2503 1299 2530 ποῦ
1317 2504 1417 2539 ἔθηκαν
1435 2505 1526 2533 αὐτόν.

1093 2544 1109 2570 5
1134 2544 1260 2580 Ἐξῆλθεν
1271 2543 1317 2572 οὖν
1328 2547 1341 2572 ό
1355 2546 1457 2582 Πέτρος
1469 2548 1516 2574 καὶ
1528 2548 1542 2574 ό
1556 2546 1634 2580 ἄλλος
1650 2547 1787 2584 μαθητὴς,
1802 2550 1847 2576 καὶ

1058 2585 1173 2623 ἤρχοντο
1189 2587 1228 2618 εἰς
1247 2587 1277 2613 τὸ
1292 2590 1434 2623 μνημεῖον.

1093 2627 1110 2653 λί-
1127 2627 1255 2663 Ἔτρεχον
1275 2629 1304 2655 δὲ
1320 2630 1344 2656 οἱ
1362 2630 1407 2657 δύο
1429 2629 1508 2665 όμοῦ,
1533 2631 1580 2658 καὶ
1594 2628 1608 2657 ὂ
1621 2628 1701 2663 ἄλλος
1724 2632 1848 2668 μαθητὴς

1059 2669 1212 2705 προέδραμε
1228 2671 1321 2706 τάχιον
1339 2671 1386 2698 τοῦ
1406 2673 1584 2708 Πέτρου,κώ
1597 2671 1666 2709 ’ἦλθε
1684 2674 1794 2710 πρῶτος
1809 2677 1847 2707 εἰς

1058 2710 1089 2737 τὸ
1104 2713 1245 2746 μνημεῖον.
1687 2716 1694 2719 “

1092 2752 1108 2779 5
1128 2752 1180 2778 Καὶ
1197 2753 1361 2788 παρακύψας
1383 2754 1476 2790 βλέπει
1496 2756 1611 2792 κείμενα
1634 2758 1670 2784 τά
1689 2757 1800 2785 όθόνια·
1817 2757 1847 2783 οὺ

1058 2794 1150 2828 μέντοι
1166 2794 1301 2829 εἰσῆλθεν.

1100 2835 1117 2863 6
1132 2835 1261 2871 Ἔρχεται
1285 2835 1333 2865 οὖν
1356 2838 1447 2874 Σίμων
1461 2840 1565 2875 Πέτρος
1590 2841 1745 2869 ἀκολουθῶν
1771 2839 1846 2876 αὐτῷ

1867 238 1876 269 1
