1953 3040
83 169 142 201 ουν

530 165 776 195 PARAP‘HRASIS
795 165 827 193 ΙΝ
847 164 1014 193 JOANNEM.
1031 181 1064 187 η-
1083 165 1158 194 CAP.
1180 166 1240 193 XX.

1663 165 1716 193 9:0

85 226 145 255 Kal
160 226 245 262 ταχὺς
268 225 343 254 ἔνδον
362 226 463 254 ἵκανεν,
483 226 570 262 Ὑπὲρ
588 226 715 254 δαπέδοιο
726 226 754 254 δὲ
775 224 876 261 γυμνοῦ

941 232 1015 261 ιυροι·
1029 225 1215 261 pavimentum
1234 229 1325 255 autem
1340 224 1441 254 nudum
1458 224 1627 261 Coniunctas
1646 224 1716 252 invi-

85 272 214 307 Σύζυγας
227 271 353 308 ἀλλήλοις
368 272 473 305 λινέους
487 272 583 308 ὲνόησε
599 272 716 308 χιτῶνας
725 280 732 287 ·

87 317 105 343 ’1
120 317 175 344 Καὶ
188 310 309 352 κεφαλῆς
328 316 455 353 ζωστῆρα
474 316 635 344 παλίλλυτον
651 317 757 353 ἇμματι
772 317 878 353 χαίτης,

89 362 234 398 Σουδὰριον
253 363 337 398 τὸπερ
355 360 416 389 εἷπε
430 363 524 399 Σύρων
535 363 678 399 ἐπιδήμιος
691 363 772 400 αὐδὴ.

86 408 128 435 οὐ
143 408 255 442 ταφίαις
263 408 373 440 ὀθόναις
386 409 598 445 παρακείμενον,
614 409 760 445 ἀμφιλαφῆ
772 409 801 436 δὲ

87 453 229 481 Μουναδὸν
245 454 425 487 αὐτοέλικτον,
441 454 594 491 όμόπλοκον
609 456 649 482 εἰν
661 456 701 483 ἑνὶ
717 455 808 491 χώρῳ.

89 498 107 526 8
120 496 205 526 Ἦλθε
220 498 268 525 καὶ
279 499 294 525 ό
311 499 462 535 πρώτιστος
479 499 525 526 ῑὼν
541 501 588 526 ἐπὶ
603 500 679 535 σῆμα
691 500 826 535 μαθητὴς,

84 544 173 580 210
183 545 238 572 Καὶ
249 544 348 580 βραδὺς
362 544 435 572 ἔνδον
450 546 527 572 ἵκανε
538 545 715 581 λιθογλυφέος
730 546 861 578 κενεῶνος
871 555 879 561 ·

89 590 146 617 Καὶ
158 589 231 617 λίθον
246 590 383 626 εὑδξνητον
398 591 504 618 ἐοικότα
520 592 641 627 χάσματι
654 592 769 628 τύμϐου,

95 636 255 664 Ἀντίτυπον
271 637 410 673 στήριγμα
427 638 595 674 χαραδραίου
610 638 756 671 πυλεῶνος,

87 682 146 709 Καὶ
161 682 308 718 πλοκάμων
326 682 480 719 τελαμῶνα,
494 683 543 711 καὶ
561 685 662 720 εἵματα
682 684 796 720 κείμενα
816 684 883 721 γαίῃ

87 727 226 762 Ἕδρακεο
242 729 288 754 καὶ
307 728 434 755 πίστευεν
450 729 491 755 ὅτι
507 729 619 765 χθονίων
636 729 689 757 ἀπὺ
705 729 812 757 κόλπων

86 772 228 809 Οὐρανίην
243 773 288 800 ἐπὶ
308 773 393 806 πέζαν
411 775 561 810 ὑπηνέμιος
574 775 656 807 νέκυς
671 775 751 812 ἕπτη.

87 818 106 847 9
121 818 159 845 Οὐ
176 819 231 855 γάρ
247 828 290 846 πω
306 819 414 847 δεδάασι
427 820 481 847 δύω
495 821 622 857 Χριστοῖο
637 821 759 858 μαθηταῖ

89 865 170 892 Ὀττι
179 865 264 900 ταχὺς
280 866 349 900 μετὰ
363 866 466 902 πότμον
483 867 629 904 ἀνόστιμον
642 866 721 900 οὖδας
734 868 828 902 ἐάσας,

88 911 138 942 Εἰς
150 911 214 946 τρία
228 910 300 945 φάεα
316 911 413 946 μοῦνον
429 912 574 948 ἑγέρσιμον
587 913 670 941 ὕπνον
682 913 776 947 ἰαύων,

89 956 228 992 Νόστιμος
239 957 271 984 ὲκ
288 957 391 985 νεκύων
405 958 570 994 ἀναϐήσεται
582 960 622 992 εἰς
638 960 718 987 πόλον
729 959 846 997 ἄστρων,

95 1002 234 1034 ’Δκλινέος
247 1002 372 1030 θανάτοιο
389 1003 537 1031 παλῑλλυτα
551 1004 639 1041 δεσμὰ
653 1006 787 1041 πατήσας.

91 1047 127 1074 10
141 1047 237 1074 Πυκνὰ
250 1048 278 1074 δὲ
295 1048 486 1084 θαμϐήσαντες
497 1050 680 1085 ὀπιπευτῆρες
692 1050 804 1086 ἑταῖροι,

97 1094 244 1126 Ἀσταθέες
260 1095 429 1131 σφετέροισιν
443 1095 613 1129 ἑναυλίζοντο
628 1096 785 1133 μελάθροις,

91 1141 203 1176 Ἀψοφα
220 1141 414 1176 καλλείψαντες
430 1142 560 1174 ἀπενθέος
576 1142 679 1177 ἄντυγα
693 1143 807 1179 τύμϐου.

93 1186 124 1213 11
141 1186 300 1222 Μαγδαλινὴ
312 1186 333 1212 δ’
352 1186 490 1214 ἐλέλειπτο
503 1186 571 1223 γυνὴ
585 1187 660 1222 παρὰ
670 1188 773 1224 σήματι
787 1190 884 1224 μούνη,

90 1232 199 1268 θερμὸν
211 1232 398 1265 ἀναϐλύζουσα
410 1232 545 1268 γοήμονος
560 1233 664 1268 ὄμϐρον
680 1233 806 1269 ὀπωπῆς,

90 1277 241 1313 Μυρομένη
258 1277 372 1309 ζώοντα.
388 1278 427 1303 Δι’
441 1277 555 1311 εύφαέος
569 1277 598 1304 δὲ
613 1277 743 1314 θυρέτρου

96 1324 143 1356 Ὦς
159 1323 198 1350 ἔτι
210 1323 394 1359 δακρυχέεσκε
410 1322 490 1349 λάλον
504 1323 584 1355 νέκυν
598 1324 682 1358 ἐγγὺς
695 1324 783 1357 ἐόντα,

99 1369 262 1404 Ἀγγελικὴν
276 1368 371 1405 ἐνόησε
386 1368 520 1404 συνωρίδα
530 1377 536 1384 ·
551 1368 586 1395 12
605 1368 649 1395 τὸν
666 1369 725 1405 μὲν,
746 1366 789 1396 ἐπ’
800 1371 886 1406 ἄκρου

93 1415 186 1448 Δεξιὺν
199 1414 387 1442 ἀντικέλευθον
400 1415 469 1450 ὑπὲρ
484 1414 612 1450 Χριστοῖο
625 1416 758 1451 καρήνου,

92 1461 288 1497 Μαρμαρυγὴν
305 1460 450 1495 πέμποντα
463 1460 619 1496 θεογλήνοιο
634 1461 796 1496 προσώποψ

93 1508 146 1534 Τὸν
166 1507 205 1539 δὲ,
221 1506 309 1533 ποδῶν
326 1507 401 1542 παρὰ
414 1506 511 1540 πέζαν,
523 1506 576 1542 ὅπη
593 1507 674 1538 νέκυς
686 1505 736 1542 ἦεν
750 1508 886 1544 ἐχέφρων,

93 1553 223 1584 Χιονέους
236 1551 388 1588 σπινθῆρας
403 1552 579 1584 ἀκοντίζοντα
597 1552 720 1587 χιτῶνος.

95 1598 129 1625 1⁸5
153 1597 349 1636 ’Λμφότεροιβ
363 1596 482 1633 ἐρέεινον
495 1596 549 1623 έσω
560 1597 674 1632 τύμϐοιο
685 1598 800 1630 γυναῖκα
810 1606 817 1613 ·

93 1644 192 1678 Time,
204 1643 294 1678 γύναι,
320 1643 478 1678 στενάχεις;
495 1642 589 1678 Μαρίη
602 1642 624 1669 δ’
639 1642 768 1678 ἠμείϐετο
794 1642 886 1679 μύθῳ·

99 1689 146 1721 Ὠς
162 1689 233 1720 τινὲς
250 1688 374 1725 ἅρπαγες
390 1688 486 1724 ἄνδρες
499 1688 564 1723 ἐμὸν
576 1688 696 1723 Βασιλῆα
708 1688 835 1720 λαθόντες
881 1707 883 1710 ι

101 1736 234 1771 Ὲννύχιοι
252 1736 370 1772 σύλησαν
381 1744 387 1751 ·
408 1734 463 1769 ἐγὼ
477 1734 499 1761 δ’
514 1734 563 1761 οὐκ
573 1731 631 1761 οῖδα
647 1735 741 1769 νοῆσαι

98 1781 217 1810 Ὂππόθι
230 1790 276 1817 μιν
290 1781 453 1817 μετέθηκαν.
469 1779 502 1807 ﬂ
515 1780 750 1816 'l'nocepe;05iact
760 1780 781 1806 δ’
795 1780 887 1816 ἐκείνη

100 1826 206 1861 Ἰησοῦν
223 1826 333 1861 ἐνόησεν
347 1825 376 1852 ὃν
393 1825 501 1852 ἔστενεν
513 1833 521 1840 ο
535 1824 677 1860 ἱστάμενον
690 1824 719 1851 δὲ

95 1870 168 1903 Bias,
185 1871 233 1898 καὶ
246 1871 276 1898 οὺ
291 1870 435 1905 γίνωσκεν,
447 1870 488 1896 ὅτι
505 1869 595 1905 ζαθέῳ
608 1869 684 1905 παρὰ
694 1868 789 1905 τύμϐῳ

95 1918 214 1954 Χριστὸς
228 1916 285 1953 ἔην.
301 1917 335 1944 15
353 1916 409 1943 Καὶ
422 1915 508 1948 ξεῖνος
522 1915 591 1950 ἀνὴρ
605 1916 653 1941 διτε
673 1916 760 1950 κῆπον
775 1913 889 1945 ὁδεύων,

95 1964 193 1996 Τίτττε,
209 1962 299 1997 γύναι,
323 1961 478 1996 στενάχειςς
494 1960 607 1995 κινυρὴν
627 1959 739 1996 ἐρέεινε,
753 1960 869 1993 γυναῖκα
881 1967 887 1973 ·

96 2009 175 2042 Εἰπὲ,
191 2008 217 2034 τί
235 2006 395 2043 μαστεύεις;
414 2006 508 2042 Μαρίη
522 2006 544 2032 δ’
559 2005 709 2040 ἐφθέγξατο
723 2005 825 2041 φωνήν,

102 2053 256 2088 Ἑλπομένη
271 2052 369 2088 κήποιο
387 2051 544 2087 φυτηκόμον
558 2050 643 2087 ἄνδρα
657 2050 762 2086 νοῆσαι·

97 2100 178 2134 212
186 2100 218 2125 Et
233 2099 265 2125 σὺ
273 2099 353 2125 νέκυν
366 2097 508 2132 ζοφόεντος
519 2097 666 2131 ἐκούφισας
676 2096 761 2123 ἔνδοθι
773 2096 887 2131 τύμϐου,

99 2146 215 2172 Ἔννεπε
232 2143 283 2171 ποῦ
300 2143 469 2179 μετέθηκας·
485 2142 541 2177 ἐγὼ
559 2143 588 2169 δέ
605 2151 650 2177 μιν
667 2141 742 2169 ἔνθεν
756 2142 850 2178 ἀείρω.

98 2192 132 2219 16
150 2190 256 2227 Ἰησοῦς
270 2190 293 2218 δ’
307 2189 476 2225 ἁπάμειπτο,
489 2188 559 2224 χέων
575 2188 699 2225 ἀρίδηλον
711 2187 786 2223 ίωὴν,

930 278 988 300 cem
1003 271 1090 299 lineas
1103 271 1295 299 animadvertit
1318 271 1445 305 tunicas;
1459 273 1474 299 ’1
1486 271 1520 299 Ει
1539 272 1639 308 capitis
1655 272 1715 299 cin-

930 317 1023 353 gulum
1041 325 1138 345 rursus
1164 317 1283 345 solutum
1296 325 1369 346 nexu
1384 318 1554 354 capillorum,
1570 318 1717 346 Sudarimn

930 363 1003 397 quod
1019 362 1089 390 dixit
1104 363 1237 399 Syrorum
1259 364 1398 399 popularis
1419 371 1482 397 vox,
1496 363 1555 392 Non
1577 363 1718 399 sepulcra-

930 409 1003 437 iibus
1012 409 1105 438 linteis
1118 409 1260 445 adjacens,
1270 410 1316 438 sed
1329 410 1496 446 duplicatum
1507 409 1658 445 Separatim
1671 416 1719 444 per

930 461 961 482 se
976 454 1139 487 involutum,
1153 454 1346 490 complicatum
1363 455 1391 482 in
1404 462 1460 482 uno
1480 454 1550 482 loco.
1565 454 1581 481 8
1600 453 1680 480 Venit
1692 458 1720 480 et

931 499 1007 534 prior
1022 499 1124 527 vadens
1135 499 1168 527 ad
1182 500 1337 535 sepulcrum
1353 500 1515 536 discipulus,
1530 499 1609 534 211
1623 497 1656 525 Et
1668 501 1721 525 tar-

931 544 984 572 dus
998 545 1072 573 venit
1095 544 1232 580 lapidibus
1260 546 1394 582 sculptam
1417 546 1488 574 intra
1505 545 1649 572 cavitatem
1664 552 1671 571 :
1688 543 1722 570 Et

933 591 1050 626 lapidem
1067 591 1197 620 mobilem
1227 593 1433 620 convenientem
1460 591 1584 627 voragini
1612 590 1721 623 tumuli,

934 636 1101 672 Expressum
1120 637 1309 666 fulcimentum
1333 638 1450 674 lapidosi
1466 638 1540 671 ostii,
1555 637 1588 664 Et
1609 636 1724 672 capillo-

934 690 996 710 rum
1012 683 1201 718 ligamentum,
1227 687 1254 712 et
1282 684 1441 712 indumenta
1457 683 1577 719 jacentia
1601 683 1628 710 in
1649 687 1723 709 terra

935 727 1025 762 Vidit;
1041 733 1068 757 et
1080 728 1195 757 credidit
1209 729 1281 765 quod
1296 729 1471 758 terrestribus
1482 737 1497 757 e
1511 729 1617 758 sinibus
1636 728 1725 756 Coele-

932 779 1003 802 slem
1020 774 1047 801 in
1065 775 1202 810 regionem
1219 775 1286 803 levis
1302 768 1428 803 mortuus
1444 774 1554 803 volavit.
1567 774 1583 801 9
1597 773 1724 801 Nondum

937 821 1012 848 enim
1035 820 1187 849 didicerant
1212 821 1266 850 duo
1284 822 1388 850 Christi
1409 822 1536 857 discipuli
1551 821 1629 853 Quod
1651 821 1726 848 celer

937 872 1000 901 post
1022 871 1138 896 mortem
1154 867 1319 896 irrcmeabili
1342 868 1401 896 solo
1416 868 1523 900 relicto,
1537 867 1577 895 Ad
1592 871 1649 895 tres
1666 866 1727 894 dies

937 912 1025 940 solum
1054 912 1227 941 excitabilem
1253 917 1378 941 somnum
1407 913 1559 944 dormiens.
1575 911 1668 939 lledux
1691 919 1726 939 ex

935 957 1053 985 mortuis
1065 957 1196 986 ascendet
1216 957 1244 984 in
1265 957 1365 985 caelum
1389 961 1538 990 astrorum,
1555 955 1726 984 lnevitabilis

935 1002 1032 1030 mortis
1044 1010 1142 1030 rursus
1160 1003 1249 1030 soluta
1261 1003 1370 1030 vincula
1384 1003 1560 1030 conculcans.
1576 1002 1609 1029 l0
1623 1001 1726 1029 Crebro

937 1051 1027 1076 autem
1046 1048 1215 1076 admirantes
1243 1053 1412 1084 spectatores
1436 1048 1516 1086 socii,
1538 1048 1684 1076 Instabiles
1698 1048 1728 1074 in

887 1093 889 1095 ’
934 1093 995 1122 suis
1022 1094 1202 1122 morabantur
1226 1093 1364 1127 domibus,
1390 1094 1515 1122 Tacitum
1540 1094 1728 1129 relinquentes

938 1147 992 1168 non
1008 1140 1126 1168 luctuosi
1152 1139 1284 1168 ambitum
1307 1140 1416 1168 tmnuli.
1434 1140 1465 1166 11
1483 1139 1640 1174 Μέιεειιιῖοηει
1662 1146 1728 1167 vero

937 1186 1143 1222 relinquebatur
1154 1186 1253 1214 mulier
1266 1186 1339 1221 apud
1346 1187 1503 1222 sepulcrum
1518 1186 1588 1220 sola,
1603 1185 1727 1213 Calidum

937 1232 1056 1261 fundens
1082 1232 1180 1267 ﬂebilis
1206 1233 1320 1261 imbrem
1347 1232 1436 1266 faciei,
1454 1232 1563 1269 Lugens
1580 1233 1728 1261 viventem.

937 1278 990 1306 Per
1005 1278 1172 1315 pellucidum
1187 1283 1278 1307 autem
1291 1279 1404 1312 ostium,
1418 1278 1486 1306 Cum
1503 1279 1592 1306 adhuc
1604 1278 1730 1313 deplora-

937 1329 980 1352 rct
993 1324 1151 1360 loquentem
1169 1328 1308 1352 mortuum
1324 1332 1408 1360 prope
1435 1325 1623 1357 cxsistentem,
1638 1325 1730 1360 Ango-

938 1369 1018 1396 licam
1034 1368 1229 1396 animadvertit
1241 1369 1462 1404 conjugationem
1482 1378 1489 1396 :
1507 1369 1541 1396 12
1559 1369 1643 1396 alium
1666 1370 1731 1404 qui-

937 1415 1011 1447 dem,
1027 1414 1055 1442 in
1067 1422 1175 1442 suntme
1192 1414 1336 1442 Dexterum
1352 1415 1507 1450 oppositum
1522 1423 1605 1450 super
1618 1415 1724 1443 Christi

938 1465 1032 1495 caput,
1048 1459 1226 1495 Splendorem
1237 1460 1407 1488 emittentem
1419 1468 1434 1487 ιι
1450 1460 1549 1488 divinis
1562 1461 1649 1488 oculis
1660 1468 1730 1496 pra:-

940 1506 996 1534 dita
1012 1506 1082 1534 facie
1099 1515 1107 1533 :
1123 1506 1215 1534 Alium
1230 1514 1306 1538 vero,
1331 1507 1431 1542 pedum
1454 1506 1488 1534 ad
1503 1506 1654 1542 regionem.
1683 1506 1731 1534 ubi

901 1566 924 1596 ρ
942 1556 1068 1580 mortuus
1093 1556 1152 1580 erat
1169 1552 1282 1586 tacitus,
1296 1551 1398 1581 Niveas
1415 1552 1552 1580 scintillas
1564 1552 1731 1586 iaculantem

941 1606 957 1625 ει
974 1598 1077 1626 tunica.
1098 1598 1133 1626 15
1146 1597 1262 1634 Utrique
1283 1598 1487 1634 interrogarunt
1509 1599 1582 1626 intra
1597 1599 1733 1626 tumulum

941 1644 1100 1672 mulierem:
1110 1645 1177 1677 Cur,
1190 1644 1298 1677 mulier,
1306 1645 1393 1680 gemis
1402 1644 1413 1672 ?
1421 1644 1505 1672 Maria
1515 1651 1581 1672 vero
1592 1644 1735 1680 respondit

942 1696 1068 1718 sermone
1083 1698 1089 1716 :
1104 1689 1183 1723 Quod
1199 1690 1310 1725 quidam
1322 1694 1447 1725 raptores
1463 1690 1515 1717 viri
1526 1698 1618 1717 meum
1632 1689 1733 1725 Regem

941 1735 1011 1761 clam
1027 1735 1160 1762 Nocturni
1188 1735 1358 1770 spoliarunt;
1380 1743 1430 1771 ego
1446 1743 1511 1764 vero
1538 1743 1593 1763 non
1618 1743 1733 1771 possunt

940 1779 1093 1815 intelligere
1106 1779 1167 1812 Quo
1179 1780 1269 1815 ipsum
1291 1784 1533 1815 transposnerunt.
1550 1780 1584 1806 ﬂ
1595 1780 1733 1808 Conversa

942 1833 1005 1853 vero
1025 1825 1070 1852 illa
1081 1824 1176 1853 Jesum
1198 1826 1394 1854 animadvertit
1407 1833 1488 1861 quem
1504 1826 1615 1860 lugebat
1633 1835 1640 1853 :
1656 1830 1734 1853 stan-

942 1874 1051 1905 temque
1066 1870 1153 1903 Vidit,
1163 1875 1190 1898 et
1204 1878 1259 1898 non
1274 1871 1402 1906 cognovit
1415 1871 1488 1906 quod
1512 1870 1634 1897 divinum
1659 1870 1732 1905 apud

943 1914 1078 1941 tumulum
1092 1914 1220 1942 Christus
1236 1920 1320 1942 esset.
1337 1914 1371 1941 15
1385 1914 1417 1942 Ει
1430 1915 1590 1950 peregrinus
1602 1915 1681 1950 quasi
1692 1916 1733 1942 vir

943 1959 1052 1986 hortum
1063 1959 1227 1994 pervadens,
1238 1959 1322 1992 Quid.
1337 1960 1446 1993 mulier,
1457 1959 1566 1994 ploras?
1578 1959 1733 1987 luctuosam

949 2005 1127 2040 interrogavit
1149 2006 1292 2033 mulierem
1309 2014 1317 2032 ι
1340 2005 1400 2037 Dic,
1420 2005 1487 2040 quid
1507 2005 1628 2040 quaeris?
1647 2004 1734 2032 Maria

943 2055 1034 2079 autem
1047 2052 1140 2079 sonuit
1156 2059 1262 2083 vocem,
1279 2052 1383 2080 Putans
1398 2059 1428 2079 se
1450 2051 1523 2079 horti
1545 2055 1665 2080 sutorem
1691 2051 1734 2079 vi-

943 2105 1003 2124 rum
1018 2097 1127 2125 videre:
1146 2098 1226 2133 213
1251 2097 1280 2125 Si
1293 2101 1322 2124 tu
1350 2101 1488 2124 mortuum
1506 2097 1657 2132 caliginoso
1678 2097 1736 2124 elc—

942 2143 1013 2170 vasti
1034 2151 1066 2170 ex
1084 2143 1220 2178 sepulcro,
1242 2143 1289 2170 Dic
1304 2151 1359 2178 quo
1383 2142 1593 2178 transposuisli;
1607 2150 1656 2177 ego
1669 2149 1734 2169 vero

942 2188 1032 2222 ipsum
1043 2188 1107 2216 inde
1115 2187 1218 2216 tollam.
1234 2188 1268 2216 16
1279 2187 1360 2216 Jcsus
1375 2195 1441 2216 vero
1453 2188 1604 2224 respondit,
1616 2187 1734 2215 fundens

698 2265 840 2294 TEXTUS
855 2265 1119 2294 EVANGELISTIE.

96 2343 146 2371 καὶ
163 2341 288 2377 εἰσῆλθεν
301 2341 341 2373 εἰς
359 2339 389 2367 τὸ
405 2340 548 2375 μνημεῖον,
562 2339 609 2366 καὶ
630 2339 729 2374 θεωρεῖ
747 2338 781 2365 τὰ
797 2338 889 2365 ὀθόνια
906 2341 927 2367 ι)
944 2339 996 2370 σὶν,
1011 2339 1078 2365 ὅπου
1096 2338 1185 2364 ἔκειτο
1197 2338 1228 2364 τὸ
1241 2339 1320 2373 σῶμα
1339 2338 1386 2365 τοῦ
1403 2339 1502 2374 Ἰησοῦ.

97 2385 224 2413 κείμενα.

133 2394 224 2453 ripis;-
235 2425 266 2451 τὸ
283 2422 423 2459 σουδάριον
440 2422 454 2449 ὃ
469 2420 503 2458 ἦν
517 2421 563 2448 ἐπὶ
581 2422 631 2457 τῆς
656 2421 777 2457 κεφαλῆς
795 2421 890 2454 αὐτοῦ,

97 2468 129 2494 οὐ
142 2467 213 2504 μετὰ
230 2466 283 2492 τῶν
306 2464 417 2492 ὀθονίων
432 2464 568 2499 κείμενον,
588 2463 657 2491 ἀλλὰ
676 2464 760 2498 χωρὶς
781 2464 890 2490 ἐντετυ-

98 2509 228 2545 λιγμένον
245 2510 285 2540 εἰς
303 2507 352 2534 ενα
364 2506 455 2534 τόπον.

134 2553 151 2580 8
165 2551 233 2578 Τότε
246 2549 293 2578 οὖν
314 2549 422 2585 εἰσῆλθε
441 2548 489 2576 καὶ
509 2549 523 2575 ό
537 2548 615 2579 ἄλλος
630 2547 754 2582 μαθητὴς
770 2548 784 2574 ὁ
805 2546 890 2573 ἐλθὼν

98 2594 209 2629 πρῶτος
222 2593 261 2623 είς
273 2591 304 2619 τὸ
322 2592 466 2627 μνημεῖον,
481 2590 528 2617 καὶ
547 2588 612 2623 εἶδε,
624 2589 672 2616 καὶ
683 2589 855 2617 ἐπίστευσεν·

134 2635 151 2663 9
165 2634 279 2661 Οὐδέπω
295 2633 350 2669 γὰρ
362 2633 473 2668 ᾔδεισαν
486 2632 535 2668 τὴν
554 2632 677 2667 Γραφὴν,
701 2631 742 2658 ὅτι
759 2630 800 2657 δεῖ
811 2629 892 2657 αὐτὸν

97 2678 132 2704 lx
143 2675 249 2712 νεκρῶν
264 2675 424 2710 ἀναστῆναι.

135 2719 170 2746 10
191 2717 326 2753 ’Λπῆλθον
345 2715 392 2744 οὖν
407 2716 487 2744 πάλιν
506 2715 574 2751 πρὸς
592 2713 705 2745 ἑαυτοὺς
721 2714 746 2740 οἱ
760 2713 890 2749 μαθηταί.

135 2761 166 2788 11
186 2760 281 2795 Μαρία
296 2759 324 2786 δὲ
339 2759 458 2794 εἱστήκει
472 2757 540 2794 πρὸς
557 2757 589 2783 τὸ
606 2757 737 2791 μνημεῖον
762 2755 894 2782 κλαίουσα

99 2801 162 2835 εξω.
185 2802 229 2832 ὀς
245 2798 291 2828 οὖν
305 2800 408 2831 ἔκλαιε,
423 2799 581 2840 παρέκυψεν
595 2799 634 2830 εἰς
645 2798 679 2840 τὸ
696 2798 846 2840 μνημεῖον*

136 2842 239 2870 12Καὶ
259 2841 357 2877 θεωρεῖ
376 2840 424 2867 δύο
446 2837 578 2875 ἄγγέλους
594 2840 623 2866 tv
644 2839 760 2870 λευκοῖς,
777 2837 892 2869 1:05:0—

102 2885 211 2922 μένους,
226 2884 276 2910 ἱνα
297 2881 365 2918 πρὸς
379 2883 413 2918 τῇ
429 2882 545 2918 κεφαλῇ,
559 2882 606 2909 καὶ
621 2881 668 2908 ἕνα
681 2880 750 2917 πρὸς
770 2880 827 2912 τοῖς
842 2887 891 2906 πο-

979 2387 1014 2413 13
1029 2387 1085 2413 Καὶ
1099 2385 1224 2420 λέγουσιν
1241 2387 1309 2422 αὐτῇ
1330 2387 1429 2414 ὲκείνοι
1439 2394 1445 2400 ·
1464 2384 1556 2418 Γύναι,
1572 2387 1598 2413 τί
1614 2386 1734 2419 κλαίεις;

943 2428 1025 2462 Λέγει
1051 2429 1157 2460 αὐτοῖς·
1175 2429 1236 2455 ὀτι
1251 2426 1322 2463 ἦραν
1347 2428 1392 2455 τὸν
1407 2427 1510 2463 Κύριόν
1533 2436 1595 2463 μου,
1614 2428 1660 2455 καὶ
1685 2429 1735 2455 οὐκ

943 2468 1003 2497 οἶδα
1019 2470 1070 2497 ποῦ
1083 2470 1184 2506 ἔθηκαν
1195 2471 1286 2498 αὐτόν.

980 2523 1014 2550 14
1029 2523 1085 2550 Καὶ
1098 2523 1184 2550 ταῦτα
1196 2523 1320 2553 εἰποῦσα,
1335 2523 1458 2560 ἐστράφη
1474 2525 1514 2556 εἰς
1532 2524 1567 2551 τὰ
1577 2525 1675 2557 ὀπίσω,
1689 2527 1736 2552 καὶ

944 2564 1043 2600 θεωρεῖ
1055 2565 1102 2592 τὸν
1119 2564 1222 2601 Ἰησοῦν
1244 2564 1365 2591 ἑστῶτα·
1382 2565 1429 2592 καὶ
1444 2566 1494 2593 οὐκ
1515 2566 1574 2602 ᾔδει
1595 2567 1636 2594 ὅτι
1649 2568 1663 2594 ό
1683 2567 1736 2603 ’1η-

945 2607 1008 2639 σοῦς
1023 2608 1092 2634 ἐστι.

980 2659 1014 2686 15
1029 2659 1110 2693 Λέγει
1127 2660 1196 2695 αύτῇ
1211 2661 1225 2686 ό
1243 2659 1363 2695 Ἰησοῦς·
1376 2660 1469 2693 Γύναι,
1489 2661 1516 2687 τί
1539 2661 1661 2693 κλαίεις;
1677 2661 1737 2687 τίνα

945 2701 1054 2736 ζητεῖς;
1070 2701 1189 2737 Ἐκείνη,
1204 2701 1322 2729 δοκοῦσα
1341 2702 1382 2729 ὅτι
1394 2703 1408 2728 ὀ
1419 2702 1556 2737 κηπουρός
1574 2703 1643 2733 ἐστι,
1662 2701 1737 2734 λέγει

945 2742 1035 2778 αὐτῷ·
1052 2742 1149 2778 Κύριε,
1168 2744 1192 2770 εἰ
1211 2744 1244 2771 σὺ
1263 2743 1417 2776 ἐῦάστασας
1433 2744 1525 2775 αὑτὸν,
1543 2743 1604 2771 είπέ
1617 2751 1662 2777 μοι
1685 2741 1737 2768 ποῦ

945 2785 1026 2812 αὑτὸν
1038 2784 1141 2820 ἔθηκας
1150 2793 1157 2800 ·
1177 2784 1255 2819 κάγὼ
1268 2785 1349 2812 αὑτὸν
1361 2785 1429 2822 ἀρῶ.

981 2837 1015 2865 16
1035 2837 1116 2872 Λέγει
1131 2837 1200 2873 αὐτῇ
1215 2839 1229 2864 ὸ
1249 2838 1365 2873 Ἰησοῦς·
1381 2838 1485 2873 Μαρία.
1498 2835 1650 2871 Στραφεῖσα
1662 2835 1736 2862 ὲκείο

946 2888 979 2915 νη
993 2879 1066 2915 λέγει
1081 2878 1171 2915 αὐτῷ·
1191 2879 1344 2913 'l‘a66ouv‘t,
1361 2879 1376 2905 ὃ
1393 2879 1500 2913 λέγεται
1518 2877 1671 2904 διδάσκαλε.
