1953 3040
219 154 267 183 9N

835 147 940 177 NONNI
957 147 1209 178 PANOPDLITANI

1795 146 1850 175 9!!

221 211 297 240 valde
316 208 488 237 manifestam
502 215 608 240 vocem.
621 206 654 234 Et
671 206 817 235 clamavit:
834 207 927 235 Maria.
937 207 1010 236 Con-

1077 207 1250 243 Lal,Maptap.
1265 207 1371 242 ἰάχησε.
1387 205 1630 242 Μεταστρεφθεῖσα
1645 203 1668 232 δ’
1684 203 1776 240 ἐκείνη
1787 225 1795 236 ,

220 264 297 285 versa
311 255 366 287 illa,
383 254 522 290 Magister,
542 254 620 282 dixit.
636 253 668 280 Π
689 253 761 281 Deus
774 257 864 281 autem
878 254 1008 289 repressit

219 302 361 329 mulierem
381 300 525 327 Dexteram
553 300 690 327 volentem
708 299 856 327 immortali
875 299 944 327 vesli
958 300 1008 326 ad-

216 347 331 383 jungerc
349 357 354 374 :
370 347 402 374 Et
414 346 439 374 ei
451 347 563 373 verbum
578 346 648 373 dixit
663 355 670 373 :
693 344 780 373 Meam
798 353 852 373 non
872 349 952 381 tange
963 349 1007 371 tu-

218 394 320 421 nicam.
340 392 466 420 Nondum
481 392 553 419 enim
569 395 630 426 post
644 396 759 419 mortem
778 391 812 418 ad
832 399 922 418 meum
941 389 1008 418 redii

218 438 325 465 Patrem
341 446 346 464 :
366 436 419 465 Sed
438 436 568 464 fratribus
585 436 653 463 meis
672 435 717 462 die
731 435 885 470 discipulis,
899 434 939 462 Ad
957 433 1010 460 Pa-

221 489 288 511 trem
306 490 395 510 meum
417 482 498 513 vado,
515 485 541 509 et
554 484 674 508 vestrum
686 479 793 508 Patrem
804 489 812 514 ;
822 479 861 507 ‘Et
876 479 909 507 ad
923 478 1008 507 Deum

218 531 352 559 vestrum,
370 531 397 554 et
411 533 502 554 meum
517 524 613 559 Deum,
632 531 730 552 rursus
744 525 834 552 venio.
853 523 887 551 18
904 523 937 551 Et
955 523 1010 550 Ma-

219 573 259 601 ria
274 572 394 604 volabat,
413 576 440 599 et
454 571 581 599 undecim
609 570 773 598 testiﬁcante
788 577 855 598 voce
877 568 1010 597 Omnibus

219 618 466 647 contubernalibus
487 617 600 644 verbum
619 615 834 643 communicavit
853 614 1009 650 discipulis,

219 664 298 698 Quod
313 664 435 692 terrestri
448 663 580 690 nudatum
592 661 722 689 membris
731 669 746 689 a
760 661 853 689 tunica
870 661 1010 689 Christum

219 711 335 738 vidisset
349 709 534 745 splendentem
545 716 559 736 a
577 708 632 736 Deo
643 708 767 736 laborato
786 707 905 743 quodam
917 707 1011 742 pallio,

221 753 254 781 Et
268 755 291 782 ei
309 754 378 782 dixit
391 754 447 781 haac
459 753 562 785 omnia,
578 752 695 780 fundens
710 752 866 788 oppositum
883 751 1012 787 splendo-

225 809 295 828 rem.
316 801 350 828 19
367 800 399 827 Et
414 800 572 828 umbrosam
589 799 699 834 quando
708 803 808 826 terram
824 802 908 826 totam
923 798 1013 833 nigre-

221 847 322 874 fecemt
337 846 435 881 caligo,
449 845 554 872 lmmoti
566 849 593 872 et
610 845 683 872 fores
698 843 891 871 concluserant
909 846 1011 875 vectes,

1064 254 1219 287 Ῥαϐΰουνὶ,
1237 253 1373 286 κατέλεξε.
1390 253 1421 280 Π
1437 253 1503 284 Θεὸς
1517 253 1538 278 δ’
1553 251 1667 286 ἀνέκοψε
1680 251 1798 285 γυναῖκα

1058 299 1204 336 Δεξιτερήν
1220 299 1370 335 μέλλουσαν
1380 299 1409 331 ἐς
1427 298 1564 334 ἄμϐροτον
1581 294 1647 332 εἷμα
1659 296 1811 323 πελάσσαι·

1059 344 1113 371 Καί
1126 346 1150 371 οί
1165 345 1250 380 μῦθον
1264 345 1354 377 ἔλεξεν
1363 354 1370 362 ·
1393 344 1482 379 Ἐμῶν
1497 343 1534 378 μὴ
1545 343 1616 378 ψαῦε
1627 341 1748 378 χιτώνων
1761 349 1768 355 ’

1059 391 1142 418 Οὔπω
1153 391 1206 426 γὰρ
1221 390 1291 426 μετὰ
1303 391 1405 426 πότμον
1421 389 1479 425 ὲμῷ
1493 390 1611 424 νόστησα
1624 386 1724 422 Τοκῆἷ·

1066 435 1147 462 Ἀλλὰ
1161 435 1364 471 κασιγνήτοισιν
1381 435 1457 470 ἐμοῖς
1473 434 1586 469 ἀγόρευε
1599 432 1743 468 μαθηταῖς,

1061 481 1133 517 Πρὸς
1147 481 1262 517 Γενὲτην
1277 479 1344 516 έμδν
1361 478 1430 516 εῐμι,
1446 480 1493 506 καὶ
1510 479 1640 515 ὑμέτερον
1651 477 1799 512 Γενετῆρα·

1060 528 1115 554 Kal
1128 527 1194 553 Θεὸν
1211 526 1324 561 ὑμείων,
1345 526 1394 552 xal.
1406 525 1472 561 ὲμδν
1484 524 1560 556 Θεὸν.
1574 522 1651 554 αὖτις
1663 522 1761 550 ἱκάνω.

1062 572 1095 599 18
1107 571 1163 599 Kal.
1175 570 1292 606 Μαριὰμ
1307 570 1454 606 πεπότητο,
1470 569 1517 597 καὶ
1529 569 1625 596 ἕνδεκα
1643 567 1763 603 μάρτυρι
1775 565 1852 600 φωνῇ

1060 618 1147 645 ΠΞσιν
1161 616 1356 652 ὐπωροφίοισιν
1375 615 1439 648 ἔπος
1457 615 1558 648 ξύνωσε
1575 613 1719 650 μαθηταῖς,

1063 664 1141 690 Ὄττι
1158 662 1335 698 μεταχθονίου
1347 659 1522 697 γυμνούμενα
1537 660 1600 694 γυῖα
1610 658 1734 694 χιτῶνος,

1061 708 1178 745 Χριστὸν
1193 708 1232 734 ῐδε
1250 707 1392 734 πίλὸοντα
1403 706 1547 742 θεοχμήτῳ
1558 706 1611 732 τινὶ
1626 703 1732 738 πέπλῳ,

1061 754 1116 781 Kal
1131 754 1156 780 οί
1172 753 1225 789 ἔφη
1237 753 1300 780 τάδε
1318 752 1418 786 πάντα,
1433 753 1503 788 χέων
1522 751 1657 779 ἀντώπιον
1671 749 1781 784 αἴγλην.

1062 799 1095 826 l9
1112 799 1167 826 Kal.
1180 799 1292 835 σκιερὴν
1315 798 1359 826 ὅτε
1374 799 1454 834 γαῖαν
1471 798 1535 834 ὃλην
1551 797 1691 833 ὲμέλαινεν
1706 794 1818 831 ὁμίχλη,

1068 843 1204 876 Ἀκλινέες
1215 843 1244 870 δὲ
1259 842 1378 879 θύρετρα
1395 843 1591 878 συνεχλήῖσσαν
1605 842 1695 878 ὀχῆες,

222 891 273 919 Ubi
301 891 492 918 delitescentes
516 889 759 917 commorabantur
773 887 912 922 discipuli,
934 886 1012 914 Sicut

1077 889 1181 917 οππόθι
1195 889 1363 924 φωλεύοντες
1379 889 1550 921 ὲναυλίζοντο
1563 889 1694 924 μαθηταὶ,

221 937 264 963 ala
279 936 319 963 vel
333 935 473 971 cogitatio,
487 934 613 962 sublimis
628 934 657 961 in
675 932 764 961 medio
792 933 879 965 stetit,
898 932 1012 960 Cinctus

221 981 314 1013 sociis,
325 985 352 1008 et
366 980 436 1008 dixit
452 978 632 1008 :‘Communis
646 978 722 1006 vobis
741 977 808 1005 Pax.
825 977 860 1004 20
876 976 909 1004 Et
920 977 1013 1012 inspe-

221 1031 310 1055 ratum
328 1027 441 1054 verbum
458 1026 540 1053 breve
553 1025 605 1052 hoc
613 1024 746 1056 clamans,
760 1022 921 1051 Monstravit
929 1022 1013 1058 pedes

219 1077 248 1100 et
264 1080 361 1100 manus
379 1071 462 1099 simul
478 1070 653 1106 congregatis
668 1068 812 1105 discipulis
829 1068 914 1097 Clavo
928 1067 1013 1104 traje-

221 1110 291 1147 ctas.
307 1122 333 1145 et
351 1117 423 1144 latus
444 1123 540 1144 recens
553 1115 743 1147 vulneratum;
760 1121 823 1142 sero
837 1118 1013 1149 apparentem

223 1167 313 1190 autem
331 1162 475 1190 Dominum
490 1160 616 1188 videntes
636 1159 720 1187 la-tati
736 1164 802 1187 sunt
822 1166 918 1186 rursus
933 1158 1012 1186 socii.

221 1209 253 1236 2|
275 1208 307 1236 Et
325 1207 393 1243 ipsis
409 1207 466 1235 llex
483 1205 553 1234 dixit
569 1206 668 1233 iterum
681 1204 767 1233 celeri
782 1211 929 1231 sermone:
957 1202 1014 1230 Pax

228 1261 328 1281 rursus
355 1252 458 1279 vobis:
483 1254 511 1278 et
531 1251 602 1278 sicut
632 1249 797 1284 quadriiugo
823 1248 927 1276 mundo
941 1247 1015 1276 Misit

226 1306 306 1326 meus
318 1297 402 1325 l’atcr
421 1304 475 1329 me,
485 1299 512 1323 et
526 1295 644 1330 vosipse
661 1294 749 1321 mitto.
764 1294 800 1320 22
811 1293 884 1321 Dixit
901 1301 909 1320 :
924 1298 952 1320 et
965 1293 1016 1320 im-

224 1344 352 1373 mortalis
366 1343 423 1371 oris
435 1341 529 1369 natum
543 1340 671 1374 tendens,
691 1339 776 1367 Lahia
800 1339 928 1375 aperiens
944 1339 1016 1366 vita-

225 1391 272 1423 lia,
302 1389 371 1417 dixit
387 1387 549 1423 discipulis:
573 1386 705 1422 Spiritum
727 1390 854 1413 sanctum
881 1384 1015 1419 accipite:

223 1436 261 1464 23
279 1440 306 1464 et
320 1441 436 1471 quorum
454 1433 595 1461 hominum
617 1432 644 1459 in
665 1435 737 1459 terra
754 1430 922 1466 lmpietatem
937 1430 1018 1457 dimi-

225 1482 328 1514 seritis,
343 1482 371 1509 in
400 1481 456 1508 vita
482 1486 580 1508 errans
610 1485 681 1506 onus
704 1477 888 1508 necessitatis,
909 1475 1017 1504 Peccati

225 1528 364 1557 oblivione
383 1527 482 1558 deleta,
507 1525 629 1553 ccelestis
663 1524 764 1552 solutio
796 1523 867 1556 erit;
893 1523 1016 1556 Quorum

1069 936 1114 968 Ὠς
1132 935 1232 972 πτερὸν
1247 936 1279 972 ήὲ
1294 935 1384 972 νόημα
1405 936 1553 972 μετάρσιος
1567 936 1606 966 είς
1620 935 1702 971 μέσον
1718 934 1784 969 ἔστη

1063 981 1218 1017 Μιτρωθεὶς
1231 981 1363 1017 ἑτάροισι,
1381 981 1428 1008 καὶ
1442 981 1552 1008 ἔννεπε·
1566 981 1700 1016 Σύννομος
1716 980 1781 1015 ὑμῖν

1063 1027 1178 1063 Εἰρήνη.
1192 1026 1228 1054 20
1240 1026 1296 1053 Kal.
1310 1026 1426 1053 ἄελπτον
1436 1025 1501 1058 ἔπος
1516 1024 1602 1061 βραχὺ
1616 1023 1696 1051 τοῦτο
1706 1023 1820 1060 βοήσας,

1063 1071 1139 1104 Δείξε
1156 1071 1242 1103 πόδας
1255 1071 1302 1098 καὶ
1318 1071 1414 1106 χεῖρας
1429 1070 1615 1106 ὀμηγυρέεσσι
1631 1069 1768 1105 μαθηταῖς

1069 1116 1248 1149 Ἦλοτύπους,
1264 1116 1384 1152 πλευρήν
1400 1124 1431 1142 τε
1451 1115 1608 1142 νεούτατον·
1624 1114 1745 1150 ὀψιφανῆ
1758 1114 1789 1141 δὲ

1065 1163 1199 1199 Κοίρανον
1213 1162 1383 1198 ἀθρήσαντες
1398 1161 1510 1197 ἐγήθεον
1526 1158 1603 1192 αὖθις
1618 1161 1732 1196 ἑταῖροι.

1064 1209 1096 1236 21
1114 1208 1169 1236 Καί
1185 1217 1248 1242 σφιν
1263 1207 1348 1240 ’Δναξ
1359 1207 1474 1242 ἀγόρευε
1488 1206 1644 1242 τοδεύτερον
1655 1206 1712 1239 ὀξέϊ
1726 1205 1804 1241 μύθῳ
1813 1212 1822 1220 ⁸

1065 1255 1167 1291 Εἰρήνη
1182 1254 1264 1281 πάλιν
1281 1253 1369 1290 ὔμμι·
1383 1252 1431 1280 καὶ
1444 1253 1482 1284 ὡς
1496 1252 1644 1288 τετράζυγι
1655 1252 1751 1287 κόσμῳ

1066 1300 1180 1336 Πέμψεν
1193 1299 1259 1336 ἐμὸς
1276 1299 1392 1334 Γενέτης
1408 1307 1453 1334 με,
1469 1299 1516 1325 καὶ
1529 1298 1615 1334 ὑμέας
1626 1298 1707 1330 αὐτὸς
1720 1297 1812 1324 ἱάλλω.

1065 1344 1102 1372 22
1112 1343 1180 1372 Εῐπε
1188 1364 1195 1376 ,
1205 1344 1253 1371 καὶ
1267 1343 1425 1380 ἀμϐροσίων
1439 1342 1583 1378 στομάτων
1594 1342 1708 1378 φύσημα
1720 1340 1856 1374 τιταίνων,

1067 1390 1160 1422 Χετλος
1178 1389 1336 1422 ἀναπτύξας
1356 1389 1505 1424 βιοτήσιον,
1521 1386 1581 1414 εἷπε
1600 1387 1752 1423 μαθηταὶς·

1073 1436 1168 1470 ’Δγνὸν
1181 1435 1294 1471 Πνεῦμα
1304 1434 1415 1470 δέχεσθε
1426 1443 1432 1450 ·
1445 1434 1482 1461 25
1495 1434 1541 1461 καὶ
1551 1431 1589 1461 ὧν
1602 1433 1728 1470 μερόπων
1739 1432 1781 1460 ἐνὶ
1795 1432 1858 1468 γαίῃ

1069 1481 1218 1517 Δυσσεσίην
1229 1480 1342 1516 ἀφέητε,
1361 1480 1505 1516 βιοπλανὲς
1520 1479 1603 1515 ἄχθος
1619 1479 1752 1515 ἀνάγκης,

1075 1524 1246 1560 ’Δμπλακίης
1260 1525 1399 1561 ἀμνηστος
1416 1524 1566 1560 ὲπουρανίη
1581 1523 1658 1556 λύσις
1667 1524 1743 1550 ἔσται
1752 1531 1760 1539 ⁸

225 1582 292 1603 vero
302 1581 400 1602 mrsus
411 1571 554 1600 tenueritis
563 1571 703 1598 hominum
718 1569 897 1604 peccatricem
906 1575 1015 1600 noxam,

1077 1568 1119 1597 Ὧν
1134 1571 1163 1597 δὲ
1175 1570 1257 1598 πάλιν
1271 1570 1415 1606 κρατέοιτε
1431 1569 1535 1605 βροτῶν
1549 1569 1687 1605 ἀλιτήριον
1701 1569 1780 1605 ἀτην,

226 1619 310 1655 214
320 1619 408 1654 Opera
425 1618 488 1645 vitae
507 1617 626 1644 errantis
652 1619 764 1643 manent
783 1614 865 1650 ligata
895 1613 1016 1641 vinculo.

223 1664 258 1692 24
267 1664 484 1692 Thomasautem
493 1663 568 1690 intus
576 1661 723 1689 latentibus
730 1661 823 1688 deerat
831 1660 907 1688 solus
921 1659 1016 1692 sociis,

227 1709 342 1737 Vicinus
360 1708 469 1744 quando
488 1708 522 1734 ad
538 1714 633 1734 omnes
651 1713 700 1742 per
722 1713 814 1734 aerem
831 1705 906 1733 venit
922 1704 1016 1737 Iesus,

227 1756 360 1783 Dominus
376 1762 425 1790 per
440 1760 521 1781 auras
538 1753 692 1783 ambulans.
714 1759 770 1779 non
785 1750 957 1779 testiﬁcalam
974 1758 1018 1778 sc-

228 1801 321 1829 mitam
331 1801 469 1827 alternans
487 1808 493 1826 :
511 1798 547 1826 25
562 1798 595 1826 Et
609 1798 633 1826 ei
648 1800 818 1833 spectatores
832 1796 962 1824 dixerunt
979 1795 1019 1823 dl-

228 1847 326 1882 scipuli
347 1844 492 1873 Dominum
513 1843 587 1879 quod
609 1843 760 1876 vidissent;
782 1842 827 1870 ille
843 1849 909 1869 vero
927 1841 1018 1869 audax

228 1893 329 1920 labium
343 1890 479 1926 aperiens,
498 1889 570 1916 Dixit
585 1896 739 1917 sermonem
757 1887 941 1920 incredulum,
953 1888 1018 1923 quia

228 1939 307 1966 tardo
322 1938 354 1965 ad
371 1940 474 1964 motum
490 1936 575 1963 verbo
587 1934 749 1963 Testimonii
770 1934 916 1961 inllexilcm
942 1941 1017 1969 quaa-

228 1983 306 2010 rebat
317 1982 449 2016 majorem
468 1980 674 2016 persuasionem
686 1987 694 2008 :
707 1977 766 2006 Nisi
778 1986 877 2005 manus
899 1978 1017 2010 videam,

229 2026 395 2064 profundum
412 2031 502 2054 autem
531 2026 604 2054 I'erro
620 2024 718 2053 Fixero
741 2024 857 2060 digitum
880 2031 1018 2051 summum

229 2077 311 2102 acute
325 2073 438 2101 llxorum
459 2072 486 2099 in
501 2076 595 2108 typum
620 2070 760 2098 clavorum
770 2090 777 2102 ,
793 2068 825 2097 Et
841 2077 952 2096 manum
971 2076 1019 2096 ca-

1071 1617 1097 1652 2
1103 1616 1154 1652 15
1173 1617 1262 1651 Ἔργα
1270 1616 1328 1652 βίου
1338 1616 1482 1652 σφαλεροῖο
1490 1615 1565 1651 μένει
1575 1615 1678 1651 πεπεδη
1682 1615 1750 1651 μένα
1758 1614 1859 1650 δεσμῷ.

1071 1661 1107 1689 24
1124 1662 1225 1697 Θωμᾶς
1235 1662 1258 1688 δ’
1270 1662 1426 1698 ένδομὺχων
1439 1660 1602 1688 ἀπελείπετο
1617 1661 1715 1696 μοῦνος
1734 1661 1860 1697 ἑταίρων,

1077 1707 1241 1743 ’Δγχιφανὴς
1252 1708 1297 1734 ὅτε
1310 1708 1377 1735 πᾶσι
1395 1708 1430 1734 δι’
1442 1707 1523 1744 ἠέρος
1535 1706 1617 1744 ἦλθεν
1640 1706 1756 1742 Ἰησοῦς,

1071 1753 1205 1789 Κοίρανος
1219 1754 1406 1788 ήνεμόφοιτος,
1424 1753 1582 1790 ἀμάρτυρον
1594 1751 1671 1788 οἷμον
1685 1752 1810 1788 ἀμείϐων
1819 1761 1827 1768 ’

1071 1798 1108 1825 25
1126 1799 1180 1825 Καί
1193 1799 1218 1825 οἱ
1234 1799 1418 1836 ὁπιπευτῆρες
1429 1799 1631 1834 ὲπεφθέγξαντο
1647 1798 1778 1834 μαθηταὶ,

1072 1844 1205 1880 Κοίρανον
1217 1845 1255 1877 ὡς
1270 1844 1386 1880 ἐνόησαν
1395 1853 1402 1861 ·
1421 1845 1435 1872 ὁ
1449 1845 1477 1871 δὲ
1491 1844 1576 1881 θρασὺ
1589 1844 1678 1880 χεῖλος
1690 1843 1809 1877 ἀνοίξας,

1074 1890 1190 1917 Ἔννεπε
1207 1890 1292 1926 μῦθον
1306 1891 1430 1922 ἄπιστον,
1447 1891 1508 1918 ἐπεὶ
1521 1890 1671 1927 βραδυδινέῖ
1687 1890 1765 1926 μύθῳ

1073 1936 1236 1972 Μαρτυρίης
1251 1936 1411 1972 ἄγναμπτον
1428 1937 1529 1969 ὲδίζετο
1544 1936 1655 1972 μείζονα
1668 1935 1766 1968 πειθὼ,

1073 1981 1106 2007 El
1123 1980 1160 2016 μή
1173 1981 1267 2016 χεῖρας
1282 1981 1375 2017 ἴδοιμι,
1390 1981 1571 2017 βαθυνόμενόν
1583 1990 1612 2008 τε
1631 1981 1732 2017 σιδήρῳ

1074 2025 1156 2060 Πήεω
1170 2025 1301 2053 δάκτυλον
1315 2027 1399 2063 ἀκρον
1416 2028 1445 2058 ἐς
1457 2027 1591 2063 ὸξυτόρων
1603 2027 1687 2054 τύπον
1701 2027 1784 2063 ἥλων,

1074 2070 1130 2097 Kal
1143 2070 1272 2107 παλάμην
1286 2071 1436 2108 γλαφυροῖο
1453 2073 1524 2100 κατὰ
1536 2072 1661 2108 πλευροῖο
1674 2073 1811 2107 πελάσσω,

837 2125 979 2155 TEXTUS
1000 2126 1261 2156 EVANGELISTA‘I.

266 2187 300 2214 l7
318 2185 399 2220 Λέγει
414 2185 482 2220 αὐτῇ
493 2183 616 2219 ὁῚησοῦς
625 2192 632 2199 ·
647 2184 692 2218 Μή
705 2192 756 2219 μου
768 2184 870 2224 ἆπτουν·
881 2182 957 2209 οὓπω
967 2183 1023 2218 γὰρ
1038 2185 1060 2212 ι)
1075 2183 1166 2216 καθὼς
1179 2184 1334 2212 ἀπέσταλκά
1352 2194 1385 2220 με
1398 2187 1412 2213 ό
1425 2187 1530 2223 Πατὴρ,
1545 2187 1622 2222 κάγὼ
1639 2188 1741 2224 πέμπω
1752 2189 1831 2224 ὑμᾶς.

229 2227 387 2261 ἀναῦέϐηκα
406 2225 474 2261 πρὸς
494 2225 539 2251 τὸν
557 2225 667 2260 Πατέρα
693 2233 761 2260 μου⁸
779 2223 895 2260 πορεύου
910 2224 938 2250 δὲ
955 2224 1023 2259 πρὸς

229 2270 293 2300 τοὺς
305 2266 435 2301 ἀδελφούς
449 2275 509 2302 μου,
529 2265 576 2292 καὶ
590 2265 651 2292 εἰπὲ
667 2266 758 2297 αὐτοῖς
767 2273 774 2280 ·
794 2264 943 2292 Ἀναϐαίνω
954 2264 1023 2300 πρὸς

230 2310 276 2336 τὸν
292 2308 402 2355 Πατέρα
420 2315 471 2342 μου
483 2307 531 2334 καὶ
546 2306 654 2342 Πατέρα
672 2306 760 2341 ὑμῶν,
772 2306 817 2332 καὶ
831 2305 896 2332 Θεόν
913 2314 964 2340 μου
976 2306 1024 2332 καὶ

231 2350 301 2418 9ιῖἺὲ
311 2358 450 2426 Ἒξξὲται
467 2389 562 2426 Μαρία
587 2390 605 2425 ἡ
624 2388 790 2424 Μαγδαληνὴ
813 2388 1024 2423 ἀπαγγέλλουσα

188 2437 202 2441 ·’
231 2433 288 2463 τοῖς
302 2431 436 2467 μαθηταῖς
448 2431 490 2458 ὃτι
504 2430 610 2466 ἑώρακε
624 2429 669 2457 τὸν
687 2429 801 2463 Κύριον,
816 2430 864 2456 καὶ
879 2429 967 2456 ταῦτα
986 2427 1024 2455 εἷ-

232 2481 283 2499 πεν
296 2473 375 2508 αὐτῇ.

269 2514 411 2565 ἷὲιοῦσης
433 2511 479 2565 οὖν
493 2512 572 2565 όψὶιξς
587 2514 620 2559 τῇ
634 2512 727 2565 ἡμέρᾳ
741 2512 833 2548 ἐκείνῃ
848 2514 880 2548 τῇ
903 2513 1025 2565 μιᾷῗτῶν

201 2552 220 2592 ξ
234 2555 387 2586 σαϐϐάτων,
405 2555 452 2581 καὶ
474 2555 528 2581 τῶν
542 2553 631 2589 θυρῶν
646 2554 855 2589 κεκλεισμένων,
871 2555 937 2581 ὅπου
955 2552 1025 2590 ἦσαν

233 2597 257 2622 οἱ
275 2595 395 2631 μαθηταὶ
408 2595 572 2630 συνηγμένοι
588 2595 632 2621 διὰ
644 2595 689 2621 τὸν
703 2595 784 2629 φόϐον
804 2595 859 2622 τῶν
879 2596 1024 2628 Ἰουδαίων,

233 2635 315 2673 ἦλθεν
328 2637 342 2663 ὸ
361 2637 474 2672 Ἰησοῦς,
491 2636 537 2663 καὶ
552 2636 618 2671 ἔστη
631 2637 671 2668 εἰς
681 2636 712 2662 τὸ
728 2637 820 2672 μέσον,
833 2638 880 2664 καὶ
894 2637 967 2671 λέγει
979 2637 1027 2664 αὑ-

234 2680 291 2710 τοῖς
300 2688 306 2694 ·
321 2679 424 2714 Εἰρήνη
443 2678 517 2712 ὑμῖν.

269 2719 304 2747 20
323 2720 378 2746 Καὶ
393 2719 472 2746 τοῦτο
489 2719 584 2751 εἰπὼν,
596 2718 696 2752 ἔδειξεν
709 2719 801 2752 αὐτοῖς
812 2720 861 2752 τὰς
873 2722 968 2757 χεῖρας
980 2722 1027 2748 καὶ

235 2761 284 2797 τὴν
299 2761 418 2797 πλευρὰν
433 2760 526 2788 αὑτοῦ·
545 2761 683 2797 ἐχάρησαν
697 2759 743 2787 οὖν
758 2762 782 2788 οἱ
796 2762 916 2798 μαθηταὶ⁸
928 2762 1027 2795 ἰδόντες

236 2803 282 2829 τὸν
299 2802 409 2838 Κύριον.

272 2845 303 2872 ‘21
326 2843 408 2872 Εἶπεν
419 2842 464 2872 οὖν
477 2843 566 2875 αὐτοῖς
578 2844 591 2869 ὁ
607 2843 708 2879 Ἰησοῦς
720 2845 814 2872 πάλιν·
830 2847 933 2882 Εἰρήνη
945 2847 1024 2883 ὑμῖν

1109 2226 1145 2252 22
1163 2226 1218 2252 Καὶ
1233 2226 1313 2253 τοῦτο
1332 2227 1426 2260 εἰπὼν,
1438 2229 1598 2264 ἐνεφύσησε,
1612 2231 1659 2257 καὶ
1673 2230 1747 2265 λέγει
1762 2231 1861 2262 αὐτοῖς·

1073 2267 1176 2295 Λάϐετε
1194 2267 1307 2304 Πνεῦμα
1323 2269 1410 2303 ἆγιον.

1109 2309 1145 2336 25
1164 2310 1214 2336 ’Λν
1237 2318 1317 2337 τινων
1339 2311 1426 2346 ἀφῆτε
1447 2312 1497 2344 τὰς
1511 2313 1657 2349 ἁμαρτίας,
1671 2314 1796 2349 ἀφίενται
1817 2313 1864 2341 αὖ-

1075 2352 1146 2382 τοῖςι
1163 2350 1196 2376 ἄν
1209 2359 1290 2378 τινων
1306 2352 1437 2388 κρατῆτε,
1452 2354 1645 2390 κεκράτηνται.

1109 2391 1145 2418 24
1163 2392 1264 2427 Θωμᾶς
1280 2393 1319 2425 δὲ,
1335 2392 1376 2425 εἷς
1390 2395 1423 2421 ὲκ
1438 2395 1493 2421 τῶν
1506 2395 1621 2428 δώδεκα,
1636 2397 1651 2423 ό
1666 2395 1811 2431 λεγόμενος
1821 2396 1863 2423 Δί-

1075 2433 1169 2468 δυμος,
1187 2434 1236 2460 οὐκ
1249 2432 1283 2469 ἦν
1301 2435 1359 2470 μετ’
1377 2436 1466 2463 αὐτῶν
1483 2436 1527 2463 ὅτε
1543 2435 1624 2472 ἦλθεν
1639 2437 1654 2464 ὁ
1673 2437 1787 2472 Ἰησοῦς.

1110 2474 1147 2501 25
1167 2475 1280 2509 Ἔλεγον
1294 2474 1340 2503 οὖν
1357 2477 1431 2512 αὐτῷ
1446 2477 1471 2504 οἱ
1484 2478 1558 2505 ἄλλοι
1576 2478 1713 2514 μαθηταί·
1731 2478 1865 2514 Ἐωράκαη

1078 2524 1128 2550 μεν
1143 2516 1189 2542 τὸν
1209 2516 1318 2553 Κύριον.
1328 2518 1356 2544 '0
1371 2517 1398 2544 δὲ
1413 2516 1490 2545 εἶπεν
1507 2519 1615 2550 αὐτοῖς·
1635 2519 1698 2546 Ἐὰν
1717 2519 1754 2556 μὴ
1778 2520 1823 2546 ἴδω
1839 2521 1865 2546 ἐν

1075 2558 1136 2588 ταῖς
1149 2558 1242 2593 χερσὶν
1255 2559 1337 2585 αὑτοῦ
1353 2559 1399 2586 τὸν
1412 2559 1497 2586 τύπον
1515 2560 1570 2586 τῶν
1582 2561 1665 2596 ἥλων,
1676 2562 1724 2588 καὶ
1739 2561 1812 2596 βάλω
1823 2563 1865 2588 τὴν

1076 2598 1209 2625 δάκτυλόν
1227 2607 1278 2634 μου
1296 2600 1337 2632 είς
1352 2600 1398 2628 τὸν
1425 2601 1511 2628 τύπον
1537 2601 1591 2628 τῶν
1617 2602 1689 2637 ήλων
1700 2622 1707 2634 ,
1725 2603 1773 2628 καὶ
1798 2602 1866 2638 βάλω

1077 2640 1227 2689 τήνιχεῖρά
1245 2649 1295 2676 μου
1310 2641 1350 2673 είς
1364 2642 1414 2678 τὴν
1433 2642 1553 2677 πλευρὰν
1577 2643 1676 2677 αὐτοῦ,
1696 2643 1727 2670 οὗ
1757 2643 1796 2680 μὴ
1823 2652 1866 2671 πι-

1078 2690 1193 2710 στευσω.

1112 2722 1149 2751 26
1168 2723 1223 2750 Kal.
1239 2723 1299 2759 μεθ’
1311 2724 1418 2760 ἡμέρας
1434 2724 1507 2752 ὀκτὼ
1524 2725 1604 2753 πάλιν
1615 2723 1685 2762 ἦσαν
1704 2725 1759 2753 ἔσω
1780 2727 1804 2754 οἱ
1821 2736 1868 2762 μα-

1079 2763 1161 2799 θηταὶ
1176 2765 1269 2797 αὑτοῦ,
1288 2766 1335 2792 καὶ
1351 2765 1454 2801 Θωμᾶς
1469 2768 1529 2802 μετ’
1543 2767 1646 2795 αὐτῶν·
1664 2767 1774 2804 ἔρχεται
1786 2769 1800 2794 ό
1818 2769 1868 2804 Ἰη-

1080 2805 1142 2836 σοῦς
1156 2805 1210 2832 τῶν
1224 2806 1313 2841 θυρῶν
1325 2807 1535 2842 κεκλεισμένων,
1548 2809 1595 2836 ναὶ
1606 2808 1669 2845 ἔστη
1685 2811 1724 2843 εἰς
1736 2809 1767 2836 τὸ
1779 2809 1868 2845 μέσον,

1080 2847 1125 2875 καὶ
1142 2846 1234 2875 ἐστίν’
1248 2848 1352 2885 Εἰρήνη
1368 2849 1441 2886 ὑμῖν.
