4012 6210
488 303 548 360 Η
1897 305 1957 362 S.
1993 304 2342 363 EPIPHANII
3676 307 3747 362 1‘2

565 437 3738 468 mw

1233 623 1464 710 ΤΟΥ
1512 623 1657 710 ΕΝ
1724 617 2089 709 ΑΓΙΟΙΣ
2143 621 2579 711 ΠΑΤΡΟΣ
2653 623 2984 712 ΗΜΩΝ

1117 824 3101 1070 ΕΠΙΦΑΝΙΟΥ

1380 1153 1782 1212 ΕΠΙΣΚΟΠΟΥ
1811 1153 2345 1210 ΚΩΝΣΤΔΝΤΕῙΑΣ
2391 1154 2531 1209 ΤΗΣ
2559 1154 2851 1211 ΚΥΠΡΟΥ

1587 1323 2666 1463 ΑΓΚΥΡΩΤΟΣ.

1541 1717 2154 1810 ΠΕΡΙΟΧΗ
2243 1718 2748 1810 ΛΟΓΟΥ.·

1115 2090 1290 2268 S.
1398 2094 1599 2267 P.
1701 2093 1902 2269 N.
2006 2085 3136 2271 EPIPHANII

1500 2385 1817 2445 EPISCOPI
1855 2385 2324 2444 CONSTANTIIE
2364 2388 2430 2445 IN
2461 2386 2690 2448 CYPRO

1601 2565 2600 2701 ANCOBATUS.

543 2809 638 2876 (Es
664 2810 886 2863 editione
910 2805 1113 2873 Josephi
1133 2805 1298 2861 Mariae
1322 2807 1452 2860 card.
1477 2804 1727 2860 Thomasii
1824 2803 2450 2930 Ilnstgig'hgtegggngﬂp)
2463 2813 2579 2860 tom.
2603 2809 2685 2872 IX,
2706 2814 3011 2865 recensente
3037 2810 3252 2864 Antonio
3285 2810 3460 2866 Franc.
3487 2816 3687 2871 Veuosi

1751 2869 1806 2920 C.
1841 2869 1901 2920 Β.
1936 2866 2221 2920 11011153176

2314 2871 2450 2936 n-i.)

1457 3147 2043 3246 SYNOPSIS
2127 3151 2780 3248 ANCORATI.

557 3467 602 3536 ι
627 3465 846 3522 Divinus
862 3467 945 3522 hic
965 3473 1016 3522 et
1033 3482 1256 3539 magnus
1275 3465 1439 3522 Pater
1462 3465 1790 3538 Epiphanius
1815 3464 2061 3524 Eleuthe-

2251 3472 2307 3523 Ὁ
2335 3466 2492 3534 θεῖος
2519 3460 2699 3534 οὗτος
2722 3464 2820 3519 καὶ
2857 3465 3042 3538 μέγας
3077 3466 3281 3538 Πατὴρ
3309 3466 3476 3540 ἡμῶν
3512 3471 3745 3542 Ἐπιφά.

483 3558 660 3629 ropoli
696 3560 752 3614 in
795 3559 1088 3616 Patmtina
1131 3561 1416 3640 oriundus,
1457 3560 1655 3616 ibidem
1684 3560 2062 3616 monachorum

482 3651 652 3708 Pater
692 3652 814 3724 fuit.
857 3653 1100 3709 Primam
1136 3669 1256 3709 vero
1289 3653 1522 3708 instituti
1547 3652 1694 3708 illius
1721 3653 2062 3708 exercitatio-

483 3761 602 3800 nem
639 3745 694 3799 in
716 3741 948 3815 Egypto
967 3746 1216 3815 suscepit,
1239 3761 1343 3816 quo
1385 3753 1497 3798 tum
1527 3752 1835 3798 secesserat.
1871 3741 1970 3798 Ubi
1996 3743 2066 3798 ad

485 3837 789 3892 vicesimum
819 3852 982 3906 usque
1023 3837 1199 3891 (etatis
1245 3852 1441 3890 annum
1479 3836 1765 3900 remansit,
1807 3835 1971 3891 donec
1995 3835 2066 3890 ad

483 3927 1066 3998 Eleutheropolitanam
1095 3930 1358 4000 regionem
1406 3944 1646 3983 reversus
1685 3930 2064 3984 monasterium

467 4021 536 4075 .in
554 4034 617 4074 ea
660 4017 916 4074 condidit.
956 4018 1266 4074 Ancoratus
1293 4035 1412 4073 vero
1443 4017 1575 4073 liber
1611 4020 1710 4072 iste
1738 4019 2061 4084 nominatur,

480 4119 756 4180 propterea
791 4109 931 4182 quod
965 4111 1199 4165 animum
1223 4109 1286 4164 de
1317 4111 1424 4165 vita
1459 4125 1521 4164 ac
1565 4109 1739 4166 salute
1769 4111 2063 4167 sollicitum

479 4203 654 4256 instar
686 4216 904 4257 ancorae
949 4200 1290 4266 moderatur;
1319 4216 1442 4253 nam
1471 4200 1764 4266 complures
1794 4199 1890 4255 hoc
1927 4217 2058 4271 opus

481 4291 609 4362 ﬁdei
653 4300 830 4360 partes
875 4284 1145 4355 continet,
1191 4298 1380 4360 utputa
1433 4289 1499 4345 de
1560 4289 1756 4357 Patris,
1813 4290 1944 4346 Filii
2001 4310 2064 4347 ac

483 4379 654 4434 sancti
674 4380 905 4448 Spiritus
929 4395 1059 4445 una,
1076 4377 1359 4440 eademque
1381 4378 1717 4446 substantia;
1744 4379 1808 4435 de
1833 4382 2063 4452 perfecta

484 4468 687 4526 Christi
713 4470 1102 4534 incarnatione,
1129 4471 1192 4525 de
1214 4479 1543 4525 mortuorum
1566 4473 1967 4537 resurrectione,
1999 4473 2063 4528 de

483 4569 682 4616 eterna
716 4562 826 4616 vita
877 4579 940 4616 ac
974 4560 1185 4632 judicio
1227 4563 1424 4619 anima:
1470 4564 1674 4632 pariter
1702 4573 1751 4620 et
1784 4567 2061 4636 corporis;

482 4665 597 4710 tum
635 4654 888 4711 adversus
921 4655 1070 4709 idola
1103 4655 1427 4726 haeresesque
1455 4655 1796 4728 singillatim,
1832 4673 1895 4712 ac
1934 4675 2060 4713 con-

483 4755 570 4801 tra
607 4743 827 4802 Iudaeos
875 4755 1191 4818 craterasque
1255 4747 1510 4816 disputat.
1567 4748 1849 4819 Octoginta
1901 4766 2059 4820 porro

480 4837 745 4893 htcreseon
782 4838 996 4893 nomina
1025 4837 1405 4909 complectitur,
1446 4855 1509 4892 ac
1533 4838 1755 4911 denique
1787 4842 1968 4896 varias
1997 4843 2061 4897 de

482 4929 777 5000 Scripturis
829 4932 999 4985 sacris
1055 4932 1366 5001 quazstiones
1408 4933 1644 5001 exponit.
1702 4931 1944 5002 Scriptus
1981 4944 2060 4990 est

480 5021 564 5076 hic
595 5022 724 5076 liber
751 5021 820 5076 ad
855 5023 1161 5088 nonnullos,
1203 5024 1294 5095 qui
1330 5021 1549 5078 Suedris
1604 5023 1935 5095 Pamphylia:
1967 5025 2060 5079 de-

478 5113 690 5185 gebant,
734 5115 824 5185 qui
849 5114 906 5169 id
951 5130 1042 5184 per
1072 5115 1321 5184 epistolas
1355 5115 1730 5186 postularant,
1775 5132 1893 5185 qua:
1915 5117 2059 5184 operi

478 5207 582 5276 ipsi
625 5207 865 5276 prta/im:
899 5215 1043 5261 sunt.
1076 5209 1211 5261 Acta
1255 5206 1364 5261 hcce
1394 5216 1518 5261 sunt
1549 5223 1689 5261 anno
1717 5207 2058 5276 nonagesimo

479 5293 821 5360 Diocletiani,
838 5295 1072 5351 Valentis
1085 5312 1203 5351 vero
1221 5295 1445 5361 decimo,
1465 5306 1513 5350 et
1529 5295 1777 5350 Gratiani
1791 5304 1936 5350 sexto
1955 5294 2052 5366 (1).

2170 3581 2321 3629 νιος,
2358 3560 2478 3618 ἀπὸ
2531 3560 3068 3629 Ἐλευθεροπόλεως
3106 3562 3224 3632 μὲν
3257 3562 3490 3633 ὡρμᾶτο
3525 3562 3635 3633 τῆς
3679 3564 3748 3618 ἐν

2172 3652 2568 3721 Παλαιστίνῃ,
2609 3650 2757 3706 ἔνθα
2789 3651 2888 3705 καὶ
2930 3650 3135 3721 Πατὴρ
3165 3651 3374 3723 γέγονε
3402 3653 3747 3723 μοναστῶνο

2167 3743 2283 3812 τὴν
2327 3741 2396 3795 δὲ
2442 3739 2684 3810 πρώτην
2730 3741 2817 3806 εἰς
2847 3740 3154 3812 Αἴγυπτον
3185 3742 3604 3812 ἀναχωρήσας,
3648 3744 3747 3797 καὶ

2167 3831 2522 3897 διατελέσας
2561 3830 2672 3897 ἓως
2704 3829 3004 3886 ἐπανόδου
3029 3831 3099 3886 ἐν
3119 3829 3200 3898 τῷ
3222 3834 3475 3900 εἰκοστῷ
3493 3833 3612 3888 ἔτει
3638 3833 3749 3903 τῆς

2164 3925 2406 3994 ἡλικίας
2421 3923 2629 3988 αὐτοῦ,
2659 3926 2747 3990 εις
2777 3924 2891 3992 τὴν
2929 3925 3503 3994 Ἐλευθεροπολιτῶν
3529 3944 3748 3998 περιοι-

2165 4016 2305 4070 κίδα
2337 4010 2510 4082 αὖθις
2557 4015 2924 4084 ἐπανῆλθεν,
2948 4015 3354 4086 οἰκοδομήσας
3375 4018 3443 4073 ἐν
3469 4019 3624 4089 αὐτῇ
3639 4039 3718 4090 μο
3733 4051 3749 4060 -

2163 4104 2514 4174 ναστήριον.
2556 4104 2900 4177 ’Δγκυρωτὺς
2941 4104 3012 4158 δὲ
3057 4104 3340 4175 κέκληται
3369 4111 3402 4163 ὁ
3428 4108 3611 4178 λόγος
3641 4111 3750 4163 αὐ-

2163 4195 2292 4262 τοῦ,
2342 4195 2430 4250 ὅτι
2470 4196 2736 4267 ἀγκύρας
2775 4196 2955 4267 δίκην
2983 4198 3091 4253 τὸν
3121 4200 3257 4268 περὶ
3303 4199 3411 4269 τῆς
3458 4201 3608 4271 ζωῆς
3648 4203 3749 4259 και

2163 4290 2467 4358 σωτηρίας
2496 4288 2832 4357 ἐρευνῶντα
2862 4290 3015 4344 νοῦν
3045 4291 3195 4360 ἄγει,
3238 4291 3336 4346 διὰ
3365 4295 3431 4346 τὸ
3459 4299 3745 4362 περισυλα

2161 4381 2463 4450 ληπτικὸν
2503 4381 2615 4451 τῆς
2655 4381 2725 4436 ἐν
2762 4379 2922 4447 αὐτῷ
2963 4381 3309 4450 συντάξεως
3349 4383 3467 4439 τῶν
3499 4386 3745 4442 πολλῶν

2162 4469 2275 4540 τῆς
2299 4471 2560 4538 πίστεως
2580 4469 2800 4541 μερῶν·
2821 4469 2974 4540 φημὶ
2995 4469 3074 4540 δὴ
3094 4471 3201 4527 τοῦ
3227 4474 3358 4542 περὶ
3385 4474 3497 4546 τῆς
3516 4479 3744 4547 Πατρός

2161 4564 2260 4619 καὶ
2296 4562 2432 4618 Υἱοῦ
2455 4563 2550 4620 καὶ
2577 4563 2750 4633 ἁγίου
2766 4563 3113 4633 Πνεύματος
3131 4566 3613 4638 ὀμοουσιότητος,
3636 4569 3747 4624 τοῦ

2161 4657 2293 4726 περὶ
2309 4656 2541 4721 τελείας
2555 4654 2666 4725 τῆς
2679 4655 2938 4725 Χριστοῦ
2952 4655 3255 4726 ὲνσάρκου
3267 4663 3623 4730 παρουσίας,
3636 4662 3748 4717 τοῦ

2161 4748 2292 4819 περὶ
2320 4748 2711 4816 ἀναστάσεως
2739 4747 2989 4819 νεκρῶν,
3023 4750 3121 4805 καὶ
3159 4750 3307 4821 ζωῆς
3329 4757 3595 4825 αἰωνίου,
3641 4758 3743 4812 καὶ

2091 4875 2133 4931 Β
2161 4839 2422 4931 κρίσεως
2435 4839 2662 4931 σαρκός
2693 4855 2756 4893 τε
2779 4839 2877 4894 καὶ
2902 4839 3113 4931 ψυχῆς
3138 4842 3476 4912 ἐπιτοαυτὸ,
3507 4847 3606 4900 καὶ
3635 4846 3745 4902 τοῦ

2165 4930 2314 4985 κατὰ
2343 4929 2604 4985 εἰδώλων
2639 4947 2702 4984 τε
2740 4931 2839 4985 καὶ
2865 4930 3153 5000 αἱρέσεων
3173 4932 3244 4986 ἐν
3255 4934 3442 5003 μέρει,
3465 4936 3565 4990 καὶ
3607 4940 3752 4994 Ἰοι-

2164 5022 2366 5088 δαίων,
2381 5021 2614 5078 καὶτῶν
2627 5021 2856 5078 ἄλλων.
2884 5022 3150 5091 Περιέχει
3171 5023 3240 5076 δὲ
3257 5024 3356 5078 καὶ
3380 5025 3503 5080 τῶν
3529 5028 3745 5099 ὀγδοή-

2165 5130 2348 5167 κοντα
2378 5114 2667 5183 αἱρέσεων
2708 5115 2781 5170 τὰ
2816 5116 3100 5184 ὀνόματα,
3127 5116 3227 5170 καὶ
3262 5115 3382 5172 τῶν
3413 5119 3484 5174 ἐν
3511 5121 3586 5191 τῆ
3614 5124 3745 5195 θείᾳ

2162 5203 2377 5273 Ιζραεοῆ
2401 5204 2608 5260 ἄλλων
2637 5204 2984 5274 ζητημάτων
3003 5204 3120 5274 τὴν
3137 5207 3499 5277 σαφήνειαν.
3540 5212 3745 5282 Ἐγρά-

2163 5314 2248 5365 φη
2272 5295 2340 5348 δὲ
2357 5296 2483 5362 τοῖς
2507 5299 2577 5352 ἐν
2597 5295 2908 5367 Σουέδροις
2934 5297 3044 5367 τῆς
3063 5301 3745 5370 Παμφυλίας-,αἰτήσασι

478 5386 552 5439 δι’
579 5384 917 5441 ἐπιστολῶν
943 5385 1060 5441 τῶν
1088 5388 1159 5442 ἐν
1184 5389 1376 5453 τούτῳ
1414 5383 1906 5456 προτεταγμένων
1945 5383 2055 5453 τῆς
2119 5385 2228 5440 τοῦ
2271 5387 2460 5457 λόγου
2507 5389 2930 5459 πραγματείας.
2976 5392 3278 5464 Ἐπράχθη
3320 5393 3391 5448 δὲ
3431 5393 3619 5449 ταῦτα
3673 5398 3747 5452 ἐν

478 5485 596 5538 ἔτει
622 5479 1003 5551 ἐνενηκοστῷ
1028 5480 1146 5553 μὲν
1163 5481 1283 5538 ἀπὸ
1307 5481 1759 5550 Διοκλητιανοῦ,
1794 5479 2131 5548 Οὐάλεντος
2156 5479 2224 5534 δὲ
2244 5479 2493 5549 δεκάτῳ,
2530 5483 2865 5553 Γρατιανοῦ
2892 5485 2962 5540 δὲ
2987 5487 3158 5558 ἕκτῳ.

552 5637 630 5712 (ι)
655 5639 818 5728 Anno,
849 5639 976 5696 su.
