4012 6210
478 421 554 478 εις
1902 405 1958 460 s.
1992 403 2331 458 EPlPllANll
3680 407 3744 464 ,δ

484 539 736 612 quandiu
779 535 1018 594 secundo
1067 544 1230 590 vento
1283 533 1554 594 feruntur,
1609 528 1820 583 vicinos
1854 525 2058 580 littoris

2167 544 2289 591 σαν,
2322 526 2427 591 ἕως
2457 524 2555 596 μὲν
2577 526 2807 598 γαληνὸν
2833 527 3051 599 πνεῦμα
3071 527 3169 599 τὴν
3191 526 3319 582 ναῦν
3350 527 3536 592 ἰθύνει,
3569 539 3747 598 μικρά

489 642 680 703 portus
713 644 904 700 parum
946 625 1236 680 admodum
1274 637 1473 677 curare
1505 619 1726 681 solent,
1752 615 1898 688 quod
1938 615 2059 670 sine

490 738 688 793 magno
712 722 896 776 labore
926 718 1201 788 navigium
1227 730 1386 771 suum
1411 710 1832 767 transmissuros
1854 723 1913 764 se
1939 720 2062 763 esse.

493 815 786 870 conﬁdant.
826 810 946 865 Mox
994 816 1174 864 autem
1219 815 1276 860 ut
1308 802 1621 859 contrarius
1681 815 1746 855 ac
1774 800 2064 854 vehemens

492 906 652 960 flatus
702 905 955 981 ingruere
995 898 1257 970 coeperit,
1301 911 1412 966 quo
1440 895 1726 950 decumani
1775 891 1975 945 ﬂuctus
2006 891 2061 944 in

494 999 730 1055 sublime
774 995 1058 1058 tolluntur,
1105 1000 1159 1046 et
1197 989 1353 1044 navis
1382 989 1498 1058 ipsa
1539 986 1911 1056 denter-gitur;
1949 992 2062 1036 tum

2161 622 2270 675 τῶν
2294 620 2713 692 παρακειμένων
2738 623 2858 684 ταῖς
2881 619 3067 690 ὄχθαις
3083 619 3316 691 λιμένων
3339 620 3739 692 φροντίζουσιν,

2163 713 2396 784 οἰόμενοι
2447 712 2654 784 ἀκμητὶ
2709 711 3014 784 περαιῶσαι
3047 711 3108 764 τὸ
3140 712 3364 781 σκάφος.
3404 711 3652 764 Ἐπειδὰν
3683 709 3744 761 δὲ

2166 804 2405 857 ἐναντίον
2447 804 2541 857 καὶ
2575 802 2801 873 σφοδρὸν
2828 801 3111 874 ὲμπνεύσῃ
3147 800 3384 872 πνεῦμα,
3419 800 3520 863 τὰς
3548 818 3740 872 τρικυ⁸

2168 896 2297 966 μίας
2332 895 2410 966 (5)
2444 896 2524 958 είς
2554 892 2687 963 ὕψος
2715 893 2938 963 ὲπαῖρον
2970 891 3252 955 πάντοθεν,
3291 891 3387 944 καὶ
3415 889 3741 962 περικλύζον

2165 987 2264 1060 τὴν
2291 987 2442 1051 ναῦν,
2467 987 2588 1040 τότε
2614 986 2676 1056 δὴ
2695 985 2785 1038 τὸν
2809 983 2981 1037 ε-ῦδιον
3003 983 3390 1047 ἐπιποθοῦντες
3407 983 3621 1054 λιμένα,
3645 983 3740 1037 καὶ

492 1092 712 1148 demum
742 1085 1022 1156 tranquilli
1050 1082 1355 1152 cujuspiam
1398 1088 1588 1150 portus
1627 1077 1897 1134 desiderio
1931 1075 2066 1149 sub,

2169 1082 2346 1133 πᾶσαν
2367 1080 2464 1150 τὴν
2494 1077 2859 1149 ὑποκειμένην
2879 1078 3104 1148 ἦπειρον
3127 1075 3607 1146 περισκοποῦντες,
3637 1094 3742 1146 μη-

486 1184 691 1253 jectam
748 1178 923 1234 oculis
975 1187 1176 1231 terram
1222 1174 1653 1242 circumquaque
1690 1167 2062 1239 prospiciunt;

493 1272 561 1325 ad
597 1285 759 1342 quam
789 1269 835 1324 si
859 1267 1129 1338 appellere
1165 1264 1548 1342 nequiverint,
1590 1261 1733 1332 quod
1770 1275 1936 1314 unum
1967 1273 2063 1313 su-

492 1369 697 1433 perest,
731 1359 796 1414 ad
819 1359 1059 1413 vicinam
1085 1357 1322 1425 aliquam
1349 1351 1659 1418 insulam,si
1697 1350 1930 1420 possint,
1945 1362 2066 1403 sese

493 1453 829 1516 subducunt,
871 1457 928 1506 et
963 1450 1194 1506 salutem
1233 1459 1561 1518 quacunque
1592 1443 1804 1496 ratione
1828 1448 2063 1510 possunt

491 1544 805 1616 expediunt.
837 1541 917 1595 Ad
943 1541 1087 1594 illam
1125 1539 1292 1608 igitur
1320 1535 1658 1601 accedentes,
1689 1542 1740 1588 et
1766 1531 1832 1586 ad
1865 1531 2066 1601 promi-

492 1637 686 1685 nentes
723 1630 778 1682 in
811 1643 961 1683 mare
1009 1627 1265 1696 scopulos
1295 1624 1592 1680 subeuntes
1618 1663 1632 1687 ,
1666 1636 1807 1690 aegre
1845 1619 2063 1674 tandem
2103 1677 2107 1679 _

492 1738 522 1775 a
570 1719 920 1776 circumfusis
977 1719 1235 1774 fluctibus
1275 1724 1438 1787 atque
1496 1713 1856 1770 incommodis
1891 1727 2063 1768 emero

493 1820 648 1882 gunt.
683 1811 824 1865 Idem
864 1818 918 1865 et
949 1811 1108 1865 nobis
1134 1850 1148 1874 ,
1198 1809 1448 1872 domine,
1484 1807 1643 1861 modo
1674 1805 1936 1876 contigit,
1972 1805 2064 1875 qui

2165 1166 2337 1239 δαμοῦ
2382 1168 2439 1221 δὲ
2470 1167 2858 1239 ἐνορμίσασθαι
2891 1165 3240 1236 δυνηθέντες,
3277 1165 3460 1219 λοιπὸν
3505 1167 3597 1219 ἐπὶ
3644 1166 3741 1237 τὴν

2169 1259 2392 1330 πλησίον
2433 1259 2712 1330 κειμένην,
2751 1258 2816 1312 ἂν
2857 1257 2997 1310 οὓτω
3028 1257 3185 1328 τύχῃ,
3221 1257 3382 1327 νῆσον
3419 1258 3736 1328 ἀπαίρουσι,

2169 1351 2332 1404 παντὶ
2355 1351 2541 1421 τρόπῳ
2562 1351 2661 1422 τὴν
2691 1350 2963 1421 σωτηρίαν
2993 1348 3176 1410 αὐτοῖς
3203 1336 3569 1419 ποριζόμενοι.
3597 1345 3739 1400 Ταύι

2167 1460 2232 1512 τῃ
2277 1459 2336 1494 τε
2381 1440 2801 1511 πλησιάσαντες,
2837 1440 2931 1492 καὶ
2964 1439 3070 1493 ὑπὸ
3097 1439 3197 1510 τὴν
3225 1437 3431 1509 σκέπην
3458 1437 3566 1490 τῶν
3602 1454 3739 1506 προ-

2167 1533 2514 1604 ϐεϐλημένων
2544 1531 2952 1594 ύπεισελθόντες
2982 1528 3340 1602 ἀκρωτηρίων
3359 1569 3373 1593 ,
3423 1528 3575 1599 μόλις
3610 1528 3739 1582 ποτὲ

2166 1625 2273 1679 τῶν
2301 1625 2763 1697 περιαντλούντων
2787 1623 2972 1678 κακῶν
2997 1621 3376 1691 ἀπαλλαγῆναι
3401 1620 3737 1691 δεδύνηνται.

2167 1719 2277 1773 Καὶ
2327 1719 2488 1790 ἡμεῖς
2527 1716 2681 1772 αὐτοὶ
2718 1715 2789 1769 τὰ
2832 1715 2947 1778 νῦν,
2982 1708 3027 1768 ὦ
3057 1713 3310 1775 δέσποτα,
3346 1713 3438 1766 τὸν
3470 1714 3740 1784 σωτήριον

2166 1809 2260 1864 τοῦ
2289 1809 2424 1863 Θεοῦ
2450 1810 2604 1878 λόγον
2633 1810 3050 1882 κατηχούμενοι,
3071 1807 3166 1863 τοῦ
3196 1825 3254 1860 τε
3283 1805 3547 1876 κοσμικοῦ
3574 1805 3740 1859 σάλου

493 1903 720 1958 salutari
750 1901 844 1956 Dei
875 1901 1044 1956 verbo
1077 1899 1335 1962 instituti,
1365 1906 1418 1953 et
1461 1913 1492 1952 a
1523 1897 1708 1952 mundi
1743 1905 2066 1967 tempestate

2169 1903 2394 1965 ἑαυτοὺς
2413 1901 2718 1968 ἀπαλλάξαι
2741 1901 3074 1972 βουλόμενοι,
3102 1899 3196 1952 καὶ
3217 1900 3296 1960 είς
3317 1898 3410 1950 τὸν
3441 1897 3738 1951 ἀσάλευτον

491 2009 556 2049 ac
578 1993 873 2064 jactatione
907 1991 1154 2055 liberari,
1187 1997 1351 2060 atque
1389 1988 1456 2043 ad
1500 1989 1856 2059 tranquillum
1899 1987 2057 2058 quie-

493 2094 721 2155 tumque
751 2083 953 2139 Christi
983 2089 1197 2153 portum
1229 2079 1487 2150 scapham
1524 2091 1765 2134 nostram
1793 2079 2066 2148 applicare

491 2177 792 2245 cupientes,
859 2173 1046 2229 nescio
1077 2187 1215 2242 quas
1266 2173 1457 2226 inanes
1511 2178 1565 2225 et
1613 2169 1902 2236 absurdas,
1945 2185 2066 2225 meo

493 2265 712 2336 quidem
736 2262 946 2332 judicio
967 2303 981 2329 ,
1009 2262 1339 2332 quaestiones
1375 2277 1405 2314 a
1446 2261 1724 2316 nonnullis
1763 2260 1831 2315 de
1858 2260 2066 2330 Spiritu

479 2363 686 2412 'sancto
703 2353 1032 2409 commoveri
1064 2353 1474 2424 perspeximus:
1511 2366 1670 2422 quem
1694 2351 1768 2404 illi
1807 2358 2069 2421 negarent

479 2463 616 2502 cum
651 2445 936 2501 divinitate
977 2442 1370 2512 dominatuque
1424 2441 1594 2512 gloria
1645 2440 1808 2496 simul
1835 2437 1972 2494 allici
2003 2453 2100 2506 ac.

493 2536 780 2609 praedicari
805 2542 1076 2606 oportere,
1101 2532 1195 2590 sed
1232 2534 1288 2588 in
1315 2533 1551 2588 ministri
1597 2532 1843 2588 nuntiive
1880 2531 2066 2586 haberi

492 2630 637 2695 loco,
683 2630 792 2683 imo
826 2642 957 2682 vero
990 2627 1252 2683 humilius
1283 2625 1488 2696 aliquid
1521 2623 1587 2681 de
1621 2623 1740 2696 ipso
1766 2624 2066 2694 abjectius-

495 2737 601 2793 que
649 2722 937 2776 sentirent.
971 2718 1184 2785 Quibus
1217 2718 1284 2774 de
1318 2718 1502 2774 causis
1555 2718 1633 2773 sic
1681 2725 1938 2786 tanquam
1984 2714 2069 2768 in-

494 2808 766 2864 constanti
795 2807 1093 2878 jactatione
1120 2822 1182 2861 ac
1209 2806 1412 2861 difficili
1449 2813 1770 2876 tempestate
1802 2804 2071 2860 ﬁuctuan-

496 2910 600 2966 tes,
620 2915 744 2955 cum
777 2899 1049 2955 neminem
1081 2899 1169 2954 hic
1199 2898 1265 2953 ad
1293 2914 1386 2954 eas
1413 2897 1789 2953 dissolvemlas
1811 2897 2068 2966 quaestio-

493 3007 594 3048 nes
636 3006 698 3046 ac
726 3007 912 3048 sanam
946 2992 978 3045 ﬁ
993 2991 1114 3046 dem
1140 2989 1517 3061 exponendam
1548 2990 1800 3044 idoneum
1833 2990 2071 3060 reperire

477 3084 791 3156 possimus,
825 3083 891 3137 ad
943 3083 1198 3154 pietatem
1231 3089 1377 3135 tuam
1409 3080 1475 3136 de
1518 3080 1622 3134 hoc
1655 3081 1871 3151 negotio
1905 3079 1960 3151 4
1991 3095 2072 3135 re-

491 3178 635 3231 ferre
663 3176 841 3230 coacti
880 3175 1106 3238 fuimus,
1136 3175 1330 3229 merito
1355 3181 1414 3226 ut
1443 3181 1497 3229 et
1526 3173 1671 3226 illam
1698 3187 1885 3227 vocem
1913 3187 2070 3226 usur-

493 3281 622 3336 pare
639 3266 914 3336 possimus
942 3282 956 3318 :
989 3263 1312 3333 Praeceptor,
1346 3281 1495 3318 serva
1518 3279 1610 3316 nos
1633 3263 1675 3316 ¹.
1697 3260 2062 3328 Quamobrem
2093 3251 2134 3308 C

492 3355 548 3410 id
582 3371 679 3425 pro
704 3357 917 3411 sincera
951 3362 1042 3408 tua
1069 3369 1132 3407 ac
1163 3362 1310 3407 recta
1340 3353 1442 3408 ﬁde
1474 3368 1502 3405 a
1534 3359 1588 3407 te
1619 3354 1874 3422 petimus,
1902 3364 2064 3419 quam

494 3445 734 3500 secunda
779 3443 890 3513 jam
935 3443 1141 3498 dudum
1179 3442 1320 3496 fama
1364 3449 1418 3497 et
1465 3441 1788 3496 idoneorum
1821 3439 2063 3494 virorum

475 3535 806 3591 ‘testimonia
859 3534 1063 3604 passim
1121 3533 1434 3598 celebrant,
1477 3541 1535 3586 ut
1583 3533 1648 3587 ad
1685 3532 1830 3604 quod
1866 3545 2066 3586 munus

479 3625 804 3682 obeundum
837 3624 1174 3680 a'Salvatore
1193 3626 1523 3680 constitutus
1547 3640 1626 3689 es,
1647 3625 1788 3678 hanc
1821 3631 2065 3679 nostram

473 3719 857 3773 hortationem
902 3717 1214 3772 humaniter
1252 3717 1570 3780 admittere,
1612 3723 1665 3770 et
1697 3716 1826 3786 quid
1853 3716 1920 3770 de
1943 3714 2069 3768 Tri-

493 3809 663 3864 nitate
704 3809 775 3864 sit
803 3809 1136 3864 credendum
1159 3848 1173 3874 ,
1228 3809 1401 3864 sacris
1430 3807 1540 3863 tuis
1596 3807 2068 3862 lucubrationibus

476 3899 718 3956 'uberius
763 3901 896 3956 velis
935 3900 1285 3971 apertiusque
1329 3901 1636 3967 disserere,
1667 3913 1896 3968 eamque
1943 3898 2068 3954 ﬁdei

499 3992 785 4048 formulam
821 3993 886 4048 ad
916 4008 1016 4048 nos
1044 3993 1289 4058 mittere,
1319 4001 1378 4046 ut
1405 3991 1525 4060 ejus
1555 3989 1817 4046 beneﬁcio
1866 3990 2069 4045 conﬁr-

476 4084 643 4149 mati,
687 4085 798 4139 voti
849 4085 953 4156 ipsi
986 4093 1266 4155 compotes
1301 4082 1608 4138 efﬁciamur
1631 4121 1647 4149 ,
1691 4097 1752 4137 ac
1784 4097 1909 4136 cum
1944 4082 2019 4135 illi
2048 4121 2063 4148 ,

466 4176 580 4246 "qui
602 4167 714 4246 jai’n
756 4177 961 4233 dudum
1003 4176 1057 4231 in
1089 4192 1150 4232 ea
1183 4177 1379 4248 pietate
1408 4184 1780 4246 perseverant,
1810 4174 2062 4245 volupta-

2167 1995 2260 2048 τοῦ
2295 1994 2531 2066 Χριστοῦ
2571 1993 2765 2065 λιμένα
2801 1992 2861 2046 τὸ
2891 1992 3098 2062 σκάφος
3124 1990 3282 2061 ἡμῶν
3309 1989 3585 2044 εἰσελάσαι
3614 1988 3740 2059 βου·

2166 2085 2402 2157 λόμενοι,
2441 2086 2629 2156 ἐπειδὴ
2659 2084 2821 2147 κενάς
2853 2100 3005 2146 τινας
3040 2083 3134 2136 κα)⁵
3163 2081 3410 2149 ἀλόγους,
3435 2079 3511 2144 ὦς
3538 2081 3604 2149 γέ
3647 2096 3739 2150 μοι

2165 2177 2331 2238 δοκεῖ,
2366 2176 2493 2245 περὶ
2529 2175 2622 2228 τοῦ
2667 2175 2822 2245 ἀγίου
2862 2173 3179 2243 Πνεύματος
3211 2172 3536 2240 κινουμένας
3575 2169 3741 2242 ζητή-

2170 2285 2283 2332 σεις
2310 2269 2460 2339 παρά
2487 2285 2649 2321 τινων
2677 2267 2921 2338 ἔγνωμεν
2941 2305 2957 2330 ,
2991 2264 3307 2334 φασκόντων
3339 2263 3414 2332 μὴ
3443 2263 3551 2315 δεῖν
3582 2262 3743 2316 τοῦτο

2167 2361 2232 2429 τῇ
2265 2358 2477 2428 θεότητι
2535 2357 2630 2411 καὶ
2656 2360 2722 2428 τῇ
2761 2357 3044 2429 κυριότητι
3076 2343 3514 2418 συνδοξάζεσθαι,
3546 2352 3660 2407 ἀλλ’
3682 2353 3742 2406 ἰν

2169 2449 2440 2521 ὑπηρέτου
2481 2449 2575 2502 καὶ
2593 2447 2887 2502 ἀποστόλου
2911 2445 3166 2516 τετάχθαι
3197 2447 3453 2517 σχήματι,
3483 2445 3578 2498 καὶ
3602 2460 3741 2512 φαυ-

2167 2539 2284 2594 λοτέ
2291 2557 2390 2612 ρας
2409 2539 2503 2594 καὶ
2518 2538 2900 2610 ταπεινοτέρας
2918 2537 3016 2602 τὰς
3033 2537 3160 2608 περὶ
3174 2535 3338 2590 αὑτοῦ
3355 2533 3511 2600 δόξας
3524 2535 3743 2605 διαλαμι

2169 2632 2410 2686 ϐάνουσι·
2424 2632 2515 2686 διᾶ
2525 2631 2683 2686 τοῦτο
2696 2631 2882 2702 ὥσπερ
2898 2631 2955 2682 ὲν
2973 2629 3190 2700 ἀστάτῳ
3233 2628 3379 2698 σάλῳ
3407 2628 3500 2681 καὶ
3521 2627 3742 2698 χαλεπῷ

2169 2719 2395 2774 κλύδωνι
2415 2721 2782 2792 συσχεθέντες,
2805 2719 3009 2791 μηδένα
3032 2720 3137 2772 τῶν
3160 2719 3286 2790 παρ’
3308 2720 3439 2789 ἡμῖν
3462 2718 3643 2772 ἰκανὸν
3660 2718 3743 2772 εὑ·

2171 2813 2283 2881 ρεῖν
2297 2810 2613 2881 δυνηθέντες
2628 2809 2942 2864 διαλύσοντα
2963 2810 3030 2863 τὰ
3049 2807 3372 2879 ζητούμενα,
3391 2808 3484 2862 καὶ
3501 2807 3598 2879 τὴν
3616 2808 3739 2878 ὑγιῆ

2171 2899 2354 2953 πίστιν
2379 2902 2511 2970 ἡμῖν
2551 2898 2803 2953 ἐκθέσθαι
2838 2899 3153 2969 δυνάμενον,
3197 2897 3288 2949 ἐπὶ
3315 2895 3412 2968 τὴν
3441 2894 3536 2966 σὴν
3561 2893 3740 2947 θεοσέ-

2171 2992 2319 3046 ϐειαν
2351 2991 2638 3060 ἀνενέγκαι
2665 2991 2724 3044 τὸ
2754 2992 2985 3061 πρᾶγμα
3013 2987 3248 3059 ἠπείχθη
3259 3004 3377 3058 μεν,
3418 2987 3516 3056 τὴν
3559 2985 3740 3056 φωνὴν

2169 3081 2369 3152 ταύτην
2397 3081 2621 3144 εἰκότως
2653 3081 2746 3134 καλ⁵
2777 3080 2929 3134 αὐτοὶ
2957 3079 3204 3149 ἀφέντες·
3249 3077 3592 3141 Ἐπιστάτα,
3625 3077 3742 3132 σῶ-

2169 3184 2305 3226 σον.
2339 3170 2582 3242 Δεόμεθα
2627 3165 2724 3224 οὗν
2768 3171 2865 3240 τῆς
2909 3171 3274 3241 ἀνυποκρίτου
3321 3185 3413 3222 σου
3456 3169 3549 3222 καὶ
3577 3167 3740 3240 ὀρθῆς

2169 3271 2420 3336 πίστεως,
2447 3271 2513 3340 ἣν
2547 3266 2895 3340 προλαϐοῦσα
2927 3266 3103 3339 ἀγαθὴ
3135 3268 3288 3338 φήμη
3318 3267 3412 3320 καὶ
3469 3265 3741 3337 μάρτυρες

2170 3362 2472 3426 ἀξιόπιστοι
2540 3356 2874 3430 μαρτυροῦσι
2940 3358 3032 3411 καὶ
3075 3357 3548 3428 ἀνακηρύττουσι,
3605 3371 3736 3408 κατ-

2169 3453 2398 3518 αξιῶσαι
2428 3453 2506 3513 είς
2534 3449 2692 3503 τοῦτο
2724 3449 2873 3520 παρὰ
2890 3448 2982 3502 τοῦ
3005 3449 3252 3518 Σωτῆρος
3273 3447 3619 3518 τεταγμένος,
3646 3443 3742 3499 ἀνι·

2169 3543 2437 3609 εξικάκως
2463 3543 2563 3612 τὴν
2595 3541 2937 3612 παράκλησιν
2967 3543 2998 3610 ἡ
3010 3540 3123 3609 μῶν
3147 3539 3420 3604 δέξασθαι,
3461 3540 3554 3592 καὶ
3588 3538 3744 3608 θελῆ⁴

2171 3653 2259 3688 σαι
2290 3636 2453 3706 ἱεροῖς
2485 3633 2878 3704 συγγράμμασι
2903 3632 2988 3686 διὰ
3015 3631 3345 3702 πλατυτέρου
3368 3631 3460 3684 καὶ
3484 3627 3742 3698 σαφεστέ-

2174 3742 2267 3794 ρου
2302 3723 2636 3794 διηγήματος
2661 3721 2758 3793 τὴν
2789 3721 2888 3791 τῆς
2922 3721 3083 3789 ἁγίας
3117 3722 3159 3772 Τ
3165 3721 3345 3792 ριάδος
3368 3717 3618 3772 ἐκθέσθαι
3649 3715 3740 3769 πί-

2174 3830 2308 3876 στιν,
2336 3813 2428 3865 καὶ
2447 3811 2651 3882 ταύτην
2681 3811 2812 3882 ἡμῖν
2841 3809 3176 3872 ἀποστεῖλαι,
3215 3809 3351 3880 πρὸς
3377 3807 3436 3860 τὸ
3477 3807 3570 3860 καὶ
3591 3805 3740 3876 ἡμᾶς

2170 3903 2227 3954 ὲν
2264 3899 2436 3972 ταύτῃ
2486 3899 2879 3970 βεϐαιωθέντας
2913 3901 3095 3969 τυχεῖν
3131 3896 3238 3948 τῶν
3271 3894 3736 3964 σπουδαζομένων.

2171 3997 2265 4048 καὶ
2292 3995 2416 4057 τοὺς
2442 3994 2542 4064 ἤδη
2569 3995 2627 4046 ὲν
2652 3993 2786 4063 αὐτῇ
2815 3991 3181 4061 εὐσεϐηκότας
3208 3986 3618 4056 ἀγαλλιαθῆναι,
3645 3983 3741 4037 καὶ

2171 4089 2296 4151 τοὺς
2327 4085 2744 4157 σφαλλομένους,
2766 4086 2814 4138 εἰ
2837 4082 3086 4149 δυνατὸν,
3111 4080 3345 4152 ἰαθῆναι,
3371 4078 3465 4133 καὶ
3494 4076 3584 4130 τὸν
3606 4071 3740 4128 Θεὸν

2173 4180 2228 4232 ὲν
2263 4179 2394 4230 πᾶσι
2417 4175 2755 4246 δοξασθῆναι.

490 4279 600 4325 tem
635 4283 850 4338 capere,
893 4278 1006 4322 tum
1039 4269 1130 4337 qui
1171 4269 1464 4336 aberrant,
1493 4268 1772 4325 meliorem
1807 4266 1875 4323 ad
1903 4275 2137 4326 mentem
2175 4270 2438 4337 revocari,
2477 4283 2540 4325 ac
2591 4267 2735 4325 Deus
2793 4267 3030 4337 denique
3094 4261 3380 4335 prmdicari
3436 4259 3494 4314 in
3561 4256 3742 4314 omni-

491 4361 596 4418 bus
628 4368 683 4417 et
723 4361 987 4416 celebrari
1018 4361 1217 4431 possit.

567 4541 582 4572 ¹
606 4539 736 4594 Luc.
763 4553 890 4594 'vm.
915 4539 1022 4607 ‘14;
1060 4537 1254 4593 Matth.
1294 4554 1410 4604 vin,
1443 4539 1530 4593 25.

494 4694 754 4763 inscripta
781 4702 866 4749 est
889 4666 1381 4762 Ποξιιτευομένοις
1416 4694 1769 4763 Κολωνείας,
1799 4697 2059 4750 senatori-

2167 4695 2306 4763 lasse
2331 4692 2565 4763 videtur.
2594 4686 2891 4763 Ps'rav‘ms.

494 4768 587 4818 (ms
618 4762 692 4833 ac;
710 4763 1024 4818 duumviris.
1057 4764 1134 4816 Ita
1167 4765 1219 4833 in
1251 4762 1507 4818 Chalced.
1544 4772 1809 4833 syn.,act.
1837 4765 1954 4833 5,in
1985 4765 2054 4819 li-

494 4835 636 4904 bello
663 4831 954 4904 Sophronii
985 4841 1174 4904 contra
1198 4831 1537 4888 Dioscorum.
1564 4831 1663 4890 Ubi
1688 4831 1934 4904 queritur
1962 4835 2057 4889 So-

494 4902 759 4976 phronias
793 4918 1017 4976 uxorem
1049 4903 1152 4958 sibi
1185 4911 1424 4976 ereptam
1446 4904 1621 4976 _1:qu3:_
1637 4902 1924 4976 Μακαρίου
1958 4904 2053 4957 τοῦ

493 4971 907 5044 πολιτευομένου
947 4972 1046 5042 τῆς
1093 4971 1352 5044 μεγάλης
1386 4971 1821 5044 Ἀλεξανδρείας,⁷
1858 4973 2052 5029 Verum

495 5043 600 5113 hoc
641 5042 762 5113 loco
799 5050 1130 5113 senatorem,
1173 5042 1579 5113 aut'ejusmodi
1610 5042 1824 5113 aliquid
1842 5050 2056 5097 vertere

495 5111 697 5183 religio,
721 5112 920 5176 fuerat,
951 5111 1095 5181 quod
1136 5127 1202 5166 ex
1247 5111 1514 5183 rescripto
1543 5111 1827 5183 Epiplianii
1874 5126 2059 5164 mona-

494 5179 656 5234 chuin
687 5181 833 5236 hunc
863 5179 986 5238 esse
1013 5196 1325 5251 cognoram.
1366 5179 1523 5236 Nunc
1554 5179 1819 5245 occurrit,
1855 5195 1921 5234 ex
1951 5194 2060 5251 _cu-

497 5251 614 5321 [ἰηιίί
645 5258 697 5321 e_t
731 5258 980 5321 senatore
1013 5249 1132 5303 vitae
1162 5267 1332 5320 genus
1360 5251 1490 5309 illud
1525 5251 1776 5321 amplecli
1814 5249 2060 5321 potuisse

498 5317 817 5376 Palladium.
865 5320 1044 5388 Quare
1081 5317 1387 5377 senatorem
1432 5330 1525 5376 aut
1571 5317 1836 5376 curialem
1873 5319 2058 5388 appel-

2242 4747 2393 4816 Hanc
2421 4754 2738 4833 doctissimi
2756 4751 2966 4807 Petavii
2994 4747 3738 4833 opinionem'approbavis‘se

2164 4812 2388 4887 constat
2430 4823 2860 4890 'l‘illemontium,
2912 4812 3071 4893 quem
3124 4821 3247 4876 vide
3279 4819 3350 4874 ΙΙ.
3376 4812 3450 4872 Ἐ.
3488 4826 3623 4872 tom.
3658 4812 3731 4878 Χ,

2182 4918 2288 4954 κιρ.
2322 4899 2443 4952 804.

2164 4918 2466 5032 ¹)³;ὄῖ;)δὲ’ῗ¹ιξι
2500 4961 2830 5032 τρικυμίας.
2857 4960 3132 5032 Τρικυμία
3164 4958 3380 5032 proprie
3416 4955 3613 5026 triplex
3637 4970 3736 5032 μη-

2163 5026 2345 5093 ιῖείνει
2376 5026 2609 5095 fluctus,
2643 5026 2735 5085 a'ut
2765 5026 2929 5086 trium
2965 5026 3235 5084 undarum
3269 5026 3329 5082 in
3366 5026 3736 5095 unamrcolle-

2161 5109 2289 5162 ctio.
2336 5108 2377 5156 A
2415 5094 2624 5158 Latinis
2661 5101 2999 5156 decumanus
3031 5101 3146 5156 sive
3173 5098 3498 5154 decimanus
3531 5094 3734 5150 fluctus

2161 5175 2483 5245 appellatus,
2518 5171 2663 5242 quod
2697 5175 2942 5227 omnium
2973 5170 3268 5226 maximum
3316 5167 3466 5223 illum
3510 5172 3735 5235 reputt:-

2159 5246 2358 5300 verint.
