4012 6210
349 278 416 331 Π

1762 285 2090 344 ANCORAT
2101 285 2202 345 US.

3537 269 3602 323 18

931 658 1426 720 ΔΝΤΕΠΙΣΤΟΔΗ
1468 656 1863 712 ΠΕΜΦΘΕΙΣΑ
1906 655 2083 709 ΠΡΟΣ
2113 654 2391 708 ΑΥΤΟΥΣ
2429 654 2610 709 ΠΑΡᾹ
2648 654 2786 709 ΤΟΥ
2821 653 3024 709 ΑΓΙΟΥ

1667 820 2295 910 ΕΠΙΦΑΝΙΟΥ

401 1012 567 1082 Ἠτις
597 1015 695 1071 καὶ
729 1013 934 1072 πᾶσαν
965 1014 1078 1083 τὴν
1109 1006 1242 1083 ,περὶ
1283 1009 1388 1080 τῆς
1419 1011 1582 1076 θείας
1620 1009 1880 1074 πίστεως
1927 1004 2351 1071 διδασκαλίαν,
2385 1003 2468 1074 ἣν
2497 1003 2826 1073 ᾐτήσαντο,
2858 1002 2928 1058 ἐν
2958 970 3143 1073 ἑαυτῇ
3171 997 3576 1072 διαλαμϐάνει.

1214 1260 1312 1352 S.
1388 1258 2034 1349 EPIPHANII
2116 1247 2712 1344 EPISTULA

1445 1467 1559 1518 QUL
1585 1464 1976 1511 SUPERIORIBUS
2007 1461 2148 1503 ILLIS
2188 1459 2524 1508 RESPONDET,

849 1616 1005 1675 Tum
1043 1612 1402 1674 universam
1441 1610 1588 1690 ﬁdei
1616 1607 1996 1681 doctrinam,
2030 1603 2195 1686 quod
2228 1603 2330 1666 illi
2357 1600 2786 1682 postularant,
2826 1595 3105 1677 exponit.

411 1889 537 1954 Τοῖς
581 1888 792 1962 κυρίοις
834 1890 930 1942 καὶ
968 1889 1316 1961 τιμιωτάτοις
1376 1905 1478 1958 μου
1536 1888 1786 1958 ἀδελφοῖς
1825 1886 1920 1940 καλ⁵

2097 1881 2147 1953 5
2172 1878 2416 1935 Dominis
2442 1891 2507 1931 ac
2531 1870 2849 1931 r‘e‘verendis
2889 1868 3157 1925 fratribus
3194 1872 3250 1923 et
3286 1863 3620 1938 presbyteris

339 1981 758 2054 πρεσϐυτέροις,
785 1979 1033 2051 Ματιδίῳ
1078 1980 1175 2033 καὶ
1218 1979 1470 2051 Ταρσίνῳ
1493 1979 1586 2033 καὶ
1606 1978 1920 2050 Νουμερίῳ,

342 2073 438 2126 καὶ
469 2071 678 2135 λοιποῖς
706 2071 843 2125 πᾶσι
877 2073 992 2134 τοῖς
1027 2072 1123 2125 σὺν
1151 2072 1302 2141 ὑμῖν,
1341 2070 1435 2124 καὶ
1464 2072 1577 2133 τοῖς
1614 2069 1926 2124 ποθεινοτά-

2031 1972 2277 2038 Matidio,
2309 1969 2548 2024 Tarsino
2578 1974 2634 2020 et
2672 1962 2958 2029 Numerio,
3008 1975 3073 2015 ac
3105 1959 3320 2018 caeteris
3351 1957 3446 2028 qui
3477 1955 3621 2028 apud

2030 2080 2128 2120 vos
2157 2069 2287 2121 sunt
2323 2060 2604 2123 omnibus,
2654 2069 2871 2112 necnon
2905 2062 2958 2111 et
2985 2049 3332 2108 cbarissimis
3367 2049 3493 2105 ﬁliis
3530 2062 3624 2103 no-

340 2180 454 2226 τοις
482 2162 694 2226 τέκνοις
742 2162 920 2233 ἡμῶν,
946 2161 1226 2232 Παλλαδίῳ
1258 2161 1351 2214 καὶ
1377 2160 1677 2232 Σεϐηρίνῳ,
1704 2163 1816 2224 τοῖς
1836 2160 1926 2213 τὸν

2032 2161 2161 2218 stris
2194 2157 2442 2213 Palladio
2467 2162 2521 2212 et
2553 2153 2836 2217 Severino,
2865 2150 2958 2220 qui
2987 2157 3044 2204 et
3095 2146 3354 2202 laudabili
3381 2143 3622 2216 quodam

335 2253 542 2322 ἀγαθὸν
587 2253 747 2325 ζῆλον
777 2253 1100 2321 ἐζηλωκόσι,
1140 2254 1233 2308 καὶ
1268 2253 1360 2307 τὸν
1399 2254 1670 2324 μακάριον
1711 2253 1804 2306 καὶ
1830 2269 1927 2305 πε-

343 2343 637 2416 ριπόθητον
669 2342 783 2413 βίον
838 2344 1052 2406 ἑαυτοῖς
1092 2342 1367 2414 ἑλομένοις
1408 2341 1689 2415 ὀρθοδόξου
1728 2359 1789 2395 τε
1837 2341 1926 2394 πί-

339 2451 510 2500 στεως
537 2436 632 2491 καί⁵
678 2435 888 2500 τελείας
919 2433 1396 2504 συγκαταθέσεως,
1427 2436 1541 2497 τοῖς
1567 2433 1629 2486 τὸ
1654 2431 1806 2505 παρὰ
1828 2431 1923 2486 τοῦ

339 2527 595 2599 Σωτῆρος
627 2527 915 2600 εἰρημένον
944 2525 1235 2598 πληροῦσι,
1269 2526 1352 2592 τὸ,
1385 2527 1454 2579 El
1478 2525 1672 2591 θέλεις
1697 2526 1925 2591 τέλειος

337 2614 514 2684 εἶναι,
549 2618 839 2688 πώλησόν
866 2633 982 2673 σου
1013 2619 1086 2674 τὰ
1109 2617 1482 2687 ὑπάρχοντα,
1517 2616 1616 2670 καί
1642 2615 1748 2682 δὸς
1771 2631 1925 2669 πτω-

341 2708 494 2779 χοῖςσ
524 2711 618 2763 καὶ
647 2710 728 2775 τὺ,
771 2709 1083 2764 Ἐπώλουν
1103 2711 1175 2765 τὰ
1198 2709 1549 2779 ὑπάρχοντα
1577 2708 1794 2774 αὐτῶν,
1825 2708 1925 2762 καὶ

339 2803 623 2858 ἐτίθεσαν
655 2802 816 2872 παρὰ
853 2804 994 2870 τοὺς
1029 2803 1220 2870 πόδας
1263 2803 1383 2857 τῶν
1416 2803 1796 2857 ἀποστόλων’
1832 2803 1927 2863 καῖ

340 2891 443 2946 ὅσα
476 2894 584 2946 εἰσὶ
613 2893 804 2965 καίρια
839 2895 931 2948 καὶ
968 2893 1299 2964 ἁγαθώτατα
1334 2897 1452 2958 ταῖς
1493 2893 1702 2948 ἑαυτῶν
1728 2895 1927 2965 ψυχαῖς

342 2983 810 3055 προστιθεμένοις·
855 2985 1172 3055 Ἐπιφάνιος
1195 2988 1222 3039 ὁ
1255 2986 1538 3058 ἐλάχιστος
1567 2987 1676 3041 τῶν
1705 2986 1928 3040 ἐπισκό-

343 3092 482 3142 πων,
515 3078 610 3130 καὶ
638 3079 687 3130 οἱ
719 3078 815 3131 σὺν
846 3078 970 3148 ἐμοὶ
1005 3077 1242 3146 ἀδελφοὶ,
1270 3078 1326 3131 ὲν
1343 3078 1533 3150 Κυρίῳ
1549 3078 1668 3149 Θεῷ
1690 3078 1923 3151 χαίρειν.

411 3169 492 3226 A'.
522 3169 659 3240 Ἤδη
693 3169 793 3239 μὲν
815 3165 907 3223 οὖν
943 3168 1313 3241 μακαρίσαιμι
1337 3170 1402 3224 ἂν
1430 3171 1642 3236 ἑαυτὸν,
1683 3169 1928 3224 ποθεινό-

2030 2249 2249 2323 pietatis
2278 2247 2475 2303 ardore
2503 2244 2758 2316 ﬂagrant,
2793 2248 2847 2300 et
2873 2239 3094 2296 beatum
3130 2245 3293 2307 atque
3319 2233 3620 2306 optandum

2027 2344 2153 2400 vitae
2183 2356 2355 2414 genus
2386 2335 2624 2408 amplexi
2659 2342 2791 2391 sunt
2817 2347 2942 2388 cum
2965 2336 3118 2386 recta
3148 2327 3253 2385 ﬁde
3285 2341 3350 2381 ac
3379 2324 3621 2398 perfecta

2029 2449 2157 2490 cum
2187 2431 2434 2488 Ecclesia
2463 2426 2830 2486 consensione
2873 2421 3232 2493 conjunctum
3253 2437 3268 2486 ;
3293 2417 3497 2490 quique
3529 2417 3619 2473 in-

2031 2540 2197 2596 super
2250 2523 2378 2577 huic
2428 2515 2734 2574 Salvatoris
2789 2512 3077 2570 sententiae
3123 2522 3334 2564 morem
3369 2513 3614 2580 gerunt:

2031 2619 2091 2674 Si
2115 2619 2190 2673 vis
2215 2617 2475 2688 perfectus
2511 2628 2643 2676 esse,
2678 2608 2836 2666 vende
2865 2622 2981 2678 qua:
3007 2603 3186 2670 habes,
3205 2609 3254 2657 et
3283 2600 3353 2655 da
3372 2600 3619 2670 pauperi—

2031 2713 2126 2766 bus
2160 2712 2181 2742 ¹
2219 2728 2234 2778 ;
2273 2705 2680 2778 cujusmodiest
2714 2709 2768 2758 et
2793 2699 2928 2755 illud
2965 2715 2980 2754 :
3019 2694 3322 2752 Vendebant
3343 2693 3478 2747 bona
3496 2707 3623 2760 sua,

2032 2810 2081 2855 et
2119 2797 2448 2867 deponebant
2471 2796 2538 2849 ad
2569 2791 2724 2864 pedes
2769 2788 3134 2860 apostolorum
3161 2786 3224 2852 ³;
3268 2791 3381 2838 tum
3399 2782 3491 2853 qui
3521 2795 3622 2851 op-

2031 2897 2264 2963 portuna
2289 2895 2343 2944 et
2380 2886 2584 2958 optima
2599 2894 2829 2954 quaeque
2852 2877 3052 2934 animis
3079 2875 3136 2948 6
3165 2873 3280 2930 suis
3300 2869 3617 2935 conciliant,

2033 2980 2374 3052 Epiphanius
2429 2977 2691 3032 minimus
2744 2972 3150 3044 episcoporum,
3199 2973 3253 3023 et
3275 2965 3372 3036 qui
3404 2976 3619 3019 mecum

2033 3080 2162 3127 sunt
2201 3069 2421 3132 fratres,
2456 3067 2512 3120 in
2546 3064 2778 3120 Domino
2797 3061 3049 3116 salutem.

2105 3164 2146 3217 l.
2171 3161 2438 3233 Equidem
2488 3158 2573 3214 vel
2628 3157 2733 3211 hoc
2762 3152 2988 3208 nomine
3033 3149 3255 3206 felicem
3288 3160 3396 3209 me,
3426 3158 3460 3198 o
3488 3141 3619 3197 cha-

340 3278 514 3326 τατοι,
564 3235 659 3316 ὅτι-
688 3235 754 3330 γε
800 3261 874 3333 μὴ
912 3235 1066 3326 ὄντες
1095 3235 1265 3334 ἦμεῖς.
1294 3263 1469 3317 ἱκανοὶ
1511 3262 1646 3334 πρὸς
1691 3263 1788 3334 τὴν
1815 3263 1923 3316 τῶν

2033 3254 2258 3319 rissimi,
2286 3253 2411 3324 jure
2457 3245 2825 3322 praedicarim,
2880 3241 3048 3315 quod,
3089 3255 3215 3296 cum
3275 3236 3413 3294 nihil
3444 3235 3501 3292 in
3533 3249 3620 3290 me

342 3351 512 3421 ἁγίων
554 3352 648 3405 καὶ
688 3351 992 3407 σπουδαίων
1036 3353 1130 3406 καὶ
1192 3353 1355 3424 ζῆλον
1393 3351 1529 3406 Θεοῦ
1588 3352 1925 3424 ἀνειλημμέσ-
1973 3383 1977 3400 ι

340 3460 448 3497 νων
475 3443 728 3515 ἐνάρετον
758 3443 1068 3510 πολιτείαν,
1101 3442 1509 3515 καταξιούμεθα
1543 3443 1650 3497 ὑπὸ
1685 3442 1793 3497 τῶν
1822 3443 1924 3497 αὐ-

339 3533 450 3588 τῶν
482 3535 900 3599 ύπονύττεσθαι,
940 3535 1033 3588 τὸν
1065 3534 1190 3589 νοῦν
1216 3536 1504 3607 διεγείρειν
1530 3553 1589 3588 τε
1648 3535 1742 3590 καὶ
1770 3552 1926 3606 περι-

343 3627 495 3696 ιστᾷν
517 3627 595 3690 είς
626 3627 687 3680 τὸ
725 3628 1013 3699 χρήσιμον.
1048 3627 1122 3680 Τὸ
1154 3628 1264 3698 γὰρ
1289 3629 1347 3682 ὲν
1379 3629 1513 3699 ἡμῖν
1545 3629 1631 3682 ἀεὶ
1661 3629 1923 3684 ταπεινὸν

341 3719 598 3790 φρόνημα
624 3721 802 3792 ἡσυχῆ
833 3722 1120 3792 καρτερεῖν
1144 3721 1466 3786 σπουδάζον,
1495 3721 1589 3775 καὶ
1625 3721 1700 3794 μὴ
1727 3740 1924 3794 περαι-

339 3810 486 3882 τέρω
519 3811 929 3866 ὲπεκτείνεσθαι
964 3812 1073 3866 τῶν
1116 3812 1257 3881 ἄγαν
1302 3813 1649 3868 σκοπούντων
1686 3815 1702 3846 ¹
1750 3817 1926 3869 ἐκεῖνο

339 3903 404 3958 τὸ
437 3905 588 3976 παρὰ
620 3904 699 3973 τῷ
724 3905 1035 3978 Ἀποστόλῳ
1059 3907 1370 3978 εἰρημένον·
1391 3907 1526 3962 Ἵνα
1544 3907 1631 3978 μὴ
1661 3909 1929 3966 ἐπεκτεί-

339 4013 526 4066 νωμαι
558 3997 712 4066 ὑπὲρ
751 3997 818 4052 τὸ
851 3998 1075 4068 μέτρον
1104 3998 1209 4052 τοῦ
1240 4000 1517 4066 κανόνος,
1559 3996 1632 4056 οὗ
1667 4000 1926 4056 δέδωκεν

341 4088 488 4157 ἡμῖν
519 4091 552 4141 ὁ
607 4088 751 4154 Θεὸς
797 4089 1039 4157 μέτρου,
1091 4089 1384 4158 ἀφικέσθαι
1438 4091 1574 4160 πρὸς
1630 4090 1787 4144 τοῦτο
1831 4091 1927 4147 νῦν

331 4180 734 4266 ἐναγκόιζεται⁸
762 4181 1107 4251 Πανταχόθεν
1136 4181 1244 4252 γὰρ
1274 4183 1333 4241 αἱ¹
1349 4181 1518 4251 ψῆφοι
1549 4183 1927 4252 πρυτανεύσα-

342 4293 433 4328 σαι
452 4274 544 4328 τοῦ
568 4275 625 4327 ἐν
654 4275 781 4344 ὑμῖν
803 4272 988 4326 θεόθεν
1017 4273 1201 4344 ζήλου,
1222 4272 1330 4332 τῶν
1350 4291 1407 4327 τε
1441 4271 1616 4329 ἄλλων
1635 4273 1926 4344 ὁμοδόξων,

340 4385 414 4438 φη
423 4368 484 4438 μὶ
502 4367 565 4439 δὴ
593 4365 703 4419 τῶν
723 4365 822 4436 τὴν
851 4363 1158 4435 όρθοδοξίαν
1184 4363 1512 4435 ζηλούντων,
1537 4363 1630 4416 καὶ
1662 4363 1924 4417 Ὑπατίου

338 4459 396 4538 δέ
415 4458 510 4512 τοῦ
543 4457 734 4513 τέκνου
761 4458 939 4528 ήμῶν,
973 4457 1084 4510 ἀπὸ
1111 4457 1211 4529 τῆς
1230 4455 1548 4525 Αἰγυπτίων
1573 4455 1758 4528 χώρας
1787 4455 1926 4526 πρὸς

2031 3350 2102 3407 sit
2127 3354 2444 3405 sanctorum
2481 3343 2947 3414 optimorumque,
2979 3351 3044 3391 ac
3073 3333 3246 3390 divini
3295 3329 3503 3386 amoris
3549 3327 3624 3383 fa-

2029 3441 2188 3497 cibus
2227 3422 2689 3494 inﬁammatorum
2722 3431 3007 3487 hominum
3057 3423 3321 3482 laudabili
3364 3421 3622 3478 instituto

2029 3533 2277 3606 dignum,
2313 3530 2501 3586 abhis
2545 3529 2683 3599 ipsis
2741 3534 2923 3581 tamen
2974 3519 3178 3581 stimuli
3223 3516 3357 3572 mihi
3388 3514 3621 3586 subjecti

2030 3627 2164 3693 sint,
2201 3624 2342 3680 utad
2378 3623 2431 3678 id
2466 3622 2612 3693 quod
2659 3619 2793 3679 utile
2823 3632 2888 3672 ac
2935 3616 3279 3674 fructuosum
3313 3609 3624 3667 estexcita-

2032 3729 2147 3774 tum
2191 3718 2433 3773 animum
2489 3715 2876 3770 transferrem.
2905 3708 3117 3768 Etenim
3157 3703 3435 3776 ingenium
3485 3700 3621 3757 illud

2033 3806 2476 3880 nostrum,,quod
2493 3806 2765 3877 abjectum
2781 3809 2836 3859 et
2863 3801 3070 3856 bumile
3103 3799 3160 3853 in
3185 3797 3368 3868 quiete
3398 3795 3623 3864 otioque

2029 3903 2239 3960 versari
2274 3908 2538 3976 perpetuo
2570 3896 2773 3964 studet,
2805 3910 2984 3965 neque
3007 3907 3129 3948 sese
3159 3890 3302 3946 ultra
3325 3903 3489 3958 quam
3522 3900 3622 3957 par

2031 4005 2114 4051 est
2168 3993 2472 4058 intendere,
2531 4006 2657 4047 cum
2693 3989 2826 4044 illud
2878 3987 2980 4043 sibi
3019 3987 3086 4041 ab
3115 3983 3378 4056 Apostolo
3411 3980 3619 4036 dictum

2032 4085 2382 4157 proposuerit
2421 4099 2434 4135 :
2467 4081 2551 4136 Ne
2586 4079 2866 4136 extendam
2903 4095 2982 4132 me
3018 4077 3162 4130 ultra
3195 4089 3497 4129 mensuram
3547 4087 3621 4124 re-

2032 4180 2192 4246 gutce,
2226 4192 2386 4246 quam
2426 4173 2574 4228 nobis
2622 4171 2765 4224 Deus
2815 4168 3048 4237 pra'ﬁxit
3079 4166 3102 4197 ⁸
3135 4183 3150 4220 :
3183 4180 3248 4219 eo
3297 4162 3461 4216 modo
3495 4176 3620 4230 per-

2032 4269 2219 4323 venire
2250 4267 2488 4337 cogitur.
2543 4262 2681 4318 Nam
2733 4277 2857 4316 cum
2892 4269 3078 4314 vestra
3113 4253 3400 4311 hominum
3434 4251 3621 4308 divino

2033 4374 2219 4414 amore
2244 4356 2615 4428 flagrantium,
2649 4360 2764 4407 tum
2795 4351 3052 4418 aliorum,
3077 4348 3172 4420 qui
3196 4347 3253 4402 in
3281 4344 3472 4402 eadem
3495 4358 3621 4400 sen-

2033 4451 2199 4507 tentia
2254 4457 2404 4514 sunt,
2457 4447 2562 4501 hoc
2609 4452 2694 4501 est
2733 4450 2941 4500 rectam
2976 4439 3256 4497 vobiscum
3299 4436 3457 4493 ﬁdem
3505 4450 3620 4490 am-

345 4539 411 4621 μέ
442 4551 528 4605 διὰ
561 4550 718 4604 τοῦτο
748 4551 996 4622 ἥκοντος,
1031 4551 1211 4603 πᾶσαν
1245 4549 1344 4619 μὲν
1393 4547 1692 4620 ρᾳθυμίαν,
1739 4548 1924 4603 πάντα

2035 4543 2180 4614 plcxi
2229 4549 2380 4606 sunt,
2439 4553 2655 4595 necnon
2710 4542 2764 4591 et
2804 4533 3022 4606 Hypatii
3071 4531 3166 4586 ﬁlii
3196 4529 3397 4592 nostri,
3430 4528 3525 4600 qui
3554 4541 3621 4583 ex

339 4640 399 4694 δὲ
427 4639 583 4694 ὄκνον
617 4639 1035 4710 παρεσκεύασαν
1080 4637 1404 4704 ἀποθέσθαι,
1460 4637 1656 4708 μηκέτι
1687 4637 1921 4707 στέγειν,

2032 4633 2262 4707 Egypto
2285 4633 2352 4688 ad
2375 4648 2477 4689 nos
2505 4647 2569 4687 ea
2596 4630 2664 4686 de
2690 4625 3172 4698 causa'profectus
3218 4631 3324 4688 est,
3358 4620 3620 4691 suffragia

347 4732 483 4802 μήτε
518 4731 577 4783 ὲν
603 4730 841 4802 δευτέρῳ
870 4729 1135 4795 τίθεσθαι,
1160 4729 1230 4782 τὰ
1253 4729 1379 4800 περὶ
1400 4728 1639 4794 πίστεως
1664 4730 1921 4801 γράφειν.

355 4821 787 4894 Ἑπιζητούντων
813 4821 988 4893 ὑμῶν,
1011 4821 1107 4876 καὶ
1129 4821 1239 4874 τῶν
1269 4822 1556 4893 ἡμετέρων
1585 4821 1830 4891 ἀδελφῶν
1857 4823 1926 4879 τὰ

343 4913 472 4980 περὶ
511 4912 612 4982 τῆς
648 4911 918 4983 ὑμετέρας
961 4911 1256 4982 σωτηρίας,
1281 4914 1345 4965 ὲκ
1359 4911 1459 4982 τῆς
1475 4911 1624 4976 θείας
1641 4913 1730 4966 καὶ
1763 4912 1926 4982 ἁγίας

345 5002 564 5073 Γραφῆς
582 5002 673 5054 τὸν
693 5002 908 5072 στερεὸν
924 5000 1170 5072 θεμέλιον
1186 5000 1287 5070 τῆς
1316 5001 1547 5064 πίστεως
1573 5001 1700 5072 περὶ
1714 5002 1926 5072 Πατρδς

343 5093 439 5147 καὶ
453 5093 584 5146 Υἱοῦ
602 5093 692 5148 καὶ
707 5093 860 5161 ἁγίου
878 5093 1016 5148 Πνεύ
1025 5110 1211 5163 ματος,
1228 5092 1323 5146 καὶ
1341 5092 1440 5164 τῆς
1455 5092 1617 5163 ἄλλης
1635 5094 1850 5163 ἁπάσης
1870 5097 1925 5147 ἐν

342 5181 564 5253 Χριστῷ
593 5183 883 5253 σωτηρίας,
912 5183 1259 5247 ἀναστάσεως
1293 5200 1352 5238 τε
1382 5183 1589 5254 νεκρῶν
1628 5183 1790 5254 λέγω,
1828 5184 1922 5236 καὶ

344 5275 611 5345 ἐασάρκου
646 5272 948 5343 παρουσίας
986 5273 1080 5327 τοῦ
1131 5273 1490 5342 Μονογενοῦς’
1527 5276 1620 5327 καὶ
1656 5273 1785 5346 περὶ
1822 5273 1924 5344 τῆς

345 5364 505 5433 ἁγίας
543 5365 837 5437 Διαθήκης,
868 5365 1110 5430 ΙΙαλαιᾶς
1137 5384 1197 5419 τε
1231 5368 1325 5420 καὶ
1351 5367 1581 5436 Καινῆς,
1612 5367 1708 5420 καὶ
1749 5366 1924 5422 ἄλλων

346 5457 680 5524 ἁπαξαπλῶς
716 5455 1027 5510 συστάσεων
1067 5457 1167 5528 τῆς
1213 5456 1427 5520 τελείας
1473 5457 1768 5528 σωτηρίας·
1813 5455 1923 5523 ἐγὼ

347 5547 476 5617 γοῦν
513 5545 692 5602 λαϐὼν
724 5547 824 5618 τὴν
857 5546 1115 5614 τοιαύτην
1152 5546 1415 5618 πρότασιν
1463 5547 1569 5599 τῶν
1625 5547 1918 5617 αἰτήσεων,

2030 4739 2352 4799 precesque,
2387 4740 2510 4794 quae.
2557 4737 2646 4778 me
2694 4718 3106 4792 quodammodo
3144 4716 3503 4771 moderantur
3556 4725 3622 4766 ac

2030 4826 2245 4889 regunt,
2274 4815 2561 4886 segnitiem
2586 4821 2645 4868 ut
2671 4827 2890 4869 omnem
2919 4826 2984 4866 ac
2997 4807 3507 4881 tergiversationem
3524 4804 3622 4859 de-

2030 4923 2313 4980 ponerem,
2337 4907 2497 4962 facile
2526 4905 2932 4975 compulerunt,
2983 4908 3044 4957 ut
3070 4900 3345 4958 sustinere
3377 4896 3619 4967 amplius

2032 5009 2125 5055 aut
2155 4999 2571 5070 prmtermitlcrc
2600 5013 2707 5053 non
2757 5009 3000 5066 possem,
3034 5007 3145 5062 quo
3175 4991 3361 5046 minus
3398 4988 3521 5044 ﬁdei
3547 4987 3619 5042 ad

2031 5109 2129 5148 vos
2165 5091 2451 5146 formulam
2491 5089 2922 5146 conscriberem.
2959 5083 3413 5155 Quandoquidem
3447 5088 3559 5135 tam
3587 5095 3618 5134 a

2029 5184 2206 5249 vobis,
2231 5198 2395 5253 quam
2442 5197 2473 5236 a
2531 5183 2742 5237 caneris
2796 5179 3059 5235 fratribus
3102 5176 3310 5234 nostris
3388 5183 3616 5246 rogatus

2025 5291 2169 5339 sum,
2207 5285 2263 5329 ut
2287 5289 2352 5329 ca
2374 5288 2495 5343 qua:
2518 5288 2642 5327 cum
2687 5272 2864 5328 salute
2899 5278 3082 5325 vestra
3113 5266 3413 5337 conjuncta
3458 5272 3612 5328 sunt,

2026 5367 2131 5422 hoc
2154 5373 2238 5422 est
2266 5365 2500 5421 solidum
2526 5363 2651 5418 ﬁdei
2673 5361 3131 5431 credulitatisque
3174 5358 3242 5414 de
3260 5356 3444 5422 Patre,
3473 5352 3614 5406 Filio

2025 5465 2080 5512 et
2115 5456 2325 5527 Spiritu
2363 5465 2555 5512 sancto
2592 5461 2798 5511 nostra
2845 5452 3287 5514 fundamentum,
3322 5457 3540 5512 unaque
3558 5449 3615 5497 et

2026 5557 2348 5604 caeterorum
2382 5547 2820 5605 Christianorum
2854 5543 3193 5616 dogmatum,
3230 5534 3398 5594 veluti
3429 5544 3616 5590 resur-

421 5702 520 5763 ‘F.
549 5723 805 5762 σκοπουν.
883 5708 902 5738 ²
929 5704 1115 5762 Matth.
1153 5720 1266 5773 3m,
1297 5704 1385 5758 2|.
1469 5705 1622 5760 3Act.
1660 5722 1732 5771 tv,
1767 5706 1854 5761 57.

2032 5704 2048 5759 ι
2067 5704 2194 5760 Cor.
2224 5721 2278 5771 Χ,
2316 5705 2398 5760 15.
