4012 6210
344 175 411 226 l9
1730 189 1788 244 s.
1829 185 2171 244 EPlPllANll
3543 173 3616 232 20

348 302 610 364 rectionis
644 313 1009 369 mortuorum,
1034 302 1451 368 incarnationis,
1477 304 1602 359 item
1630 301 1699 358 dc
1725 299 1924 357 Vetere

2041 299 2126 352 ιύκ
2151 297 2346 367 ὀλίγων
2381 295 2578 362 οὐσῶν,
2611 297 2762 370 παρά
2777 297 2884 351 τῶν
2901 296 3028 368 περὶ
3045 291 3143 350 τδν
3165 294 3389 368 ἀδελφὸν
3411 294 3616 350 Κώνω-

348 409 416 454 ac
437 394 588 452 Novo
620 393 994 458 Testamento,
1048 393 1280 464 aliisque
1318 393 1599 459 omnibus,
1647 390 1930 462 inquibus

349 488 594 560 perfecta
654 485 807 542 salus
856 483 1114 540 consistit
1166 497 1230 540 ac
1276 484 1490 547 nititur,
1519 498 1586 540 ex
1619 481 1929 537 divinarum

345 595 412 634 ac
458 585 775 634 sanctarum
825 572 1152 630 Litteramm
1205 574 1533 630 auctoritate
1595 572 1928 637 scriberem;

345 683 448 739 ego
472 682 606 724 vero
627 666 832 722 auditis
863 663 1136 735 ejusmodi
1166 664 1442 735 precibus,
1475 677 1614 733 quas
1643 677 1752 718 non
1789 677 1927 733 pau-

347 775 442 816 cas
467 759 689 830 Couops
732 756 800 812 ad
841 772 928 812 me
949 755 1154 826 collega
1179 755 1484 826 presbyter,
1517 762 1572 810 et
1593 753 1684 825 qui
1715 768 1840 810 cum
1863 767 1930 809 eo

345 859 527 917 erant,
556 866 621 906 ac
653 866 776 906 cum
805 849 921 915 alii,
941 857 1055 904 tum
1073 864 1194 912 vos,
1218 847 1535 904 charissimi
1565 847 1682 913 filii,
1715 862 1927 902 necnon

347 951 403 997 ct
436 941 700 1014 Hypatius
739 939 885 997 ﬁlius
935 946 1144 1002 noster,
1179 939 1271 1010 qni
1313 938 1381 993 ad
1433 953 1520 994 me
1550 949 1833 1010 propterea
1863 953 1927 993 ex

347 1034 586 1107 Egypto
622 1032 789 1096 venit.
821 1031 1189 1103 pertulerant;
1223 1045 1346 1086 cum
1373 1038 1453 1086 tot
1483 1031 1537 1084 in
1562 1031 1704 1086 idem
1733 1029 1928 1086 suffra-

345 1127 438 1199 gia
475 1124 828 1182 consensisse
872 1137 1177 1188 cernerem,
1219 1130 1402 1178 mente
1449 1123 1742 1194 animoque
1779 1137 1931 1178 com-

2038 409 2114 446 πα
2153 389 2247 444 τὸν
2306 387 2790 461 συμπρεσϐύτερον
2834 387 2930 442 καὶ
2967 387 3078 442 τῶν
3117 386 3265 458 αὐτῷ
3309 386 3613 458 ἑπομένων,

2036 482 2211 538 ἄλλων
2242 482 2300 537 δὲ
2329 482 2422 535 καὶ
2449 480 2548 552 τῆς
2574 480 2729 552 ὑμῶν
2757 481 3092 552 τιμιότητος,
3121 479 3288 535 τέκνα
3306 478 3618 533 ποθεινότα-

2035 593 2127 643 τα,
2153 575 2214 629 οὐ
2241 574 2348 646 μὴν
2382 571 2519 627 ἀλλὰ
2547 573 2644 626 καὶ
2670 572 2765 625 τοῦ
2791 571 2983 626 τέκνου
3016 571 3173 642 ἡμῶν
3217 569 3478 624 ’Υπατίου
3507 568 3617 624 ἀπὸ

2033 666 2134 738 τῆς
2176 663 2454 734 Αἰγύπτου
2495 662 2634 734 πρὸς
2680 662 2747 733 μὲ
2791 661 2881 716 διά
2930 660 3090 715 τοῦτο
3118 662 3364 733 ἥκοντος,
3399 661 3617 730 όμοφὼο

2035 774 2162 822 νους
2218 755 2431 828 ψήφους
2466 754 2667 818 πολλὰς
2694 753 2836 827 ὁρῶν
2863 753 3023 826 ὁμοῦ,
3062 753 3282 826 δηχθεὶς
3316 752 3414 826 τὴν
3444 753 3616 824 φρένα

2033 849 2130 902 καὶ
2159 846 2253 901 τὸν
2287 845 2570 918 λογισμὸν,
2606 844 2948 915 ἐσκεψάμην·
2986 844 3082 897 καὶ
3109 843 3256 911 ἔδοξέ
3286 861 3376 915 μοι
3408 842 3613 914 προθύ-

2038 956 2156 1010 μως
2174 934 2592 1010 ὁρμῆσαι,κατά
2611 935 2708 1007 τὴν
2730 935 2884 1007 ὑμῶν
2901 934 2988 989 διὰ
3008 935 3351 1006 γραμμάτων
3369 932 3615 1000 ἀξίωσιν,

2035 1029 2428 1094 ἀνενδοιάστως
2464 1028 2560 1083 ἐπὶ
2591 1027 2652 1081 τὸ
2697 1026 2935 1100 γράφειν
2975 1026 3182 1097 ταύτην
3227 1043 3330 1098 μου
3368 1026 3468 1098 τὴν
3500 1027 3618 1081 ἑπι-

2038 1122 2231 1196 στολὴν
2257 1120 2359 1193 ἐμὲ
2390 1121 2482 1176 τδν
2512 1119 2716 1193 βραχὺν
2745 1118 2823 1191 τῷ
2857 1118 3108 1191 ὑμετέρῳ
3137 1118 3309 1190 πόθῳ.

349 1228 530 1275 motus
551 1226 803 1289 reputare
836 1232 1050 1274 mecum
1081 1218 1196 1288 ipse
1214 1219 1356 1289 cmpi
1393 1233 1500 1274 :ac
1531 1219 1748 1275 tandem
1779 1217 1926 1275 istud
1966 1219 2100 1274 mihi
2144 1226 2397 1291 prompte
2448 1225 2504 1274 et
2533 1217 2789 1273 alacriter
2847 1213 3158 1271 faciendum
3194 1229 3317 1271 esse
3375 1215 3614 1281 decrevi,

349 1323 410 1367 ut
445 1327 545 1383 pro
599 1327 686 1378 eo,
740 1326 806 1367 ac
844 1328 941 1384 per
993 1311 1202 1368 litteras
1252 1313 1596 1384 postulastis,
1635 1314 1704 1370 ad
1759 1314 1903 1371 hanc
1954 1316 2113 1372 vobis
2173 1329 2274 1387 pro
2331 1321 2516 1371 vestro
2570 1312 2847 1370 desiderio
2910 1310 3256 1370 scribendam
3303 1311 3615 1383 epistolam,

350 1407 532 1464 tenuis
557 1408 684 1465 licet
708 1408 1111 1475 etimbecillus,
1158 1410 1278 1466 sine
1314 1411 1425 1464 ulla
1479 1411 1932 1482 tergiversatione
1969 1426 2059 1468 me
2088 1409 2420 1467 conferrem.

421 1499 473 1568 7
504 1498 570 1555 11.
609 1501 688 1556 Ac
721 1499 852 1554 mihi
880 1500 1099 1570 quidem
1123 1499 1340 1556 Domini
1371 1500 1574 1574 Deique
1599 1503 1770 1563 nostri
1801 1519 1930 1575 pro-

2111 1505 2188 1559 B'.
2221 1503 2335 1558 Kal.
2369 1500 2576 1573 σφόδρα
2603 1499 2704 1572 μὲν
2745 1498 3119 1573 ὲκπλήττομαι
3154 1495 3484 1570 θαυμαστῶς
3519 1497 3621 1570 τὴν

349 1590 644 1646 videntiam
669 1591 1017 1648 vehementer
1033 1591 1296 1648 admirari
1319 1593 1469 1660 libet,
1487 1594 1578 1663 qui
1598 1609 1698 1664 pro
1721 1593 1934 1658 infinita

2041 1591 2132 1648 τοῦ
2159 1593 2367 1665 Κυρίου
2404 1592 2498 1647 καὶ
2524 1591 2660 1645 Θεοῦ
2695 1589 2855 1661 ἡμῶν
2890 1588 3224 1661 οἰκονομίαν,
3257 1589 3318 1654 ὃς
3357 1589 3619 1660 εὐδόκησε

353 1695 455 1735 sua
491 1679 740 1737 bonitate
769 1681 1024 1738 omnibus
1047 1682 1103 1736 in
1136 1681 1303 1739 rebus
1331 1690 1584 1738 sanetum
1612 1697 1775 1739 suum
1810 1681 1934 1754 Spi-

349 1772 520 1830 ritum
552 1774 621 1831 iis
661 1774 753 1846 qui
794 1789 854 1833 se
901 1789 968 1831 ex
1020 1774 1207 1830 animo
1258 1776 1625 1846 requirerent,
1667 1776 1935 1848 impertiri

348 1866 546 1923 voluit.
583 1865 772 1938 Neque
805 1867 950 1922 enim
986 1866 1106 1923 sine
1150 1867 1338 1925 divino
1375 1869 1613 1940 quodam
1667 1869 1934 1924 instinctu

349 1967 596 2016 vestrum
644 1960 891 2018 omnium
941 1962 1344 2033 postulationes
1396 1979 1495 2036 per
1543 1964 1758 2021 litteras
1800 1964 1935 2022 mihi

348 2067 474 2108 esse
498 2051 832 2123 significatas
859 2053 1139 2119 existimo,
1172 2054 1268 2111 sed
1305 2056 1449 2110 hunc
1477 2071 1577 2126 ego
1606 2057 1777 2112 animi
1812 2073 1935 2114 mo-

350 2156 468 2199 tum
499 2144 688 2200 divina
713 2145 873 2200 vobis
901 2145 1141 2200 aﬂlatum
1179 2161 1303 2203 esse
1334 2148 1509 2218 gratia
1533 2147 1800 2218 judicavi.
1831 2149 1938 2204 Ne-

351 2249 460 2303 que
490 2233 635 2289 enim
674 2233 902 2290 dubium
939 2243 1025 2293 est
1059 2236 1194 2308 quin
1235 2237 1272 2293 ii
1305 2239 1400 2308 qui
1435 2238 1622 2295 eadem
1648 2255 1772 2294 cum
1812 2241 1940 2297 divo

351 2321 516 2379 Petro
568 2338 633 2379 ac
690 2327 1086 2383 consentientia
1134 2327 1318 2383 dicere
1367 2329 1696 2400 potuerint;
1761 2329 1841 2384 Tu
1884 2347 1938 2386 es

353 2411 597 2467 Christus
626 2410 803 2469 Filius
833 2412 930 2469 Dei
956 2416 1058 2470 vivi
1081 2415 1124 2483 ⁸,
1159 2417 1227 2471 ab
1255 2417 1374 2487 ipso
1401 2416 1627 2474 Domino
1654 2418 1942 2476 manifeste

353 2503 500 2559 beati
547 2503 882 2574 praedicandi
922 2506 1055 2571 sint,
1088 2508 1547 2578 quemadmodum
1593 2518 1816 2566 sanctus
1847 2511 1939 2568 ille

352 2593 486 2649 felix
539 2602 624 2649 est
669 2593 823 2650 hisce
862 2595 1045 2652 verbis
1085 2595 1344 2653 habitus:
1392 2596 1586 2652 Beatus
1642 2616 1718 2664 es,
1753 2599 1941 2654 Simon

356 2680 454 2736 bar
488 2679 692 2748 Jona',
733 2683 836 2741 hoc
862 2692 968 2751 est,
1001 2685 1084 2755 ﬁli
1114 2684 1269 2741 Jonw
1290 2703 1309 2740 :
1342 2685 1512 2745 Jonas
1550 2687 1753 2759 quippe
1787 2676 1941 2758 pater

355 2771 506 2829 illius
529 2773 924 2844 appellabatur.
943 2773 1117 2831 Porro
1137 2774 1328 2840 dictio,
1344 2775 1460 2842 bar,
1479 2775 1741 2832 Hebraicc
1767 2778 1940 2848 ﬁlium

354 2873 534 2920 sonat.
584 2863 662 2918 Ea
693 2881 821 2922 vero
867 2862 1087 2922 demum
1117 2875 1203 2924 est
1243 2868 1385 2932 vita,
1422 2883 1586 2938 quam
1623 2869 1939 2940 unigenitus

2035 1688 2102 1757 τῇ
2131 1684 2405 1757 ὑπερϐολῇ
2438 1683 2540 1754 τῆς
2576 1681 2743 1736 αὐτοῦ
2778 1681 3116 1754 ἀγαθότητος
3141 1683 3198 1736 ἐν
3233 1682 3406 1736 ἆπασι
3435 1679 3620 1736 δοῦναι

2034 1776 2097 1836 τὸ
2129 1775 2283 1845 ἅγιον
2311 1774 2477 1829 αὐτοῦ
2504 1772 2728 1845 Πνεῦμα
2752 1774 2864 1837 τοῖς
2893 1771 3054 1827 αὐτὸν
3075 1773 3134 1826 ὲν
3162 1771 3390 1845 ἀληθείᾳ
3422 1770 3621 1844 ζητοῦ-

2038 1883 2144 1923 σιν.
2180 1867 2294 1920 Οὐκ
2321 1865 2515 1930 ἀθέους
2543 1863 2651 1937 γάρ
2681 1864 2837 1936 ὑμῶν
2862 1863 2957 1917 καὶ
3003 1861 3113 1917 τῶν
3141 1863 3262 1918 καθ’
3296 1865 3442 1937 ὑμᾶς
3463 1863 3624 1935 αἰτή-

2039 1975 2154 2024 σεις
2189 1957 2290 2022 τάς
2319 1955 2406 2011 διά
2430 1956 2539 2010 τῶν
2580 1955 2927 2028 γραμμάτων
2959 1955 3278 2028 ἡγησάμην,
3306 1956 3620 2011 ποθεινότα-

2035 2068 2140 2114 τοι,
2185 2047 2322 2104 ἀλλά
2359 2047 2460 2120 τὴν
2496 2046 2708 2118 κίνησιν
2754 2047 3055 2118 ὲδοκίμασα
3096 2049 3161 2101 ὲκ
3203 2047 3306 2118 τῆς
3350 2047 3447 2101 τοῦ
3485 2046 3622 2102 Θεοῦ

2039 2141 2256 2212 χάριτος
2290 2141 2349 2193 ὲν
2379 2141 2506 2210 ὑμῖν
2535 2138 2881 2210 ύπάρξασαν.
2919 2139 3036 2192 Ἐπ’
3071 2137 3330 2208 ἀληθείας
3369 2139 3497 2210 γάρ,
3527 2139 3624 2196 καὶ

2040 2233 2238 2297 εἰδότες
2269 2231 2566 2295 συνοίδατε,
2595 2231 2692 2284 καὶ
2715 2229 2980 2300 σύμφωνα
3022 2228 3206 2298 λέγειν
3235 2229 3314 2302 τῷ
3339 2246 3616 2302 μακαριωο

2038 2325 2186 2397 τάτῳ
2223 2324 2434 2395 Πέτρῳ,
2475 2324 2558 2377 ὅτι
2604 2323 2690 2379 Σὺ
2719 2324 2777 2377 εἷ
2798 2323 2830 2377 ὁ
2854 2322 3107 2393 Χριστὸς
3128 2325 3160 2378 ὀ
3183 2323 3314 2390 Υἱὸς
3336 2323 3442 2378 τοῦ
3473 2323 3624 2378 Θεοῦ

2039 2419 2149 2474 τοῦ
2187 2417 2423 2486 ζῶντος,
2473 2418 2661 2488 σαφῶς
2689 2417 2778 2470 ὑπ’
2819 2415 2986 2470 αὐτοῦ
3019 2414 3113 2469 τοῦ
3149 2415 3350 2488 Κυρίου
3388 2431 3624 2488 μακαρι-

2042 2511 2352 2584 σθήσονται,
2402 2509 2588 2574 καθὼς
2638 2509 2734 2564 καὶ
2779 2511 2808 2563 6
2843 2507 2998 2578 ἅγιος
3031 2509 3236 2572 ἐκεῖνος
3268 2507 3623 2580 ὲμακαρίσθη

2040 2603 2254 2658 ἀκούων
2276 2619 2292 2636 ο
2320 2599 2623 2671 Μακάριος
2652 2595 2710 2655 εἷ
2737 2598 2840 2666 σὺ,
2871 2599 3067 2668 Σίμων
3097 2597 3220 2667 βὰρ
3252 2595 3444 2661 Ἰωνᾶ,
3468 2614 3625 2652 τουτ-

2042 2694 2212 2760 έστιν,
2263 2693 2357 2749 υἱὲ
2383 2690 2576 2762 Ἰωνᾶ,
2618 2693 2646 2746 6
2682 2691 2791 2762 γὰρ
2832 2690 3012 2764 πατὴρ
3057 2690 3224 2744 αὐτοῦ
3264 2690 3451 2753 Ἰωνᾶς
3495 2692 3624 2744 ὲκα-

2041 2785 2218 2839 λεῖτο’
2271 2783 2332 2838 τὸ
2382 2783 2440 2838 δὲ
2480 2783 2606 2854 ,ϐὰρ
2651 2781 3010 2854 ἑρμηνεύεται
3051 2782 3117 2836 ὲκ
3165 2781 3263 2853 τῆς
3327 2780 3624 2854 Ἐὅραῖκῆς

2040 2877 2340 2943 διαλέκτου,
2382 2876 2532 2944 υἱός.
2561 2875 2672 2930 Καὶ
2715 2875 2871 2930 τοῦτο
2911 2871 2980 2948 ἦν
3010 2877 3044 2947 ἡ
3090 2875 3225 2947 ζωὴ,
3257 2875 3326 2946 ἦν
3363 2875 3563 2930 ἔδωκεν
3593 2876 3625 2929 6

355 2955 527 3012 Filius
574 2956 863 3029 discipulis
904 2959 1022 3016 suis
1047 2959 1274 3032 largitus
1322 2969 1405 3016 est
1436 2959 1667 3016 dicens:
1719 2959 1788 3015 Ut
1836 2961 1932 3015 ha-

2041 2967 2333 3039 μονογενὴς
2372 2967 2498 3030 Υἱὸς
2544 2969 2658 3031 τοῖς
2703 2965 2898 3020 ἑαυτοῦ
2932 2965 3200 3038 μαθηταῖς
3240 2965 3412 3036 λέγων
3438 2984 3452 2997 ·
3487 2965 3624 3022 Ἰνιι

356 3047 509 3100 beant
541 3047 704 3102 vitam
741 3048 794 3102 in
829 3065 884 3103 se
911 3049 1040 3118 ipsis
1065 3050 1120 3118 ³;
1155 3059 1214 3104 ιιι
1254 3049 1463 3107 scilicet
1501 3061 1820 3121 cognoscant
1850 3069 1941 3107 so-

353 3138 466 3192 lum
503 3156 680 3194 verum
717 3139 924 3204 Deum,
965 3149 1015 3196 et
1048 3157 1202 3213 quem
1234 3143 1344 3213 ipse
1380 3143 1526 3197 misit
1553 3141 1740 3198 Iesum
1784 3140 1942 3198 Chri-

353 3241 496 3285 stum
517 3231 557 3283 δ.
581 3229 686 3285 Ubi
721 3245 846 3287 cum
878 3231 1014 3287 dixit
1043 3233 1216 3288 solum
1241 3250 1420 3288 verum
1450 3234 1641 3300 Deum,
1671 3235 1736 3290 ad
1769 3251 1940 3291 unum

355 3321 803 3392 singularemque
825 3319 996 3377 Deum
1021 3337 1121 3377 nos
1147 3324 1454 3390 transtulit,
1474 3339 1543 3380 ne
1563 3325 1752 3380 mundi
1773 3325 1940 3395 hujus

355 3411 646 3466 elementis
691 3410 1044 3467 serviendum
1096 3412 1331 3482 amplius
1399 3423 1750 3484 putaremus;
1802 3431 1942 3474 neve

355 3501 582 3559 deorum
607 3502 664 3558 in
701 3502 862 3560 nobis
892 3503 1073 3558 adhuc
1099 3503 1394 3560 multitudo
1426 3505 1713 3576 resideret,
1748 3516 1842 3564 aut
1871 3509 1941 3565 ad

354 3593 488 3650 illud
530 3595 705 3665 stupri
737 3610 912 3666 genus
947 3593 1234 3650 hominum
1265 3603 1483 3653 mentes
1511 3596 1935 3670 dissiparentur,

361 3685 459 3742 sed
483 3686 550 3741 ad
593 3686 759 3741 unius
787 3687 1015 3757 verique
1044 3685 1142 3743 Dei
1180 3687 1616 3760 singularitatem
1647 3706 1770 3748 sese
1801 3708 1938 3748 con-

357 3784 680 3833 verterent:
737 3775 962 3832 Initium
1000 3779 1187 3849 quippe
1229 3779 1600 3850 fornicationis
1641 3791 1721 3837 est
1753 3783 1940 3853 exqui-

353 3869 478 3925 sitio
505 3869 789 3936 idolorum,
817 3878 879 3926 ut
921 3872 999 3927 ait
1031 3869 1318 3943 Scriptura
1337 3873 1381 3930 ⁸.
1409 3871 1585 3930 Porro
1615 3889 1742 3931 cum
1780 3875 1936 3944 dicit,

361 3961 427 4018 Et
453 3980 606 4034 quem
645 3964 844 4019 misisti
890 3963 1077 4021 Iesum
1108 3963 1402 4033 Christum,
1446 3981 1676 4038 ecquem
1715 3969 1935 4024 tandem

351 4053 539 4111 Jesum
575 4055 856 4112 Christum
905 4057 1202 4131 intelligit?
1240 4055 1444 4116 Verum
1482 4060 1672 4132 utique
1717 4060 1934 4120 Deum:

353 4147 546 4212 Deum,
580 4147 825 4220 inquam,
847 4147 1132 4208 Christum
1166 4149 1380 4219 Jcsum,
1410 4161 1473 4209 ut
1510 4153 1580 4210 de
1607 4155 1725 4225 ipso
1766 4163 1938 4214 testa—

2040 3060 2226 3130 ἔχωσι
2270 3059 2386 3129 τὴν
2433 3058 2589 3128 ζωὴν
2636 3059 2707 3113 ἐν
2743 3057 3000 3126 ἑαυτοῖς,
3052 3057 3120 3114 τὸ
3152 3056 3472 3130 γινώσκειν
3517 3059 3626 3115 τὸν

2036 3154 2228 3223 μόνον
2254 3154 2542 3222 ἀληθινὸν
2567 3155 2738 3219 Θεὸν,
2757 3153 2857 3208 καὶ
2889 3152 2961 3207 ὃν
2979 3150 3340 3208 ἀπέστειλεν
3377 3151 3627 3223 Ἰησοῦν

2039 3245 2316 3313 Χριστόν.
2362 3245 2452 3298 Ἐν
2477 3241 2557 3315 τῷ
2599 3239 2694 3300 οῦν
2720 3245 2917 3310 εἰπεῖν,
2960 3243 3079 3299 Τὸν
3108 3245 3304 3315 μόνον
3331 3247 3626 3311 ἀληθινὸν

2043 3337 2213 3404 Θεὸν,
2245 3339 2327 3402 εἰς
2372 3338 2673 3410 μοναρχίαν
2712 3338 2861 3410 ἡμᾶς
2893 3337 3101 3408 ἢγαγεν
3122 3353 3138 3370 ⁸
3170 3338 3259 3392 ἵνα
3294 3337 3492 3410 μηκέτι
3520 3337 3626 3391 ὑπὸ

2039 3429 2109 3483 τά
2151 3429 2391 3499 στοιχεῖα
2419 3427 2515 3480 τοῦ
2557 3426 2761 3498 κόσμου
2791 3421 2942 3500 ὧμεν
2983 3428 3397 3502 δεδουλωμένοι,
3426 3429 3514 3484 ἵνα
3549 3429 3625 3501 μὴ

2042 3519 2300 3576 πολυθεῖα
2332 3521 2389 3573 ὲν
2428 3521 2563 3591 ἡμῖν
2591 3519 2670 3573 ἔτι
2709 3516 2766 3592 ᾖ,
2812 3520 2908 3574 καὶ
2948 3521 3042 3575 ἐπὶ
3077 3522 3338 3592 πορνείαν
3367 3521 3624 3592 τοιαύτην

2041 3610 2499 3684 ὲπισκορπίζηται
2526 3611 2596 3665 τὰ
2627 3611 2737 3666 τῶν
2768 3612 3070 3685 ἀνθρώπων
3095 3615 3364 3688 νοήματα,
3394 3613 3509 3668 ἀλλ’
3532 3613 3626 3668 ἐπὶ

2040 3703 2270 3776 ἑνότητα
2297 3702 2391 3756 τοῦ
2423 3703 2586 3775 μόνου
2621 3703 2876 3775 ἀληθινοῦ
2898 3704 3034 3759 Θεοῦ
3058 3723 3072 3735 ·
3105 3706 3312 3775 Πρώτη
3342 3705 3453 3778 γὰρ
3485 3720 3627 3773 πορ-

2037 3795 2192 3860 νεία,
2242 3795 2478 3849 ἐπίνοια
2531 3792 2813 3860 εἰδώλων,
2860 3796 3026 3869 φησὶν
3075 3797 3110 3869 ἡ
3147 3797 3360 3869 Γραφή.
3410 3793 3524 3852 Καὶ
3551 3795 3626 3849 ὃν

2038 3887 2406 3954 ἀπέστειλας
2478 3887 2714 3956 Ἰησοῦν
2771 3889 3055 3957 Χριστόν.
3129 3888 3335 3960 Ἰησοῦν
3389 3885 3623 3959 Χριστὸν

2037 3979 2199 4046 τίνα;
2227 3978 2478 4050 ἀληθινὸν
2509 3979 2661 4034 Θεόν.
2697 3978 2760 4034 Εἰ
2789 3980 2847 4034 δὲ
2868 3980 3001 4034 Θεὸν
3023 3980 3258 4052 Χριστὸν
3300 3978 3526 4051 Ἰησοῦν,
3547 3976 3625 4044 ὡς

2037 4069 2186 4141 λέγει
2221 4070 2350 4144 περὶ
2383 4070 2549 4125 αὑτοῦ
2581 4072 2610 4124 6
2647 4071 2931 4143 Ἰωάννης·
2971 4071 3034 4125 '0
3063 4069 3431 4140 Μονογενὴς,
3462 4072 3496 4124 ὁ
3538 4065 3625 4122 ὢν

2038 4165 2126 4231 είς
2156 4161 2264 4218 τὸν
2300 4163 2532 4216 κόλπον
2572 4163 2680 4217 τοῦ
2719 4161 2973 4232 Πατρός,
3020 4162 3204 4227 αὐτὸς
3241 4157 3584 4229 ἐξηγήσατο
3605 4172 3620 4186 °

352 4248 443 4294 tur
461 4238 702 4296 Joannes
727 4256 742 4292 :
781 4239 1113 4312 Unigenitus,
1137 4245 1229 4314 qui
1252 4254 1331 4301 est
1354 4247 1406 4301 in
1439 4247 1561 4301 sinu
1587 4247 1795 4314 Patris,
1827 4249 1934 4317 ipse

2041 4245 2122 4316 εἷς
2159 4251 2293 4316 Θεὸς
2331 4251 2511 4306 τοίνυν
2537 4252 2566 4304 6
2602 4250 2814 4323 Πατὴρ,
2852 4252 2946 4305 καὶ
2976 4251 3134 4322 μόνος
3173 4248 3424 4320 ἀληθινὸς
3465 4247 3620 4312 Θεὸς,

351 4330 660 4385 ηατναυξιθ.
694 4329 850 4385 Unus
891 4311 1084 4402 itaque
1128 4311 1274 4391 Deus
1306 4343 1392 4391 est
1435 4335 1620 4401 Pater,
1665 4353 1731 4393 ac
1781 4311 1934 4395 solus

2044 4311 2138 4398 καὶ
2169 4343 2230 4396 οὐ
2271 4311 2422 4398 ἰκατά
2450 4345 2577 4409 τοὺς
2623 4311 2989 4415 ἐψεύσμένους
3018 4311 3192 4406 θεοῦς,
3237 4311 3332 4404 οῦς
3364 4338 3624 4411 ὲνόμισάν

351 4434 518 4476 verus
545 4418 712 4485 Deus,
757 4436 867 4476 non
899 4423 1209 4492 cuiusmodi
1249 4433 1380 4481 sunt
1427 4427 1673 4483 ementiti
1709 4428 1789 4484 illi
1835 4429 1934 4496 dii,

351 4524 492 4580 quos
549 4511 779 4582 gentiles
826 4511 1047 4583 quidam
1093 4515 1226 4600 deos
1280 4517 1532 4574 arbitrati
1586 4528 1757 4586 sunt,
1809 4536 1935 4577 cum

349 4612 533 4658 tamen
561 4603 638 4658 dii
672 4603 825 4660 nullo
854 4604 1018 4661 modo
1057 4605 1273 4676 forent;
1302 4624 1492 4664 verum
1533 4611 1686 4666 solus
1719 4618 1803 4668 est
1837 4627 1935 4668 ve-

350 4707 558 4765 rusque
608 4693 776 4763 Deus,
803 4697 1247 4770 quandoquidem
1281 4701 1436 4757 solus
1479 4717 1511 4756 a
1559 4703 1679 4759 solo
1734 4703 1933 4776 Uuige-

350 4785 524 4853 nitus,
553 4787 815 4858 solusque
860 4787 1100 4860 Spiritus
1132 4799 1360 4848 sanctus
1395 4793 1464 4847 ab
1513 4793 1608 4848 illo
1641 4809 1933 4865 processe-

350 4887 500 4935 runt.
560 4881 702 4936 Nam
755 4881 999 4940 Trinitas
1048 4884 1106 4939 in
1153 4883 1364 4940 unitate
1408 4885 1699 4955 consistit,
1739 4897 1933 4960 estque

351 4971 494 5030 Deus
509 4989 675 5043 unus,
700 4974 883 5044 Pater,
909 4976 1082 5032 Filius
1109 4984 1164 5032 et
1191 4976 1428 5048 Spiritus
1452 4987 1698 5034 sanctus.

419 5057 507 5114 ΠΙ.
550 5059 661 5118 Sed
708 5079 806 5120 eos
844 5064 1097 5121 videlicet
1143 5066 1238 5136 qui
1269 5064 1508 5136 Spiritus
1556 5066 1731 5123 sancti
1782 5082 1926 5137 non-

348 5153 479 5211 dum
515 5159 811 5230 participes
837 5175 960 5216 esse
1003 5167 1342 5225 meruerunt,
1375 5161 1482 5216 ista
1525 5169 1834 5217 commovet
1863 5176 1926 5216 ac

351 5249 636 5317 perturbat
667 5249 868 5306 oratio.
917 5247 1086 5305 Nemo
1126 5251 1267 5311 enim
1314 5250 1487 5306 dicere
1512 5259 1701 5321 potest,
1737 5248 1924 5304 Domi-

426 5443 444 5477 ⁸
465 5443 655 5502 Matth.
680 5443 900 5512 “1,16.
976 5448 996 5478 '
1017 5445 1148 5502 ibid.
1174 5446 1257 5501 l7.
1334 5447 1356 5478 ³
1377 5447 1534 5502 Joan.
1572 5461 1626 5512 χ,
1657 5445 1739 5500 ιο.
1820 5444 1838 5474 ⁸
1861 5443 2022 5499 Joau.
2063 5460 2197 5511 xvn,
2227 5445 2281 5500 3.

2040 4453 2187 4501 τινες
2229 4436 2336 4491 τῶν
2378 4437 2646 4509 Ἐλλήνων
2692 4437 2870 4500 θεοὺς,
2909 4436 3010 4489 οὐκ
3057 4434 3218 4498 ὄντας
3263 4432 3449 4496 θεούς·
3485 4431 3624 4487 ἀλλὰ

2045 4526 2205 4599 μόνος
2229 4527 2480 4598 ἀληθινὸς
2507 4527 2658 4593 Θεὸς,
2684 4526 2874 4598 ἐπειδὴ
2915 4526 3076 4597 μόνος
3114 4528 3178 4579 ὲκ
3208 4525 3370 4594 μόνου
3399 4525 3428 4576 6
3447 4524 3622 4578 Μονο-

2041 4617 2226 4691 γενὴς,
2244 4621 2338 4674 καὶ⁵
2367 4621 2525 4691 μόνον
2552 4619 2613 4673 τὸ
2641 4620 2801 4690 μόνον
2827 4619 2888 4673 τὸ
2911 4619 2988 4690 (4)
3006 4619 3160 4688 ἅγιον
3183 4616 3425 4688 Πνεῦμα.
3451 4613 3625 4686 Τριὰς

2041 4711 2152 4786 γάρ
2182 4713 2242 4766 ὲν
2276 4711 2485 4784 μονάδι,
2512 4711 2605 4766 καὶ
2635 4706 2715 4776 εἷς
2741 4711 2895 4778 Θεὸς,
2933 4710 3147 4784 Πατὴρ,
3174 4709 3300 4776 Υἱὸς
3326 4708 3421 4765 καὶ
3467 4709 3625 4780 ἅγιον

2039 4802 2284 4876 Πνεῦμα.

2109 5062 2183 5118 Γ’.
2233 5064 2435 5134 Πτύρει
2483 5062 2540 5115 δὲ
2589 5065 2618 5116 6
2672 5062 2828 5131 λόγος
2876 5061 3004 5126 τοὺς
3057 5061 3134 5132 μὴ
3180 5057 3618 5133 κατηξιωμένους

2033 5156 2354 5226 Πνεύματος
2385 5154 2562 5223 ἀγίου.
2592 5153 2804 5218 Οὐδείς
2844 5152 2956 5223 γὰρ
2994 5153 3242 5208 δύναται
3273 5153 3485 5218 εἰπεῖν,
3503 5153 3624 5208 Κύ-

2025 5267 2164 5318 ριος
2211 5246 2465 5315 Ἰησοῦς,
2517 5247 2570 5300 εί
2615 5244 2703 5315 μὴ
2741 5245 2811 5299 ἐν
2861 5245 3161 5316 Πνεύματι
3192 5245 3368 5316 ἁγιῳ-
3401 5246 3464 5302 τὸ
3515 5243 3619 5321 μὲν

2359 5447 2381 5476 ⁵
2409 5441 2538 5515 Sap.
2570 5460 2681 5510 xiv,
2713 5444 2798 5500 1'2.
2866 5443 3067 5500 ‘Joan.
3090 5460 3132 5510 ι,
3167 5443 3256 5500 IS.

423 5622 505 5697 (ι)
539 5627 647 5686 Καὶ
663 5626 854 5698 μόνον
880 5627 945 5682 τὸ
960 5629 1161 5700 μόνον
1183 5629 1267 5682 τό.
1297 5627 1474 5685 Locus
1497 5633 1811 5699 corruptus.
1837 5624 1921 5682 An

2041 5638 2110 5680 cn
2122 5622 2242 5681 dum
2281 5625 2372 5679 καὶ
2399 5625 2556 5698 μόνον
2582 5625 2644 5680 ἐκ
2674 5625 2870 5698 μόνουῖ
2900 5623 3057 5682 Eutr.
