4012 6210
264 357 331 413 21
1682 355 2123 415 ΑΝΕΟΒΑΤΠδ.
3460 357 3534 415 9:!

262 467 376 542 γὰρ
416 466 620 542 Ἰησοῦς
661 469 835 542 ὄνομα
880 470 978 526 καὶ
1016 470 1263 527 Ἰουδαῖοι
1310 473 1585 543 λέγουσιν,
1629 472 1747 528 ἀλλ’
1786 473 1847 527 οὐ

1954 488 2077 538 nus,
2108 473 2214 529 nisi
2240 476 2300 529 in
2325 474 2533 544 Spiritu
2566 480 2751 529 sancto
2776 472 2814 526 '.
2856 470 3140 543 Siquidem
3166 466 3298 527 Iesu
3334 484 3535 527 nomen

266 560 475 631 Κύριον
513 557 808 632 ἡγοῦνται·
846 562 942 618 καὶ
984 563 1256 637 Ἀρειανοὶ
1297 564 1516 634 λέγουσι
1551 563 1614 618 τὸ
1655 562 1850 635 ὕνομα,

268 652 363 705 καὶ
388 652 523 707 Θεὺν
547 652 702 708 θετὸν
724 654 946 725 λέγουσι
971 655 1092 728 (4⁸),
1120 657 1216 712 καὶ
1236 657 1339 711 οὐκ
1368 656 1640 728 ἀληθινὸν,
1666 655 1853 727 ἐπειδὴ

264 743 327 795 οὐ
364 744 625 816 μετέσχον
668 746 988 818 Πνεύματος
1020 747 1198 817 ἁγίου.
1240 749 1366 803 Ἐὰν
1406 748 1483 820 μὴ
1511 749 1621 819 γάρ
1659 765 1743 812 τις
1767 747 1853 801 δέ·

266 832 427 903 ξηται
471 833 697 905 Πνεῦμα
728 836 907 904 ἅγιον,
952 836 1013 889 οὐ
1056 835 1206 906 λέγει
1256 836 1350 891 τὸν
1390 835 1602 909 Ἰησοῦν
1647 834 1854 908 Κύριον

266 922 460 989 ὖντως,
513 926 611 982 καὶ
641 925 777 981 Θεὸν
822 927 1012 994 ὄντως,
1045 927 1140 981 καὶ
1173 927 1305 982 Υίὸν
1348 925 1485 982 Θεοῦ
1534 926 1723 992 ὅντως,
1758 924 1854 981 καὶ⁵

269 1015 497 1086 βασιλέα
524 1016 695 1083 ὅντως
747 1018 985 1074 αἰώνιον.
1036 1018 1269 1074 Μάθωσι
1292 1018 1402 1092 γὰρ
1440 1020 1490 1073 oi
1541 1018 1643 1091 τὴν
1673 1018 1853 1088 κακὴν

268 1106 538 1180 ὑπόληψιν
562 1110 879 1180 ἐσχηκότες,
907 1112 991 1166 ὅτι
1020 1112 1201 1166 πάντα
1227 1112 1257 1166 6
1291 1110 1584 1183 μονογενὴς
1606 1110 1734 1176 Υἱὸς
1754 1108 1851 1165 τοῦ

264 1196 403 1250 Θεοῦ
447 1198 508 1253 οὐ
573 1198 718 1254 θέλει
766 1201 898 1274 περὶ
934 1201 1132 1259 ἑαυτοῦ
1179 1205 1500 1275 μαρτυρεῖν.
1540 1200 1698 1258 Οὕτω
1742 1203 1852 1274 γὰρ

264 1284 421 1343 εἷπεν
457 1289 516 1345 ὲν
545 1291 625 1363 τῷ
650 1292 989 1365 Ειῖιαγγελίῳ⁹
1035 1296 1177 1350 Ἐὰν
1197 1294 1479 1365 μαρτυρῶ
1510 1295 1644 1364 περὶ
1672 1295 1854 1365 ἐμαυ-

265 1379 392 1446 τοῦ,
424 1382 463 1451 ἠ
501 1385 800 1453 μαρτυρία
833 1402 956 1455 μου
996 1385 1181 1442 οὐδέν
1215 1386 1423 1443 ἐστιν’
1456 1386 1650 1454 ἄλλος
1678 1386 1854 1441 ἐστίν

264 1474 299 1525 ό
320 1474 638 1544 μαρτυρῶν
670 1476 804 1547 περὶ
833 1478 1001 1549 ἐμοῦ.
1035 1480 1147 1535 Καὶ
1181 1478 1266 1544 τίς
1291 1480 1439 1534 ἐστιν
1471 1478 1662 1546 illoc;
1688 1480 1718 1533 6
1742 1497 1853 1551 φω-

263 1566 435 1636 νήσας
472 1568 533 1633 ἐξ
559 1569 811 1641 οὐρανοῦο
853 1566 1041 1639 Οὗτός
1071 1571 1246 1627 ἐστιν
1282 1576 1316 1628 ὀ
1348 1572 1481 1639 Υἱός
1504 1590 1624 1642 μου
1649 1575 1683 1627 ό
1710 1573 1854 1642 ἀγα·

260 1658 475 1726 πητὸς,
517 1659 588 1713 ἐν
615 1652 666 1727 ᾧ
712 1661 1042 1731 εὐδόκησα.
1077 1656 1248 1728 Οὗτος
1291 1664 1349 1719 δὲ
1394 1667 1424 1719 6
1472 1664 1667 1735 λέγων,
1712 1664 1853 1718 Ἐὰν

1953 564 2118 620 etiam
2146 563 2320 622 Judaei
2344 566 2722 636 pronuntiant,
2755 565 2850 622 sed
2878 577 3223 635 nequaquam
3244 561 3535 618 Dominum

1953 655 2316 712 arbitrantur.
2353 656 2500 713 Idem
2544 672 2745 713 nomen
2778 663 2834 714 et
2871 654 3061 709 Ariani
3092 652 3405 726 proferunt,
3437 652 3534 708 sed

1955 746 2278 817 adoptivum
2317 746 2586 802 duntaxat
2619 746 2813 812 Deum,
2861 761 2973 801 non
3003 759 3193 801 verum
3243 742 3535 810 aﬂirmant,

1952 837 2213 907 quoniam
2242 838 2301 908 8
2330 835 2576 907 Spiritus
2600 838 2777 893 sancti
2816 836 3116 908 participes
3139 849 3260 890 non-
3285 834 3533 889 inerunt.

1952 924 2169 981 Etenim
2202 925 2315 982 nisi
2347 925 2473 997 quis
2513 925 2779 997 Spiritum
2821 931 3074 980 sanctum
3107 922 3399 995 acceperit,
3433 919 3528 977 Je-

1953 1033 2076 1075 sum
2102 1033 2232 1074 vere
2266 1017 2579 1085 Dominum,
2619 1031 2748 1074 vere
2776 1014 2971 1082 Deum,
3012 1024 3109 1072 aut
3146 1030 3279 1072 vere
3314 1013 3409 1071 Dei
3442 1012 3533 1067 Fi—

1954 1110 2112 1178 lium,
2161 1117 2259 1167 aut
2308 1110 2705 1182 sempiternum
2738 1123 2865 1165 vere
2908 1121 3094 1179 regem
3129 1107 3356 1162 minime
3408 1120 3535 1162 esse

1954 1202 2109 1260 dicit.
2168 1203 2462 1259 Enimvero
2490 1203 2707 1259 discant
2736 1201 2834 1274 qui
2865 1200 2922 1256 in
2955 1214 3125 1271 prava
3155 1198 3248 1254 illa
3273 1197 3534 1269 opinione

1952 1304 2084 1353 sunt
2113 1314 2128 1352 :
2162 1294 2624 1370 unigenitum'Dei
2646 1294 2845 1350 Filium
2864 1308 2975 1350 non
3002 1291 3229 1348 omnino
3248 1290 3392 1346 dese
3414 1289 3535 1360 ipso

1952 1388 2234 1445 testiﬁcari
2281 1389 2439 1444 velle.
2474 1387 2555 1443 Ita
2576 1386 2724 1443 enim
2754 1387 2811 1442 in
2828 1384 3119 1457 Evangelio
3149 1383 3366 1438 locutus
3404 1390 3490 1437 est
3517 1401 3531 1438 :

1953 1479 2014 1536 Si
2054 1480 2415 1536 testimonium
2443 1479 2742 1550 perhibeam
2769 1478 2834 1533 de
2855 1494 2958 1544 me,
2982 1475 3339 1531 testimonium
3363 1488 3535 1529 meum

1952 1572 2083 1627 nihil
2114 1581 2214 1628 est.
2243 1573 2397 1627 Alius
2420 1581 2498 1628 est
2529 1571 2620 1641 qui
2649 1570 3009 1627 testimonium
3040 1566 3273 1638 perhibet
3294 1563 3359 1619 de
3386 1580 3467 1619 me
3491 1565 3535 1619 ’.

1952 1664 2089 1731 Quis
2117 1665 2211 1719 ille
2238 1664 2380 1720 alius
2414 1664 2544 1721 est?
2574 1661 2780 1733 Nempe
2811 1660 2905 1733 qui
2939 1676 2971 1717 e
2997 1658 3141 1715 caelo
3170 1659 3389 1713 locutus
3407 1662 3495 1711 est
3519 1672 3536 1709 :

260 1748 378 1819 ἐγὼ
407 1751 687 1821 μαρτυρῶ
712 1754 845 1823 περὶ
872 1754 1155 1824 ἐμαυτοῦ,
1196 1756 1237 1827 ἠ
1266 1756 1562 1827 μαρτυρία
1586 1773 1707 1827 μου
1749 1756 1847 1810 οὐ·

1950 1757 2046 1811 Hic
2080 1765 2159 1811 est
2190 1754 2368 1810 Filius
2400 1771 2547 1810 meus
2592 1753 2841 1818 dilectus,
2879 1753 2936 1806 in
2972 1767 3074 1822 quo
3124 1748 3256 1803 mihi
3303 1745 3539 1815 compla-

262 1842 373 1898 δέν
401 1845 592 1912 ἐστιν,
650 1848 815 1903 πάλιν
845 1847 1015 1918 λέγει,
1066 1848 1193 1904 Κᾶν
1238 1846 1356 1919 ἐγὼ
1392 1847 1672 1919 μαρτυρῶ
1715 1846 1847 1915 περὶ

1952 1846 2038 1900 cui
2062 1845 2107 1899 ³.
2151 1843 2295 1900 ldem
2324 1858 2510 1914 porro,
2541 1842 2637 1914 qui
2670 1841 2887 1898 dixerat
2919 1857 2935 1896 :
2985 1838 3045 1895 Si
3072 1855 3165 1910 ego
3196 1837 3447 1906 testiﬁcor
3470 1833 3539 1888 de

261 1932 542 2002 ἐμαυτοῦ,
573 1937 613 2005 ἡ
641 1939 939 2007 μαρτυρία
958 1956 1077 2009 μου
1098 1938 1333 2008 ἀληθής
1357 1940 1512 1994 ἐστι·
1540 1941 1636 1994 καὶ
1661 1940 1846 2005 πάλιν,

264 2024 428 2079 Αὑτὰ
486 2027 559 2081 τὰ
577 2027 723 2097 ἔργα
748 2029 1041 2098 μαρτυρεῖ
1074 2028 1115 2085 d
1140 2028 1360 2084 δέδωκέ
1396 2048 1502 2101 μοι
1538 2035 1571 2085 ό
1595 2030 1800 2101 Πατήρ
1830 2046 1846 2063 ·

266 2115 363 2168 καὶ
393 2115 579 2183 πάλιν,
610 2117 875 2186 Μωῦσῆς
913 2120 1141 2189 ἔγραψε
1172 2120 1305 2189 περὶ
1334 2118 1503 2189 ἐμοῦ,
1532 2121 1647 2192 καὶ,
1678 2124 1849 2176 Marii-

260 2201 388 2271 σῆς
406 2204 700 2273 μαρτυρεῖ
742 2206 879 2275 περὶ
926 2207 1098 2277 ἐμοῦ.
1165 2209 1239 2262 Τὸ
1277 2196 1497 2281 πρῶτον
1547 2210 1664 2281 μὲν,
1708 2208 1851 2265 Ἐὰν

258 2290 378 2360 ἐγὼ
411 2292 691 2363 μαρτυρῶ
718 2294 854 2364 περὶ
878 2297 1163 2367 ἐμαυτοῦ,
1195 2298 1235 2367 ἠ
1271 2300 1567 2370 μαρτυρία
1587 2317 1709 2369 μου
1746 2302 1848 2356 οὐ·

258 2380 369 2437 δέν
394 2382 567 2439 ἐστιν
587 2399 603 2413 ’
645 2384 833 2459 ἐπειδὴ
883 2387 1069 2442 πολλοὶ⁸
1108 2387 1426 2455 δοξάζουσιν
1473 2391 1719 2461 ἑαυτοὺς,
1749 2394 1847 2450 καὶ

264 2474 607 2547 μαρτυροῦσι
634 2481 765 2551 περὶ
798 2481 1030 2549 ἑαυτῶν,
1062 2483 1150 2539 ἴνα
1184 2484 1394 2558 ἐκκόψῃ
1413 2485 1524 2542 τῶν
1556 2486 1847 2559 καυχωμέ-

259 2582 369 2621 νων
424 2569 527 2640 τήν
567 2570 836 2644 καύχησιν
878 2575 972 2629 καὶ
1014 2575 1125 2632 τῶν
1176 2578 1402 2643 ἑαυτοὺς
1448 2580 1843 2637 συνιστώντων.

260 2658 430 2716 Ὅταν
454 2662 511 2717 δὲ
536 2664 667 2737 εἴπῃ
686 2682 702 2696 ·
732 2666 861 2722 Κᾶν
878 2667 994 2738 ἐγὼ
1019 2670 1300 2741 μαρτυρῶ
1334 2672 1467 2742 περὶ
1495 2673 1777 2744 ἐμαυτοῦ,
1804 2675 1845 2745 ἡ

253 2758 555 2826 μαρτυρία
584 2778 704 2831 μου
743 2762 983 2833 ἀληθής
1003 2764 1158 2831 ἐστι,
1198 2766 1472 2822 δείκνυσιν
1498 2768 1579 2823 ὅτι
1618 2769 1720 2824 οὐκ
1752 2770 1848 2825 ἀν-

260 2846 510 2935 θρῳπίνη
561 2852 727 2907 αὑτοῦ
757 2855 792 2927 ή
840 2857 1139 2930 μαρτυρία,
1168 2857 1308 2913 ἀλλὰ
1354 2859 1487 2926 Θεός
1530 2862 1681 2917 ἔστιν
1712 2862 1849 2935 ἁλη-

258 2934 436 2992 θεύων
460 2941 525 3012 τῇ
560 2942 757 2997 ἑαυτοῦ
790 2946 1085 3018 μαρτυρίᾳ.
1133 2947 1411 3020 Ἀληθινὸς
1440 2951 1619 3007 τοίνυν
1645 2951 1779 3017 Θεὸς
1806 2934 1847 3010 ό

259 3029 477 3102 Πατὴρ,
518 3032 771 3107 ἀληθινὸς
818 3036 952 3101 Θεὸς
988 3040 1017 3093 6
1046 3038 1196 3103 Υἱὸς,
1228 3039 1480 3112 ἀληθινὸν
1516 3042 1579 3096 τὸ
1619 3042 1847 3115 Πνεῦμα

256 3122 320 3175 τὸ
367 3123 548 3193 ἅγιον,
591 3127 811 3199 πνεῦμα
844 3129 980 3184 Θεοῦ
1018 3130 1099 3197 ὃν,
1152 3133 1248 3187 καὶ
1296 3133 1515 3206 πνεῦμα
1563 3134 1843 3207 ἀληθείας,

258 3212 433 3284 Τριὰς
474 3216 534 3270 ἐν
564 3218 646 3271 ἐνὶ
692 3218 963 3291 πνεύματι
991 3222 1392 3297 ἀριθμουμένη.
1434 3225 1568 3298 Περὶ
1596 3226 1706 3299 γὰρ
1748 3225 1845 3282 τοῦ

257 3304 477 3377 Πατρὸς
506 3306 670 3373 αὐτὸς
695 3311 725 3364 6
758 3310 887 3376 Υἱὸς
912 3311 1083 3382 λέγει,
1117 3313 1244 3369 Ἵνα
1270 3314 1613 3385 γινώσκωσι
1640 3333 1716 3373 σε
1741 3317 1850 3373 τὸν

255 3397 452 3461 μόνον
497 3398 789 3469 ἀληθινὸν
834 3404 1003 3459 Θεόν.
1062 3402 1401 3472 Ἀξιόπιστος
1435 3407 1495 3463 δὲ
1552 3409 1767 3483 μάρτυρ
1819 3410 1849 3465 ὁ

256 3487 350 3544 ἐπὶ
382 3488 449 3545 τὸ
479 3491 675 3563 στῆθος
713 3495 878 3550 αὐτοῦ
923 3497 1215 3555 ἀναπεσὼν
1235 3540 1251 3566 ,
1286 3500 1550 3574 μονογενῆ
1590 3502 1723 3557 Θεὸν
1750 3503 1848 3558 αὺ-

255 3578 346 3636 τὸν
371 3583 620 3652 φάσκων.
654 3586 728 3640 Οὐ
763 3588 1063 3660 προσέθετο
1099 3589 1157 3645 δὲ
1186 3590 1265 3662 τῷ
1297 3596 1578 3663 μονογενεῖ
1613 3592 1734 3666 Θεῷ
1756 3594 1841 3660 τὸ,

258 3673 405 3740 Θεὸς
436 3675 753 3745 ἀληθινός,
787 3679 922 3735 ἀλλὰ
945 3682 1073 3753 περὶ
1105 3682 1320 3755 Πατρός
1361 3685 1697 3759 γέγραπται,
1721 3687 1849 3760 ἀληο

258 3761 406 3820 θινοῦ
432 3766 602 3822 Θεοῦο
632 3770 763 3842 ’περὶ⁵
789 3770 919 3825 Υίοῦ
964 3772 1043 3838 δὲ,
1070 3773 1153 3827 ὅτι
1184 3776 1479 3849 μονογενὴς
1503 3776 1656 3842 Θεός.
1692 3777 1766 3831 T6
1790 3778 1848 3833 δὲ

258 3857 419 3914 πάλιν
455 3861 586 3933 περὶ
623 3862 860 3934 Πατρὸς,
890 3864 972 3920 ὅτι
1017 3864 1133 3935 φῶς
1166 3868 1196 3922 6
1231 3866 1395 3932 Θεός·
1429 3869 1560 3942 περὶ
1597 3870 1655 3925 δὲ
1691 3870 1844 3940 Υίοῦ,

256 3948 342 4004 ὅτι
362 3946 477 4009 Ἦν
501 3952 569 4008 τὸ
591 3953 719 4024 φῶς
750 3954 817 4011 τὸ
837 3956 1153 4026 ἀληθινόν.

330 4130 406 4184 Δ’.
433 4128 547 4184 Καὶ
572 4130 676 4201 ὅρα
702 4147 793 4201 μοι
815 4131 915 4203 τὴν
934 4132 1045 4187 τῶν
1066 4134 1298 4206 Γραφῶν
1349 4136 1655 4208 ἀκρίϐειαν.
1690 4141 1848 4195 Ἔστι

258 4216 362 4286 μὲν
394 4219 505 4290 γὰρ
534 4220 724 4292 Πατὴρ
750 4221 887 4292 φῶς,
916 4224 1012 4278 καὶ
1031 4225 1093 4278 οὐ
1124 4225 1446 4297 πρόσκειται
1480 4227 1558 4298 τῷ
1589 4228 1718 4300 περὶ
1736 4230 1850 4283 Πα-

256 4308 402 4379 τρδς,
420 4310 551 4380 φῶς
578 4311 874 4381 ἀληθινόν
891 4331 906 4346 ο
933 4314 1056 4369 ἐπεὶ
1080 4314 1139 4370 δὲ
1150 4315 1229 4387 τῷ
1253 4317 1380 4389 περὶ
1406 4317 1537 4372 Υίοῦ
1555 4313 1698 4384 εἷπε,
1722 4320 1849 4391 φῶς

256 4400 573 4469 ἀληθινὸν,
622 4406 717 4459 καὶ
748 4404 926 4471 οὐδεὶς
966 4406 1143 4479 τολμᾷ
1176 4407 1351 4473 ἄλλως
1382 4408 1583 4478 λέγειν.
1608 4410 1706 4475 Τίς
1736 4410 1847 4484 γὰρ

1950 1951 2052 2001 me,
2086 1933 2447 1987 testimonium
2490 1948 2663 1987 meum
2696 1932 2831 1986 nihil
2876 1940 2978 1996 est,
3009 1937 3199 2001 postea
3240 1928 3375 1983 dicit
3416 1945 3430 1982 :
3464 1925 3537 1980 Et

1950 2026 1998 2081 si
2048 2043 2141 2097 ego
2184 2025 2436 2095 testiﬁcer
2487 2023 2553 2079 de
2592 2040 2695 2091 me,
2740 2022 3101 2078 testimonium
3139 2035 3312 2075 meum
3357 2032 3537 2072 verum

1949 2124 2027 2170 est
2051 2114 2105 2181 ‘;
2134 2125 2189 2169 ct
2221 2129 2443 2169 rursum
2477 2131 2489 2167 :
2518 2112 2693 2177 Opera
2732 2112 2850 2181 ipsa
2892 2111 3249 2167 testimonium
3275 2107 3533 2179 prabent,

1947 2222 2065 2276 qua:
2104 2204 2251 2260 dedit
2297 2203 2428 2258 mihi
2491 2202 2653 2258 Pater
2676 2204 2734 2269 ’ς
2767 2202 2898 2258 item
2931 2200 3183 2273 :Hoyses
3230 2200 3444 2268 scripsit
3471 2196 3538 2251 de

1948 2314 2028 2353 me
2055 2299 2075 2330 ⁸
2099 2315 2115 2366 ;
2143 2304 2199 2353 et
2232 2316 2246 2353 :
2276 2294 2489 2369 Moyses
2524 2294 2588 2351 de
2619 2312 2700 2351 nte
2731 2303 2951 2351 testatus
2972 2303 3073 2351 est.
3111 2293 3356 2360 Quorum
3380 2291 3537 2363 prius

1947 2390 2106 2458 illud,
2165 2388 2230 2446 Si
2271 2405 2363 2460 ego
2409 2388 2658 2460 testiﬁcer
2706 2388 2772 2444 de
2813 2404 2915 2455 me,
2963 2386 3321 2443 testimonium
3361 2399 3535 2439 meum

1946 2482 2081 2540 nihil
2110 2491 2213 2549 est,
2261 2481 2387 2538 ideo
2426 2481 2637 2538 dictum
2685 2489 2792 2547 est,
2827 2490 2890 2536 ut
2931 2478 3309 2552 arrogantium
3357 2476 3536 2532 homi-

1947 2592 2079 2633 num
2112 2590 2179 2631 ac
2229 2590 2353 2632 sese
2404 2574 2908 2631 commendantium
2941 2572 3239 2629 vanitatem
3283 2567 3539 2626 exclude-

1947 2677 2053 2736 ret,
2079 2682 2145 2725 eo
2172 2666 2321 2738 quod
2349 2666 2509 2721 multi
2536 2665 2835 2737 praedicare
2858 2680 2920 2722 se
2950 2665 3102 2735 ipsos
3136 2678 3203 2718 ac
3229 2678 3333 2720 suo
3382 2661 3537 2719 testi-

1946 2759 2136 2816 monio
2172 2759 2542 2833 cohonestare
2582 2758 2781 2816 solent.
2837 2756 2908 2813 At
2940 2772 3067 2815 cum
3095 2756 3255 2823 dicit,
3304 2754 3536 2810 Etiamsi

1950 2851 2200 2921 testiﬁcer
2221 2850 2287 2905 de
2316 2866 2419 2917 nte,
2472 2849 2833 2905 testimonium
2863 2864 3041 2904 meum
3080 2863 3259 2903 verum
3289 2855 3389 2915 est,
3425 2859 3538 2900 non

1948 2944 2252 3000 humanum
2286 2957 2412 2999 esse
2443 2941 2819 2999 testimonium
2857 2956 3043 3008 suum,
3079 2940 3178 2996 sed
3209 2938 3379 2995 Deum
3413 2951 3539 2993 esse

1946 3038 2041 3110 qui
2096 3052 2226 3094 vere
2281 3034 2663 3092 testimonium
2718 3033 2983 3104 praabeat,
3036 3030 3301 3088 ostendit.
3356 3027 3538 3085 Verus
3584 3061 3591 3069 -

1949 3130 2116 3201 igitur
2158 3126 2300 3185 Deus
2342 3134 2428 3183 est
2462 3125 2626 3181 Pater
2656 3141 2673 3192 ;
2705 3140 2870 3182 verus
2920 3123 3064 3181 Deus
3112 3121 3287 3178 Filius
3320 3138 3335 3188 ;
3372 3135 3539 3175 verus

1952 3220 2195 3293 Spiritus
2226 3225 2478 3283 sanctus,
2517 3216 2613 3274 Dei
2643 3215 2900 3271 videlicet
2933 3213 3167 3286 spiritus
3208 3226 3274 3268 ac
3306 3210 3537 3282 spiritus

1948 3312 2225 3379 veritatis,
2253 3311 2503 3368 Trinitas
2527 3309 2583 3365 in
2608 3324 2720 3366 uno
2744 3308 2946 3382 spiritu
2969 3312 3282 3363 numerata.
3309 3303 3445 3359 Nam
3468 3302 3538 3358 de

1948 3406 2113 3464 Patre
2140 3404 2315 3462 Filius
2348 3406 2466 3477 ipse
2490 3403 2738 3475 loquitur
2772 3421 2786 3457 :
2827 3401 2895 3458 Ut
2929 3408 3247 3473 cognoscant
3279 3406 3329 3452 te
3364 3397 3538 3452 solum

1948 3515 2123 3557 verum
2163 3498 2335 3554 Deum
2357 3539 2374 3554 .
2447 3495 2547 3553 Est
2595 3502 2780 3551 autem
2813 3493 3048 3550 idoneus
3084 3492 3179 3549 ille
3224 3490 3403 3555 testis,
3438 3489 3535 3561 qui

1949 3595 2005 3651 in
2046 3594 2193 3651 illius
2234 3602 2425 3664 peetus
2463 3590 2935 3655 recubuit",cum
2968 3584 3313 3658 unigenitum
3361 3582 3533 3640 Deum

1947 3687 2102 3743 illum
2138 3685 2394 3758 appellat.
2440 3682 2630 3755 Neque
2670 3696 2803 3738 vero
2852 3679 2919 3735 ad
2970 3676 3314 3751 unigenitum
3363 3672 3534 3731 Deum

1948 3777 2178 3843 addidit,
2213 3775 2381 3831 Deum
2403 3790 2605 3840 verum,
2638 3771 2735 3829 sed
2769 3772 2837 3828 de
2866 3769 3052 3836 Patre,
3092 3782 3225 3825 vero
3255 3765 3364 3823 Deo
3393 3766 3535 3822 scri-

1947 3878 2099 3941 ptum
2146 3876 2266 3934 est;
2295 3864 2468 3921 Filius
2519 3870 2724 3930 autem,
2765 3860 3087 3933 unigenitus
3123 3857 3268 3915 Deus
3307 3856 3534 3915 dicitur.

1948 3958 2215 4015 Praeterea
2236 3956 2305 4013 de
2326 3955 2486 4012 Patre
2506 3954 2773 4025 scriptum
2795 3960 2903 4020 est,
2924 3952 3103 4009 lucem
3143 3963 3270 4007 esse
3291 3947 3464 4004 Deum
3485 3947 3532 4014 ες

1946 4050 2014 4107 de
2038 4049 2176 4106 Filio
2208 4067 2222 4105 :
2258 4047 2393 4102 Erat
2428 4048 2523 4103 lux
2547 4046 2733 4102 ocra'.

2018 4140 2110 4196 Π.
2154 4140 2540 4196 Animadverte
2565 4151 2696 4194 vero
2737 4132 3213 4190 accuratissimam
3249 4143 3534 4186 sacrarum

1948 4230 2286 4285 Litterarum
2323 4228 2685 4299 diligentiam.
2725 4223 2826 4281 Est
2860 4223 3010 4280 enim
3037 4221 3201 4277 Pater
3244 4221 3359 4276 lux.
3414 4218 3530 4275 Nec

1947 4322 2016 4378 ad
2049 4321 2380 4377 mentionem
2409 4319 2594 4375 Patris
2621 4317 2791 4375 lucem
2814 4332 2989 4373 ueram
3018 4314 3239 4386 adjecit,
3270 4313 3365 4370 sed
3392 4311 3536 4369 Filio

1947 4412 2095 4468 istud
2139 4411 2413 4478 attribuit,
2449 4425 2628 4482 neque
2656 4408 2951 4482 quisquam
2990 4404 3348 4479 pronuntiare
3375 4405 3535 4461 aliter

259 4494 539 4589 μεμηνὼς,
572 4496 615 4589 ἠὲ
658 4497 857 4569 μᾶλλον
897 4498 1324 4573 φρενοϐλάϐειαν
1363 4501 1542 4574 ἑαυτῷ
1571 4502 1841 4573 συνάγων,

1950 4513 2155 4579 potest.
2200 4504 2337 4572 Quis
2374 4502 2523 4561 enim
2574 4501 2713 4559 adeo
2739 4501 2971 4557 insanus
3010 4512 3075 4554 ac
3105 4504 3291 4554 mente
3335 4505 3535 4569 captus

254 4583 516 4658 τολμήσει
573 4588 925 4661 βλασφημίας
976 4592 1232 4649 ὑπόνοιαν
1278 4593 1457 4666 ἑαυτῷ
1509 4596 1836 4667 κτήσασθαι,

259 4673 334 4746 μὴ
372 4678 549 4750 εὑρὼν
582 4680 675 4735 ἐπὶ
700 4681 781 4751 τῷ
812 4682 961 4755 ῥητῷ
1000 4685 1395 4759 προσκείμενον
1416 4686 1476 4741 τὸ
1507 4686 1802 4757 ἀληθινόν
1820 4705 1840 4754 ;

256 4763 319 4819 El
346 4768 456 4843 γὰρ
482 4774 511 4827 6
546 4773 605 4839 ἐξ
646 4773 813 4828 αὐτοῦ
853 4777 1250 4849 γεγεννημένος
1295 4778 1519 4851 γνήσιος
1560 4778 1689 4843 Υἱὸς
1724 4779 1842 4849 φῶς

256 4856 402 4915 ἐστιν
443 4864 717 4938 ἀληθινὸν,
752 4868 781 4921 6
809 4866 904 4921 τοῦ
937 4868 1068 4922 Υίοῦ
1116 4870 1417 4943 γεννήτωρ,
1455 4870 1841 4942 ἀναμφιϐόλως

255 4947 370 5015 φῶς
398 4953 548 5011 ἐστιν
575 4957 847 5029 ἀληθινὸν,
870 4960 1035 5025 αὐτὸς
1055 4962 1085 5015 6
1100 4962 1368 5032 γεννήσας
1402 4962 1563 5017 αὐτὸν
1585 4963 1846 5035 ἀνάρχως

164 5077 169 5083 .
256 5040 347 5094 καὶ
368 5042 615 5117 ἀχρόνως
646 5048 762 5119 φῶς
787 5050 1060 5122 ἀληθινόν.
1096 5052 1210 5107 Καὶ
1235 5051 1425 5126 ὥσπερ
1454 5054 1516 5109 οὐ
1538 5056 1837 5127 τολμητέον

255 5128 348 5183 ἐπὶ
382 5135 461 5206 τῷ
513 5140 690 5211 Πατρὶ
735 5140 936 5211 λέγειν,
974 5143 1057 5198 ὅτι
1089 5143 1191 5199 οὐκ
1233 5143 1351 5198 ἐστι
1393 5146 1509 5215 φῶς
1550 5146 1835 5218 ἀληθινόν·

1947 4604 2055 4663 est,
2098 4596 2225 4652 inde
2257 4602 2319 4651 ut
2359 4592 2773 4651 contumeliosa:
2823 4590 2882 4647 in
2926 4588 3097 4646 Deum
3136 4588 3416 4661 opinionis
3445 4602 3535 4643 oc-

1947 4688 2229 4745 casionem
2278 4685 2573 4758 concipiat,
2604 4683 2755 4757 quod
2784 4683 2841 4740 in
2875 4682 2970 4739 illo
2999 4682 3125 4739 loco
3156 4682 3263 4739 veri
3291 4680 3533 4737 vocabu-

1948 4782 2060 4838 lum
2104 4797 2229 4839 esse
2274 4796 2385 4837 non
2430 4778 2651 4836 videat?
2686 4776 2822 4834 Nam
2872 4777 2921 4835 si
2965 4776 3185 4847 genitus
3242 4775 3313 4833 ab
3358 4773 3533 4846 illo9

1949 4888 2244 4944 germanus
2278 4871 2450 4927 Filius
2482 4884 2611 4926 vera
2637 4869 2733 4925 lux
2772 4874 2881 4933 est,
2912 4865 3038 4922 Filii
3064 4880 3287 4937 quoque
3312 4864 3532 4937 genitor

1947 4966 2068 5022 sine
2116 4966 2228 5020 ulla
2279 4963 2622 5020 dubitatione
2663 4976 2796 5018 vera
2834 4960 2928 5016 lux
2978 4964 3064 5015 est
3094 4976 3109 5013 :
3144 4957 3258 5024 ille,
3278 4958 3527 5028 inquam,

1948 5057 2087 5129 ipse,
2131 5057 2227 5129 qui
2255 5057 2402 5112 hunc
2435 5056 2557 5113 sine
2600 5055 2715 5110 ullo
2746 5053 3021 5126 principio
3048 5068 3117 5109 ac
3153 5059 3403 5124 tempore
3432 5068 3527 5109 ve-

1944 5164 2062 5205 ram
2094 5150 2270 5206 lucem
2298 5148 2606 5220 progenuit.
2629 5147 2708 5203 Ac
2729 5144 3195 5219 quemadmodum
3224 5160 3388 5201 nemo
3413 5152 3526 5200 tam

256 5218 368 5275 ἀλλ’
392 5225 486 5295 ἀφ’
521 5229 750 5295 ἑαυτῶν,
781 5232 872 5287 διὰ
898 5232 961 5288 τὸ
1004 5233 1250 5302 εὐσεϐὲς,
1280 5237 1424 5292 νοεῖν
1461 5235 1703 5308 οἴδαμεν,
1734 5238 1838 5294 κᾶν

1950 5239 2125 5295 audax
2163 5218 2519 5304 essedebet,
2574 5246 2636 5293 ut
2683 5218 2905 5295 Patrem
2949 5251 3137 5294 veram
3194 5251 3321 5293 esse
3348 5236 3525 5292 lucem

255 5322 315 5362 τε
356 5312 495 5390 μὴῇ
536 5321 946 5394 γεγραμμένον,
990 5325 1073 5380 ὅτι
1110 5324 1226 5381 ἐστι
1273 5326 1389 5398 φῶς
1438 5326 1709 5400 ἀληθινὸν,
1742 5330 1838 5385 καὶ

1950 5331 2242 5399 inﬁcietur,
2274 5337 2330 5387 et
2364 5345 2461 5401 per
2496 5345 2597 5387 nos
2626 5330 2733 5402 ipsi
2775 5330 2996 5403 pietatis
3023 5342 3215 5398 causa,
3245 5328 3391 5400 quod
3422 5328 3526 5383 mi-

3323 5486 3522 5543 'Joan.

327 5468 677 5560 :_l(_1'or._x_u.
702 5478 758 5535 3.
885 5480 909 5513 ²
937 5478 1125 5560 119³1).-
1151 5497 1216 5560 _v,_
1239 5482 1333 5539 51.
1449 5482 1679 5560 ξΜοιλιῂ.
1711 5499 1790 5550 ιιι,
1828 5485 1932 5560 175
1961 5501 2096 5555 xvn,
2130 5486 2179 5543 5.
2258 5485 2459 5546 ‘Joan.
2491 5506 2609 5560 vm,
2636 5491 2724 5549 i4.

259 5489 393 5606 ινςιξ
409 5489 758 5607 EST-3");
785 5489 909 5617 xm:
935 5489 1126 5606 ἔξω..
1149 5489 1347 5609 Boil":
1376 5569 1417 5617 l’
1447 5489 1790 5610 ἐμοιιῗόῧιὲι,
1821 5489 2096 5622 lt’7xvn,
2130 5489 2179 5543 5.
2258 5489 2459 5546 ‘Joan.
2491 5506 2609 5560 vm,
2636 5491 2724 5549 i4.
2826 5489 3022 5548 'Joan.
3052 5506 3109 5559 v,
3156 5491 3248 5550 46.

263 5689 762 5823 νθξιὲἐτιέαίρερν
796 5703 971 5760 θετὸν
990 5705 1262 5776 λέγουσι.
1297 5707 1452 5777 Apud
1484 5707 1845 5833 Epirhanium
1955 5713 2090 5768 satis
2135 5713 2363 5795 exlirimi
2408 5716 2690 5771 commode
2732 5723 3006 5783 nequeat:
3052 5713 3303 5784 idemque
3344 5717 3422 5772 sit
3462 5726 3525 5767 ac

518 5787 545 5833 ς
568 5788 647 5832 εις
686 5777 959 5833 Interdum
991 5784 1311 5833 usurnatur.
1332 5788 1390 5833 ul.
1414 5794 1509 5833 Der
1530 5796 1561 5833 a
1604 5790 1835 5833 ovlwum
1947 5785 2147 5833 ﬁctum.
2183 5796 2234 5833 et
2260 5787 2502 5833 anmiane
2535 5787 2651 5833 sola
2685 5792 2966 5833 antistans-
2993 5784 3201 5833 PETAV.

518 5787 545 5837 ς
568 5777 647 5832 sic
686 5777 959 5833 interdum
991 5784 1311 5848 usurpatur,
1332 5788 1390 5834 ut
1412 5794 1509 5850 per
1530 5777 1835 5850 adoptivum
1944 5785 2147 5854 factum,
2183 5777 2235 5841 εἰ
2260 5785 2502 5855 opinione
2535 5787 2652 5843 sola
2685 5777 2966 5844 constans.
2993 5784 3201 5841 Psnv.
