  <div class='ocr_page' id='page_1' title='image "/cluster/home/n/w/nwhite01/storage/ocr_20150623/43/mdp.39015013284818/019.png"; bbox 0 0 4012 6210; ppageno 0'>
   <div class='ocr_carea' id='block_1_1' title="bbox 459 339 3742 403">
    <p class='ocr_par' dir='ltr' id='par_1_1' title="bbox 459 339 3742 403">
     <span class='ocr_line' id='line_1_1' title="bbox 459 339 3742 403; baseline -0.001 0"><span class='ocrx_word' id='word_1_1' title='bbox 459 343 532 403; x_wconf 70' lang='lat'><strong>93</strong></span> <span class='ocrx_word' id='word_1_2' title='bbox 1871 341 1931 398; x_wconf 89' lang='lat' dir='ltr'><strong>S.</strong></span> <span class='ocrx_word' id='word_1_3' title='bbox 1961 339 2305 397; x_wconf 69' lang='lat' dir='ltr'><strong>EHPHANII</strong></span> <span class='ocrx_word' id='word_1_4' title='bbox 3667 347 3742 401; x_wconf 68' lang='lat' dir='ltr'><strong>Si</strong></span> 
     </span>
    </p>
   </div>
   <div class='ocr_carea' id='block_1_2' title="bbox 461 455 2045 532">
    <p class='ocr_par' dir='ltr' id='par_1_2' title="bbox 461 455 2035 530">
     <span class='ocr_line' id='line_1_2' title="bbox 461 455 2035 530; baseline -0.002 -15"><span class='ocrx_word' id='word_1_5' title='bbox 461 460 605 524; x_wconf 77' lang='lat' dir='ltr'><strong>nime</strong></span> <span class='ocrx_word' id='word_1_6' title='bbox 633 457 897 530; x_wconf 81' lang='lat' dir='ltr'><strong>scriptum</strong></span> <span class='ocrx_word' id='word_1_7' title='bbox 930 465 1038 518; x_wconf 85' lang='lat' dir='ltr'><strong>est,</strong></span> <span class='ocrx_word' id='word_1_8' title='bbox 1070 455 1428 528; x_wconf 74' lang='lat' dir='ltr'><strong>intelligimus</strong></span> <span class='ocrx_word' id='word_1_9' title='bbox 1457 457 1637 516; x_wconf 85' lang='lat' dir='ltr'><strong>lucem</strong></span> <span class='ocrx_word' id='word_1_10' title='bbox 1670 473 1794 516; x_wconf 89' lang='lat' dir='ltr'><strong>esse</strong></span> <span class='ocrx_word' id='word_1_11' title='bbox 1827 472 2035 528; x_wconf 80' lang='lat' dir='ltr'><strong>veram,</strong></span> 
     </span>
    </p>
   </div>
   <div class='ocr_carea' id='block_1_3' title="bbox 2152 455 3742 532">
    <p class='ocr_par' dir='ltr' id='par_1_3' title="bbox 2152 456 3742 532">
     <span class='ocr_line' id='line_1_3' title="bbox 2152 456 3742 532; baseline 0 -19"><span class='ocrx_word' id='word_1_12' title='bbox 2152 457 2241 513; x_wconf 67' lang='grc' dir='ltr'>οὐκ</span> <span class='ocrx_word' id='word_1_13' title='bbox 2289 456 2725 530; x_wconf 77' lang='grc' dir='ltr'>ἀμφιϐάλλομεν,</span> <span class='ocrx_word' id='word_1_14' title='bbox 2772 457 2862 514; x_wconf 79' lang='grc' dir='ltr'>ἵνα</span> <span class='ocrx_word' id='word_1_15' title='bbox 2913 458 2987 532; x_wconf 85' lang='grc' dir='ltr'><strong>μὴ</strong></span> <span class='ocrx_word' id='word_1_16' title='bbox 3026 458 3359 532; x_wconf 74' lang='grc' dir='ltr'>ἀπολώμεθά</span> <span class='ocrx_word' id='word_1_17' title='bbox 3391 477 3405 492; x_wconf 74' lang='grc' dir='ltr'><strong><em>ο</em></strong></span> <span class='ocrx_word' id='word_1_18' title='bbox 3441 460 3586 516; x_wconf 81' lang='grc' dir='ltr'>οὕτω</span> <span class='ocrx_word' id='word_1_19' title='bbox 3641 463 3742 516; x_wconf 74' lang='grc' dir='ltr'>καὶ</span> 
     </span>
    </p>
   </div>
   <div class='ocr_carea' id='block_1_4' title="bbox 463 549 2044 624">
    <p class='ocr_par' dir='ltr' id='par_1_4' title="bbox 463 549 2044 624">
     <span class='ocr_line' id='line_1_4' title="bbox 463 549 2044 624; baseline -0.001 -18"><span class='ocrx_word' id='word_1_20' title='bbox 463 566 565 612; x_wconf 85' lang='lat' dir='ltr'><strong>nec</strong></span> <span class='ocrx_word' id='word_1_21' title='bbox 597 551 666 606; x_wconf 91' lang='lat' dir='ltr'><strong>de</strong></span> <span class='ocrx_word' id='word_1_22' title='bbox 704 565 770 607; x_wconf 88' lang='lat' dir='ltr'><strong>ea</strong></span> <span class='ocrx_word' id='word_1_23' title='bbox 806 565 866 606; x_wconf 86' lang='lat' dir='ltr'><strong>re</strong></span> <span class='ocrx_word' id='word_1_24' title='bbox 903 549 1244 617; x_wconf 85' lang='lat' dir='ltr'><strong>dubitamus,</strong></span> <span class='ocrx_word' id='word_1_25' title='bbox 1286 565 1356 607; x_wconf 90' lang='lat' dir='ltr'><strong>ne</strong></span> <span class='ocrx_word' id='word_1_26' title='bbox 1387 552 1445 606; x_wconf 91' lang='lat' dir='ltr'><strong>in</strong></span> <span class='ocrx_word' id='word_1_27' title='bbox 1489 551 1884 624; x_wconf 90' lang='lat' dir='ltr'><strong>sempiternum</strong></span> <span class='ocrx_word' id='word_1_28' title='bbox 1915 563 2044 606; x_wconf 85' lang='lat' dir='ltr'><strong>rna-</strong></span> 
     </span>
    </p>
   </div>
   <div class='ocr_carea' id='block_1_5' title="bbox 463 642 2043 714">
    <p class='ocr_par' dir='ltr' id='par_1_5' title="bbox 463 642 2043 714">
     <span class='ocr_line' id='line_1_5' title="bbox 463 642 2043 714; baseline -0.003 -10"><span class='ocrx_word' id='word_1_29' title='bbox 463 660 585 704; x_wconf 86' lang='lat' dir='ltr'><strong>tnus</strong></span> <span class='ocrx_word' id='word_1_30' title='bbox 631 643 859 703; x_wconf 75' lang='lat' dir='ltr'><strong>exitium</strong></span> <span class='ocrx_word' id='word_1_31' title='bbox 893 643 1004 710; x_wconf 90' lang='lat' dir='ltr'><strong>;ita</strong></span> <span class='ocrx_word' id='word_1_32' title='bbox 1046 651 1101 699; x_wconf 88' lang='lat' dir='ltr'><strong>et</strong></span> <span class='ocrx_word' id='word_1_33' title='bbox 1137 643 1206 700; x_wconf 91' lang='lat' dir='ltr'><strong>de</strong></span> <span class='ocrx_word' id='word_1_34' title='bbox 1255 643 1397 702; x_wconf 91' lang='lat' dir='ltr'><strong>Filio</strong></span> <span class='ocrx_word' id='word_1_35' title='bbox 1443 643 1715 714; x_wconf 88' lang='lat' dir='ltr'><strong>scriptum</strong></span> <span class='ocrx_word' id='word_1_36' title='bbox 1761 650 1867 708; x_wconf 91' lang='lat' dir='ltr'><strong>est,</strong></span> <span class='ocrx_word' id='word_1_37' title='bbox 1895 642 2043 714; x_wconf 87' lang='lat' dir='ltr'><strong>quod</strong></span> 
     </span>
    </p>
   </div>
   <div class='ocr_carea' id='block_1_6' title="bbox 463 734 2040 802">
    <p class='ocr_par' dir='ltr' id='par_1_6' title="bbox 463 734 2040 802">
     <span class='ocr_line' id='line_1_6' title="bbox 463 734 2040 802; baseline -0.004 -6"><span class='ocrx_word' id='word_1_38' title='bbox 463 736 608 796; x_wconf 78' lang='lat' dir='ltr'><strong>Deus</strong></span> <span class='ocrx_word' id='word_1_39' title='bbox 639 737 713 794; x_wconf 90' lang='lat' dir='ltr'><strong>sit</strong></span> <span class='ocrx_word' id='word_1_40' title='bbox 751 736 948 794; x_wconf 88' lang='lat' dir='ltr'><strong>Filius.</strong></span> <span class='ocrx_word' id='word_1_41' title='bbox 994 735 1230 794; x_wconf 85' lang='lat' dir='ltr'><strong>Aclieet</strong></span> <span class='ocrx_word' id='word_1_42' title='bbox 1277 749 1424 791; x_wconf 79' lang='lat' dir='ltr'><strong>verus</strong></span> <span class='ocrx_word' id='word_1_43' title='bbox 1457 734 1596 789; x_wconf 78' lang='lat' dir='ltr'><strong>Deus</strong></span> <span class='ocrx_word' id='word_1_44' title='bbox 1645 751 1756 792; x_wconf 92' lang='lat' dir='ltr'><strong>non</strong></span> <span class='ocrx_word' id='word_1_45' title='bbox 1802 735 2040 802; x_wconf 75' lang='lat' dir='ltr'><strong>dicatur,</strong></span> 
     </span>
    </p>
   </div>
   <div class='ocr_carea' id='block_1_7' title="bbox 461 827 2045 893">
    <p class='ocr_par' dir='ltr' id='par_1_7' title="bbox 461 827 2045 893">
     <span class='ocr_line' id='line_1_7' title="bbox 461 827 2045 893; baseline -0.003 -7"><span class='ocrx_word' id='word_1_46' title='bbox 461 829 804 886; x_wconf 81' lang='lat' dir='ltr'><strong>insanissimi</strong></span> <span class='ocrx_word' id='word_1_47' title='bbox 855 828 1212 885; x_wconf 87' lang='lat' dir='ltr'><strong>nihilominus</strong></span> <span class='ocrx_word' id='word_1_48' title='bbox 1244 842 1368 883; x_wconf 87' lang='lat' dir='ltr'><strong>esse</strong></span> <span class='ocrx_word' id='word_1_49' title='bbox 1408 827 1714 893; x_wconf 82' lang='lat' dir='ltr'><strong>videamur,</strong></span> <span class='ocrx_word' id='word_1_50' title='bbox 1766 828 1813 884; x_wconf 89' lang='lat' dir='ltr'><strong>si</strong></span> <span class='ocrx_word' id='word_1_51' title='bbox 1847 835 2045 883; x_wconf 84' lang='lat' dir='ltr'><strong>contu-</strong></span> 
     </span>
    </p>
   </div>
   <div class='ocr_carea' id='block_1_8' title="bbox 464 917 2042 992">
    <p class='ocr_par' dir='ltr' id='par_1_8' title="bbox 464 917 2042 992">
     <span class='ocr_line' id='line_1_8' title="bbox 464 917 2042 992; baseline -0.001 -16"><span class='ocrx_word' id='word_1_52' title='bbox 464 921 694 978; x_wconf 82' lang='lat' dir='ltr'><strong>meliose</strong></span> <span class='ocrx_word' id='word_1_53' title='bbox 743 919 951 992; x_wconf 87' lang='lat' dir='ltr'><strong>aliquid</strong></span> <span class='ocrx_word' id='word_1_54' title='bbox 1002 920 1212 976; x_wconf 88' lang='lat' dir='ltr'><strong>idcirco</strong></span> <span class='ocrx_word' id='word_1_55' title='bbox 1231 917 1418 989; x_wconf 84' lang='lat' dir='ltr'><strong>jacere</strong></span> <span class='ocrx_word' id='word_1_56' title='bbox 1459 919 1714 985; x_wconf 79' lang='lat' dir='ltr'><strong>velimus,</strong></span> <span class='ocrx_word' id='word_1_57' title='bbox 1754 929 1807 974; x_wconf 94' lang='lat' dir='ltr'><strong>et</strong></span> <span class='ocrx_word' id='word_1_58' title='bbox 1845 917 2042 974; x_wconf 84' lang='lat' dir='ltr'><strong>Filium</strong></span> 
     </span>
    </p>
   </div>
   <div class='ocr_carea' id='block_1_9' title="bbox 463 1011 2046 1084">
    <p class='ocr_par' dir='ltr' id='par_1_9' title="bbox 463 1011 2046 1084">
     <span class='ocr_line' id='line_1_9' title="bbox 463 1011 2046 1084; baseline -0.001 -17"><span class='ocrx_word' id='word_1_59' title='bbox 463 1029 654 1070; x_wconf 77' lang='lat' dir='ltr'><strong>verum</strong></span> <span class='ocrx_word' id='word_1_60' title='bbox 681 1030 808 1071; x_wconf 84' lang='lat' dir='ltr'><strong>esse</strong></span> <span class='ocrx_word' id='word_1_61' title='bbox 842 1014 1010 1070; x_wconf 88' lang='lat' dir='ltr'><strong>Deum</strong></span> <span class='ocrx_word' id='word_1_62' title='bbox 1035 1027 1321 1084; x_wconf 81' lang='lat' dir='ltr'><strong>negemus.</strong></span> <span class='ocrx_word' id='word_1_63' title='bbox 1351 1011 1498 1067; x_wconf 86' lang='lat' dir='ltr'><strong>Satis</strong></span> <span class='ocrx_word' id='word_1_64' title='bbox 1525 1023 1610 1068; x_wconf 88' lang='lat' dir='ltr'><strong>est</strong></span> <span class='ocrx_word' id='word_1_65' title='bbox 1629 1012 1776 1068; x_wconf 89' lang='lat' dir='ltr'><strong>enim</strong></span> <span class='ocrx_word' id='word_1_66' title='bbox 1803 1011 1899 1067; x_wconf 89' lang='lat' dir='ltr'><strong>uni</strong></span> <span class='ocrx_word' id='word_1_67' title='bbox 1925 1027 2046 1082; x_wconf 86' lang='lat' dir='ltr'><strong>per—</strong></span> 
     </span>
    </p>
   </div>
   <div class='ocr_carea' id='block_1_10' title="bbox 403 1105 2045 1178">
    <p class='ocr_par' dir='ltr' id='par_1_10' title="bbox 403 1105 2045 1178">
     <span class='ocr_line' id='line_1_10' title="bbox 403 1105 2045 1178; baseline -0.004 -14"><span class='ocrx_word' id='word_1_68' title='bbox 403 1169 406 1171; x_wconf 20' lang='lat'><strong>,</strong></span> <span class='ocrx_word' id='word_1_69' title='bbox 463 1124 613 1164; x_wconf 78' lang='lat' dir='ltr'><strong>sona:</strong></span> <span class='ocrx_word' id='word_1_70' title='bbox 654 1108 801 1178; x_wconf 85' lang='lat' dir='ltr'><strong>quod</strong></span> <span class='ocrx_word' id='word_1_71' title='bbox 837 1122 961 1162; x_wconf 89' lang='lat' dir='ltr'><strong>cum</strong></span> <span class='ocrx_word' id='word_1_72' title='bbox 990 1114 1104 1162; x_wconf 91' lang='lat' dir='ltr'><strong>tota</strong></span> <span class='ocrx_word' id='word_1_73' title='bbox 1139 1106 1411 1162; x_wconf 88' lang='lat' dir='ltr'><strong>Trinitate</strong></span> <span class='ocrx_word' id='word_1_74' title='bbox 1438 1105 1794 1176; x_wconf 89' lang='lat' dir='ltr'><strong>conjunctum</strong></span> <span class='ocrx_word' id='word_1_75' title='bbox 1826 1113 1911 1161; x_wconf 92' lang='lat' dir='ltr'><strong>est</strong></span> <span class='ocrx_word' id='word_1_76' title='bbox 1945 1106 2045 1159; x_wconf 87' lang='lat' dir='ltr'><strong>tri-</strong></span> 
     </span>
    </p>
   </div>
   <div class='ocr_carea' id='block_1_11' title="bbox 463 1197 2041 1271">
    <p class='ocr_par' dir='ltr' id='par_1_11' title="bbox 463 1197 2041 1271">
     <span class='ocr_line' id='line_1_11' title="bbox 463 1197 2041 1271; baseline -0.002 -16"><span class='ocrx_word' id='word_1_77' title='bbox 463 1203 554 1256; x_wconf 88' lang='lat' dir='ltr'><strong>bui</strong></span> <span class='ocrx_word' id='word_1_78' title='bbox 582 1210 861 1271; x_wconf 84' lang='lat' dir='ltr'><strong>oportere,</strong></span> <span class='ocrx_word' id='word_1_79' title='bbox 904 1207 958 1257; x_wconf 79' lang='lat' dir='ltr'><strong>et</strong></span> <span class='ocrx_word' id='word_1_80' title='bbox 985 1215 1053 1256; x_wconf 79' lang='lat' dir='ltr'><strong>ex</strong></span> <span class='ocrx_word' id='word_1_81' title='bbox 1099 1197 1263 1256; x_wconf 83' lang='lat' dir='ltr'><strong>Patre</strong></span> <span class='ocrx_word' id='word_1_82' title='bbox 1293 1197 1492 1254; x_wconf 83' lang='lat' dir='ltr'><strong>Filium</strong></span> <span class='ocrx_word' id='word_1_83' title='bbox 1527 1213 1715 1254; x_wconf 85' lang='lat' dir='ltr'><strong>verum</strong></span> <span class='ocrx_word' id='word_1_84' title='bbox 1747 1197 1918 1252; x_wconf 88' lang='lat' dir='ltr'><strong>Deum</strong></span> <span class='ocrx_word' id='word_1_85' title='bbox 1953 1197 2041 1252; x_wconf 85' lang='lat' dir='ltr'><strong>in-</strong></span> 
     </span>
    </p>
   </div>
   <div class='ocr_carea' id='block_1_12' title="bbox 462 1288 2044 1364">
    <p class='ocr_par' dir='ltr' id='par_1_12' title="bbox 462 1288 2044 1364">
     <span class='ocr_line' id='line_1_12' title="bbox 462 1288 2044 1364; baseline 0 -18"><span class='ocrx_word' id='word_1_86' title='bbox 462 1291 631 1363; x_wconf 79' lang='lat' dir='ltr'><strong>telligi</strong></span> <span class='ocrx_word' id='word_1_87' title='bbox 681 1306 746 1346; x_wconf 90' lang='lat' dir='ltr'><strong>ac</strong></span> <span class='ocrx_word' id='word_1_88' title='bbox 795 1305 984 1346; x_wconf 81' lang='lat' dir='ltr'><strong>verum</strong></span> <span class='ocrx_word' id='word_1_89' title='bbox 1028 1288 1318 1364; x_wconf 81' lang='lat' dir='ltr'><strong>Spiritum,</strong></span> <span class='ocrx_word' id='word_1_90' title='bbox 1377 1307 1502 1347; x_wconf 91' lang='lat' dir='ltr'><strong>eum</strong></span> <span class='ocrx_word' id='word_1_91' title='bbox 1564 1307 1631 1346; x_wconf 84' lang='lat' dir='ltr'><strong>ex</strong></span> <span class='ocrx_word' id='word_1_92' title='bbox 1681 1291 1758 1346; x_wconf 85' lang='lat' dir='ltr'><strong>rei</strong></span> <span class='ocrx_word' id='word_1_93' title='bbox 1809 1289 2044 1346; x_wconf 77' lang='lat' dir='ltr'><strong>veritate</strong></span> 
     </span>
    </p>
   </div>
   <div class='ocr_carea' id='block_1_13' title="bbox 459 1381 2044 1454">
    <p class='ocr_par' dir='ltr' id='par_1_13' title="bbox 459 1381 2044 1454">
     <span class='ocr_line' id='line_1_13' title="bbox 459 1381 2044 1454; baseline -0.001 -15"><span class='ocrx_word' id='word_1_94' title='bbox 459 1381 605 1439; x_wconf 87' lang='lat' dir='ltr'><strong>idem</strong></span> <span class='ocrx_word' id='word_1_95' title='bbox 669 1381 1034 1454; x_wconf 82' lang='lat' dir='ltr'><strong>signiﬁcantia</strong></span> <span class='ocrx_word' id='word_1_96' title='bbox 1096 1382 1362 1437; x_wconf 88' lang='lat' dir='ltr'><strong>voeabula</strong></span> <span class='ocrx_word' id='word_1_97' title='bbox 1416 1382 1663 1454; x_wconf 87' lang='lat' dir='ltr'><strong>utrisque</strong></span> <span class='ocrx_word' id='word_1_98' title='bbox 1727 1381 2044 1437; x_wconf 84' lang='lat' dir='ltr'><strong>nominibus</strong></span> 
     </span>
    </p>
   </div>
   <div class='ocr_carea' id='block_1_14' title="bbox 465 1473 2044 1548">
    <p class='ocr_par' dir='ltr' id='par_1_14' title="bbox 465 1473 2044 1548">
     <span class='ocr_line' id='line_1_14' title="bbox 465 1473 2044 1548; baseline 0 -16"><span class='ocrx_word' id='word_1_99' title='bbox 465 1475 858 1548; x_wconf 73' lang='lat' dir='ltr'><strong>respondeant;</strong></span> <span class='ocrx_word' id='word_1_100' title='bbox 922 1474 1174 1531; x_wconf 78' lang='lat' dir='ltr'><strong>videlicet</strong></span> <span class='ocrx_word' id='word_1_101' title='bbox 1240 1473 1392 1529; x_wconf 86' lang='lat' dir='ltr'><strong>Patri</strong></span> <span class='ocrx_word' id='word_1_102' title='bbox 1447 1491 1595 1533; x_wconf 81' lang='lat' dir='ltr'><strong>verus</strong></span> <span class='ocrx_word' id='word_1_103' title='bbox 1655 1474 1793 1532; x_wconf 86' lang='lat' dir='ltr'><strong>Deus</strong></span> <span class='ocrx_word' id='word_1_104' title='bbox 1824 1514 1841 1541; x_wconf 91' lang='lat'><strong>,</strong></span> <span class='ocrx_word' id='word_1_105' title='bbox 1903 1475 2044 1533; x_wconf 88' lang='lat' dir='ltr'><strong>Filio</strong></span> 
     </span>
    </p>
   </div>
   <div class='ocr_carea' id='block_1_15' title="bbox 463 1563 2044 1634">
    <p class='ocr_par' dir='ltr' id='par_1_15' title="bbox 463 1563 2044 1634">
     <span class='ocr_line' id='line_1_15' title="bbox 463 1563 2044 1634; baseline 0.003 -13"><span class='ocrx_word' id='word_1_106' title='bbox 463 1569 628 1632; x_wconf 76' lang='lat' dir='ltr'><strong>Dens,</strong></span> <span class='ocrx_word' id='word_1_107' title='bbox 674 1584 709 1626; x_wconf 71' lang='grc' dir='ltr'><strong>ο</strong></span> <span class='ocrx_word' id='word_1_108' title='bbox 751 1567 1033 1623; x_wconf 84' lang='lat' dir='ltr'><strong>contrario</strong></span> <span class='ocrx_word' id='word_1_109' title='bbox 1066 1581 1197 1622; x_wconf 86' lang='lat' dir='ltr'><strong>vero</strong></span> <span class='ocrx_word' id='word_1_110' title='bbox 1227 1563 1366 1622; x_wconf 74' lang='lat' dir='ltr'><strong>FJio</strong></span> <span class='ocrx_word' id='word_1_111' title='bbox 1405 1568 1499 1624; x_wconf 76' lang='lat' dir='ltr'><strong>tua:</strong></span> <span class='ocrx_word' id='word_1_112' title='bbox 1525 1585 1645 1624; x_wconf 80' lang='lat' dir='ltr'><strong>vera</strong></span> <span class='ocrx_word' id='word_1_113' title='bbox 1672 1606 1688 1634; x_wconf 93' lang='lat'><strong>,</strong></span> <span class='ocrx_word' id='word_1_114' title='bbox 1724 1567 1872 1625; x_wconf 88' lang='lat' dir='ltr'><strong>Patri</strong></span> <span class='ocrx_word' id='word_1_115' title='bbox 1911 1585 2044 1626; x_wconf 91' lang='lat' dir='ltr'><strong>vero</strong></span> 
     </span>
    </p>
   </div>
   <div class='ocr_carea' id='block_1_16' title="bbox 454 1653 2044 1718">
    <p class='ocr_par' dir='ltr' id='par_1_16' title="bbox 454 1653 2044 1718">
     <span class='ocr_line' id='line_1_16' title="bbox 454 1653 2044 1718; baseline 0.006 -10"><span class='ocrx_word' id='word_1_116' title='bbox 454 1653 600 1709; x_wconf 71' lang='lat' dir='ltr'><strong>lux:</strong></span> <span class='ocrx_word' id='word_1_117' title='bbox 637 1665 698 1710; x_wconf 88' lang='lat' dir='ltr'><strong>ut</strong></span> <span class='ocrx_word' id='word_1_118' title='bbox 741 1659 954 1716; x_wconf 91' lang='lat' dir='ltr'><strong>duabus</strong></span> <span class='ocrx_word' id='word_1_119' title='bbox 988 1658 1098 1713; x_wconf 82' lang='lat' dir='ltr'><strong>illis</strong></span> <span class='ocrx_word' id='word_1_120' title='bbox 1147 1657 1215 1713; x_wconf 91' lang='lat' dir='ltr'><strong>de</strong></span> <span class='ocrx_word' id='word_1_121' title='bbox 1253 1658 1539 1715; x_wconf 84' lang='lat' dir='ltr'><strong>divinitate</strong></span> <span class='ocrx_word' id='word_1_122' title='bbox 1575 1662 1868 1718; x_wconf 90' lang='lat' dir='ltr'><strong>sententiis</strong></span> <span class='ocrx_word' id='word_1_123' title='bbox 1910 1677 2044 1718; x_wconf 85' lang='lat' dir='ltr'><strong>con-</strong></span> 
     </span>
    </p>
   </div>
   <div class='ocr_carea' id='block_1_17' title="bbox 451 1747 2041 1820">
    <p class='ocr_par' dir='ltr' id='par_1_17' title="bbox 451 1747 2041 1820">
     <span class='ocr_line' id='line_1_17' title="bbox 451 1747 2041 1820; baseline 0.004 -16"><span class='ocrx_word' id='word_1_124' title='bbox 451 1749 677 1819; x_wconf 83' lang='lat' dir='ltr'><strong>junctis,</strong></span> <span class='ocrx_word' id='word_1_125' title='bbox 741 1748 888 1820; x_wconf 85' lang='lat' dir='ltr'><strong>quod</strong></span> <span class='ocrx_word' id='word_1_126' title='bbox 945 1757 998 1804; x_wconf 92' lang='lat' dir='ltr'><strong>et</strong></span> <span class='ocrx_word' id='word_1_127' title='bbox 1043 1747 1208 1805; x_wconf 86' lang='lat' dir='ltr'><strong>Pater</strong></span> <span class='ocrx_word' id='word_1_128' title='bbox 1241 1767 1394 1808; x_wconf 79' lang='lat' dir='ltr'><strong>verus</strong></span> <span class='ocrx_word' id='word_1_129' title='bbox 1445 1751 1518 1805; x_wconf 89' lang='lat' dir='ltr'><strong>sit</strong></span> <span class='ocrx_word' id='word_1_130' title='bbox 1570 1750 1823 1818; x_wconf 81' lang='lat' dir='ltr'><strong>Deus,et</strong></span> <span class='ocrx_word' id='word_1_131' title='bbox 1867 1752 2041 1811; x_wconf 87' lang='lat' dir='ltr'><strong>Filius</strong></span> 
     </span>
    </p>
   </div>
   <div class='ocr_carea' id='block_1_18' title="bbox 2147 550 3737 623">
    <p class='ocr_par' dir='ltr' id='par_1_18' title="bbox 2147 550 3737 623">
     <span class='ocr_line' id='line_1_18' title="bbox 2147 550 3737 623; baseline 0.002 -19"><span class='ocrx_word' id='word_1_132' title='bbox 2147 551 2239 606; x_wconf 78' lang='grc' dir='ltr'>ἐπὶ</span> <span class='ocrx_word' id='word_1_133' title='bbox 2259 550 2352 605; x_wconf 92' lang='grc' dir='ltr'><strong>τοῦ</strong></span> <span class='ocrx_word' id='word_1_134' title='bbox 2383 551 2512 606; x_wconf 83' lang='grc' dir='ltr'>Υἱοῦ</span> <span class='ocrx_word' id='word_1_135' title='bbox 2537 550 2863 623; x_wconf 81' lang='grc' dir='ltr'>γέγραπται,</span> <span class='ocrx_word' id='word_1_136' title='bbox 2904 551 3138 616; x_wconf 73' lang='grc' dir='ltr'>ὅτιθεὸς</span> <span class='ocrx_word' id='word_1_137' title='bbox 3181 553 3210 605; x_wconf 99' lang='lat'><strong>6</strong></span> <span class='ocrx_word' id='word_1_138' title='bbox 3233 551 3376 616; x_wconf 82' lang='grc' dir='ltr'>Υἱὸς,</span> <span class='ocrx_word' id='word_1_139' title='bbox 3409 553 3503 607; x_wconf 72' lang='grc' dir='ltr'>καὶ</span> <span class='ocrx_word' id='word_1_140' title='bbox 3537 555 3639 610; x_wconf 77' lang='grc' dir='ltr'><strong>κᾶν</strong></span> <span class='ocrx_word' id='word_1_141' title='bbox 3671 551 3737 607; x_wconf 80' lang='grc' dir='ltr'>οὐ</span> 
     </span>
    </p>
   </div>
   <div class='ocr_carea' id='block_1_19' title="bbox 2147 642 3739 716">
    <p class='ocr_par' dir='ltr' id='par_1_19' title="bbox 2147 642 3739 716">
     <span class='ocr_line' id='line_1_19' title="bbox 2147 642 3739 716; baseline 0.003 -20"><span class='ocrx_word' id='word_1_142' title='bbox 2147 644 2470 716; x_wconf 82' lang='grc' dir='ltr'>πρόσκειται</span> <span class='ocrx_word' id='word_1_143' title='bbox 2498 643 2580 710; x_wconf 82' lang='grc' dir='ltr'>τὸ,</span> <span class='ocrx_word' id='word_1_144' title='bbox 2607 642 2751 711; x_wconf 83' lang='grc' dir='ltr'><strong>Θεὸς</strong></span> <span class='ocrx_word' id='word_1_145' title='bbox 2780 642 3090 710; x_wconf 79' lang='grc' dir='ltr'>ἀληθινὸς,</span> <span class='ocrx_word' id='word_1_146' title='bbox 3129 642 3326 714; x_wconf 79' lang='grc' dir='ltr'>μανίαν</span> <span class='ocrx_word' id='word_1_147' title='bbox 3360 645 3572 708; x_wconf 77' lang='grc' dir='ltr'><strong>ἑαυτοῖς</strong></span> <span class='ocrx_word' id='word_1_148' title='bbox 3613 646 3739 700; x_wconf 72' lang='grc' dir='ltr'>ἐπισ-</span> 
     </span>
    </p>
   </div>
   <div class='ocr_carea' id='block_1_20' title="bbox 2149 731 3738 810">
    <p class='ocr_par' dir='ltr' id='par_1_20' title="bbox 2149 731 3738 810">
     <span class='ocr_line' id='line_1_20' title="bbox 2149 731 3738 810; baseline 0.001 -22"><span class='ocrx_word' id='word_1_149' title='bbox 2149 731 2481 810; x_wconf 78' lang='grc' dir='ltr'>σωρεὺομεν,</span> <span class='ocrx_word' id='word_1_150' title='bbox 2535 735 2583 788; x_wconf 84' lang='grc' dir='ltr'>εἰ</span> <span class='ocrx_word' id='word_1_151' title='bbox 2635 735 3000 807; x_wconf 83' lang='grc' dir='ltr'>τολμήσωμεν</span> <span class='ocrx_word' id='word_1_152' title='bbox 3039 733 3460 807; x_wconf 79' lang='grc' dir='ltr'><strong>βλασφημῆσαι,</strong></span> <span class='ocrx_word' id='word_1_153' title='bbox 3509 737 3604 790; x_wconf 77' lang='grc' dir='ltr'>καὶ</span> <span class='ocrx_word' id='word_1_154' title='bbox 3656 738 3738 809; x_wconf 77' lang='grc' dir='ltr'>μὴ</span> 
     </span>
    </p>
   </div>
   <div class='ocr_carea' id='block_1_21' title="bbox 2146 825 3741 900">
    <p class='ocr_par' dir='ltr' id='par_1_21' title="bbox 2146 825 3741 900">
     <span class='ocr_line' id='line_1_21' title="bbox 2146 825 3741 900; baseline 0.003 -20"><span class='ocrx_word' id='word_1_155' title='bbox 2146 829 2322 880; x_wconf 79' lang='grc' dir='ltr'>εἰπεῖν</span> <span class='ocrx_word' id='word_1_156' title='bbox 2342 827 2434 881; x_wconf 76' lang='grc' dir='ltr'>τὸν</span> <span class='ocrx_word' id='word_1_157' title='bbox 2462 826 2588 880; x_wconf 79' lang='grc' dir='ltr'>Υῑὸν</span> <span class='ocrx_word' id='word_1_158' title='bbox 2609 825 2742 881; x_wconf 85' lang='grc' dir='ltr'>Θεὸν</span> <span class='ocrx_word' id='word_1_159' title='bbox 2765 825 3043 897; x_wconf 81' lang='grc' dir='ltr'>ἀληθινόν.</span> <span class='ocrx_word' id='word_1_160' title='bbox 3084 826 3274 899; x_wconf 80' lang='grc' dir='ltr'>’Δρκεῐ</span> <span class='ocrx_word' id='word_1_161' title='bbox 3291 826 3403 900; x_wconf 79' lang='grc' dir='ltr'><strong>γὰρ</strong></span> <span class='ocrx_word' id='word_1_162' title='bbox 3429 827 3522 882; x_wconf 71' lang='grc' dir='ltr'><strong>ἐπὶ</strong></span> <span class='ocrx_word' id='word_1_163' title='bbox 3551 828 3627 899; x_wconf 82' lang='grc' dir='ltr'><strong>τῷ</strong></span> <span class='ocrx_word' id='word_1_164' title='bbox 3654 830 3741 884; x_wconf 74' lang='grc' dir='ltr'><strong>ἑνὶ</strong></span> 
     </span>
    </p>
   </div>
   <div class='ocr_carea' id='block_1_22' title="bbox 2145 917 3741 990">
    <p class='ocr_par' dir='ltr' id='par_1_22' title="bbox 2145 917 3741 990">
     <span class='ocr_line' id='line_1_22' title="bbox 2145 917 3741 990; baseline 0.001 -18"><span class='ocrx_word' id='word_1_165' title='bbox 2145 918 2237 973; x_wconf 79' lang='grc' dir='ltr'><strong>τὸν</strong></span> <span class='ocrx_word' id='word_1_166' title='bbox 2267 918 2446 973; x_wconf 85' lang='grc' dir='ltr'>πάντα</span> <span class='ocrx_word' id='word_1_167' title='bbox 2479 918 2776 988; x_wconf 84' lang='grc' dir='ltr'><strong>σύνδεσμον</strong></span> <span class='ocrx_word' id='word_1_168' title='bbox 2813 917 2912 988; x_wconf 83' lang='grc' dir='ltr'>τῆς</span> <span class='ocrx_word' id='word_1_169' title='bbox 2956 917 3186 988; x_wconf 80' lang='grc' dir='ltr'>Τριάδος</span> <span class='ocrx_word' id='word_1_170' title='bbox 3226 919 3438 990; x_wconf 76' lang='grc' dir='ltr'>φέρειν,</span> <span class='ocrx_word' id='word_1_171' title='bbox 3484 928 3580 974; x_wconf 73' lang='grc' dir='ltr'><strong>καὶ</strong></span> <span class='ocrx_word' id='word_1_172' title='bbox 3626 920 3741 974; x_wconf 82' lang='grc' dir='ltr'><strong>ἀπὸ</strong></span> 
     </span>
    </p>
   </div>
   <div class='ocr_carea' id='block_1_23' title="bbox 2144 1010 3741 1084">
    <p class='ocr_par' dir='ltr' id='par_1_23' title="bbox 2144 1010 3741 1084">
     <span class='ocr_line' id='line_1_23' title="bbox 2144 1010 3741 1084; baseline 0.001 -17"><span class='ocrx_word' id='word_1_173' title='bbox 2144 1011 2240 1067; x_wconf 85' lang='grc' dir='ltr'><strong>τοῦ</strong></span> <span class='ocrx_word' id='word_1_174' title='bbox 2292 1012 2506 1084; x_wconf 83' lang='grc' dir='ltr'>Πατρὸς</span> <span class='ocrx_word' id='word_1_175' title='bbox 2557 1013 2700 1066; x_wconf 87' lang='grc' dir='ltr'>νοεῖν</span> <span class='ocrx_word' id='word_1_176' title='bbox 2740 1010 2834 1066; x_wconf 75' lang='grc' dir='ltr'>τὸν</span> <span class='ocrx_word' id='word_1_177' title='bbox 2873 1011 3002 1065; x_wconf 78' lang='grc' dir='ltr'>Υἱδν</span> <span class='ocrx_word' id='word_1_178' title='bbox 3043 1011 3177 1066; x_wconf 80' lang='grc' dir='ltr'>Θεὸν</span> <span class='ocrx_word' id='word_1_179' title='bbox 3228 1011 3503 1083; x_wconf 78' lang='grc' dir='ltr'>ἀληθινὸν,</span> <span class='ocrx_word' id='word_1_180' title='bbox 3537 1013 3631 1067; x_wconf 73' lang='grc' dir='ltr'>καὶ</span> <span class='ocrx_word' id='word_1_181' title='bbox 3672 1014 3741 1068; x_wconf 80' lang='grc' dir='ltr'>τὸ</span> 
     </span>
    </p>
   </div>
   <div class='ocr_carea' id='block_1_24' title="bbox 2147 1102 3740 1177">
    <p class='ocr_par' dir='ltr' id='par_1_24' title="bbox 2147 1102 3740 1177">
     <span class='ocr_line' id='line_1_24' title="bbox 2147 1102 3740 1177; baseline -0.003 -16"><span class='ocrx_word' id='word_1_182' title='bbox 2147 1105 2372 1177; x_wconf 79' lang='grc' dir='ltr'><strong>Πνεῦμα</strong></span> <span class='ocrx_word' id='word_1_183' title='bbox 2406 1103 2680 1176; x_wconf 82' lang='grc' dir='ltr'>ἀληθινὸν,</span> <span class='ocrx_word' id='word_1_184' title='bbox 2721 1102 3270 1176; x_wconf 82' lang='grc' dir='ltr'>ἀντιπαρακειμένων</span> <span class='ocrx_word' id='word_1_185' title='bbox 3303 1107 3418 1168; x_wconf 81' lang='grc' dir='ltr'>τοῖς</span> <span class='ocrx_word' id='word_1_186' title='bbox 3455 1103 3740 1176; x_wconf 78' lang='grc' dir='ltr'><strong>ἑκατέροις</strong></span> 
     </span>
    </p>
   </div>
   <div class='ocr_carea' id='block_1_25' title="bbox 2125 1195 3737 1271">
    <p class='ocr_par' dir='ltr' id='par_1_25' title="bbox 2125 1195 3737 1271">
     <span class='ocr_line' id='line_1_25' title="bbox 2125 1195 3737 1271; baseline -0.001 -18"><span class='ocrx_word' id='word_1_187' title='bbox 2125 1200 2376 1271; x_wconf 65' lang='grc' dir='ltr'><strong>⁴ὀνόμασι</strong></span> <span class='ocrx_word' id='word_1_188' title='bbox 2397 1198 2505 1252; x_wconf 82' lang='grc' dir='ltr'>τῶν</span> <span class='ocrx_word' id='word_1_189' title='bbox 2537 1197 2844 1269; x_wconf 75' lang='grc' dir='ltr'>ἰσορρόπων</span> <span class='ocrx_word' id='word_1_190' title='bbox 2869 1197 2971 1268; x_wconf 79' lang='grc' dir='ltr'>τῆς</span> <span class='ocrx_word' id='word_1_191' title='bbox 2997 1195 3254 1268; x_wconf 72' lang='grc' dir='ltr'>ἀληθείας</span> <span class='ocrx_word' id='word_1_192' title='bbox 3270 1212 3283 1224; x_wconf 93' lang='grc'><strong>·</strong></span> <span class='ocrx_word' id='word_1_193' title='bbox 3311 1195 3391 1267; x_wconf 80' lang='grc' dir='ltr'>τῷ</span> <span class='ocrx_word' id='word_1_194' title='bbox 3415 1197 3515 1268; x_wconf 81' lang='grc' dir='ltr'>μὲν</span> <span class='ocrx_word' id='word_1_195' title='bbox 3537 1197 3737 1270; x_wconf 66' lang='lat' dir='ltr'><strong>“arpi,</strong></span> 
     </span>
    </p>
   </div>
   <div class='ocr_carea' id='block_1_26' title="bbox 2144 1286 3742 1359">
    <p class='ocr_par' dir='ltr' id='par_1_26' title="bbox 2144 1286 3742 1359">
     <span class='ocr_line' id='line_1_26' title="bbox 2144 1286 3742 1359; baseline -0.003 -14"><span class='ocrx_word' id='word_1_196' title='bbox 2144 1291 2206 1345; x_wconf 81' lang='grc' dir='ltr'><strong>τὸ</strong></span> <span class='ocrx_word' id='word_1_197' title='bbox 2239 1288 2382 1357; x_wconf 80' lang='grc' dir='ltr'>Θεὸς</span> <span class='ocrx_word' id='word_1_198' title='bbox 2424 1288 2734 1357; x_wconf 81' lang='grc' dir='ltr'>ἀληθινὸς,</span> <span class='ocrx_word' id='word_1_199' title='bbox 2765 1287 2846 1359; x_wconf 84' lang='grc' dir='ltr'>τῷ</span> <span class='ocrx_word' id='word_1_200' title='bbox 2887 1287 2945 1342; x_wconf 70' lang='grc' dir='ltr'><strong>δὲ</strong></span> <span class='ocrx_word' id='word_1_201' title='bbox 2993 1286 3128 1359; x_wconf 80' lang='grc' dir='ltr'><strong>Υἱῷ,</strong></span> <span class='ocrx_word' id='word_1_202' title='bbox 3158 1289 3218 1341; x_wconf 76' lang='grc' dir='ltr'><strong>τὸ</strong></span> <span class='ocrx_word' id='word_1_203' title='bbox 3255 1289 3426 1355; x_wconf 82' lang='grc' dir='ltr'><strong>Θεός⁹</strong></span> <span class='ocrx_word' id='word_1_204' title='bbox 3467 1289 3742 1343; x_wconf 74' lang='grc' dir='ltr'>ἀνάπαλιν</span> 
     </span>
    </p>
   </div>
   <div class='ocr_carea' id='block_1_27' title="bbox 2145 1378 3741 1454">
    <p class='ocr_par' dir='ltr' id='par_1_27' title="bbox 2145 1378 3741 1454">
     <span class='ocr_line' id='line_1_27' title="bbox 2145 1378 3741 1454; baseline -0.001 -19"><span class='ocrx_word' id='word_1_205' title='bbox 2145 1381 2202 1435; x_wconf 83' lang='grc' dir='ltr'><strong>δὲ</strong></span> <span class='ocrx_word' id='word_1_206' title='bbox 2231 1381 2309 1452; x_wconf 84' lang='grc' dir='ltr'>τῷ</span> <span class='ocrx_word' id='word_1_207' title='bbox 2338 1379 2471 1452; x_wconf 64' lang='lat' dir='ltr'><strong>mp,</strong></span> <span class='ocrx_word' id='word_1_208' title='bbox 2513 1380 2576 1434; x_wconf 80' lang='grc' dir='ltr'>τὸ</span> <span class='ocrx_word' id='word_1_209' title='bbox 2613 1378 2741 1450; x_wconf 68' lang='grc' dir='ltr'><strong>φῶς</strong></span> <span class='ocrx_word' id='word_1_210' title='bbox 2771 1380 2840 1434; x_wconf 84' lang='grc' dir='ltr'>τὸ</span> <span class='ocrx_word' id='word_1_211' title='bbox 2884 1379 3202 1449; x_wconf 78' lang='grc' dir='ltr'>ἀληθινὸν,</span> <span class='ocrx_word' id='word_1_212' title='bbox 3231 1381 3311 1452; x_wconf 84' lang='grc' dir='ltr'>τῷ</span> <span class='ocrx_word' id='word_1_213' title='bbox 3341 1381 3399 1435; x_wconf 80' lang='grc' dir='ltr'><strong>δὲ</strong></span> <span class='ocrx_word' id='word_1_214' title='bbox 3440 1382 3636 1454; x_wconf 73' lang='grc' dir='ltr'>Πατρὶ,</span> <span class='ocrx_word' id='word_1_215' title='bbox 3674 1383 3741 1435; x_wconf 75' lang='grc' dir='ltr'>τὸ</span> 
     </span>
    </p>
   </div>
   <div class='ocr_carea' id='block_1_28' title="bbox 2145 1471 3740 1546">
    <p class='ocr_par' dir='ltr' id='par_1_28' title="bbox 2145 1471 3740 1546">
     <span class='ocr_line' id='line_1_28' title="bbox 2145 1471 3740 1546; baseline 0 -20"><span class='ocrx_word' id='word_1_216' title='bbox 2145 1473 2272 1544; x_wconf 71' lang='grc' dir='ltr'><strong>φῶς</strong></span> <span class='ocrx_word' id='word_1_217' title='bbox 2291 1489 2308 1504; x_wconf 88' lang='grc'><strong>·</strong></span> <span class='ocrx_word' id='word_1_218' title='bbox 2335 1473 2424 1527; x_wconf 88' lang='grc' dir='ltr'><strong>ἵνα</strong></span> <span class='ocrx_word' id='word_1_219' title='bbox 2447 1471 2550 1536; x_wconf 77' lang='grc' dir='ltr'><strong>τὰς</strong></span> <span class='ocrx_word' id='word_1_220' title='bbox 2581 1473 2676 1527; x_wconf 82' lang='grc' dir='ltr'><strong>δύο</strong></span> <span class='ocrx_word' id='word_1_221' title='bbox 2693 1471 2854 1537; x_wconf 79' lang='grc' dir='ltr'>δόξας</span> <span class='ocrx_word' id='word_1_222' title='bbox 2878 1471 2976 1536; x_wconf 82' lang='grc' dir='ltr'>τὰς</span> <span class='ocrx_word' id='word_1_223' title='bbox 3008 1473 3139 1545; x_wconf 77' lang='grc' dir='ltr'>περὶ</span> <span class='ocrx_word' id='word_1_224' title='bbox 3165 1472 3418 1546; x_wconf 73' lang='grc' dir='ltr'>θεάτητος</span> <span class='ocrx_word' id='word_1_225' title='bbox 3448 1474 3740 1540; x_wconf 71' lang='grc' dir='ltr'>συζεύξαν-</span> 
     </span>
    </p>
   </div>
   <div class='ocr_carea' id='block_1_29' title="bbox 2145 1561 3738 1636">
    <p class='ocr_par' dir='ltr' id='par_1_29' title="bbox 2145 1561 3738 1636">
     <span class='ocr_line' id='line_1_29' title="bbox 2145 1561 3738 1636; baseline -0.001 -19"><span class='ocrx_word' id='word_1_226' title='bbox 2145 1580 2257 1627; x_wconf 86' lang='grc' dir='ltr'>τες,</span> <span class='ocrx_word' id='word_1_227' title='bbox 2286 1562 2416 1635; x_wconf 77' lang='grc' dir='ltr'>περὶ</span> <span class='ocrx_word' id='word_1_228' title='bbox 2447 1562 2658 1634; x_wconf 80' lang='grc' dir='ltr'>Πατρὸς</span> <span class='ocrx_word' id='word_1_229' title='bbox 2695 1563 2794 1634; x_wconf 86' lang='grc' dir='ltr'><strong>μὲν</strong></span> <span class='ocrx_word' id='word_1_230' title='bbox 2824 1561 2970 1631; x_wconf 83' lang='grc' dir='ltr'><strong>Θεὸς</strong></span> <span class='ocrx_word' id='word_1_231' title='bbox 2995 1563 3309 1632; x_wconf 79' lang='grc' dir='ltr'>ἀληθινὸς,</span> <span class='ocrx_word' id='word_1_232' title='bbox 3348 1565 3478 1636; x_wconf 74' lang='grc' dir='ltr'>περὶ</span> <span class='ocrx_word' id='word_1_233' title='bbox 3513 1565 3571 1618; x_wconf 81' lang='grc' dir='ltr'><strong>δὲ</strong></span> <span class='ocrx_word' id='word_1_234' title='bbox 3605 1563 3738 1618; x_wconf 80' lang='grc' dir='ltr'>Υἱοῦ</span> 
     </span>
    </p>
   </div>
   <div class='ocr_carea' id='block_1_30' title="bbox 2145 1653 3740 1726">
    <p class='ocr_par' dir='ltr' id='par_1_30' title="bbox 2145 1653 3740 1726">
     <span class='ocr_line' id='line_1_30' title="bbox 2145 1653 3740 1726; baseline 0.001 -19"><span class='ocrx_word' id='word_1_235' title='bbox 2145 1653 2271 1724; x_wconf 73' lang='grc' dir='ltr'><strong>φῶς</strong></span> <span class='ocrx_word' id='word_1_236' title='bbox 2303 1653 2620 1722; x_wconf 83' lang='grc' dir='ltr'>ἀληθινὸν,</span> <span class='ocrx_word' id='word_1_237' title='bbox 2659 1654 2755 1708; x_wconf 77' lang='grc' dir='ltr'>καὶ</span> <span class='ocrx_word' id='word_1_238' title='bbox 2783 1653 2914 1725; x_wconf 74' lang='grc' dir='ltr'>περὶ</span> <span class='ocrx_word' id='word_1_239' title='bbox 2951 1653 3172 1724; x_wconf 80' lang='grc' dir='ltr'>Πατρὸς</span> <span class='ocrx_word' id='word_1_240' title='bbox 3201 1653 3264 1707; x_wconf 78' lang='grc' dir='ltr'><strong>τὸ</strong></span> <span class='ocrx_word' id='word_1_241' title='bbox 3305 1654 3452 1724; x_wconf 75' lang='grc' dir='ltr'>φῶς,</span> <span class='ocrx_word' id='word_1_242' title='bbox 3487 1655 3582 1708; x_wconf 83' lang='grc' dir='ltr'><strong>καὶ</strong></span> <span class='ocrx_word' id='word_1_243' title='bbox 3609 1655 3740 1726; x_wconf 77' lang='grc' dir='ltr'>περὶ</span> 
     </span>
    </p>
   </div>
   <div class='ocr_carea' id='block_1_31' title="bbox 2147 1743 3737 1818">
    <p class='ocr_par' dir='ltr' id='par_1_31' title="bbox 2147 1743 3737 1818">
     <span class='ocr_line' id='line_1_31' title="bbox 2147 1743 3737 1818; baseline -0.001 -18"><span class='ocrx_word' id='word_1_244' title='bbox 2147 1745 2278 1800; x_wconf 82' lang='grc' dir='ltr'>Υἱοῦ</span> <span class='ocrx_word' id='word_1_245' title='bbox 2303 1745 2364 1800; x_wconf 81' lang='grc' dir='ltr'>τὸ</span> <span class='ocrx_word' id='word_1_246' title='bbox 2390 1743 2554 1812; x_wconf 83' lang='grc' dir='ltr'><strong>Θεὸς,</strong></span> <span class='ocrx_word' id='word_1_247' title='bbox 2584 1744 2694 1800; x_wconf 81' lang='grc' dir='ltr'><strong>ἀπὸ</strong></span> <span class='ocrx_word' id='word_1_248' title='bbox 2711 1743 2804 1798; x_wconf 87' lang='grc' dir='ltr'><strong>τοῦ</strong></span> <span class='ocrx_word' id='word_1_249' title='bbox 2837 1743 3016 1816; x_wconf 79' lang='grc' dir='ltr'>φωτὸς</span> <span class='ocrx_word' id='word_1_250' title='bbox 3045 1743 3144 1818; x_wconf 82' lang='lat'><strong>(5),</strong></span> <span class='ocrx_word' id='word_1_251' title='bbox 3178 1745 3274 1799; x_wconf 77' lang='grc' dir='ltr'>καὶ</span> <span class='ocrx_word' id='word_1_252' title='bbox 3296 1744 3450 1813; x_wconf 79' lang='grc' dir='ltr'>Θεὸς,</span> <span class='ocrx_word' id='word_1_253' title='bbox 3483 1744 3581 1817; x_wconf 82' lang='grc' dir='ltr'><strong>τὴν</strong></span> <span class='ocrx_word' id='word_1_254' title='bbox 3607 1747 3737 1818; x_wconf 81' lang='grc' dir='ltr'>μίαν</span> 
     </span>
    </p>
   </div>
   <div class='ocr_carea' id='block_1_32' title="bbox 457 1813 2045 1913">
    <p class='ocr_par' dir='ltr' id='par_1_32' title="bbox 457 1813 2034 1913">
     <span class='ocr_line' id='line_1_32' title="bbox 457 1813 2034 1913; baseline 0.006 -23"><span class='ocrx_word' id='word_1_255' title='bbox 457 1813 552 1890; x_wconf 76' lang='lat' dir='ltr'><strong>lux</strong></span> <span class='ocrx_word' id='word_1_256' title='bbox 582 1813 704 1892; x_wconf 78' lang='lat' dir='ltr'><strong>vera</strong></span> <span class='ocrx_word' id='word_1_257' title='bbox 740 1813 773 1895; x_wconf 36' lang='grc' dir='ltr'>ε.</span> <span class='ocrx_word' id='word_1_258' title='bbox 796 1847 912 1895; x_wconf 89' lang='lat' dir='ltr'><strong>tum</strong></span> <span class='ocrx_word' id='word_1_259' title='bbox 935 1840 1082 1913; x_wconf 90' lang='lat' dir='ltr'><strong>quod</strong></span> <span class='ocrx_word' id='word_1_260' title='bbox 1113 1840 1274 1896; x_wconf 88' lang='lat' dir='ltr'><strong>Pater</strong></span> <span class='ocrx_word' id='word_1_261' title='bbox 1303 1848 1397 1897; x_wconf 75' lang='lat' dir='ltr'><strong>tux</strong></span> <span class='ocrx_word' id='word_1_262' title='bbox 1438 1840 1532 1904; x_wconf 87' lang='lat' dir='ltr'><strong>sit,</strong></span> <span class='ocrx_word' id='word_1_263' title='bbox 1562 1846 1617 1894; x_wconf 86' lang='lat' dir='ltr'><strong>et</strong></span> <span class='ocrx_word' id='word_1_264' title='bbox 1650 1813 1824 1897; x_wconf 77' lang='lat' dir='ltr'><strong>Filius</strong></span> <span class='ocrx_word' id='word_1_265' title='bbox 1855 1841 2034 1910; x_wconf 78' lang='lat' dir='ltr'><strong>Deus;</strong></span> 
     </span>
    </p>
   </div>
   <div class='ocr_carea' id='block_1_33' title="bbox 2152 1813 3737 1913">
    <p class='ocr_par' dir='ltr' id='par_1_33' title="bbox 2152 1813 3737 1909">
     <span class='ocr_line' id='line_1_33' title="bbox 2152 1813 3737 1909; baseline -0.001 -18"><span class='ocrx_word' id='word_1_266' title='bbox 2152 1837 2396 1909; x_wconf 75' lang='grc' dir='ltr'>Θεότητα,</span> <span class='ocrx_word' id='word_1_267' title='bbox 2451 1837 2545 1891; x_wconf 81' lang='grc' dir='ltr'><strong>καὶ</strong></span> <span class='ocrx_word' id='word_1_268' title='bbox 2590 1835 2699 1891; x_wconf 84' lang='grc' dir='ltr'>ἀπὸ</span> <span class='ocrx_word' id='word_1_269' title='bbox 2743 1813 3028 1904; x_wconf 20' lang='grc' dir='ltr'>τοῦνΘεὸς</span> <span class='ocrx_word' id='word_1_270' title='bbox 3056 1813 3401 1904; x_wconf 54' lang='grc' dir='ltr'><strong>⁷ἀληθινὸς,</strong></span> <span class='ocrx_word' id='word_1_271' title='bbox 3455 1813 3551 1891; x_wconf 58' lang='grc' dir='ltr'>καί</span> <span class='ocrx_word' id='word_1_272' title='bbox 3607 1813 3737 1908; x_wconf 55' lang='lat' dir='ltr'><strong>po,-</strong></span> 
     </span>
    </p>
   </div>
   <div class='ocr_carea' id='block_1_34' title="bbox 449 1921 2039 2002">
    <p class='ocr_par' dir='ltr' id='par_1_34' title="bbox 449 1921 2039 2002">
     <span class='ocr_line' id='line_1_34' title="bbox 449 1921 2039 2002; baseline 0.009 -27"><span class='ocrx_word' id='word_1_273' title='bbox 449 1937 514 1976; x_wconf 76' lang='lat' dir='ltr'><strong>ox</strong></span> <span class='ocrx_word' id='word_1_274' title='bbox 551 1921 688 1981; x_wconf 90' lang='lat' dir='ltr'><strong>lucis</strong></span> <span class='ocrx_word' id='word_1_275' title='bbox 753 1926 962 2002; x_wconf 88' lang='lat' dir='ltr'><strong>Deique</strong></span> <span class='ocrx_word' id='word_1_276' title='bbox 1005 1933 1235 1989; x_wconf 85' lang='lat' dir='ltr'><strong>vocibus</strong></span> <span class='ocrx_word' id='word_1_277' title='bbox 1261 1932 1601 1988; x_wconf 89' lang='lat' dir='ltr'><strong>divinitatem</strong></span> <span class='ocrx_word' id='word_1_278' title='bbox 1648 1949 1848 1998; x_wconf 89' lang='lat' dir='ltr'><strong>unam,</strong></span> <span class='ocrx_word' id='word_1_279' title='bbox 1883 1943 1937 1988; x_wconf 88' lang='lat' dir='ltr'><strong>ct</strong></span> <span class='ocrx_word' id='word_1_280' title='bbox 1973 1950 2039 1989; x_wconf 76' lang='lat' dir='ltr'><strong>ex</strong></span> 
     </span>
    </p>
   </div>
   <div class='ocr_carea' id='block_1_35' title="bbox 462 2018 2026 2095">
    <p class='ocr_par' dir='ltr' id='par_1_35' title="bbox 462 2018 2026 2095">
     <span class='ocr_line' id='line_1_35' title="bbox 462 2018 2026 2095; baseline 0.004 -23"><span class='ocrx_word' id='word_1_281' title='bbox 462 2018 570 2085; x_wconf 87' lang='lat' dir='ltr'><strong>his,</strong></span> <span class='ocrx_word' id='word_1_282' title='bbox 615 2019 756 2076; x_wconf 78' lang='lat' dir='ltr'><strong>Deus</strong></span> <span class='ocrx_word' id='word_1_283' title='bbox 785 2035 934 2076; x_wconf 76' lang='lat' dir='ltr'><strong>verus</strong></span> <span class='ocrx_word' id='word_1_284' title='bbox 969 2029 1023 2076; x_wconf 92' lang='lat' dir='ltr'><strong>et</strong></span> <span class='ocrx_word' id='word_1_285' title='bbox 1045 2023 1139 2078; x_wconf 73' lang='lat' dir='ltr'><strong>tua:</strong></span> <span class='ocrx_word' id='word_1_286' title='bbox 1195 2041 1312 2079; x_wconf 77' lang='lat' dir='ltr'><strong>vera</strong></span> <span class='ocrx_word' id='word_1_287' title='bbox 1345 2065 1360 2090; x_wconf 89' lang='lat'><strong>,</strong></span> <span class='ocrx_word' id='word_1_288' title='bbox 1388 2039 1551 2077; x_wconf 87' lang='lat' dir='ltr'><strong>unam</strong></span> <span class='ocrx_word' id='word_1_289' title='bbox 1593 2023 1818 2079; x_wconf 87' lang='lat' dir='ltr'><strong>virtutis</strong></span> <span class='ocrx_word' id='word_1_290' title='bbox 1841 2024 2026 2095; x_wconf 78' lang='lat' dir='ltr'><strong>singu-</strong></span> 
     </span>
    </p>
   </div>
   <div class='ocr_carea' id='block_1_36' title="bbox 458 2107 1050 2166">
    <p class='ocr_par' dir='ltr' id='par_1_36' title="bbox 458 2107 1050 2166">
     <span class='ocr_line' id='line_1_36' title="bbox 458 2107 1050 2166; baseline 0.002 -3"><span class='ocrx_word' id='word_1_291' title='bbox 458 2109 730 2166; x_wconf 82' lang='lat' dir='ltr'><strong>laritatem</strong></span> <span class='ocrx_word' id='word_1_292' title='bbox 762 2107 1050 2165; x_wconf 80' lang='lat' dir='ltr'><strong>fateamur.</strong></span> 
     </span>
    </p>
   </div>
   <div class='ocr_carea' id='block_1_37' title="bbox 535 2197 2036 2276">
    <p class='ocr_par' dir='ltr' id='par_1_37' title="bbox 535 2197 2036 2276">
     <span class='ocr_line' id='line_1_37' title="bbox 535 2197 2036 2276; baseline 0.007 -27"><span class='ocrx_word' id='word_1_293' title='bbox 535 2197 598 2253; x_wconf 72' lang='grc' dir='ltr'><strong>ν.</strong></span> <span class='ocrx_word' id='word_1_294' title='bbox 643 2197 908 2256; x_wconf 84' lang='lat' dir='ltr'><strong>Similiter</strong></span> <span class='ocrx_word' id='word_1_295' title='bbox 933 2202 1078 2257; x_wconf 86' lang='lat' dir='ltr'><strong>etde</strong></span> <span class='ocrx_word' id='word_1_296' title='bbox 1108 2201 1314 2271; x_wconf 78' lang='lat' dir='ltr'><strong>Spiritu</strong></span> <span class='ocrx_word' id='word_1_297' title='bbox 1357 2211 1549 2257; x_wconf 79' lang='lat' dir='ltr'><strong>sancto</strong></span> <span class='ocrx_word' id='word_1_298' title='bbox 1587 2223 1597 2258; x_wconf 95' lang='lat'>:</span> <span class='ocrx_word' id='word_1_299' title='bbox 1635 2203 1695 2259; x_wconf 98' lang='lat' dir='ltr'><strong>Si</strong></span> <span class='ocrx_word' id='word_1_300' title='bbox 1715 2222 1806 2276; x_wconf 82' lang='lat' dir='ltr'><strong>ego</strong></span> <span class='ocrx_word' id='word_1_301' title='bbox 1834 2205 2036 2272; x_wconf 80' lang='lat' dir='ltr'><strong>abiero,</strong></span> 
     </span>
    </p>
   </div>
   <div class='ocr_carea' id='block_1_38' title="bbox 459 2292 2041 2370">
    <p class='ocr_par' dir='ltr' id='par_1_38' title="bbox 459 2292 2041 2370">
     <span class='ocr_line' id='line_1_38' title="bbox 459 2292 2041 2370; baseline 0.005 -24"><span class='ocrx_word' id='word_1_302' title='bbox 459 2293 644 2356; x_wconf 73' lang='lat' dir='ltr'><strong>vertiet,</strong></span> <span class='ocrx_word' id='word_1_303' title='bbox 696 2292 892 2364; x_wconf 85' lang='lat' dir='ltr'><strong>inquit,</strong></span> <span class='ocrx_word' id='word_1_304' title='bbox 945 2295 1034 2350; x_wconf 83' lang='lat' dir='ltr'><strong>ille</strong></span> <span class='ocrx_word' id='word_1_305' title='bbox 1082 2293 1313 2364; x_wconf 80' lang='lat' dir='ltr'><strong>Spiritus</strong></span> <span class='ocrx_word' id='word_1_306' title='bbox 1353 2296 1654 2354; x_wconf 82' lang='lat' dir='ltr'><strong>eeritatis&#39;.</strong></span> <span class='ocrx_word' id='word_1_307' title='bbox 1711 2297 1787 2353; x_wconf 84' lang='lat' dir='ltr'><strong>De</strong></span> <span class='ocrx_word' id='word_1_308' title='bbox 1825 2315 1888 2354; x_wconf 86' lang='lat' dir='ltr'><strong>se</strong></span> <span class='ocrx_word' id='word_1_309' title='bbox 1919 2299 2041 2370; x_wconf 88' lang='lat' dir='ltr'><strong>ipso</strong></span> 
     </span>
    </p>
   </div>
   <div class='ocr_carea' id='block_1_39' title="bbox 462 2381 2042 2454">
    <p class='ocr_par' dir='ltr' id='par_1_39' title="bbox 462 2381 2042 2454">
     <span class='ocr_line' id='line_1_39' title="bbox 462 2381 2042 2454; baseline 0.005 -20"><span class='ocrx_word' id='word_1_310' title='bbox 462 2396 590 2436; x_wconf 75' lang='lat' dir='ltr'><strong>Vero</strong></span> <span class='ocrx_word' id='word_1_311' title='bbox 630 2382 861 2451; x_wconf 85' lang='lat' dir='ltr'><strong>loquens</strong></span> <span class='ocrx_word' id='word_1_312' title='bbox 894 2402 906 2438; x_wconf 90' lang='lat'><strong>:</strong></span> <span class='ocrx_word' id='word_1_313' title='bbox 940 2381 1051 2454; x_wconf 81' lang='lat' dir='ltr'><strong>Ego</strong></span> <span class='ocrx_word' id='word_1_314' title='bbox 1088 2401 1226 2450; x_wconf 88' lang='lat' dir='ltr'><strong>sum,</strong></span> <span class='ocrx_word' id='word_1_315' title='bbox 1268 2384 1468 2454; x_wconf 86' lang='lat' dir='ltr'><strong>inquit,</strong></span> <span class='ocrx_word' id='word_1_316' title='bbox 1513 2387 1704 2440; x_wconf 84' lang='lat' dir='ltr'><strong>veritas</strong></span> <span class='ocrx_word' id='word_1_317' title='bbox 1727 2388 1748 2418; x_wconf 80' lang='grc'><strong>⁸</strong></span> <span class='ocrx_word' id='word_1_318' title='bbox 1783 2404 1797 2453; x_wconf 90' lang='grc'>;</span> <span class='ocrx_word' id='word_1_319' title='bbox 1832 2388 1900 2443; x_wconf 83' lang='lat' dir='ltr'><strong>de</strong></span> <span class='ocrx_word' id='word_1_320' title='bbox 1941 2387 2042 2442; x_wconf 83' lang='lat' dir='ltr'><strong>l’a-</strong></span> 
     </span>
    </p>
   </div>
   <div class='ocr_carea' id='block_1_40' title="bbox 460 2472 2043 2547">
    <p class='ocr_par' dir='ltr' id='par_1_40' title="bbox 460 2472 2043 2547">
     <span class='ocr_line' id='line_1_40' title="bbox 460 2472 2043 2547; baseline 0.008 -21"><span class='ocrx_word' id='word_1_321' title='bbox 460 2481 544 2528; x_wconf 86' lang='lat' dir='ltr'><strong>tre</strong></span> <span class='ocrx_word' id='word_1_322' title='bbox 575 2493 589 2527; x_wconf 90' lang='lat'><strong>:</strong></span> <span class='ocrx_word' id='word_1_323' title='bbox 621 2472 854 2543; x_wconf 79' lang='lat' dir='ltr'><strong>Spiritus</strong></span> <span class='ocrx_word' id='word_1_324' title='bbox 883 2474 1066 2532; x_wconf 82' lang='lat' dir='ltr'><strong>Patris</strong></span> <span class='ocrx_word' id='word_1_325' title='bbox 1108 2477 1207 2531; x_wconf 84' lang='lat' dir='ltr'><strong>mei</strong></span> <span class='ocrx_word' id='word_1_326' title='bbox 1234 2478 1322 2547; x_wconf 82' lang='lat' dir='ltr'><strong>qui</strong></span> <span class='ocrx_word' id='word_1_327' title='bbox 1347 2476 1578 2546; x_wconf 79' lang='lat' dir='ltr'><strong>loquitur</strong></span> <span class='ocrx_word' id='word_1_328' title='bbox 1625 2479 1680 2532; x_wconf 88' lang='lat' dir='ltr'><strong>in</strong></span> <span class='ocrx_word' id='word_1_329' title='bbox 1710 2479 1853 2538; x_wconf 81' lang='lat' dir='ltr'><strong>vobis</strong></span> <span class='ocrx_word' id='word_1_330' title='bbox 1886 2481 1930 2534; x_wconf 84' lang='grc'>³.</span> <span class='ocrx_word' id='word_1_331' title='bbox 1967 2481 2043 2538; x_wconf 88' lang='lat' dir='ltr'><strong>Ac</strong></span> 
     </span>
    </p>
   </div>
   <div class='ocr_carea' id='block_1_41' title="bbox 459 2563 2044 2638">
    <p class='ocr_par' dir='ltr' id='par_1_41' title="bbox 459 2563 2044 2638">
     <span class='ocr_line' id='line_1_41' title="bbox 459 2563 2044 2638; baseline 0.006 -19"><span class='ocrx_word' id='word_1_332' title='bbox 459 2566 530 2619; x_wconf 80' lang='lat' dir='ltr'><strong>de</strong></span> <span class='ocrx_word' id='word_1_333' title='bbox 566 2563 774 2636; x_wconf 85' lang='lat' dir='ltr'><strong>Spiritu</strong></span> <span class='ocrx_word' id='word_1_334' title='bbox 804 2585 818 2622; x_wconf 89' lang='lat'><strong>:</strong></span> <span class='ocrx_word' id='word_1_335' title='bbox 850 2565 1110 2636; x_wconf 78' lang='lat' dir='ltr'><strong>Spiritus,</strong></span> <span class='ocrx_word' id='word_1_336' title='bbox 1147 2568 1346 2638; x_wconf 87' lang='lat' dir='ltr'><strong>inquit,</strong></span> <span class='ocrx_word' id='word_1_337' title='bbox 1385 2585 1529 2624; x_wconf 81' lang='lat' dir='ltr'><strong>meus</strong></span> <span class='ocrx_word' id='word_1_338' title='bbox 1554 2579 1661 2624; x_wconf 84' lang='lat' dir='ltr'><strong>stat</strong></span> <span class='ocrx_word' id='word_1_339' title='bbox 1685 2572 1740 2624; x_wconf 87' lang='lat' dir='ltr'><strong>in</strong></span> <span class='ocrx_word' id='word_1_340' title='bbox 1770 2571 1942 2626; x_wconf 83' lang='lat' dir='ltr'><strong>medio</strong></span> <span class='ocrx_word' id='word_1_341' title='bbox 1965 2590 2044 2628; x_wconf 75' lang='lat' dir='ltr'><strong>re-</strong></span> 
     </span>
    </p>
   </div>
   <div class='ocr_carea' id='block_1_42' title="bbox 460 2640 2042 2732">
    <p class='ocr_par' dir='ltr' id='par_1_42' title="bbox 460 2640 2042 2732">
     <span class='ocr_line' id='line_1_42' title="bbox 460 2640 2042 2732; baseline 0.004 -22"><span class='ocrx_word' id='word_1_342' title='bbox 460 2665 630 2710; x_wconf 82' lang='lat' dir='ltr'><strong>strum</strong></span> <span class='ocrx_word' id='word_1_343' title='bbox 651 2656 692 2711; x_wconf 67' lang='grc'>⁸.</span> <span class='ocrx_word' id='word_1_344' title='bbox 731 2655 815 2711; x_wconf 83' lang='lat' dir='ltr'><strong>Ad</strong></span> <span class='ocrx_word' id='word_1_345' title='bbox 845 2655 962 2712; x_wconf 76' lang='lat' dir='ltr'><strong>haec</strong></span> <span class='ocrx_word' id='word_1_346' title='bbox 996 2640 1254 2727; x_wconf 71' lang='lat' dir='ltr'><strong>Spiritus,</strong></span> <span class='ocrx_word' id='word_1_347' title='bbox 1285 2659 1379 2728; x_wconf 92' lang='lat' dir='ltr'><strong>qui</strong></span> <span class='ocrx_word' id='word_1_348' title='bbox 1407 2659 1776 2730; x_wconf 83' lang='lat' dir='ltr'><strong>inexplicabili</strong></span> <span class='ocrx_word' id='word_1_349' title='bbox 1806 2662 2042 2732; x_wconf 83' lang='lat' dir='ltr'><strong>quadam</strong></span> 
     </span>
    </p>
   </div>
   <div class='ocr_carea' id='block_1_43' title="bbox 461 2750 2048 2824">
    <p class='ocr_par' dir='ltr' id='par_1_43' title="bbox 461 2750 2048 2824">
     <span class='ocr_line' id='line_1_43' title="bbox 461 2750 2048 2824; baseline 0.003 -19"><span class='ocrx_word' id='word_1_350' title='bbox 461 2750 676 2807; x_wconf 86' lang='lat' dir='ltr'><strong>ratione</strong></span> <span class='ocrx_word' id='word_1_351' title='bbox 717 2752 828 2823; x_wconf 79' lang='lat' dir='ltr'><strong>agit</strong></span> <span class='ocrx_word' id='word_1_352' title='bbox 860 2766 986 2806; x_wconf 90' lang='lat' dir='ltr'><strong>eum</strong></span> <span class='ocrx_word' id='word_1_353' title='bbox 1027 2750 1187 2816; x_wconf 89' lang='lat' dir='ltr'><strong>Filio,</strong></span> <span class='ocrx_word' id='word_1_354' title='bbox 1225 2751 1405 2824; x_wconf 88' lang='lat' dir='ltr'><strong>ipsum</strong></span> <span class='ocrx_word' id='word_1_355' title='bbox 1445 2754 1504 2808; x_wconf 87' lang='lat' dir='ltr'><strong>in</strong></span> <span class='ocrx_word' id='word_1_356' title='bbox 1555 2753 1908 2809; x_wconf 87' lang='lat' dir='ltr'><strong>solitudinem</strong></span> <span class='ocrx_word' id='word_1_357' title='bbox 1958 2771 2048 2810; x_wconf 75' lang='lat' dir='ltr'><strong>ex-</strong></span> 
     </span>
    </p>
   </div>
   <div class='ocr_carea' id='block_1_44' title="bbox 460 2843 2044 2916">
    <p class='ocr_par' dir='ltr' id='par_1_44' title="bbox 460 2843 2044 2916">
     <span class='ocr_line' id='line_1_44' title="bbox 460 2843 2044 2916; baseline 0.001 -18"><span class='ocrx_word' id='word_1_358' title='bbox 460 2843 636 2913; x_wconf 84' lang='lat' dir='ltr'><strong>pellit,</strong></span> <span class='ocrx_word' id='word_1_359' title='bbox 669 2852 726 2898; x_wconf 91' lang='lat' dir='ltr'><strong>ut</strong></span> <span class='ocrx_word' id='word_1_360' title='bbox 757 2858 788 2897; x_wconf 95' lang='lat' dir='ltr'><strong>a</strong></span> <span class='ocrx_word' id='word_1_361' title='bbox 821 2843 1042 2899; x_wconf 90' lang='lat' dir='ltr'><strong>diabolo</strong></span> <span class='ocrx_word' id='word_1_362' title='bbox 1075 2853 1316 2900; x_wconf 88' lang='lat' dir='ltr'><strong>tentetur</strong></span> <span class='ocrx_word' id='word_1_363' title='bbox 1337 2844 1381 2900; x_wconf 79' lang='grc'>⁵.</span> <span class='ocrx_word' id='word_1_364' title='bbox 1421 2843 1568 2911; x_wconf 84' lang='lat' dir='ltr'><strong>Quin</strong></span> <span class='ocrx_word' id='word_1_365' title='bbox 1599 2852 1654 2900; x_wconf 91' lang='lat' dir='ltr'><strong>et</strong></span> <span class='ocrx_word' id='word_1_366' title='bbox 1687 2846 1806 2916; x_wconf 88' lang='lat' dir='ltr'><strong>ipse</strong></span> <span class='ocrx_word' id='word_1_367' title='bbox 1852 2845 2044 2900; x_wconf 57' lang='lat' dir='ltr'><strong>Domi»</strong></span> 
     </span>
    </p>
   </div>
   <div class='ocr_carea' id='block_1_45' title="bbox 459 2935 2047 3009">
    <p class='ocr_par' dir='ltr' id='par_1_45' title="bbox 459 2935 2047 3009">
     <span class='ocr_line' id='line_1_45' title="bbox 459 2935 2047 3009; baseline 0.001 -19"><span class='ocrx_word' id='word_1_368' title='bbox 459 2951 568 2992; x_wconf 81' lang='lat' dir='ltr'><strong>nus</strong></span> <span class='ocrx_word' id='word_1_369' title='bbox 605 2955 618 2991; x_wconf 90' lang='lat'><strong>:</strong></span> <span class='ocrx_word' id='word_1_370' title='bbox 653 2935 906 3004; x_wconf 80' lang='lat' dir='ltr'><strong>Spiritus,</strong></span> <span class='ocrx_word' id='word_1_371' title='bbox 951 2937 1148 3009; x_wconf 81' lang='lat' dir='ltr'><strong>inquit,</strong></span> <span class='ocrx_word' id='word_1_372' title='bbox 1202 2937 1421 2992; x_wconf 83' lang='lat' dir='ltr'><strong>Domini</strong></span> <span class='ocrx_word' id='word_1_373' title='bbox 1472 2952 1629 3007; x_wconf 81' lang='lat' dir='ltr'><strong>super</strong></span> <span class='ocrx_word' id='word_1_374' title='bbox 1671 2955 1752 2992; x_wconf 89' lang='lat' dir='ltr'><strong>me</strong></span> <span class='ocrx_word' id='word_1_375' title='bbox 1787 2948 2047 3009; x_wconf 83' lang='lat' dir='ltr'><strong>:propter</strong></span> 
     </span>
    </p>
   </div>
   <div class='ocr_carea' id='block_1_46' title="bbox 460 3028 2042 3103">
    <p class='ocr_par' dir='ltr' id='par_1_46' title="bbox 460 3028 2042 3103">
     <span class='ocr_line' id='line_1_46' title="bbox 460 3028 2042 3103; baseline 0.003 -20"><span class='ocrx_word' id='word_1_376' title='bbox 460 3029 599 3101; x_wconf 81' lang='lat' dir='ltr'><strong>quod</strong></span> <span class='ocrx_word' id='word_1_377' title='bbox 637 3032 791 3085; x_wconf 67' lang='lat' dir='ltr'><strong>uiuit</strong></span> <span class='ocrx_word' id='word_1_378' title='bbox 820 3030 967 3086; x_wconf 68' lang='lat' dir='ltr'><strong>me“.</strong></span> <span class='ocrx_word' id='word_1_379' title='bbox 1003 3029 1176 3087; x_wconf 87' lang='lat' dir='ltr'><strong>Porro</strong></span> <span class='ocrx_word' id='word_1_380' title='bbox 1215 3028 1457 3103; x_wconf 88' lang='lat' dir='ltr'><strong>Spiritus</strong></span> <span class='ocrx_word' id='word_1_381' title='bbox 1505 3041 1731 3088; x_wconf 88' lang='lat' dir='ltr'><strong>sanctus</strong></span> <span class='ocrx_word' id='word_1_382' title='bbox 1780 3047 1876 3102; x_wconf 86' lang='lat' dir='ltr'><strong>per</strong></span> <span class='ocrx_word' id='word_1_383' title='bbox 1914 3048 2042 3102; x_wconf 90' lang='lat' dir='ltr'><strong>pro-</strong></span> 
     </span>
    </p>
   </div>
   <div class='ocr_carea' id='block_1_47' title="bbox 460 3123 2048 3197">
    <p class='ocr_par' dir='ltr' id='par_1_47' title="bbox 460 3123 2048 3197">
     <span class='ocr_line' id='line_1_47' title="bbox 460 3123 2048 3197; baseline -0.001 -18"><span class='ocrx_word' id='word_1_384' title='bbox 460 3123 656 3194; x_wconf 85' lang='lat' dir='ltr'><strong>phetas</strong></span> <span class='ocrx_word' id='word_1_385' title='bbox 687 3127 920 3197; x_wconf 90' lang='lat' dir='ltr'><strong>loquens</strong></span> <span class='ocrx_word' id='word_1_386' title='bbox 951 3146 964 3181; x_wconf 91' lang='lat'>:</span> <span class='ocrx_word' id='word_1_387' title='bbox 996 3130 1122 3181; x_wconf 70' lang='lat' dir='ltr'><strong>Ha’c</strong></span> <span class='ocrx_word' id='word_1_388' title='bbox 1157 3125 1309 3192; x_wconf 80' lang='lat' dir='ltr'><strong>dicit,</strong></span> <span class='ocrx_word' id='word_1_389' title='bbox 1345 3126 1546 3197; x_wconf 87' lang='lat' dir='ltr'><strong>inquit,</strong></span> <span class='ocrx_word' id='word_1_390' title='bbox 1582 3125 1841 3180; x_wconf 77' lang='lat' dir='ltr'><strong>Dominus</strong></span> <span class='ocrx_word' id='word_1_391' title='bbox 1873 3126 2048 3179; x_wconf 83' lang='lat' dir='ltr'><strong>omni-</strong></span> 
     </span>
    </p>
   </div>
   <div class='ocr_carea' id='block_1_48' title="bbox 2143 1927 3730 2002">
    <p class='ocr_par' dir='ltr' id='par_1_48' title="bbox 2143 1927 3730 2002">
     <span class='ocr_line' id='line_1_48' title="bbox 2143 1927 3730 2002; baseline -0.003 -16"><span class='ocrx_word' id='word_1_392' title='bbox 2143 1930 2454 2000; x_wconf 76' lang='grc' dir='ltr'>ἀληθινὸν,</span> <span class='ocrx_word' id='word_1_393' title='bbox 2480 1931 2581 2002; x_wconf 80' lang='grc' dir='ltr'>τὴν</span> <span class='ocrx_word' id='word_1_394' title='bbox 2608 1929 2737 2001; x_wconf 79' lang='grc' dir='ltr'>μίαν</span> <span class='ocrx_word' id='word_1_395' title='bbox 2760 1927 2990 2001; x_wconf 77' lang='grc' dir='ltr'><strong>ἑνότητα</strong></span> <span class='ocrx_word' id='word_1_396' title='bbox 3016 1929 3118 2001; x_wconf 84' lang='grc' dir='ltr'>τῆς</span> <span class='ocrx_word' id='word_1_397' title='bbox 3149 1929 3432 2001; x_wconf 86' lang='grc' dir='ltr'>δυνάμεως</span> <span class='ocrx_word' id='word_1_398' title='bbox 3461 1930 3730 2002; x_wconf 81' lang='grc' dir='ltr'>ὁμολογή-</span> 
     </span>
    </p>
   </div>
   <div class='ocr_carea' id='block_1_49' title="bbox 2147 2041 2350 2096">
    <p class='ocr_par' dir='ltr' id='par_1_49' title="bbox 2147 2041 2350 2096">
     <span class='ocr_line' id='line_1_49' title="bbox 2147 2041 2350 2096; baseline 0.01 -18"><span class='ocrx_word' id='word_1_399' title='bbox 2147 2041 2350 2096; x_wconf 85' lang='grc' dir='ltr'>σωμεν.</span> 
     </span>
    </p>
   </div>
   <div class='ocr_carea' id='block_1_50' title="bbox 2221 2197 3737 2273">
    <p class='ocr_par' dir='ltr' id='par_1_50' title="bbox 2221 2197 3737 2273">
     <span class='ocr_line' id='line_1_50' title="bbox 2221 2197 3737 2273; baseline -0.004 -14"><span class='ocrx_word' id='word_1_400' title='bbox 2221 2208 2295 2259; x_wconf 85' lang='grc' dir='ltr'><strong>Ε’.</strong></span> <span class='ocrx_word' id='word_1_401' title='bbox 2339 2203 2614 2268; x_wconf 74' lang='grc' dir='ltr'>Ὡσαύτως</span> <span class='ocrx_word' id='word_1_402' title='bbox 2635 2205 2728 2257; x_wconf 77' lang='grc' dir='ltr'><strong>καὶ</strong></span> <span class='ocrx_word' id='word_1_403' title='bbox 2756 2204 2849 2257; x_wconf 74' lang='grc' dir='ltr'><strong>ἐπὶ</strong></span> <span class='ocrx_word' id='word_1_404' title='bbox 2875 2202 2968 2258; x_wconf 91' lang='grc' dir='ltr'><strong>τοῦ</strong></span> <span class='ocrx_word' id='word_1_405' title='bbox 3011 2202 3168 2272; x_wconf 80' lang='grc' dir='ltr'>ἁγίου</span> <span class='ocrx_word' id='word_1_406' title='bbox 3202 2201 3546 2273; x_wconf 81' lang='grc' dir='ltr'>Πνεῦματος·</span> <span class='ocrx_word' id='word_1_407' title='bbox 3595 2197 3737 2254; x_wconf 81' lang='grc' dir='ltr'><strong>Ἐὰν</strong></span> 
     </span>
    </p>
   </div>
   <div class='ocr_carea' id='block_1_51' title="bbox 2146 2291 3736 2368">
    <p class='ocr_par' dir='ltr' id='par_1_51' title="bbox 2146 2291 3736 2368">
     <span class='ocr_line' id='line_1_51' title="bbox 2146 2291 3736 2368; baseline -0.004 -16"><span class='ocrx_word' id='word_1_408' title='bbox 2146 2297 2262 2368; x_wconf 75' lang='grc' dir='ltr'><strong>ἐγὼ</strong></span> <span class='ocrx_word' id='word_1_409' title='bbox 2299 2295 2558 2359; x_wconf 78' lang='grc' dir='ltr'>ἀπέλθω,</span> <span class='ocrx_word' id='word_1_410' title='bbox 2607 2295 2837 2362; x_wconf 81' lang='grc' dir='ltr'>ἐκεῖνος</span> <span class='ocrx_word' id='word_1_411' title='bbox 2886 2294 3141 2365; x_wconf 76' lang='grc' dir='ltr'>ἔρχεται,</span> <span class='ocrx_word' id='word_1_412' title='bbox 3174 2294 3328 2364; x_wconf 78' lang='grc' dir='ltr'>φησὶ,</span> <span class='ocrx_word' id='word_1_413' title='bbox 3369 2295 3434 2346; x_wconf 79' lang='grc' dir='ltr'>τὸ</span> <span class='ocrx_word' id='word_1_414' title='bbox 3495 2291 3736 2361; x_wconf 79' lang='grc' dir='ltr'>Πνεῦμα</span> 
     </span>
    </p>
   </div>
   <div class='ocr_carea' id='block_1_52' title="bbox 2154 2384 3736 2458">
    <p class='ocr_par' dir='ltr' id='par_1_52' title="bbox 2154 2384 3736 2458">
     <span class='ocr_line' id='line_1_52' title="bbox 2154 2384 3736 2458; baseline -0.004 -17"><span class='ocrx_word' id='word_1_415' title='bbox 2154 2387 2266 2456; x_wconf 79' lang='grc' dir='ltr'>τῆς</span> <span class='ocrx_word' id='word_1_416' title='bbox 2294 2388 2600 2454; x_wconf 79' lang='grc' dir='ltr'>ἀληθείας.</span> <span class='ocrx_word' id='word_1_417' title='bbox 2633 2386 2745 2440; x_wconf 68' lang='grc' dir='ltr'>Καὶ</span> <span class='ocrx_word' id='word_1_418' title='bbox 2771 2385 2849 2440; x_wconf 70' lang='grc' dir='ltr'>ἔτι</span> <span class='ocrx_word' id='word_1_419' title='bbox 2882 2386 3012 2458; x_wconf 80' lang='grc' dir='ltr'>περὶ</span> <span class='ocrx_word' id='word_1_420' title='bbox 3034 2384 3251 2452; x_wconf 78' lang='grc' dir='ltr'>ἑαυτοῦ,</span> <span class='ocrx_word' id='word_1_421' title='bbox 3287 2385 3369 2439; x_wconf 81' lang='grc' dir='ltr'>ὅτι</span> <span class='ocrx_word' id='word_1_422' title='bbox 3425 2384 3566 2455; x_wconf 80' lang='grc' dir='ltr'><strong>Ἐγώ</strong></span> <span class='ocrx_word' id='word_1_423' title='bbox 3622 2385 3736 2452; x_wconf 75' lang='grc' dir='ltr'>ειμι</span> 
     </span>
    </p>
   </div>
   <div class='ocr_carea' id='block_1_53' title="bbox 2149 2475 3736 2549">
    <p class='ocr_par' dir='ltr' id='par_1_53' title="bbox 2149 2475 3736 2549">
     <span class='ocr_line' id='line_1_53' title="bbox 2149 2475 3736 2549; baseline -0.004 -15"><span class='ocrx_word' id='word_1_424' title='bbox 2149 2481 2188 2548; x_wconf 71' lang='grc' dir='ltr'>ἡ</span> <span class='ocrx_word' id='word_1_425' title='bbox 2215 2478 2462 2546; x_wconf 78' lang='grc' dir='ltr'>ἀλήθεια</span> <span class='ocrx_word' id='word_1_426' title='bbox 2489 2495 2501 2508; x_wconf 91' lang='grc'>·</span> <span class='ocrx_word' id='word_1_427' title='bbox 2531 2477 2624 2530; x_wconf 72' lang='grc' dir='ltr'><strong>καὶ</strong></span> <span class='ocrx_word' id='word_1_428' title='bbox 2650 2476 2778 2548; x_wconf 61' lang='lat' dir='ltr'><strong>ccepi.</strong></span> <span class='ocrx_word' id='word_1_429' title='bbox 2810 2476 3046 2549; x_wconf 82' lang='grc' dir='ltr'>Πατρὺς,</span> <span class='ocrx_word' id='word_1_430' title='bbox 3087 2476 3158 2532; x_wconf 87' lang='grc' dir='ltr'><strong>Τὸ</strong></span> <span class='ocrx_word' id='word_1_431' title='bbox 3196 2475 3439 2546; x_wconf 79' lang='grc' dir='ltr'><strong>Πνεῦμα</strong></span> <span class='ocrx_word' id='word_1_432' title='bbox 3470 2476 3578 2529; x_wconf 82' lang='grc' dir='ltr'><strong>τοῦ</strong></span> <span class='ocrx_word' id='word_1_433' title='bbox 3617 2477 3736 2529; x_wconf 72' lang='grc' dir='ltr'>Παε-</span> 
     </span>
    </p>
   </div>
   <div class='ocr_carea' id='block_1_54' title="bbox 2150 2563 3736 2641">
    <p class='ocr_par' dir='ltr' id='par_1_54' title="bbox 2150 2563 3736 2641">
     <span class='ocr_line' id='line_1_54' title="bbox 2150 2563 3736 2641; baseline -0.004 -15"><span class='ocrx_word' id='word_1_434' title='bbox 2150 2572 2288 2641; x_wconf 80' lang='grc' dir='ltr'>τρός</span> <span class='ocrx_word' id='word_1_435' title='bbox 2319 2587 2438 2639; x_wconf 78' lang='grc' dir='ltr'><strong>μου</strong></span> <span class='ocrx_word' id='word_1_436' title='bbox 2475 2570 2542 2622; x_wconf 78' lang='grc' dir='ltr'>τό</span> <span class='ocrx_word' id='word_1_437' title='bbox 2572 2570 2808 2624; x_wconf 84' lang='grc' dir='ltr'>λαλοῦν</span> <span class='ocrx_word' id='word_1_438' title='bbox 2840 2569 2910 2624; x_wconf 81' lang='grc' dir='ltr'>ἐν</span> <span class='ocrx_word' id='word_1_439' title='bbox 2937 2569 3081 2640; x_wconf 82' lang='grc' dir='ltr'>ὑμῖν</span> <span class='ocrx_word' id='word_1_440' title='bbox 3101 2587 3116 2600; x_wconf 72' lang='grc' dir='ltr'><strong>ο</strong></span> <span class='ocrx_word' id='word_1_441' title='bbox 3149 2571 3245 2623; x_wconf 75' lang='grc' dir='ltr'>καὶ</span> <span class='ocrx_word' id='word_1_442' title='bbox 3283 2570 3413 2640; x_wconf 73' lang='grc' dir='ltr'>περὶ</span> <span class='ocrx_word' id='word_1_443' title='bbox 3433 2566 3528 2621; x_wconf 89' lang='grc' dir='ltr'><strong>τοῦ</strong></span> <span class='ocrx_word' id='word_1_444' title='bbox 3567 2563 3736 2620; x_wconf 72' lang='lat' dir='ltr'><strong>Ilvati-</strong></span> 
     </span>
    </p>
   </div>
   <div class='ocr_carea' id='block_1_55' title="bbox 2151 2656 3732 2733">
    <p class='ocr_par' dir='ltr' id='par_1_55' title="bbox 2151 2656 3732 2733">
     <span class='ocr_line' id='line_1_55' title="bbox 2151 2656 3732 2733; baseline -0.002 -18"><span class='ocrx_word' id='word_1_445' title='bbox 2151 2680 2338 2733; x_wconf 80' lang='grc' dir='ltr'>ματος,</span> <span class='ocrx_word' id='word_1_446' title='bbox 2383 2662 2489 2715; x_wconf 77' lang='grc' dir='ltr'><strong>Καὶ</strong></span> <span class='ocrx_word' id='word_1_447' title='bbox 2515 2661 2758 2731; x_wconf 83' lang='grc' dir='ltr'>Πνεῦμὰ</span> <span class='ocrx_word' id='word_1_448' title='bbox 2783 2680 2904 2731; x_wconf 81' lang='grc' dir='ltr'><strong>μου</strong></span> <span class='ocrx_word' id='word_1_449' title='bbox 2935 2661 3272 2732; x_wconf 63' lang='grc' dir='ltr'>ἐφέστηκεν</span> <span class='ocrx_word' id='word_1_450' title='bbox 3286 2659 3530 2732; x_wconf 82' lang='grc' dir='ltr'>ἐνμέσῳ</span> <span class='ocrx_word' id='word_1_451' title='bbox 3545 2656 3732 2729; x_wconf 74' lang='grc' dir='ltr'>ὑμῶν.</span> 
     </span>
    </p>
   </div>
   <div class='ocr_carea' id='block_1_56' title="bbox 2149 2750 3736 2828">
    <p class='ocr_par' dir='ltr' id='par_1_56' title="bbox 2149 2750 3736 2828">
     <span class='ocr_line' id='line_1_56' title="bbox 2149 2750 3736 2828; baseline -0.001 -20"><span class='ocrx_word' id='word_1_452' title='bbox 2149 2756 2223 2808; x_wconf 81' lang='lat'><strong>&#39;1&#39;6</strong></span> <span class='ocrx_word' id='word_1_453' title='bbox 2251 2755 2308 2808; x_wconf 83' lang='grc' dir='ltr'><strong>δὲ</strong></span> <span class='ocrx_word' id='word_1_454' title='bbox 2344 2754 2570 2825; x_wconf 79' lang='grc' dir='ltr'>Πνεῦμα</span> <span class='ocrx_word' id='word_1_455' title='bbox 2617 2755 2872 2827; x_wconf 70' lang='grc' dir='ltr'>ἀρρήτως</span> <span class='ocrx_word' id='word_1_456' title='bbox 2906 2756 3259 2828; x_wconf 84' lang='grc' dir='ltr'>συμπρᾶττον</span> <span class='ocrx_word' id='word_1_457' title='bbox 3288 2753 3366 2824; x_wconf 82' lang='grc' dir='ltr'>τῷ</span> <span class='ocrx_word' id='word_1_458' title='bbox 3399 2753 3510 2824; x_wconf 58' lang='lat' dir='ltr'><strong>ria.</strong></span> <span class='ocrx_word' id='word_1_459' title='bbox 3541 2750 3736 2806; x_wconf 79' lang='grc' dir='ltr'>ἐκϐάλ-</span> 
     </span>
    </p>
   </div>
   <div class='ocr_carea' id='block_1_57' title="bbox 2147 2844 3738 2920">
    <p class='ocr_par' dir='ltr' id='par_1_57' title="bbox 2147 2844 3738 2920">
     <span class='ocr_line' id='line_1_57' title="bbox 2147 2844 3738 2920; baseline -0.001 -19"><span class='ocrx_word' id='word_1_460' title='bbox 2147 2849 2227 2902; x_wconf 83' lang='grc' dir='ltr'><strong>λει</strong></span> <span class='ocrx_word' id='word_1_461' title='bbox 2254 2849 2417 2902; x_wconf 72' lang='grc' dir='ltr'>αὐτὴν</span> <span class='ocrx_word' id='word_1_462' title='bbox 2445 2851 2524 2913; x_wconf 78' lang='grc' dir='ltr'>εἰς</span> <span class='ocrx_word' id='word_1_463' title='bbox 2556 2847 2652 2920; x_wconf 80' lang='grc' dir='ltr'>τὴν</span> <span class='ocrx_word' id='word_1_464' title='bbox 2681 2848 2886 2920; x_wconf 73' lang='grc' dir='ltr'>ἔρημον</span> <span class='ocrx_word' id='word_1_465' title='bbox 2913 2847 3278 2919; x_wconf 71' lang='grc' dir='ltr'>πειρασθῆναι</span> <span class='ocrx_word' id='word_1_466' title='bbox 3313 2847 3418 2900; x_wconf 75' lang='grc' dir='ltr'><strong>ὑπὸ</strong></span> <span class='ocrx_word' id='word_1_467' title='bbox 3437 2846 3532 2900; x_wconf 88' lang='grc' dir='ltr'><strong>τοῦ</strong></span> <span class='ocrx_word' id='word_1_468' title='bbox 3555 2844 3738 2900; x_wconf 78' lang='grc' dir='ltr'><strong>διαϐό-</strong></span> 
     </span>
    </p>
   </div>
   <div class='ocr_carea' id='block_1_58' title="bbox 2147 2933 3738 3012">
    <p class='ocr_par' dir='ltr' id='par_1_58' title="bbox 2147 2933 3738 3012">
     <span class='ocr_line' id='line_1_58' title="bbox 2147 2933 3738 3012; baseline -0.003 -17"><span class='ocrx_word' id='word_1_469' title='bbox 2147 2942 2262 2995; x_wconf 88' lang='grc' dir='ltr'>λου.</span> <span class='ocrx_word' id='word_1_470' title='bbox 2298 2941 2408 2995; x_wconf 73' lang='grc' dir='ltr'><strong>Καὶ</strong></span> <span class='ocrx_word' id='word_1_471' title='bbox 2454 2940 2615 3005; x_wconf 79' lang='grc' dir='ltr'>αὐτὸς</span> <span class='ocrx_word' id='word_1_472' title='bbox 2641 2943 2669 2994; x_wconf 94' lang='lat'><strong>6</strong></span> <span class='ocrx_word' id='word_1_473' title='bbox 2706 2943 2931 3012; x_wconf 78' lang='grc' dir='ltr'>Κύριος,</span> <span class='ocrx_word' id='word_1_474' title='bbox 2973 2941 3218 3010; x_wconf 75' lang='grc' dir='ltr'>Πνεῦμα</span> <span class='ocrx_word' id='word_1_475' title='bbox 3261 2939 3504 3007; x_wconf 83' lang='grc' dir='ltr'><strong>Κυρίου,</strong></span> <span class='ocrx_word' id='word_1_476' title='bbox 3538 2933 3612 2994; x_wconf 83' lang='grc' dir='ltr'>οὗ</span> <span class='ocrx_word' id='word_1_477' title='bbox 3657 2939 3738 2992; x_wconf 81' lang='grc' dir='ltr'><strong>εἵ-</strong></span> 
     </span>
    </p>
   </div>
   <div class='ocr_carea' id='block_1_59' title="bbox 2150 3031 3735 3105">
    <p class='ocr_par' dir='ltr' id='par_1_59' title="bbox 2150 3031 3735 3105">
     <span class='ocr_line' id='line_1_59' title="bbox 2150 3031 3735 3105; baseline -0.003 -15"><span class='ocrx_word' id='word_1_478' title='bbox 2150 3051 2326 3090; x_wconf 84' lang='grc' dir='ltr'>νεκεν</span> <span class='ocrx_word' id='word_1_479' title='bbox 2351 3034 2560 3104; x_wconf 83' lang='grc' dir='ltr'>ἕχρισέ</span> <span class='ocrx_word' id='word_1_480' title='bbox 2580 3051 2657 3104; x_wconf 86' lang='grc' dir='ltr'><strong>με</strong></span> <span class='ocrx_word' id='word_1_481' title='bbox 2675 3050 2687 3062; x_wconf 91' lang='grc'><strong>·</strong></span> <span class='ocrx_word' id='word_1_482' title='bbox 2724 3034 2785 3087; x_wconf 80' lang='grc' dir='ltr'><strong>τὸ</strong></span> <span class='ocrx_word' id='word_1_483' title='bbox 2806 3034 2863 3088; x_wconf 80' lang='grc' dir='ltr'><strong>δὲ</strong></span> <span class='ocrx_word' id='word_1_484' title='bbox 2888 3033 3111 3105; x_wconf 85' lang='grc' dir='ltr'>Πνεῦμα</span> <span class='ocrx_word' id='word_1_485' title='bbox 3145 3032 3206 3085; x_wconf 84' lang='grc' dir='ltr'><strong>τὸ</strong></span> <span class='ocrx_word' id='word_1_486' title='bbox 3232 3033 3383 3101; x_wconf 75' lang='grc' dir='ltr'>ἅγιον</span> <span class='ocrx_word' id='word_1_487' title='bbox 3423 3031 3480 3084; x_wconf 76' lang='grc' dir='ltr'>ἐν</span> <span class='ocrx_word' id='word_1_488' title='bbox 3520 3031 3735 3104; x_wconf 75' lang='grc' dir='ltr'>προφή-</span> 
     </span>
    </p>
   </div>
   <div class='ocr_carea' id='block_1_60' title="bbox 2151 3125 3738 3199">
    <p class='ocr_par' dir='ltr' id='par_1_60' title="bbox 2151 3125 3738 3199">
     <span class='ocr_line' id='line_1_60' title="bbox 2151 3125 3738 3199; baseline -0.004 -15"><span class='ocrx_word' id='word_1_489' title='bbox 2151 3148 2273 3194; x_wconf 83' lang='grc' dir='ltr'>ταις</span> <span class='ocrx_word' id='word_1_490' title='bbox 2309 3129 2529 3184; x_wconf 75' lang='grc' dir='ltr'>λαλοῦν·</span> <span class='ocrx_word' id='word_1_491' title='bbox 2577 3127 2721 3185; x_wconf 82' lang='grc' dir='ltr'><strong>Τάδε</strong></span> <span class='ocrx_word' id='word_1_492' title='bbox 2762 3127 2928 3199; x_wconf 76' lang='grc' dir='ltr'>λέγει</span> <span class='ocrx_word' id='word_1_493' title='bbox 2972 3127 3187 3195; x_wconf 79' lang='grc' dir='ltr'>Κύριος</span> <span class='ocrx_word' id='word_1_494' title='bbox 3232 3125 3673 3195; x_wconf 78' lang='grc' dir='ltr'><strong>παντοκράτωρ,</strong></span> <span class='ocrx_word' id='word_1_495' title='bbox 3707 3125 3738 3178; x_wconf 79' lang='lat'><strong>6</strong></span> 
     </span>
    </p>
   </div>
   <div class='ocr_carea' id='block_1_61' title="bbox 459 3215 2045 3302">
    <p class='ocr_par' dir='ltr' id='par_1_61' title="bbox 459 3215 2045 3287">
     <span class='ocr_line' id='line_1_61' title="bbox 459 3215 2045 3287; baseline 0.001 -18"><span class='ocrx_word' id='word_1_496' title='bbox 459 3226 667 3285; x_wconf 81' lang='lat' dir='ltr'><strong>potens,</strong></span> <span class='ocrx_word' id='word_1_497' title='bbox 722 3218 817 3287; x_wconf 92' lang='lat' dir='ltr'><strong>qui</strong></span> <span class='ocrx_word' id='word_1_498' title='bbox 876 3217 931 3270; x_wconf 89' lang='lat' dir='ltr'><strong>in</strong></span> <span class='ocrx_word' id='word_1_499' title='bbox 987 3217 1273 3286; x_wconf 86' lang='lat' dir='ltr'><strong>prophetis</strong></span> <span class='ocrx_word' id='word_1_500' title='bbox 1312 3217 1560 3286; x_wconf 88' lang='lat' dir='ltr'><strong>loquitur</strong></span> <span class='ocrx_word' id='word_1_501' title='bbox 1607 3215 1899 3280; x_wconf 87' lang='lat' dir='ltr'><strong>Dominus,</strong></span> <span class='ocrx_word' id='word_1_502' title='bbox 1957 3216 2045 3287; x_wconf 87' lang='lat' dir='ltr'><strong>qui</strong></span> 
     </span>
    </p>
   </div>
   <div class='ocr_carea' id='block_1_62' title="bbox 2152 3215 3736 3302">
    <p class='ocr_par' dir='ltr' id='par_1_62' title="bbox 2153 3218 3736 3294">
     <span class='ocr_line' id='line_1_62' title="bbox 2153 3218 3736 3294; baseline -0.004 -16"><span class='ocrx_word' id='word_1_503' title='bbox 2153 3224 2328 3278; x_wconf 80' lang='grc' dir='ltr'>λαλῶν</span> <span class='ocrx_word' id='word_1_504' title='bbox 2361 3225 2418 3278; x_wconf 81' lang='grc' dir='ltr'>ὲν</span> <span class='ocrx_word' id='word_1_505' title='bbox 2454 3226 2566 3288; x_wconf 85' lang='grc' dir='ltr'>τοῖς</span> <span class='ocrx_word' id='word_1_506' title='bbox 2604 3223 2913 3294; x_wconf 77' lang='grc' dir='ltr'>προφήταις</span> <span class='ocrx_word' id='word_1_507' title='bbox 2950 3220 3174 3291; x_wconf 83' lang='grc' dir='ltr'>Κύριος,</span> <span class='ocrx_word' id='word_1_508' title='bbox 3205 3223 3239 3274; x_wconf 82' lang='grc' dir='ltr'><strong><em>ό</em></strong></span> <span class='ocrx_word' id='word_1_509' title='bbox 3270 3218 3736 3288; x_wconf 64' lang='grc' dir='ltr'>στερεῶνβρονν</span> 
     </span>
    </p>
   </div>
   <div class='ocr_carea' id='block_1_63' title="bbox 463 3303 2042 3376">
    <p class='ocr_par' dir='ltr' id='par_1_63' title="bbox 463 3303 2042 3376">
     <span class='ocr_line' id='line_1_63' title="bbox 463 3303 2042 3376; baseline 0.004 -22"><span class='ocrx_word' id='word_1_510' title='bbox 463 3303 642 3369; x_wconf 75' lang='lat' dir='ltr'><strong>ﬁrmat</strong></span> <span class='ocrx_word' id='word_1_511' title='bbox 673 3304 893 3368; x_wconf 81' lang='lat' dir='ltr'><strong>tonitru,</strong></span> <span class='ocrx_word' id='word_1_512' title='bbox 919 3312 968 3359; x_wconf 82' lang='lat' dir='ltr'><strong>et</strong></span> <span class='ocrx_word' id='word_1_513' title='bbox 1000 3312 1139 3358; x_wconf 87' lang='lat' dir='ltr'><strong>creat</strong></span> <span class='ocrx_word' id='word_1_514' title='bbox 1171 3303 1455 3373; x_wconf 75' lang='lat' dir='ltr'><strong>spiritum&#39;</strong></span> <span class='ocrx_word' id='word_1_515' title='bbox 1490 3323 1504 3360; x_wconf 93' lang='lat'>:</span> <span class='ocrx_word' id='word_1_516' title='bbox 1534 3306 1764 3373; x_wconf 90' lang='lat' dir='ltr'><strong>tonitru,</strong></span> <span class='ocrx_word' id='word_1_517' title='bbox 1798 3307 2042 3376; x_wconf 85' lang='lat' dir='ltr'><strong>inquam,</strong></span> 
     </span>
    </p>
   </div>
   <div class='ocr_carea' id='block_1_64' title="bbox 463 3392 2045 3466">
    <p class='ocr_par' dir='ltr' id='par_1_64' title="bbox 463 3392 2045 3466">
     <span class='ocr_line' id='line_1_64' title="bbox 463 3392 2045 3466; baseline 0.004 -20"><span class='ocrx_word' id='word_1_518' title='bbox 463 3392 621 3456; x_wconf 85' lang='lat' dir='ltr'><strong>illud,</strong></span> <span class='ocrx_word' id='word_1_519' title='bbox 665 3394 825 3462; x_wconf 88' lang='lat' dir='ltr'><strong>cujus</strong></span> <span class='ocrx_word' id='word_1_520' title='bbox 848 3394 917 3450; x_wconf 90' lang='lat' dir='ltr'><strong>ab</strong></span> <span class='ocrx_word' id='word_1_521' title='bbox 942 3394 1258 3451; x_wconf 88' lang='lat' dir='ltr'><strong>hominibus</strong></span> <span class='ocrx_word' id='word_1_522' title='bbox 1283 3393 1468 3466; x_wconf 79' lang='lat' dir='ltr'><strong>fragor</strong></span> <span class='ocrx_word' id='word_1_523' title='bbox 1490 3396 1784 3452; x_wconf 82' lang='lat' dir='ltr'><strong>exauditur</strong></span> <span class='ocrx_word' id='word_1_524' title='bbox 1811 3415 1822 3450; x_wconf 91' lang='lat'><strong>:</strong></span> <span class='ocrx_word' id='word_1_525' title='bbox 1859 3413 2045 3452; x_wconf 85' lang='lat' dir='ltr'><strong>creans</strong></span> 
     </span>
    </p>
   </div>
   <div class='ocr_carea' id='block_1_65' title="bbox 461 3482 2047 3556">
    <p class='ocr_par' dir='ltr' id='par_1_65' title="bbox 461 3482 2047 3556">
     <span class='ocr_line' id='line_1_65' title="bbox 461 3482 2047 3556; baseline 0.001 -16"><span class='ocrx_word' id='word_1_526' title='bbox 461 3497 593 3540; x_wconf 90' lang='lat' dir='ltr'><strong>vero</strong></span> <span class='ocrx_word' id='word_1_527' title='bbox 615 3482 882 3552; x_wconf 76' lang='lat' dir='ltr'><strong>spiritum,</strong></span> <span class='ocrx_word' id='word_1_528' title='bbox 916 3498 1027 3554; x_wconf 89' lang='lat' dir='ltr'><strong>quo</strong></span> <span class='ocrx_word' id='word_1_529' title='bbox 1058 3484 1272 3554; x_wconf 88' lang='lat' dir='ltr'><strong>pluvias</strong></span> <span class='ocrx_word' id='word_1_530' title='bbox 1301 3485 1524 3552; x_wconf 81' lang='lat' dir='ltr'><strong>excitat,</strong></span> <span class='ocrx_word' id='word_1_531' title='bbox 1563 3501 1684 3556; x_wconf 80' lang='lat' dir='ltr'><strong>quae</strong></span> <span class='ocrx_word' id='word_1_532' title='bbox 1715 3488 1876 3544; x_wconf 85' lang='lat' dir='ltr'><strong>terris</strong></span> <span class='ocrx_word' id='word_1_533' title='bbox 1907 3488 2047 3545; x_wconf 86' lang='lat' dir='ltr'><strong>divi-</strong></span> 
     </span>
    </p>
   </div>
   <div class='ocr_carea' id='block_1_66' title="bbox 461 3575 2044 3648">
    <p class='ocr_par' dir='ltr' id='par_1_66' title="bbox 461 3575 2044 3648">
     <span class='ocr_line' id='line_1_66' title="bbox 461 3575 2044 3648; baseline 0.003 -19"><span class='ocrx_word' id='word_1_534' title='bbox 461 3575 613 3631; x_wconf 82' lang='lat' dir='ltr'><strong>nitus</strong></span> <span class='ocrx_word' id='word_1_535' title='bbox 667 3575 1056 3636; x_wconf 87' lang='lat' dir='ltr'><strong>innnittuntur.</strong></span> <span class='ocrx_word' id='word_1_536' title='bbox 1111 3576 1257 3648; x_wconf 78' lang='lat' dir='ltr'><strong>Ergo</strong></span> <span class='ocrx_word' id='word_1_537' title='bbox 1317 3577 1385 3634; x_wconf 89' lang='lat' dir='ltr'><strong>de</strong></span> <span class='ocrx_word' id='word_1_538' title='bbox 1429 3580 1629 3636; x_wconf 86' lang='lat' dir='ltr'><strong>creatis</strong></span> <span class='ocrx_word' id='word_1_539' title='bbox 1689 3579 1855 3636; x_wconf 82' lang='lat' dir='ltr'><strong>rebus</strong></span> <span class='ocrx_word' id='word_1_540' title='bbox 1920 3596 2044 3636; x_wconf 89' lang='lat' dir='ltr'><strong>cum</strong></span> 
     </span>
    </p>
   </div>
   <div class='ocr_carea' id='block_1_67' title="bbox 463 3665 2047 3737">
    <p class='ocr_par' dir='ltr' id='par_1_67' title="bbox 463 3665 2047 3737">
     <span class='ocr_line' id='line_1_67' title="bbox 463 3665 2047 3737; baseline 0.001 -14"><span class='ocrx_word' id='word_1_541' title='bbox 463 3665 729 3735; x_wconf 79' lang='lat' dir='ltr'><strong>loquitur,</strong></span> <span class='ocrx_word' id='word_1_542' title='bbox 786 3667 872 3725; x_wconf 90' lang='lat' dir='ltr'><strong>his</strong></span> <span class='ocrx_word' id='word_1_543' title='bbox 920 3668 1095 3726; x_wconf 87' lang='lat' dir='ltr'><strong>utitur</strong></span> <span class='ocrx_word' id='word_1_544' title='bbox 1138 3667 1365 3724; x_wconf 87' lang='lat' dir='ltr'><strong>verbis:</strong></span> <span class='ocrx_word' id='word_1_545' title='bbox 1404 3667 1658 3725; x_wconf 72' lang='lat' dir='ltr'><strong>Firmana</strong></span> <span class='ocrx_word' id='word_1_546' title='bbox 1716 3672 1940 3737; x_wconf 87' lang='lat' dir='ltr'><strong>tonitru,</strong></span> <span class='ocrx_word' id='word_1_547' title='bbox 1998 3681 2047 3726; x_wconf 88' lang='lat' dir='ltr'><strong>et</strong></span> 
     </span>
    </p>
   </div>
   <div class='ocr_carea' id='block_1_68' title="bbox 463 3758 2047 3829">
    <p class='ocr_par' dir='ltr' id='par_1_68' title="bbox 463 3758 2047 3829">
     <span class='ocr_line' id='line_1_68' title="bbox 463 3758 2047 3829; baseline 0.003 -18"><span class='ocrx_word' id='word_1_548' title='bbox 463 3774 648 3812; x_wconf 72' lang='lat' dir='ltr'><strong>errans</strong></span> <span class='ocrx_word' id='word_1_549' title='bbox 694 3759 940 3829; x_wconf 74' lang='lat' dir='ltr'><strong>spiritum</strong></span> <span class='ocrx_word' id='word_1_550' title='bbox 976 3775 991 3811; x_wconf 92' lang='lat'><em>:</em></span> <span class='ocrx_word' id='word_1_551' title='bbox 1025 3758 1141 3817; x_wconf 65' lang='lat' dir='ltr'><strong>hinc</strong></span> <span class='ocrx_word' id='word_1_552' title='bbox 1195 3759 1343 3814; x_wconf 89' lang='lat' dir='ltr'><strong>enim</strong></span> <span class='ocrx_word' id='word_1_553' title='bbox 1383 3770 1568 3815; x_wconf 89' lang='lat' dir='ltr'><strong>creata</strong></span> <span class='ocrx_word' id='word_1_554' title='bbox 1616 3771 1763 3818; x_wconf 90' lang='lat' dir='ltr'><strong>sunt.</strong></span> <span class='ocrx_word' id='word_1_555' title='bbox 1810 3763 2047 3816; x_wconf 84' lang='lat' dir='ltr'><strong>Annuu-</strong></span> 
     </span>
    </p>
   </div>
   <div class='ocr_carea' id='block_1_69' title="bbox 463 3851 2046 3926">
    <p class='ocr_par' dir='ltr' id='par_1_69' title="bbox 463 3851 2046 3926">
     <span class='ocr_line' id='line_1_69' title="bbox 463 3851 2046 3926; baseline 0.001 -20"><span class='ocrx_word' id='word_1_556' title='bbox 463 3851 610 3906; x_wconf 86' lang='lat' dir='ltr'><strong>lians</strong></span> <span class='ocrx_word' id='word_1_557' title='bbox 649 3859 831 3907; x_wconf 91' lang='lat' dir='ltr'><strong>autem</strong></span> <span class='ocrx_word' id='word_1_558' title='bbox 864 3852 1150 3908; x_wconf 85' lang='lat' dir='ltr'><strong>Christum</strong></span> <span class='ocrx_word' id='word_1_559' title='bbox 1199 3869 1360 3920; x_wconf 84' lang='lat' dir='ltr'><strong>suum</strong></span> <span class='ocrx_word' id='word_1_560' title='bbox 1407 3853 1744 3920; x_wconf 86' lang='lat' dir='ltr'><strong>hominibus,</strong></span> <span class='ocrx_word' id='word_1_561' title='bbox 1787 3871 1895 3911; x_wconf 91' lang='lat' dir='ltr'><strong>non</strong></span> <span class='ocrx_word' id='word_1_562' title='bbox 1931 3855 2046 3926; x_wconf 89' lang='lat' dir='ltr'><strong>jam</strong></span> 
     </span>
    </p>
   </div>
   <div class='ocr_carea' id='block_1_70' title="bbox 462 3944 2051 4017">
    <p class='ocr_par' dir='ltr' id='par_1_70' title="bbox 462 3944 2051 4017">
     <span class='ocr_line' id='line_1_70' title="bbox 462 3944 2051 4017; baseline 0.006 -23"><span class='ocrx_word' id='word_1_563' title='bbox 462 3958 673 4008; x_wconf 80' lang='lat' dir='ltr'><strong>creare,</strong></span> <span class='ocrx_word' id='word_1_564' title='bbox 728 3959 837 3999; x_wconf 91' lang='lat' dir='ltr'><strong>non</strong></span> <span class='ocrx_word' id='word_1_565' title='bbox 873 3944 1114 4012; x_wconf 70' lang='lat' dir='ltr'><strong>firmare,</strong></span> <span class='ocrx_word' id='word_1_566' title='bbox 1151 3945 1250 4004; x_wconf 89' lang='lat' dir='ltr'><strong>sed</strong></span> <span class='ocrx_word' id='word_1_567' title='bbox 1299 3947 1556 4003; x_wconf 89' lang='lat' dir='ltr'><strong>nuntiare</strong></span> <span class='ocrx_word' id='word_1_568' title='bbox 1595 3947 1916 4004; x_wconf 88' lang='lat' dir='ltr'><strong>hominibus</strong></span> <span class='ocrx_word' id='word_1_569' title='bbox 1946 3947 2051 4017; x_wconf 83' lang='lat'><strong>10</strong></span> 
     </span>
    </p>
   </div>
   <div class='ocr_carea' id='block_1_71' title="bbox 465 4034 2048 4110">
    <p class='ocr_par' dir='ltr' id='par_1_71' title="bbox 465 4034 2048 4110">
     <span class='ocr_line' id='line_1_71' title="bbox 465 4034 2048 4110; baseline 0.003 -21"><span class='ocrx_word' id='word_1_570' title='bbox 465 4034 668 4090; x_wconf 89' lang='lat' dir='ltr'><strong>dicitur</strong></span> <span class='ocrx_word' id='word_1_571' title='bbox 706 4051 834 4092; x_wconf 85' lang='lat' dir='ltr'><strong>vere</strong></span> <span class='ocrx_word' id='word_1_572' title='bbox 885 4053 916 4091; x_wconf 93' lang='lat' dir='ltr'><strong>a</strong></span> <span class='ocrx_word' id='word_1_573' title='bbox 967 4052 1027 4094; x_wconf 83' lang='lat' dir='ltr'><strong>se</strong></span> <span class='ocrx_word' id='word_1_574' title='bbox 1077 4039 1342 4110; x_wconf 80' lang='lat' dir='ltr'><strong>genitum,</strong></span> <span class='ocrx_word' id='word_1_575' title='bbox 1375 4040 1682 4096; x_wconf 86' lang='lat' dir='ltr'><strong>inereatum</strong></span> <span class='ocrx_word' id='word_1_576' title='bbox 1714 4057 1728 4093; x_wconf 89' lang='lat'><strong>:</strong></span> <span class='ocrx_word' id='word_1_577' title='bbox 1761 4039 1855 4110; x_wconf 89' lang='lat' dir='ltr'><strong>qui</strong></span> <span class='ocrx_word' id='word_1_578' title='bbox 1910 4055 2048 4094; x_wconf 83' lang='lat' dir='ltr'><strong>con-</strong></span> 
     </span>
    </p>
   </div>
   <div class='ocr_carea' id='block_1_72' title="bbox 467 4126 2051 4201">
    <p class='ocr_par' dir='ltr' id='par_1_72' title="bbox 467 4126 2051 4201">
     <span class='ocr_line' id='line_1_72' title="bbox 467 4126 2051 4201; baseline 0.005 -25"><span class='ocrx_word' id='word_1_579' title='bbox 467 4126 606 4181; x_wconf 79' lang='lat' dir='ltr'><strong>verti</strong></span> <span class='ocrx_word' id='word_1_580' title='bbox 653 4127 965 4198; x_wconf 86' lang='lat' dir='ltr'><strong>mutarique</strong></span> <span class='ocrx_word' id='word_1_581' title='bbox 1028 4143 1138 4184; x_wconf 90' lang='lat' dir='ltr'><strong>non</strong></span> <span class='ocrx_word' id='word_1_582' title='bbox 1198 4136 1416 4200; x_wconf 84' lang='lat' dir='ltr'><strong>potest,</strong></span> <span class='ocrx_word' id='word_1_583' title='bbox 1467 4129 1562 4200; x_wconf 89' lang='lat' dir='ltr'><strong>qui</strong></span> <span class='ocrx_word' id='word_1_584' title='bbox 1625 4145 1655 4186; x_wconf 93' lang='lat' dir='ltr'><strong>a</strong></span> <span class='ocrx_word' id='word_1_585' title='bbox 1713 4131 2051 4201; x_wconf 88' lang='lat' dir='ltr'><strong>sempiterno</strong></span> 
     </span>
    </p>
   </div>
   <div class='ocr_carea' id='block_1_73' title="bbox 464 4218 2046 4293">
    <p class='ocr_par' dir='ltr' id='par_1_73' title="bbox 464 4218 2046 4293">
     <span class='ocr_line' id='line_1_73' title="bbox 464 4218 2046 4293; baseline 0.002 -19"><span class='ocrx_word' id='word_1_586' title='bbox 464 4218 834 4289; x_wconf 86' lang='lat' dir='ltr'><strong>sempiternus</strong></span> <span class='ocrx_word' id='word_1_587' title='bbox 891 4227 1002 4286; x_wconf 82' lang='lat' dir='ltr'><strong>est,</strong></span> <span class='ocrx_word' id='word_1_588' title='bbox 1059 4222 1153 4292; x_wconf 92' lang='lat' dir='ltr'><strong>qui</strong></span> <span class='ocrx_word' id='word_1_589' title='bbox 1205 4221 1274 4278; x_wconf 90' lang='lat' dir='ltr'><strong>ab</strong></span> <span class='ocrx_word' id='word_1_590' title='bbox 1309 4221 1520 4278; x_wconf 81' lang='lat' dir='ltr'><strong>Joanne</strong></span> <span class='ocrx_word' id='word_1_591' title='bbox 1568 4221 1899 4293; x_wconf 70' lang='lat' dir='ltr'><strong>praedicatus</strong></span> <span class='ocrx_word' id='word_1_592' title='bbox 1941 4231 2046 4290; x_wconf 90' lang='lat' dir='ltr'><strong>est,</strong></span> 
     </span>
    </p>
   </div>
   <div class='ocr_carea' id='block_1_74' title="bbox 462 4312 2052 4387">
    <p class='ocr_par' dir='ltr' id='par_1_74' title="bbox 462 4312 2052 4387">
     <span class='ocr_line' id='line_1_74' title="bbox 462 4312 2052 4387; baseline 0.003 -21"><span class='ocrx_word' id='word_1_593' title='bbox 462 4313 668 4382; x_wconf 88' lang='lat' dir='ltr'><strong>quique</strong></span> <span class='ocrx_word' id='word_1_594' title='bbox 701 4327 919 4382; x_wconf 88' lang='lat' dir='ltr'><strong>semper</strong></span> <span class='ocrx_word' id='word_1_595' title='bbox 948 4320 1058 4369; x_wconf 90' lang='lat' dir='ltr'><strong>est.</strong></span> <span class='ocrx_word' id='word_1_596' title='bbox 1091 4312 1226 4369; x_wconf 85' lang='lat' dir='ltr'><strong>Nam</strong></span> <span class='ocrx_word' id='word_1_597' title='bbox 1261 4315 1368 4380; x_wconf 87' lang='lat' dir='ltr'><strong>Qui</strong></span> <span class='ocrx_word' id='word_1_598' title='bbox 1395 4325 1496 4382; x_wconf 84' lang='lat' dir='ltr'><strong>est,</strong></span> <span class='ocrx_word' id='word_1_599' title='bbox 1527 4316 1604 4370; x_wconf 87' lang='lat' dir='ltr'><strong>ait</strong></span> <span class='ocrx_word' id='word_1_600' title='bbox 1635 4314 1874 4387; x_wconf 81' lang='lat' dir='ltr'><strong>Moyses,</strong></span> <span class='ocrx_word' id='word_1_601' title='bbox 1904 4317 2052 4371; x_wconf 83' lang='lat' dir='ltr'><strong>misit</strong></span> 
     </span>
    </p>
   </div>
   <div class='ocr_carea' id='block_1_75' title="bbox 463 4401 2052 4472">
    <p class='ocr_par' dir='ltr' id='par_1_75' title="bbox 463 4401 2052 4472">
     <span class='ocr_line' id='line_1_75' title="bbox 463 4401 2052 4472; baseline 0.004 -16"><span class='ocrx_word' id='word_1_602' title='bbox 463 4419 547 4456; x_wconf 86' lang='lat' dir='ltr'><strong>me</strong></span> <span class='ocrx_word' id='word_1_603' title='bbox 569 4404 612 4457; x_wconf 84' lang='grc'>⁸.</span> <span class='ocrx_word' id='word_1_604' title='bbox 643 4403 712 4456; x_wconf 83' lang='lat' dir='ltr'><strong>At</strong></span> <span class='ocrx_word' id='word_1_605' title='bbox 738 4401 980 4459; x_wconf 77' lang='lat' dir='ltr'><strong>Joannes</strong></span> <span class='ocrx_word' id='word_1_606' title='bbox 1012 4421 1026 4459; x_wconf 90' lang='lat'><strong>:</strong></span> <span class='ocrx_word' id='word_1_607' title='bbox 1059 4403 1165 4470; x_wconf 78' lang='lat' dir='ltr'><strong>Qui</strong></span> <span class='ocrx_word' id='word_1_608' title='bbox 1201 4413 1280 4459; x_wconf 80' lang='lat' dir='ltr'><strong>est</strong></span> <span class='ocrx_word' id='word_1_609' title='bbox 1315 4406 1370 4461; x_wconf 90' lang='lat' dir='ltr'><strong>in</strong></span> <span class='ocrx_word' id='word_1_610' title='bbox 1400 4407 1522 4462; x_wconf 85' lang='lat' dir='ltr'><strong>sinu</strong></span> <span class='ocrx_word' id='word_1_611' title='bbox 1552 4405 1758 4472; x_wconf 81' lang='lat' dir='ltr'><strong>Patris,</strong></span> <span class='ocrx_word' id='word_1_612' title='bbox 1802 4407 1893 4463; x_wconf 82' lang='lat' dir='ltr'><strong>ille</strong></span> <span class='ocrx_word' id='word_1_613' title='bbox 1931 4424 2052 4462; x_wconf 83' lang='lat' dir='ltr'><strong>nar-</strong></span> 
     </span>
    </p>
   </div>
   <div class='ocr_carea' id='block_1_76' title="bbox 464 4493 2053 4566">
    <p class='ocr_par' dir='ltr' id='par_1_76' title="bbox 464 4493 2053 4566">
     <span class='ocr_line' id='line_1_76' title="bbox 464 4493 2053 4566; baseline 0.004 -18"><span class='ocrx_word' id='word_1_614' title='bbox 464 4496 604 4550; x_wconf 79' lang='lat' dir='ltr'><strong>ravit</strong></span> <span class='ocrx_word' id='word_1_615' title='bbox 631 4497 673 4551; x_wconf 83' lang='lat'><strong>&#39;.</strong></span> <span class='ocrx_word' id='word_1_616' title='bbox 723 4496 912 4566; x_wconf 89' lang='lat' dir='ltr'><strong>Itaque</strong></span> <span class='ocrx_word' id='word_1_617' title='bbox 937 4505 992 4551; x_wconf 90' lang='lat' dir='ltr'><strong>et</strong></span> <span class='ocrx_word' id='word_1_618' title='bbox 1026 4493 1202 4551; x_wconf 81' lang='lat' dir='ltr'><strong>Filius</strong></span> <span class='ocrx_word' id='word_1_619' title='bbox 1239 4496 1516 4553; x_wconf 82' lang='lat' dir='ltr'><strong>exsistens</strong></span> <span class='ocrx_word' id='word_1_620' title='bbox 1542 4497 1768 4565; x_wconf 91' lang='lat' dir='ltr'><strong>dicitur,</strong></span> <span class='ocrx_word' id='word_1_621' title='bbox 1804 4506 1859 4553; x_wconf 92' lang='lat' dir='ltr'><strong>et</strong></span> <span class='ocrx_word' id='word_1_622' title='bbox 1889 4497 2053 4554; x_wconf 89' lang='lat' dir='ltr'><strong>Pater</strong></span> 
     </span>
    </p>
   </div>
   <div class='ocr_carea' id='block_1_77' title="bbox 2145 3307 3731 3384">
    <p class='ocr_par' dir='ltr' id='par_1_77' title="bbox 2145 3307 3731 3384">
     <span class='ocr_line' id='line_1_77' title="bbox 2145 3307 3731 3384; baseline -0.007 -15"><span class='ocrx_word' id='word_1_623' title='bbox 2145 3314 2281 3384; x_wconf 82' lang='grc' dir='ltr'>τὴν,</span> <span class='ocrx_word' id='word_1_624' title='bbox 2317 3312 2414 3368; x_wconf 77' lang='grc' dir='ltr'><strong>καὶ</strong></span> <span class='ocrx_word' id='word_1_625' title='bbox 2436 3311 2646 3374; x_wconf 79' lang='grc' dir='ltr'><strong>κτίζων</strong></span> <span class='ocrx_word' id='word_1_626' title='bbox 2671 3310 2908 3380; x_wconf 79' lang='grc' dir='ltr'>πνεῦμα</span> <span class='ocrx_word' id='word_1_627' title='bbox 2928 3328 2940 3341; x_wconf 93' lang='grc'><strong>·</strong></span> <span class='ocrx_word' id='word_1_628' title='bbox 2981 3309 3209 3381; x_wconf 82' lang='grc' dir='ltr'>βροντὴν</span> <span class='ocrx_word' id='word_1_629' title='bbox 3256 3308 3354 3379; x_wconf 85' lang='grc' dir='ltr'>μὲν</span> <span class='ocrx_word' id='word_1_630' title='bbox 3386 3307 3483 3378; x_wconf 84' lang='grc' dir='ltr'>τὴν</span> <span class='ocrx_word' id='word_1_631' title='bbox 3517 3308 3731 3377; x_wconf 81' lang='grc' dir='ltr'>ὲνηχου-</span> 
     </span>
    </p>
   </div>
   <div class='ocr_carea' id='block_1_78' title="bbox 2151 3399 3738 3478">
    <p class='ocr_par' dir='ltr' id='par_1_78' title="bbox 2151 3399 3738 3478">
     <span class='ocr_line' id='line_1_78' title="bbox 2151 3399 3738 3478; baseline -0.006 -18"><span class='ocrx_word' id='word_1_632' title='bbox 2151 3407 2319 3478; x_wconf 81' lang='grc' dir='ltr'>μένην</span> <span class='ocrx_word' id='word_1_633' title='bbox 2363 3403 2671 3475; x_wconf 86' lang='grc' dir='ltr'>ἀνθρώποις</span> <span class='ocrx_word' id='word_1_634' title='bbox 2690 3421 2703 3434; x_wconf 72' lang='grc' dir='ltr'><strong>ο</strong></span> <span class='ocrx_word' id='word_1_635' title='bbox 2737 3399 2954 3463; x_wconf 78' lang='grc' dir='ltr'>κτίζων</span> <span class='ocrx_word' id='word_1_636' title='bbox 2972 3401 3028 3454; x_wconf 82' lang='grc' dir='ltr'>δὲ</span> <span class='ocrx_word' id='word_1_637' title='bbox 3049 3399 3303 3471; x_wconf 77' lang='grc' dir='ltr'>πνεῦμα,</span> <span class='ocrx_word' id='word_1_638' title='bbox 3328 3400 3409 3464; x_wconf 81' lang='grc' dir='ltr'><strong>εἰς</strong></span> <span class='ocrx_word' id='word_1_639' title='bbox 3452 3399 3738 3470; x_wconf 79' lang='grc' dir='ltr'>ἐνέργειαν</span> 
     </span>
    </p>
   </div>
   <div class='ocr_carea' id='block_1_79' title="bbox 2150 3489 3738 3564">
    <p class='ocr_par' dir='ltr' id='par_1_79' title="bbox 2150 3489 3738 3564">
     <span class='ocr_line' id='line_1_79' title="bbox 2150 3489 3738 3564; baseline -0.007 -13"><span class='ocrx_word' id='word_1_640' title='bbox 2150 3498 2321 3551; x_wconf 83' lang='grc' dir='ltr'>ὑετῶν</span> <span class='ocrx_word' id='word_1_641' title='bbox 2344 3493 2824 3564; x_wconf 80' lang='grc' dir='ltr'>ἀποστελλομένων</span> <span class='ocrx_word' id='word_1_642' title='bbox 2850 3491 2960 3546; x_wconf 82' lang='grc' dir='ltr'>ἀπὸ</span> <span class='ocrx_word' id='word_1_643' title='bbox 2986 3490 3082 3544; x_wconf 83' lang='grc' dir='ltr'><strong>τοῦ</strong></span> <span class='ocrx_word' id='word_1_644' title='bbox 3106 3490 3241 3544; x_wconf 86' lang='grc' dir='ltr'>Θεοῦ</span> <span class='ocrx_word' id='word_1_645' title='bbox 3264 3494 3330 3562; x_wconf 80' lang='grc' dir='ltr'>τῇ</span> <span class='ocrx_word' id='word_1_646' title='bbox 3359 3492 3450 3561; x_wconf 83' lang='grc' dir='ltr'><strong>γῇ.</strong></span> <span class='ocrx_word' id='word_1_647' title='bbox 3476 3489 3587 3544; x_wconf 72' lang='grc' dir='ltr'><strong>Καὶ</strong></span> <span class='ocrx_word' id='word_1_648' title='bbox 3611 3489 3738 3560; x_wconf 75' lang='grc' dir='ltr'>περὶ</span> 
     </span>
    </p>
   </div>
   <div class='ocr_carea' id='block_1_80' title="bbox 2155 3578 3738 3660">
    <p class='ocr_par' dir='ltr' id='par_1_80' title="bbox 2155 3578 3738 3660">
     <span class='ocr_line' id='line_1_80' title="bbox 2155 3578 3738 3660; baseline -0.006 -18"><span class='ocrx_word' id='word_1_649' title='bbox 2155 3589 2254 3660; x_wconf 80' lang='grc' dir='ltr'><strong>μὲν</strong></span> <span class='ocrx_word' id='word_1_650' title='bbox 2300 3585 2614 3658; x_wconf 84' lang='grc' dir='ltr'>κτισμάτων</span> <span class='ocrx_word' id='word_1_651' title='bbox 2641 3583 2784 3638; x_wconf 79' lang='grc' dir='ltr'>οῦτω</span> <span class='ocrx_word' id='word_1_652' title='bbox 2826 3583 2979 3654; x_wconf 57' lang='grc' dir='ltr'>φησι,</span> <span class='ocrx_word' id='word_1_653' title='bbox 3027 3581 3290 3651; x_wconf 80' lang='grc' dir='ltr'>Στερεῶν</span> <span class='ocrx_word' id='word_1_654' title='bbox 3313 3581 3608 3651; x_wconf 73' lang='grc' dir='ltr'>βροντὴν,</span> <span class='ocrx_word' id='word_1_655' title='bbox 3640 3578 3738 3634; x_wconf 69' lang='grc' dir='ltr'><strong>καὶ</strong></span> 
     </span>
    </p>
   </div>
   <div class='ocr_carea' id='block_1_81' title="bbox 2149 3672 3739 3746">
    <p class='ocr_par' dir='ltr' id='par_1_81' title="bbox 2149 3672 3739 3746">
     <span class='ocr_line' id='line_1_81' title="bbox 2149 3672 3739 3746; baseline -0.006 -12"><span class='ocrx_word' id='word_1_656' title='bbox 2149 3679 2356 3740; x_wconf 79' lang='grc' dir='ltr'>κτίζων</span> <span class='ocrx_word' id='word_1_657' title='bbox 2385 3677 2642 3745; x_wconf 79' lang='grc' dir='ltr'>πνεῦμα,</span> <span class='ocrx_word' id='word_1_658' title='bbox 2674 3674 2848 3729; x_wconf 88' lang='grc' dir='ltr'>ταῦτα</span> <span class='ocrx_word' id='word_1_659' title='bbox 2879 3672 2988 3744; x_wconf 81' lang='grc' dir='ltr'>γὰρ</span> <span class='ocrx_word' id='word_1_660' title='bbox 3013 3673 3205 3728; x_wconf 67' lang='lat' dir='ltr'><strong>mm</strong></span> <span class='ocrx_word' id='word_1_661' title='bbox 3234 3673 3489 3746; x_wconf 81' lang='grc' dir='ltr'>ὑπάρχει.</span> <span class='ocrx_word' id='word_1_662' title='bbox 3532 3674 3739 3741; x_wconf 76' lang='grc' dir='ltr'>Ἀπαγ-</span> 
     </span>
    </p>
   </div>
   <div class='ocr_carea' id='block_1_82' title="bbox 2149 3763 3742 3841">
    <p class='ocr_par' dir='ltr' id='par_1_82' title="bbox 2149 3763 3742 3841">
     <span class='ocr_line' id='line_1_82' title="bbox 2149 3763 3742 3841; baseline -0.004 -16"><span class='ocrx_word' id='word_1_663' title='bbox 2149 3771 2352 3841; x_wconf 83' lang='grc' dir='ltr'>γέλλων</span> <span class='ocrx_word' id='word_1_664' title='bbox 2376 3770 2432 3823; x_wconf 78' lang='grc' dir='ltr'><strong>δὲ</strong></span> <span class='ocrx_word' id='word_1_665' title='bbox 2460 3768 2550 3822; x_wconf 75' lang='grc' dir='ltr'><strong>τὸν</strong></span> <span class='ocrx_word' id='word_1_666' title='bbox 2570 3767 2802 3840; x_wconf 84' lang='grc' dir='ltr'>Χριστὸν</span> <span class='ocrx_word' id='word_1_667' title='bbox 2826 3765 2988 3820; x_wconf 82' lang='grc' dir='ltr'>αὑτοῦ</span> <span class='ocrx_word' id='word_1_668' title='bbox 3007 3765 3106 3837; x_wconf 82' lang='lat'><strong>(5&#39;)</strong></span> <span class='ocrx_word' id='word_1_669' title='bbox 3131 3768 3242 3828; x_wconf 84' lang='grc' dir='ltr'>τοῖς</span> <span class='ocrx_word' id='word_1_670' title='bbox 3259 3763 3584 3838; x_wconf 76' lang='grc' dir='ltr'>ἀνθρώποις,</span> <span class='ocrx_word' id='word_1_671' title='bbox 3612 3764 3742 3818; x_wconf 77' lang='grc' dir='ltr'>οὒκ-</span> 
     </span>
    </p>
   </div>
   <div class='ocr_carea' id='block_1_83' title="bbox 2155 3855 3741 3928">
    <p class='ocr_par' dir='ltr' id='par_1_83' title="bbox 2155 3855 3741 3928">
     <span class='ocr_line' id='line_1_83' title="bbox 2155 3855 3741 3928; baseline -0.005 -12"><span class='ocrx_word' id='word_1_672' title='bbox 2155 3862 2236 3916; x_wconf 85' lang='grc' dir='ltr'><strong>ἐτι</strong></span> <span class='ocrx_word' id='word_1_673' title='bbox 2299 3858 2523 3923; x_wconf 80' lang='grc' dir='ltr'>κτίζων,</span> <span class='ocrx_word' id='word_1_674' title='bbox 2553 3858 2734 3912; x_wconf 79' lang='grc' dir='ltr'>οὐκέτι</span> <span class='ocrx_word' id='word_1_675' title='bbox 2766 3857 3023 3928; x_wconf 85' lang='grc' dir='ltr'>στερεῶν,</span> <span class='ocrx_word' id='word_1_676' title='bbox 3051 3857 3164 3910; x_wconf 78' lang='grc' dir='ltr'>ἀλλ’</span> <span class='ocrx_word' id='word_1_677' title='bbox 3190 3857 3549 3926; x_wconf 75' lang='grc' dir='ltr'><strong>ἀπαγγέλλων</strong></span> <span class='ocrx_word' id='word_1_678' title='bbox 3577 3855 3741 3910; x_wconf 80' lang='grc' dir='ltr'>αὑτὸν</span> 
     </span>
    </p>
   </div>
   <div class='ocr_carea' id='block_1_84' title="bbox 2149 3947 3740 4022">
    <p class='ocr_par' dir='ltr' id='par_1_84' title="bbox 2149 3947 3740 4022">
     <span class='ocr_line' id='line_1_84' title="bbox 2149 3947 3740 4022; baseline -0.004 -14"><span class='ocrx_word' id='word_1_679' title='bbox 2149 3957 2263 4018; x_wconf 89' lang='grc' dir='ltr'>τοῖς</span> <span class='ocrx_word' id='word_1_680' title='bbox 2297 3952 2622 4022; x_wconf 85' lang='grc' dir='ltr'>ἀνθρώποις,</span> <span class='ocrx_word' id='word_1_681' title='bbox 2663 3951 2754 4004; x_wconf 81' lang='grc' dir='ltr'><strong>τὸν</strong></span> <span class='ocrx_word' id='word_1_682' title='bbox 2781 3950 2999 4022; x_wconf 83' lang='grc' dir='ltr'>ἀληθῶς</span> <span class='ocrx_word' id='word_1_683' title='bbox 3030 3949 3290 4020; x_wconf 78' lang='grc' dir='ltr'>γεννητὸν</span> <span class='ocrx_word' id='word_1_684' title='bbox 3321 3949 3381 4014; x_wconf 77' lang='grc' dir='ltr'>ἐξ</span> <span class='ocrx_word' id='word_1_685' title='bbox 3428 3947 3615 4012; x_wconf 83' lang='grc' dir='ltr'>αὐτοῦ,</span> <span class='ocrx_word' id='word_1_686' title='bbox 3645 3949 3740 4001; x_wconf 78' lang='grc' dir='ltr'><strong>τὸν</strong></span> 
     </span>
    </p>
   </div>
   <div class='ocr_carea' id='block_1_85' title="bbox 2151 4039 3741 4114">
    <p class='ocr_par' dir='ltr' id='par_1_85' title="bbox 2151 4039 3741 4114">
     <span class='ocr_line' id='line_1_85' title="bbox 2151 4039 3741 4114; baseline -0.002 -15"><span class='ocrx_word' id='word_1_687' title='bbox 2151 4046 2428 4110; x_wconf 82' lang='grc' dir='ltr'>ἄκτιστον,</span> <span class='ocrx_word' id='word_1_688' title='bbox 2487 4043 2580 4096; x_wconf 81' lang='grc' dir='ltr'><strong>τὸν</strong></span> <span class='ocrx_word' id='word_1_689' title='bbox 2621 4042 2908 4114; x_wconf 84' lang='grc' dir='ltr'>ἄτρεπτον,</span> <span class='ocrx_word' id='word_1_690' title='bbox 2960 4041 3052 4096; x_wconf 80' lang='grc' dir='ltr'><strong>τὸν</strong></span> <span class='ocrx_word' id='word_1_691' title='bbox 3101 4040 3478 4108; x_wconf 83' lang='grc' dir='ltr'>ἀναλλοίωτον,</span> <span class='ocrx_word' id='word_1_692' title='bbox 3527 4041 3618 4095; x_wconf 78' lang='grc' dir='ltr'>τὸν</span> <span class='ocrx_word' id='word_1_693' title='bbox 3651 4039 3741 4096; x_wconf 76' lang='grc' dir='ltr'>ἀεὶ</span> 
     </span>
    </p>
   </div>
   <div class='ocr_carea' id='block_1_86' title="bbox 2151 4132 3738 4204">
    <p class='ocr_par' dir='ltr' id='par_1_86' title="bbox 2151 4132 3738 4204">
     <span class='ocr_line' id='line_1_86' title="bbox 2151 4132 3738 4204; baseline -0.003 -14"><span class='ocrx_word' id='word_1_694' title='bbox 2151 4136 2280 4190; x_wconf 77' lang='grc' dir='ltr'>ὄντα</span> <span class='ocrx_word' id='word_1_695' title='bbox 2310 4137 2374 4190; x_wconf 82' lang='grc' dir='ltr'><strong>ὲκ</strong></span> <span class='ocrx_word' id='word_1_696' title='bbox 2407 4134 2500 4189; x_wconf 90' lang='grc' dir='ltr'><strong>τοῦ</strong></span> <span class='ocrx_word' id='word_1_697' title='bbox 2548 4135 2634 4188; x_wconf 76' lang='grc' dir='ltr'><strong>ἀεὶ</strong></span> <span class='ocrx_word' id='word_1_698' title='bbox 2662 4134 2834 4198; x_wconf 76' lang='grc' dir='ltr'>ὄντος,</span> <span class='ocrx_word' id='word_1_699' title='bbox 2864 4133 2954 4186; x_wconf 80' lang='grc' dir='ltr'><strong>τὸν</strong></span> <span class='ocrx_word' id='word_1_700' title='bbox 2983 4133 3070 4187; x_wconf 83' lang='grc' dir='ltr'>διὰ</span> <span class='ocrx_word' id='word_1_701' title='bbox 3105 4133 3354 4187; x_wconf 81' lang='grc' dir='ltr'>Ἰωάννου</span> <span class='ocrx_word' id='word_1_702' title='bbox 3376 4132 3738 4204; x_wconf 77' lang='grc' dir='ltr'>κηρυχθέντα,</span> 
     </span>
    </p>
   </div>
   <div class='ocr_carea' id='block_1_87' title="bbox 2152 4222 3738 4295">
    <p class='ocr_par' dir='ltr' id='par_1_87' title="bbox 2152 4222 3738 4295">
     <span class='ocr_line' id='line_1_87' title="bbox 2152 4222 3738 4295; baseline -0.004 -14"><span class='ocrx_word' id='word_1_703' title='bbox 2152 4227 2239 4281; x_wconf 77' lang='grc' dir='ltr'><strong>ἀεὶ</strong></span> <span class='ocrx_word' id='word_1_704' title='bbox 2265 4227 2414 4280; x_wconf 72' lang='grc' dir='ltr'>ὄντα.</span> <span class='ocrx_word' id='word_1_705' title='bbox 2470 4226 2531 4278; x_wconf 80' lang='lat'><strong>&#39;0</strong></span> <span class='ocrx_word' id='word_1_706' title='bbox 2563 4223 2649 4279; x_wconf 89' lang='grc' dir='ltr'>ὢν</span> <span class='ocrx_word' id='word_1_707' title='bbox 2676 4223 2804 4295; x_wconf 83' lang='grc' dir='ltr'>γὰρ,</span> <span class='ocrx_word' id='word_1_708' title='bbox 2850 4223 3006 4295; x_wconf 80' lang='grc' dir='ltr'><strong>φησὶ,</strong></span> <span class='ocrx_word' id='word_1_709' title='bbox 3044 4222 3390 4278; x_wconf 70' lang='grc' dir='ltr'><strong>ἀπέσταλκε</strong></span> <span class='ocrx_word' id='word_1_710' title='bbox 3425 4240 3521 4292; x_wconf 87' lang='grc' dir='ltr'><strong>με,</strong></span> <span class='ocrx_word' id='word_1_711' title='bbox 3569 4222 3738 4293; x_wconf 73' lang='grc' dir='ltr'>φησὶν</span> 
     </span>
    </p>
   </div>
   <div class='ocr_carea' id='block_1_88' title="bbox 2154 4312 3739 4388">
    <p class='ocr_par' dir='ltr' id='par_1_88' title="bbox 2154 4312 3739 4388">
     <span class='ocr_line' id='line_1_88' title="bbox 2154 4312 3739 4388; baseline -0.003 -15"><span class='ocrx_word' id='word_1_712' title='bbox 2154 4321 2183 4372; x_wconf 88' lang='lat'><strong>6</strong></span> <span class='ocrx_word' id='word_1_713' title='bbox 2216 4317 2480 4388; x_wconf 82' lang='grc' dir='ltr'>Μωῦσῆς.</span> <span class='ocrx_word' id='word_1_714' title='bbox 2513 4316 2623 4370; x_wconf 71' lang='grc' dir='ltr'>Καὶ</span> <span class='ocrx_word' id='word_1_715' title='bbox 2650 4317 2678 4370; x_wconf 91' lang='lat'><strong>6</strong></span> <span class='ocrx_word' id='word_1_716' title='bbox 2723 4315 2999 4386; x_wconf 85' lang='grc' dir='ltr'>Ἰωάννης,</span> <span class='ocrx_word' id='word_1_717' title='bbox 3044 4315 3097 4367; x_wconf 81' lang='grc'><strong>’0</strong></span> <span class='ocrx_word' id='word_1_718' title='bbox 3130 4312 3216 4369; x_wconf 84' lang='grc' dir='ltr'>ὢν</span> <span class='ocrx_word' id='word_1_719' title='bbox 3255 4317 3345 4382; x_wconf 83' lang='grc' dir='ltr'><strong>εις</strong></span> <span class='ocrx_word' id='word_1_720' title='bbox 3373 4315 3479 4369; x_wconf 86' lang='grc' dir='ltr'>τὸν</span> <span class='ocrx_word' id='word_1_721' title='bbox 3505 4317 3739 4370; x_wconf 75' lang='grc' dir='ltr'>κόλπον</span> 
     </span>
    </p>
   </div>
   <div class='ocr_carea' id='block_1_89' title="bbox 2155 4403 3736 4476">
    <p class='ocr_par' dir='ltr' id='par_1_89' title="bbox 2155 4403 3736 4476">
     <span class='ocr_line' id='line_1_89' title="bbox 2155 4403 3736 4476; baseline -0.001 -16"><span class='ocrx_word' id='word_1_722' title='bbox 2155 4407 2260 4461; x_wconf 84' lang='grc' dir='ltr'><strong>τοῦ</strong></span> <span class='ocrx_word' id='word_1_723' title='bbox 2289 4405 2540 4476; x_wconf 73' lang='grc' dir='ltr'>Πατρός,</span> <span class='ocrx_word' id='word_1_724' title='bbox 2568 4405 2798 4472; x_wconf 83' lang='grc' dir='ltr'>ἐκεῖνος</span> <span class='ocrx_word' id='word_1_725' title='bbox 2831 4403 3194 4474; x_wconf 72' lang='grc' dir='ltr'>ἐξηγήσατο.</span> <span class='ocrx_word' id='word_1_726' title='bbox 3225 4405 3322 4460; x_wconf 72' lang='lat' dir='ltr'><strong>&quot;av</strong></span> <span class='ocrx_word' id='word_1_727' title='bbox 3350 4406 3495 4459; x_wconf 76' lang='grc' dir='ltr'>ἐστιν</span> <span class='ocrx_word' id='word_1_728' title='bbox 3532 4407 3560 4458; x_wconf 85' lang='lat'><strong>6</strong></span> <span class='ocrx_word' id='word_1_729' title='bbox 3589 4405 3736 4471; x_wconf 77' lang='grc' dir='ltr'>Υἱὸς,</span> 
     </span>
    </p>
   </div>
   <div class='ocr_carea' id='block_1_90' title="bbox 2155 4495 3742 4570">
    <p class='ocr_par' dir='ltr' id='par_1_90' title="bbox 2155 4495 3742 4570">
     <span class='ocr_line' id='line_1_90' title="bbox 2155 4495 3742 4570; baseline -0.001 -18"><span class='ocrx_word' id='word_1_730' title='bbox 2155 4495 2230 4552; x_wconf 84' lang='grc' dir='ltr'>ὥν</span> <span class='ocrx_word' id='word_1_731' title='bbox 2253 4499 2398 4552; x_wconf 76' lang='grc' dir='ltr'>ἐστιν</span> <span class='ocrx_word' id='word_1_732' title='bbox 2426 4499 2455 4550; x_wconf 92' lang='lat'><strong>6</strong></span> <span class='ocrx_word' id='word_1_733' title='bbox 2481 4497 2690 4570; x_wconf 79' lang='grc' dir='ltr'>Πατὴρ,</span> <span class='ocrx_word' id='word_1_734' title='bbox 2721 4498 2749 4549; x_wconf 91' lang='lat'><strong>6</strong></span> <span class='ocrx_word' id='word_1_735' title='bbox 2779 4495 2854 4549; x_wconf 83' lang='grc' dir='ltr'>ὢν</span> <span class='ocrx_word' id='word_1_736' title='bbox 2885 4495 3023 4568; x_wconf 81' lang='grc' dir='ltr'>πρὸς</span> <span class='ocrx_word' id='word_1_737' title='bbox 3055 4496 3144 4551; x_wconf 81' lang='grc' dir='ltr'><strong>τὸν</strong></span> <span class='ocrx_word' id='word_1_738' title='bbox 3169 4496 3298 4550; x_wconf 77' lang='grc' dir='ltr'>ὅντα</span> <span class='ocrx_word' id='word_1_739' title='bbox 3342 4498 3401 4564; x_wconf 79' lang='grc' dir='ltr'>ἐξ</span> <span class='ocrx_word' id='word_1_740' title='bbox 3429 4496 3593 4551; x_wconf 83' lang='grc' dir='ltr'>αὑτοῦ</span> <span class='ocrx_word' id='word_1_741' title='bbox 3616 4513 3742 4566; x_wconf 88' lang='grc' dir='ltr'>γεν-</span> 
     </span>
    </p>
   </div>
   <div class='ocr_carea' id='block_1_91' title="bbox 463 4588 2045 4663">
    <p class='ocr_par' dir='ltr' id='par_1_91' title="bbox 463 4588 2045 4646">
     <span class='ocr_line' id='line_1_91' title="bbox 463 4588 2045 4646; baseline 0.003 -4"><span class='ocrx_word' id='word_1_742' title='bbox 463 4589 741 4645; x_wconf 71' lang='lat' dir='ltr'><strong>essistens</strong></span> <span class='ocrx_word' id='word_1_743' title='bbox 771 4608 783 4643; x_wconf 91' lang='lat'>:</span> <span class='ocrx_word' id='word_1_744' title='bbox 818 4589 1098 4646; x_wconf 78' lang='lat' dir='ltr'><strong>exsistens</strong></span> <span class='ocrx_word' id='word_1_745' title='bbox 1130 4588 1384 4645; x_wconf 90' lang='lat' dir='ltr'><strong>videlicet</strong></span> <span class='ocrx_word' id='word_1_746' title='bbox 1417 4589 1484 4644; x_wconf 88' lang='lat' dir='ltr'><strong>ad</strong></span> <span class='ocrx_word' id='word_1_747' title='bbox 1520 4590 1876 4646; x_wconf 81' lang='lat' dir='ltr'><strong>exsistentem</strong></span> <span class='ocrx_word' id='word_1_748' title='bbox 1906 4606 2045 4646; x_wconf 90' lang='lat' dir='ltr'><strong>com-</strong></span> 
     </span>
    </p>
   </div>
   <div class='ocr_carea' id='block_1_92' title="bbox 2152 4588 3740 4663">
    <p class='ocr_par' dir='ltr' id='par_1_92' title="bbox 2153 4588 3740 4663">
     <span class='ocr_line' id='line_1_92' title="bbox 2153 4588 3740 4663; baseline -0.001 -18"><span class='ocrx_word' id='word_1_749' title='bbox 2153 4589 2358 4660; x_wconf 74' lang='grc' dir='ltr'>νηθεὶς,</span> <span class='ocrx_word' id='word_1_750' title='bbox 2393 4591 2454 4644; x_wconf 80' lang='grc' dir='ltr'>οὐ</span> <span class='ocrx_word' id='word_1_751' title='bbox 2493 4589 2792 4662; x_wconf 67' lang='grc' dir='ltr'>συναλοιφῇ</span> <span class='ocrx_word' id='word_1_752' title='bbox 2830 4588 2906 4643; x_wconf 84' lang='grc' dir='ltr'>ὣν</span> <span class='ocrx_word' id='word_1_753' title='bbox 2933 4589 3014 4660; x_wconf 83' lang='grc' dir='ltr'>τῷ</span> <span class='ocrx_word' id='word_1_754' title='bbox 3056 4590 3256 4661; x_wconf 76' lang='grc' dir='ltr'>Πατρὶ,</span> <span class='ocrx_word' id='word_1_755' title='bbox 3299 4590 3400 4644; x_wconf 83' lang='grc' dir='ltr'>οὐκ</span> <span class='ocrx_word' id='word_1_756' title='bbox 3431 4589 3740 4663; x_wconf 79' lang='grc' dir='ltr'>ἀρξάμενος</span> 
     </span>
    </p>
   </div>
   <div class='ocr_carea' id='block_1_93' title="bbox 466 4680 2051 4752">
    <p class='ocr_par' dir='ltr' id='par_1_93' title="bbox 466 4680 2051 4752">
     <span class='ocr_line' id='line_1_93' title="bbox 466 4680 2051 4752; baseline 0.002 -18"><span class='ocrx_word' id='word_1_757' title='bbox 466 4689 716 4752; x_wconf 84' lang='lat' dir='ltr'><strong>paratus,</strong></span> <span class='ocrx_word' id='word_1_758' title='bbox 754 4690 918 4752; x_wconf 90' lang='lat' dir='ltr'><strong>atque</strong></span> <span class='ocrx_word' id='word_1_759' title='bbox 947 4697 1014 4738; x_wconf 78' lang='lat' dir='ltr'><strong>ex</strong></span> <span class='ocrx_word' id='word_1_760' title='bbox 1058 4680 1179 4752; x_wconf 87' lang='lat' dir='ltr'><strong>ipso</strong></span> <span class='ocrx_word' id='word_1_761' title='bbox 1213 4682 1432 4752; x_wconf 81' lang='lat' dir='ltr'><strong>genitus</strong></span> <span class='ocrx_word' id='word_1_762' title='bbox 1463 4699 1478 4736; x_wconf 90' lang='lat'><strong>:</strong></span> <span class='ocrx_word' id='word_1_763' title='bbox 1511 4681 1606 4752; x_wconf 93' lang='lat' dir='ltr'><strong>qui</strong></span> <span class='ocrx_word' id='word_1_764' title='bbox 1646 4697 1822 4752; x_wconf 87' lang='lat' dir='ltr'><strong>neque</strong></span> <span class='ocrx_word' id='word_1_765' title='bbox 1852 4682 2051 4738; x_wconf 80' lang='lat' dir='ltr'><strong>confu-</strong></span> 
     </span>
    </p>
   </div>
   <div class='ocr_carea' id='block_1_94' title="bbox 466 4771 2050 4843">
    <p class='ocr_par' dir='ltr' id='par_1_94' title="bbox 466 4771 2050 4843">
     <span class='ocr_line' id='line_1_94' title="bbox 466 4771 2050 4843; baseline 0.003 -18"><span class='ocrx_word' id='word_1_766' title='bbox 466 4787 564 4826; x_wconf 88' lang='lat' dir='ltr'><strong>sus</strong></span> <span class='ocrx_word' id='word_1_767' title='bbox 612 4787 737 4826; x_wconf 91' lang='lat' dir='ltr'><strong>cum</strong></span> <span class='ocrx_word' id='word_1_768' title='bbox 791 4771 978 4834; x_wconf 85' lang='lat' dir='ltr'><strong>Patre.</strong></span> <span class='ocrx_word' id='word_1_769' title='bbox 1031 4786 1134 4828; x_wconf 91' lang='lat' dir='ltr'><strong>nec</strong></span> <span class='ocrx_word' id='word_1_770' title='bbox 1189 4787 1315 4828; x_wconf 88' lang='lat' dir='ltr'><strong>esse</strong></span> <span class='ocrx_word' id='word_1_771' title='bbox 1362 4771 1661 4842; x_wconf 77' lang='lat' dir='ltr'><strong>aliquando</strong></span> <span class='ocrx_word' id='word_1_772' title='bbox 1714 4772 1904 4843; x_wconf 67' lang='lat' dir='ltr'><strong>coepit,</strong></span> <span class='ocrx_word' id='word_1_773' title='bbox 1953 4773 2050 4830; x_wconf 90' lang='lat' dir='ltr'><strong>sed</strong></span> 
     </span>
    </p>
   </div>
   <div class='ocr_carea' id='block_1_95' title="bbox 465 4863 2050 4937">
    <p class='ocr_par' dir='ltr' id='par_1_95' title="bbox 465 4863 2050 4937">
     <span class='ocr_line' id='line_1_95' title="bbox 465 4863 2050 4937; baseline 0.001 -17"><span class='ocrx_word' id='word_1_774' title='bbox 465 4881 684 4935; x_wconf 82' lang='lat' dir='ltr'><strong>semper</strong></span> <span class='ocrx_word' id='word_1_775' title='bbox 710 4880 835 4920; x_wconf 87' lang='lat' dir='ltr'><strong>cum</strong></span> <span class='ocrx_word' id='word_1_776' title='bbox 868 4865 1030 4920; x_wconf 82' lang='lat' dir='ltr'><strong>Patre</strong></span> <span class='ocrx_word' id='word_1_777' title='bbox 1059 4879 1356 4937; x_wconf 83' lang='lat' dir='ltr'><strong>germanus</strong></span> <span class='ocrx_word' id='word_1_778' title='bbox 1389 4873 1476 4922; x_wconf 87' lang='lat' dir='ltr'><strong>est</strong></span> <span class='ocrx_word' id='word_1_779' title='bbox 1509 4863 1712 4920; x_wconf 85' lang='lat' dir='ltr'><strong>:Paler</strong></span> <span class='ocrx_word' id='word_1_780' title='bbox 1741 4881 1872 4922; x_wconf 76' lang='lat' dir='ltr'><strong>vero</strong></span> <span class='ocrx_word' id='word_1_781' title='bbox 1905 4882 2050 4924; x_wconf 88' lang='lat' dir='ltr'><strong>sem-</strong></span> 
     </span>
    </p>
   </div>
   <div class='ocr_carea' id='block_1_96' title="bbox 466 4957 2048 5032">
    <p class='ocr_par' dir='ltr' id='par_1_96' title="bbox 466 4957 2048 5032">
     <span class='ocr_line' id='line_1_96' title="bbox 466 4957 2048 5032; baseline 0.001 -19"><span class='ocrx_word' id='word_1_782' title='bbox 466 4973 561 5030; x_wconf 83' lang='lat' dir='ltr'><strong>per</strong></span> <span class='ocrx_word' id='word_1_783' title='bbox 618 4957 812 5014; x_wconf 89' lang='lat' dir='ltr'><strong>Filium</strong></span> <span class='ocrx_word' id='word_1_784' title='bbox 870 4958 1080 5030; x_wconf 79' lang='lat' dir='ltr'><strong>genuit.</strong></span> <span class='ocrx_word' id='word_1_785' title='bbox 1155 4957 1342 5028; x_wconf 87' lang='lat' dir='ltr'><strong>Neque</strong></span> <span class='ocrx_word' id='word_1_786' title='bbox 1400 4959 1547 5014; x_wconf 89' lang='lat' dir='ltr'><strong>enim</strong></span> <span class='ocrx_word' id='word_1_787' title='bbox 1611 4968 1828 5032; x_wconf 89' lang='lat' dir='ltr'><strong>tempus</strong></span> <span class='ocrx_word' id='word_1_788' title='bbox 1877 4961 2048 5015; x_wconf 89' lang='lat' dir='ltr'><strong>ullum</strong></span> 
     </span>
    </p>
   </div>
   <div class='ocr_carea' id='block_1_97' title="bbox 464 5049 2048 5124">
    <p class='ocr_par' dir='ltr' id='par_1_97' title="bbox 464 5049 2048 5124">
     <span class='ocr_line' id='line_1_97' title="bbox 464 5049 2048 5124; baseline 0.003 -19"><span class='ocrx_word' id='word_1_789' title='bbox 464 5051 698 5119; x_wconf 77' lang='lat' dir='ltr'><strong>exstitit,</strong></span> <span class='ocrx_word' id='word_1_790' title='bbox 731 5066 842 5121; x_wconf 92' lang='lat' dir='ltr'><strong>quo</strong></span> <span class='ocrx_word' id='word_1_791' title='bbox 874 5049 1038 5107; x_wconf 87' lang='lat' dir='ltr'><strong>Pater</strong></span> <span class='ocrx_word' id='word_1_792' title='bbox 1067 5066 1178 5106; x_wconf 91' lang='lat' dir='ltr'><strong>non</strong></span> <span class='ocrx_word' id='word_1_793' title='bbox 1209 5050 1377 5110; x_wconf 80' lang='lat' dir='ltr'><strong>fuerit</strong></span> <span class='ocrx_word' id='word_1_794' title='bbox 1408 5050 1590 5116; x_wconf 87' lang='lat' dir='ltr'><strong>Pater,</strong></span> <span class='ocrx_word' id='word_1_795' title='bbox 1619 5061 1714 5109; x_wconf 89' lang='lat' dir='ltr'><strong>aut</strong></span> <span class='ocrx_word' id='word_1_796' title='bbox 1744 5069 1854 5124; x_wconf 92' lang='lat' dir='ltr'><strong>quo</strong></span> <span class='ocrx_word' id='word_1_797' title='bbox 1878 5052 2048 5110; x_wconf 85' lang='lat' dir='ltr'><strong>Filius</strong></span> 
     </span>
    </p>
   </div>
   <div class='ocr_carea' id='block_1_98' title="bbox 467 5141 2046 5214">
    <p class='ocr_par' dir='ltr' id='par_1_98' title="bbox 467 5141 2046 5214">
     <span class='ocr_line' id='line_1_98' title="bbox 467 5141 2046 5214; baseline -0.001 -15"><span class='ocrx_word' id='word_1_798' title='bbox 467 5144 615 5199; x_wconf 87' lang='lat' dir='ltr'><strong>Patri</strong></span> <span class='ocrx_word' id='word_1_799' title='bbox 644 5144 745 5200; x_wconf 89' lang='lat' dir='ltr'><strong>soli</strong></span> <span class='ocrx_word' id='word_1_800' title='bbox 777 5160 888 5199; x_wconf 93' lang='lat' dir='ltr'><strong>non</strong></span> <span class='ocrx_word' id='word_1_801' title='bbox 922 5143 1106 5200; x_wconf 80' lang='lat' dir='ltr'><strong>fuerit.</strong></span> <span class='ocrx_word' id='word_1_802' title='bbox 1138 5141 1274 5198; x_wconf 83' lang='lat' dir='ltr'><strong>Nam</strong></span> <span class='ocrx_word' id='word_1_803' title='bbox 1306 5146 1351 5200; x_wconf 91' lang='lat' dir='ltr'><strong>si</strong></span> <span class='ocrx_word' id='word_1_804' title='bbox 1381 5152 1598 5214; x_wconf 88' lang='lat' dir='ltr'><strong>tempus</strong></span> <span class='ocrx_word' id='word_1_805' title='bbox 1630 5143 1825 5202; x_wconf 78' lang='lat' dir='ltr'><strong>fuisset</strong></span> <span class='ocrx_word' id='word_1_806' title='bbox 1855 5145 2046 5210; x_wconf 88' lang='lat' dir='ltr'><strong>ullum,</strong></span> 
     </span>
    </p>
   </div>
   <div class='ocr_carea' id='block_1_99' title="bbox 472 5233 2050 5304">
    <p class='ocr_par' dir='ltr' id='par_1_99' title="bbox 472 5233 2050 5304">
     <span class='ocr_line' id='line_1_99' title="bbox 472 5233 2050 5304; baseline 0.003 -16"><span class='ocrx_word' id='word_1_807' title='bbox 472 5250 584 5304; x_wconf 84' lang='lat' dir='ltr'><strong>quo</strong></span> <span class='ocrx_word' id='word_1_808' title='bbox 631 5233 796 5290; x_wconf 88' lang='lat' dir='ltr'><strong>Pater</strong></span> <span class='ocrx_word' id='word_1_809' title='bbox 851 5250 960 5290; x_wconf 92' lang='lat' dir='ltr'><strong>non</strong></span> <span class='ocrx_word' id='word_1_810' title='bbox 1019 5233 1236 5300; x_wconf 77' lang='lat' dir='ltr'><strong>fuisset,</strong></span> <span class='ocrx_word' id='word_1_811' title='bbox 1283 5235 1374 5290; x_wconf 89' lang='lat' dir='ltr'><strong>ille</strong></span> <span class='ocrx_word' id='word_1_812' title='bbox 1417 5243 1566 5293; x_wconf 90' lang='lat' dir='ltr'><strong>esset</strong></span> <span class='ocrx_word' id='word_1_813' title='bbox 1607 5237 1835 5291; x_wconf 89' lang='lat' dir='ltr'><strong>alterius</strong></span> <span class='ocrx_word' id='word_1_814' title='bbox 1871 5235 2050 5292; x_wconf 84' lang='lat' dir='ltr'><strong>Patris</strong></span> 
     </span>
    </p>
   </div>
   <div class='ocr_carea' id='block_1_100' title="bbox 465 5327 2048 5400">
    <p class='ocr_par' dir='ltr' id='par_1_100' title="bbox 465 5327 2048 5400">
     <span class='ocr_line' id='line_1_100' title="bbox 465 5327 2048 5400; baseline -0.001 -16"><span class='ocrx_word' id='word_1_815' title='bbox 465 5327 661 5392; x_wconf 83' lang='lat' dir='ltr'><strong>Filius,</strong></span> <span class='ocrx_word' id='word_1_816' title='bbox 713 5336 1004 5399; x_wconf 83' lang='lat' dir='ltr'><strong>antequam</strong></span> <span class='ocrx_word' id='word_1_817' title='bbox 1064 5327 1335 5400; x_wconf 76' lang='lat' dir='ltr'><strong>Unigeniti</strong></span> <span class='ocrx_word' id='word_1_818' title='bbox 1392 5327 1556 5385; x_wconf 89' lang='lat' dir='ltr'><strong>Pater</strong></span> <span class='ocrx_word' id='word_1_819' title='bbox 1609 5329 1922 5386; x_wconf 79' lang='lat' dir='ltr'><strong>exsisteret.</strong></span> <span class='ocrx_word' id='word_1_820' title='bbox 1969 5328 2048 5383; x_wconf 86' lang='lat' dir='ltr'><strong>lta</strong></span> 
     </span>
    </p>
   </div>
   <div class='ocr_carea' id='block_1_101' title="bbox 542 5443 1554 5512">
    <p class='ocr_par' dir='ltr' id='par_1_101' title="bbox 542 5443 1554 5512">
     <span class='ocr_line' id='line_1_101' title="bbox 542 5443 1554 5512; baseline 0.003 -14"><span class='ocrx_word' id='word_1_821' title='bbox 542 5443 736 5498; x_wconf 77' lang='lat' dir='ltr'><strong>‘Joan.</strong></span> <span class='ocrx_word' id='word_1_822' title='bbox 778 5459 886 5512; x_wconf 63' lang='lat' dir='ltr'><strong>xvi,</strong></span> <span class='ocrx_word' id='word_1_823' title='bbox 925 5444 974 5498; x_wconf 85' lang='lat'><strong>7.</strong></span> <span class='ocrx_word' id='word_1_824' title='bbox 1103 5445 1124 5476; x_wconf 82' lang='grc'>¹</span> <span class='ocrx_word' id='word_1_825' title='bbox 1153 5443 1312 5500; x_wconf 81' lang='lat' dir='ltr'><strong>Joan.</strong></span> <span class='ocrx_word' id='word_1_826' title='bbox 1351 5462 1461 5507; x_wconf 79' lang='lat' dir='ltr'><strong>xw,</strong></span> <span class='ocrx_word' id='word_1_827' title='bbox 1501 5447 1554 5501; x_wconf 85' lang='lat'><em>6.</em></span> 
     </span>
    </p>
   </div>
   <div class='ocr_carea' id='block_1_102' title="bbox 475 5514 1528 5581">
    <p class='ocr_par' dir='ltr' id='par_1_102' title="bbox 475 5514 1528 5581">
     <span class='ocr_line' id='line_1_102' title="bbox 475 5514 1528 5581; baseline 0.002 -13"><span class='ocrx_word' id='word_1_828' title='bbox 475 5514 575 5580; x_wconf 72' lang='lat'><strong>18;</strong></span> <span class='ocrx_word' id='word_1_829' title='bbox 636 5514 742 5569; x_wconf 65' lang='lat' dir='ltr'><strong>lsa.</strong></span> <span class='ocrx_word' id='word_1_830' title='bbox 800 5530 912 5580; x_wconf 69' lang='lat' dir='ltr'><strong>ut,</strong></span> <span class='ocrx_word' id='word_1_831' title='bbox 955 5515 1005 5570; x_wconf 78' lang='grc'>1.</span> <span class='ocrx_word' id='word_1_832' title='bbox 1086 5516 1297 5571; x_wconf 72' lang='grc' dir='ltr'>Ἀηιυε</span> <span class='ocrx_word' id='word_1_833' title='bbox 1339 5516 1528 5581; x_wconf 73' lang='grc' dir='ltr'>ι.γ,15.</span> 
     </span>
    </p>
   </div>
   <div class='ocr_carea' id='block_1_103' title="bbox 543 5606 2044 5677">
    <p class='ocr_par' dir='ltr' id='par_1_103' title="bbox 543 5606 2044 5677">
     <span class='ocr_line' id='line_1_103' title="bbox 543 5606 2044 5677; baseline -0.004 -13"><span class='ocrx_word' id='word_1_834' title='bbox 543 5606 620 5667; x_wconf 73' lang='lat' dir='ltr'><strong>i5;</strong></span> <span class='ocrx_word' id='word_1_835' title='bbox 662 5607 883 5664; x_wconf 74' lang='lat' dir='ltr'><strong>[lectius</strong></span> <span class='ocrx_word' id='word_1_836' title='bbox 917 5607 1182 5677; x_wconf 83' lang='lat' dir='ltr'><strong>scriptum</strong></span> <span class='ocrx_word' id='word_1_837' title='bbox 1215 5607 1410 5664; x_wconf 80' lang='lat' dir='ltr'><strong>fuisset</strong></span> <span class='ocrx_word' id='word_1_838' title='bbox 1439 5609 1550 5661; x_wconf 75' lang='grc' dir='ltr'>ἀπὸ</span> <span class='ocrx_word' id='word_1_839' title='bbox 1587 5607 1681 5661; x_wconf 86' lang='grc' dir='ltr'><strong>τοῦ</strong></span> <span class='ocrx_word' id='word_1_840' title='bbox 1714 5606 1857 5677; x_wconf 66' lang='grc' dir='ltr'>φῶς.</span> <span class='ocrx_word' id='word_1_841' title='bbox 1887 5608 2044 5659; x_wconf 73' lang='lat' dir='ltr'><strong>Enn.</strong></span> 
     </span>
    </p>
   </div>
   <div class='ocr_carea' id='block_1_104' title="bbox 540 5676 2051 5749">
    <p class='ocr_par' dir='ltr' id='par_1_104' title="bbox 540 5676 2051 5749">
     <span class='ocr_line' id='line_1_104' title="bbox 540 5676 2051 5749; baseline -0.001 -17"><span class='ocrx_word' id='word_1_842' title='bbox 540 5677 639 5749; x_wconf 55' lang='grc' dir='ltr'><strong>(ῥ’)</strong></span> <span class='ocrx_word' id='word_1_843' title='bbox 683 5676 1090 5749; x_wconf 45' lang='lat' dir='ltr'><strong>lixam-eoum.</strong></span> <span class='ocrx_word' id='word_1_844' title='bbox 1119 5676 1187 5729; x_wconf 84' lang='grc' dir='ltr'><strong>δὲ</strong></span> <span class='ocrx_word' id='word_1_845' title='bbox 1214 5678 1322 5749; x_wconf 57' lang='grc' dir='ltr'><strong>τιν</strong></span> <span class='ocrx_word' id='word_1_846' title='bbox 1346 5677 1608 5745; x_wconf 60' lang='grc' dir='ltr'>Χριστὸν</span> <span class='ocrx_word' id='word_1_847' title='bbox 1636 5676 1823 5749; x_wconf 61' lang='grc' dir='ltr'>αὺτοῦ</span> <span class='ocrx_word' id='word_1_848' title='bbox 1846 5677 2051 5746; x_wconf 82' lang='lat' dir='ltr'><strong>optimc</strong></span> 
     </span>
    </p>
   </div>
   <div class='ocr_carea' id='block_1_105' title="bbox 470 5745 2048 5810">
    <p class='ocr_par' dir='ltr' id='par_1_105' title="bbox 470 5745 2048 5810">
     <span class='ocr_line' id='line_1_105' title="bbox 470 5745 2048 5810; baseline -0.003 -8"><span class='ocrx_word' id='word_1_849' title='bbox 470 5763 503 5802; x_wconf 79' lang='lat' dir='ltr'><strong>tt</strong></span> <span class='ocrx_word' id='word_1_850' title='bbox 551 5745 875 5805; x_wconf 68' lang='grc' dir='ltr'><strong>ἿἸιοιιιτιείῦ⁷</strong></span> <span class='ocrx_word' id='word_1_851' title='bbox 906 5755 1097 5802; x_wconf 87' lang='lat' dir='ltr'><strong>nostro</strong></span> <span class='ocrx_word' id='word_1_852' title='bbox 1153 5748 1422 5810; x_wconf 87' lang='lat' dir='ltr'><strong>redditur,</strong></span> <span class='ocrx_word' id='word_1_853' title='bbox 1488 5747 1810 5800; x_wconf 82' lang='lat' dir='ltr'><strong>annuntians</strong></span> <span class='ocrx_word' id='word_1_854' title='bbox 1873 5745 2048 5799; x_wconf 80' lang='lat' dir='ltr'><strong>autem</strong></span> 
     </span>
    </p>
   </div>
   <div class='ocr_carea' id='block_1_106' title="bbox 475 5817 2050 5887">
    <p class='ocr_par' dir='ltr' id='par_1_106' title="bbox 475 5817 2050 5887">
     <span class='ocr_line' id='line_1_106' title="bbox 475 5817 2050 5887; baseline -0.003 -10"><span class='ocrx_word' id='word_1_855' title='bbox 475 5817 745 5879; x_wconf 73' lang='lat' dir='ltr'><strong>Christum</strong></span> <span class='ocrx_word' id='word_1_856' title='bbox 801 5835 954 5878; x_wconf 73' lang='lat' dir='ltr'><strong>suum</strong></span> <span class='ocrx_word' id='word_1_857' title='bbox 1007 5817 1349 5884; x_wconf 76' lang='lat' dir='ltr'><strong>hominibus;</strong></span> <span class='ocrx_word' id='word_1_858' title='bbox 1401 5833 1500 5872; x_wconf 86' lang='lat' dir='ltr'><strong>non</strong></span> <span class='ocrx_word' id='word_1_859' title='bbox 1536 5819 1648 5887; x_wconf 82' lang='lat' dir='ltr'><strong>jam</strong></span> <span class='ocrx_word' id='word_1_860' title='bbox 1693 5833 1889 5885; x_wconf 79' lang='lat' dir='ltr'><strong>creare,</strong></span> <span class='ocrx_word' id='word_1_861' title='bbox 1943 5825 2050 5873; x_wconf 85' lang='lat' dir='ltr'><strong>ctc.</strong></span> 
     </span>
    </p>
   </div>
   <div class='ocr_carea' id='block_1_107' title="bbox 1657 5444 2118 5508">
    <p class='ocr_par' dir='ltr' id='par_1_107' title="bbox 1657 5444 2118 5508">
     <span class='ocr_line' id='line_1_107' title="bbox 1657 5444 2118 5508; baseline 0 -10"><span class='ocrx_word' id='word_1_862' title='bbox 1657 5445 1678 5476; x_wconf 85' lang='grc'>⁸</span> <span class='ocrx_word' id='word_1_863' title='bbox 1723 5444 1912 5498; x_wconf 82' lang='lat' dir='ltr'><strong>Matth.</strong></span> <span class='ocrx_word' id='word_1_864' title='bbox 1941 5461 1993 5508; x_wconf 71' lang='grc' dir='ltr'><strong>κ,</strong></span> <span class='ocrx_word' id='word_1_865' title='bbox 2031 5444 2118 5498; x_wconf 67' lang='grc'>20.</span> 
     </span>
    </p>
   </div>
   <div class='ocr_carea' id='block_1_108' title="bbox 1605 5511 2533 5578">
    <p class='ocr_par' dir='ltr' id='par_1_108' title="bbox 1605 5511 2533 5578">
     <span class='ocr_line' id='line_1_108' title="bbox 1605 5511 2533 5578; baseline 0.002 -12"><span class='ocrx_word' id='word_1_866' title='bbox 1605 5517 1626 5544; x_wconf 77' lang='grc'><strong>⁸</strong></span> <span class='ocrx_word' id='word_1_867' title='bbox 1650 5514 1822 5569; x_wconf 79' lang='lat' dir='ltr'><strong>Exod.</strong></span> <span class='ocrx_word' id='word_1_868' title='bbox 1858 5531 1940 5578; x_wconf 84' lang='grc' dir='ltr'>ιιι,</span> <span class='ocrx_word' id='word_1_869' title='bbox 1976 5514 2062 5568; x_wconf 74' lang='grc'><strong>14.</strong></span> <span class='ocrx_word' id='word_1_870' title='bbox 2143 5511 2411 5576; x_wconf 61' lang='grc' dir='ltr'><strong>’.10811ξῇ</strong></span> <span class='ocrx_word' id='word_1_871' title='bbox 2449 5513 2533 5568; x_wconf 82' lang='lat' dir='ltr'><strong>i8.</strong></span> 
     </span>
    </p>
   </div>
   <div class='ocr_carea' id='block_1_109' title="bbox 2155 4679 3741 4756">
    <p class='ocr_par' dir='ltr' id='par_1_109' title="bbox 2155 4679 3741 4756">
     <span class='ocr_line' id='line_1_109' title="bbox 2155 4679 3741 4756; baseline 0.003 -22"><span class='ocrx_word' id='word_1_872' title='bbox 2155 4682 2250 4736; x_wconf 86' lang='grc' dir='ltr'><strong>τοῦ</strong></span> <span class='ocrx_word' id='word_1_873' title='bbox 2287 4679 2426 4737; x_wconf 79' lang='grc' dir='ltr'>εἶναι</span> <span class='ocrx_word' id='word_1_874' title='bbox 2443 4701 2457 4714; x_wconf 90' lang='grc'><strong>·</strong></span> <span class='ocrx_word' id='word_1_875' title='bbox 2491 4683 2580 4738; x_wconf 75' lang='grc' dir='ltr'><strong>ἀεὶ</strong></span> <span class='ocrx_word' id='word_1_876' title='bbox 2603 4682 2660 4736; x_wconf 82' lang='grc' dir='ltr'>δὲ</span> <span class='ocrx_word' id='word_1_877' title='bbox 2691 4683 2915 4753; x_wconf 77' lang='grc' dir='ltr'>γνήσιος</span> <span class='ocrx_word' id='word_1_878' title='bbox 2937 4683 3034 4736; x_wconf 82' lang='grc' dir='ltr'><strong>σὺν</strong></span> <span class='ocrx_word' id='word_1_879' title='bbox 3058 4682 3254 4754; x_wconf 81' lang='grc' dir='ltr'>Πατρὶ,</span> <span class='ocrx_word' id='word_1_880' title='bbox 3285 4683 3373 4737; x_wconf 78' lang='grc' dir='ltr'>ἀεὶ</span> <span class='ocrx_word' id='word_1_881' title='bbox 3401 4683 3590 4756; x_wconf 78' lang='grc' dir='ltr'>Πατὴρ</span> <span class='ocrx_word' id='word_1_882' title='bbox 3617 4700 3741 4753; x_wconf 84' lang='grc' dir='ltr'>γεν-</span> 
     </span>
    </p>
   </div>
   <div class='ocr_carea' id='block_1_110' title="bbox 2157 4769 3742 4847">
    <p class='ocr_par' dir='ltr' id='par_1_110' title="bbox 2157 4769 3742 4847">
     <span class='ocr_line' id='line_1_110' title="bbox 2157 4769 3742 4847; baseline 0.008 -18"><span class='ocrx_word' id='word_1_883' title='bbox 2157 4775 2328 4846; x_wconf 85' lang='grc' dir='ltr'>νήσας</span> <span class='ocrx_word' id='word_1_884' title='bbox 2356 4776 2448 4829; x_wconf 83' lang='grc' dir='ltr'>τδν</span> <span class='ocrx_word' id='word_1_885' title='bbox 2470 4774 2615 4828; x_wconf 77' lang='grc' dir='ltr'>Υιόν.</span> <span class='ocrx_word' id='word_1_886' title='bbox 2642 4774 2757 4828; x_wconf 78' lang='grc' dir='ltr'><strong>Οὐκ</strong></span> <span class='ocrx_word' id='word_1_887' title='bbox 2776 4769 2843 4845; x_wconf 79' lang='grc' dir='ltr'>ἦν</span> <span class='ocrx_word' id='word_1_888' title='bbox 2863 4774 2972 4846; x_wconf 85' lang='grc' dir='ltr'><strong>γάρ</strong></span> <span class='ocrx_word' id='word_1_889' title='bbox 3001 4791 3132 4828; x_wconf 82' lang='grc' dir='ltr'>ποτε</span> <span class='ocrx_word' id='word_1_890' title='bbox 3157 4773 3366 4846; x_wconf 76' lang='grc' dir='ltr'>καιρὸς,</span> <span class='ocrx_word' id='word_1_891' title='bbox 3390 4775 3476 4828; x_wconf 79' lang='grc' dir='ltr'>ὅτε</span> <span class='ocrx_word' id='word_1_892' title='bbox 3501 4777 3529 4828; x_wconf 74' lang='grc' dir='ltr'>ὁ</span> <span class='ocrx_word' id='word_1_893' title='bbox 3550 4774 3742 4847; x_wconf 82' lang='grc' dir='ltr'>Πατὴρ</span> 
     </span>
    </p>
   </div>
   <div class='ocr_carea' id='block_1_111' title="bbox 2155 4861 3741 4938">
    <p class='ocr_par' dir='ltr' id='par_1_111' title="bbox 2155 4861 3741 4938">
     <span class='ocr_line' id='line_1_111' title="bbox 2155 4861 3741 4938; baseline -0.001 -18"><span class='ocrx_word' id='word_1_894' title='bbox 2155 4867 2256 4921; x_wconf 74' lang='grc' dir='ltr'>οὐκ</span> <span class='ocrx_word' id='word_1_895' title='bbox 2288 4863 2356 4938; x_wconf 82' lang='grc' dir='ltr'>ἦν</span> <span class='ocrx_word' id='word_1_896' title='bbox 2389 4867 2608 4938; x_wconf 83' lang='grc' dir='ltr'>Πατήρ’</span> <span class='ocrx_word' id='word_1_897' title='bbox 2641 4866 2742 4919; x_wconf 78' lang='grc' dir='ltr'><strong>οῦκ</strong></span> <span class='ocrx_word' id='word_1_898' title='bbox 2785 4861 2853 4936; x_wconf 83' lang='grc' dir='ltr'>ἦν</span> <span class='ocrx_word' id='word_1_899' title='bbox 2888 4883 3019 4919; x_wconf 85' lang='grc' dir='ltr'>ποτε</span> <span class='ocrx_word' id='word_1_900' title='bbox 3051 4866 3265 4937; x_wconf 76' lang='grc' dir='ltr'>καιρὸς,</span> <span class='ocrx_word' id='word_1_901' title='bbox 3297 4867 3386 4920; x_wconf 84' lang='grc' dir='ltr'><strong>ὅτε</strong></span> <span class='ocrx_word' id='word_1_902' title='bbox 3418 4868 3446 4921; x_wconf 87' lang='lat'><strong>6</strong></span> <span class='ocrx_word' id='word_1_903' title='bbox 3481 4866 3609 4930; x_wconf 82' lang='grc' dir='ltr'>Υἱὸς</span> <span class='ocrx_word' id='word_1_904' title='bbox 3643 4867 3741 4938; x_wconf 75' lang='grc' dir='ltr'>οὐχ</span> 
     </span>
    </p>
   </div>
   <div class='ocr_carea' id='block_1_112' title="bbox 2157 4952 3740 5031">
    <p class='ocr_par' dir='ltr' id='par_1_112' title="bbox 2157 4952 3740 5031">
     <span class='ocr_line' id='line_1_112' title="bbox 2157 4952 3740 5031; baseline -0.001 -19"><span class='ocrx_word' id='word_1_905' title='bbox 2157 4958 2372 5031; x_wconf 82' lang='grc' dir='ltr'>ὑπῆρχε</span> <span class='ocrx_word' id='word_1_906' title='bbox 2414 4959 2591 5029; x_wconf 73' lang='grc' dir='ltr'>Πατρὶ</span> <span class='ocrx_word' id='word_1_907' title='bbox 2624 4956 2703 5028; x_wconf 81' lang='grc' dir='ltr'>τῷ</span> <span class='ocrx_word' id='word_1_908' title='bbox 2743 4957 2905 5028; x_wconf 82' lang='grc' dir='ltr'>μόνῳ.</span> <span class='ocrx_word' id='word_1_909' title='bbox 2943 4957 3007 5009; x_wconf 77' lang='grc' dir='ltr'><strong>Εἰ</strong></span> <span class='ocrx_word' id='word_1_910' title='bbox 3034 4958 3144 5027; x_wconf 85' lang='grc' dir='ltr'><strong>γὰρ</strong></span> <span class='ocrx_word' id='word_1_911' title='bbox 3175 4952 3244 5029; x_wconf 84' lang='grc' dir='ltr'>ἦν</span> <span class='ocrx_word' id='word_1_912' title='bbox 3274 4957 3484 5028; x_wconf 76' lang='grc' dir='ltr'>καιρὸς,</span> <span class='ocrx_word' id='word_1_913' title='bbox 3521 4959 3611 5011; x_wconf 85' lang='grc' dir='ltr'>ὅτε</span> <span class='ocrx_word' id='word_1_914' title='bbox 3640 4957 3740 5012; x_wconf 83' lang='grc' dir='ltr'>οὐκ</span> 
     </span>
    </p>
   </div>
   <div class='ocr_carea' id='block_1_113' title="bbox 2151 5045 3740 5122">
    <p class='ocr_par' dir='ltr' id='par_1_113' title="bbox 2151 5045 3740 5122">
     <span class='ocr_line' id='line_1_113' title="bbox 2151 5045 3740 5122; baseline -0.002 -18"><span class='ocrx_word' id='word_1_915' title='bbox 2151 5047 2221 5122; x_wconf 84' lang='grc' dir='ltr'>ἦν</span> <span class='ocrx_word' id='word_1_916' title='bbox 2261 5049 2471 5121; x_wconf 79' lang='grc' dir='ltr'>Πατὴρ,</span> <span class='ocrx_word' id='word_1_917' title='bbox 2510 5048 2614 5120; x_wconf 81' lang='grc' dir='ltr'>ἄρα</span> <span class='ocrx_word' id='word_1_918' title='bbox 2668 5048 2830 5113; x_wconf 77' lang='grc' dir='ltr'>αὐτὸς</span> <span class='ocrx_word' id='word_1_919' title='bbox 2861 5045 2930 5120; x_wconf 76' lang='grc' dir='ltr'>ἦν</span> <span class='ocrx_word' id='word_1_920' title='bbox 2961 5049 3092 5114; x_wconf 79' lang='grc' dir='ltr'>Υἱὸς</span> <span class='ocrx_word' id='word_1_921' title='bbox 3132 5051 3318 5120; x_wconf 80' lang='grc' dir='ltr'>ἑτέρου</span> <span class='ocrx_word' id='word_1_922' title='bbox 3349 5049 3584 5120; x_wconf 86' lang='grc' dir='ltr'>Πατρὸς,</span> <span class='ocrx_word' id='word_1_923' title='bbox 3631 5049 3740 5121; x_wconf 81' lang='grc' dir='ltr'><strong>πρὸ</strong></span> 
     </span>
    </p>
   </div>
   <div class='ocr_carea' id='block_1_114' title="bbox 2152 5139 3742 5213">
    <p class='ocr_par' dir='ltr' id='par_1_114' title="bbox 2152 5139 3742 5213">
     <span class='ocr_line' id='line_1_114' title="bbox 2152 5139 3742 5213; baseline -0.003 -16"><span class='ocrx_word' id='word_1_924' title='bbox 2152 5142 2248 5197; x_wconf 85' lang='grc' dir='ltr'><strong>τοῦ</strong></span> <span class='ocrx_word' id='word_1_925' title='bbox 2273 5139 2412 5198; x_wconf 82' lang='grc' dir='ltr'>εἶναι</span> <span class='ocrx_word' id='word_1_926' title='bbox 2441 5141 2781 5213; x_wconf 80' lang='grc' dir='ltr'>τὸν-Πατέρα</span> <span class='ocrx_word' id='word_1_927' title='bbox 2811 5140 2906 5194; x_wconf 82' lang='grc' dir='ltr'><strong>τοῦ</strong></span> <span class='ocrx_word' id='word_1_928' title='bbox 2935 5141 3308 5210; x_wconf 69' lang='grc' dir='ltr'>Μονογενοῦςσ</span> <span class='ocrx_word' id='word_1_929' title='bbox 3338 5143 3433 5196; x_wconf 72' lang='grc' dir='ltr'>καὶ</span> <span class='ocrx_word' id='word_1_930' title='bbox 3456 5141 3742 5205; x_wconf 84' lang='grc' dir='ltr'>δοκοῦντες</span> 
     </span>
    </p>
   </div>
   <div class='ocr_carea' id='block_1_115' title="bbox 2153 5231 3738 5305">
    <p class='ocr_par' dir='ltr' id='par_1_115' title="bbox 2153 5231 3738 5305">
     <span class='ocr_line' id='line_1_115' title="bbox 2153 5231 3738 5305; baseline -0.001 -17"><span class='ocrx_word' id='word_1_931' title='bbox 2153 5237 2232 5298; x_wconf 88' lang='grc' dir='ltr'>εἰς</span> <span class='ocrx_word' id='word_1_932' title='bbox 2265 5234 2356 5288; x_wconf 81' lang='grc' dir='ltr'><strong>τὸν</strong></span> <span class='ocrx_word' id='word_1_933' title='bbox 2390 5234 2608 5305; x_wconf 80' lang='grc' dir='ltr'>Πατέρα</span> <span class='ocrx_word' id='word_1_934' title='bbox 2637 5233 2900 5299; x_wconf 77' lang='grc' dir='ltr'>εὐσεϐεῖν,</span> <span class='ocrx_word' id='word_1_935' title='bbox 2924 5231 3140 5298; x_wconf 72' lang='grc' dir='ltr'>τελεξως</span> <span class='ocrx_word' id='word_1_936' title='bbox 3160 5233 3468 5288; x_wconf 72' lang='grc' dir='ltr'>ἀσεϐοῦσιν.</span> <span class='ocrx_word' id='word_1_937' title='bbox 3507 5233 3596 5287; x_wconf 84' lang='grc' dir='ltr'>Ἐν</span> <span class='ocrx_word' id='word_1_938' title='bbox 3615 5233 3738 5305; x_wconf 82' lang='grc' dir='ltr'>Θεῷ</span> 
     </span>
    </p>
   </div>
   <div class='ocr_carea' id='block_1_116' title="bbox 2152 5325 3736 5399">
    <p class='ocr_par' dir='ltr' id='par_1_116' title="bbox 2152 5325 3736 5399">
     <span class='ocr_line' id='line_1_116' title="bbox 2152 5325 3736 5399; baseline -0.001 -18"><span class='ocrx_word' id='word_1_939' title='bbox 2152 5329 2212 5381; x_wconf 75' lang='grc' dir='ltr'><strong>οὐ</strong></span> <span class='ocrx_word' id='word_1_940' title='bbox 2251 5327 2461 5399; x_wconf 80' lang='grc' dir='ltr'>χρόνος,</span> <span class='ocrx_word' id='word_1_941' title='bbox 2488 5327 2548 5380; x_wconf 76' lang='grc' dir='ltr'>οὐ</span> <span class='ocrx_word' id='word_1_942' title='bbox 2588 5327 2799 5398; x_wconf 86' lang='grc' dir='ltr'>καιρὸς,</span> <span class='ocrx_word' id='word_1_943' title='bbox 2825 5325 2887 5378; x_wconf 85' lang='grc' dir='ltr'><strong>οῦ</strong></span> <span class='ocrx_word' id='word_1_944' title='bbox 2923 5325 3128 5398; x_wconf 82' lang='grc' dir='ltr'>στιγμὴ</span> <span class='ocrx_word' id='word_1_945' title='bbox 3157 5327 3371 5399; x_wconf 83' lang='grc' dir='ltr'>χρόνου,</span> <span class='ocrx_word' id='word_1_946' title='bbox 3411 5327 3512 5380; x_wconf 79' lang='grc' dir='ltr'>οὐκ</span> <span class='ocrx_word' id='word_1_947' title='bbox 3533 5325 3736 5396; x_wconf 77' lang='grc' dir='ltr'>ἄτομον</span> 
     </span>
    </p>
   </div>
   <div class='ocr_carea' id='block_1_117' title="bbox 2226 5439 3734 5515">
    <p class='ocr_par' dir='ltr' id='par_1_117' title="bbox 2226 5439 3734 5515">
     <span class='ocr_line' id='line_1_117' title="bbox 2226 5439 3734 5515; baseline 0.001 -19"><span class='ocrx_word' id='word_1_948' title='bbox 2226 5443 2246 5474; x_wconf 72' lang='grc'><strong>⁸⁵</strong></span> <span class='ocrx_word' id='word_1_949' title='bbox 2288 5443 2422 5514; x_wconf 82' lang='lat' dir='ltr'><strong>Agg.</strong></span> <span class='ocrx_word' id='word_1_950' title='bbox 2456 5459 2520 5515; x_wconf 67' lang='grc' dir='ltr'><strong>ιι,</strong></span> <span class='ocrx_word' id='word_1_951' title='bbox 2553 5443 2608 5496; x_wconf 88' lang='grc'>7.</span> <span class='ocrx_word' id='word_1_952' title='bbox 2714 5441 2949 5499; x_wconf 68' lang='lat' dir='ltr'><strong>“Matth.</strong></span> <span class='ocrx_word' id='word_1_953' title='bbox 3000 5459 3074 5509; x_wconf 84' lang='lat' dir='ltr'><strong>tv,</strong></span> <span class='ocrx_word' id='word_1_954' title='bbox 3109 5443 3134 5497; x_wconf 79' lang='lat' dir='ltr'><strong>l</strong></span> <span class='ocrx_word' id='word_1_955' title='bbox 3170 5457 3291 5515; x_wconf 89' lang='lat' dir='ltr'><strong>sqq.</strong></span> <span class='ocrx_word' id='word_1_956' title='bbox 3398 5441 3419 5473; x_wconf 80' lang='grc'>⁸</span> <span class='ocrx_word' id='word_1_957' title='bbox 3469 5439 3603 5496; x_wconf 88' lang='lat' dir='ltr'><strong>Luc.</strong></span> <span class='ocrx_word' id='word_1_958' title='bbox 3658 5457 3734 5509; x_wconf 85' lang='lat' dir='ltr'><strong>Iv,</strong></span> 
     </span>
    </p>
   </div>
   <div class='ocr_carea' id='block_1_118' title="bbox 2156 5603 3736 5676">
    <p class='ocr_par' dir='ltr' id='par_1_118' title="bbox 2156 5603 3736 5676">
     <span class='ocr_line' id='line_1_118' title="bbox 2156 5603 3736 5676; baseline -0.001 -18"><span class='ocrx_word' id='word_1_959' title='bbox 2156 5604 2329 5676; x_wconf 87' lang='lat' dir='ltr'><strong>Apud</strong></span> <span class='ocrx_word' id='word_1_960' title='bbox 2367 5603 2649 5660; x_wconf 83' lang='lat' dir='ltr'><strong>Petavium</strong></span> <span class='ocrx_word' id='word_1_961' title='bbox 2689 5605 2955 5676; x_wconf 81' lang='lat' dir='ltr'><strong>legimus,</strong></span> <span class='ocrx_word' id='word_1_962' title='bbox 3008 5607 3076 5659; x_wconf 81' lang='lat' dir='ltr'><strong>At</strong></span> <span class='ocrx_word' id='word_1_963' title='bbox 3123 5621 3240 5676; x_wconf 77' lang='lat' dir='ltr'><strong>vero</strong></span> <span class='ocrx_word' id='word_1_964' title='bbox 3272 5604 3736 5676; x_wconf 20' lang='grc' dir='ltr'><strong>Δ(ῖΙινίδιιιηιλδιιιιηι</strong></span> 
     </span>
    </p>
   </div>
   <div class='ocr_carea' id='block_1_119' title="bbox 2158 5674 3731 5744">
    <p class='ocr_par' dir='ltr' id='par_1_119' title="bbox 2158 5674 3731 5744">
     <span class='ocr_line' id='line_1_119' title="bbox 2158 5674 3731 5744; baseline -0.001 -16"><span class='ocrx_word' id='word_1_965' title='bbox 2158 5692 2260 5728; x_wconf 91' lang='lat' dir='ltr'><strong>non</strong></span> <span class='ocrx_word' id='word_1_966' title='bbox 2305 5675 2422 5744; x_wconf 83' lang='lat' dir='ltr'><strong>jam</strong></span> <span class='ocrx_word' id='word_1_967' title='bbox 2448 5691 2684 5744; x_wconf 74' lang='lat' dir='ltr'><strong>creare,</strong></span> <span class='ocrx_word' id='word_1_968' title='bbox 2719 5674 2826 5731; x_wconf 79' lang='lat' dir='ltr'><strong>etc.</strong></span> <span class='ocrx_word' id='word_1_969' title='bbox 2861 5674 3118 5731; x_wconf 79' lang='lat' dir='ltr'><strong>Nostram</strong></span> <span class='ocrx_word' id='word_1_970' title='bbox 3153 5674 3448 5729; x_wconf 90' lang='lat' dir='ltr'><strong>editionem</strong></span> <span class='ocrx_word' id='word_1_971' title='bbox 3491 5674 3731 5744; x_wconf 75' lang='lat' dir='ltr'><strong>exigenti</strong></span> 
     </span>
    </p>
   </div>
   <div class='ocr_carea' id='block_1_120' title="bbox 2156 5743 3736 5816">
    <p class='ocr_par' dir='ltr' id='par_1_120' title="bbox 2156 5743 3736 5816">
     <span class='ocr_line' id='line_1_120' title="bbox 2156 5743 3736 5816; baseline 0.004 -18"><span class='ocrx_word' id='word_1_972' title='bbox 2156 5745 2222 5798; x_wconf 87' lang='lat' dir='ltr'><strong>ad</strong></span> <span class='ocrx_word' id='word_1_973' title='bbox 2255 5745 2402 5799; x_wconf 90' lang='lat' dir='ltr'><strong>illam</strong></span> <span class='ocrx_word' id='word_1_974' title='bbox 2435 5743 2643 5800; x_wconf 82' lang='lat' dir='ltr'><strong>Petavii</strong></span> <span class='ocrx_word' id='word_1_975' title='bbox 2677 5747 2951 5802; x_wconf 87' lang='lat' dir='ltr'><strong>constabit</strong></span> <span class='ocrx_word' id='word_1_976' title='bbox 2977 5752 3031 5800; x_wconf 90' lang='lat' dir='ltr'><strong>et</strong></span> <span class='ocrx_word' id='word_1_977' title='bbox 3059 5745 3164 5798; x_wconf 84' lang='lat' dir='ltr'><strong>alia</strong></span> <span class='ocrx_word' id='word_1_978' title='bbox 3191 5745 3423 5811; x_wconf 87' lang='lat' dir='ltr'><strong>hujusce</strong></span> <span class='ocrx_word' id='word_1_979' title='bbox 3463 5745 3657 5816; x_wconf 80' lang='lat' dir='ltr'><strong>capitis</strong></span> <span class='ocrx_word' id='word_1_980' title='bbox 3702 5762 3736 5805; x_wconf 61' lang='grc' dir='ltr'><strong>ν</strong></span> 
     </span>
    </p>
   </div>
   <div class='ocr_carea' id='block_1_121' title="bbox 2162 5815 3478 5889">
    <p class='ocr_par' dir='ltr' id='par_1_121' title="bbox 2162 5815 3478 5889">
     <span class='ocr_line' id='line_1_121' title="bbox 2162 5815 3478 5889; baseline 0.001 -18"><span class='ocrx_word' id='word_1_981' title='bbox 2162 5816 2279 5871; x_wconf 81' lang='lat' dir='ltr'><strong>loca</strong></span> <span class='ocrx_word' id='word_1_982' title='bbox 2310 5816 2664 5873; x_wconf 85' lang='lat' dir='ltr'><strong>&#39;I&#39;homasium</strong></span> <span class='ocrx_word' id='word_1_983' title='bbox 2694 5817 3054 5889; x_wconf 73' lang='lat' dir='ltr'><strong>expolivissc,</strong></span> <span class='ocrx_word' id='word_1_984' title='bbox 3081 5815 3478 5874; x_wconf 71' lang='lat' dir='ltr'><strong>emendavisse.</strong></span> 
     </span>
    </p>
   </div>
  </div>
