4012 6210
318 345 390 402 25
1747 359 2191 422 axconarus.
3529 345 3602 434 εδ

321 468 488 537 ὥρας,
521 468 584 522 οὗ
619 469 748 542 ῥιπὴ
777 469 1076 544 ὀφθαλμοῦ,
1110 473 1170 528 οὗ
1196 473 1432 544 διανοίας
1466 476 1740 547 μετέωρον
1774 479 1916 534 ἐνδέ-

2029 479 2146 535 imn
2179 481 2233 536 in
2268 480 2485 538 Patrem
2531 483 2652 554 pios
2693 499 2752 541 se
2781 501 2905 544 esse
2945 488 3187 558 student,
3220 505 3447 563 prorsus
3489 492 3597 548 im-

313 571 470 625 χεται
489 570 505 585 ⁶
539 558 654 613 ἀλλ’
677 561 800 614 ὅσον
828 562 872 615 δ’
895 562 1070 635 ἀναϐῇ
1109 581 1202 618 σου
1231 567 1264 636 ἡ
1293 566 1500 620 διάνοια
1526 568 1656 622 Υίοῦ
1685 570 1702 600 ³
1736 588 1904 624 κατα-

313 647 614 721 λαμϐάνειν
644 655 737 707 καὶ
779 656 1227 719 πιστεύειν,.νόει
1261 659 1378 729 ἅμα
1421 661 1514 713 καὶ
1559 661 1801 733 Πατέρα.
1830 662 1904 716 Τὸ

313 742 425 812 γὰρ
446 742 621 814 ὄνομά
654 746 770 800 ἐστι
796 750 1158 819 σημαντικόν·
1188 751 1316 804 ὅταν
1342 753 1449 820 γὰρ
1487 751 1615 805 Υἰὸν
1639 753 1901 827 καλέσῃς,

317 833 446 888 Υἱὸν
472 836 668 906 λέγων,
706 839 816 893 νόει
849 842 1072 913 Πατέρα
1093 862 1104 875 ·
1137 843 1245 897 ἀπὸ
1274 844 1382 916 γὰρ
1416 844 1511 898 τοῦ
1549 844 1681 900 Υἱοῦ
1714 847 1902 920 Πατὴρ

313 929 537 980 νοεῖται.
575 929 684 981 Καὶ
711 930 840 983 ὅταν
869 932 1103 1003 καλέσῃς
1127 933 1348 1003 Πατέρα
1371 975 1386 1000 ,
1419 936 1705 1006 σημαίνεις
1739 937 1900 992 Υἰόνο

316 1015 510 1088 Πατὴρ
538 1019 648 1090 γὰρ
680 1020 896 1085 πάντως
919 1023 1050 1076 Υἱοῦ
1081 1025 1347 1079 καλεῖται.

2017 572 2095 642 pii
2143 579 2295 626 sunt.
2327 572 2462 627 Nam
2495 575 2549 659 in
2590 574 2701 630 Deo
2727 592 2905 647 neque
2941 587 3157 650 tempus
3189 582 3383 650 ullum,
3425 597 3603 654 neque

2010 675 2308 738 tempestas
2341 677 2448 733 est,
2498 685 2609 726 non
2651 674 2914 744 temporis
2952 683 3238 745 punctum,
3293 693 3404 732 non
3449 676 3603 732 horse

2009 767 2366 822 momentum,
2409 775 2518 815 non
2551 763 2696 816 oculi
2727 763 3060 830 nictus,non
3091 767 3441 838 cogitationis
3485 782 3604 822 mo-

2010 858 2099 905 tus
2127 851 2272 905 ullus
2313 859 2431 919 est;
2469 853 2562 907 sed
2617 863 2879 923 quantum
2918 873 3072 914 mens
3103 866 3199 912 tua
3249 875 3372 915 sese
3402 860 3470 915 ad
3507 858 3604 915 Fi-

2011 940 2142 994 lium
2177 944 2757 1012 comprehendendum
2803 961 2867 1002 ac
2907 949 3240 1005 credendum
3274 951 3452 1022 erigit,
3486 965 3597 1006 una

2008 1040 2062 1086 et
2105 1031 2318 1088 Patrem
2363 1036 2546 1089 animo
2595 1036 2845 1106 concipe.
2893 1037 3103 1109 Quippe
3158 1056 3356 1096 nomen
3407 1041 3589 1113 ipsum

322 1106 658 1202 significandi
709 1113 813 1166 vim
854 1113 1053 1182 habet;
1106 1130 1169 1170 ac
1198 1116 1416 1185 quoties
1449 1115 1645 1172 Filium
1685 1119 1949 1190 appellas,
1980 1129 2093 1177 tum
2149 1140 2274 1178 cum
2306 1124 2503 1182 Filium
2552 1127 2711 1193 dicis,
2786 1106 3286 1202 Patrem—intellige
3332 1106 3497 1187 :nam
3538 1148 3614 1188 cx-

317 1195 456 1253 Filio
489 1199 649 1258 Pater
675 1206 1015 1296 intelligitur.
1055 1207 1118 1263 Et
1147 1226 1270 1266 cum
1295 1212 1512 1268 Patrem
1535 1215 1804 1280 nominas,
1826 1215 2020 1272 Filium
2054 1220 2332 1288 signiﬁcas
2360 1239 2376 1276 :
2405 1222 2606 1294 quippe
2633 1222 2796 1279 Pater
2821 1223 2943 1279 Filii
2978 1241 3204 1296 prorsus
3225 1195 3355 1282 esse
3385 1228 3605 1288 dicitur.

389 1295 480 1361 (ζ’.
517 1298 653 1351 Πότε
694 1295 786 1353 οῦν
815 1301 1039 1358 δύνασαι
1080 1307 1306 1377 τολμᾷν,
1348 1308 1442 1361 καὶ
1486 1308 1664 1377 λέγειν
1689 1310 1771 1363 ὅτι
1812 1311 1912 1364 οὐκ

313 1381 383 1473 ἦν
413 1389 602 1462 Πατὴρ
626 1393 654 1444 ὁ
677 1394 888 1466 Πατὴρ,
921 1396 1008 1450 ἵνα
1035 1399 1129 1450 καὶ
1154 1397 1282 1450 Υἱὸν
1307 1399 1586 1471 τολμήσῃς
1621 1402 1795 1455 εἰπεῖν
1825 1403 1902 1473 μὴ

316 1472 488 1545 εἴναις
529 1481 590 1534 Εἰ
635 1482 690 1536 δὲ
725 1483 785 1536 οὐ
826 1485 1030 1557 τολμᾷς
1075 1486 1232 1553 ἀξίαν
1266 1489 1582 1560 προσθεῖναι
1612 1492 1788 1564 Πατρὶ
1830 1472 1911 1562 (τὸ

318 1568 430 1641 γὰρ
465 1573 554 1625 ἀεὶ
588 1572 648 1627 ὂν
681 1575 738 1628 ὲν
771 1579 1062 1648 ταυτότητι
1093 1580 1350 1651 ὑπάρχει,
1381 1581 1477 1636 καὶ
1515 1583 1615 1636 οὐκ
1639 1584 1911 1637 ἐπιδέεται

318 1663 658 1736 προσθήκης,
684 1669 744 1720 οὺ
768 1667 947 1740 δόξης,
971 1671 1029 1722 οὐ
1061 1670 1387 1742 προκοπῆς),
1420 1673 1556 1744 μάθε
1576 1672 1652 1744 μὴ
1669 1673 1914 1746 βλασφη-

321 1759 463 1826 μεῖν,
492 1751 537 1810 ὦ
582 1759 836 1832 πολεμῶν
871 1761 970 1833 τὴν
1007 1761 1212 1827 πίστιν,
1249 1764 1450 1835 μᾶλλον
1476 1765 1532 1818 δὲ
1556 1765 1780 1820 σεαυτὸν
1807 1767 1915 1821 ἀπὸ

319 1849 559 1914 πίστεως
610 1851 841 1917 διώκων,
899 1853 1015 1908 ἀλλ’
1050 1855 1138 1907 ἀεὶ
1193 1855 1419 1908 πίστευε
1476 1856 1699 1928 Πατέρα
1744 1858 1916 1910 ἀΐδιον

319 1939 538 2009 ἀληθῶς
575 1943 914 2014 γεννήσαντα
962 1944 1113 2006 Υἱὸν,
1144 1943 1235 1996 τὸν
1276 1944 1361 1997 ἀεὶ
1391 1944 1558 2008 ὅντως
1587 1945 1739 2011 ὄντα,
1782 1947 1920 2018 πρὸς

319 2028 412 2080 τὸν
441 2028 612 2093 ὅντως
649 2031 779 2084 ὄντα
811 2032 1055 2103 Πατέρα.
1091 2033 1218 2096 Υἱὸς
1253 2032 1362 2104 γὰρ
1395 2033 1482 2085 ἀεὶ
1521 2034 1581 2086 οὐ
1625 2035 1920 2106 συναλοιφὴ

324 2117 401 2173 ὢν
438 2121 518 2191 τῷ
549 2123 745 2193 Πατρὶ,
791 2125 851 2176 οὐ
890 2123 1237 2193 συνάδε).φος,
1283 2125 1397 2177 ἀλλ’
1430 2125 1559 2188 Υἱὸς
1602 2127 1827 2197 γνήσιος
1857 2130 1920 2180 ἐκ

323 2211 541 2283 Πατρὸς
564 2214 988 2284 γεγεννημένος,
1030 2214 1257 2282 φυσικὸς
1300 2214 1444 2278 Υἱὸς,
1480 2215 1540 2267 οῦ
1580 2213 1764 2279 θετός’
1792 2216 1919 2280 Υἱὸς

320 2303 606 2376 ὁμοούσιος
628 2303 705 2377 τῷ
737 2306 912 2377 Πατρί
934 2323 946 2336 ’
974 2306 1034 2357 οῦ
1074 2323 1104 2358 σ
1127 2324 1156 2357 υ
1181 2323 1208 2358 ν
1231 2323 1258 2357 ο
1283 2305 1310 2358 ύ
1344 2323 1376 2358 σ
1401 2324 1466 2359 ιο
1483 2325 1531 2372 ς,
1557 2306 1673 2359 ἀλλ’
1705 2308 1917 2376 ὀμοού-

322 2414 480 2462 σιος,
515 2397 792 2452 τουτέστιν
825 2399 927 2450 οῦκ
978 2397 1179 2466 ἔξωθεν
1222 2397 1316 2450 τοῦ
1367 2398 1581 2470 Πατρὸς
1614 2399 1916 2470 γεννηθεὶς,

323 2489 398 2553 ὥς
427 2507 570 2553 τινες
605 2491 860 2561 εἰρωνείᾳ
898 2490 1176 2562 φέρονται,
1209 2490 1354 2543 esas;
1385 2490 1632 2555 θέλοντες
1666 2487 1805 2545 εἶναι
1827 2490 1919 2545 τὸν

324 2581 473 2648 Υἱὸν,
522 2582 617 2634 καὶ
657 2583 757 2635 οὐκ
791 2582 1042 2653 ἀληθεία.
1096 2583 1400 2654 Σύνδεσμος
1430 2583 1487 2636 δὲ
1536 2583 1637 2653 τῆς
1684 2585 1920 2647 πίστεως

323 2668 652 2736 ὀμοούσιον
700 2669 898 2738 λέγειν.
937 2669 1062 2724 Ἐὰν
1097 2671 1206 2741 γὰρ
1255 2672 1416 2743 εἴπῃς
1463 2672 1523 2725 τὸ
1571 2673 1917 2742 ὀμοοὺσίον,

327 2757 524 2824 ἔλυσας
552 2759 844 2814 Σαϐελλίου
873 2762 971 2834 τὴν
997 2761 1246 2834 δύναμιν.
1281 2764 1454 2816 Ὅπου
1481 2764 1556 2836 (6)
1580 2764 1689 2835 γὰρ
1711 2767 1922 2834 ὁμοσύ-

325 2867 488 2919 σιον,
529 2856 658 2925 μιᾶς
708 2855 1062 2920 ὑποστάσεως
1117 2857 1232 2909 ἐστι
1277 2856 1608 2928 δηλωτικόν·
1652 2857 1786 2914 ἀλλὰ
1828 2857 1922 2912 καὶ

327 2945 694 3000 ἑνυπόστατον
726 2946 983 3018 σημαίνει
1027 2947 1117 3000 τὸν
1149 2949 1392 3020 Πατέρα,
1431 2949 1526 3003 καὶ
1558 2949 1923 3004 ὲνυπὸστατον

2102 1313 2191 1368 Vl.
2236 1314 2596 1381 Quandonam
2634 1317 2801 1388 igitur
2839 1316 3100 1372 audacter
3139 1318 3191 1372 id
3251 1318 3606 1387 pronuntiare

2017 1417 2192 1478 potes,
2235 1408 2452 1465 Patrem
2486 1424 2596 1465 non
2625 1409 2798 1468 fuisse
2825 1409 3069 1475 Patrem,
3100 1419 3160 1464 ut
3191 1419 3245 1465 et
3271 1409 3468 1464 Filium
3497 1424 3606 1465 non

2012 1499 2193 1555 fuisse
2242 1499 2438 1555 dicas?
2475 1499 2633 1567 Quod
2678 1502 2725 1557 si
2763 1502 2970 1556 nullam
3017 1500 3300 1572 dignitatis
3343 1501 3609 1556 accessio-

2017 1606 2140 1644 nem
2180 1589 2436 1660 aﬂingere
2474 1590 2680 1646 audeas
2712 1591 2862 1644 Patri
2896 1609 2908 1645 :
2939 1604 3064 1645 nam
3101 1606 3200 1646 ens
3240 1597 3505 1644 aeternum
3551 1590 3607 1644 in

2027 1681 2316 1737 identitate
2358 1693 2665 1752 permanet,
2715 1698 2891 1753 neque
2939 1681 3313 1738 additamento
3351 1683 3483 1748 ullo,
3525 1683 3612 1736 vel

2019 1770 2212 1840 gloria,
2247 1780 2343 1826 aut
2378 1773 2723 1834 incremento
2761 1787 2900 1842 opus
2923 1773 3109 1837 habet,
3140 1773 3296 1828 disce
3325 1782 3450 1828 tuas
3489 1772 3613 1827 illas

2019 1864 2075 1918 in
2113 1863 2280 1918 Deum
2323 1865 2688 1920 contumelias
2729 1865 3054 1935 reprimere,
3085 1867 3402 1936 quicunque
3445 1865 3606 1920 ﬁdem

2021 1970 2330 2026 Oppugnas,
2370 1958 2455 2011 vel
2494 1957 2563 2011 ab
2598 1972 2661 2012 ea
2704 1965 2756 2011 te
2790 1958 2973 2026 potius
3013 1973 3265 2028 segregas
3302 1977 3315 2011 :
3363 1957 3459 2012 sed
3491 1972 3614 2027 per-

2022 2058 2187 2118 petuo
2240 2049 2402 2104 crede
2450 2057 2716 2103 aeternum
2768 2064 2892 2104 esse
2945 2048 3184 2113 Patrem,
3227 2064 3258 2103 a
3290 2064 3400 2120 quo
3441 2047 3614 2105 Filius

2022 2139 2094 2194 sit
2131 2155 2318 2194 revera
2364 2142 2621 2210 genitus:
2657 2142 2750 2210 qui
2782 2150 2836 2196 et
2871 2143 2988 2211 ipse
3018 2156 3209 2196 revera
3260 2156 3478 2212 semper
3507 2149 3614 2208 est,

2021 2242 2076 2287 et
2110 2232 2178 2286 ad
2215 2234 2574 2288 exsistentem
2612 2249 2802 2288 revera
2831 2233 3049 2288 Patrem
3092 2232 3331 2288 refertur
3366 2235 3613 2304 :quippe

2021 2323 2195 2380 Filius
2233 2339 2447 2394 semper
2495 2332 2601 2390 est,
2653 2341 2764 2380 non
2794 2325 3060 2381 confusus
3112 2340 3237 2379 cum
3283 2323 3466 2388 Patre,
3509 2340 3615 2381 nec

2021 2415 2197 2486 ipsius
2227 2416 2420 2480 frater,
2451 2416 2547 2472 sed
2581 2433 2878 2487 germanus
2908 2416 3081 2473 Filius
3111 2433 3141 2470 a
3174 2415 3340 2473 Patre
3367 2420 3612 2488 genitus,

2023 2523 2086 2562 ac
2121 2519 2338 2574 natura,
2363 2526 2472 2564 non
2499 2509 2793 2580 adeptione
2820 2508 3014 2565 Filius.
3048 2510 3195 2564 Idem
3222 2521 3276 2565 et
3303 2509 3456 2564 Patri
3481 2525 3616 2565 eon-

2025 2582 2437 2667 substan'tialis;
2486 2616 2595 2655 non
2625 2602 2940 2671 synousios,
2976 2600 3029 2654 id
3055 2609 3157 2664 est,
3180 2599 3340 2654 simul
3365 2598 3616 2654 substan-

2024 2693 2178 2760 tia’;
2231 2693 2327 2748 sed
2382 2693 2741 2756 homousios,
2809 2692 2864 2745 id
2921 2701 3037 2754 est,
3102 2691 3616 2759 consubstantialis,

2023 2798 2219 2852 netnpe
2259 2798 2369 2837 non
2412 2792 2568 2838 extra
2601 2781 2817 2837 Patrem
2857 2783 3095 2853 genitus,
3143 2790 3203 2837 ut
3239 2783 3492 2838 nonnulli
3519 2797 3615 2837 ca-

2023 2875 2306 2942 villantur,
2355 2877 2447 2945 qui
2484 2875 2682 2931 Filiutn
2717 2892 2827 2930 non
2863 2892 2943 2948 es
2974 2876 3054 2931 rei
3089 2876 3318 2933 veritate
3345 2891 3490 2942 esse,
3520 2876 3617 2933 sed

2028 2965 2323 3035 adoptione
2366 2976 2620 3023 censent.
2660 2967 2826 3037 Atqui
2876 2967 3001 3022 ﬁdei
3042 2967 3325 3022 vinculum
3374 2977 3459 3024 est
3500 2984 3618 3022 con-

327 3037 417 3090 τὸν
445 3038 591 3101 Υἱὸν,
619 3039 714 3092 καὶ
736 3039 1100 3094 ὲνυπόστατον
1122 3040 1182 3093 τὸ
1217 3041 1438 3112 Πνεῦμα
1460 3040 1521 3094 τὸ
1547 3040 1720 3110 ἅγιον.
1755 3043 1921 3096 Ὅταν

2029 3057 2438 3112 snbstantialem
2476 3058 2656 3114 fateri.
2689 3059 2809 3124 Quo
2845 3059 3169 3128 usurpando
3211 3059 3486 3114 vocabulo
3511 3057 3614 3113 Sa-

328 3128 386 3182 δὲ
414 3130 475 3182 τὸ
507 3132 831 3200 ὀμοούσιον
858 3131 990 3204 λέγῃ
1013 3129 1166 3205 [τις],
1196 3133 1297 3186 οὐκ
1324 3133 1601 3205 ἁλλϐτριον
1627 3134 1727 3204 τῆς
1754 3135 1925 3204 αὐτῆς

330 3221 587 3292 θεότητος
615 3223 891 3292 σημαίνει,
921 3222 1060 3276 ἀλλὰ
1086 3223 1217 3278 Θεὸν
1244 3228 1309 3280 ὲκ
1341 3222 1478 3278 Θεοῦ
1509 3225 1598 3278 τὸν
1650 3224 1800 3290 Υἱὸν,
1828 3227 1927 3278 καὶ

332 3313 466 3368 Θεὸν
487 3315 548 3368 τὸ
572 3315 796 3385 Πνεῦμα
815 3315 875 3368 τὸ
898 3315 1051 3385 ἆγιον
1077 3318 1177 3387 τῆς
1196 3319 1367 3388 αὐτῆς
1387 3316 1659 3389 Θεότητος,
1691 3319 1751 3370 οὐ
1776 3319 1926 3388 τρεῖς

336 3405 509 3471 Θεούς.
536 3407 671 3461 Οὐδὲ
693 3408 798 3480 γὰρ
826 3407 920 3462 ἐὰν
943 3409 1186 3480 εἴπωμεν
1208 3410 1298 3462 τὸν
1328 3410 1453 3463 Υἰὸν
1474 3411 1566 3464 κα)⁴
1588 3411 1678 3464 τὸν
1705 3410 1926 3481 Πατέρα

335 3500 488 3564 Θεὸν,
507 3499 600 3553 δύο
617 3500 769 3563 θεοὺς
782 3501 1012 3572 λέγομεν
1027 3518 1040 3530 ·
1056 3497 1135 3566 εἷς
1160 3503 1262 3574 γάρ
1298 3506 1444 3557 ἐστιν
1474 3503 1627 3573 ἡμῶν
1645 3502 1835 3565 ὁΘεὸς,
1851 3502 1927 3566 ὥς

340 3613 504 3668 φησιν
533 3595 560 3647 ὁ
588 3595 851 3667 μακάριος
882 3597 1141 3668 Μωῦσῆς,
1170 3598 1389 3664 Κύριος
1419 3600 1452 3651 ὁ
1478 3597 1620 3662 Θεός
1643 3612 1781 3662 σου,
1812 3596 1928 3650 Κύ-

336 3707 463 3758 ριος
495 3685 583 3755 εἷς
610 3690 800 3742 ἐστιν.
834 3690 906 3742 Οὐ
938 3689 1094 3753 Οεοὺς
1130 3689 1380 3760 λέγομεν,
1414 3689 1544 3743 Θεὸν
1569 3689 1661 3743 τὸν
1681 3689 1925 3761 Πατέρα,

338 3783 470 3835 Θεὸν
495 3782 586 3835 τὸν
615 3781 761 3846 Υἰὸν,
796 3781 925 3836 Θεὸν
952 3782 1012 3834 τὸ
1041 3782 1193 3850 ἆγιον
1229 3780 1475 3852 Πνεῦμα,
1502 3781 1596 3838 καὶ
1621 3782 1681 3835 οὐ
1731 3781 1886 3846 Θεούς
1910 3797 1924 3812 ⁸

340 3872 460 3933 οὐδὲ
493 3871 601 3943 γὰρ
631 3871 887 3926 πολυϐεἳα
923 3874 980 3924 ὲν
1006 3871 1144 3943 Θεῷ.
1179 3870 1279 3924 Διὰ
1311 3871 1368 3931 δὲ
1395 3871 1503 3925 τῶν
1535 3872 1703 3943 τριῶν
1728 3872 1927 3944 ὀνομά-

339 3983 448 4018 των
479 3967 511 4036 ἡ
555 3965 654 4035 μία
688 3963 880 4036 θεότης
921 3963 1135 4035 Πατρὸς
1163 3964 1259 4022 καὶ
1286 3962 1418 4016 Υίοῦ
1445 3965 1538 4017 καὶ
1566 3965 1724 4033 ἁγίου
1752 3963 1925 4019 Πνεύ-

347 4073 515 4128 ματος
537 4073 552 4087 ο
582 4057 674 4109 καὶ
698 4057 757 4108 οὑ
792 4056 884 4108 δύο
924 4057 1052 4122 υἱοὶ,
1098 4055 1408 4126 Μονογενὴς
1444 4055 1551 4132 γὰρ
1589 4051 1668 4120 εἷς
1695 4059 1723 4110 ὁ
1763 4057 1891 4121 Υἱός
1913 4073 1926 4088 ·

343 4147 405 4198 τὸ
451 4148 603 4215 ἆγιον
632 4145 878 4217 Πνεῦμα,
918 4147 1145 4217 Πνεῦμα
1187 4147 1362 4215 ἅγιον,
1396 4146 1619 4214 Πνεῦμα
1647 4147 1807 4214 Θεοῦ,
1840 4149 1928 4202 ἀεὶ

343 4238 403 4295 ὃν
438 4239 535 4292 σὺν
579 4238 751 4310 Πατρὶ
781 4238 872 4301 καὶ
905 4236 1042 4309 Υἱῷ,
1082 4238 1184 4297 οὐκ
1221 4238 1498 4308 ἀλλότριον
1545 4238 1700 4305 Θεοῦ,
1734 4239 1841 4292 ἀπὸ
1873 4239 1932 4292 δὲ

343 4330 479 4386 Θεοῦ
513 4329 592 4395 ὃν,
629 4330 738 4384 ἀπὸ
781 4329 996 4402 Πατρὸς
1034 4330 1488 4400 ἐκπορευόμενον,
1525 4331 1619 4384 καὶ
1651 4330 1744 4384 τοῦ
1796 4330 1928 4386 Υἱοῦ

343 4422 622 4498 λαμϐάνον
662 4422 761 4496 (7).
803 4421 942 4484 Ἀλλ’
994 4424 1023 4476 ὁ
1054 4421 1155 4494 μὲν
1189 4421 1319 4486 Υἱὸς
1370 4422 1665 4495 μονογενὴς
1709 4424 1921 4481 ἀκατά-

418 4581 436 4614 ³
463 4579 525 4638 F.
554 4581 702 4636 Υἱόν.
775 4581 798 4613 ³
822 4578 919 4637 Vel
942 4581 1116 4636 socius
1139 4581 1472 4636 substantiw.
1553 4581 1573 4613 ³
1596 4578 1757 4637 Deut.
1790 4596 1866 4650 vt,
1898 4582 1953 4637 4.

2029 3149 2174 3203 bellii
2223 3150 2395 3204 robur
2437 3149 2714 3220 infringis.
2769 3147 2892 3203 Non
2946 3149 3092 3204 enim
3144 3149 3618 3204 consubstantialis

2027 3254 2132 3292 vox
2166 3239 2500 3308 singularem
2533 3241 2630 3308 ιι
2662 3238 2998 3310 bypostasim
3029 3239 3324 3309 significat,
3361 3240 3456 3294 sed
3486 3239 3620 3294 sub-

2028 3333 2316 3387 sistentem
2348 3347 2475 3397 esse
2516 3331 2759 3397 Patrem,
2793 3331 3181 3386 subsistentem
3215 3331 3436 3395 Filium,
3475 3330 3621 3386 sub-

2027 3424 2314 3478 sistentem
2366 3421 2630 3492 Spiritum
2672 3430 2927 3478 sanctum
2969 3438 3092 3478 esse
3142 3422 3409 3478 declarat.
3449 3421 3620 3478 Porro

2027 3514 2120 3584 qui
2155 3512 2668 3570 consubstantialem
2701 3513 2852 3581 dicit,
2881 3514 2950 3569 ab
2972 3514 3163 3569 eadem
3191 3513 3484 3569 divinitate
3509 3527 3620 3569 non

2028 3605 2266 3660 alienum
2303 3604 2456 3669 facit,
2488 3605 2585 3660 sed
2622 3604 2792 3660 Deum
2833 3621 2899 3661 ex
2971 3603 3078 3660 Deo
3108 3602 3331 3671 Filium,
3360 3619 3423 3659 ac
3450 3603 3619 3658 Deum

2029 3697 2296 3766 Spiritum
2355 3705 2610 3752 sanctum
2662 3698 2854 3754 eadem
2913 3698 3201 3752 divinitate
3251 3705 3619 3760 constantem,

2027 3805 2139 3845 non
2173 3798 2287 3846 tres
2321 3789 2453 3846 deos
2492 3790 2772 3861 exprimit.
2823 3788 3036 3844 Etenim
3089 3804 3216 3844 cum
3264 3787 3470 3843 Filium
3523 3785 3624 3840 Pa-

2028 3890 2280 3950 tremque
2329 3882 2684 3938 nominamus
2729 3881 2920 3949 Deum,
2980 3881 3121 3937 duos
3170 3882 3304 3937 deos
3345 3895 3457 3935 non
3489 3878 3622 3935 diei-

2028 3988 2199 4029 mus:
2233 3973 2504 4043 siquidem
2561 3988 2708 4028 unus
2753 3972 2918 4028 nobis
2959 3984 3043 4029 est
3096 3972 3263 4039 Deus,
3323 3980 3385 4026 ut
3425 3971 3619 4026 beatus

2030 4061 2208 4119 Moses
2242 4065 2440 4119 asserit
2471 4080 2486 4116 :
2518 4062 2782 4118 Dominus
2819 4063 2961 4118 Deus
2994 4073 3139 4132 tuus,
3187 4063 3450 4119 Dominus
3485 4080 3621 4118 unus

2031 4161 2111 4206 est
2135 4153 2179 4205 ³.
2215 4151 2399 4217 Quare
2439 4153 2608 4206 Deum
2660 4151 2904 4217 Patrem,
2951 4153 3120 4207 Deum
3171 4153 3394 4217 Filium,
3449 4153 3620 4207 Deum

2036 4242 2298 4312 Spiritum
2323 4252 2596 4308 sanctum,
2630 4257 2743 4298 non
2769 4242 2902 4297 deos
2928 4243 3287 4313 appellamus.
3313 4242 3448 4297 Nam
3473 4243 3624 4298 nulla
3667 4237 3673 4242 ’

2033 4342 2118 4391 est
2159 4334 2454 4390 multitudo
2499 4335 2748 4392 dearum.
2785 4335 3057 4390 Caeterum
3095 4337 3271 4392 tribus
3305 4337 3413 4392 illis
3446 4337 3626 4392 nomi-

2027 4424 2194 4481 nibus
2232 4425 2492 4482 divinitas
2542 4440 2653 4482 una
2683 4425 2886 4492 Patris,
2920 4422 3043 4480 Filii
3076 4439 3142 4481 ac
3174 4427 3353 4482 sancti
3386 4424 3623 4498 Spiritus

420 4738 496 4811 (6)
514 4737 722 4795 'Oa'ov.
741 4737 1099 4811 Negationem
1125 4737 1263 4811 legit
1279 4737 1575 4808 interpres,
1609 4751 1920 4808 sensusque
1951 4739 1997 4795 D
2027 4736 2468 4811 adhibeant,_sed
2499 4735 2651 4811 illius
2677 4735 2800 4791 loco
2834 4735 2937 4792 has
2978 4736 3119 4793 alias
3148 4736 3445 4811 habeantm
3477 4736 3624 4794 Filio

349 4807 620 4883 postulat,
643 4811 762 4883 nisi
785 4807 968 4883 aliqua
991 4807 1201 4883 desint;
1223 4807 1389 4883 Ebur.

421 4881 494 4952 (7)
520 4881 629 4936 Καὶ
660 4881 766 4936 τοῦ
783 4875 939 4952 ,Υὶὸῦ
971 4877 1301 4952 legatam}
1321 4877 1387 4952 Et
1411 4894 1444 4930 a
1467 4875 1612 4952 ilio
1637 4878 1920 4946 accipiens.

350 4947 632 5022 Loquendi
672 4951 866 5022 modus
907 4965 944 5022 a
978 4947 1178 5022 divinis
1235 4947 1534 5022 scripturis
1581 4947 1923 5016 desumptus,

353 5018 466 5091 quo
518 5029 730 5077 veteres
777 5019 1000 5075 Graeciaa
1046 5018 1238 5074 Patres
1276 5021 1345 5091 _in
1403 5032 1496 5081 re,
1537 5031 1669 5091 quae
1702 5027 1926 5091 captum

356 5087 528 5162 longe,
561 5100 782 5162 superat
829 5091 1110 5162 hominum
1131 5131 1145 5153 ,
1181 5089 1479 5162 utebantur
1512 5087 1580 5140 ad
1617 5088 1749 5162 illud
1776 5087 1924 5162 idem

357 5157 834 5233 signiﬁcandum,
869 5161 1015 5229 quod
1085 5157 1267 5233 Latini
1324 5157 1581 5233 dicebant
1655 5157 1927 5233 Spiritum

358 5227 610 5289 sanctum
644 5233 696 5285 in
729 5227 929 5285 divinis
953 5237 1007 5285 et
1046 5245 1076 5284 a
1125 5227 1265 5284 Filio
1300 5227 1617 5300 procedere.
1649 5228 1927 5300 Quemadf

357 5301 580 5358 modum
632 5301 776 5356 enim
829 5309 1087 5355 aeternam
1130 5300 1278 5352 illam
1301 5296 1678 5364 'ineifabilem,
1710 5313 1809 5358 ac,
1851 5299 1928 5352 uti

360 5373 562 5428 scholae
612 5373 799 5432 aiunt,
851 5370 1236 5438 immanentem
1291 5370 1558 5438 originem
1617 5376 1732 5438 tum
1779 5367 1926 5434 Filii,

359 5455 477 5498 tum
505 5443 740 5512 Spiritus
772 5440 968 5512 sancti,
1003 5454 1034 5493 a
1060 5437 1238 5503 Patre,
1267 5437 1578 5512 divinarum
1614 5437 1928 5507 Scriptura-

362 5528 485 5568 rum
523 5507 730 5577 verbis,
758 5511 960 5581 quibus
991 5519 1220 5581 uterque
1241 5509 1448 5581 dicitur
1477 5524 1525 5581 a_
1548 5507 1706 5563 Patre
1737 5523 1930 5581 proce-

363 5583 514 5648 dere,
543 5577 959 5652 expritnebant:
994 5580 1094 5643 sic,
1123 5577 1374 5652 utsimili
1405 5577 1566 5652 modo
1605 5580 1782 5634 sacris
1813 5587 1932 5652 ute-

367 5661 555 5708 rentur
589 5648 813 5708 vocibus
839 5652 906 5705 ad
935 5649 1302 5709 denotandum
1338 5658 1393 5703 et
1416 5648 1653 5718 Spiritus
1685 5649 1862 5703 sancti
1900 5665 1933 5703 a

368 5723 506 5778 Filio
534 5724 798 5795 originem
823 5741 837 5789 ;
864 5719 1202 5795 eu_m__d_i_vina
1233 5719 1448 5786 eloquia
1486 5719 1726 5795 Spiritus
1755 5721 1933 5773 sancti

367 5788 644 5867 respectu'
662 5788 831 5851 relate
878 5792 943 5846 ad
985 5791 1215 5856 Filium,
1265 5803 1450 5844 vocem
1489 5788 1783 5860 procedere
1823 5804 1931 5845 non

2031 4809 2261 4876 accipit;
2314 4807 2467 4862 hisce
2508 4806 2584 4860 uti
2645 4816 3093 4872 consueverunt,
3142 4823 3266 4877 quae
3304 4808 3445 4864 idem
3497 4825 3623 4864 cum

2032 4880 2199 4948 verbo
2225 4877 2550 4948 Aprocedere
2587 4877 2814 4931 omnino
2864 4877 3128 4948 denotant
3159 4894 3172 4930 :
3211 4879 3356 4948 quod
3403 4879 3555 4948 enim
3591 4894 3624 4934 a

2040 4946 2181 5002 Filio
2218 4945 2460 5016 Spiritus
2505 4956 2733 5002 sanctus
2761 4947 2981 5017 accipit,
3017 4948 3152 5002 illud
3183 4945 3360 5020 eidem
3393 4947 3626 5020 Spiritui

2038 5033 2148 5072 non
2191 5026 2512 5081 externum,
2547 5031 2657 5070 non
2697 5025 3017 5072 extraneum
3056 5027 3171 5084 est,
3202 5019 3298 5075 sed
3331 5019 3622 5085 οὐσιῶδες,

2034 5087 2139 5142 Ιιοε
2170 5095 2254 5142 est
2281 5087 2348 5160 ad
2378 5097 2631 5160 naturam
2685 5089 2910 5160 omnino
2940 5096 3218 5160 spectans.
3247 5088 3324 5143 Ex
3355 5106 3464 5160 quo
3491 5105 3625 5146 sane

2045 5165 2274 5229 apparet
2309 5157 2501 5213 Patres
2531 5156 2763 5229 Graecos
2788 5159 2931 5213 inter
2970 5156 3141 5228 atque
3175 5156 3401 5229 Latinos
3427 5161 3626 5216 discri-

2031 5227 2155 5282 men
2189 5228 2256 5283 de
2286 5229 2639 5297 processione
2673 5227 2912 5296 Spiritus
2951 5227 3130 5284 sancti
3165 5244 3196 5283 a
3227 5227 3364 5285 Filio
3411 5247 3522 5286 non
3564 5230 3624 5286 in

2033 5297 2284 5368 dogmate
2312 5299 2548 5360 versari,
2602 5298 2697 5352 sed
2746 5298 2800 5352 in
2845 5311 2990 5353 mera
3035 5314 3225 5354 vocum
3281 5301 3620 5366 diversitate,

2074 5367 2238 5441 uoda
2274 5368 2710 5441 nongentis‘eam
2743 5370 2903 5441 annis
2933 5369 3106 5441 impie
3141 5369 3406 5441 ignorare
3434 5371 3623 5424 volunt

2085 5437 2205 5492 ι·ωοὶ
2257 5437 2617 5494 schismatici.
2662 5437 2819 5503 Quod
2881 5437 3039 5492 adeo'
3067 5437 3255 5494 verum
3289 5451 3412 5502 est,
3463 5444 3522 5490 ut
3567 5443 3624 5490 et

2035 5509 2140 5580 ipsi
2183 5506 2612 5580 GrzeeiAPatres,
2648 5515 2701 5561 et
2729 5511 3256 5580 nosterpraesertim
3296 5508 3356 5580 S.
3385 5505 3627 5580 Epipha-

2036 5575 2186 5644 nius,
2221 5586 2278 5632 ut
2308 5577 2540 5633 inferius
2569 5579 2844 5634 constabit
2867 5616 2881 5640 ,
2925 5575 2980 5631 in
3026 5578 3283 5644 hoc.ipso
3322 5575 3577 5644 Ancorati

2039 5643 2178 5703 libro
2200 5687 2214 5711 ,
2260 5648 2405 5702 haud
2452 5664 2578 5703 raro
2609 5647 3030 5718 conceptissime
3067 5643 3622 5718 dixerint__Spiritutn

2040 5729 2291 5774 sanctum
2341 5726 2395 5772 et
2445 5733 2473 5772 a
2510 5718 2648 5771 Filio
2710 5715 3024 5786 procedere,
3057 5715 3276 5777 quando
3305 5716 3489 5786 dicere
3525 5730 3624 5784 po-

2044 5790 2277 5845 tuissent
2323 5790 2480 5860 juxta
2535 5783 2811 5858 recept—um
2863 5783 3238 5854 usitatumque
3291 5785 3434 5860 apud
3475 5783 3631 5855 ipsos

3631 5929 3679 5983 ,δ’
