4012 6210
412 283 483 339 27
722 320 728 329 ι
1824 278 1893 338 .S.
1932 274 2278 335 EPIPHANII
3617 262 3693 323 ’28

412 403 740 477 exprimitur
773 422 786 460 :
821 416 932 459 non
970 401 1082 458 duo
1115 398 1247 469 ﬁlii;
1283 398 1611 475 llnigenitus
1670 400 1872 472 quippe
1915 398 2007 455 Fi-

2119 400 2337 471 ληπτος,
2371 396 2466 451 καὶ
2506 396 2567 450 τὸ
2605 393 2832 466 Πνεῦμα
2876 390 3282 477 ἀκατάληπτον,
3317 388 3383 442 ὲκ
3428 383 3562 440 Θεοῦ
3609 383 3689 449 δὲ,

416 476 528 555 lius
578 513 722 554 unus
755 506 862 553 est.
898 493 979 551 Ita
1014 494 1255 566 Spiritus
1298 504 1547 561 sanctus,
1585 493 1826 566 Spiritus
1867 509 1999 550 san-

2119 492 2209 544 οὐκ
2236 488 2517 561 ἀλλότριον
2542 485 2756 558 Πατρὸς
2782 485 2877 538 καὶ
2907 476 3040 537 Υῑοῦ
3057 499 3069 512 ·
3097 479 3220 536 οὐδὲ
3240 477 3549 583 ,συναλοιφή
3566 476 3694 583 εστι

417 598 539 646 ctus
572 594 678 653 est,
720 586 928 657 Deique
963 585 1226 657 Spiritus,
1260 586 1356 656 qui
1406 599 1531 639 cum
1569 583 1731 639 Patre
1778 589 1833 639 et
1862 581 2002 639 Filio

2119 583 2325 655 Πατρὸς
2355 581 2452 637 καὶ
2499 578 2654 646 Υίοῦ,
2699 576 2836 641 ἀλλὰ
2868 575 3040 648 Τριάς
3080 576 3168 630 ἀεὶ
3208 567 3344 627 οῦσα
3381 570 3483 643 τῆς
3521 569 3694 641 αὐτῆς

417 696 637 751 semper
658 689 766 749 est,
800 694 902 735 nec
924 679 1138 736 alienus
1167 694 1199 733 a
1219 677 1351 743 Deo,
1389 677 1486 733 sed
1512 691 1542 730 a
1568 675 1676 731 Deo
1704 675 2001 741 exsisteus,

2119 675 2331 738 οὐσίας·
2376 674 2477 745 οὐχ
2508 671 2670 743 ἑτέρα
2694 672 2729 742 ἡ
2771 669 2931 723 οὐσία
2972 666 3127 740 παρὰ
3159 667 3260 738 τὴν
3289 663 3542 735 θεότητα,
3573 660 3695 716 οὐδὲ

416 778 472 826 et
500 786 530 824 a
565 769 729 827 Patre
758 770 1085 842 procedens,
1128 778 1182 827 et
1216 768 1493 838 accipiens
1522 784 1553 823 a
1583 766 1743 824 Filio.
1777 768 1859 823 Ad
1889 768 2005 823 haec

2119 766 2276 838 ἑτέρα
2305 767 2344 838 ἡ
2364 766 2554 837 θεότης
2582 763 2732 836 παρὰ
2747 761 2845 834 τὴν
2866 762 3083 816 οὐσίαν·
3114 759 3228 813 ἀλλ’
3259 756 3453 831 ήαὺτὴ
3482 755 3694 857 θεόέιης,

418 861 735 931 unigenitus
790 860 963 918 Filius
1021 859 1410 929 comprehendi
1457 874 1568 915 non
1622 865 1851 931 potest:
1888 874 1999 915 non

2119 858 2203 912 καὶ
2217 859 2282 911 ὲκ
2305 857 2406 928 τῆς
2426 857 2597 928 αὐτῆς
2620 854 2871 927 θεότητος
2885 855 2914 907 6
2931 853 3059 917 Υίὸς
3075 853 3169 905 καὶ
3190 851 3252 905 τὸ
3272 851 3425 920 ἆγιον
3447 850 3692 918 Πνεῦμα.

420 956 603 1018 potest
628 958 685 1007 et
714 950 953 1022 Spiritus
986 957 1232 1015 sanctus,
1263 950 1358 1020 qui
1415 950 1498 1006 sic
1550 967 1580 1007 a
1626 949 1737 1007 Deo
1798 950 2074 1023 procedit.
2133 960 2254 1005 uta
2290 948 2453 1006 Patre
2490 958 2545 1005 et
2598 947 2736 1004 Filio
2782 962 2891 1004 non
2938 946 3011 1002 sit
3076 946 3320 1010 alienus;
3369 957 3549 1013 neque
3599 953 3698 1009 per

421 1042 602 1114 ipsum
633 1042 796 1100 Pater
823 1050 878 1098 et
903 1043 1077 1098 Filius
1104 1043 1160 1097 in
1187 1058 1357 1098 unum
1392 1044 1612 1101 confusi
1650 1046 2005 1102 coalescunt:
2038 1059 2232 1101 verum
2262 1043 2507 1100 Trinitas
2549 1042 2742 1099 eadem
2799 1040 3107 1098 substantia
3163 1045 3424 1094 constans
3480 1049 3697 1105 semper

419 1141 657 1206 exsistit,
710 1153 775 1193 ac
819 1153 998 1209 neque
1050 1138 1217 1194 altera
1269 1148 1467 1210 praeter
1497 1141 1836 1199 divinitatem
1867 1147 1954 1196 est
1988 1141 2321 1206 substantia,
2349 1154 2451 1195 nec
2496 1139 2667 1194 altera
2706 1143 2905 1208 praeter
2964 1132 3333 1191 substantiam
3386 1130 3689 1196 divinitas,

422 1233 519 1288 scd
572 1232 762 1289 eadem
809 1238 896 1288 est
938 1231 1223 1302 divinitas,
1276 1240 1335 1290 et
1376 1248 1446 1290 ex
1484 1233 1677 1291 eadem
1728 1234 2014 1292 divinitate
2052 1233 2226 1292 Filius
2254 1241 2425 1291 estet
2455 1231 2694 1305 Spiritus
2722 1236 2969 1287 sanctus.

491 1343 607 1399 νη.
662 1344 901 1416 Spiritus
959 1348 1227 1419 proinde,
1290 1357 1518 1408 sanctus
1581 1350 1823 1422 Spiritus
1877 1358 2002 1421 est;

423 1432 616 1501 Filius,
665 1434 884 1493 Filius:
916 1436 1157 1509 Spiritus
1204 1454 1236 1494 a
1285 1437 1447 1498 Patre
1498 1442 1808 1513 procedit‘,
1870 1452 1923 1498 et
1976 1457 2007 1497 a

2184 1354 2257 1408 Ζ’.
2291 1351 2402 1406 Καὶ
2428 1350 2490 1405 τὸ
2520 1348 2621 1422 μὲν
2650 1346 2897 1419 Πνεῦμα,
2922 1345 3076 1414 ἆγιον
3109 1338 3363 1412 Πνεῦμαο
3395 1339 3424 1393 6
3460 1336 3516 1392 δὲ
3546 1336 3695 1402 Υίδς,

2113 1443 2242 1509 Υίός
2265 1459 2280 1475 ο
2307 1442 2370 1496 τὸ
2406 1442 2464 1495 δὲ
2518 1439 2743 1512 Πνεῦμα
2776 1437 2929 1508 παρὰ
2976 1434 3191 1506 Πατρὸς
3241 1429 3696 1502 ἐκπορευόμενον,

423 1525 563 1584 Filio
614 1528 879 1600 accipit”,
941 1529 1038 1587 Dei
1088 1532 1362 1602 profunda
1408 1535 1837 1605 perscrutans';
1885 1550 2009 1606 qua:

2119 1537 2208 1590 καὶ
2259 1539 2324 1590 ὲκ
2375 1534 2469 1588 τοῦ
2517 1532 2648 1587 Υἱοῦ
2697 1529 2977 1602 λαμϐάνον
3004 1571 3019 1595 ,
3072 1525 3309 1625 ἐρευνῶν
3334 1524 3403 1579 τὰ
3437 1520 3699 1625 βάθηιτ-οῦ

422 1616 548 1674 Filii
591 1620 811 1691 propria
843 1629 973 1677 sunt
1005 1621 1061 1677 in
1105 1622 1370 1678 mundum
1416 1624 1745 1695 praedicans,
1786 1634 2009 1683 sanctos

424 1706 525 1781 per
565 1709 890 1767 Trinitatem
935 1714 1313 1781 sanctiﬁcans,
1370 1717 1735 1787 appellatione
1763 1719 2007 1775 tertius:

424 1801 586 1858 Pater
609 1810 664 1858 et
696 1801 869 1860 Filius
897 1812 952 1861 et
984 1804 1225 1876 Spiritus
1259 1816 1508 1865 sanctus.
1549 1808 1775 1876 Euntes,
1809 1811 2007 1881 inquit,

426 1897 694 1968 baptizate
720 1898 776 1951 in
810 1900 1022 1953 nomine
1061 1898 1250 1955 Patris
1277 1909 1328 1956 et
1365 1899 1498 1955 Filii
1533 1911 1584 1956 et
1629 1900 1861 1972 Spiritus
1891 1920 2012 1957 san-

426 1991 559 2045 cti‘.
589 1990 686 2047 Est
731 1991 877 2047 enim
924 1989 1166 2061 Spiritus
1208 1993 1483 2064 quoddam
1512 1994 1703 2063 gratiae
1748 1995 2009 2065 sigillum,

358 2126 361 2131 ι
428 2081 715 2138 Trinitatis
748 2082 1049 2149 vinculum,
1112 2099 1222 2139 non
1282 2084 1496 2140 alienus
1529 2100 1558 2138 a
1601 2102 1852 2150 numero,
1901 2101 2011 2141 non

431 2172 799 2242 appellatione
833 2172 1179 2244 discrepans,
1208 2190 1310 2230 nec
1343 2182 1603 2245 tanquam
1631 2177 1952 2247 peregrinus
1981 2190 2013 2230 a

430 2264 737 2334 largitionis
795 2266 1184 2321 communione
1243 2266 1583 2336 separandus
1639 2284 1654 2322 :
1706 2267 1799 2323 sed
1868 2284 2013 2326 unus

429 2352 596 2420 Dens,
642 2368 748 2408 una
783 2353 941 2419 lides,
993 2371 1135 2410 unus
1165 2355 1454 2421 Dominus,
1508 2373 1614 2412 una
1652 2358 1852 2428 gratia,
1903 2373 2013 2415 una

428 2445 694 2513 Ecclesia,
740 2463 911 2503 unum
954 2447 1229 2519 baptisma
1252 2450 1295 2502 ³.
1338 2447 1586 2506 Trinitas
1627 2466 1845 2523 semper
1883 2451 2010 2506 Tri-

429 2536 579 2593 nitas
618 2544 703 2593 est
732 2556 746 2593 :
785 2540 871 2593 cui
902 2540 1039 2595 nihil
1079 2556 1320 2611 unquam
1351 2541 1516 2611 adjici
1554 2549 1754 2613 potest,
1776 2559 2009 2613 quaeque

430 2630 508 2685 ita
553 2637 894 2697 numeratur,
937 2630 1116 2698 Pater,
1147 2632 1322 2688 Filius
1368 2641 1423 2688 et
1484 2633 1724 2705 Spiritus
1758 2647 2013 2703 sanctus;

431 2739 533 2778 nec
576 2732 660 2780 est
721 2724 1011 2781 confusum
1061 2733 1156 2781 aut
1201 2727 1519 2782 coalescens
1565 2727 1876 2798 quidpiam;
1915 2742 2016 2783 nec

429 2814 635 2883 aliquid
674 2815 818 2870 inest
859 2816 962 2886 ipsi
1011 2815 1080 2870 ab
1138 2818 1350 2871 unitate
1388 2817 1610 2887 propria
1649 2817 1960 2885 sejunctum
1995 2836 2009 2873 :

2112 1626 2248 1679 Θεοῦ
2277 1666 2291 1688 ,
2321 1623 2654 1695 άναγγέλλον
2701 1622 2771 1677 τὰ
2807 1619 2902 1675 τοῦ
2953 1617 3085 1674 Υἱοῦ
3112 1659 3128 1684 ,
3158 1620 3216 1673 ὲν
3247 1616 3437 1688 κόσμῳ
3474 1613 3701 1684 ἁγιάζον

2113 1715 2301 1785 ἁγίους
2328 1714 2419 1768 διὰ
2443 1714 2545 1785 τῆς
2575 1712 2837 1784 Τριάδος,
2873 1709 3056 1781 τρίτον
3088 1710 3155 1779 τῇ
3178 1706 3474 1778 ὀνομασίᾳσ
3510 1704 3702 1775 Πατὴρ

2112 1810 2208 1865 καὶ
2249 1811 2278 1863 6
2328 1808 2456 1871 Υἱὸς
2515 1806 2610 1860 καὶ
2660 1805 2723 1859 τὸ
2782 1804 2938 1873 ἅγιον
2987 1800 3234 1871 Πνεῦμα.
3293 1798 3699 1863 Ἀπελθόντες,
3766 1835 3770 1837 λ

2113 1902 2247 1972 φησὶ
2272 1941 2286 1966 ,
2317 1898 2661 1965 βαπτίσατε
2689 1899 2777 1965 είς
2823 1895 3012 1965 ὄνομα
3040 1891 3269 1961 Πατρός
3301 1890 3402 1945 καὶ
3438 1888 3575 1944 Υίοῦ
3602 1888 3705 1943 καὶ

2111 1994 2284 2064 ἁγίου
2318 1993 2667 2062 Πνεύματος
2690 2006 2705 2022 ·
2738 1988 2861 2044 ἐπεὶ
2890 1987 3130 2060 σφραγὶς
3158 1986 3260 2057 τῆς
3285 1985 3509 2057 χάριτος
3528 2023 3543 2047 ,
3581 1980 3704 2037 σύν-

2111 2085 2310 2156 δεσμος
2340 2086 2439 2156 τῆς
2467 2083 2701 2155 Τριάδος
2723 2119 2738 2145 ,
2773 2081 2873 2135 οὐκ
2901 2079 3183 2150 ἀλλότριον
3216 2076 3312 2130 τοῦ
3343 2074 3605 2148 ἀριθμοῦ,
3636 2073 3701 2128 οὐ

2112 2176 2340 2241 διεστὼς
2379 2176 2479 2248 τῆς
2509 2174 2805 2247 ὀνομασίας
2826 2214 2842 2241 ,
2887 2174 2948 2226 οὐ
3001 2172 3152 2239 ξένον
3178 2170 3275 2241 τῆς
3303 2169 3511 2241 δωρεᾶς
3537 2186 3550 2200 ⁸
3586 2167 3703 2224 ἀλλ’

2113 2262 2193 2332 εἷς
2217 2267 2350 2331 Θεὸς
2374 2308 2389 2333 ,
2423 2267 2522 2338 μία
2556 2265 2739 2329 πίστις
2764 2305 2780 2331 ,
2814 2260 2896 2328 εἷς
2933 2262 3140 2334 Κύριος
3162 2301 3177 2327 ,
3205 2259 3262 2315 ἓν
3291 2261 3536 2333 χάρισμα
3556 2302 3570 2327 ,
3605 2261 3705 2333 μία

2126 2357 2421 2429 Ἐκκλησία
2443 2396 2458 2421 ,
2493 2357 2553 2411 ἓν
2590 2356 2893 2429 βάπτισμα.
2934 2354 3047 2407 Ἀεὶ
3074 2352 3183 2425 γὰρ
3232 2352 3265 2423 ή
3296 2351 3465 2425 Τριὰς
3513 2352 3703 2423 Τριὰς,

2113 2450 2368 2505 οὐδέποτε
2397 2448 2715 2520 προσθήκην
2744 2446 3015 2519 λαμϐάνει
3036 2483 3051 2510 ,
3101 2445 3276 2509 οὕτως
3301 2443 3705 2517 ἀριθμουμένη,

2115 2541 2342 2613 Πατὴρ,
2393 2540 2518 2603 Υίὸς
2572 2539 2668 2592 καὶ
2717 2536 2872 2607 ἅγιον
2916 2535 3180 2606 Πνεῦμαο
3245 2535 3304 2588 οὐ
3342 2533 3637 2603 συναλοιφή
3671 2533 3707 2603 ἡ

2115 2632 2314 2704 Τριάς·
2346 2631 2407 2685 οὐ
2438 2629 2664 2693 διεστὼς
2687 2647 2738 2682 τι
2768 2629 2826 2682 ὲν
2867 2627 3005 2698 αὐτῇ
3038 2626 3136 2698 τῆς
3170 2625 3306 2689 ἰδίας
3346 2625 3514 2695 αὐτῆς
3544 2624 3712 2696 μονά-

2115 2722 2232 2786 δος·
2261 2724 2318 2775 ὲν
2350 2721 2649 2776 ὑποστάσει
2677 2719 2734 2773 δὲ
2780 2718 3119 2789 τελειότητος
3144 2758 3162 2785 ,
3192 2716 3399 2780 τέλειος
3427 2717 3456 2770 6
3493 2716 3705 2788 Πατὴρ,
3774 2770 3777 2771 ,

2116 2814 2321 2876 τέλειος
2351 2815 2380 2867 6
2405 2813 2532 2878 Υἱὸς
2556 2853 2571 2878 ,
2601 2812 2804 2866 τέλειον
2834 2812 2895 2866 τὸ
2937 2810 3164 2883 Πνεῦμα
3192 2811 3254 2864 τὸ
3283 2811 3456 2881 ἅγιον·
3493 2809 3704 2883 Πατὴρ,

432 2907 569 2962 adeo
615 2916 674 2962 ut
710 2908 762 2962 in
796 2908 1038 2978 perfecta
1070 2908 1354 2980 hypostasi
1401 2910 1679 2981 perfectus
1726 2912 1799 2968 sit
1826 2911 2009 2980 Pater,

2119 2908 2209 2960 καὶ
2242 2906 2369 2970 Υἱὸς
2397 2906 2492 2961 καὶ
2536 2904 2690 2975 ἅγιον
2723 2904 2970 2977 Πνεῦμα.
3003 2903 3077 2957 Τδ
3111 2904 3167 2958 δὲ
3193 2902 3460 2957 ἀνάπαλιν
3481 2903 3707 2976 Πνεῦμα

432 2996 709 3069 perfectus
739 2997 933 3065 Filius,
964 2998 1239 3070 perfectus
1279 2999 1521 3070 Spiritus
1560 3008 1808 3069 sanctus,
1850 3004 2017 3059 Pater

431 3098 487 3144 et
521 3089 691 3145 Filius
719 3099 774 3145 et
807 3090 909 3159 12
946 3089 1186 3159 Spiritus
1220 3101 1466 3148 sanctus.
1502 3093 1574 3146 At
1602 3106 1733 3147 vero
1772 3092 2016 3164 Spiritus

431 3180 755 3235 cmlestibus
787 3180 947 3233 donis
993 3181 1334 3237 attribuitur.
1385 3181 1521 3237 Nam
1564 3182 1846 3239 divisiones
1894 3202 2018 3256 gra-

434 3271 633 3324 tiarum
661 3281 805 3337 sunt,
836 3272 976 3326 idem
1014 3289 1131 3327 vero
1179 3273 1450 3344 Spiritus;
1477 3285 1525 3330 et
1550 3276 1834 3332 divisiones
1865 3278 2020 3332 mini-

434 3364 717 3418 steriorum
760 3373 914 3432 sunt,
961 3364 1098 3420 idem
1146 3382 1266 3421 vero
1292 3366 1599 3433 Dominus;
1644 3378 1693 3425 et
1735 3368 2017 3424 divisiones

435 3456 796 3522 operationum
838 3464 994 3524 sunt,
1044 3456 1185 3513 idem
1222 3475 1340 3514 vero
1385 3459 1565 3526 Deus,
1618 3462 1710 3532 qui
1763 3471 2017 3529 operatur

435 3547 615 3602 omnia
649 3549 703 3601 in
741 3547 985 3603 onmibus
1000 3549 1042 3605 ⁶.
1075 3548 1368 3621 Nunquam
1409 3552 1731 3610 excidamus
1760 3568 1790 3607 a
1819 3569 2021 3625 propo-

436 3639 564 3705 sito,
610 3656 887 3710 nunquam
924 3656 955 3694 a
1001 3642 1233 3697 veritate
1276 3644 1619 3701 deﬁciamus.
1668 3644 1857 3717 Neque
1890 3661 2019 3703 vero

436 3729 548 3785 Deo
587 3734 955 3800 patrocinium
1002 3736 1392 3806 impendimus,
1428 3737 1523 3792 sed
1558 3738 1814 3810 religiose
1857 3736 2022 3794 senti-

436 3834 583 3887 mus,
630 3838 700 3878 ne
730 3822 873 3880 forte
909 3841 1239 3895 pereamus:
1275 3843 1340 3882 ac
1371 3828 1671 3899 loquimur,
1708 3846 1817 3885 non
1859 3829 2020 3902 quasi

436 3915 1005 3985 comprehendamus;
1069 3927 1330 3989 tanquam
1388 3919 1537 3975 enim
1596 3921 1846 3978 homines
1899 3936 2023 3994 quae

437 4003 625 4059 animo
678 4005 1028 4075 percepimus
1076 4005 1407 4078 eloquimur.
1462 4009 1533 4062 At
1581 4009 1802 4066 divinus
1844 4011 2021 4068 honos

436 4095 740 4151 immensus
768 4102 876 4160 est,
908 4105 963 4152 et
992 4113 1159 4168 supra
1195 4099 1398 4154 mentis
1439 4108 1645 4156 nostrae
1678 4109 1898 4173 captum
1934 4104 2021 4159 in-

436 4186 606 4242 ﬁnitis
652 4187 902 4256 partibus
933 4189 1249 4245 attollitur:
1288 4197 1454 4260 atque
1496 4190 1573 4246 ita
1610 4192 1867 4250 divinitas
1902 4193 2021 4265 ipsa

2118 2999 2451 3071 χαρίσμασιν
2507 2998 2893 3085 ὲνξαττόμενον
2920 3016 2935 3030 ο
2991 2996 3322 3067 Διαιρέσεις
3377 2997 3485 3069 γὰρ
3540 3013 3706 3066 χαρι-

2117 3092 2364 3162 σμάτων
2423 3092 2542 3147 εἰσὶ
2569 3132 2584 3159 ,
2625 3094 2693 3146 τὸ
2744 3090 2813 3145 δὲ
2853 3089 3002 3145 αὐτὸ
3049 3090 3324 3160 Πνεῦμα·
3360 3088 3459 3145 καὶ
3490 3086 3706 3159 διαιρέ-

2117 3200 2249 3253 σεις
2278 3184 2600 3240 διακονιῶν
2645 3186 2842 3247 εἰσιν,
2902 3186 2936 3238 ὁ
2989 3182 3058 3237 δὲ
3103 3182 3285 3249 αὐτὸς
3316 3184 3568 3251 Κύριος·
3606 3180 3707 3235 καὶ

2117 3276 2434 3346 διαιρέσεις
2464 3274 2883 3347 ἐνεργημάτων
2910 3273 3072 3329 εἰσιν
3091 3313 3108 3341 ,
3141 3277 3173 3329 ὀ
3203 3273 3272 3327 δὲ
3303 3274 3488 3339 αὐτὸς
3535 3273 3702 3339 Θεὸς,

2119 3371 2153 3424 ό
2177 3369 2438 3439 ἐνεργῶν
2484 3368 2557 3424 τὰ
2586 3368 2784 3422 πάντα
2812 3368 2882 3421 ἐν
2925 3365 3095 3423 πᾶσι.
3135 3368 3227 3440 Μὴ
3256 3367 3578 3439 ἐκπέσωμεν
3611 3366 3703 3421 τοῦ

2120 3460 2486 3533 προκειμένου
2515 3501 2529 3525 ,
2588 3458 2663 3531 μὴ
2693 3459 3020 3529 άποστῶμεν
3049 3458 3149 3528 τῆς
3189 3458 3468 3529 ἀληθείας.
3515 3458 3705 3529 Ἡμεῖς

2121 3552 2181 3605 οὐ
2219 3549 2629 3624 συνηγοροῦμεν
2667 3550 2806 3622 ὑπὲρ
2836 3549 2972 3603 Θεοῦ
2998 3590 3014 3616 ,
3048 3551 3162 3604 ἀλλ’
3192 3549 3432 3614 εὐσεϐῶς
3454 3549 3702 3621 νοοῦμεν,

2121 3641 2210 3694 ἵνα
2239 3640 2314 3711 μὴ
2345 3638 2675 3710 ἀπολώμεθα
2698 3656 2711 3671 ·
2748 3639 2842 3692 καὶ
2870 3638 3241 3710 φθεγγόμεθα,
3274 3640 3373 3710 οὐχ
3425 3639 3501 3703 ὼς
3538 3656 3707 3692 κατα-

2119 3733 2488 3804 λαμϐάνοντες
2512 3748 2527 3762 °
2558 3732 2635 3797 ὡς
2663 3731 2940 3803 ἄνθρωποι
2969 3731 3078 3804 γὰρ
3106 3732 3480 3804 φθεγγόμεθα,
3517 3731 3553 3786 ἃ
3576 3749 3707 3786 κατ-

2121 3827 2443 3897 ειλήφαμεν,
2515 3825 2581 3878 Ἦ
2629 3825 2737 3896 γὰρ
2805 3826 2886 3890 εἰς
2931 3824 3064 3879 Θεὸν
3111 3826 3286 3899 τιμὴ,
3338 3827 3563 3898 ἄπειρος
3610 3824 3706 3879 καὶ

2125 3916 2632 3991 μυριονταπλασίως
2667 3917 2794 3987 περὶ
2818 3918 2839 3949 ⁷
2883 3916 2975 3971 τὸν
3025 3917 3295 3990 ἡμέτερον
3332 3917 3457 3972 νοῦν
3489 3917 3704 3983 δεδόξα-

2124 4025 2268 4073 σται,
2300 4006 2391 4060 καὶ
2430 4005 2545 4061 ἐστι
2570 4006 2934 4080 δεδοξασμένη
2961 4047 2977 4073 ,
3012 4008 3179 4079 μηδὲν
3212 4006 3706 4080 προσλαμϐάνουσα

2121 4098 2305 4170 δόξης,
2349 4098 2487 4169 μήτε
2516 4098 2929 4170 ἀφαιρουμένηο
2958 4099 3110 4153 οὐδὲν
3146 4098 3253 4172 γὰρ
3286 4101 3343 4157 ἐν
3370 4100 3560 4171 Τριάδι
3589 4117 3706 4154 κτι-

2124 4192 2248 4245 στὸν
2323 4190 2356 4261 ἦ
2416 4191 2738 4260 ὲπιγενητόν
2762 4207 2776 4221 ο
2841 4190 2958 4246 ἀλλ’
2989 4192 3017 4244 6
3053 4193 3153 4264 μὲν
3207 4193 3397 4267 Πατὴρ
3443 4194 3535 4249 τὸν
3576 4192 3705 4249 Υἱδν

437 4275 786 4343 praedicatur,
820 4275 957 4330 nihil
992 4284 1054 4331 ut
1092 4276 1144 4331 ei
1187 4278 1373 4348 gloria:
1401 4280 1663 4336 accedere
1698 4282 1893 4351 possit,
1924 4292 2014 4338 aut

2122 4283 2286 4353 γεννᾷ
2308 4297 2323 4312 ·
2365 4284 2465 4357 οὐκ
2488 4279 2555 4353 ἦν
2586 4282 2644 4335 δέ
2679 4299 2809 4336 ποτε
2840 4286 3033 4355 χρόνος
3052 4324 3068 4348 ,
3102 4268 3321 4339 ὃτεόὐκ
3368 4280 3437 4357 ἣν
3469 4287 3498 4340 6
3531 4285 3659 4349 Υἱός
3682 4299 3701 4319 ⁶

435 4365 739 4421 decedere:
773 4367 914 4421 nihil
934 4374 1019 4423 est
1046 4368 1193 4423 enim
1225 4369 1281 4422 in
1314 4367 1585 4425 Trinitate
1621 4382 1888 4437 creatum,
1921 4383 2017 4430 aut

436 4456 494 4511 in
532 4471 596 4511 ea
629 4466 819 4526 postea
845 4457 1072 4514 factum.
1111 4457 1309 4513 Verum
1334 4457 1496 4514 Pater
1530 4459 1727 4515 Filium
1757 4472 2012 4534 generat;

436 4546 534 4603 sed
550 4547 759 4602 nullum
778 4563 1020 4621 unquam
1048 4556 1264 4619 tempus
1286 4549 1407 4614 fuit,
1433 4566 1543 4620 quo
1569 4560 1813 4621 tempore
1842 4552 2012 4611 Filius

435 4654 548 4697 non
583 4646 731 4694 esset
763 4658 776 4694 :
807 4655 917 4695 non
943 4640 1088 4694 enim
1114 4639 1277 4697 Pater
1303 4642 1488 4713 aliquo
1520 4650 1764 4713 tempore
1787 4660 1895 4700 non
1926 4656 2012 4704 est

435 4731 740 4801 appellatus
793 4729 975 4797 Pater,
1020 4732 1117 4788 sed
1162 4739 1219 4787 et
1268 4731 1433 4787 Pater
1472 4741 1737 4805 perpetuo
1783 4735 1907 4804 fuit,
1956 4747 2012 4796 et

436 4829 699 4893 perpetuo
726 4818 933 4888 Filius;
966 4836 1078 4876 non
1118 4821 1308 4888 frater,
1347 4822 1444 4879 sed
1465 4822 1660 4890 Filius,
1708 4841 1772 4881 ea
1796 4827 2010 4885 ratione

434 4914 673 4984 genitus,
708 4927 873 4985 quam
912 4913 1061 4969 nulla
1089 4914 1351 4986 consequi
1382 4923 1564 4986 potest
1608 4919 1823 4988 oratio;
1854 4929 1907 4977 et
1935 4920 2013 4977 in-

510 5109 975 5199 ξξροηκξν,
1036 5108 1237 5167 ιιοοο.
1293 5127 1403 5181 xvi,
1431 5113 1626 5182 ΗΑΒ.
1699 5115 1764 5170 ³-1
1796 5116 1924 5174 Cor.
1956 5133 2014 5187 ιι,

2119 5128 2146 5173 ι.
2222 5122 2245 5154 δ
2280 5122 2473 5180 Matth.
2507 5142 2699 5190 xxvm,
2733 5126 2819 5183 l9.
2916 5127 2938 5159 ⁵
2983 5127 3179 5199 Ephes.
3215 5144 3287 5198 tv,
3319 5130 3372 5186 5.

439 5190 540 5250 Ill,
569 5182 622 5237 6.
682 5181 702 5213 ⁷
733 5179 798 5236 F.
832 5181 1003 5253 παρά.

444 5362 703 5436 loquendi
734 5379 940 5421 morem
965 5403 983 5428 ,
1017 5363 1283 5436 Spiritum
1319 5378 1568 5423 sanctum
1602 5382 1635 5423 τι
1680 5365 1822 5423 Filio
1869 5368 2015 5423 acci-

441 5432 591 5505 pere.
648 5432 889 5507 Utraque
941 5432 1342 5507 illa—loquendi
1390 5438 1740 5495 scribendive
1784 5437 2017 5492 formula

445 5504 618 5577 unum
666 5504 919 5577 idemque
951 5504 1220 5576 signiﬁcat
1248 5525 1277 5577 :7
1296 5508 1442 5577 quod
1475 5516 1531 5563 et
1560 5522 1669 5562 non
1698 5522 1825 5561 raro
1852 5507 2016 5563 i-idem

449 5572 623 5648 [irasci
667 5572 1041 5648 cxprﬁneban—t
1090 5572 1328 5633 dicendo
1370 5577 1634 5648 Spiritum
1681 5584 1932 5632 sanctum
1988 5590 2020 5631 a

450 5641 627 5728 Patre.
804 5646 1367 5728 Filili‘minprocedere.
1412 5641 1499 5701 'De
1529 5647 1672 5728 hoc“
1696 5654 2020 5728 argumento

453 5715 629 5773 evolvi
671 5716 869 5777 debent
899 5716 956 5775 S.
984 5715 1222 5775 llilarius
1252 5720 1308 5774 in
1341 5716 1584 5790 secundo
1618 5715 1865 5775 libro’De
1895 5715 2016 5772 Tri-

2120 4372 2240 4425 οὐδὲ
2271 4372 2381 4445 γὰρ
2426 4375 2455 4427 6
2484 4374 2675 4447 Πατὴρ
2722 4377 2779 4429 ὲν
2811 4374 2990 4446 χρόνῳ
3036 4376 3144 4429 τινὶ
3181 4377 3374 4448 Πατὴρ
3423 4377 3525 4431 οὐκ
3569 4378 3703 4432 ἑκασ-

2119 4464 2260 4517 λεῖτο
2277 4483 2291 4497 ο
2319 4465 2452 4521 ἀλλὰ
2479 4462 2546 4538 ἦν
2572 4468 2658 4520 ἀεὶ
2690 4466 2878 4539 Πατὴρ
2900 4508 2915 4533 ,
2946 4467 3041 4521 καὶ
3069 4462 3138 4540 ἦν
3166 4469 3253 4522 ἀεὶ
3298 4469 3424 4533 Υἱὸς
3442 4509 3458 4536 ,
3487 4469 3549 4523 οὐ
3578 4486 3705 4525 συν-

2121 4554 2379 4626 άδελφος,
2440 4557 2577 4611 ἀλλὰ
2630 4557 2757 4622 Υἱὸς
2794 4559 3079 4629 γεννηθεὶς
3131 4560 3571 4631 άνεκδιηγήτως,
3608 4560 3706 4615 καὶ

2117 4648 2514 4721 ὀνομαζόμενος
2552 4650 2958 4721 ἀκαταλήπτως
2981 4693 2996 4718 ,
3035 4652 3135 4705 σῦν
3165 4653 3341 4724 Πατρὶ
3369 4652 3427 4705 δὲ
3462 4652 3538 4707 ὢν
3589 4652 3698 4719 ἀεὶ,

2122 4741 2391 4813 μηδέποτε
2423 4742 2711 4796 διαλείπων
2744 4742 2837 4796 τοῦ
2878 4739 3038 4799 εἶναι.
3070 4744 3260 4817 Πατὴρ
3290 4740 3383 4799 οὖν
3408 4744 3703 4816 ἀγέννητος

2118 4832 2212 4888 καὶ
2238 4835 2491 4898 άκτιστος
2520 4838 2617 4890 καὶ
2654 4835 3057 4908 ἀκατάληπτος.
3086 4838 3213 4903 Υἱὸς
3244 4837 3502 4910 γεννητὸς
3520 4878 3535 4905 ,
3562 4836 3705 4893 ἀλλὰ

2116 4924 2212 4979 καὶ
2242 4926 2494 4993 ἄκτιστος
2541 4929 2637 4983 καὶ
2684 4930 3086 5002 ἀκατάληπτος.
3119 4929 3345 5000 Πνεῦμα
3390 4929 3547 4998 ἅγιον
3589 4930 3701 4994 ἀεὶ,

3477 5131 3498 5163 ⁸
3522 5128 3542 5183 1
3571 5129 3700 5185 Cor.

2118 5370 2305 5449 nitate,
2338 5369 2432 5425 ubi
2455 5380 2638 5450 versat
2665 5371 2796 5450 quid
2818 5372 2923 5429 sibi
2944 5375 3073 5431 velit
3090 5375 3162 5450 in
3181 5375 3383 5450 divinis
3421 5377 3490 5433 ab
3514 5378 3700 5450 aliquo

2118 5439 2623 5509 acciperesevolvi
2668 5439 2722 5498 et
2769 5443 2903 5500 Acta
2946 5447 3165 5500 concilii
3231 5445 3529 5504 Florentini
3589 5439 3694 5506 sub

2117 5507 2369 5588 Eugenio
2382 5508 2472 5575 IV,
2503 5511 2702 5588 lfegnis
2724 5512 2906 5588 _All_atii
2933 5514 3154 5588 ercﬁirz
3188 5518 3497 5573 orthodoxa:
3520 5520 3645 5575 libri
3678 5537 3696 5588 ;

2119 5578 2287 5658 atque
2331 5578 2539 5636 Petavii
2564 5581 3009 5658 _The_ologicorum
3055 5587 3363 5658 dogmatum
3406 5589 3546 5647 liber
3580 5578 3694 5656 vn;

2118 5652 2299 5720 capite
2336 5651 2636 5720 praesertim
2670 5653 2722 5710 5.
