4012 6210
202 304 283 363 29
1632 300 2010 363 ANCORATU
2019 301 2079 359 S.
3401 300 3478 361 30

207 420 273 476 οὐ
298 420 576 492 γεννητὸν,
607 419 668 474 οὐ
683 417 998 486 κτιστδν,οὐ
1030 418 1377 491 συνᾶὤελφον,
1409 418 1470 473 οὐ
1499 419 1785 489 πατραδελ-

1903 417 2386 490 comprehensibili
2421 416 2582 477 modo
2617 415 2954 483 nominatus,
2994 430 3121 472 cum
3157 414 3320 472 Patre
3346 431 3480 473 vero

209 530 311 581 φον
334 553 348 577 ,
379 512 440 565 οὐ
471 511 816 584 προπάτορον
838 510 994 583 (sic),
1028 510 1128 565 οὐκ
1156 510 1376 580 ἔκγονον
1399 551 1414 575 ,
1449 510 1564 565 ἀλλ’
1599 513 1663 565 ὲκ
1693 512 1792 581 τῆς

211 600 381 673 αὐτῆς
427 601 615 665 οὐσίας
656 601 866 671 Πατρὸς
892 601 989 654 καὶ
1012 597 1144 655 Υἱοῦ
1176 599 1284 672 (8),
1332 598 1558 672 Πνεῦμα
1612 600 1789 669 ἅγιον·

209 692 456 764 Πνεῦμα
490 692 601 762 γὰρ
642 695 675 748 ὀ
710 692 875 759 Θεός.

1903 527 2119 582 semper
2148 511 2446 578 exsistens,
2477 527 2579 567 nec
2620 525 2860 583 unquam
2907 525 3028 565 esse
3051 510 3327 566 desinens.
3375 510 3478 563 Ita-

1899 619 2007 674 que
2033 603 2193 658 Pater
2221 604 2499 675 ingenitus
2527 612 2634 670 est,
2666 604 2943 659 increatus
2973 610 3028 657 et
3062 600 3478 671 incomprehen-

1901 711 2017 752 sus.
2052 693 2224 750 Filius
2255 696 2492 766 genitus,
2517 694 2611 750 sed
2664 694 2943 750 increatus
2970 700 3025 748 et
3058 690 3476 762 incomprehen-

211 800 350 840 sus:
384 783 622 854 Spiritus
652 793 880 842 sanctus
912 798 1132 857 semper
1182 792 1285 850 est,
1313 798 1422 839 non
1453 783 1692 855 genitus,
1732 799 1841 839 non
1876 798 2114 851 creatus,
2160 802 2268 842 non
2321 786 2509 851 frater,
2558 800 2668 840 non
2724 796 2972 856 patruus,
3022 799 3132 838 non
3172 800 3329 850 avus,
3364 798 3477 839 non

212 894 401 949 nepos,
461 878 557 933 sed
597 895 663 935 ex
707 878 898 935 eadem
958 879 1139 936 Patris
1195 877 1429 951 Filiique
1481 878 1788 933 substantia
1827 878 2065 949 Spiritus
2095 887 2362 936 sanctus:
2406 875 2637 947 Spiritus
2662 879 2803 933 enim
2840 877 2980 932 Deus
3008 879 3147 932 αι’.

282 973 364 1025 Π’.
419 973 690 1027 Ἕκαστον
740 972 799 1026 δὲ
845 973 954 1027 τῶν
998 974 1276 1044 ὀνομάτων
1316 973 1632 1046 μονώνυμον
1660 1014 1676 1039 ,
1714 972 1790 1044 μὴ

212 1061 332 1133 ἔχον
366 1063 707 1134 δευτέρωσιν.
746 1066 856 1119 Καὶ
884 1064 991 1139 γὰρ
1012 1068 1040 1120 6
1066 1066 1255 1137 Πατὴρ
1294 1066 1514 1137 Πατήρ·
1568 1065 1661 1119 καὶ
1690 1065 1791 1119 οὐκ

213 1153 324 1224 ἔχει
355 1155 812 1227 ἀντιπαράθετον,
844 1157 965 1210 οὐδὲ
1012 1157 1185 1229 ἑτέρῳ
1213 1159 1390 1229 Πατρῖ
1420 1155 1792 1227 συζευγνύμε-

211 1261 331 1297 νον·
376 1246 463 1299 ἵνα
502 1245 578 1318 μὴ
628 1246 719 1299 δύο
760 1246 891 1302 Θεοί.
944 1249 1056 1301 Καὶ
1116 1249 1243 1313 Υἱὸς
1296 1250 1589 1321 μονογενὴς
1656 1249 1789 1313 Θεὸς

211 1334 458 1405 ἀληθινὸς
488 1337 553 1389 ὲκ
578 1335 713 1389 Θεοῦ
743 1337 997 1408 ἀληθινοῦ
1021 1381 1036 1405 ,
1073 1339 1133 1392 οὐ
1168 1339 1383 1411 Πατρδς
1412 1340 1551 1411 ἔχων
1590 1338 1785 1411 ὄνομα,

209 1428 328 1483 οὐδὲ
358 1429 639 1502 ἀλλότριον
671 1430 884 1502 Πατρός
905 1471 921 1495 ,
956 1430 1070 1485 ἀλλ’
1111 1430 1231 1494 ἑνὸς
1263 1430 1476 1500 Πατρὸς
1506 1430 1787 1501 ὑπάρχων·

210 1516 517 1588 Μονογενὴς
549 1517 606 1571 δὲ
630 1556 645 1581 ,
676 1518 767 1573 ἵνα
814 1516 1128 1588 μονώνυμος
1159 1512 1194 1588 ᾖ
1239 1517 1267 1570 ὁ
1310 1516 1439 1579 Υἱός
1461 1533 1474 1545 ⁸
1527 1515 1623 1569 καὶ
1656 1513 1790 1577 Θεὸς

208 1610 273 1661 ὲκ
299 1608 454 1675 Θεοῦ,
486 1610 573 1664 ἵνα
604 1605 684 1673 εἷς
712 1610 843 1674 Θεὸς
872 1611 1061 1681 Πατὴρ
1107 1611 1199 1665 καὶ
1228 1609 1357 1673 Υἱὸς
1386 1608 1615 1679 καλῆται
1646 1625 1659 1639 ·
1697 1606 1790 1660 καὶ

208 1697 268 1750 τὸ
296 1698 519 1769 Πνεῦμα
549 1699 611 1752 τὸ
638 1700 790 1768 ἅγιον
830 1700 1115 1770 μονογενὲς
1132 1740 1145 1762 ,
1170 1700 1270 1770 οὐχ
1292 1698 1422 1753 Υἶοῦ
1446 1699 1565 1769 ἕχον
1594 1698 1786 1768 ὄνομα,

1968 974 2103 1030 Vill.
2156 974 2291 1031 Nam
2360 988 2701 1044 unaquaeque
2774 973 3196 1042 appellationum
3246 972 3475 1040 istarum

1896 1066 2188 1137 singularis
2215 1074 2330 1132 est;
2362 1080 2538 1134 neque
2564 1062 2861 1133 quidquam
2884 1061 3047 1115 habet
3067 1062 3211 1131 quod
3234 1062 3476 1119 secundo

1893 1157 2250 1227 significetur.
2281 1155 2442 1209 Pater
2466 1155 2611 1210 enim
2638 1152 2797 1206 Pater
2828 1160 2944 1215 est;
2976 1166 3153 1220 neque
3174 1152 3474 1221 quidquam

1895 1248 2079 1315 habet,
2108 1246 2253 1317 quod
2288 1262 2410 1301 cum
2442 1247 2561 1315 ipso
2592 1261 2659 1300 ex
2690 1244 2921 1299 adverso
2947 1249 3320 1312 comparatum
3352 1243 3425 1297 sit
3453 1280 3473 1307 ,

1893 1346 1987 1391 aut
2024 1352 2150 1392 cum
2178 1336 2348 1391 altero
2388 1334 2549 1389 Patre
2578 1333 2913 1404 copulatum,
2943 1347 3012 1387 ne
3047 1330 3185 1385 forte
3224 1328 3333 1383 duo
3363 1329 3477 1383 sint

1889 1429 1984 1484 dii.
2016 1427 2188 1483 Filius
2229 1427 2560 1497 unigenitus,
2594 1422 2736 1480 Deus
2760 1438 2923 1479 verus
2950 1438 3014 1477 ex
3041 1419 3150 1476 Deo
3175 1434 3332 1485 vero;
3364 1434 3473 1475 non

1888 1520 2067 1575 Patris
2100 1535 2299 1574 nomen
2340 1518 2443 1574 sibi
2486 1516 2787 1579 vindicans,
2820 1529 2921 1569 nec
2955 1513 3165 1569 alienus
3207 1526 3238 1565 a
3272 1510 3433 1565 Patre
3454 1549 3471 1577 ,

1887 1613 1981 1668 sed
2007 1612 2168 1667 unius
2194 1610 2374 1666 Patris
2401 1610 2705 1675 exsistens;
2739 1607 3065 1677 Unigcnitns
3093 1619 3243 1668 vero,
3275 1611 3335 1656 ut
3356 1604 3473 1657 sin-

1888 1705 2062 1775 gulari
2106 1703 2178 1759 sit
2209 1702 2571 1774 appellatione
2600 1700 2800 1766 Filius;
2845 1705 2899 1753 et
2930 1696 3077 1752 Deus
3121 1711 3188 1751 ex
3235 1693 3367 1759 Deo,
3415 1700 3475 1746 ut

207 1790 269 1842 οὗ
308 1790 520 1861 Πατρὸς
552 1790 648 1862 τὴν
677 1790 971 1862 ὀνομασίαν
995 1807 1011 1824 ο
1043 1790 1178 1844 ἀλλὰ
1206 1791 1430 1862 Πνεῦμα
1458 1790 1612 1858 ἅγιον
1644 1788 1785 1841 οῦτω

1892 1812 2032 1852 unus
2075 1793 2218 1849 Deus
2259 1793 2420 1848 Pater
2451 1802 2505 1848 et
2536 1791 2708 1847 Filius
2752 1791 3085 1861 appelletur;
3130 1793 3185 1842 et
3235 1784 3473 1856 Spiritus

210 1882 537 1952 καλούμενον
564 1924 577 1949 ,
634 1884 734 1937 οὐκ
784 1883 1064 1952 ἀλλότριον
1120 1883 1353 1955 Πατρός.
1400 1881 1572 1945 Αὐτὸς
1609 1882 1719 1953 γὰρ
1756 1883 1785 1934 ὁ

207 1974 517 2043 Μονογενὴς
544 1973 731 2043 λέγει,
773 1973 848 2026 Tb
876 1973 1103 2044 Πνεῦμα
1134 1974 1226 2026 τοῦ
1260 1973 1510 2042 Πατρὺς,
1546 1973 1639 2025 καὶ
1662 2012 1677 2037 ,
1714 1971 1785 2025 Τὸ

209 2060 277 2113 ἐκ
308 2063 414 2115 τοῦ
446 2062 676 2131 Πατρός
697 2064 1178 2131 ἐκπορευόμενον
1202 2103 1217 2128 ,
1244 2061 1341 2116 καὶ
1380 2064 1450 2116 ἐκ
1497 2063 1601 2117 τοῦ
1639 2060 1787 2132 ἐμοῦ

207 2150 467 2217 λήψεται
494 2168 507 2181 °
546 2152 634 2206 ἵνα
670 2154 743 2223 μὴ
774 2152 1053 2224 ἀλλότριον
1083 2152 1361 2223 νομισθείη
1396 2154 1607 2226 Πατρὸς
1650 2154 1785 2225 μηδὲ

209 2241 338 2294 Υξοῦ
362 2281 377 2307 ,
416 2243 550 2296 ἀλλὰ
585 2245 682 2314 τῆς
709 2244 881 2314 αὐτῆς
905 2244 1093 2306 οὐσίας
1115 2284 1130 2307 ,
1167 2244 1266 2315 τῆς
1298 2244 1471 2315 αὐτῆς
1501 2244 1779 2316 Θεὸτητος,

207 2331 432 2402 Πνεῦμα
463 2331 623 2399 θεῖον,
660 2333 719 2386 τὸ
747 2333 972 2403 Πνεῦμα
1003 2336 1101 2404 τῆς
1150 2333 1441 2405 ἀληθείας,
1476 2335 1536 2388 τὸ
1560 2334 1785 2406 Πνεῦμα

204 2422 297 2477 τοῦ
328 2421 460 2476 Θεοῦ
483 2463 497 2487 ,
527 2422 588 2476 τὸ
628 2422 851 2495 Πνεῦμα
882 2425 944 2476 τὸ
994 2425 1348 2496 Παράκλητον
1378 2465 1392 2489 ,
1451 2426 1784 2497 μονωνύμως

206 2513 556 2585 καλούμενον,
590 2516 663 2586 μὴ
687 2515 807 2586 ἕχον
833 2516 1258 2585 ἀντιπαράοεσιν
1283 2557 1299 2583 ,
1335 2518 1409 2589 μὴ
1437 2517 1783 2587 ἐξισούμενον

203 2606 375 2677 ἑτέρῳ
401 2607 507 2660 τινὶ
533 2604 834 2678 πνεύματι,
886 2609 962 2678 μὴ
1004 2607 1333 2679 καλούμενον
1360 2610 1582 2681 ὀνόματι
1628 2608 1781 2676 Υἱοῦ,

205 2694 659 2765 ἢόνομαζόμενον
701 2696 967 2768 ὀνομασίᾳ
1016 2697 1262 2768 Πατρόςσ
1297 2698 1383 2751 ἵνα
1427 2699 1500 2769 μὴ
1544 2699 1612 2751 τὰ
1661 2715 1786 2769 μον-

203 2783 392 2856 ώνυμα
420 2785 660 2856 ὀνόματα
690 2785 954 2857 ὁμώνυμα
980 2787 1220 2859 ὑπάρχῃ.
1257 2787 1403 2859 Πλὴν
1420 2789 1500 2842 ὅτι
1525 2788 1586 2841 τὸ
1617 2788 1781 2853 Θεὸς,

202 2875 319 2929 ἀλλ’
369 2877 429 2930 ὲν
460 2877 664 2949 Πατρξ·
719 2877 781 2931 τὸ
822 2878 967 2944 Θεὸς
1001 2881 1058 2932 ὲν
1104 2879 1220 2950 Tit;
1247 2897 1260 2910 ·
1293 2879 1353 2933 τὸ
1382 2883 1526 2946 Θεὸς
1554 2882 1612 2933 ὲν
1646 2880 1785 2951 ἁγίῳ

201 2967 502 3039 Πνεῦματι,
533 2969 593 3023 τὸ
623 2969 756 3023 Θεοῦ
786 2972 801 3001 ί
845 2971 938 3023 καὶ
967 2970 1117 3035 Θεός.
1147 2972 1372 3043 Πνεῦμα
1396 2973 1503 3044 γὰρ
1531 2972 1664 3026 Θεοῦ
1693 2976 1786 3026 καὶ

201 3059 431 3130 Πνεῦμα
454 3060 548 3114 τοῦ
579 3062 819 3135 Πατρδς,
848 3064 943 3117 καὶ
964 3063 1189 3135 Πνεῦμα
1231 3064 1325 3118 τοῦ
1358 3066 1490 3118 Υἱοῦ
1517 3082 1531 3096 ·
1558 3067 1617 3119 οὐ
1645 3066 1788 3119 κατά

1887 1891 2115 1939 sanctus
2139 1881 2366 1947 unicus;
2394 1896 2502 1934 non
2524 1878 2646 1935 Filii
2674 1893 2893 1941 nomen,
2916 1892 3028 1930 non
3049 1874 3469 1945 appellationem

1884 1972 2065 2028 Patris
2097 1986 2393 2041 usurpans,
2424 1969 2518 2025 sed
2547 1968 2786 2039 Spiritus
2819 1974 3045 2023 sanctus
3074 1972 3336 2028 vocatus,
3366 1978 3471 2018 nec

1887 2064 2098 2118 alienus
2137 2077 2167 2115 a
2196 2061 2374 2116 Patre.
2410 2058 2622 2114 Etenim
2656 2059 2891 2128 unigena
2929 2057 3045 2126 ipse
3078 2054 3250 2110 Filius
3281 2054 3354 2107 ita
3392 2054 3474 2107 lo-

1885 2155 2072 2224 quitur
2096 2172 2108 2207 :
2134 2151 2370 2222 Spiritus
2386 2150 2566 2207 Patris
2588 2151 2629 2204 ³.
2646 2150 2776 2204 Item
2804 2168 2817 2203 :
2844 2148 2995 2213 Quia
3021 2146 3180 2201 Patre
3198 2144 3428 2215 procedit
3451 2145 3472 2175 ⁸

1883 2258 1932 2301 et
1968 2246 2030 2300 de
2056 2262 2166 2299 meo
2218 2245 2433 2312 accipiet
2460 2243 2482 2275 ⁸
2512 2261 2525 2298 :
2575 2253 2633 2297 ut
2661 2257 2729 2296 ne
2761 2242 2972 2295 alienus
2995 2255 3025 2293 a
3048 2239 3209 2294 Patre
3234 2240 3313 2293 vel
3335 2236 3471 2292 Filio

1884 2336 2233 2399 crederetur,
2275 2336 2369 2391 sed
2402 2333 2647 2403 ejusdem
2696 2332 3020 2387 substantiae
3060 2345 3125 2385 ac
3164 2327 3472 2384 divinitatis

1882 2427 2125 2496 ejusdem
2155 2425 2372 2479 divinus
2408 2423 2661 2494 Spiritus,
2713 2420 2949 2492 Spiritus
2984 2420 3251 2485 veritatis,
3302 2418 3473 2488 Spiri-

1884 2526 1971 2572 tus
2002 2516 2117 2579 Dei,
2163 2514 2402 2585 Spiritus
2445 2514 2760 2569 Paraclctus
2792 2532 2805 2568 :
2841 2513 2941 2583 13
2980 2513 3073 2583 qui
3103 2511 3325 2582 quidem
3355 2511 3472 2565 sin-

1883 2598 2147 2679 gulariter
2192 2606 2533 2671 nominatur,
2575 2621 2676 2660 nec
2715 2620 2782 2660 ex
2815 2605 3046 2659 adverso
3094 2612 3469 2673 comparatum

1884 2701 2047 2755 habet
2075 2700 2394 2770 quidquam,
2431 2715 2606 2769 neque
2636 2714 2762 2753 cum
2797 2698 2970 2752 altero
3002 2697 3319 2766 adsequatur
3358 2694 3469 2764 spi-

1884 2778 2013 2855 ritu,
2041 2807 2216 2861 neque
2240 2800 2333 2846 aut
2361 2788 2482 2843 Filii
2509 2790 2749 2852 nomine,
2782 2798 2874 2843 aut
2898 2786 3078 2841 Patris
3104 2784 3473 2856 appellatione

1884 2893 2161 2946 censetur,
2204 2898 2273 2938 ne
2313 2882 2614 2952 singularia
2662 2880 2883 2936 nomina
2922 2880 3198 2950 aequivoca
3239 2877 3473 2933 reddan-

1886 2981 1995 3027 tur.
2033 2973 2178 3027 Inest
2207 2988 2338 3044 ergo
2366 2971 2509 3027 Deus
2538 2973 2591 3026 in
2628 2971 2789 3026 Patre
2811 3010 2827 3035 ,
2876 2970 3021 3024 inest
3054 2970 3109 3023 in
3140 2968 3298 3033 Filio,
3333 2970 3474 3023 inest

1885 3066 1941 3120 in
1964 3065 2171 3134 Spiritu
2211 3072 2425 3130 sancto,
2465 3063 2557 3135 qui
2596 3079 2664 3119 ex
2706 3063 2815 3117 Deo
2845 3062 3048 3132 pariter
3084 3066 3137 3115 et
3182 3058 3324 3115 Deus
3366 3068 3472 3115 est.

199 3164 317 3201 τινα
340 3148 614 3214 σύνθεσιν,
649 3150 900 3223 καθάπερ
924 3154 982 3206 ὲν
1012 3155 1145 3225 ἡμῖν
1168 3153 1312 3226 ψυχὴ
1340 3156 1435 3209 καὶ
1460 3155 1637 3227 σῶμα,
1668 3156 1781 3209 ἀλλ’

1892 3154 2126 3226 Spiritus
2154 3157 2300 3210 enim
2334 3154 2452 3221 Dei,
2486 3170 2551 3209 ac
2605 3152 2842 3225 Spiritus
2872 3151 3074 3217 Patris,
3105 3158 3161 3206 et
3192 3149 3315 3204 Filii
3347 3150 3475 3220 Spi—

200 3233 258 3285 ὲν
298 3235 453 3306 μέσῳ
501 3238 716 3309 Πατρὸς
745 3240 840 3293 καὶ
880 3240 1051 3309 Υἱοῦ,
1091 3245 1156 3296 ὲκ
1190 3241 1284 3296 τοῦ
1309 3244 1522 3316 Πατρὸς
1566 3244 1782 3300 καὶτοῦ

201 3323 331 3380 Υῑοῦ
365 3328 480 3399 (9),
532 3328 715 3402 τρίτον
766 3335 834 3405 τῇ
867 3334 1164 3409 ὀνομασίᾳ⁸
1209 3336 1595 3404 Ἀπελθόντες
1649 3337 1781 3410 γὰρ,

1890 3249 2049 3315 ritus,
2082 3264 2192 3302 non
2234 3246 2632 3316 compositione
2677 3245 2881 3315 aliqua,
2916 3240 3377 3315 quemadmodum
3417 3240 3470 3293 in

1891 3340 2052 3397 nobis
2097 3340 2279 3394 anima
2305 3353 2615 3409 corpusque
2641 3336 3016 3409 conjungitur,
3064 3334 3161 3392 sed
3197 3334 3342 3391 inter
3375 3330 3476 3386 Pa-

268 3487 285 3517 ¹
310 3485 442 3543 For.
473 3486 552 3558 τῷ
581 3487 741 3547 Θεοῦ.
817 3489 1018 3549 ’Joan.
1051 3508 1125 3563 iv,
1154 3494 1247 3550 24.
1324 3494 1347 3527 ³
1382 3494 1544 3551 Joan.
1580 3512 1670 3564 xv,
1705 3496 1785 3553 26.

1892 3497 2052 3553 ’ibid.
2128 3496 2328 3553 'Joan.
2360 3512 2471 3566 xw,
2516 3497 2603 3565 14,
2638 3496 2727 3552 15.

269 3643 347 3717 (8)
389 3646 499 3700 Ἐκ
542 3645 655 3714 τῆς
686 3648 878 3715 αὐτῆς
924 3649 1142 3717 οὐσίας
1172 3651 1410 3720 Πατρός
1474 3652 1575 3706 καὶ
1620 3653 1781 3718 Υἱοῦ,

121 3719 145 3743 ⁵
196 3728 262 3767 ea:
286 3716 475 3768 eadem
504 3715 685 3768 Patris
742 3716 972 3768 Filiiaue
1009 3720 1329 3768 substantia-
1370 3722 1441 3768 Et
1492 3738 1602 3768 mm
1653 3739 1781 3768 nm-

196 3715 475 3797 exeadeut
504 3715 685 3797 Patris
742 3716 972 3790 Fitiique
1009 3715 1329 3776 subétantid.
1366 3715 1445 3778 Ex
1492 3738 1602 3793 quo
1653 3715 1784 3795 pro;

200 3786 287 3864 cul
324 3786 779 3864 dubio__s_equitur
809 3788 1078 3864 Spiritum
1100 3802 1350 3864 sanctum
1384 3795 1573 3848 sicuta
1602 3793 1783 3857 Patre,

201 3854 275 3907 ita
309 3865 364 3911 et
398 3873 458 3938 an
483 3854 624 3938 Filio
677 3854 993 3938 procedere.
1040 3861 1281 3938 Consule
1316 3861 1601 3919 Petaviqu
1635 3854 1787 3918 citati

200 3939 373 3998 nuper
404 3928 531 3982 libri
561 3943 635 3998 vn
665 3928 843 3998 capite
873 3932 929 3995 4,
962 3947 1117 3986 num.
1154 3935 1208 3988 4.

202 4065 215 4077 ,
268 3997 345 4066 (9)
393 3998 496 4050 Ἐκ
527 3997 635 4077 ζοιξ
666 3997 897 4077 Πατρός
952 4003 1053 4077 θεαὶ
1118 4002 1224 4077 ξοῦ
1255 4002 1425 4077 ΔΥἱοῦ,
1469 4002 1655 4059 Multis
1688 4003 1793 4059 hoc

203 4066 669 4147 in_opeieulocis
716 4067 1390 4147 EpiphaniuSHSpiritum
1447 4082 1703 4147 sanctum
1760 4089 1791 4127 a

199 4130 368 4210 Patre:
413 4130 663 4210 Filioque
713 4130 1007 4210 procedere
1065 4130 1431 4196 disertissime
1482 4143 1784 4210 profitetur.

200 4205 357 4280 Quod
396 4205 687 4280 adversus
716 4206 1100 4280 Graeculosiin
1137 4219 1391 4280 promptu
1446 4205 1530 4265 est
1584 4211 1791 4280 haben-

200 4278 351 4330 dum.
396 4274 821 4349 Videﬂpaginam
848 4294 969 4349 seq.
1013 4274 1326 4336 Item—nunt:
1362 4281 1452 4345 Η,
1486 4282 1574 4335 ubi
1615 4278 1792 4349 Spiri-

202 4353 313 4417 t_nm
371 4361 401 4399 a
463 4345 606 4401 Filio
646 4345 959 4417 procedere
1032 4351 1241 4405 scribit.
1300 4349 1446 4406 ldcm
1505 4345 1674 4406 docet
1731 4350 1787 4404 in

201 4414 580 4471 Pnenmatom.
615 4414 811 4474 haeresi
861 4418 949 4481 74,
982 4435 1137 4474 num.
1178 4424 1210 4474 7
1232 4429 1286 4476 et
1326 4421 1378 4476 8.
1408 4422 1613 4476 Psnv.

1891 3654 2070 3723 capite
2114 3653 2148 3707 8
2207 3652 2332 3708 libri
2372 3653 2447 3707 De
2474 3652 2584 3721 ﬁde
2627 3651 2923 3723 orthodoxa
2950 3691 2964 3716 ,
2999 3659 3191 3723 aperte
3215 3659 3466 3707 statuen-

1893 3722 2029 3779 tium
2054 3724 2317 3793 Spiritum
2347 3731 2596 3778 sanctum
2632 3738 2663 3776 a
2687 3722 2826 3778 Filio
2860 3738 2967 3777 non
2992 3738 3115 3777 esse
3144 3722 3472 3793 dicendum;

1894 3803 1950 3849 et
1980 3792 2355 3864 blasphemum
2404 3803 2455 3848 te
2487 3808 2610 3847 esse
2665 3804 2828 3864 atque
2868 3794 3093 3862 impium
3126 3792 3184 3864 si
3227 3792 3471 3864 illudidi-

1897 3879 2013 3919 cas.
2054 3863 2200 3918 N0va
2238 3880 2345 3917 non
2397 3872 2525 3919 sunt
2557 3864 2688 3926 hare,
2726 3863 2819 3919 sed
2861 3878 2890 3916 a
2919 3863 3333 3932 quatuordecim
3360 3863 3475 3931 jam

1894 3934 2101 4004 jactata
2136 3934 2390 3997 saeculis;
2436 3949 2467 3987 a
2504 3932 2696 3987 Photio
2735 3935 2821 3988 vel
2866 3933 3102 4004 maxime
3132 3934 3371 4004 agitata,
3403 3940 3477 4004 Aut

1901 4001 2140 4075 aliquam
2173 4004 2523 4075 protenderet
2552 4019 2798 4075 causam,
2827 4017 2934 4075 qua
2972 4001 3269 4075 videretur,
3312 4002 3357 4057 si
3376 4001 3479 4075 _l_‘as

1904 4070 2208 4143 sin—ipsum
2243 4090 2483 4143 suosque
2518 4073 2661 4143 haud
2697 4070 2970 4143 immerito
3011 4087 3041 4124 a
3084 4070 3479 4143 RomanagiEe-

1898 4139 2079 4197 clesia:
2109 4139 2497 4198 communione
2530 4142 2819 4197 defecisse.
2864 4139 3063 4192 Notum
3100 4149 3182 4194 est
3233 4140 3290 4193 S.
3325 4139 3480 4193 Basi-

1898 4211 2030 4263 lium
2088 4228 2188 4265 suo
2243 4213 2298 4265 in
2357 4213 2497 4265 libro
2544 4211 2622 4264 De
2659 4210 2865 4278 Spiritu
2896 4218 3077 4262 sancto
3107 4250 3122 4274 ,
3171 4209 3478 4278 etquidem

1898 4280 2089 4350 primis
2123 4282 2192 4334 ab
2244 4280 2404 4335 initio
2439 4281 2711 4350 capitibus
2734 4321 2749 4343 ,
2780 4278 3235 4350 aiijmadvertisse
3285 4278 3479 4337 distin-

1896 4342 2133 4405 ctionem
2172 4350 2319 4404 illam
2352 4342 2670 4405 vocularum
2704 4342 2762 4417 ἐξ
2808 4342 2868 4403 οῦ
2895 4391 2910 4413 ,
2950 4358 3004 4403 et
3045 4348 3110 4401 δι’
3132 4343 3215 4410 οῦ,
3247 4365 3311 4403 ea:
3340 4350 3474 4417 ipso,

1894 4428 1947 4475 et
1979 4437 2072 4503 per
2114 4422 2287 4501 ipsum
2335 4421 2391 4475 in
2441 4422 2644 4503 divinis
2685 4419 3084 4503 prolationibus
3136 4419 3473 4503 indiga’ndis,

275 4484 359 4538 Ea:
398 4487 568 4562 Patre
624 4498 674 4562 et
725 4504 790 4562 e_:c
834 4487 993 4562 _Filio
1020 4531 1035 4556 ,
1087 4491 1436 4561 subintellige
1481 4489 1785 4562 procedens.
1818 4480 1868 4540 D
1894 4480 2143 4545 omrnium'
2182 4492 2416 4560 primum
2448 4493 2593 4546 malo
2632 4480 2814 4546 animo
2853 4491 3128 4546 invexisse
3163 4480 3476 4562 maleferiaé

201 4553 311 4635 pur
345 4572 457 4638 tum
492 4559 694 4614 dixerit
735 4553 1170 4638 S_._Epipba_nius
1204 4563 1310 4617 hoc
1352 4553 1407 4617 in
1448 4553 1568 4617 loco
1597 4605 1612 4629 ,
1634 4573 1699 4638 ut
1728 4571 1785 4616 et

201 4627 256 4679 in
310 4627 433 4698 aliis
458 4667 473 4691 ,
526 4644 651 4698 qua:
697 4630 857 4684 nobis
881 4627 1122 4688 'in'lerius
1155 4644 1481 4698 occurrent,
1506 4649 1572 4687 ea:
1600 4627 1786 4686 Patre

201 4697 509 4765 procedens,
545 4697 595 4773 et
628 4716 661 4773 α
702 4698 847 4773 ilio
882 4703 1165 4773 accipiens,
1194 4704 1654 4773 quemadmodum
1697 4703 1783 4773 di-

204 4776 356 4846 δοται
388 4770 662 4846 superiori
699 4772 754 4846 in
788 4772 969 4841 capite
995 4770 1052 4836 6.
1093 4781 1148 4829 et
1192 4770 1282 4846 liic
1329 4775 1491 4844 paulo
1531 4772 1786 4846 superius

204 4840 258 4917 in
285 4840 573 4917 praesenti,
615 4840 897 4917 declarant
950 4840 1495 4917 qu:e_paucis_supra
1529 4840 1786 4911 indigita-

200 4910 381 4988 yitnus
408 4910 763 4988 adnotatione
796 4910 995 4988 nostra
1030 4910 1251 4968 ad—not.
1294 4910 1783 4988 [Argumentum

202 4976 329 5055 hinc
366 4980 557 5050 accipe
588 4981 987 5055 firmissimum,
1021 4994 1320 5055 utrumque
1365 4976 1624 5055 loquendi
1666 4999 1780 5037 mo-

201 5047 345 5124 dum_
385 5047 523 5124 reni_
548 5051 815 5124 eamdem
846 5054 990 5122 apud
1021 5047 1384 5124 Epiphaiiium
1426 5047 1736 5124 significare
1766 5071 1782 5118 ;

202 5118 347 5186 quod
385 5130 440 5174 et
491 5119 564 5174 de
608 5121 731 5176 aliis
778 5118 1000 5178 Graeciaa
1048 5118 1304 5178 Pati-ibus
1357 5118 1626 5179 allii-mare
1666 5130 1785 5178 tuto

205 5202 303 5267 nos
352 5204 519 5267 posse
567 5191 907 5267 exploratum
948 5194 1152 5267 habent
1210 5196 1313 5267 viri
1367 5194 1537 5249 docti.
1596 5192 1784 5248 Graeca

204 5259 652 5341 igiturE'cclesia’
678 5269 733 5315 et
771 5264 1011 5341 agnovit,
1041 5268 1096 5320 et
1120 5264 1373 5341 professa
1399 5275 1485 5321 est
1524 5273 1786 5341 perpetuo

204 5330 379 5401 sancti
424 5330 1258 5401 Spiritus,,processionem'non
1296 5337 1473 5391 solum
1525 5330 1555 5388 a
1600 5330 1783 5396 Patre,

206 5397 301 5476 sed
328 5407 382 5453 et
413 5414 444 5453 a
470 5397 635 5476 Filio.
668 5397 778 5476 Nec
812 5417 1031 5476 movere
1056 5420 1119 5459 ea
1151 5406 1207 5459 in
1239 5421 1298 5462 re
1323 5420 1655 5476 quemquam
1686 5404 1785 5476 de-

207 5466 339 5545 bet,
379 5472 621 5545 aut__ille
670 5472 951 5545 loquendi
980 5490 1115 5529 usus
1141 5516 1155 5540 ,
1192 5491 1303 5544 quo
1341 5466 1526 5531 "Graeci
1580 5475 1784 5545 passim

238 5538 426 5617 ieban_t
465 5534 669 5617 Filium
695 5534 758 5617 in.
783 5543 987 5599 divinis
1018 5546 1083 5597 ἐκ
1125 5534 1225 5598 σοῦ’
1259 5545 1497 5617 Πατρός,
1530 5534 1595 5600 ea;
1625 5545 1787 5617 Patre

207 5610 535 5692 prpcgdcre;
578 5610 841 5692 Spiritum
887 5629 1019 5670 vero
1067 5624 1317 5692 salictum
1349 5610 1414 5692 ea;
1461 5616 1664 5692 Patre,
1698 5614 1787 5692 διὰ

205 5677 462 5758 τρῦιλςιοῦ
490 5721 505 5745 ,
552 5677 641 5758 per
675 5682 921 5758 Filium;
957 5693 1057 5758 aut
1100 5684 1436 5758 Theodoritih
1458 5686 1695 5756 capitula
1723 5684 1781 5738 S.

210 5747 466 5818 Cyrillum
498 5747 824 5822 re'futantis;
880 5764 973 5812 aut
1025 5756 1082 5813 S.
1125 5754 1368 5815 Joannes
1414 5747 1784 5814 Daniasoenus

1887 4569 2005 4615 tum
2038 4563 2192 4617 illum
2235 4562 2447 4617 Aetium
2489 4571 2657 4618 sectae
2700 4562 3092 4615 Anommorum
3140 4561 3473 4631 principem.

1887 4632 1971 4702 A_d
2007 4633 2121 4687 hzec
2148 4635 2371 4702 in_super
2400 4632 2851 4687 animadvertisse
2896 4627 3382 4702 voculas'easdein
3412 4627 3477 4695 ἐξ

1885 4695 1946 4754 οῦ
1978 4710 2032 4773 et
2066 4703 2132 4756 δι’
2158 4695 2241 4768 οῦ,
2277 4695 2600 4773 promiscue
2628 4710 2709 4773 et
2754 4702 2907 4773 nullo
2940 4700 3273 4773 discrimine
3315 4714 3476 4773 usur-_-

1887 4772 2161 4843 paritum
2218 4768 2304 4827 in'
2327 4773 2529 4828 divinis
2578 4772 2834 4843 Litteris,
2871 4780 2987 4825 tum
3038 4786 3069 4824 a
3107 4768 3364 4843 Patribus
3402 4768 3473 4823 ad

1888 4839 2311 4912 significandum
2341 4858 2456 4897 rem
2484 4840 2753 4897 eamdem.
2785 4841 2898 4896 Hoc
2926 4855 3061 4895 sane
3088 4839 3479 4912 animadverso

1886 4909 2031 4983 quod
2075 4912 2501 4983 Graciipassim
2558 4912 2742 4968 dicere
2782 4911 3166 4983 consueverint
3208 4909 3475 4983 Spiritum

1887 4977 2137 5038 sanctum
2188 5000 2218 5036 a
2268 4977 2430 5037 Patre
2461 4984 2755 5051 procedere
2808 4998 2903 5051 per
2957 4979 3178 5048 Filium,
3207 4977 3343 5051 ﬁt;
3374 4977 3474 5032 τοῦ

1886 5052 2019 5107 Υἱοῦ
2043 5094 2057 5117 ,
2103 5054 2326 5122 perinde
2360 5068 2419 5108 se
2461 5048 2632 5107 habet
2673 5067 2738 5106 ac
2794 5048 2839 5107 si
2866 5120 2874 5122 Α
2901 5050 3167 5122 dixissent
3201 5048 3471 5122 Spiritum

1887 5118 2139 5179 sanctum
2173 5140 2203 5177 a
2228 5123 2386 5178 Patre
2418 5131 2472 5179 et
2515 5122 2653 5177 Filio
2680 5120 2994 5192 procedere.
3036 5118 3305 5176 Praeterea
3333 5118 3469 5192 illud

1886 5195 2049 5248 etiam
2076 5194 2416 5263 exploratum
2442 5187 2705 5249 habemus
2733 5192 2920 5246 Patres
2947 5191 3296 5263 putissimum
3314 5187 3473 5263 Δ(ἶινξξ-

1887 5278 1984 5319 cos
2007 5304 2021 5325 ,
2062 5258 2317 5318 subtilius
2349 5263 2581 5319 fortasse
2612 5278 2777 5334 quam
2815 5258 2964 5331 opus'
2996 5260 3189 5318 fuisset
3214 5300 3229 5324 ,
3270 5259 3329 5313 ni
3362 5258 3466 5334 ads

1887 5335 2164 5389 versarios
2197 5334 2520 5404 retundendi
2550 5329 2885 5404 postulasset
2910 5336 3233 5392 necessitas,
3287 5329 3475 5404 animo

1888 5405 2218 5471 versavisse,
2245 5403 2460 5460 Patrem
2492 5398 2569 5458 in'
2593 5403 2796 5459 divinis
2832 5418 2956 5457 esse
2985 5404 3219 5472 primum
3259 5398 3469 5470 princi-

1930 5476 2036 5528 ium
2062 5514 2076 5536 ,
2108 5489 2173 5529 ac
2206 5470 2376 5529 veluti
2432 5473 2634 5529 fontem
2667 5482 2722 5528 et
2751 5470 3015 5542 originem
3046 5470 3292 5542 omnium
3339 5481 3469 5537 pro-

1908 5546 2190 5609 ationum;
2228 5544 2426 5598 Filium
2471 5560 2598 5599 vero
2631 5539 2941 5613 quanquam
2992 5540 3165 5613 Patri_
3189 5539 3473 5591 voluntate

1888 5615 2401 5686 conjunctissimum
2424 5656 2442 5686 ,
2502 5609 2678 5668 cidem
2732 5609 3257 5686 consubstantialem
3280 5647 3295 5672 ,
3326 5622 3472 5686 .esse

1889 5675 2069 5756 tanien
2118 5700 2149 5737 a
2194 5684 2357 5756 Patre
2415 5675 2694 5756 genitum;
2731 5691 2787 5737 et
2834 5682 3001 5756 veluti
3034 5678 3275 5735 medium
3326 5675 3472 5732 inter

1888 5754 2106 5813 Patrem
2131 5764 2186 5813 et
2215 5751 2481 5829 Spiritum
2515 5756 2574 5812 S.
2605 5770 2636 5810 ιι
2661 5753 2819 5810 Patre
2850 5751 3099 5820 accipere
3126 5760 3472 5818 quaecunque
