  <div class='ocr_page' id='page_1' title='image "/cluster/home/n/w/nwhite01/storage/ocr_20150623/43/mdp.39015013284818/023.png"; bbox 0 0 4012 6210; ppageno 0'>
   <div class='ocr_carea' id='block_1_1' title="bbox 500 312 3770 388">
    <p class='ocr_par' dir='ltr' id='par_1_1' title="bbox 500 312 3770 388">
     <span class='ocr_line' id='line_1_1' title="bbox 500 312 3770 388; baseline 0.006 -21"><span class='ocrx_word' id='word_1_1' title='bbox 500 331 562 385; x_wconf 67' lang='lat'><strong>3.</strong></span> <span class='ocrx_word' id='word_1_2' title='bbox 1906 323 1961 378; x_wconf 85' lang='lat' dir='ltr'><strong>s.</strong></span> <span class='ocrx_word' id='word_1_3' title='bbox 2005 312 2349 381; x_wconf 73' lang='lat' dir='ltr'><strong>memmi</strong></span> <span class='ocrx_word' id='word_1_4' title='bbox 3698 331 3770 388; x_wconf 70' lang='grc' dir='ltr'>δε</span> 
     </span>
    </p>
   </div>
   <div class='ocr_carea' id='block_1_2' title="bbox 502 420 2096 525">
    <p class='ocr_par' dir='ltr' id='par_1_2' title="bbox 502 430 2087 525">
     <span class='ocr_line' id='line_1_2' title="bbox 502 430 2087 525; baseline -0.001 -26"><span class='ocrx_word' id='word_1_5' title='bbox 502 456 641 500; x_wconf 82' lang='lat' dir='ltr'><strong>trem</strong></span> <span class='ocrx_word' id='word_1_6' title='bbox 670 448 727 525; x_wconf 83' lang='lat' dir='ltr'><strong>et</strong></span> <span class='ocrx_word' id='word_1_7' title='bbox 749 440 947 497; x_wconf 77' lang='lat' dir='ltr'><strong>Filium</strong></span> <span class='ocrx_word' id='word_1_8' title='bbox 991 430 1238 508; x_wconf 79' lang='lat' dir='ltr'><strong>medius,</strong></span> <span class='ocrx_word' id='word_1_9' title='bbox 1263 454 1331 497; x_wconf 83' lang='lat' dir='ltr'><strong>ex</strong></span> <span class='ocrx_word' id='word_1_10' title='bbox 1369 439 1564 507; x_wconf 86' lang='lat' dir='ltr'><strong>Patre,</strong></span> <span class='ocrx_word' id='word_1_11' title='bbox 1603 440 1853 513; x_wconf 80' lang='lat' dir='ltr'><strong>Filioque</strong></span> <span class='ocrx_word' id='word_1_12' title='bbox 1893 455 2087 513; x_wconf 89' lang='lat' dir='ltr'><strong>prece-</strong></span> 
     </span>
    </p>
   </div>
   <div class='ocr_carea' id='block_1_3' title="bbox 2203 420 3771 525">
    <p class='ocr_par' dir='ltr' id='par_1_3' title="bbox 2203 420 3771 519">
     <span class='ocr_line' id='line_1_3' title="bbox 2203 420 3771 519; baseline 0.008 -22"><span class='ocrx_word' id='word_1_13' title='bbox 2203 445 2355 518; x_wconf 68' lang='grc' dir='ltr'>ρησὶ,</span> <span class='ocrx_word' id='word_1_14' title='bbox 2380 446 2722 512; x_wconf 77' lang='grc' dir='ltr'>,ϐαπτίσατε</span> <span class='ocrx_word' id='word_1_15' title='bbox 2770 449 2858 514; x_wconf 85' lang='grc' dir='ltr'>εἰς</span> <span class='ocrx_word' id='word_1_16' title='bbox 2909 447 2976 502; x_wconf 86' lang='grc' dir='ltr'><strong>τὸ</strong></span> <span class='ocrx_word' id='word_1_17' title='bbox 3004 420 3193 519; x_wconf 58' lang='lat' dir='ltr'><strong>broad</strong></span> <span class='ocrx_word' id='word_1_18' title='bbox 3219 449 3451 519; x_wconf 80' lang='grc' dir='ltr'>Πατρός</span> <span class='ocrx_word' id='word_1_19' title='bbox 3497 450 3597 507; x_wconf 78' lang='grc' dir='ltr'>καὶ</span> <span class='ocrx_word' id='word_1_20' title='bbox 3632 452 3771 509; x_wconf 82' lang='grc' dir='ltr'>Υίοῦ</span> 
     </span>
    </p>
   </div>
   <div class='ocr_carea' id='block_1_4' title="bbox 502 532 2086 604">
    <p class='ocr_par' dir='ltr' id='par_1_4' title="bbox 502 532 2086 604">
     <span class='ocr_line' id='line_1_4' title="bbox 502 532 2086 604; baseline -0.002 -14"><span class='ocrx_word' id='word_1_21' title='bbox 502 538 662 595; x_wconf 90' lang='lat' dir='ltr'><strong>dens.</strong></span> <span class='ocrx_word' id='word_1_22' title='bbox 693 541 750 590; x_wconf 86' lang='lat' dir='ltr'><strong>et</strong></span> <span class='ocrx_word' id='word_1_23' title='bbox 778 532 1141 604; x_wconf 74' lang='lat' dir='ltr'><strong>appellatione</strong></span> <span class='ocrx_word' id='word_1_24' title='bbox 1171 533 1386 589; x_wconf 88' lang='lat' dir='ltr'><strong>tertius.</strong></span> <span class='ocrx_word' id='word_1_25' title='bbox 1438 532 1636 588; x_wconf 83' lang='lat' dir='ltr'><strong>Euntes</strong></span> <span class='ocrx_word' id='word_1_26' title='bbox 1666 533 1834 599; x_wconf 90' lang='lat' dir='ltr'><strong>enim,</strong></span> <span class='ocrx_word' id='word_1_27' title='bbox 1888 533 2086 604; x_wconf 88' lang='lat' dir='ltr'><strong>inquit,</strong></span> 
     </span>
    </p>
   </div>
   <div class='ocr_carea' id='block_1_5' title="bbox 505 625 2087 698">
    <p class='ocr_par' dir='ltr' id='par_1_5' title="bbox 505 625 2087 698">
     <span class='ocr_line' id='line_1_5' title="bbox 505 625 2087 698; baseline 0.006 -20"><span class='ocrx_word' id='word_1_28' title='bbox 505 626 771 695; x_wconf 75' lang='lat' dir='ltr'><strong>baptizste</strong></span> <span class='ocrx_word' id='word_1_29' title='bbox 787 626 843 680; x_wconf 83' lang='lat' dir='ltr'><strong>in</strong></span> <span class='ocrx_word' id='word_1_30' title='bbox 857 626 1067 681; x_wconf 78' lang='lat' dir='ltr'><strong>nomine</strong></span> <span class='ocrx_word' id='word_1_31' title='bbox 1095 625 1278 682; x_wconf 81' lang='lat' dir='ltr'><strong>Patris</strong></span> <span class='ocrx_word' id='word_1_32' title='bbox 1300 636 1351 682; x_wconf 87' lang='lat' dir='ltr'><strong>et</strong></span> <span class='ocrx_word' id='word_1_33' title='bbox 1373 627 1505 683; x_wconf 82' lang='lat' dir='ltr'><strong>Filii</strong></span> <span class='ocrx_word' id='word_1_34' title='bbox 1523 638 1573 684; x_wconf 85' lang='lat' dir='ltr'><strong>et</strong></span> <span class='ocrx_word' id='word_1_35' title='bbox 1600 629 1835 698; x_wconf 74' lang='lat' dir='ltr'><strong>Spiritus</strong></span> <span class='ocrx_word' id='word_1_36' title='bbox 1857 632 2087 688; x_wconf 73' lang='lat' dir='ltr'><strong>sancti‘.</strong></span> 
     </span>
    </p>
   </div>
   <div class='ocr_carea' id='block_1_6' title="bbox 503 718 2092 792">
    <p class='ocr_par' dir='ltr' id='par_1_6' title="bbox 503 718 2092 792">
     <span class='ocr_line' id='line_1_6' title="bbox 503 718 2092 792; baseline 0.004 -19"><span class='ocrx_word' id='word_1_37' title='bbox 503 721 583 773; x_wconf 83' lang='lat' dir='ltr'><strong>Ac</strong></span> <span class='ocrx_word' id='word_1_38' title='bbox 624 719 673 775; x_wconf 97' lang='lat' dir='ltr'><strong>si</strong></span> <span class='ocrx_word' id='word_1_39' title='bbox 717 718 880 774; x_wconf 87' lang='lat' dir='ltr'><strong>Pater</strong></span> <span class='ocrx_word' id='word_1_40' title='bbox 930 720 984 774; x_wconf 90' lang='lat' dir='ltr'><strong>in</strong></span> <span class='ocrx_word' id='word_1_41' title='bbox 1031 720 1252 777; x_wconf 81' lang='lat' dir='ltr'><strong>nomine</strong></span> <span class='ocrx_word' id='word_1_42' title='bbox 1295 737 1397 778; x_wconf 89' lang='lat' dir='ltr'><strong>suo</strong></span> <span class='ocrx_word' id='word_1_43' title='bbox 1440 721 1712 792; x_wconf 86' lang='lat' dir='ltr'><strong>baptizat,</strong></span> <span class='ocrx_word' id='word_1_44' title='bbox 1763 722 1818 777; x_wconf 91' lang='lat' dir='ltr'><strong>in</strong></span> <span class='ocrx_word' id='word_1_45' title='bbox 1868 722 2092 780; x_wconf 87' lang='lat' dir='ltr'><strong>nomine</strong></span> 
     </span>
    </p>
   </div>
   <div class='ocr_carea' id='block_1_7' title="bbox 507 808 2089 883">
    <p class='ocr_par' dir='ltr' id='par_1_7' title="bbox 507 808 2089 883">
     <span class='ocr_line' id='line_1_7' title="bbox 507 808 2089 883; baseline 0.003 -17"><span class='ocrx_word' id='word_1_46' title='bbox 507 808 639 878; x_wconf 85' lang='lat' dir='ltr'><strong>Dei;</strong></span> <span class='ocrx_word' id='word_1_47' title='bbox 666 809 1079 882; x_wconf 87' lang='lat' dir='ltr'><strong>perfectumque</strong></span> <span class='ocrx_word' id='word_1_48' title='bbox 1102 811 1339 883; x_wconf 81' lang='lat' dir='ltr'><strong>sigillum</strong></span> <span class='ocrx_word' id='word_1_49' title='bbox 1374 811 1505 866; x_wconf 92' lang='lat' dir='ltr'><strong>illud</strong></span> <span class='ocrx_word' id='word_1_50' title='bbox 1533 819 1619 867; x_wconf 88' lang='lat' dir='ltr'><strong>est</strong></span> <span class='ocrx_word' id='word_1_51' title='bbox 1649 812 1707 868; x_wconf 87' lang='lat' dir='ltr'><strong>in</strong></span> <span class='ocrx_word' id='word_1_52' title='bbox 1739 811 1834 868; x_wconf 94' lang='lat' dir='ltr'><strong>Dei</strong></span> <span class='ocrx_word' id='word_1_53' title='bbox 1866 813 2089 870; x_wconf 87' lang='lat' dir='ltr'><strong>nomine</strong></span> 
     </span>
    </p>
   </div>
   <div class='ocr_carea' id='block_1_8' title="bbox 504 900 2090 974">
    <p class='ocr_par' dir='ltr' id='par_1_8' title="bbox 504 900 2090 974">
     <span class='ocr_line' id='line_1_8' title="bbox 504 900 2090 974; baseline 0.003 -18"><span class='ocrx_word' id='word_1_54' title='bbox 504 903 563 956; x_wconf 91' lang='lat' dir='ltr'><strong>in</strong></span> <span class='ocrx_word' id='word_1_55' title='bbox 592 900 752 957; x_wconf 89' lang='lat' dir='ltr'><strong>nobis</strong></span> <span class='ocrx_word' id='word_1_56' title='bbox 782 901 1166 974; x_wconf 77' lang='lat' dir='ltr'><strong>obsignatum;</strong></span> <span class='ocrx_word' id='word_1_57' title='bbox 1198 910 1252 957; x_wconf 91' lang='lat' dir='ltr'><strong>et</strong></span> <span class='ocrx_word' id='word_1_58' title='bbox 1279 902 1327 957; x_wconf 87' lang='lat' dir='ltr'><strong>si</strong></span> <span class='ocrx_word' id='word_1_59' title='bbox 1359 901 1613 959; x_wconf 76' lang='lat' dir='ltr'><strong>Christus</strong></span> <span class='ocrx_word' id='word_1_60' title='bbox 1652 905 1708 960; x_wconf 93' lang='lat' dir='ltr'><strong>in</strong></span> <span class='ocrx_word' id='word_1_61' title='bbox 1740 905 1961 961; x_wconf 89' lang='lat' dir='ltr'><strong>nomine</strong></span> <span class='ocrx_word' id='word_1_62' title='bbox 1988 921 2090 962; x_wconf 91' lang='lat' dir='ltr'><strong>suo</strong></span> 
     </span>
    </p>
   </div>
   <div class='ocr_carea' id='block_1_9' title="bbox 509 990 2063 1067">
    <p class='ocr_par' dir='ltr' id='par_1_9' title="bbox 509 990 2063 1067">
     <span class='ocr_line' id='line_1_9' title="bbox 509 990 2063 1067; baseline 0.005 -21"><span class='ocrx_word' id='word_1_63' title='bbox 509 990 770 1063; x_wconf 81' lang='lat' dir='ltr'><strong>baptizat,</strong></span> <span class='ocrx_word' id='word_1_64' title='bbox 799 994 906 1050; x_wconf 91' lang='lat' dir='ltr'><strong>hoc</strong></span> <span class='ocrx_word' id='word_1_65' title='bbox 938 1003 1024 1050; x_wconf 89' lang='lat' dir='ltr'><strong>est</strong></span> <span class='ocrx_word' id='word_1_66' title='bbox 1051 995 1107 1049; x_wconf 92' lang='lat' dir='ltr'><strong>in</strong></span> <span class='ocrx_word' id='word_1_67' title='bbox 1136 992 1359 1049; x_wconf 86' lang='lat' dir='ltr'><strong>nomine</strong></span> <span class='ocrx_word' id='word_1_68' title='bbox 1401 993 1532 1064; x_wconf 88' lang='lat' dir='ltr'><strong>Dei;</strong></span> <span class='ocrx_word' id='word_1_69' title='bbox 1571 1002 1627 1052; x_wconf 90' lang='lat' dir='ltr'><strong>et</strong></span> <span class='ocrx_word' id='word_1_70' title='bbox 1669 995 1973 1067; x_wconf 86' lang='lat' dir='ltr'><strong>perfectum</strong></span> <span class='ocrx_word' id='word_1_71' title='bbox 2013 998 2063 1054; x_wconf 88' lang='lat' dir='ltr'><strong>si</strong></span> 
     </span>
    </p>
   </div>
   <div class='ocr_carea' id='block_1_10' title="bbox 508 1082 2092 1156">
    <p class='ocr_par' dir='ltr' id='par_1_10' title="bbox 508 1082 2092 1156">
     <span class='ocr_line' id='line_1_10' title="bbox 508 1082 2092 1156; baseline 0.003 -19"><span class='ocrx_word' id='word_1_72' title='bbox 508 1083 700 1156; x_wconf 74' lang='lat' dir='ltr'><strong>gillum</strong></span> <span class='ocrx_word' id='word_1_73' title='bbox 733 1082 866 1138; x_wconf 91' lang='lat' dir='ltr'><strong>illud</strong></span> <span class='ocrx_word' id='word_1_74' title='bbox 900 1091 1014 1150; x_wconf 86' lang='lat' dir='ltr'><strong>est,</strong></span> <span class='ocrx_word' id='word_1_75' title='bbox 1055 1097 1166 1153; x_wconf 91' lang='lat' dir='ltr'><strong>quo</strong></span> <span class='ocrx_word' id='word_1_76' title='bbox 1197 1083 1254 1139; x_wconf 88' lang='lat' dir='ltr'><strong>in</strong></span> <span class='ocrx_word' id='word_1_77' title='bbox 1281 1084 1505 1141; x_wconf 89' lang='lat' dir='ltr'><strong>nomine</strong></span> <span class='ocrx_word' id='word_1_78' title='bbox 1540 1083 1638 1141; x_wconf 87' lang='lat' dir='ltr'><strong>Dei</strong></span> <span class='ocrx_word' id='word_1_79' title='bbox 1666 1096 1884 1143; x_wconf 87' lang='lat' dir='ltr'><strong>nosmet</strong></span> <span class='ocrx_word' id='word_1_80' title='bbox 1940 1087 2092 1145; x_wconf 87' lang='lat' dir='ltr'><strong>obsi-</strong></span> 
     </span>
    </p>
   </div>
   <div class='ocr_carea' id='block_1_11' title="bbox 509 1171 2089 1246">
    <p class='ocr_par' dir='ltr' id='par_1_11' title="bbox 509 1171 2089 1246">
     <span class='ocr_line' id='line_1_11' title="bbox 509 1171 2089 1246; baseline 0.004 -19"><span class='ocrx_word' id='word_1_81' title='bbox 509 1187 744 1246; x_wconf 75' lang='lat' dir='ltr'><strong>gnamur</strong></span> <span class='ocrx_word' id='word_1_82' title='bbox 773 1171 875 1241; x_wconf 85' lang='lat' dir='ltr'><strong>ipsi</strong></span> <span class='ocrx_word' id='word_1_83' title='bbox 904 1190 919 1227; x_wconf 88' lang='lat'><strong>:</strong></span> <span class='ocrx_word' id='word_1_84' title='bbox 948 1172 1074 1242; x_wconf 87' lang='lat' dir='ltr'><strong>quis</strong></span> <span class='ocrx_word' id='word_1_85' title='bbox 1107 1179 1217 1227; x_wconf 89' lang='lat' dir='ltr'><strong>tam</strong></span> <span class='ocrx_word' id='word_1_86' title='bbox 1248 1174 1553 1231; x_wconf 88' lang='lat' dir='ltr'><strong>eritanimo</strong></span> <span class='ocrx_word' id='word_1_87' title='bbox 1585 1191 1684 1233; x_wconf 92' lang='lat' dir='ltr'><strong>suo</strong></span> <span class='ocrx_word' id='word_1_88' title='bbox 1712 1176 1888 1233; x_wconf 90' lang='lat' dir='ltr'><strong>hostis</strong></span> <span class='ocrx_word' id='word_1_89' title='bbox 1909 1187 1963 1234; x_wconf 92' lang='lat' dir='ltr'><strong>et</strong></span> <span class='ocrx_word' id='word_1_90' title='bbox 2002 1179 2089 1234; x_wconf 85' lang='lat' dir='ltr'><strong>in-</strong></span> 
     </span>
    </p>
   </div>
   <div class='ocr_carea' id='block_1_12' title="bbox 429 1261 2094 1338">
    <p class='ocr_par' dir='ltr' id='par_1_12' title="bbox 429 1261 2094 1338">
     <span class='ocr_line' id='line_1_12' title="bbox 429 1261 2094 1338; baseline 0.003 -20"><span class='ocrx_word' id='word_1_91' title='bbox 429 1295 432 1298; x_wconf 83' lang='lat'><strong><em>~</em></strong></span> <span class='ocrx_word' id='word_1_92' title='bbox 508 1264 720 1327; x_wconf 85' lang='lat' dir='ltr'><strong>fensus,</strong></span> <span class='ocrx_word' id='word_1_93' title='bbox 743 1262 980 1317; x_wconf 88' lang='lat' dir='ltr'><strong>alienum</strong></span> <span class='ocrx_word' id='word_1_94' title='bbox 1005 1270 1064 1318; x_wconf 92' lang='lat' dir='ltr'><strong>ut</strong></span> <span class='ocrx_word' id='word_1_95' title='bbox 1089 1261 1354 1333; x_wconf 85' lang='lat' dir='ltr'><strong>Spiritum</strong></span> <span class='ocrx_word' id='word_1_96' title='bbox 1378 1280 1410 1320; x_wconf 88' lang='lat' dir='ltr'><strong>a</strong></span> <span class='ocrx_word' id='word_1_97' title='bbox 1435 1265 1719 1323; x_wconf 83' lang='lat' dir='ltr'><strong>divinitate</strong></span> <span class='ocrx_word' id='word_1_98' title='bbox 1746 1267 2094 1338; x_wconf 85' lang='lat' dir='ltr'><strong>pronuntiet?</strong></span> 
     </span>
    </p>
   </div>
   <div class='ocr_carea' id='block_1_13' title="bbox 508 1352 2092 1425">
    <p class='ocr_par' dir='ltr' id='par_1_13' title="bbox 508 1352 2092 1425">
     <span class='ocr_line' id='line_1_13' title="bbox 508 1352 2092 1425; baseline 0.006 -17"><span class='ocrx_word' id='word_1_99' title='bbox 508 1352 647 1408; x_wconf 87' lang='lat' dir='ltr'><strong>Cum</strong></span> <span class='ocrx_word' id='word_1_100' title='bbox 679 1353 825 1409; x_wconf 90' lang='lat' dir='ltr'><strong>enim</strong></span> <span class='ocrx_word' id='word_1_101' title='bbox 866 1355 924 1410; x_wconf 87' lang='lat' dir='ltr'><strong>itt</strong></span> <span class='ocrx_word' id='word_1_102' title='bbox 955 1356 1177 1413; x_wconf 90' lang='lat' dir='ltr'><strong>nomine</strong></span> <span class='ocrx_word' id='word_1_103' title='bbox 1206 1356 1302 1414; x_wconf 92' lang='lat' dir='ltr'><strong>Dei</strong></span> <span class='ocrx_word' id='word_1_104' title='bbox 1325 1361 1369 1425; x_wconf 81' lang='grc'>³,</span> <span class='ocrx_word' id='word_1_105' title='bbox 1396 1365 1450 1415; x_wconf 89' lang='lat' dir='ltr'><strong>et</strong></span> <span class='ocrx_word' id='word_1_106' title='bbox 1495 1359 1552 1414; x_wconf 91' lang='lat' dir='ltr'><strong>in</strong></span> <span class='ocrx_word' id='word_1_107' title='bbox 1595 1360 1817 1415; x_wconf 86' lang='lat' dir='ltr'><strong>nomine</strong></span> <span class='ocrx_word' id='word_1_108' title='bbox 1846 1359 1989 1425; x_wconf 87' lang='lat' dir='ltr'><strong>Filii,</strong></span> <span class='ocrx_word' id='word_1_109' title='bbox 2036 1367 2092 1417; x_wconf 91' lang='lat' dir='ltr'><strong>et</strong></span> 
     </span>
    </p>
   </div>
   <div class='ocr_carea' id='block_1_14' title="bbox 2191 536 3774 617">
    <p class='ocr_par' dir='ltr' id='par_1_14' title="bbox 2191 536 3774 617">
     <span class='ocr_line' id='line_1_14' title="bbox 2191 536 3774 617; baseline 0.005 -26"><span class='ocrx_word' id='word_1_110' title='bbox 2191 536 2289 591; x_wconf 75' lang='grc' dir='ltr'><strong>καί</strong></span> <span class='ocrx_word' id='word_1_111' title='bbox 2321 536 2495 609; x_wconf 70' lang='grc' dir='ltr'>ἁγίου</span> <span class='ocrx_word' id='word_1_112' title='bbox 2520 539 2885 610; x_wconf 83' lang='grc' dir='ltr'>Πνεύματος.</span> <span class='ocrx_word' id='word_1_113' title='bbox 2925 539 2989 593; x_wconf 75' lang='grc' dir='ltr'><strong>Εἰ</strong></span> <span class='ocrx_word' id='word_1_114' title='bbox 3015 539 3073 593; x_wconf 83' lang='grc' dir='ltr'><strong>δὲ</strong></span> <span class='ocrx_word' id='word_1_115' title='bbox 3106 537 3357 611; x_wconf 80' lang='grc' dir='ltr'><strong>βαπτίζει</strong></span> <span class='ocrx_word' id='word_1_116' title='bbox 3407 542 3436 596; x_wconf 99' lang='lat'><strong>6</strong></span> <span class='ocrx_word' id='word_1_117' title='bbox 3471 542 3661 617; x_wconf 81' lang='grc' dir='ltr'>Πατὴρ</span> <span class='ocrx_word' id='word_1_118' title='bbox 3690 543 3774 614; x_wconf 82' lang='grc' dir='ltr'><strong>είς</strong></span> 
     </span>
    </p>
   </div>
   <div class='ocr_carea' id='block_1_15' title="bbox 2191 628 3772 710">
    <p class='ocr_par' dir='ltr' id='par_1_15' title="bbox 2191 628 3772 710">
     <span class='ocr_line' id='line_1_15' title="bbox 2191 628 3772 710; baseline 0.005 -27"><span class='ocrx_word' id='word_1_119' title='bbox 2191 628 2362 702; x_wconf 77' lang='grc' dir='ltr'>ὸνομα</span> <span class='ocrx_word' id='word_1_120' title='bbox 2393 628 2589 684; x_wconf 78' lang='grc' dir='ltr'>ἑαυτοῦ</span> <span class='ocrx_word' id='word_1_121' title='bbox 2610 673 2625 699; x_wconf 94' lang='grc'><strong>,</strong></span> <span class='ocrx_word' id='word_1_122' title='bbox 2652 633 2733 695; x_wconf 83' lang='grc' dir='ltr'><strong>είς</strong></span> <span class='ocrx_word' id='word_1_123' title='bbox 2758 631 2931 703; x_wconf 75' lang='grc' dir='ltr'>ὄνομα</span> <span class='ocrx_word' id='word_1_124' title='bbox 2964 631 3101 686; x_wconf 85' lang='grc' dir='ltr'>Θεοῦ</span> <span class='ocrx_word' id='word_1_125' title='bbox 3121 673 3138 700; x_wconf 91' lang='grc'><strong>,</strong></span> <span class='ocrx_word' id='word_1_126' title='bbox 3181 634 3276 687; x_wconf 73' lang='grc' dir='ltr'>καὶ</span> <span class='ocrx_word' id='word_1_127' title='bbox 3312 634 3495 691; x_wconf 84' lang='grc' dir='ltr'>τελεία</span> <span class='ocrx_word' id='word_1_128' title='bbox 3526 637 3564 709; x_wconf 82' lang='grc' dir='ltr'><strong>ή</strong></span> <span class='ocrx_word' id='word_1_129' title='bbox 3594 654 3772 710; x_wconf 72' lang='grc' dir='ltr'>σφραο</span> 
     </span>
    </p>
   </div>
   <div class='ocr_carea' id='block_1_16' title="bbox 2190 721 3777 800">
    <p class='ocr_par' dir='ltr' id='par_1_16' title="bbox 2190 721 3777 800">
     <span class='ocr_line' id='line_1_16' title="bbox 2190 721 3777 800; baseline 0.008 -27"><span class='ocrx_word' id='word_1_130' title='bbox 2190 721 2280 790; x_wconf 77' lang='grc' dir='ltr'>γἰς</span> <span class='ocrx_word' id='word_1_131' title='bbox 2317 722 2374 776; x_wconf 85' lang='grc' dir='ltr'>ὲν</span> <span class='ocrx_word' id='word_1_132' title='bbox 2417 722 2643 794; x_wconf 87' lang='grc' dir='ltr'>ὀνόματι</span> <span class='ocrx_word' id='word_1_133' title='bbox 2687 722 2821 776; x_wconf 88' lang='grc' dir='ltr'>Θεοῦ</span> <span class='ocrx_word' id='word_1_134' title='bbox 2869 724 3283 799; x_wconf 76' lang='grc' dir='ltr'>ἓσφραγισμένη</span> <span class='ocrx_word' id='word_1_135' title='bbox 3337 727 3397 783; x_wconf 79' lang='grc' dir='ltr'>ὲν</span> <span class='ocrx_word' id='word_1_136' title='bbox 3451 729 3584 800; x_wconf 76' lang='grc' dir='ltr'>ἡμῖν</span> <span class='ocrx_word' id='word_1_137' title='bbox 3609 742 3626 758; x_wconf 86' lang='grc'>⁶</span> <span class='ocrx_word' id='word_1_138' title='bbox 3678 730 3777 791; x_wconf 66' lang='grc' dir='ltr'>καὶ</span> 
     </span>
    </p>
   </div>
   <div class='ocr_carea' id='block_1_17' title="bbox 2194 813 3772 890">
    <p class='ocr_par' dir='ltr' id='par_1_17' title="bbox 2194 813 3772 890">
     <span class='ocr_line' id='line_1_17' title="bbox 2194 813 3772 890; baseline 0.004 -22"><span class='ocrx_word' id='word_1_139' title='bbox 2194 813 2444 885; x_wconf 82' lang='grc' dir='ltr'><strong>βαπτίζει</strong></span> <span class='ocrx_word' id='word_1_140' title='bbox 2466 814 2702 887; x_wconf 84' lang='grc' dir='ltr'>Χριστὸς</span> <span class='ocrx_word' id='word_1_141' title='bbox 2726 816 2807 884; x_wconf 81' lang='grc' dir='ltr'><strong>εἰς</strong></span> <span class='ocrx_word' id='word_1_142' title='bbox 2832 814 3004 888; x_wconf 73' lang='grc' dir='ltr'>ὄνομα</span> <span class='ocrx_word' id='word_1_143' title='bbox 3036 815 3230 878; x_wconf 81' lang='grc' dir='ltr'>ἑαυτοῦ</span> <span class='ocrx_word' id='word_1_144' title='bbox 3255 859 3271 883; x_wconf 89' lang='grc'><strong>,</strong></span> <span class='ocrx_word' id='word_1_145' title='bbox 3302 819 3383 883; x_wconf 77' lang='grc' dir='ltr'><strong>εἰς</strong></span> <span class='ocrx_word' id='word_1_146' title='bbox 3411 818 3586 890; x_wconf 76' lang='grc' dir='ltr'>ὄνομα</span> <span class='ocrx_word' id='word_1_147' title='bbox 3611 819 3772 889; x_wconf 90' lang='grc' dir='ltr'>Θεοῦ,</span> 
     </span>
    </p>
   </div>
   <div class='ocr_carea' id='block_1_18' title="bbox 2192 906 3776 986">
    <p class='ocr_par' dir='ltr' id='par_1_18' title="bbox 2192 906 3776 986">
     <span class='ocr_line' id='line_1_18' title="bbox 2192 906 3776 986; baseline 0.006 -26"><span class='ocrx_word' id='word_1_148' title='bbox 2192 906 2287 960; x_wconf 79' lang='grc' dir='ltr'><strong>καὶ</strong></span> <span class='ocrx_word' id='word_1_149' title='bbox 2314 906 2492 960; x_wconf 86' lang='grc' dir='ltr'>τελεία</span> <span class='ocrx_word' id='word_1_150' title='bbox 2515 908 2551 978; x_wconf 88' lang='grc' dir='ltr'><strong>ή</strong></span> <span class='ocrx_word' id='word_1_151' title='bbox 2581 907 2816 978; x_wconf 73' lang='grc' dir='ltr'>σφραγὶς</span> <span class='ocrx_word' id='word_1_152' title='bbox 2847 909 2905 963; x_wconf 78' lang='grc' dir='ltr'>ἐν</span> <span class='ocrx_word' id='word_1_153' title='bbox 2933 908 3158 981; x_wconf 84' lang='grc' dir='ltr'>ὀνόματι</span> <span class='ocrx_word' id='word_1_154' title='bbox 3189 909 3325 965; x_wconf 85' lang='grc' dir='ltr'><strong>Θεοῦ</strong></span> <span class='ocrx_word' id='word_1_155' title='bbox 3359 911 3776 986; x_wconf 78' lang='grc' dir='ltr'>ὲσφραγισμένη</span> 
     </span>
    </p>
   </div>
   <div class='ocr_carea' id='block_1_19' title="bbox 2191 997 3779 1075">
    <p class='ocr_par' dir='ltr' id='par_1_19' title="bbox 2191 997 3779 1075">
     <span class='ocr_line' id='line_1_19' title="bbox 2191 997 3779 1075; baseline 0.006 -25"><span class='ocrx_word' id='word_1_156' title='bbox 2191 998 2252 1052; x_wconf 71' lang='grc' dir='ltr'>ὲν</span> <span class='ocrx_word' id='word_1_157' title='bbox 2301 999 2434 1070; x_wconf 76' lang='grc' dir='ltr'>ἡμῖν</span> <span class='ocrx_word' id='word_1_158' title='bbox 2458 1011 2475 1033; x_wconf 63' lang='grc' dir='ltr'><strong>η</strong></span> <span class='ocrx_word' id='word_1_159' title='bbox 2499 998 2584 1062; x_wconf 87' lang='grc' dir='ltr'><strong>τίς</strong></span> <span class='ocrx_word' id='word_1_160' title='bbox 2615 997 2880 1071; x_wconf 83' lang='grc' dir='ltr'><strong>τολμήσει</strong></span> <span class='ocrx_word' id='word_1_161' title='bbox 2922 1000 3378 1074; x_wconf 78' lang='grc' dir='ltr'><strong>καταπολεμῆσαι</strong></span> <span class='ocrx_word' id='word_1_162' title='bbox 3429 1004 3530 1075; x_wconf 84' lang='grc' dir='ltr'>τὴν</span> <span class='ocrx_word' id='word_1_163' title='bbox 3581 1005 3779 1065; x_wconf 78' lang='grc' dir='ltr'>ἑαυτοῦ</span> 
     </span>
    </p>
   </div>
   <div class='ocr_carea' id='block_1_20' title="bbox 2191 1087 3779 1166">
    <p class='ocr_par' dir='ltr' id='par_1_20' title="bbox 2191 1087 3779 1166">
     <span class='ocr_line' id='line_1_20' title="bbox 2191 1087 3779 1166; baseline 0.004 -24"><span class='ocrx_word' id='word_1_164' title='bbox 2191 1087 2370 1162; x_wconf 77' lang='grc' dir='ltr'>ψυχὴν</span> <span class='ocrx_word' id='word_1_165' title='bbox 2393 1130 2410 1157; x_wconf 92' lang='grc'><strong>,</strong></span> <span class='ocrx_word' id='word_1_166' title='bbox 2436 1090 2500 1143; x_wconf 87' lang='grc' dir='ltr'><strong>τὸ</strong></span> <span class='ocrx_word' id='word_1_167' title='bbox 2550 1088 2779 1161; x_wconf 80' lang='grc' dir='ltr'><strong>Πνεῦμα</strong></span> <span class='ocrx_word' id='word_1_168' title='bbox 2824 1089 3102 1163; x_wconf 79' lang='grc' dir='ltr'>ἀλλότριον</span> <span class='ocrx_word' id='word_1_169' title='bbox 3140 1092 3242 1161; x_wconf 85' lang='grc' dir='ltr'>τῆς</span> <span class='ocrx_word' id='word_1_170' title='bbox 3273 1092 3530 1166; x_wconf 83' lang='grc' dir='ltr'><strong>θεότητος</strong></span> <span class='ocrx_word' id='word_1_171' title='bbox 3556 1094 3732 1165; x_wconf 80' lang='grc' dir='ltr'>λέγων</span> <span class='ocrx_word' id='word_1_172' title='bbox 3757 1112 3779 1162; x_wconf 79' lang='grc'><strong>;</strong></span> 
     </span>
    </p>
   </div>
   <div class='ocr_carea' id='block_1_21' title="bbox 2192 1179 3777 1257">
    <p class='ocr_par' dir='ltr' id='par_1_21' title="bbox 2192 1179 3777 1257">
     <span class='ocr_line' id='line_1_21' title="bbox 2192 1179 3777 1257; baseline 0.004 -22"><span class='ocrx_word' id='word_1_173' title='bbox 2192 1180 2258 1235; x_wconf 77' lang='lat' dir='ltr'><strong>Ei</strong></span> <span class='ocrx_word' id='word_1_174' title='bbox 2294 1179 2405 1254; x_wconf 85' lang='grc' dir='ltr'>γὰρ</span> <span class='ocrx_word' id='word_1_175' title='bbox 2451 1183 2533 1246; x_wconf 82' lang='grc' dir='ltr'>εἰς</span> <span class='ocrx_word' id='word_1_176' title='bbox 2578 1181 2749 1254; x_wconf 79' lang='grc' dir='ltr'>ὄνομα</span> <span class='ocrx_word' id='word_1_177' title='bbox 2776 1180 2911 1236; x_wconf 86' lang='grc' dir='ltr'>Θεοῦ</span> <span class='ocrx_word' id='word_1_178' title='bbox 2940 1182 2988 1249; x_wconf 70' lang='grc'><strong>⁸,</strong></span> <span class='ocrx_word' id='word_1_179' title='bbox 3020 1183 3117 1241; x_wconf 73' lang='grc' dir='ltr'>καὶ</span> <span class='ocrx_word' id='word_1_180' title='bbox 3146 1185 3225 1249; x_wconf 78' lang='grc' dir='ltr'><strong>είς</strong></span> <span class='ocrx_word' id='word_1_181' title='bbox 3271 1184 3444 1257; x_wconf 79' lang='grc' dir='ltr'>όνομα</span> <span class='ocrx_word' id='word_1_182' title='bbox 3472 1185 3610 1243; x_wconf 83' lang='grc' dir='ltr'>Υίοῦ</span> <span class='ocrx_word' id='word_1_183' title='bbox 3630 1225 3647 1253; x_wconf 94' lang='grc'><strong>,</strong></span> <span class='ocrx_word' id='word_1_184' title='bbox 3682 1188 3777 1242; x_wconf 82' lang='grc' dir='ltr'>καὶ</span> 
     </span>
    </p>
   </div>
   <div class='ocr_carea' id='block_1_22' title="bbox 2194 1274 3779 1352">
    <p class='ocr_par' dir='ltr' id='par_1_22' title="bbox 2194 1274 3779 1352">
     <span class='ocr_line' id='line_1_22' title="bbox 2194 1274 3779 1352; baseline 0.003 -24"><span class='ocrx_word' id='word_1_185' title='bbox 2194 1275 2274 1338; x_wconf 81' lang='grc' dir='ltr'><strong>είς</strong></span> <span class='ocrx_word' id='word_1_186' title='bbox 2309 1274 2480 1346; x_wconf 72' lang='grc' dir='ltr'>ὄνομα</span> <span class='ocrx_word' id='word_1_187' title='bbox 2519 1274 2676 1345; x_wconf 79' lang='grc' dir='ltr'>ἁγίου</span> <span class='ocrx_word' id='word_1_188' title='bbox 2707 1275 3058 1347; x_wconf 87' lang='grc' dir='ltr'>Πνεύματος,</span> <span class='ocrx_word' id='word_1_189' title='bbox 3091 1276 3190 1349; x_wconf 92' lang='grc' dir='ltr'><strong>μία</strong></span> <span class='ocrx_word' id='word_1_190' title='bbox 3219 1279 3459 1352; x_wconf 75' lang='grc' dir='ltr'>σφραγὶς</span> <span class='ocrx_word' id='word_1_191' title='bbox 3488 1278 3590 1351; x_wconf 87' lang='grc' dir='ltr'>τῆς</span> <span class='ocrx_word' id='word_1_192' title='bbox 3609 1279 3779 1352; x_wconf 83' lang='grc' dir='ltr'>Τριά-</span> 
     </span>
    </p>
   </div>
   <div class='ocr_carea' id='block_1_23' title="bbox 2192 1366 3778 1444">
    <p class='ocr_par' dir='ltr' id='par_1_23' title="bbox 2192 1366 3778 1444">
     <span class='ocr_line' id='line_1_23' title="bbox 2192 1366 3778 1444; baseline 0.003 -24"><span class='ocrx_word' id='word_1_193' title='bbox 2192 1366 2317 1430; x_wconf 86' lang='grc' dir='ltr'>δος,</span> <span class='ocrx_word' id='word_1_194' title='bbox 2356 1367 2455 1437; x_wconf 87' lang='grc' dir='ltr'><strong>μία</strong></span> <span class='ocrx_word' id='word_1_195' title='bbox 2487 1366 2596 1440; x_wconf 82' lang='grc' dir='ltr'>ἄρα</span> <span class='ocrx_word' id='word_1_196' title='bbox 2643 1366 2875 1439; x_wconf 86' lang='grc' dir='ltr'>δύναμις</span> <span class='ocrx_word' id='word_1_197' title='bbox 2910 1370 3012 1441; x_wconf 85' lang='grc' dir='ltr'>τῆς</span> <span class='ocrx_word' id='word_1_198' title='bbox 3048 1368 3302 1440; x_wconf 82' lang='grc' dir='ltr'>θεότητος</span> <span class='ocrx_word' id='word_1_199' title='bbox 3352 1371 3412 1424; x_wconf 81' lang='grc' dir='ltr'>ὲν</span> <span class='ocrx_word' id='word_1_200' title='bbox 3446 1369 3658 1444; x_wconf 79' lang='grc' dir='ltr'>Τριὰδι.</span> <span class='ocrx_word' id='word_1_201' title='bbox 3710 1369 3778 1428; x_wconf 79' lang='grc' dir='ltr'><strong>Εἰ</strong></span> 
     </span>
    </p>
   </div>
   <div class='ocr_carea' id='block_1_24' title="bbox 509 1449 2096 1531">
    <p class='ocr_par' dir='ltr' id='par_1_24' title="bbox 509 1449 2092 1522">
     <span class='ocr_line' id='line_1_24' title="bbox 509 1449 2092 1522; baseline 0.005 -19"><span class='ocrx_word' id='word_1_202' title='bbox 509 1449 567 1503; x_wconf 84' lang='grc' dir='ltr'>ἱιι</span> <span class='ocrx_word' id='word_1_203' title='bbox 607 1449 828 1507; x_wconf 87' lang='lat' dir='ltr'><strong>nomine</strong></span> <span class='ocrx_word' id='word_1_204' title='bbox 869 1450 1044 1506; x_wconf 84' lang='lat' dir='ltr'><strong>sancti</strong></span> <span class='ocrx_word' id='word_1_205' title='bbox 1081 1450 1319 1522; x_wconf 88' lang='lat' dir='ltr'><strong>Spiritus</strong></span> <span class='ocrx_word' id='word_1_206' title='bbox 1363 1469 1533 1509; x_wconf 91' lang='lat' dir='ltr'><strong>unum</strong></span> <span class='ocrx_word' id='word_1_207' title='bbox 1569 1453 1643 1511; x_wconf 88' lang='lat' dir='ltr'><strong>sit</strong></span> <span class='ocrx_word' id='word_1_208' title='bbox 1685 1453 1973 1510; x_wconf 84' lang='lat' dir='ltr'><strong>Trinitatis</strong></span> <span class='ocrx_word' id='word_1_209' title='bbox 2015 1455 2092 1511; x_wconf 90' lang='lat' dir='ltr'><strong>si-</strong></span> 
     </span>
    </p>
   </div>
   <div class='ocr_carea' id='block_1_25' title="bbox 2203 1449 3784 1531">
    <p class='ocr_par' dir='ltr' id='par_1_25' title="bbox 2203 1459 3784 1531">
     <span class='ocr_line' id='line_1_25' title="bbox 2203 1459 3784 1531; baseline 0.003 -17"><span class='ocrx_word' id='word_1_210' title='bbox 2203 1460 2252 1514; x_wconf 62' lang='lat' dir='ltr'><strong>5e</strong></span> <span class='ocrx_word' id='word_1_211' title='bbox 2283 1459 2343 1516; x_wconf 75' lang='grc' dir='ltr'><strong>τὸ</strong></span> <span class='ocrx_word' id='word_1_212' title='bbox 2373 1460 2432 1515; x_wconf 72' lang='grc' dir='ltr'>ἓν</span> <span class='ocrx_word' id='word_1_213' title='bbox 2462 1462 2578 1515; x_wconf 79' lang='grc' dir='ltr'>εστι</span> <span class='ocrx_word' id='word_1_214' title='bbox 2615 1461 2749 1526; x_wconf 83' lang='grc' dir='ltr'>Θεὸς</span> <span class='ocrx_word' id='word_1_215' title='bbox 2771 1503 2786 1529; x_wconf 90' lang='grc'><strong>,</strong></span> <span class='ocrx_word' id='word_1_216' title='bbox 2820 1462 2889 1516; x_wconf 78' lang='grc' dir='ltr'>τὰ</span> <span class='ocrx_word' id='word_1_217' title='bbox 2915 1462 2972 1517; x_wconf 82' lang='grc' dir='ltr'><strong>δὲ</strong></span> <span class='ocrx_word' id='word_1_218' title='bbox 3000 1462 3137 1519; x_wconf 79' lang='grc' dir='ltr'>ἄλλα</span> <span class='ocrx_word' id='word_1_219' title='bbox 3163 1463 3380 1529; x_wconf 69' lang='lat' dir='ltr'><strong>mm,</strong></span> <span class='ocrx_word' id='word_1_220' title='bbox 3406 1463 3501 1520; x_wconf 79' lang='grc' dir='ltr'>καὶ</span> <span class='ocrx_word' id='word_1_221' title='bbox 3525 1465 3587 1519; x_wconf 76' lang='grc' dir='ltr'>οὐ</span> <span class='ocrx_word' id='word_1_222' title='bbox 3622 1464 3784 1531; x_wconf 81' lang='grc' dir='ltr'>Θεὸς,</span> 
     </span>
    </p>
   </div>
   <div class='ocr_carea' id='block_1_26' title="bbox 510 1538 2096 1628">
    <p class='ocr_par' dir='ltr' id='par_1_26' title="bbox 510 1538 2094 1612">
     <span class='ocr_line' id='line_1_26' title="bbox 510 1538 2094 1612; baseline 0.005 -21"><span class='ocrx_word' id='word_1_223' title='bbox 510 1538 721 1609; x_wconf 70' lang='lat' dir='ltr'><strong>gillum,</strong></span> <span class='ocrx_word' id='word_1_224' title='bbox 751 1554 1097 1612; x_wconf 87' lang='lat' dir='ltr'><strong>consequens</strong></span> <span class='ocrx_word' id='word_1_225' title='bbox 1122 1552 1206 1599; x_wconf 90' lang='lat' dir='ltr'><strong>est</strong></span> <span class='ocrx_word' id='word_1_226' title='bbox 1230 1558 1397 1599; x_wconf 89' lang='lat' dir='ltr'><strong>unam</strong></span> <span class='ocrx_word' id='word_1_227' title='bbox 1420 1558 1541 1600; x_wconf 89' lang='lat' dir='ltr'><strong>esse</strong></span> <span class='ocrx_word' id='word_1_228' title='bbox 1568 1543 1872 1600; x_wconf 84' lang='lat' dir='ltr'><strong>divinitatis</strong></span> <span class='ocrx_word' id='word_1_229' title='bbox 1894 1544 1949 1598; x_wconf 92' lang='lat' dir='ltr'><strong>in</strong></span> <span class='ocrx_word' id='word_1_230' title='bbox 1972 1542 2094 1599; x_wconf 85' lang='lat' dir='ltr'><strong>Tri-</strong></span> 
     </span>
    </p>
   </div>
   <div class='ocr_carea' id='block_1_27' title="bbox 2203 1538 3781 1628">
    <p class='ocr_par' dir='ltr' id='par_1_27' title="bbox 2203 1552 3781 1628">
     <span class='ocr_line' id='line_1_27' title="bbox 2203 1552 3781 1628; baseline 0.004 -23"><span class='ocrx_word' id='word_1_231' title='bbox 2203 1552 2301 1605; x_wconf 81' lang='grc' dir='ltr'>τίνι</span> <span class='ocrx_word' id='word_1_232' title='bbox 2332 1552 2473 1625; x_wconf 85' lang='grc' dir='ltr'>λόγῳ</span> <span class='ocrx_word' id='word_1_233' title='bbox 2510 1553 2813 1609; x_wconf 80' lang='grc' dir='ltr'>συνδέδεται</span> <span class='ocrx_word' id='word_1_234' title='bbox 2842 1554 2913 1608; x_wconf 79' lang='grc' dir='ltr'>τὰ</span> <span class='ocrx_word' id='word_1_235' title='bbox 2957 1554 3052 1609; x_wconf 84' lang='grc' dir='ltr'><strong>δύο</strong></span> <span class='ocrx_word' id='word_1_236' title='bbox 3099 1557 3180 1620; x_wconf 85' lang='grc' dir='ltr'><strong>είς</strong></span> <span class='ocrx_word' id='word_1_237' title='bbox 3207 1555 3268 1610; x_wconf 87' lang='grc' dir='ltr'><strong>τὸ</strong></span> <span class='ocrx_word' id='word_1_238' title='bbox 3297 1555 3357 1611; x_wconf 82' lang='grc' dir='ltr'>ἓν</span> <span class='ocrx_word' id='word_1_239' title='bbox 3399 1558 3466 1628; x_wconf 82' lang='grc' dir='ltr'>τῇ</span> <span class='ocrx_word' id='word_1_240' title='bbox 3524 1556 3781 1628; x_wconf 77' lang='grc' dir='ltr'>σφραγῖδι</span> 
     </span>
    </p>
   </div>
   <div class='ocr_carea' id='block_1_28' title="bbox 511 1625 2096 1719">
    <p class='ocr_par' dir='ltr' id='par_1_28' title="bbox 511 1625 2088 1703">
     <span class='ocr_line' id='line_1_28' title="bbox 511 1625 2088 1703; baseline 0.008 -26"><span class='ocrx_word' id='word_1_241' title='bbox 511 1625 685 1681; x_wconf 87' lang='lat' dir='ltr'><strong>nitate</strong></span> <span class='ocrx_word' id='word_1_242' title='bbox 723 1626 1001 1683; x_wconf 78' lang='lat' dir='ltr'><strong>virtutem.</strong></span> <span class='ocrx_word' id='word_1_243' title='bbox 1037 1627 1194 1695; x_wconf 87' lang='lat' dir='ltr'><strong>Quod</strong></span> <span class='ocrx_word' id='word_1_244' title='bbox 1235 1631 1283 1686; x_wconf 89' lang='lat' dir='ltr'><strong>si</strong></span> <span class='ocrx_word' id='word_1_245' title='bbox 1326 1646 1496 1686; x_wconf 91' lang='lat' dir='ltr'><strong>unum</strong></span> <span class='ocrx_word' id='word_1_246' title='bbox 1538 1631 1745 1703; x_wconf 88' lang='lat' dir='ltr'><strong>aliquid</strong></span> <span class='ocrx_word' id='word_1_247' title='bbox 1787 1631 1932 1688; x_wconf 88' lang='lat' dir='ltr'><strong>Deus</strong></span> <span class='ocrx_word' id='word_1_248' title='bbox 1969 1642 2088 1702; x_wconf 84' lang='lat' dir='ltr'><strong>est;</strong></span> 
     </span>
    </p>
   </div>
   <div class='ocr_carea' id='block_1_29' title="bbox 2203 1625 3780 1719">
    <p class='ocr_par' dir='ltr' id='par_1_29' title="bbox 2203 1625 3780 1719">
     <span class='ocr_line' id='line_1_29' title="bbox 2203 1625 3780 1719; baseline 0.004 -24"><span class='ocrx_word' id='word_1_249' title='bbox 2203 1643 2295 1714; x_wconf 80' lang='grc' dir='ltr'>τῆς</span> <span class='ocrx_word' id='word_1_250' title='bbox 2339 1642 2704 1714; x_wconf 86' lang='grc' dir='ltr'>τελειότητος;</span> <span class='ocrx_word' id='word_1_251' title='bbox 2759 1644 2901 1717; x_wconf 82' lang='grc' dir='ltr'>Ἀρα</span> <span class='ocrx_word' id='word_1_252' title='bbox 2950 1645 3081 1716; x_wconf 85' lang='grc' dir='ltr'>γοῦν</span> <span class='ocrx_word' id='word_1_253' title='bbox 3135 1647 3218 1710; x_wconf 84' lang='grc' dir='ltr'><strong>είς</strong></span> <span class='ocrx_word' id='word_1_254' title='bbox 3275 1625 3780 1719; x_wconf 68' lang='grc' dir='ltr'>βασιλικὸν</span> 
     </span>
    </p>
   </div>
   <div class='ocr_carea' id='block_1_30' title="bbox 513 1722 2096 1809">
    <p class='ocr_par' dir='ltr' id='par_1_30' title="bbox 513 1722 2090 1796">
     <span class='ocr_line' id='line_1_30' title="bbox 513 1722 2090 1796; baseline 0.005 -23"><span class='ocrx_word' id='word_1_255' title='bbox 513 1725 708 1774; x_wconf 66' lang='lat' dir='ltr'><strong>caetera</strong></span> <span class='ocrx_word' id='word_1_256' title='bbox 741 1728 947 1784; x_wconf 86' lang='lat' dir='ltr'><strong>creata,</strong></span> <span class='ocrx_word' id='word_1_257' title='bbox 985 1736 1096 1778; x_wconf 89' lang='lat' dir='ltr'><strong>non</strong></span> <span class='ocrx_word' id='word_1_258' title='bbox 1128 1722 1310 1780; x_wconf 90' lang='lat' dir='ltr'><strong>Deus:</strong></span> <span class='ocrx_word' id='word_1_259' title='bbox 1341 1739 1451 1796; x_wconf 89' lang='lat' dir='ltr'><strong>qua</strong></span> <span class='ocrx_word' id='word_1_260' title='bbox 1490 1725 1709 1780; x_wconf 85' lang='lat' dir='ltr'><strong>tandem</strong></span> <span class='ocrx_word' id='word_1_261' title='bbox 1740 1726 1952 1782; x_wconf 88' lang='lat' dir='ltr'><strong>ratione</strong></span> <span class='ocrx_word' id='word_1_262' title='bbox 1979 1725 2090 1781; x_wconf 89' lang='lat' dir='ltr'><strong>duo</strong></span> 
     </span>
    </p>
   </div>
   <div class='ocr_carea' id='block_1_31' title="bbox 2203 1722 3782 1809">
    <p class='ocr_par' dir='ltr' id='par_1_31' title="bbox 2203 1736 3782 1809">
     <span class='ocr_line' id='line_1_31' title="bbox 2203 1736 3782 1809; baseline 0.002 -19"><span class='ocrx_word' id='word_1_263' title='bbox 2203 1736 2643 1809; x_wconf 77' lang='grc' dir='ltr'>ὲσφραγίσθημεν</span> <span class='ocrx_word' id='word_1_264' title='bbox 2670 1737 2733 1792; x_wconf 92' lang='grc' dir='ltr'><strong>τὸ</strong></span> <span class='ocrx_word' id='word_1_265' title='bbox 2761 1737 2820 1793; x_wconf 79' lang='grc' dir='ltr'>ἓν</span> <span class='ocrx_word' id='word_1_266' title='bbox 2864 1737 2959 1791; x_wconf 91' lang='grc' dir='ltr'><strong>τοῦ</strong></span> <span class='ocrx_word' id='word_1_267' title='bbox 2990 1737 3236 1809; x_wconf 84' lang='grc' dir='ltr'>Πατρὸς,</span> <span class='ocrx_word' id='word_1_268' title='bbox 3284 1737 3380 1793; x_wconf 75' lang='grc' dir='ltr'>καὶ</span> <span class='ocrx_word' id='word_1_269' title='bbox 3410 1737 3482 1792; x_wconf 84' lang='grc' dir='ltr'><strong>τὰ</strong></span> <span class='ocrx_word' id='word_1_270' title='bbox 3534 1736 3670 1792; x_wconf 72' lang='grc' dir='ltr'>ἄλλα</span> <span class='ocrx_word' id='word_1_271' title='bbox 3716 1740 3782 1793; x_wconf 80' lang='grc' dir='ltr'><strong>οὐ</strong></span> 
     </span>
    </p>
   </div>
   <div class='ocr_carea' id='block_1_32' title="bbox 512 1797 2096 1900">
    <p class='ocr_par' dir='ltr' id='par_1_32' title="bbox 512 1810 2096 1889">
     <span class='ocr_line' id='line_1_32' title="bbox 512 1810 2096 1889; baseline 0.005 -24"><span class='ocrx_word' id='word_1_272' title='bbox 512 1811 569 1865; x_wconf 86' lang='lat' dir='ltr'><strong>in</strong></span> <span class='ocrx_word' id='word_1_273' title='bbox 593 1824 761 1865; x_wconf 89' lang='lat' dir='ltr'><strong>unum</strong></span> <span class='ocrx_word' id='word_1_274' title='bbox 803 1810 1156 1882; x_wconf 83' lang='lat' dir='ltr'><strong>perfectionis</strong></span> <span class='ocrx_word' id='word_1_275' title='bbox 1198 1814 1380 1887; x_wconf 79' lang='lat' dir='ltr'><strong>sigillo</strong></span> <span class='ocrx_word' id='word_1_276' title='bbox 1423 1816 1673 1888; x_wconf 78' lang='lat' dir='ltr'><strong>colligata</strong></span> <span class='ocrx_word' id='word_1_277' title='bbox 1714 1817 1890 1874; x_wconf 85' lang='lat' dir='ltr'><strong>sunt?</strong></span> <span class='ocrx_word' id='word_1_278' title='bbox 1927 1817 2096 1889; x_wconf 82' lang='lat' dir='ltr'><strong>Igitur</strong></span> 
     </span>
    </p>
   </div>
   <div class='ocr_carea' id='block_1_33' title="bbox 2203 1797 3784 1900">
    <p class='ocr_par' dir='ltr' id='par_1_33' title="bbox 2203 1797 3784 1900">
     <span class='ocr_line' id='line_1_33' title="bbox 2203 1797 3784 1900; baseline 0 -19"><span class='ocrx_word' id='word_1_279' title='bbox 2203 1797 2459 1900; x_wconf 71' lang='grc' dir='ltr'>βασιλικὰ</span> <span class='ocrx_word' id='word_1_280' title='bbox 2478 1869 2494 1896; x_wconf 91' lang='grc'><strong>,</strong></span> <span class='ocrx_word' id='word_1_281' title='bbox 2525 1797 2643 1885; x_wconf 52' lang='grc' dir='ltr'><strong>Ξλῖ</strong></span> <span class='ocrx_word' id='word_1_282' title='bbox 2672 1827 2753 1882; x_wconf 78' lang='grc' dir='ltr'>ἔτι</span> <span class='ocrx_word' id='word_1_283' title='bbox 2783 1827 3070 1900; x_wconf 79' lang='grc' dir='ltr'>στοιχείοις</span> <span class='ocrx_word' id='word_1_284' title='bbox 3099 1797 3197 1882; x_wconf 61' lang='grc' dir='ltr'><strong>δὶαὶ</strong></span> <span class='ocrx_word' id='word_1_285' title='bbox 3219 1797 3489 1900; x_wconf 64' lang='grc' dir='ltr'>κτίσμασι</span> <span class='ocrx_word' id='word_1_286' title='bbox 3520 1827 3784 1883; x_wconf 82' lang='grc' dir='ltr'>δεδουλὼ-</span> 
     </span>
    </p>
   </div>
   <div class='ocr_carea' id='block_1_34' title="bbox 513 1901 2096 1993">
    <p class='ocr_par' dir='ltr' id='par_1_34' title="bbox 513 1901 2095 1985">
     <span class='ocr_line' id='line_1_34' title="bbox 513 1901 2095 1985; baseline 0.006 -27"><span class='ocrx_word' id='word_1_287' title='bbox 513 1901 571 1958; x_wconf 90' lang='lat' dir='ltr'><strong>in</strong></span> <span class='ocrx_word' id='word_1_288' title='bbox 604 1917 776 1958; x_wconf 90' lang='lat' dir='ltr'><strong>unum</strong></span> <span class='ocrx_word' id='word_1_289' title='bbox 815 1902 1079 1961; x_wconf 82' lang='lat' dir='ltr'><strong>duntaxat</strong></span> <span class='ocrx_word' id='word_1_290' title='bbox 1119 1907 1329 1979; x_wconf 78' lang='lat' dir='ltr'><strong>regium</strong></span> <span class='ocrx_word' id='word_1_291' title='bbox 1367 1922 1570 1985; x_wconf 89' lang='lat' dir='ltr'><strong>nomen</strong></span> <span class='ocrx_word' id='word_1_292' title='bbox 1612 1907 1793 1966; x_wconf 82' lang='lat' dir='ltr'><strong>Patris</strong></span> <span class='ocrx_word' id='word_1_293' title='bbox 1822 1909 2095 1983; x_wconf 83' lang='lat' dir='ltr'><strong>obsignati</strong></span> 
     </span>
    </p>
   </div>
   <div class='ocr_carea' id='block_1_35' title="bbox 2203 1901 3788 1993">
    <p class='ocr_par' dir='ltr' id='par_1_35' title="bbox 2203 1918 3788 1993">
     <span class='ocr_line' id='line_1_35' title="bbox 2203 1918 3788 1993; baseline 0.002 -19"><span class='ocrx_word' id='word_1_294' title='bbox 2203 1920 2373 1992; x_wconf 86' lang='grc' dir='ltr'>μεθα,</span> <span class='ocrx_word' id='word_1_295' title='bbox 2408 1919 2504 1975; x_wconf 77' lang='grc' dir='ltr'><strong>καὶ</strong></span> <span class='ocrx_word' id='word_1_296' title='bbox 2533 1919 2632 1973; x_wconf 83' lang='grc' dir='ltr'><strong>οὐκ</strong></span> <span class='ocrx_word' id='word_1_297' title='bbox 2665 1918 2895 1989; x_wconf 74' lang='grc' dir='ltr'>ἠδύνατο</span> <span class='ocrx_word' id='word_1_298' title='bbox 2939 1919 3101 1992; x_wconf 80' lang='grc' dir='ltr'>μόνον</span> <span class='ocrx_word' id='word_1_299' title='bbox 3127 1919 3188 1974; x_wconf 89' lang='grc' dir='ltr'><strong>τὸ</strong></span> <span class='ocrx_word' id='word_1_300' title='bbox 3215 1919 3389 1993; x_wconf 77' lang='grc' dir='ltr'>όνομα</span> <span class='ocrx_word' id='word_1_301' title='bbox 3436 1918 3788 1992; x_wconf 72' lang='grc' dir='ltr'>τοῦπατρὸς</span> 
     </span>
    </p>
   </div>
   <div class='ocr_carea' id='block_1_36' title="bbox 515 2001 2096 2084">
    <p class='ocr_par' dir='ltr' id='par_1_36' title="bbox 515 2001 2093 2072">
     <span class='ocr_line' id='line_1_36' title="bbox 515 2001 2093 2072; baseline 0.006 -21"><span class='ocrx_word' id='word_1_302' title='bbox 515 2011 730 2064; x_wconf 86' lang='lat' dir='ltr'><strong>sumus,</strong></span> <span class='ocrx_word' id='word_1_303' title='bbox 755 2004 952 2054; x_wconf 67' lang='lat' dir='ltr'><strong>caetera</strong></span> <span class='ocrx_word' id='word_1_304' title='bbox 982 2014 1116 2056; x_wconf 89' lang='lat' dir='ltr'><strong>vero</strong></span> <span class='ocrx_word' id='word_1_305' title='bbox 1157 2001 1305 2072; x_wconf 79' lang='lat' dir='ltr'><strong>regia</strong></span> <span class='ocrx_word' id='word_1_306' title='bbox 1332 2015 1440 2057; x_wconf 92' lang='lat' dir='ltr'><strong>non</strong></span> <span class='ocrx_word' id='word_1_307' title='bbox 1470 2009 1623 2069; x_wconf 91' lang='lat' dir='ltr'><strong>sunt,</strong></span> <span class='ocrx_word' id='word_1_308' title='bbox 1652 2002 1748 2059; x_wconf 90' lang='lat' dir='ltr'><strong>sed</strong></span> <span class='ocrx_word' id='word_1_309' title='bbox 1769 2002 1951 2060; x_wconf 89' lang='lat' dir='ltr'><strong>adhuc</strong></span> <span class='ocrx_word' id='word_1_310' title='bbox 1979 2005 2093 2061; x_wconf 90' lang='lat' dir='ltr'><strong>ele-</strong></span> 
     </span>
    </p>
   </div>
   <div class='ocr_carea' id='block_1_37' title="bbox 2203 2001 3787 2084">
    <p class='ocr_par' dir='ltr' id='par_1_37' title="bbox 2203 2010 3787 2084">
     <span class='ocr_line' id='line_1_37' title="bbox 2203 2010 3787 2084; baseline 0.001 -18"><span class='ocrx_word' id='word_1_311' title='bbox 2203 2013 2393 2077; x_wconf 79' lang='grc' dir='ltr'>σώζειν</span> <span class='ocrx_word' id='word_1_312' title='bbox 2421 2052 2436 2079; x_wconf 88' lang='grc'><strong>,</strong></span> <span class='ocrx_word' id='word_1_313' title='bbox 2461 2011 2596 2067; x_wconf 81' lang='grc' dir='ltr'>ἀλλὰ</span> <span class='ocrx_word' id='word_1_314' title='bbox 2629 2010 2807 2084; x_wconf 78' lang='grc' dir='ltr'>ἑαυτῷ</span> <span class='ocrx_word' id='word_1_315' title='bbox 2832 2011 3024 2075; x_wconf 85' lang='grc' dir='ltr'>κτίσας</span> <span class='ocrx_word' id='word_1_316' title='bbox 3055 2011 3193 2067; x_wconf 78' lang='grc' dir='ltr'>ἄλλα</span> <span class='ocrx_word' id='word_1_317' title='bbox 3220 2011 3313 2065; x_wconf 80' lang='grc' dir='ltr'>δύο</span> <span class='ocrx_word' id='word_1_318' title='bbox 3348 2014 3593 2082; x_wconf 79' lang='grc' dir='ltr'>στοιχεῖα</span> <span class='ocrx_word' id='word_1_319' title='bbox 3642 2010 3787 2068; x_wconf 68' lang='grc' dir='ltr'>κατὰ</span> 
     </span>
    </p>
   </div>
   <div class='ocr_carea' id='block_1_38' title="bbox 515 2090 2096 2177">
    <p class='ocr_par' dir='ltr' id='par_1_38' title="bbox 515 2090 2096 2165">
     <span class='ocr_line' id='line_1_38' title="bbox 515 2090 2096 2165; baseline 0.004 -22"><span class='ocrx_word' id='word_1_320' title='bbox 515 2090 715 2145; x_wconf 85' lang='lat' dir='ltr'><strong>mentis</strong></span> <span class='ocrx_word' id='word_1_321' title='bbox 744 2092 1123 2162; x_wconf 87' lang='lat' dir='ltr'><strong>ereaturisque</strong></span> <span class='ocrx_word' id='word_1_322' title='bbox 1152 2093 1422 2149; x_wconf 81' lang='lat' dir='ltr'><strong>servimus</strong></span> <span class='ocrx_word' id='word_1_323' title='bbox 1452 2093 1493 2146; x_wconf 87' lang='grc'>³.</span> <span class='ocrx_word' id='word_1_324' title='bbox 1522 2091 1735 2165; x_wconf 88' lang='lat' dir='ltr'><strong>Quippe</strong></span> <span class='ocrx_word' id='word_1_325' title='bbox 1774 2095 1952 2150; x_wconf 88' lang='lat' dir='ltr'><strong>solum</strong></span> <span class='ocrx_word' id='word_1_326' title='bbox 1994 2094 2096 2150; x_wconf 89' lang='lat' dir='ltr'><strong>Pa-</strong></span> 
     </span>
    </p>
   </div>
   <div class='ocr_carea' id='block_1_39' title="bbox 2203 2090 3784 2177">
    <p class='ocr_par' dir='ltr' id='par_1_39' title="bbox 2203 2103 3784 2177">
     <span class='ocr_line' id='line_1_39' title="bbox 2203 2103 3784 2177; baseline -0.002 -19"><span class='ocrx_word' id='word_1_327' title='bbox 2203 2105 2296 2177; x_wconf 83' lang='grc' dir='ltr'>τὴν</span> <span class='ocrx_word' id='word_1_328' title='bbox 2324 2104 2433 2159; x_wconf 88' lang='grc' dir='ltr'><strong>τῶν</strong></span> <span class='ocrx_word' id='word_1_329' title='bbox 2481 2104 2946 2176; x_wconf 81' lang='grc' dir='ltr'>βλασφημούντων</span> <span class='ocrx_word' id='word_1_330' title='bbox 2981 2103 3236 2159; x_wconf 78' lang='grc' dir='ltr'>ὑπόνοιαν</span> <span class='ocrx_word' id='word_1_331' title='bbox 3257 2144 3271 2170; x_wconf 89' lang='grc'><strong>,</strong></span> <span class='ocrx_word' id='word_1_332' title='bbox 3300 2103 3389 2157; x_wconf 85' lang='grc' dir='ltr'>ἴνα</span> <span class='ocrx_word' id='word_1_333' title='bbox 3425 2103 3710 2176; x_wconf 76' lang='grc' dir='ltr'>προσλάϐῃ</span> <span class='ocrx_word' id='word_1_334' title='bbox 3746 2106 3784 2176; x_wconf 75' lang='grc' dir='ltr'><strong>ἡ</strong></span> 
     </span>
    </p>
   </div>
   <div class='ocr_carea' id='block_1_40' title="bbox 515 2182 2096 2267">
    <p class='ocr_par' dir='ltr' id='par_1_40' title="bbox 515 2182 2093 2257">
     <span class='ocr_line' id='line_1_40' title="bbox 515 2182 2093 2257; baseline 0.006 -22"><span class='ocrx_word' id='word_1_335' title='bbox 515 2182 616 2236; x_wconf 87' lang='lat' dir='ltr'><strong>tris</strong></span> <span class='ocrx_word' id='word_1_336' title='bbox 648 2196 847 2237; x_wconf 89' lang='lat' dir='ltr'><strong>nomen</strong></span> <span class='ocrx_word' id='word_1_337' title='bbox 876 2184 1106 2240; x_wconf 88' lang='lat' dir='ltr'><strong>salutem</strong></span> <span class='ocrx_word' id='word_1_338' title='bbox 1149 2185 1344 2241; x_wconf 81' lang='lat' dir='ltr'><strong>aﬁ‘erre</strong></span> <span class='ocrx_word' id='word_1_339' title='bbox 1372 2202 1483 2241; x_wconf 92' lang='lat' dir='ltr'><strong>non</strong></span> <span class='ocrx_word' id='word_1_340' title='bbox 1517 2194 1704 2257; x_wconf 84' lang='lat' dir='ltr'><strong>posset</strong></span> <span class='ocrx_word' id='word_1_341' title='bbox 1747 2187 2093 2257; x_wconf 90' lang='lat' dir='ltr'><strong>hominibus,</strong></span> 
     </span>
    </p>
   </div>
   <div class='ocr_carea' id='block_1_41' title="bbox 2203 2182 3787 2267">
    <p class='ocr_par' dir='ltr' id='par_1_41' title="bbox 2203 2193 3787 2267">
     <span class='ocr_line' id='line_1_41' title="bbox 2203 2193 3787 2267; baseline -0.003 -16"><span class='ocrx_word' id='word_1_342' title='bbox 2203 2195 2363 2251; x_wconf 81' lang='grc' dir='ltr'>αὐτοῦ</span> <span class='ocrx_word' id='word_1_343' title='bbox 2397 2196 2588 2267; x_wconf 86' lang='grc' dir='ltr'>θεότης</span> <span class='ocrx_word' id='word_1_344' title='bbox 2632 2197 2727 2250; x_wconf 77' lang='grc' dir='ltr'><strong>καὶ</strong></span> <span class='ocrx_word' id='word_1_345' title='bbox 2780 2196 2947 2261; x_wconf 80' lang='grc' dir='ltr'>ἄλλας</span> <span class='ocrx_word' id='word_1_346' title='bbox 2978 2196 3236 2267; x_wconf 82' lang='grc' dir='ltr'>δυνάμεις</span> <span class='ocrx_word' id='word_1_347' title='bbox 3259 2235 3274 2262; x_wconf 91' lang='grc'><strong>,</strong></span> <span class='ocrx_word' id='word_1_348' title='bbox 3312 2196 3407 2249; x_wconf 76' lang='grc' dir='ltr'><strong>καὶ</strong></span> <span class='ocrx_word' id='word_1_349' title='bbox 3437 2193 3636 2266; x_wconf 84' lang='grc' dir='ltr'>δυνηθῇ</span> <span class='ocrx_word' id='word_1_350' title='bbox 3679 2193 3787 2248; x_wconf 58' lang='lat' dir='ltr'><strong>at?»</strong></span> 
     </span>
    </p>
   </div>
   <div class='ocr_carea' id='block_1_42' title="bbox 514 2271 2096 2359">
    <p class='ocr_par' dir='ltr' id='par_1_42' title="bbox 514 2271 2095 2350">
     <span class='ocr_line' id='line_1_42' title="bbox 514 2271 2095 2350; baseline 0.003 -22"><span class='ocrx_word' id='word_1_351' title='bbox 514 2271 612 2328; x_wconf 83' lang='lat' dir='ltr'><strong>sed</strong></span> <span class='ocrx_word' id='word_1_352' title='bbox 642 2272 747 2326; x_wconf 89' lang='lat' dir='ltr'><strong>alia</strong></span> <span class='ocrx_word' id='word_1_353' title='bbox 786 2273 895 2329; x_wconf 90' lang='lat' dir='ltr'><strong>duo</strong></span> <span class='ocrx_word' id='word_1_354' title='bbox 922 2276 1015 2343; x_wconf 92' lang='lat' dir='ltr'><strong>(ut</strong></span> <span class='ocrx_word' id='word_1_355' title='bbox 1040 2274 1317 2330; x_wconf 90' lang='lat' dir='ltr'><strong>maledicti</strong></span> <span class='ocrx_word' id='word_1_356' title='bbox 1340 2276 1433 2332; x_wconf 89' lang='lat' dir='ltr'><strong>isti</strong></span> <span class='ocrx_word' id='word_1_357' title='bbox 1456 2277 1512 2332; x_wconf 90' lang='lat' dir='ltr'><strong>iu</strong></span> <span class='ocrx_word' id='word_1_358' title='bbox 1548 2276 1720 2333; x_wconf 89' lang='lat' dir='ltr'><strong>Deum</strong></span> <span class='ocrx_word' id='word_1_359' title='bbox 1747 2278 2095 2350; x_wconf 78' lang='lat' dir='ltr'><strong>existimant)</strong></span> 
     </span>
    </p>
   </div>
   <div class='ocr_carea' id='block_1_43' title="bbox 2203 2271 3796 2359">
    <p class='ocr_par' dir='ltr' id='par_1_43' title="bbox 2203 2284 3796 2359">
     <span class='ocr_line' id='line_1_43' title="bbox 2203 2284 3796 2359; baseline 0 -19"><span class='ocrx_word' id='word_1_360' title='bbox 2203 2303 2290 2340; x_wconf 92' lang='grc' dir='ltr'><strong>σαι</strong></span> <span class='ocrx_word' id='word_1_361' title='bbox 2334 2286 2426 2340; x_wconf 87' lang='grc' dir='ltr'><strong>τὸν</strong></span> <span class='ocrx_word' id='word_1_362' title='bbox 2452 2289 2580 2358; x_wconf 88' lang='grc' dir='ltr'>παρ’</span> <span class='ocrx_word' id='word_1_363' title='bbox 2609 2284 2775 2339; x_wconf 83' lang='grc' dir='ltr'>αὐτοῦ</span> <span class='ocrx_word' id='word_1_364' title='bbox 2813 2286 3280 2359; x_wconf 81' lang='grc' dir='ltr'>σφραγιζόμενον,</span> <span class='ocrx_word' id='word_1_365' title='bbox 3332 2284 3478 2342; x_wconf 74' lang='grc' dir='ltr'>κατὰ</span> <span class='ocrx_word' id='word_1_366' title='bbox 3513 2285 3796 2358; x_wconf 63' lang='grc' dir='ltr'>λύτρωσιν</span> 
     </span>
    </p>
   </div>
   <div class='ocr_carea' id='block_1_44' title="bbox 515 2363 2096 2454">
    <p class='ocr_par' dir='ltr' id='par_1_44' title="bbox 515 2363 2096 2439">
     <span class='ocr_line' id='line_1_44' title="bbox 515 2363 2096 2439; baseline 0.004 -18"><span class='ocrx_word' id='word_1_367' title='bbox 515 2363 622 2421; x_wconf 87' lang='lat' dir='ltr'><strong>sibi</strong></span> <span class='ocrx_word' id='word_1_368' title='bbox 654 2364 995 2434; x_wconf 79' lang='lat' dir='ltr'><strong>adjunxisset</strong></span> <span class='ocrx_word' id='word_1_369' title='bbox 1022 2366 1312 2434; x_wconf 89' lang='lat' dir='ltr'><strong>elementa,</strong></span> <span class='ocrx_word' id='word_1_370' title='bbox 1337 2382 1447 2439; x_wconf 90' lang='lat' dir='ltr'><strong>quo</strong></span> <span class='ocrx_word' id='word_1_371' title='bbox 1475 2369 1648 2439; x_wconf 90' lang='lat' dir='ltr'><strong>ipsius</strong></span> <span class='ocrx_word' id='word_1_372' title='bbox 1679 2370 1954 2426; x_wconf 83' lang='lat' dir='ltr'><strong>divinitati</strong></span> <span class='ocrx_word' id='word_1_373' title='bbox 1977 2371 2096 2427; x_wconf 75' lang='lat' dir='ltr'><strong>aliae</strong></span> 
     </span>
    </p>
   </div>
   <div class='ocr_carea' id='block_1_45' title="bbox 2203 2363 3795 2454">
    <p class='ocr_par' dir='ltr' id='par_1_45' title="bbox 2203 2375 3795 2454">
     <span class='ocr_line' id='line_1_45' title="bbox 2203 2375 3795 2454; baseline -0.001 -22"><span class='ocrx_word' id='word_1_374' title='bbox 2203 2377 2614 2450; x_wconf 75' lang='grc' dir='ltr'>ἁμαρτημάτων</span> <span class='ocrx_word' id='word_1_375' title='bbox 2644 2378 2787 2451; x_wconf 76' lang='grc' dir='ltr'><strong>λάϐῃ</strong></span> <span class='ocrx_word' id='word_1_376' title='bbox 2818 2379 3065 2449; x_wconf 79' lang='grc' dir='ltr'>ἀφέσεως</span> <span class='ocrx_word' id='word_1_377' title='bbox 3100 2382 3129 2434; x_wconf 91' lang='lat'><strong>6</strong></span> <span class='ocrx_word' id='word_1_378' title='bbox 3173 2379 3301 2454; x_wconf 83' lang='grc' dir='ltr'>παρ’</span> <span class='ocrx_word' id='word_1_379' title='bbox 3337 2377 3503 2435; x_wconf 81' lang='grc' dir='ltr'>αὑτοῦ</span> <span class='ocrx_word' id='word_1_380' title='bbox 3544 2375 3795 2447; x_wconf 79' lang='grc' dir='ltr'>κτισθεὶς</span> 
     </span>
    </p>
   </div>
   <div class='ocr_carea' id='block_1_46' title="bbox 512 2456 2504 2544">
    <p class='ocr_par' dir='ltr' id='par_1_46' title="bbox 512 2456 2504 2544">
     <span class='ocr_line' id='line_1_46' title="bbox 512 2456 2504 2544; baseline 0.011 -38"><span class='ocrx_word' id='word_1_381' title='bbox 512 2456 743 2512; x_wconf 82' lang='lat' dir='ltr'><strong>virtutes</strong></span> <span class='ocrx_word' id='word_1_382' title='bbox 777 2458 1120 2524; x_wconf 88' lang='lat' dir='ltr'><strong>accederent,</strong></span> <span class='ocrx_word' id='word_1_383' title='bbox 1155 2468 1215 2513; x_wconf 90' lang='lat' dir='ltr'><strong>ut</strong></span> <span class='ocrx_word' id='word_1_384' title='bbox 1246 2467 1301 2515; x_wconf 87' lang='lat' dir='ltr'><strong>et</strong></span> <span class='ocrx_word' id='word_1_385' title='bbox 1335 2460 1682 2533; x_wconf 82' lang='lat' dir='ltr'><strong>obsignatum</strong></span> <span class='ocrx_word' id='word_1_386' title='bbox 1709 2477 1741 2516; x_wconf 91' lang='lat' dir='ltr'><strong>a</strong></span> <span class='ocrx_word' id='word_1_387' title='bbox 1769 2463 1948 2533; x_wconf 91' lang='lat' dir='ltr'><strong>seipse</strong></span> <span class='ocrx_word' id='word_1_388' title='bbox 1978 2478 2099 2520; x_wconf 84' lang='lat' dir='ltr'><strong>ser-</strong></span> <span class='ocrx_word' id='word_1_389' title='bbox 2199 2469 2504 2544; x_wconf 80' lang='grc' dir='ltr'>ἄνθρωπος.</span> 
     </span>
    </p>
   </div>
   <div class='ocr_carea' id='block_1_47' title="bbox 513 2550 2095 2623">
    <p class='ocr_par' dir='ltr' id='par_1_47' title="bbox 513 2550 2095 2623">
     <span class='ocr_line' id='line_1_47' title="bbox 513 2550 2095 2623; baseline 0.004 -21"><span class='ocrx_word' id='word_1_390' title='bbox 513 2562 644 2602; x_wconf 87' lang='lat' dir='ltr'><strong>vare</strong></span> <span class='ocrx_word' id='word_1_391' title='bbox 671 2555 872 2618; x_wconf 90' lang='lat' dir='ltr'><strong>posset,</strong></span> <span class='ocrx_word' id='word_1_392' title='bbox 906 2559 960 2604; x_wconf 89' lang='lat' dir='ltr'><strong>et</strong></span> <span class='ocrx_word' id='word_1_393' title='bbox 991 2563 1156 2619; x_wconf 88' lang='lat' dir='ltr'><strong>quem</strong></span> <span class='ocrx_word' id='word_1_394' title='bbox 1186 2550 1514 2620; x_wconf 83' lang='lat' dir='ltr'><strong>procreavit,</strong></span> <span class='ocrx_word' id='word_1_395' title='bbox 1551 2550 1718 2606; x_wconf 89' lang='lat' dir='ltr'><strong>homo</strong></span> <span class='ocrx_word' id='word_1_396' title='bbox 1742 2559 2095 2623; x_wconf 89' lang='lat' dir='ltr'><strong>peccatorum</strong></span> 
     </span>
    </p>
   </div>
   <div class='ocr_carea' id='block_1_48' title="bbox 514 2638 1845 2710">
    <p class='ocr_par' dir='ltr' id='par_1_48' title="bbox 514 2638 1845 2710">
     <span class='ocr_line' id='line_1_48' title="bbox 514 2638 1845 2710; baseline 0.002 -16"><span class='ocrx_word' id='word_1_397' title='bbox 514 2638 970 2694; x_wconf 87' lang='lat' dir='ltr'><strong>cendonationem</strong></span> <span class='ocrx_word' id='word_1_398' title='bbox 1002 2654 1066 2694; x_wconf 90' lang='lat' dir='ltr'><strong>ac</strong></span> <span class='ocrx_word' id='word_1_399' title='bbox 1094 2639 1523 2710; x_wconf 86' lang='lat' dir='ltr'><strong>redemptionem</strong></span> <span class='ocrx_word' id='word_1_400' title='bbox 1552 2640 1845 2698; x_wconf 87' lang='lat' dir='ltr'><strong>obtineret.</strong></span> 
     </span>
    </p>
   </div>
   <div class='ocr_carea' id='block_1_49' title="bbox 584 2728 2096 2802">
    <p class='ocr_par' dir='ltr' id='par_1_49' title="bbox 584 2728 2096 2802">
     <span class='ocr_line' id='line_1_49' title="bbox 584 2728 2096 2802; baseline 0.004 -18"><span class='ocrx_word' id='word_1_401' title='bbox 584 2728 676 2784; x_wconf 82' lang='lat' dir='ltr'><strong>1X.</strong></span> <span class='ocrx_word' id='word_1_402' title='bbox 717 2730 900 2786; x_wconf 83' lang='lat' dir='ltr'><strong>Proh!</strong></span> <span class='ocrx_word' id='word_1_403' title='bbox 937 2747 1099 2802; x_wconf 88' lang='lat' dir='ltr'><strong>quam</strong></span> <span class='ocrx_word' id='word_1_404' title='bbox 1145 2732 1382 2788; x_wconf 88' lang='lat' dir='ltr'><strong>absurda</strong></span> <span class='ocrx_word' id='word_1_405' title='bbox 1429 2733 1536 2789; x_wconf 89' lang='lat' dir='ltr'><strong>ista</strong></span> <span class='ocrx_word' id='word_1_406' title='bbox 1575 2740 1883 2790; x_wconf 87' lang='lat' dir='ltr'><strong>commenta</strong></span> <span class='ocrx_word' id='word_1_407' title='bbox 1922 2742 2096 2792; x_wconf 84' lang='lat' dir='ltr'><strong>sunt:</strong></span> 
     </span>
    </p>
   </div>
   <div class='ocr_carea' id='block_1_50' title="bbox 515 2824 2101 2896">
    <p class='ocr_par' dir='ltr' id='par_1_50' title="bbox 515 2824 2101 2896">
     <span class='ocr_line' id='line_1_50' title="bbox 515 2824 2101 2896; baseline 0.002 -15"><span class='ocrx_word' id='word_1_408' title='bbox 515 2841 677 2896; x_wconf 88' lang='lat' dir='ltr'><strong>quam</strong></span> <span class='ocrx_word' id='word_1_409' title='bbox 703 2824 1021 2885; x_wconf 86' lang='lat' dir='ltr'><strong>detestanda</strong></span> <span class='ocrx_word' id='word_1_410' title='bbox 1047 2824 1421 2895; x_wconf 83' lang='lat' dir='ltr'><strong>blasphemia!</strong></span> <span class='ocrx_word' id='word_1_411' title='bbox 1457 2824 1738 2882; x_wconf 87' lang='lat' dir='ltr'><strong>Undenam</strong></span> <span class='ocrx_word' id='word_1_412' title='bbox 1764 2842 1964 2882; x_wconf 89' lang='lat' dir='ltr'><strong>novum</strong></span> <span class='ocrx_word' id='word_1_413' title='bbox 1994 2829 2101 2884; x_wconf 88' lang='lat' dir='ltr'><strong>hoc</strong></span> 
     </span>
    </p>
   </div>
   <div class='ocr_carea' id='block_1_51' title="bbox 514 2916 2101 2989">
    <p class='ocr_par' dir='ltr' id='par_1_51' title="bbox 514 2916 2101 2989">
     <span class='ocr_line' id='line_1_51' title="bbox 514 2916 2101 2989; baseline 0 -15"><span class='ocrx_word' id='word_1_414' title='bbox 514 2919 573 2974; x_wconf 90' lang='lat' dir='ltr'><strong>in</strong></span> <span class='ocrx_word' id='word_1_415' title='bbox 602 2917 788 2973; x_wconf 90' lang='lat' dir='ltr'><strong>orbem</strong></span> <span class='ocrx_word' id='word_1_416' title='bbox 817 2925 1087 2974; x_wconf 89' lang='lat' dir='ltr'><strong>terrarum</strong></span> <span class='ocrx_word' id='word_1_417' title='bbox 1121 2924 1207 2974; x_wconf 89' lang='lat' dir='ltr'><strong>est</strong></span> <span class='ocrx_word' id='word_1_418' title='bbox 1241 2916 1581 2973; x_wconf 87' lang='lat' dir='ltr'><strong>infidelitatis</strong></span> <span class='ocrx_word' id='word_1_419' title='bbox 1621 2933 1813 2989; x_wconf 78' lang='lat' dir='ltr'><strong>genus,</strong></span> <span class='ocrx_word' id='word_1_420' title='bbox 1855 2919 1940 2973; x_wconf 85' lang='lat' dir='ltr'><strong>vel</strong></span> <span class='ocrx_word' id='word_1_421' title='bbox 1979 2934 2101 2988; x_wconf 87' lang='lat' dir='ltr'><strong>per-</strong></span> 
     </span>
    </p>
   </div>
   <div class='ocr_carea' id='block_1_52' title="bbox 514 3007 2100 3081">
    <p class='ocr_par' dir='ltr' id='par_1_52' title="bbox 514 3007 2100 3081">
     <span class='ocr_line' id='line_1_52' title="bbox 514 3007 2100 3081; baseline -0.001 -13"><span class='ocrx_word' id='word_1_422' title='bbox 514 3026 688 3069; x_wconf 74' lang='lat' dir='ltr'><strong>versae</strong></span> <span class='ocrx_word' id='word_1_423' title='bbox 718 3009 842 3065; x_wconf 88' lang='lat' dir='ltr'><strong>ﬁdei</strong></span> <span class='ocrx_word' id='word_1_424' title='bbox 865 3011 1050 3081; x_wconf 90' lang='lat' dir='ltr'><strong>potius</strong></span> <span class='ocrx_word' id='word_1_425' title='bbox 1076 3008 1486 3065; x_wconf 85' lang='lat' dir='ltr'><strong>introductum?</strong></span> <span class='ocrx_word' id='word_1_426' title='bbox 1516 3007 1650 3063; x_wconf 83' lang='lat' dir='ltr'><strong>Nam</strong></span> <span class='ocrx_word' id='word_1_427' title='bbox 1681 3024 1936 3080; x_wconf 88' lang='lat' dir='ltr'><strong>perversa</strong></span> <span class='ocrx_word' id='word_1_428' title='bbox 1967 3009 2100 3067; x_wconf 82' lang='lat' dir='ltr'><strong>fides</strong></span> 
     </span>
    </p>
   </div>
   <div class='ocr_carea' id='block_1_53' title="bbox 2271 2743 3789 2817">
    <p class='ocr_par' dir='ltr' id='par_1_53' title="bbox 2271 2743 3789 2817">
     <span class='ocr_line' id='line_1_53' title="bbox 2271 2743 3789 2817; baseline -0.001 -17"><span class='ocrx_word' id='word_1_429' title='bbox 2271 2745 2349 2800; x_wconf 87' lang='grc' dir='ltr'>Θ’.</span> <span class='ocrx_word' id='word_1_430' title='bbox 2378 2743 2485 2797; x_wconf 81' lang='grc' dir='ltr'>Φεῦ</span> <span class='ocrx_word' id='word_1_431' title='bbox 2518 2743 2617 2814; x_wconf 87' lang='grc' dir='ltr'>τῆς</span> <span class='ocrx_word' id='word_1_432' title='bbox 2663 2743 2917 2815; x_wconf 83' lang='grc' dir='ltr'>τοιαύτης</span> <span class='ocrx_word' id='word_1_433' title='bbox 2968 2743 3268 2815; x_wconf 73' lang='grc' dir='ltr'>ληρῳδίαςι</span> <span class='ocrx_word' id='word_1_434' title='bbox 3319 2743 3365 2798; x_wconf 83' lang='grc' dir='ltr'><strong>ὣ</strong></span> <span class='ocrx_word' id='word_1_435' title='bbox 3394 2745 3495 2815; x_wconf 77' lang='grc' dir='ltr'>τῆς</span> <span class='ocrx_word' id='word_1_436' title='bbox 3528 2743 3789 2817; x_wconf 83' lang='grc' dir='ltr'>τοιαύτης</span> 
     </span>
    </p>
   </div>
   <div class='ocr_carea' id='block_1_54' title="bbox 2203 2833 3793 2908">
    <p class='ocr_par' dir='ltr' id='par_1_54' title="bbox 2203 2833 3793 2908">
     <span class='ocr_line' id='line_1_54' title="bbox 2203 2833 3793 2908; baseline 0 -19"><span class='ocrx_word' id='word_1_437' title='bbox 2203 2834 2586 2907; x_wconf 77' lang='grc' dir='ltr'>βλασφημίαςῐ</span> <span class='ocrx_word' id='word_1_438' title='bbox 2617 2834 2787 2888; x_wconf 85' lang='grc' dir='ltr'>Πόθεν</span> <span class='ocrx_word' id='word_1_439' title='bbox 2834 2833 3129 2903; x_wconf 80' lang='grc' dir='ltr'>ὑπεισῆλθε</span> <span class='ocrx_word' id='word_1_440' title='bbox 3161 2834 3254 2888; x_wconf 89' lang='grc' dir='ltr'><strong>τὸν</strong></span> <span class='ocrx_word' id='word_1_441' title='bbox 3304 2834 3417 2905; x_wconf 87' lang='grc' dir='ltr'>βίον</span> <span class='ocrx_word' id='word_1_442' title='bbox 3460 2834 3594 2908; x_wconf 86' lang='grc' dir='ltr'>ἄλλη</span> <span class='ocrx_word' id='word_1_443' title='bbox 3623 2836 3793 2891; x_wconf 74' lang='grc' dir='ltr'>πάλιν</span> 
     </span>
    </p>
   </div>
   <div class='ocr_carea' id='block_1_55' title="bbox 2202 2926 3793 3000">
    <p class='ocr_par' dir='ltr' id='par_1_55' title="bbox 2202 2926 3793 3000">
     <span class='ocr_line' id='line_1_55' title="bbox 2202 2926 3793 3000; baseline 0 -18"><span class='ocrx_word' id='word_1_444' title='bbox 2202 2928 2361 3000; x_wconf 82' lang='grc' dir='ltr'>καινὴ</span> <span class='ocrx_word' id='word_1_445' title='bbox 2395 2928 2640 2989; x_wconf 85' lang='grc' dir='ltr'>ἀπιστία,</span> <span class='ocrx_word' id='word_1_446' title='bbox 2674 2926 2872 2998; x_wconf 78' lang='grc' dir='ltr'>μᾶλλον</span> <span class='ocrx_word' id='word_1_447' title='bbox 2906 2927 2964 2981; x_wconf 83' lang='grc' dir='ltr'><strong>δὲ</strong></span> <span class='ocrx_word' id='word_1_448' title='bbox 2996 2927 3210 2999; x_wconf 74' lang='grc' dir='ltr'>εἴποιμι</span> <span class='ocrx_word' id='word_1_449' title='bbox 3256 2928 3623 2994; x_wconf 80' lang='grc' dir='ltr'>κακοπιστία;</span> <span class='ocrx_word' id='word_1_450' title='bbox 3657 2928 3793 2983; x_wconf 83' lang='grc' dir='ltr'>Χεί-</span> 
     </span>
    </p>
   </div>
   <div class='ocr_carea' id='block_1_56' title="bbox 2204 3019 3790 3092">
    <p class='ocr_par' dir='ltr' id='par_1_56' title="bbox 2204 3019 3790 3092">
     <span class='ocr_line' id='line_1_56' title="bbox 2204 3019 3790 3092; baseline 0 -18"><span class='ocrx_word' id='word_1_451' title='bbox 2204 3038 2313 3092; x_wconf 89' lang='grc' dir='ltr'><strong>ρων</strong></span> <span class='ocrx_word' id='word_1_452' title='bbox 2348 3021 2457 3092; x_wconf 81' lang='grc' dir='ltr'>γὰρ</span> <span class='ocrx_word' id='word_1_453' title='bbox 2504 3021 2536 3092; x_wconf 84' lang='grc' dir='ltr'><strong>ἡ</strong></span> <span class='ocrx_word' id='word_1_454' title='bbox 2595 3019 2929 3073; x_wconf 87' lang='grc' dir='ltr'>κακοπιστία</span> <span class='ocrx_word' id='word_1_455' title='bbox 2960 3019 3060 3091; x_wconf 85' lang='grc' dir='ltr'><strong>τῆς</strong></span> <span class='ocrx_word' id='word_1_456' title='bbox 3112 3020 3388 3084; x_wconf 76' lang='grc' dir='ltr'>ἀπιστίας.</span> <span class='ocrx_word' id='word_1_457' title='bbox 3426 3021 3491 3074; x_wconf 83' lang='grc' dir='ltr'><strong><em>Ἦ</em></strong></span> <span class='ocrx_word' id='word_1_458' title='bbox 3532 3020 3632 3092; x_wconf 85' lang='grc' dir='ltr'>μὲν</span> <span class='ocrx_word' id='word_1_459' title='bbox 3674 3020 3790 3091; x_wconf 82' lang='grc' dir='ltr'>γὰρ</span> 
     </span>
    </p>
   </div>
   <div class='ocr_carea' id='block_1_57' title="bbox 517 3100 2096 3184">
    <p class='ocr_par' dir='ltr' id='par_1_57' title="bbox 517 3100 2096 3175">
     <span class='ocr_line' id='line_1_57' title="bbox 517 3100 2096 3175; baseline -0.003 -13"><span class='ocrx_word' id='word_1_460' title='bbox 517 3105 836 3162; x_wconf 90' lang='lat' dir='ltr'><strong>inﬁdelitate</strong></span> <span class='ocrx_word' id='word_1_461' title='bbox 876 3103 994 3175; x_wconf 88' lang='lat' dir='ltr'><strong>ipsa</strong></span> <span class='ocrx_word' id='word_1_462' title='bbox 1041 3102 1283 3159; x_wconf 87' lang='lat' dir='ltr'><strong>deterior</strong></span> <span class='ocrx_word' id='word_1_463' title='bbox 1318 3108 1441 3157; x_wconf 89' lang='lat' dir='ltr'><strong>est:</strong></span> <span class='ocrx_word' id='word_1_464' title='bbox 1484 3100 1755 3171; x_wconf 87' lang='lat' dir='ltr'><strong>siquidem</strong></span> <span class='ocrx_word' id='word_1_465' title='bbox 1806 3101 2096 3157; x_wconf 83' lang='lat' dir='ltr'><strong>infidelitas</strong></span> 
     </span>
    </p>
   </div>
   <div class='ocr_carea' id='block_1_58' title="bbox 2203 3100 3791 3184">
    <p class='ocr_par' dir='ltr' id='par_1_58' title="bbox 2203 3109 3791 3184">
     <span class='ocr_line' id='line_1_58' title="bbox 2203 3109 3791 3184; baseline 0.001 -20"><span class='ocrx_word' id='word_1_466' title='bbox 2203 3109 2430 3165; x_wconf 87' lang='grc' dir='ltr'>ἀπιστία</span> <span class='ocrx_word' id='word_1_467' title='bbox 2463 3110 2644 3165; x_wconf 87' lang='grc' dir='ltr'>πίστιν</span> <span class='ocrx_word' id='word_1_468' title='bbox 2677 3109 3025 3181; x_wconf 78' lang='grc' dir='ltr'>λαμϐάνουσα</span> <span class='ocrx_word' id='word_1_469' title='bbox 3055 3109 3407 3181; x_wconf 85' lang='grc' dir='ltr'>διορθώσεται</span> <span class='ocrx_word' id='word_1_470' title='bbox 3434 3112 3455 3143; x_wconf 76' lang='grc'><strong>⁸</strong></span> <span class='ocrx_word' id='word_1_471' title='bbox 3484 3126 3499 3142; x_wconf 92' lang='grc'><strong>·</strong></span> <span class='ocrx_word' id='word_1_472' title='bbox 3529 3112 3563 3184; x_wconf 86' lang='grc' dir='ltr'><strong>ή</strong></span> <span class='ocrx_word' id='word_1_473' title='bbox 3595 3111 3651 3165; x_wconf 82' lang='grc' dir='ltr'><strong>δὲ</strong></span> <span class='ocrx_word' id='word_1_474' title='bbox 3687 3128 3791 3165; x_wconf 80' lang='grc' dir='ltr'>κα-</span> 
     </span>
    </p>
   </div>
   <div class='ocr_carea' id='block_1_59' title="bbox 517 3195 2096 3285">
    <p class='ocr_par' dir='ltr' id='par_1_59' title="bbox 517 3195 2096 3269">
     <span class='ocr_line' id='line_1_59' title="bbox 517 3195 2096 3269; baseline -0.003 -13"><span class='ocrx_word' id='word_1_475' title='bbox 517 3200 640 3256; x_wconf 88' lang='lat' dir='ltr'><strong>ﬁdei</strong></span> <span class='ocrx_word' id='word_1_476' title='bbox 691 3198 1007 3256; x_wconf 91' lang='lat' dir='ltr'><strong>accessione</strong></span> <span class='ocrx_word' id='word_1_477' title='bbox 1055 3198 1390 3269; x_wconf 83' lang='lat' dir='ltr'><strong>corrigitur:</strong></span> <span class='ocrx_word' id='word_1_478' title='bbox 1433 3211 1619 3268; x_wconf 70' lang='lat' dir='ltr'><strong>prava:</strong></span> <span class='ocrx_word' id='word_1_479' title='bbox 1656 3195 1780 3251; x_wconf 91' lang='lat' dir='ltr'><strong>ﬁdei</strong></span> <span class='ocrx_word' id='word_1_480' title='bbox 1812 3196 2096 3268; x_wconf 90' lang='lat' dir='ltr'><strong>desperata</strong></span> 
     </span>
    </p>
   </div>
   <div class='ocr_carea' id='block_1_60' title="bbox 2203 3195 3790 3285">
    <p class='ocr_par' dir='ltr' id='par_1_60' title="bbox 2203 3200 3790 3285">
     <span class='ocr_line' id='line_1_60' title="bbox 2203 3200 3790 3285; baseline -0.001 -28"><span class='ocrx_word' id='word_1_481' title='bbox 2203 3202 2457 3257; x_wconf 85' lang='grc' dir='ltr'>κοπιστία</span> <span class='ocrx_word' id='word_1_482' title='bbox 2504 3200 2917 3273; x_wconf 84' lang='grc' dir='ltr'>ἀκατόρθωτος,</span> <span class='ocrx_word' id='word_1_483' title='bbox 2952 3202 3231 3285; x_wconf 76' lang='grc' dir='ltr'>δυσχερῶς</span> <span class='ocrx_word' id='word_1_484' title='bbox 3265 3200 3577 3275; x_wconf 84' lang='grc' dir='ltr'>σωζομένη,</span> <span class='ocrx_word' id='word_1_485' title='bbox 3629 3204 3701 3274; x_wconf 89' lang='grc' dir='ltr'><strong>μή</strong></span> <span class='ocrx_word' id='word_1_486' title='bbox 3730 3220 3790 3257; x_wconf 88' lang='grc' dir='ltr'><strong>τι</strong></span> 
     </span>
    </p>
   </div>
   <div class='ocr_carea' id='block_1_61' title="bbox 517 3286 2100 3362">
    <p class='ocr_par' dir='ltr' id='par_1_61' title="bbox 517 3286 2100 3362">
     <span class='ocr_line' id='line_1_61' title="bbox 517 3286 2100 3362; baseline -0.003 -13"><span class='ocrx_word' id='word_1_487' title='bbox 517 3292 826 3349; x_wconf 89' lang='lat' dir='ltr'><strong>emendatio</strong></span> <span class='ocrx_word' id='word_1_488' title='bbox 863 3302 976 3359; x_wconf 89' lang='lat' dir='ltr'><strong>est;</strong></span> <span class='ocrx_word' id='word_1_489' title='bbox 1012 3306 1133 3362; x_wconf 75' lang='lat' dir='ltr'><strong>qua:</strong></span> <span class='ocrx_word' id='word_1_490' title='bbox 1170 3290 1239 3344; x_wconf 90' lang='lat' dir='ltr'><strong>ad</strong></span> <span class='ocrx_word' id='word_1_491' title='bbox 1281 3289 1513 3344; x_wconf 88' lang='lat' dir='ltr'><strong>salutem</strong></span> <span class='ocrx_word' id='word_1_492' title='bbox 1555 3286 1775 3344; x_wconf 84' lang='lat' dir='ltr'><strong>diﬁicile</strong></span> <span class='ocrx_word' id='word_1_493' title='bbox 1808 3288 2100 3345; x_wconf 88' lang='lat' dir='ltr'><strong>admodum</strong></span> 
     </span>
    </p>
   </div>
   <div class='ocr_carea' id='block_1_62' title="bbox 516 3380 2099 3456">
    <p class='ocr_par' dir='ltr' id='par_1_62' title="bbox 516 3380 2099 3456">
     <span class='ocr_line' id='line_1_62' title="bbox 516 3380 2099 3456; baseline -0.004 -13"><span class='ocrx_word' id='word_1_494' title='bbox 516 3384 775 3456; x_wconf 79' lang='lat' dir='ltr'><strong>emergit,</strong></span> <span class='ocrx_word' id='word_1_495' title='bbox 816 3384 922 3440; x_wconf 88' lang='lat' dir='ltr'><strong>nisi</strong></span> <span class='ocrx_word' id='word_1_496' title='bbox 969 3384 1210 3440; x_wconf 68' lang='lat' dir='ltr'><strong>caelestis</strong></span> <span class='ocrx_word' id='word_1_497' title='bbox 1251 3382 1427 3453; x_wconf 79' lang='lat' dir='ltr'><strong>gratia</strong></span> <span class='ocrx_word' id='word_1_498' title='bbox 1473 3380 1737 3437; x_wconf 86' lang='lat' dir='ltr'><strong>divinitus</strong></span> <span class='ocrx_word' id='word_1_499' title='bbox 1785 3383 2099 3438; x_wconf 88' lang='lat' dir='ltr'><strong>accesserit.</strong></span> 
     </span>
    </p>
   </div>
   <div class='ocr_carea' id='block_1_63' title="bbox 519 3472 2104 3546">
    <p class='ocr_par' dir='ltr' id='par_1_63' title="bbox 519 3472 2104 3546">
     <span class='ocr_line' id='line_1_63' title="bbox 519 3472 2104 3546; baseline -0.003 -12"><span class='ocrx_word' id='word_1_500' title='bbox 519 3478 700 3546; x_wconf 82' lang='lat' dir='ltr'><strong>Quare</strong></span> <span class='ocrx_word' id='word_1_501' title='bbox 738 3478 930 3534; x_wconf 87' lang='lat' dir='ltr'><strong>beatus</strong></span> <span class='ocrx_word' id='word_1_502' title='bbox 957 3474 1156 3532; x_wconf 89' lang='lat' dir='ltr'><strong>Petrus</strong></span> <span class='ocrx_word' id='word_1_503' title='bbox 1200 3473 1482 3545; x_wconf 85' lang='lat' dir='ltr'><strong>apostolus</strong></span> <span class='ocrx_word' id='word_1_504' title='bbox 1526 3472 1799 3528; x_wconf 86' lang='lat' dir='ltr'><strong>Ananiam</strong></span> <span class='ocrx_word' id='word_1_505' title='bbox 1844 3473 1926 3529; x_wconf 90' lang='lat' dir='ltr'><strong>sic</strong></span> <span class='ocrx_word' id='word_1_506' title='bbox 1973 3474 2104 3529; x_wconf 89' lang='lat' dir='ltr'><strong>allo-</strong></span> 
     </span>
    </p>
   </div>
   <div class='ocr_carea' id='block_1_64' title="bbox 519 3567 2104 3643">
    <p class='ocr_par' dir='ltr' id='par_1_64' title="bbox 519 3567 2104 3643">
     <span class='ocr_line' id='line_1_64' title="bbox 519 3567 2104 3643; baseline -0.001 -19"><span class='ocrx_word' id='word_1_507' title='bbox 519 3573 706 3643; x_wconf 87' lang='lat' dir='ltr'><strong>quitur</strong></span> <span class='ocrx_word' id='word_1_508' title='bbox 749 3588 763 3625; x_wconf 89' lang='lat'><strong>:</strong></span> <span class='ocrx_word' id='word_1_509' title='bbox 800 3569 903 3643; x_wconf 67' lang='grc'><strong>14</strong></span> <span class='ocrx_word' id='word_1_510' title='bbox 938 3569 1049 3625; x_wconf 85' lang='lat' dir='ltr'><strong>Cur</strong></span> <span class='ocrx_word' id='word_1_511' title='bbox 1077 3571 1294 3625; x_wconf 84' lang='lat' dir='ltr'><strong>tentavit</strong></span> <span class='ocrx_word' id='word_1_512' title='bbox 1333 3586 1420 3625; x_wconf 85' lang='lat' dir='ltr'><strong>vos</strong></span> <span class='ocrx_word' id='word_1_513' title='bbox 1452 3567 1684 3624; x_wconf 84' lang='lat' dir='ltr'><strong>Satanas</strong></span> <span class='ocrx_word' id='word_1_514' title='bbox 1730 3569 1941 3623; x_wconf 83' lang='lat' dir='ltr'><strong>mentiri</strong></span> <span class='ocrx_word' id='word_1_515' title='bbox 1981 3567 2104 3638; x_wconf 85' lang='lat' dir='ltr'><strong>Spi-</strong></span> 
     </span>
    </p>
   </div>
   <div class='ocr_carea' id='block_1_65' title="bbox 468 3659 2104 3718">
    <p class='ocr_par' dir='ltr' id='par_1_65' title="bbox 468 3659 2104 3718">
     <span class='ocr_line' id='line_1_65' title="bbox 468 3659 2104 3718; baseline -0.002 0"><span class='ocrx_word' id='word_1_516' title='bbox 468 3678 473 3683; x_wconf 89' lang='grc'>·</span> <span class='ocrx_word' id='word_1_517' title='bbox 520 3664 650 3718; x_wconf 83' lang='lat' dir='ltr'><strong>ritui</strong></span> <span class='ocrx_word' id='word_1_518' title='bbox 676 3671 858 3718; x_wconf 81' lang='lat' dir='ltr'><strong>sancto</strong></span> <span class='ocrx_word' id='word_1_519' title='bbox 883 3663 939 3717; x_wconf 74' lang='lat'><strong>&quot;?</strong></span> <span class='ocrx_word' id='word_1_520' title='bbox 973 3661 1110 3716; x_wconf 90' lang='lat' dir='ltr'><strong>Tum</strong></span> <span class='ocrx_word' id='word_1_521' title='bbox 1150 3660 1303 3716; x_wconf 85' lang='lat' dir='ltr'><strong>addit</strong></span> <span class='ocrx_word' id='word_1_522' title='bbox 1329 3679 1344 3716; x_wconf 89' lang='lat'><strong>:</strong></span> <span class='ocrx_word' id='word_1_523' title='bbox 1372 3659 1499 3716; x_wconf 88' lang='lat' dir='ltr'><strong>Non</strong></span> <span class='ocrx_word' id='word_1_524' title='bbox 1522 3661 1771 3715; x_wconf 81' lang='lat' dir='ltr'><strong>mentitus</strong></span> <span class='ocrx_word' id='word_1_525' title='bbox 1800 3678 1855 3716; x_wconf 85' lang='lat' dir='ltr'><strong>es</strong></span> <span class='ocrx_word' id='word_1_526' title='bbox 1881 3662 2104 3716; x_wconf 85' lang='lat' dir='ltr'><strong>homini-</strong></span> 
     </span>
    </p>
   </div>
   <div class='ocr_carea' id='block_1_66' title="bbox 521 3744 2103 3826">
    <p class='ocr_par' dir='ltr' id='par_1_66' title="bbox 521 3744 2103 3826">
     <span class='ocr_line' id='line_1_66' title="bbox 521 3744 2103 3826; baseline -0.001 -14"><span class='ocrx_word' id='word_1_527' title='bbox 521 3758 647 3823; x_wconf 83' lang='lat' dir='ltr'><strong>bus,</strong></span> <span class='ocrx_word' id='word_1_528' title='bbox 695 3744 786 3811; x_wconf 83' lang='lat' dir='ltr'><strong>sed</strong></span> <span class='ocrx_word' id='word_1_529' title='bbox 829 3754 937 3810; x_wconf 84' lang='lat' dir='ltr'><strong>Dee</strong></span> <span class='ocrx_word' id='word_1_530' title='bbox 963 3755 1006 3807; x_wconf 82' lang='grc'><strong>⁸.</strong></span> <span class='ocrx_word' id='word_1_531' title='bbox 1043 3753 1212 3826; x_wconf 82' lang='lat' dir='ltr'><strong>Igitur</strong></span> <span class='ocrx_word' id='word_1_532' title='bbox 1255 3752 1399 3810; x_wconf 87' lang='lat' dir='ltr'><strong>Deus</strong></span> <span class='ocrx_word' id='word_1_533' title='bbox 1442 3761 1527 3810; x_wconf 88' lang='lat' dir='ltr'><strong>est</strong></span> <span class='ocrx_word' id='word_1_534' title='bbox 1566 3768 1599 3808; x_wconf 89' lang='lat' dir='ltr'><strong>a</strong></span> <span class='ocrx_word' id='word_1_535' title='bbox 1648 3751 1808 3809; x_wconf 86' lang='lat' dir='ltr'><strong>Patre</strong></span> <span class='ocrx_word' id='word_1_536' title='bbox 1854 3752 2103 3825; x_wconf 82' lang='lat' dir='ltr'><strong>Filioque</strong></span> 
     </span>
    </p>
   </div>
   <div class='ocr_carea' id='block_1_67' title="bbox 520 3846 2098 3923">
    <p class='ocr_par' dir='ltr' id='par_1_67' title="bbox 520 3846 2098 3923">
     <span class='ocr_line' id='line_1_67' title="bbox 520 3846 2098 3923; baseline -0.001 -17"><span class='ocrx_word' id='word_1_537' title='bbox 520 3852 824 3923; x_wconf 86' lang='lat' dir='ltr'><strong>procedens</strong></span> <span class='ocrx_word' id='word_1_538' title='bbox 855 3849 1113 3921; x_wconf 88' lang='lat' dir='ltr'><strong>Spiritus,</strong></span> <span class='ocrx_word' id='word_1_539' title='bbox 1149 3848 1237 3906; x_wconf 89' lang='lat' dir='ltr'><strong>cui</strong></span> <span class='ocrx_word' id='word_1_540' title='bbox 1275 3848 1484 3905; x_wconf 91' lang='lat' dir='ltr'><strong>mentiti</strong></span> <span class='ocrx_word' id='word_1_541' title='bbox 1523 3855 1651 3904; x_wconf 90' lang='lat' dir='ltr'><strong>sunt</strong></span> <span class='ocrx_word' id='word_1_542' title='bbox 1680 3848 1715 3903; x_wconf 91' lang='lat' dir='ltr'><strong>ii</strong></span> <span class='ocrx_word' id='word_1_543' title='bbox 1744 3847 1839 3919; x_wconf 86' lang='lat' dir='ltr'><strong>qui</strong></span> <span class='ocrx_word' id='word_1_544' title='bbox 1870 3846 1941 3903; x_wconf 90' lang='lat' dir='ltr'><strong>de</strong></span> <span class='ocrx_word' id='word_1_545' title='bbox 1968 3863 2098 3919; x_wconf 89' lang='lat' dir='ltr'><strong>pre-</strong></span> 
     </span>
    </p>
   </div>
   <div class='ocr_carea' id='block_1_68' title="bbox 522 3940 2101 4014">
    <p class='ocr_par' dir='ltr' id='par_1_68' title="bbox 522 3940 2101 4014">
     <span class='ocr_line' id='line_1_68' title="bbox 522 3940 2101 4014; baseline -0.002 -14"><span class='ocrx_word' id='word_1_546' title='bbox 522 3945 599 4001; x_wconf 89' lang='lat' dir='ltr'><strong>tio</strong></span> <span class='ocrx_word' id='word_1_547' title='bbox 628 3945 1032 4002; x_wconf 79' lang='lat' dir='ltr'><strong>subtraxerant.</strong></span> <span class='ocrx_word' id='word_1_548' title='bbox 1057 3941 1160 3998; x_wconf 87' lang='lat' dir='ltr'><strong>Cui</strong></span> <span class='ocrx_word' id='word_1_549' title='bbox 1184 3941 1406 4014; x_wconf 83' lang='lat' dir='ltr'><strong>quidem</strong></span> <span class='ocrx_word' id='word_1_550' title='bbox 1434 3941 1638 3999; x_wconf 85' lang='lat' dir='ltr'><strong>Paulus</strong></span> <span class='ocrx_word' id='word_1_551' title='bbox 1658 3941 1988 4012; x_wconf 90' lang='lat' dir='ltr'><strong>astipulatur</strong></span> <span class='ocrx_word' id='word_1_552' title='bbox 2013 3940 2101 3997; x_wconf 88' lang='lat' dir='ltr'><strong>his</strong></span> 
     </span>
    </p>
   </div>
   <div class='ocr_carea' id='block_1_69' title="bbox 518 4028 2103 4101">
    <p class='ocr_par' dir='ltr' id='par_1_69' title="bbox 518 4028 2103 4101">
     <span class='ocr_line' id='line_1_69' title="bbox 518 4028 2103 4101; baseline -0.004 -9"><span class='ocrx_word' id='word_1_553' title='bbox 518 4036 706 4093; x_wconf 81' lang='lat' dir='ltr'><strong>verbis</strong></span> <span class='ocrx_word' id='word_1_554' title='bbox 731 4053 745 4089; x_wconf 94' lang='lat'><strong>:</strong></span> <span class='ocrx_word' id='word_1_555' title='bbox 782 4033 880 4088; x_wconf 85' lang='lat' dir='ltr'><strong>Vos</strong></span> <span class='ocrx_word' id='word_1_556' title='bbox 911 4046 1086 4089; x_wconf 84' lang='lat' dir='ltr'><strong>autent</strong></span> <span class='ocrx_word' id='word_1_557' title='bbox 1120 4034 1366 4101; x_wconf 79' lang='lat' dir='ltr'><strong>templum</strong></span> <span class='ocrx_word' id='word_1_558' title='bbox 1395 4031 1490 4087; x_wconf 83' lang='lat' dir='ltr'><strong>Dei</strong></span> <span class='ocrx_word' id='word_1_559' title='bbox 1513 4032 1659 4097; x_wconf 81' lang='lat' dir='ltr'><strong>estis,</strong></span> <span class='ocrx_word' id='word_1_560' title='bbox 1676 4031 1732 4086; x_wconf 70' lang='lat' dir='ltr'><strong>et&#39;</strong></span> <span class='ocrx_word' id='word_1_561' title='bbox 1747 4029 1981 4101; x_wconf 80' lang='lat' dir='ltr'><strong>Spiritus</strong></span> <span class='ocrx_word' id='word_1_562' title='bbox 2002 4028 2103 4085; x_wconf 79' lang='lat' dir='ltr'><strong>Dei</strong></span> 
     </span>
    </p>
   </div>
   <div class='ocr_carea' id='block_1_70' title="bbox 519 4122 2102 4197">
    <p class='ocr_par' dir='ltr' id='par_1_70' title="bbox 519 4122 2102 4197">
     <span class='ocr_line' id='line_1_70' title="bbox 519 4122 2102 4197; baseline -0.004 -12"><span class='ocrx_word' id='word_1_563' title='bbox 519 4128 727 4185; x_wconf 85' lang='lat' dir='ltr'><strong>habitat</strong></span> <span class='ocrx_word' id='word_1_564' title='bbox 755 4128 811 4183; x_wconf 84' lang='lat' dir='ltr'><strong>in</strong></span> <span class='ocrx_word' id='word_1_565' title='bbox 839 4125 980 4182; x_wconf 82' lang='lat' dir='ltr'><strong>vobis</strong></span> <span class='ocrx_word' id='word_1_566' title='bbox 1007 4128 1049 4183; x_wconf 77' lang='grc'>⁸.</span> <span class='ocrx_word' id='word_1_567' title='bbox 1082 4124 1226 4181; x_wconf 92' lang='lat' dir='ltr'><strong>Deus</strong></span> <span class='ocrx_word' id='word_1_568' title='bbox 1259 4124 1426 4197; x_wconf 78' lang='lat' dir='ltr'><strong>igitur</strong></span> <span class='ocrx_word' id='word_1_569' title='bbox 1453 4132 1538 4180; x_wconf 90' lang='lat' dir='ltr'><strong>est</strong></span> <span class='ocrx_word' id='word_1_570' title='bbox 1582 4122 1855 4194; x_wconf 86' lang='lat' dir='ltr'><strong>Spiritus,</strong></span> <span class='ocrx_word' id='word_1_571' title='bbox 1889 4129 1947 4176; x_wconf 90' lang='lat' dir='ltr'><strong>ut</strong></span> <span class='ocrx_word' id='word_1_572' title='bbox 1976 4133 2102 4178; x_wconf 88' lang='lat' dir='ltr'><strong>ante</strong></span> 
     </span>
    </p>
   </div>
   <div class='ocr_carea' id='block_1_71' title="bbox 520 4214 2102 4294">
    <p class='ocr_par' dir='ltr' id='par_1_71' title="bbox 520 4214 2102 4294">
     <span class='ocr_line' id='line_1_71' title="bbox 520 4214 2102 4294; baseline -0.008 -12"><span class='ocrx_word' id='word_1_573' title='bbox 520 4225 656 4291; x_wconf 79' lang='lat' dir='ltr'><strong>dixi,</strong></span> <span class='ocrx_word' id='word_1_574' title='bbox 680 4223 801 4281; x_wconf 89' lang='lat' dir='ltr'><strong>ideo</strong></span> <span class='ocrx_word' id='word_1_575' title='bbox 821 4223 1081 4294; x_wconf 90' lang='lat' dir='ltr'><strong>templum</strong></span> <span class='ocrx_word' id='word_1_576' title='bbox 1102 4222 1198 4279; x_wconf 91' lang='lat' dir='ltr'><strong>Dei</strong></span> <span class='ocrx_word' id='word_1_577' title='bbox 1222 4229 1487 4277; x_wconf 84' lang='lat' dir='ltr'><strong>vocantur</strong></span> <span class='ocrx_word' id='word_1_578' title='bbox 1511 4219 1762 4276; x_wconf 88' lang='lat' dir='ltr'><strong>homines</strong></span> <span class='ocrx_word' id='word_1_579' title='bbox 1784 4216 1979 4284; x_wconf 84' lang='lat' dir='ltr'><strong>sancti,</strong></span> <span class='ocrx_word' id='word_1_580' title='bbox 2005 4214 2102 4286; x_wconf 89' lang='lat' dir='ltr'><strong>qui</strong></span> 
     </span>
    </p>
   </div>
   <div class='ocr_carea' id='block_1_72' title="bbox 520 4309 2097 4388">
    <p class='ocr_par' dir='ltr' id='par_1_72' title="bbox 520 4309 2097 4388">
     <span class='ocr_line' id='line_1_72' title="bbox 520 4309 2097 4388; baseline -0.009 -12"><span class='ocrx_word' id='word_1_581' title='bbox 520 4329 714 4377; x_wconf 88' lang='lat' dir='ltr'><strong>sancto</strong></span> <span class='ocrx_word' id='word_1_582' title='bbox 745 4316 843 4373; x_wconf 88' lang='lat' dir='ltr'><strong>Dei</strong></span> <span class='ocrx_word' id='word_1_583' title='bbox 872 4315 1100 4388; x_wconf 87' lang='lat' dir='ltr'><strong>Spiritui</strong></span> <span class='ocrx_word' id='word_1_584' title='bbox 1139 4314 1478 4370; x_wconf 85' lang='lat' dir='ltr'><strong>domicilium</strong></span> <span class='ocrx_word' id='word_1_585' title='bbox 1517 4312 1576 4368; x_wconf 89' lang='lat' dir='ltr'><strong>in</strong></span> <span class='ocrx_word' id='word_1_586' title='bbox 1606 4312 1804 4383; x_wconf 83' lang='lat' dir='ltr'><strong>seipsis</strong></span> <span class='ocrx_word' id='word_1_587' title='bbox 1833 4309 2097 4382; x_wconf 81' lang='lat' dir='ltr'><strong>praebent,</strong></span> 
     </span>
    </p>
   </div>
   <div class='ocr_carea' id='block_1_73' title="bbox 520 4401 2102 4481">
    <p class='ocr_par' dir='ltr' id='par_1_73' title="bbox 520 4401 2102 4481">
     <span class='ocr_line' id='line_1_73' title="bbox 520 4401 2102 4481; baseline -0.006 -15"><span class='ocrx_word' id='word_1_588' title='bbox 520 4411 602 4467; x_wconf 91' lang='lat' dir='ltr'><strong>uti</strong></span> <span class='ocrx_word' id='word_1_589' title='bbox 646 4410 900 4481; x_wconf 84' lang='lat' dir='ltr'><strong>princeps</strong></span> <span class='ocrx_word' id='word_1_590' title='bbox 934 4407 1305 4479; x_wconf 88' lang='lat' dir='ltr'><strong>apostolorum</strong></span> <span class='ocrx_word' id='word_1_591' title='bbox 1350 4413 1603 4471; x_wconf 85' lang='lat' dir='ltr'><strong>testatur,</strong></span> <span class='ocrx_word' id='word_1_592' title='bbox 1636 4404 1731 4475; x_wconf 90' lang='lat' dir='ltr'><strong>qui</strong></span> <span class='ocrx_word' id='word_1_593' title='bbox 1774 4404 1902 4459; x_wconf 77' lang='lat' dir='ltr'><strong>felix</strong></span> <span class='ocrx_word' id='word_1_594' title='bbox 1929 4418 1961 4458; x_wconf 92' lang='lat' dir='ltr'><strong>a</strong></span> <span class='ocrx_word' id='word_1_595' title='bbox 1995 4401 2102 4457; x_wconf 81' lang='lat' dir='ltr'><strong>Do-</strong></span> 
     </span>
    </p>
   </div>
   <div class='ocr_carea' id='block_1_74' title="bbox 2203 3292 3791 3368">
    <p class='ocr_par' dir='ltr' id='par_1_74' title="bbox 2203 3292 3791 3368">
     <span class='ocr_line' id='line_1_74' title="bbox 2203 3292 3791 3368; baseline -0.001 -18"><span class='ocrx_word' id='word_1_596' title='bbox 2203 3295 2269 3350; x_wconf 85' lang='grc' dir='ltr'><strong>ἂν</strong></span> <span class='ocrx_word' id='word_1_597' title='bbox 2297 3296 2406 3368; x_wconf 81' lang='grc' dir='ltr'><strong>ἄρα</strong></span> <span class='ocrx_word' id='word_1_598' title='bbox 2451 3296 2513 3349; x_wconf 92' lang='grc' dir='ltr'><strong>τὸ</strong></span> <span class='ocrx_word' id='word_1_599' title='bbox 2548 3295 2795 3368; x_wconf 86' lang='grc' dir='ltr'>χάρισμα</span> <span class='ocrx_word' id='word_1_600' title='bbox 2821 3294 3029 3350; x_wconf 78' lang='grc' dir='ltr'>ἄνωθεν</span> <span class='ocrx_word' id='word_1_601' title='bbox 3076 3296 3427 3368; x_wconf 77' lang='grc' dir='ltr'>ἐπιφοιτήσῃ.</span> <span class='ocrx_word' id='word_1_602' title='bbox 3460 3295 3598 3367; x_wconf 76' lang='grc' dir='ltr'>Φησὶ</span> <span class='ocrx_word' id='word_1_603' title='bbox 3624 3292 3715 3349; x_wconf 78' lang='grc' dir='ltr'><strong>οὖν</strong></span> <span class='ocrx_word' id='word_1_604' title='bbox 3754 3297 3791 3349; x_wconf 87' lang='grc' dir='ltr'><strong>ὁ</strong></span> 
     </span>
    </p>
   </div>
   <div class='ocr_carea' id='block_1_75' title="bbox 2205 3384 3792 3458">
    <p class='ocr_par' dir='ltr' id='par_1_75' title="bbox 2205 3384 3792 3458">
     <span class='ocr_line' id='line_1_75' title="bbox 2205 3384 3792 3458; baseline 0.002 -20"><span class='ocrx_word' id='word_1_605' title='bbox 2205 3387 2475 3458; x_wconf 85' lang='grc' dir='ltr'>μακάριος</span> <span class='ocrx_word' id='word_1_606' title='bbox 2504 3385 2711 3455; x_wconf 79' lang='grc' dir='ltr'>Πέτρος</span> <span class='ocrx_word' id='word_1_607' title='bbox 2739 3386 2853 3448; x_wconf 78' lang='grc' dir='ltr'>τοῖς</span> <span class='ocrx_word' id='word_1_608' title='bbox 2897 3385 3026 3456; x_wconf 76' lang='grc' dir='ltr'>περὶ</span> <span class='ocrx_word' id='word_1_609' title='bbox 3085 3384 3365 3440; x_wconf 72' lang='grc' dir='ltr'>Ἀνανίανσ</span> <span class='ocrx_word' id='word_1_610' title='bbox 3400 3384 3466 3440; x_wconf 84' lang='grc' dir='ltr'>Τί</span> <span class='ocrx_word' id='word_1_611' title='bbox 3504 3384 3594 3439; x_wconf 85' lang='grc' dir='ltr'>ὅτι</span> <span class='ocrx_word' id='word_1_612' title='bbox 3628 3386 3792 3441; x_wconf 79' lang='grc' dir='ltr'>ἐπεί-</span> 
     </span>
    </p>
   </div>
   <div class='ocr_carea' id='block_1_76' title="bbox 2195 3473 3792 3553">
    <p class='ocr_par' dir='ltr' id='par_1_76' title="bbox 2195 3473 3792 3553">
     <span class='ocr_line' id='line_1_76' title="bbox 2195 3473 3792 3553; baseline 0.001 -22"><span class='ocrx_word' id='word_1_613' title='bbox 2195 3493 2389 3547; x_wconf 83' lang='grc' dir='ltr'>ρασεν</span> <span class='ocrx_word' id='word_1_614' title='bbox 2419 3474 2577 3553; x_wconf 78' lang='grc' dir='ltr'>ὑμᾶς</span> <span class='ocrx_word' id='word_1_615' title='bbox 2615 3477 2647 3529; x_wconf 88' lang='grc' dir='ltr'><em>ὀ</em></span> <span class='ocrx_word' id='word_1_616' title='bbox 2676 3474 2950 3543; x_wconf 78' lang='grc' dir='ltr'>Σατανᾶς</span> <span class='ocrx_word' id='word_1_617' title='bbox 2979 3476 3329 3545; x_wconf 73' lang='grc' dir='ltr'>ψεύσασθαι</span> <span class='ocrx_word' id='word_1_618' title='bbox 3358 3473 3441 3542; x_wconf 82' lang='grc' dir='ltr'>τῷ</span> <span class='ocrx_word' id='word_1_619' title='bbox 3469 3477 3792 3551; x_wconf 35' lang='grc' dir='ltr'>,Πνεύματι</span> 
     </span>
    </p>
   </div>
   <div class='ocr_carea' id='block_1_77' title="bbox 2201 3564 3794 3636">
    <p class='ocr_par' dir='ltr' id='par_1_77' title="bbox 2201 3564 3794 3636">
     <span class='ocr_line' id='line_1_77' title="bbox 2201 3564 3794 3636; baseline 0.001 -15"><span class='ocrx_word' id='word_1_620' title='bbox 2201 3567 2282 3634; x_wconf 81' lang='grc' dir='ltr'><strong>τῷ</strong></span> <span class='ocrx_word' id='word_1_621' title='bbox 2303 3567 2484 3636; x_wconf 77' lang='grc' dir='ltr'><strong>ἁγίῳ;</strong></span> <span class='ocrx_word' id='word_1_622' title='bbox 2510 3564 2602 3618; x_wconf 90' lang='grc' dir='ltr'><strong>καί</strong></span> <span class='ocrx_word' id='word_1_623' title='bbox 2628 3580 2791 3636; x_wconf 83' lang='grc' dir='ltr'>φησι·</span> <span class='ocrx_word' id='word_1_624' title='bbox 2815 3567 2938 3619; x_wconf 82' lang='grc' dir='ltr'><strong>Οὐκ</strong></span> <span class='ocrx_word' id='word_1_625' title='bbox 2963 3565 3207 3634; x_wconf 66' lang='grc' dir='ltr'>ἐψεύσω</span> <span class='ocrx_word' id='word_1_626' title='bbox 3239 3564 3591 3635; x_wconf 80' lang='grc' dir='ltr'>ἀνθρώποις,</span> <span class='ocrx_word' id='word_1_627' title='bbox 3624 3566 3794 3627; x_wconf 61' lang='grc' dir='ltr'><em>ἀλλὰ</em></span> 
     </span>
    </p>
   </div>
   <div class='ocr_carea' id='block_1_78' title="bbox 2204 3655 3904 3741">
    <p class='ocr_par' dir='ltr' id='par_1_78' title="bbox 2204 3655 3904 3741">
     <span class='ocr_line' id='line_1_78' title="bbox 2204 3655 3904 3741; baseline 0.001 -30"><span class='ocrx_word' id='word_1_628' title='bbox 2204 3656 2346 3724; x_wconf 80' lang='grc' dir='ltr'>Θεῷ.</span> <span class='ocrx_word' id='word_1_629' title='bbox 2383 3659 2528 3728; x_wconf 80' lang='grc' dir='ltr'><strong>Ἀρα</strong></span> <span class='ocrx_word' id='word_1_630' title='bbox 2547 3655 2680 3720; x_wconf 84' lang='grc' dir='ltr'>Θεὸς</span> <span class='ocrx_word' id='word_1_631' title='bbox 2699 3658 2763 3711; x_wconf 78' lang='grc' dir='ltr'>ὲκ</span> <span class='ocrx_word' id='word_1_632' title='bbox 2791 3656 3008 3729; x_wconf 84' lang='grc' dir='ltr'>Πατρὸς</span> <span class='ocrx_word' id='word_1_633' title='bbox 3032 3658 3128 3710; x_wconf 76' lang='grc' dir='ltr'>καὶ</span> <span class='ocrx_word' id='word_1_634' title='bbox 3148 3655 3279 3741; x_wconf 89' lang='grc' dir='ltr'>Υίοῦ</span> <span class='ocrx_word' id='word_1_635' title='bbox 3301 3657 3362 3711; x_wconf 84' lang='grc' dir='ltr'><strong>τὸ</strong></span> <span class='ocrx_word' id='word_1_636' title='bbox 3393 3657 3618 3730; x_wconf 87' lang='grc' dir='ltr'>Πνεῦμα</span> <span class='ocrx_word' id='word_1_637' title='bbox 3647 3657 3799 3729; x_wconf 65' lang='lat'><strong>(10),~</strong></span> <span class='ocrx_word' id='word_1_638' title='bbox 3879 3712 3904 3738; x_wconf 55' lang='grc' dir='ltr'><strong><em>ο</em></strong></span> 
     </span>
    </p>
   </div>
   <div class='ocr_carea' id='block_1_79' title="bbox 2201 3744 3785 3823">
    <p class='ocr_par' dir='ltr' id='par_1_79' title="bbox 2201 3744 3785 3823">
     <span class='ocr_line' id='line_1_79' title="bbox 2201 3744 3785 3823; baseline 0.001 -19"><span class='ocrx_word' id='word_1_639' title='bbox 2201 3744 2246 3820; x_wconf 82' lang='grc' dir='ltr'>ᾧ</span> <span class='ocrx_word' id='word_1_640' title='bbox 2285 3750 2583 3822; x_wconf 76' lang='grc' dir='ltr'>ἐψεύσαντο</span> <span class='ocrx_word' id='word_1_641' title='bbox 2636 3751 2684 3802; x_wconf 82' lang='grc' dir='ltr'>οἱ</span> <span class='ocrx_word' id='word_1_642' title='bbox 2739 3749 2849 3803; x_wconf 86' lang='grc' dir='ltr'>ἀπὸ</span> <span class='ocrx_word' id='word_1_643' title='bbox 2885 3748 2978 3803; x_wconf 88' lang='grc' dir='ltr'><strong>τοῦ</strong></span> <span class='ocrx_word' id='word_1_644' title='bbox 3024 3751 3342 3822; x_wconf 80' lang='grc' dir='ltr'>τιμήματος</span> <span class='ocrx_word' id='word_1_645' title='bbox 3372 3753 3785 3823; x_wconf 68' lang='grc' dir='ltr'>νοσφισάμενοι.</span> 
     </span>
    </p>
   </div>
   <div class='ocr_carea' id='block_1_80' title="bbox 2213 3840 3783 3915">
    <p class='ocr_par' dir='ltr' id='par_1_80' title="bbox 2213 3840 3783 3915">
     <span class='ocr_line' id='line_1_80' title="bbox 2213 3840 3783 3915; baseline 0.001 -18"><span class='ocrx_word' id='word_1_646' title='bbox 2213 3844 2302 3909; x_wconf 78' lang='grc' dir='ltr'>Ὠς</span> <span class='ocrx_word' id='word_1_647' title='bbox 2341 3842 2437 3897; x_wconf 72' lang='grc' dir='ltr'><strong>καὶ</strong></span> <span class='ocrx_word' id='word_1_648' title='bbox 2482 3844 2511 3896; x_wconf 88' lang='lat'><strong>6</strong></span> <span class='ocrx_word' id='word_1_649' title='bbox 2551 3840 2760 3906; x_wconf 87' lang='grc' dir='ltr'>Παῦλος</span> <span class='ocrx_word' id='word_1_650' title='bbox 2783 3841 2997 3913; x_wconf 82' lang='grc' dir='ltr'>συνᾴδει</span> <span class='ocrx_word' id='word_1_651' title='bbox 3042 3841 3121 3913; x_wconf 84' lang='grc' dir='ltr'>τῷ</span> <span class='ocrx_word' id='word_1_652' title='bbox 3146 3841 3294 3914; x_wconf 85' lang='grc' dir='ltr'>λόγῳ</span> <span class='ocrx_word' id='word_1_653' title='bbox 3318 3843 3522 3915; x_wconf 73' lang='grc' dir='ltr'>τούτῳ,</span> <span class='ocrx_word' id='word_1_654' title='bbox 3574 3843 3783 3912; x_wconf 81' lang='grc' dir='ltr'>λέγων·</span> 
     </span>
    </p>
   </div>
   <div class='ocr_carea' id='block_1_81' title="bbox 2215 3932 3787 4006">
    <p class='ocr_par' dir='ltr' id='par_1_81' title="bbox 2215 3932 3787 4006">
     <span class='ocr_line' id='line_1_81' title="bbox 2215 3932 3787 4006; baseline 0.001 -18"><span class='ocrx_word' id='word_1_655' title='bbox 2215 3934 2401 4005; x_wconf 82' lang='grc' dir='ltr'>Ὑμεῖς</span> <span class='ocrx_word' id='word_1_656' title='bbox 2432 3932 2500 3987; x_wconf 78' lang='grc' dir='ltr'><em>δὲ</em></span> <span class='ocrx_word' id='word_1_657' title='bbox 2532 3933 2678 4000; x_wconf 83' lang='grc' dir='ltr'>ναὸς</span> <span class='ocrx_word' id='word_1_658' title='bbox 2705 3933 2813 3987; x_wconf 85' lang='grc' dir='ltr'><strong>τοῦ</strong></span> <span class='ocrx_word' id='word_1_659' title='bbox 2867 3933 3016 3988; x_wconf 83' lang='grc' dir='ltr'>Θεοῦ</span> <span class='ocrx_word' id='word_1_660' title='bbox 3047 3933 3190 3989; x_wconf 82' lang='grc' dir='ltr'>ἐστε</span> <span class='ocrx_word' id='word_1_661' title='bbox 3210 3974 3225 4000; x_wconf 89' lang='grc'><strong>,</strong></span> <span class='ocrx_word' id='word_1_662' title='bbox 3277 3935 3378 3990; x_wconf 78' lang='grc' dir='ltr'>καὶ</span> <span class='ocrx_word' id='word_1_663' title='bbox 3425 3935 3497 3988; x_wconf 83' lang='grc' dir='ltr'><strong>τὸ</strong></span> <span class='ocrx_word' id='word_1_664' title='bbox 3538 3935 3787 4006; x_wconf 76' lang='grc' dir='ltr'>Πνεῦμα</span> 
     </span>
    </p>
   </div>
   <div class='ocr_carea' id='block_1_82' title="bbox 2202 4020 3783 4099">
    <p class='ocr_par' dir='ltr' id='par_1_82' title="bbox 2202 4020 3783 4099">
     <span class='ocr_line' id='line_1_82' title="bbox 2202 4020 3783 4099; baseline -0.001 -17"><span class='ocrx_word' id='word_1_665' title='bbox 2202 4027 2309 4083; x_wconf 82' lang='grc' dir='ltr'><strong>τοῦ</strong></span> <span class='ocrx_word' id='word_1_666' title='bbox 2336 4026 2484 4082; x_wconf 85' lang='grc' dir='ltr'>Θεοῦ</span> <span class='ocrx_word' id='word_1_667' title='bbox 2517 4024 2670 4079; x_wconf 78' lang='grc' dir='ltr'>οἰκεῖ</span> <span class='ocrx_word' id='word_1_668' title='bbox 2690 4026 2759 4079; x_wconf 80' lang='grc' dir='ltr'><strong>ἐν</strong></span> <span class='ocrx_word' id='word_1_669' title='bbox 2781 4024 2944 4096; x_wconf 81' lang='grc' dir='ltr'>ὑμῖν.</span> <span class='ocrx_word' id='word_1_670' title='bbox 2983 4027 3126 4099; x_wconf 82' lang='grc' dir='ltr'>Ἀρα</span> <span class='ocrx_word' id='word_1_671' title='bbox 3151 4020 3246 4081; x_wconf 72' lang='grc' dir='ltr'><strong>οῦν</strong></span> <span class='ocrx_word' id='word_1_672' title='bbox 3281 4026 3415 4090; x_wconf 88' lang='grc' dir='ltr'>Θεὸς</span> <span class='ocrx_word' id='word_1_673' title='bbox 3443 4026 3504 4080; x_wconf 89' lang='grc' dir='ltr'><strong>τὸ</strong></span> <span class='ocrx_word' id='word_1_674' title='bbox 3537 4026 3783 4097; x_wconf 83' lang='grc' dir='ltr'>Πνεῦμα,</span> 
     </span>
    </p>
   </div>
   <div class='ocr_carea' id='block_1_83' title="bbox 2200 4119 3790 4192">
    <p class='ocr_par' dir='ltr' id='par_1_83' title="bbox 2200 4119 3790 4192">
     <span class='ocr_line' id='line_1_83' title="bbox 2200 4119 3790 4192; baseline -0.001 -18"><span class='ocrx_word' id='word_1_675' title='bbox 2200 4120 2277 4185; x_wconf 84' lang='grc' dir='ltr'><strong>ὡς</strong></span> <span class='ocrx_word' id='word_1_676' title='bbox 2302 4121 2562 4192; x_wconf 77' lang='grc' dir='ltr'>προεῖπον</span> <span class='ocrx_word' id='word_1_677' title='bbox 2584 4137 2598 4150; x_wconf 84' lang='grc'><em>’</em></span> <span class='ocrx_word' id='word_1_678' title='bbox 2630 4119 2708 4173; x_wconf 87' lang='grc' dir='ltr'><strong>διὸ</strong></span> <span class='ocrx_word' id='word_1_679' title='bbox 2733 4120 2859 4186; x_wconf 90' lang='grc' dir='ltr'>ναὸς</span> <span class='ocrx_word' id='word_1_680' title='bbox 2888 4120 3025 4175; x_wconf 89' lang='grc' dir='ltr'>Θεοῦ</span> <span class='ocrx_word' id='word_1_681' title='bbox 3048 4120 3415 4192; x_wconf 82' lang='grc' dir='ltr'>κληθήσονται</span> <span class='ocrx_word' id='word_1_682' title='bbox 3445 4121 3539 4175; x_wconf 76' lang='grc' dir='ltr'>καὶ</span> <span class='ocrx_word' id='word_1_683' title='bbox 3559 4122 3607 4177; x_wconf 87' lang='grc' dir='ltr'>οἱ</span> <span class='ocrx_word' id='word_1_684' title='bbox 3639 4119 3790 4188; x_wconf 73' lang='grc' dir='ltr'>ἅγιοι</span> 
     </span>
    </p>
   </div>
   <div class='ocr_carea' id='block_1_84' title="bbox 2201 4209 3797 4284">
    <p class='ocr_par' dir='ltr' id='par_1_84' title="bbox 2201 4209 3797 4284">
     <span class='ocr_line' id='line_1_84' title="bbox 2201 4209 3797 4284; baseline -0.003 -16"><span class='ocrx_word' id='word_1_685' title='bbox 2201 4214 2475 4284; x_wconf 81' lang='grc' dir='ltr'>ἄνθρωποι</span> <span class='ocrx_word' id='word_1_686' title='bbox 2499 4213 2922 4283; x_wconf 84' lang='grc' dir='ltr'>κατοικήσαντες</span> <span class='ocrx_word' id='word_1_687' title='bbox 2954 4215 3170 4277; x_wconf 78' lang='grc' dir='ltr'>ἑαυτοῖς</span> <span class='ocrx_word' id='word_1_688' title='bbox 3192 4213 3238 4251; x_wconf 68' lang='grc'><strong>⁸⁸</strong></span> <span class='ocrx_word' id='word_1_689' title='bbox 3266 4212 3326 4266; x_wconf 89' lang='grc' dir='ltr'><strong>τὸ</strong></span> <span class='ocrx_word' id='word_1_690' title='bbox 3347 4211 3503 4282; x_wconf 77' lang='grc' dir='ltr'>ἅγιον</span> <span class='ocrx_word' id='word_1_691' title='bbox 3529 4210 3624 4265; x_wconf 91' lang='grc' dir='ltr'><strong>τοῦ</strong></span> <span class='ocrx_word' id='word_1_692' title='bbox 3650 4209 3797 4265; x_wconf 74' lang='grc' dir='ltr'>Θεοῦ</span> 
     </span>
    </p>
   </div>
   <div class='ocr_carea' id='block_1_85' title="bbox 2201 4302 3788 4378">
    <p class='ocr_par' dir='ltr' id='par_1_85' title="bbox 2201 4302 3788 4378">
     <span class='ocr_line' id='line_1_85' title="bbox 2201 4302 3788 4378; baseline -0.002 -20"><span class='ocrx_word' id='word_1_693' title='bbox 2201 4303 2455 4375; x_wconf 79' lang='grc' dir='ltr'>Πνεῦμαο</span> <span class='ocrx_word' id='word_1_694' title='bbox 2494 4302 2676 4368; x_wconf 87' lang='grc' dir='ltr'>καθὼς</span> <span class='ocrx_word' id='word_1_695' title='bbox 2699 4307 2971 4377; x_wconf 87' lang='grc' dir='ltr'>μαρτυρεῖ</span> <span class='ocrx_word' id='word_1_696' title='bbox 2990 4307 3019 4360; x_wconf 91' lang='lat'><strong>6</strong></span> <span class='ocrx_word' id='word_1_697' title='bbox 3049 4305 3474 4378; x_wconf 81' lang='grc' dir='ltr'>κορυφαιότατος</span> <span class='ocrx_word' id='word_1_698' title='bbox 3503 4303 3614 4356; x_wconf 85' lang='grc' dir='ltr'><strong>τῶν</strong></span> <span class='ocrx_word' id='word_1_699' title='bbox 3646 4304 3788 4363; x_wconf 78' lang='grc' dir='ltr'>ἁπο-</span> 
     </span>
    </p>
   </div>
   <div class='ocr_carea' id='block_1_86' title="bbox 2203 4395 3783 4470">
    <p class='ocr_par' dir='ltr' id='par_1_86' title="bbox 2203 4395 3783 4470">
     <span class='ocr_line' id='line_1_86' title="bbox 2203 4395 3783 4470; baseline 0 -21"><span class='ocrx_word' id='word_1_700' title='bbox 2203 4396 2433 4463; x_wconf 87' lang='grc' dir='ltr'>στόλων,</span> <span class='ocrx_word' id='word_1_701' title='bbox 2484 4398 2513 4451; x_wconf 91' lang='lat'><strong>6</strong></span> <span class='ocrx_word' id='word_1_702' title='bbox 2566 4395 2925 4462; x_wconf 71' lang='grc' dir='ltr'>καταξιωθεὶς</span> <span class='ocrx_word' id='word_1_703' title='bbox 2962 4396 3371 4470; x_wconf 83' lang='grc' dir='ltr'>μακαρισθῆναι</span> <span class='ocrx_word' id='word_1_704' title='bbox 3421 4397 3527 4453; x_wconf 84' lang='grc' dir='ltr'><strong>ὑπὸ</strong></span> <span class='ocrx_word' id='word_1_705' title='bbox 3554 4395 3783 4467; x_wconf 82' lang='grc' dir='ltr'>Κυρίου,</span> 
     </span>
    </p>
   </div>
   <div class='ocr_carea' id='block_1_87' title="bbox 520 4488 2096 4574">
    <p class='ocr_par' dir='ltr' id='par_1_87' title="bbox 520 4497 2096 4574">
     <span class='ocr_line' id='line_1_87' title="bbox 520 4497 2096 4574; baseline -0.004 -15"><span class='ocrx_word' id='word_1_706' title='bbox 520 4504 673 4560; x_wconf 89' lang='lat' dir='ltr'><strong>mine</strong></span> <span class='ocrx_word' id='word_1_707' title='bbox 714 4501 1001 4574; x_wconf 67' lang='lat' dir='ltr'><strong>praedicari</strong></span> <span class='ocrx_word' id='word_1_708' title='bbox 1037 4500 1258 4565; x_wconf 89' lang='lat' dir='ltr'><strong>meruit,</strong></span> <span class='ocrx_word' id='word_1_709' title='bbox 1290 4514 1357 4555; x_wconf 91' lang='lat' dir='ltr'><strong>eo</strong></span> <span class='ocrx_word' id='word_1_710' title='bbox 1401 4499 1547 4570; x_wconf 91' lang='lat' dir='ltr'><strong>quod</strong></span> <span class='ocrx_word' id='word_1_711' title='bbox 1594 4497 1757 4553; x_wconf 88' lang='lat' dir='ltr'><strong>Pater</strong></span> <span class='ocrx_word' id='word_1_712' title='bbox 1795 4497 1898 4568; x_wconf 90' lang='lat' dir='ltr'><strong>ipsi</strong></span> <span class='ocrx_word' id='word_1_713' title='bbox 1944 4510 2096 4552; x_wconf 88' lang='lat' dir='ltr'><strong>reve-</strong></span> 
     </span>
    </p>
   </div>
   <div class='ocr_carea' id='block_1_88' title="bbox 2203 4488 3790 4574">
    <p class='ocr_par' dir='ltr' id='par_1_88' title="bbox 2206 4488 3790 4562">
     <span class='ocr_line' id='line_1_88' title="bbox 2206 4488 3790 4562; baseline 0 -20"><span class='ocrx_word' id='word_1_714' title='bbox 2206 4488 2285 4542; x_wconf 83' lang='grc' dir='ltr'><strong>ὅτι</strong></span> <span class='ocrx_word' id='word_1_715' title='bbox 2306 4489 2336 4543; x_wconf 92' lang='lat'><strong>6</strong></span> <span class='ocrx_word' id='word_1_716' title='bbox 2362 4488 2551 4561; x_wconf 80' lang='grc' dir='ltr'>Πατὴρ</span> <span class='ocrx_word' id='word_1_717' title='bbox 2576 4488 2725 4560; x_wconf 80' lang='grc' dir='ltr'>αὐτῷ</span> <span class='ocrx_word' id='word_1_718' title='bbox 2751 4489 3091 4557; x_wconf 76' lang='grc' dir='ltr'>ἅπεκάλυψε.</span> <span class='ocrx_word' id='word_1_719' title='bbox 3122 4488 3315 4545; x_wconf 77' lang='grc' dir='ltr'>Τοίνυν</span> <span class='ocrx_word' id='word_1_720' title='bbox 3355 4492 3386 4544; x_wconf 90' lang='lat'><strong>6</strong></span> <span class='ocrx_word' id='word_1_721' title='bbox 3430 4489 3620 4562; x_wconf 80' lang='grc' dir='ltr'>Πατὴρ</span> <span class='ocrx_word' id='word_1_722' title='bbox 3651 4490 3790 4543; x_wconf 84' lang='grc' dir='ltr'>ἀπο-</span> 
     </span>
    </p>
   </div>
   <div class='ocr_carea' id='block_1_89' title="bbox 522 4577 2096 4666">
    <p class='ocr_par' dir='ltr' id='par_1_89' title="bbox 522 4586 2096 4666">
     <span class='ocr_line' id='line_1_89' title="bbox 522 4586 2096 4666; baseline -0.006 -15"><span class='ocrx_word' id='word_1_723' title='bbox 522 4596 745 4653; x_wconf 85' lang='lat' dir='ltr'><strong>lasset&quot;.</strong></span> <span class='ocrx_word' id='word_1_724' title='bbox 790 4592 929 4649; x_wconf 85' lang='lat' dir='ltr'><strong>Huic</strong></span> <span class='ocrx_word' id='word_1_725' title='bbox 966 4592 1133 4666; x_wconf 76' lang='lat' dir='ltr'><strong>igitur</strong></span> <span class='ocrx_word' id='word_1_726' title='bbox 1171 4605 1491 4664; x_wconf 77' lang='lat' dir='ltr'><strong>germanum</strong></span> <span class='ocrx_word' id='word_1_727' title='bbox 1528 4604 1688 4646; x_wconf 89' lang='lat' dir='ltr'><strong>suum</strong></span> <span class='ocrx_word' id='word_1_728' title='bbox 1717 4586 1912 4643; x_wconf 86' lang='lat' dir='ltr'><strong>Filium</strong></span> <span class='ocrx_word' id='word_1_729' title='bbox 1945 4586 2096 4642; x_wconf 82' lang='lat' dir='ltr'><strong>Pater</strong></span> 
     </span>
    </p>
   </div>
   <div class='ocr_carea' id='block_1_90' title="bbox 2203 4577 3787 4666">
    <p class='ocr_par' dir='ltr' id='par_1_90' title="bbox 2209 4577 3787 4652">
     <span class='ocr_line' id='line_1_90' title="bbox 2209 4577 3787 4652; baseline 0 -17"><span class='ocrx_word' id='word_1_730' title='bbox 2209 4579 2475 4635; x_wconf 84' lang='grc' dir='ltr'>καλύπτει</span> <span class='ocrx_word' id='word_1_731' title='bbox 2502 4580 2595 4634; x_wconf 87' lang='grc' dir='ltr'><strong>τὸν</strong></span> <span class='ocrx_word' id='word_1_732' title='bbox 2635 4580 2763 4634; x_wconf 86' lang='grc' dir='ltr'>Υἱὸν</span> <span class='ocrx_word' id='word_1_733' title='bbox 2787 4580 2878 4635; x_wconf 88' lang='grc' dir='ltr'><strong>τὸν</strong></span> <span class='ocrx_word' id='word_1_734' title='bbox 2904 4579 3157 4652; x_wconf 85' lang='grc' dir='ltr'>ἀληθινὸν</span> <span class='ocrx_word' id='word_1_735' title='bbox 3183 4579 3334 4652; x_wconf 82' lang='grc' dir='ltr'>αὐτῷ</span> <span class='ocrx_word' id='word_1_736' title='bbox 3356 4619 3373 4647; x_wconf 90' lang='grc'><strong>,</strong></span> <span class='ocrx_word' id='word_1_737' title='bbox 3419 4581 3515 4634; x_wconf 70' lang='grc' dir='ltr'><strong>καὶ</strong></span> <span class='ocrx_word' id='word_1_738' title='bbox 3547 4577 3787 4652; x_wconf 68' lang='grc' dir='ltr'>μακαρί.</span> 
     </span>
    </p>
   </div>
   <div class='ocr_carea' id='block_1_91' title="bbox 597 4736 2096 4807">
    <p class='ocr_par' dir='ltr' id='par_1_91' title="bbox 597 4739 2081 4806">
     <span class='ocr_line' id='line_1_91' title="bbox 597 4739 2081 4806; baseline -0.006 -2"><span class='ocrx_word' id='word_1_739' title='bbox 597 4750 618 4781; x_wconf 81' lang='grc'>¹</span> <span class='ocrx_word' id='word_1_740' title='bbox 645 4747 836 4804; x_wconf 80' lang='lat' dir='ltr'><strong>Matth.</strong></span> <span class='ocrx_word' id='word_1_741' title='bbox 872 4759 1069 4806; x_wconf 62' lang='grc' dir='ltr'>ιιι-ιιι.</span> <span class='ocrx_word' id='word_1_742' title='bbox 1122 4743 1211 4800; x_wconf 78' lang='lat' dir='ltr'><strong>t9.</strong></span> <span class='ocrx_word' id='word_1_743' title='bbox 1287 4746 1309 4776; x_wconf 81' lang='grc'>³</span> <span class='ocrx_word' id='word_1_744' title='bbox 1334 4740 1403 4796; x_wconf 85' lang='lat' dir='ltr'><strong>F.</strong></span> <span class='ocrx_word' id='word_1_745' title='bbox 1454 4739 1655 4797; x_wconf 90' lang='lat' dir='ltr'><strong>Patris.</strong></span> <span class='ocrx_word' id='word_1_746' title='bbox 1731 4739 1892 4795; x_wconf 79' lang='lat' dir='ltr'><strong>&#39;Gal.</strong></span> <span class='ocrx_word' id='word_1_747' title='bbox 1922 4756 1994 4804; x_wconf 90' lang='lat' dir='ltr'><strong>tv,</strong></span> <span class='ocrx_word' id='word_1_748' title='bbox 2026 4739 2081 4795; x_wconf 77' lang='lat'><strong>3.</strong></span> 
     </span>
    </p>
   </div>
   <div class='ocr_carea' id='block_1_92' title="bbox 2203 4736 3783 4807">
    <p class='ocr_par' dir='ltr' id='par_1_92' title="bbox 2214 4736 3783 4807">
     <span class='ocr_line' id='line_1_92' title="bbox 2214 4736 3783 4807; baseline 0.003 -14"><span class='ocrx_word' id='word_1_749' title='bbox 2214 4739 2337 4795; x_wconf 80' lang='lat' dir='ltr'><strong>Act.</strong></span> <span class='ocrx_word' id='word_1_750' title='bbox 2371 4755 2425 4807; x_wconf 90' lang='lat' dir='ltr'><strong>v,</strong></span> <span class='ocrx_word' id='word_1_751' title='bbox 2461 4739 2518 4795; x_wconf 84' lang='grc'><strong>’5.</strong></span> <span class='ocrx_word' id='word_1_752' title='bbox 2613 4738 2635 4771; x_wconf 82' lang='grc'>⁸</span> <span class='ocrx_word' id='word_1_753' title='bbox 2674 4737 2809 4795; x_wconf 88' lang='lat' dir='ltr'><strong>ibid.</strong></span> <span class='ocrx_word' id='word_1_754' title='bbox 2837 4740 2891 4794; x_wconf 71' lang='grc'>4.</span> <span class='ocrx_word' id='word_1_755' title='bbox 2969 4736 3192 4794; x_wconf 77' lang='lat' dir='ltr'><strong>‘lCer.</strong></span> <span class='ocrx_word' id='word_1_756' title='bbox 3241 4753 3328 4805; x_wconf 85' lang='grc' dir='ltr'>ιιι,</span> <span class='ocrx_word' id='word_1_757' title='bbox 3368 4738 3456 4794; x_wconf 81' lang='grc'><strong>16.</strong></span> <span class='ocrx_word' id='word_1_758' title='bbox 3534 4740 3562 4799; x_wconf 81' lang='grc'><strong>⁷,</strong></span> <span class='ocrx_word' id='word_1_759' title='bbox 3594 4738 3783 4799; x_wconf 68' lang='lat' dir='ltr'><strong>Matth.</strong></span> 
     </span>
    </p>
   </div>
   <div class='ocr_carea' id='block_1_93' title="bbox 523 4807 3441 4888">
    <p class='ocr_par' dir='ltr' id='par_1_93' title="bbox 523 4807 3441 4888">
     <span class='ocr_line' id='line_1_93' title="bbox 523 4807 3441 4888; baseline -0.005 -10"><span class='ocrx_word' id='word_1_760' title='bbox 523 4836 637 4888; x_wconf 76' lang='lat' dir='ltr'><strong>XVI,</strong></span> <span class='ocrx_word' id='word_1_761' title='bbox 674 4817 762 4876; x_wconf 78' lang='lat' dir='ltr'><strong>i7.</strong></span> <span class='ocrx_word' id='word_1_762' title='bbox 864 4816 886 4848; x_wconf 82' lang='grc'>⁸</span> <span class='ocrx_word' id='word_1_763' title='bbox 911 4815 972 4872; x_wconf 83' lang='lat' dir='ltr'><strong>F.</strong></span> <span class='ocrx_word' id='word_1_764' title='bbox 1008 4813 1242 4886; x_wconf 87' lang='grc' dir='ltr'>Πατρός.</span> <span class='ocrx_word' id='word_1_765' title='bbox 1330 4815 1353 4846; x_wconf 84' lang='grc'><strong>⁹</strong></span> <span class='ocrx_word' id='word_1_766' title='bbox 1378 4829 1468 4882; x_wconf 79' lang='grc' dir='ltr'>γρ.</span> <span class='ocrx_word' id='word_1_767' title='bbox 1495 4809 1875 4885; x_wconf 79' lang='grc' dir='ltr'>διορθώσηται,</span> <span class='ocrx_word' id='word_1_768' title='bbox 1910 4810 1948 4864; x_wconf 83' lang='lat' dir='ltr'><strong>f.</strong></span> <span class='ocrx_word' id='word_1_769' title='bbox 1980 4807 2430 4883; x_wconf 82' lang='grc' dir='ltr'>θιορθωθήσεται.</span> <span class='ocrx_word' id='word_1_770' title='bbox 2509 4809 2555 4841; x_wconf 83' lang='grc'><strong>¹⁰</strong></span> <span class='ocrx_word' id='word_1_771' title='bbox 2590 4809 2651 4865; x_wconf 82' lang='lat' dir='ltr'><strong>F.</strong></span> <span class='ocrx_word' id='word_1_772' title='bbox 2687 4808 3099 4874; x_wconf 85' lang='grc' dir='ltr'>κατοικίσαντες</span> <span class='ocrx_word' id='word_1_773' title='bbox 3128 4812 3187 4865; x_wconf 83' lang='grc' dir='ltr'>ὲν</span> <span class='ocrx_word' id='word_1_774' title='bbox 3208 4809 3441 4875; x_wconf 80' lang='grc' dir='ltr'>ἑαυτοῖς.</span> 
     </span>
    </p>
   </div>
   <div class='ocr_carea' id='block_1_94' title="bbox 523 4922 2093 4999">
    <p class='ocr_par' dir='ltr' id='par_1_94' title="bbox 523 4922 2093 4999">
     <span class='ocr_line' id='line_1_94' title="bbox 523 4922 2093 4999; baseline -0.005 -12"><span class='ocrx_word' id='word_1_775' title='bbox 523 4930 734 4998; x_wconf 84' lang='lat' dir='ltr'><strong>habet;</strong></span> <span class='ocrx_word' id='word_1_776' title='bbox 765 4927 912 4999; x_wconf 90' lang='lat' dir='ltr'><strong>quod</strong></span> <span class='ocrx_word' id='word_1_777' title='bbox 948 4926 1214 4999; x_wconf 80' lang='lat' dir='ltr'><strong>Spiritum</strong></span> <span class='ocrx_word' id='word_1_778' title='bbox 1271 4923 1331 4980; x_wconf 90' lang='lat' dir='ltr'><strong>S.</strong></span> <span class='ocrx_word' id='word_1_779' title='bbox 1373 4925 1606 4999; x_wconf 64' lang='lat' dir='ltr'><strong>emittat.</strong></span> <span class='ocrx_word' id='word_1_780' title='bbox 1666 4922 2093 4999; x_wconf 77' lang='lat' dir='ltr'><strong>Subtilissimam</strong></span> 
     </span>
    </p>
   </div>
   <div class='ocr_carea' id='block_1_95' title="bbox 524 4994 2097 5060">
    <p class='ocr_par' dir='ltr' id='par_1_95' title="bbox 524 4994 2097 5060">
     <span class='ocr_line' id='line_1_95' title="bbox 524 4994 2097 5060; baseline -0.004 -4"><span class='ocrx_word' id='word_1_781' title='bbox 524 5004 669 5057; x_wconf 88' lang='lat' dir='ltr'><strong>hanc</strong></span> <span class='ocrx_word' id='word_1_782' title='bbox 698 4994 1229 5054; x_wconf 73' lang='lat' dir='ltr'><strong>animadversionem</strong></span> <span class='ocrx_word' id='word_1_783' title='bbox 1256 5035 1271 5059; x_wconf 90' lang='lat'><strong>,</strong></span> <span class='ocrx_word' id='word_1_784' title='bbox 1298 5003 1357 5051; x_wconf 93' lang='lat' dir='ltr'><strong>et</strong></span> <span class='ocrx_word' id='word_1_785' title='bbox 1402 4994 1497 5050; x_wconf 90' lang='lat' dir='ltr'><strong>Dei</strong></span> <span class='ocrx_word' id='word_1_786' title='bbox 1543 4994 1723 5050; x_wconf 87' lang='lat' dir='ltr'><strong>Patris</strong></span> <span class='ocrx_word' id='word_1_787' title='bbox 1763 4995 1946 5050; x_wconf 85' lang='lat' dir='ltr'><strong>dotem</strong></span> <span class='ocrx_word' id='word_1_788' title='bbox 1972 5033 1987 5060; x_wconf 91' lang='lat'><strong>,</strong></span> <span class='ocrx_word' id='word_1_789' title='bbox 2041 5005 2097 5049; x_wconf 88' lang='lat' dir='ltr'><strong>et</strong></span> 
     </span>
    </p>
   </div>
   <div class='ocr_carea' id='block_1_96' title="bbox 526 5065 2095 5142">
    <p class='ocr_par' dir='ltr' id='par_1_96' title="bbox 526 5065 2095 5142">
     <span class='ocr_line' id='line_1_96' title="bbox 526 5065 2095 5142; baseline -0.006 -15"><span class='ocrx_word' id='word_1_790' title='bbox 526 5072 940 5142; x_wconf 65' lang='lat' dir='ltr'><strong>praerogativam</strong></span> <span class='ocrx_word' id='word_1_791' title='bbox 1009 5074 1069 5121; x_wconf 89' lang='lat' dir='ltr'><strong>nt</strong></span> <span class='ocrx_word' id='word_1_792' title='bbox 1102 5065 1492 5142; x_wconf 67' lang='lat' dir='ltr'><strong>exprimerent,</strong></span> <span class='ocrx_word' id='word_1_793' title='bbox 1522 5065 1957 5142; x_wconf 57' lang='lat' dir='ltr'><strong>saepgdicebtmt</strong></span> <span class='ocrx_word' id='word_1_794' title='bbox 1993 5078 2095 5142; x_wconf 69' lang='lat' dir='ltr'><strong>po:</strong></span> 
     </span>
    </p>
   </div>
   <div class='ocr_carea' id='block_1_97' title="bbox 525 5132 2095 5210">
    <p class='ocr_par' dir='ltr' id='par_1_97' title="bbox 525 5132 2095 5210">
     <span class='ocr_line' id='line_1_97' title="bbox 525 5132 2095 5210; baseline -0.006 -15"><span class='ocrx_word' id='word_1_795' title='bbox 525 5132 637 5198; x_wconf 68' lang='lat' dir='ltr'><strong>tius</strong></span> <span class='ocrx_word' id='word_1_796' title='bbox 672 5132 937 5210; x_wconf 69' lang='lat' dir='ltr'><strong>Spiritum</strong></span> <span class='ocrx_word' id='word_1_797' title='bbox 975 5132 1227 5194; x_wconf 84' lang='lat' dir='ltr'><strong>sanctuin</strong></span> <span class='ocrx_word' id='word_1_798' title='bbox 1262 5152 1293 5189; x_wconf 89' lang='lat' dir='ltr'><strong>a</strong></span> <span class='ocrx_word' id='word_1_799' title='bbox 1320 5135 1483 5210; x_wconf 72' lang='lat' dir='ltr'><strong>Patre</strong></span> <span class='ocrx_word' id='word_1_800' title='bbox 1513 5132 1848 5210; x_wconf 49' lang='lat' dir='ltr'><strong>petiﬁiliutq,</strong></span> <span class='ocrx_word' id='word_1_801' title='bbox 1883 5132 2095 5210; x_wconf 47' lang='lat' dir='ltr'><strong>§t&amp;_:‘t0§</strong></span> 
     </span>
    </p>
   </div>
   <div class='ocr_carea' id='block_1_98' title="bbox 526 5204 2100 5281">
    <p class='ocr_par' dir='ltr' id='par_1_98' title="bbox 526 5204 2100 5281">
     <span class='ocr_line' id='line_1_98' title="bbox 526 5204 2100 5281; baseline -0.004 -15"><span class='ocrx_word' id='word_1_802' title='bbox 526 5212 680 5274; x_wconf 81' lang='grc' dir='ltr'>Υίοῦ,</span> <span class='ocrx_word' id='word_1_803' title='bbox 707 5204 1024 5281; x_wconf 82' lang='lat' dir='ltr'><strong>procedere,</strong></span> <span class='ocrx_word' id='word_1_804' title='bbox 1040 5222 1222 5281; x_wconf 89' lang='lat' dir='ltr'><strong>_quam</strong></span> <span class='ocrx_word' id='word_1_805' title='bbox 1257 5221 1289 5260; x_wconf 90' lang='lat' dir='ltr'><strong>a</strong></span> <span class='ocrx_word' id='word_1_806' title='bbox 1318 5207 1479 5281; x_wconf 79' lang='lat' dir='ltr'><strong>Patre</strong></span> <span class='ocrx_word' id='word_1_807' title='bbox 1506 5204 1560 5261; x_wconf 76' lang='lat' dir='ltr'><strong>et</strong></span> <span class='ocrx_word' id='word_1_808' title='bbox 1593 5204 1778 5281; x_wconf 85' lang='lat' dir='ltr'><strong>Filio._</strong></span> <span class='ocrx_word' id='word_1_809' title='bbox 1802 5204 1941 5281; x_wconf 79' lang='lat' dir='ltr'><strong>Quia</strong></span> <span class='ocrx_word' id='word_1_810' title='bbox 1976 5204 2100 5259; x_wconf 90' lang='lat' dir='ltr'><strong>licet</strong></span> 
     </span>
    </p>
   </div>
   <div class='ocr_carea' id='block_1_99' title="bbox 526 5275 2100 5350">
    <p class='ocr_par' dir='ltr' id='par_1_99' title="bbox 526 5275 2100 5350">
     <span class='ocr_line' id='line_1_99' title="bbox 526 5275 2100 5350; baseline -0.006 -13"><span class='ocrx_word' id='word_1_811' title='bbox 526 5275 779 5339; x_wconf 73' lang='lat' dir='ltr'><strong>tenerent</strong></span> <span class='ocrx_word' id='word_1_812' title='bbox 820 5288 876 5335; x_wconf 91' lang='lat' dir='ltr'><strong>et</strong></span> <span class='ocrx_word' id='word_1_813' title='bbox 928 5275 1311 5350; x_wconf 64' lang='lat' dir='ltr'><strong>proﬁterentur</strong></span> <span class='ocrx_word' id='word_1_814' title='bbox 1349 5279 1525 5350; x_wconf 70' lang='lat' dir='ltr'><strong>ipsum</strong></span> <span class='ocrx_word' id='word_1_815' title='bbox 1572 5286 1628 5333; x_wconf 92' lang='lat' dir='ltr'><strong>et</strong></span> <span class='ocrx_word' id='word_1_816' title='bbox 1675 5292 1706 5330; x_wconf 90' lang='lat' dir='ltr'><strong>a</strong></span> <span class='ocrx_word' id='word_1_817' title='bbox 1737 5275 1874 5350; x_wconf 74' lang='lat' dir='ltr'><strong>Filio</strong></span> <span class='ocrx_word' id='word_1_818' title='bbox 1907 5288 2100 5350; x_wconf 45' lang='lat' dir='ltr'><strong>prece:</strong></span> 
     </span>
    </p>
   </div>
   <div class='ocr_carea' id='block_1_100' title="bbox 526 5344 2099 5418">
    <p class='ocr_par' dir='ltr' id='par_1_100' title="bbox 526 5344 2099 5418">
     <span class='ocr_line' id='line_1_100' title="bbox 526 5344 2099 5418; baseline -0.006 -9"><span class='ocrx_word' id='word_1_819' title='bbox 526 5353 681 5418; x_wconf 90' lang='lat' dir='ltr'><strong>dere,</strong></span> <span class='ocrx_word' id='word_1_820' title='bbox 721 5344 976 5407; x_wconf 79' lang='lat' dir='ltr'><strong>tenebant</strong></span> <span class='ocrx_word' id='word_1_821' title='bbox 998 5350 1156 5406; x_wconf 87' lang='lat' dir='ltr'><strong>etiam</strong></span> <span class='ocrx_word' id='word_1_822' title='bbox 1186 5344 1384 5403; x_wconf 79' lang='lat' dir='ltr'><strong>Filium</strong></span> <span class='ocrx_word' id='word_1_823' title='bbox 1412 5363 1443 5402; x_wconf 89' lang='lat' dir='ltr'><strong>a</strong></span> <span class='ocrx_word' id='word_1_824' title='bbox 1485 5346 1643 5418; x_wconf 86' lang='lat' dir='ltr'><strong>Patre</strong></span> <span class='ocrx_word' id='word_1_825' title='bbox 1671 5348 1922 5418; x_wconf 79' lang='lat' dir='ltr'><strong>accipere</strong></span> <span class='ocrx_word' id='word_1_826' title='bbox 1953 5344 2099 5418; x_wconf 78' lang='lat' dir='ltr'><strong>quod</strong></span> 
     </span>
    </p>
   </div>
   <div class='ocr_carea' id='block_1_101' title="bbox 530 5414 2098 5495">
    <p class='ocr_par' dir='ltr' id='par_1_101' title="bbox 530 5414 2098 5495">
     <span class='ocr_line' id='line_1_101' title="bbox 530 5414 2098 5495; baseline -0.006 -17"><span class='ocrx_word' id='word_1_827' title='bbox 530 5414 798 5495; x_wconf 87' lang='lat' dir='ltr'><strong>Spiritum</strong></span> <span class='ocrx_word' id='word_1_828' title='bbox 820 5421 1068 5495; x_wconf 77' lang='lat' dir='ltr'><strong>emittat;</strong></span> <span class='ocrx_word' id='word_1_829' title='bbox 1097 5425 1152 5473; x_wconf 88' lang='lat' dir='ltr'><strong>et</strong></span> <span class='ocrx_word' id='word_1_830' title='bbox 1176 5419 1313 5495; x_wconf 65' lang='lat' dir='ltr'><strong>ideo</strong></span> <span class='ocrx_word' id='word_1_831' title='bbox 1330 5433 1450 5474; x_wconf 88' lang='lat' dir='ltr'><strong>eam</strong></span> <span class='ocrx_word' id='word_1_832' title='bbox 1479 5414 2098 5495; x_wconf 47' lang='lat' dir='ltr'><strong>adhibebantnlecutie-</strong></span> 
     </span>
    </p>
   </div>
   <div class='ocr_carea' id='block_1_102' title="bbox 2197 4922 3784 4995">
    <p class='ocr_par' dir='ltr' id='par_1_102' title="bbox 2197 4922 3784 4995">
     <span class='ocr_line' id='line_1_102' title="bbox 2197 4922 3784 4995; baseline 0.001 -16"><span class='ocrx_word' id='word_1_833' title='bbox 2197 4924 2385 4979; x_wconf 89' lang='lat' dir='ltr'><strong>rillum</strong></span> <span class='ocrx_word' id='word_1_834' title='bbox 2420 4922 2745 4993; x_wconf 79' lang='lat' dir='ltr'><strong>redarguit,</strong></span> <span class='ocrx_word' id='word_1_835' title='bbox 2780 4923 2939 4993; x_wconf 90' lang='lat' dir='ltr'><strong>quasi</strong></span> <span class='ocrx_word' id='word_1_836' title='bbox 2973 4923 3069 4994; x_wconf 89' lang='lat' dir='ltr'><strong>qui</strong></span> <span class='ocrx_word' id='word_1_837' title='bbox 3099 4923 3387 4995; x_wconf 82' lang='lat' dir='ltr'><strong>negaverit</strong></span> <span class='ocrx_word' id='word_1_838' title='bbox 3427 4923 3784 4995; x_wconf 80' lang='lat' dir='ltr'><strong>moxindica—</strong></span> 
     </span>
    </p>
   </div>
   <div class='ocr_carea' id='block_1_103' title="bbox 2198 4994 3783 5066">
    <p class='ocr_par' dir='ltr' id='par_1_103' title="bbox 2198 4994 3783 5066">
     <span class='ocr_line' id='line_1_103' title="bbox 2198 4994 3783 5066; baseline 0.001 -18"><span class='ocrx_word' id='word_1_839' title='bbox 2198 5003 2312 5066; x_wconf 84' lang='lat' dir='ltr'><strong>tam</strong></span> <span class='ocrx_word' id='word_1_840' title='bbox 2340 4995 2753 5066; x_wconf 58' lang='lat' dir='ltr'><strong>praerogativam</strong></span> <span class='ocrx_word' id='word_1_841' title='bbox 2781 4995 2950 5066; x_wconf 86' lang='lat' dir='ltr'><strong>illam,</strong></span> <span class='ocrx_word' id='word_1_842' title='bbox 2993 5008 3116 5064; x_wconf 80' lang='lat' dir='ltr'><strong>qua:</strong></span> <span class='ocrx_word' id='word_1_843' title='bbox 3142 4994 3199 5048; x_wconf 84' lang='lat' dir='ltr'><strong>in</strong></span> <span class='ocrx_word' id='word_1_844' title='bbox 3221 4994 3423 5066; x_wconf 86' lang='lat' dir='ltr'><strong>divi_nis</strong></span> <span class='ocrx_word' id='word_1_845' title='bbox 3457 4994 3783 5066; x_wconf 68' lang='lat' dir='ltr'><strong>prolationi-</strong></span> 
     </span>
    </p>
   </div>
   <div class='ocr_carea' id='block_1_104' title="bbox 2200 5062 3779 5137">
    <p class='ocr_par' dir='ltr' id='par_1_104' title="bbox 2200 5062 3779 5137">
     <span class='ocr_line' id='line_1_104' title="bbox 2200 5062 3779 5137; baseline 0 -18"><span class='ocrx_word' id='word_1_846' title='bbox 2200 5065 2306 5137; x_wconf 83' lang='lat' dir='ltr'><strong>bus</strong></span> <span class='ocrx_word' id='word_1_847' title='bbox 2332 5062 2435 5119; x_wconf 77' lang='lat' dir='ltr'><strong>soli</strong></span> <span class='ocrx_word' id='word_1_848' title='bbox 2462 5062 2614 5137; x_wconf 63' lang='lat' dir='ltr'><strong>Patri</strong></span> <span class='ocrx_word' id='word_1_849' title='bbox 2645 5063 2922 5129; x_wconf 87' lang='lat' dir='ltr'><strong>convenit,</strong></span> <span class='ocrx_word' id='word_1_850' title='bbox 2956 5062 3067 5137; x_wconf 84' lang='lat' dir='ltr'><strong>non</strong></span> <span class='ocrx_word' id='word_1_851' title='bbox 3098 5071 3280 5137; x_wconf 82' lang='lat' dir='ltr'><strong>autem</strong></span> <span class='ocrx_word' id='word_1_852' title='bbox 3315 5062 3476 5137; x_wconf 57' lang='lat' dir='ltr'><strong>Filio:</strong></span> <span class='ocrx_word' id='word_1_853' title='bbox 3502 5064 3779 5137; x_wconf 76' lang='lat' dir='ltr'><strong>Purgatur</strong></span> 
     </span>
    </p>
   </div>
   <div class='ocr_carea' id='block_1_105' title="bbox 2199 5133 3781 5206">
    <p class='ocr_par' dir='ltr' id='par_1_105' title="bbox 2199 5133 3781 5206">
     <span class='ocr_line' id='line_1_105' title="bbox 2199 5133 3781 5206; baseline 0.002 -17"><span class='ocrx_word' id='word_1_854' title='bbox 2199 5135 2511 5206; x_wconf 85' lang='lat' dir='ltr'><strong>fortasseet</strong></span> <span class='ocrx_word' id='word_1_855' title='bbox 2533 5133 2924 5206; x_wconf 82' lang='lat' dir='ltr'><strong>Damascenus,</strong></span> <span class='ocrx_word' id='word_1_856' title='bbox 2954 5134 3025 5206; x_wconf 85' lang='lat' dir='ltr'><strong>de</strong></span> <span class='ocrx_word' id='word_1_857' title='bbox 3038 5149 3159 5206; x_wconf 86' lang='lat' dir='ltr'><strong>quo</strong></span> <span class='ocrx_word' id='word_1_858' title='bbox 3183 5133 3453 5206; x_wconf 85' lang='lat' dir='ltr'><strong>videndus</strong></span> <span class='ocrx_word' id='word_1_859' title='bbox 3484 5136 3577 5206; x_wconf 91' lang='lat' dir='ltr'><strong>qui</strong></span> <span class='ocrx_word' id='word_1_860' title='bbox 3604 5133 3781 5205; x_wconf 74' lang='lat' dir='ltr'><strong>ipsum</strong></span> 
     </span>
    </p>
   </div>
   <div class='ocr_carea' id='block_1_106' title="bbox 2200 5202 3785 5272">
    <p class='ocr_par' dir='ltr' id='par_1_106' title="bbox 2200 5202 3785 5272">
     <span class='ocr_line' id='line_1_106' title="bbox 2200 5202 3785 5272; baseline -0.001 -11"><span class='ocrx_word' id='word_1_861' title='bbox 2200 5204 2485 5262; x_wconf 76' lang='lat' dir='ltr'><strong>exornavit</strong></span> <span class='ocrx_word' id='word_1_862' title='bbox 2513 5202 2925 5272; x_wconf 67' lang='lat' dir='ltr'><strong>przefationibus</strong></span> <span class='ocrx_word' id='word_1_863' title='bbox 2946 5245 2963 5272; x_wconf 92' lang='lat'><strong>,</strong></span> <span class='ocrx_word' id='word_1_864' title='bbox 2995 5202 3520 5272; x_wconf 66' lang='lat' dir='ltr'><strong>dissertationibus,</strong></span> <span class='ocrx_word' id='word_1_865' title='bbox 3553 5202 3785 5262; x_wconf 79' lang='lat' dir='ltr'><strong>adnota-</strong></span> 
     </span>
    </p>
   </div>
   <div class='ocr_carea' id='block_1_107' title="bbox 2200 5273 3782 5345">
    <p class='ocr_par' dir='ltr' id='par_1_107' title="bbox 2200 5273 3782 5345">
     <span class='ocr_line' id='line_1_107' title="bbox 2200 5273 3782 5345; baseline 0.001 -15"><span class='ocrx_word' id='word_1_866' title='bbox 2200 5273 2445 5330; x_wconf 89' lang='lat' dir='ltr'><strong>tionibus</strong></span> <span class='ocrx_word' id='word_1_867' title='bbox 2492 5274 2831 5345; x_wconf 88' lang='lat' dir='ltr'><strong>doctissimis</strong></span> <span class='ocrx_word' id='word_1_868' title='bbox 2873 5273 3100 5331; x_wconf 76' lang='lat' dir='ltr'><strong>Michael</strong></span> <span class='ocrx_word' id='word_1_869' title='bbox 3129 5274 3370 5345; x_wconf 88' lang='lat' dir='ltr'><strong>Lequien</strong></span> <span class='ocrx_word' id='word_1_870' title='bbox 3410 5274 3782 5345; x_wconf 72' lang='lat' dir='ltr'><strong>Demiuicanae</strong></span> 
     </span>
    </p>
   </div>
   <div class='ocr_carea' id='block_1_108' title="bbox 2207 5344 3780 5402">
    <p class='ocr_par' dir='ltr' id='par_1_108' title="bbox 2207 5344 3780 5402">
     <span class='ocr_line' id='line_1_108' title="bbox 2207 5344 3780 5402; baseline 0.001 -3"><span class='ocrx_word' id='word_1_871' title='bbox 2207 5345 2427 5400; x_wconf 81' lang='lat' dir='ltr'><strong>familiae</strong></span> <span class='ocrx_word' id='word_1_872' title='bbox 2470 5344 2725 5401; x_wconf 88' lang='lat' dir='ltr'><strong>alumnus</strong></span> <span class='ocrx_word' id='word_1_873' title='bbox 2758 5346 2815 5400; x_wconf 91' lang='lat' dir='ltr'><strong>in</strong></span> <span class='ocrx_word' id='word_1_874' title='bbox 2843 5344 3318 5402; x_wconf 86' lang='lat' dir='ltr'><strong>animadversione</strong></span> <span class='ocrx_word' id='word_1_875' title='bbox 3347 5359 3445 5400; x_wconf 90' lang='lat' dir='ltr'><strong>sua</strong></span> <span class='ocrx_word' id='word_1_876' title='bbox 3486 5345 3553 5400; x_wconf 92' lang='lat' dir='ltr'><strong>ad</strong></span> <span class='ocrx_word' id='word_1_877' title='bbox 3587 5344 3780 5400; x_wconf 88' lang='lat' dir='ltr'><strong>lauda-</strong></span> 
     </span>
    </p>
   </div>
   <div class='ocr_carea' id='block_1_109' title="bbox 2198 5414 3779 5485">
    <p class='ocr_par' dir='ltr' id='par_1_109' title="bbox 2198 5414 3779 5485">
     <span class='ocr_line' id='line_1_109' title="bbox 2198 5414 3779 5485; baseline 0.001 -16"><span class='ocrx_word' id='word_1_878' title='bbox 2198 5422 2315 5469; x_wconf 89' lang='lat' dir='ltr'><strong>tum</strong></span> <span class='ocrx_word' id='word_1_879' title='bbox 2377 5415 2448 5471; x_wconf 90' lang='lat' dir='ltr'><strong>de</strong></span> <span class='ocrx_word' id='word_1_880' title='bbox 2515 5415 2619 5471; x_wconf 86' lang='lat' dir='ltr'><strong>fide</strong></span> <span class='ocrx_word' id='word_1_881' title='bbox 2672 5414 2979 5471; x_wconf 82' lang='lat' dir='ltr'><strong>orthodoxa</strong></span> <span class='ocrx_word' id='word_1_882' title='bbox 3044 5416 3225 5471; x_wconf 90' lang='lat' dir='ltr'><strong>locum</strong></span> <span class='ocrx_word' id='word_1_883' title='bbox 3303 5431 3424 5485; x_wconf 81' lang='lat' dir='ltr'><strong>pag.</strong></span> <span class='ocrx_word' id='word_1_884' title='bbox 3482 5415 3579 5469; x_wconf 70' lang='lat' dir='ltr'><strong>Mt</strong></span> <span class='ocrx_word' id='word_1_885' title='bbox 3644 5414 3779 5485; x_wconf 90' lang='lat' dir='ltr'><strong>temi</strong></span> 
     </span>
    </p>
   </div>
   <div class='ocr_carea' id='block_1_110' title="bbox 2199 5484 3782 5558">
    <p class='ocr_par' dir='ltr' id='par_1_110' title="bbox 2199 5484 3782 5558">
     <span class='ocr_line' id='line_1_110' title="bbox 2199 5484 3782 5558; baseline 0.003 -21"><span class='ocrx_word' id='word_1_886' title='bbox 2199 5485 2361 5556; x_wconf 89' lang='lat' dir='ltr'><strong>primi</strong></span> <span class='ocrx_word' id='word_1_887' title='bbox 2395 5503 2438 5558; x_wconf 89' lang='lat'><strong>;_</strong></span> <span class='ocrx_word' id='word_1_888' title='bbox 2471 5494 2585 5558; x_wconf 83' lang='lat' dir='ltr'><strong>tum</strong></span> <span class='ocrx_word' id='word_1_889' title='bbox 2642 5485 2697 5542; x_wconf 89' lang='lat' dir='ltr'><strong>in</strong></span> <span class='ocrx_word' id='word_1_890' title='bbox 2757 5487 2936 5558; x_wconf 89' lang='lat' dir='ltr'><strong>prima</strong></span> <span class='ocrx_word' id='word_1_891' title='bbox 2991 5487 3060 5543; x_wconf 91' lang='lat' dir='ltr'><strong>de</strong></span> <span class='ocrx_word' id='word_1_892' title='bbox 3125 5484 3616 5543; x_wconf 83' lang='lat' dir='ltr'><strong>Dissertatienibus</strong></span> <span class='ocrx_word' id='word_1_893' title='bbox 3671 5484 3782 5541; x_wconf 84' lang='lat' dir='ltr'><strong>Da-</strong></span> 
     </span>
    </p>
   </div>
   <div class='ocr_carea' id='block_1_111' title="bbox 2200 5555 2551 5611">
    <p class='ocr_par' dir='ltr' id='par_1_111' title="bbox 2200 5555 2551 5611">
     <span class='ocr_line' id='line_1_111' title="bbox 2200 5555 2551 5611; baseline 0.006 -2"><span class='ocrx_word' id='word_1_894' title='bbox 2200 5555 2551 5611; x_wconf 74' lang='lat' dir='ltr'><strong>inaseenicis.</strong></span> 
     </span>
    </p>
   </div>
   <div class='ocr_carea' id='block_1_112' title="bbox 2272 5624 3778 5700">
    <p class='ocr_par' dir='ltr' id='par_1_112' title="bbox 2272 5624 3778 5700">
     <span class='ocr_line' id='line_1_112' title="bbox 2272 5624 3778 5700; baseline 0.007 -23"><span class='ocrx_word' id='word_1_895' title='bbox 2272 5624 2385 5693; x_wconf 88' lang='lat' dir='ltr'><strong>(l0)</strong></span> <span class='ocrx_word' id='word_1_896' title='bbox 2418 5624 2691 5700; x_wconf 82' lang='lat' dir='ltr'><strong>En___a_liud</strong></span> <span class='ocrx_word' id='word_1_897' title='bbox 2734 5626 2825 5700; x_wconf 77' lang='lat' dir='ltr'><strong>de</strong></span> <span class='ocrx_word' id='word_1_898' title='bbox 2864 5627 3218 5700; x_wconf 83' lang='lat' dir='ltr'><strong>processione</strong></span> <span class='ocrx_word' id='word_1_899' title='bbox 3255 5626 3496 5699; x_wconf 86' lang='lat' dir='ltr'><strong>Spiritus</strong></span> <span class='ocrx_word' id='word_1_900' title='bbox 3529 5626 3707 5685; x_wconf 88' lang='lat' dir='ltr'><strong>sancti</strong></span> <span class='ocrx_word' id='word_1_901' title='bbox 3743 5642 3778 5688; x_wconf 75' lang='lat' dir='ltr'><strong>tl</strong></span> 
     </span>
    </p>
   </div>
   <div class='ocr_carea' id='block_1_113' title="bbox 2202 5693 3462 5772">
    <p class='ocr_par' dir='ltr' id='par_1_113' title="bbox 2202 5693 3462 5772">
     <span class='ocr_line' id='line_1_113' title="bbox 2202 5693 3462 5772; baseline 0.006 -23"><span class='ocrx_word' id='word_1_902' title='bbox 2202 5693 2363 5752; x_wconf 85' lang='lat' dir='ltr'><strong>Patre</strong></span> <span class='ocrx_word' id='word_1_903' title='bbox 2391 5707 2442 5754; x_wconf 89' lang='lat' dir='ltr'><strong>ct</strong></span> <span class='ocrx_word' id='word_1_904' title='bbox 2473 5694 2612 5754; x_wconf 86' lang='lat' dir='ltr'><strong>Filio</strong></span> <span class='ocrx_word' id='word_1_905' title='bbox 2648 5696 2705 5756; x_wconf 72' lang='grc' dir='ltr'>ὃ.</span> <span class='ocrx_word' id='word_1_906' title='bbox 2732 5693 3021 5772; x_wconf 71' lang='grc' dir='ltr'><strong>Ερίβῖιειιίἰ</strong></span> <span class='ocrx_word' id='word_1_907' title='bbox 3057 5693 3462 5757; x_wconf 76' lang='lat' dir='ltr'><strong>decutitonlunt.</strong></span> 
     </span>
    </p>
   </div>
   <div class='ocr_carea' id='block_1_114' title="bbox 530 5483 2098 5607">
    <p class='ocr_par' dir='ltr' id='par_1_114' title="bbox 530 5483 2098 5607">
     <span class='ocr_line' id='line_1_114' title="bbox 530 5483 2098 5607; baseline -0.008 -57"><span class='ocrx_word' id='word_1_908' title='bbox 530 5483 658 5550; x_wconf 75' lang='lat' dir='ltr'><strong>nem</strong></span> <span class='ocrx_word' id='word_1_909' title='bbox 691 5508 799 5564; x_wconf 90' lang='lat' dir='ltr'><strong>qua</strong></span> <span class='ocrx_word' id='word_1_910' title='bbox 824 5483 1148 5546; x_wconf 81' lang='lat' dir='ltr'><strong>denotarent</strong></span> <span class='ocrx_word' id='word_1_911' title='bbox 1173 5488 1437 5559; x_wconf 81' lang='lat' dir='ltr'><strong>Spiritum</strong></span> <span class='ocrx_word' id='word_1_912' title='bbox 1472 5494 1723 5543; x_wconf 88' lang='lat' dir='ltr'><strong>sanctum</strong></span> <span class='ocrx_word' id='word_1_913' title='bbox 1758 5501 1786 5539; x_wconf 88' lang='lat' dir='ltr'><strong>a</strong></span> <span class='ocrx_word' id='word_1_914' title='bbox 1812 5483 1976 5539; x_wconf 91' lang='lat' dir='ltr'><strong>Patre</strong></span> <span class='ocrx_word' id='word_1_915' title='bbox 2002 5498 2098 5607; x_wconf 71' lang='lat' dir='ltr'><strong>per</strong></span> 
     </span>
     <span class='ocr_line' id='line_1_115' title="bbox 530 5557 2097 5607; baseline 0 0"><span class='ocrx_word' id='word_1_916' title='bbox 530 5564 727 5607; x_wconf 71' lang='lat' dir='ltr'><strong>Filium</strong></span> <span class='ocrx_word' id='word_1_917' title='bbox 764 5560 1075 5607; x_wconf 71' lang='lat' dir='ltr'><strong>nmnednm-</strong></span> <span class='ocrx_word' id='word_1_918' title='bbox 1108 5558 1233 5607; x_wconf 54' lang='lat' dir='ltr'><strong>Haec</strong></span> <span class='ocrx_word' id='word_1_919' title='bbox 1259 5570 1315 5607; x_wconf 70' lang='lat' dir='ltr'><strong>et</strong></span> <span class='ocrx_word' id='word_1_920' title='bbox 1332 5558 1439 5607; x_wconf 80' lang='lat' dir='ltr'><strong>alia</strong></span> <span class='ocrx_word' id='word_1_921' title='bbox 1471 5557 1787 5607; x_wconf 79' lang='lat' dir='ltr'><strong>doctissime</strong></span> <span class='ocrx_word' id='word_1_922' title='bbox 1815 5570 1879 5607; x_wconf 88' lang='lat' dir='ltr'><strong>ac</strong></span> <span class='ocrx_word' id='word_1_923' title='bbox 1909 5570 1997 5607; x_wconf 87' lang='lat' dir='ltr'><strong>mu</strong></span> <span class='ocrx_word' id='word_1_924' title='bbox 2026 5562 2097 5607; x_wconf 82' lang='lat' dir='ltr'><strong>IIS</strong></span> 
     </span>
    </p>
   </div>
   <div class='ocr_carea' id='block_1_115' title="bbox 529 5554 2097 5635">
    <p class='ocr_par' dir='ltr' id='par_1_115' title="bbox 529 5554 2097 5635">
     <span class='ocr_line' id='line_1_116' title="bbox 529 5554 2097 5635; baseline -0.008 -14"><span class='ocrx_word' id='word_1_925' title='bbox 529 5554 728 5621; x_wconf 78' lang='lat' dir='ltr'><strong>Filium</strong></span> <span class='ocrx_word' id='word_1_926' title='bbox 764 5560 1075 5635; x_wconf 78' lang='lat' dir='ltr'><strong>procedere.</strong></span> <span class='ocrx_word' id='word_1_927' title='bbox 1107 5554 1315 5635; x_wconf 62' lang='lat' dir='ltr'><strong>ilaaeet</strong></span> <span class='ocrx_word' id='word_1_928' title='bbox 1332 5558 1439 5635; x_wconf 85' lang='lat' dir='ltr'><strong>ali_a</strong></span> <span class='ocrx_word' id='word_1_929' title='bbox 1471 5557 1791 5635; x_wconf 59' lang='lat' dir='ltr'><strong>doctissime</strong></span> <span class='ocrx_word' id='word_1_930' title='bbox 1815 5570 1879 5609; x_wconf 87' lang='lat' dir='ltr'><strong>ac</strong></span> <span class='ocrx_word' id='word_1_931' title='bbox 1904 5554 2097 5635; x_wconf 58' lang='lat' dir='ltr'><strong>multis</strong></span> 
     </span>
    </p>
   </div>
   <div class='ocr_carea' id='block_1_116' title="bbox 528 5624 2096 5708">
    <p class='ocr_par' dir='ltr' id='par_1_116' title="bbox 528 5624 2096 5708">
     <span class='ocr_line' id='line_1_117' title="bbox 528 5624 2096 5708; baseline -0.008 -19"><span class='ocrx_word' id='word_1_932' title='bbox 528 5624 1214 5708; x_wconf 46' lang='lat' dir='ltr'><strong>prosequjtttrulaudatoin</strong></span> <span class='ocrx_word' id='word_1_933' title='bbox 1238 5627 1443 5708; x_wconf 47' lang='lat' dir='ltr'><strong>lucens.</strong></span> <span class='ocrx_word' id='word_1_934' title='bbox 1472 5627 1725 5708; x_wconf 75' lang='lat' dir='ltr'><strong>Basilius.</strong></span> <span class='ocrx_word' id='word_1_935' title='bbox 1751 5624 1826 5678; x_wconf 82' lang='lat' dir='ltr'><strong>Ea</strong></span> <span class='ocrx_word' id='word_1_936' title='bbox 1850 5624 2096 5708; x_wconf 78' lang='lat' dir='ltr'><strong>adhibita</strong></span> 
     </span>
    </p>
   </div>
   <div class='ocr_carea' id='block_1_117' title="bbox 527 5698 2100 5776">
    <p class='ocr_par' dir='ltr' id='par_1_117' title="bbox 527 5698 2100 5776">
     <span class='ocr_line' id='line_1_118' title="bbox 527 5698 2100 5776; baseline -0.009 -14"><span class='ocrx_word' id='word_1_937' title='bbox 527 5698 729 5776; x_wconf 63' lang='grc' dir='ltr'>ᾐκιίηῖ</span> <span class='ocrx_word' id='word_1_938' title='bbox 751 5702 936 5776; x_wconf 86' lang='lat' dir='ltr'><strong>Basilii</strong></span> <span class='ocrx_word' id='word_1_939' title='bbox 987 5701 1237 5776; x_wconf 76' lang='lat' dir='ltr'><strong>doctrina</strong></span> <span class='ocrx_word' id='word_1_940' title='bbox 1279 5700 1442 5776; x_wconf 78' lang='lat' dir='ltr'><strong>facile</strong></span> <span class='ocrx_word' id='word_1_941' title='bbox 1490 5698 1561 5753; x_wconf 88' lang='lat' dir='ltr'><strong>ab</strong></span> <span class='ocrx_word' id='word_1_942' title='bbox 1612 5710 1800 5776; x_wconf 73' lang='lat' dir='ltr'><strong>errore</strong></span> <span class='ocrx_word' id='word_1_943' title='bbox 1832 5704 2100 5776; x_wconf 52' lang='lat' dir='ltr'><strong>purgatur</strong></span> 
     </span>
    </p>
   </div>
   <div class='ocr_carea' id='block_1_118' title="bbox 528 5764 2097 5846">
    <p class='ocr_par' dir='ltr' id='par_1_118' title="bbox 528 5764 2097 5846">
     <span class='ocr_line' id='line_1_119' title="bbox 528 5764 2097 5846; baseline -0.012 -11"><span class='ocrx_word' id='word_1_944' title='bbox 528 5764 919 5844; x_wconf 57' lang='lat' dir='ltr'><strong>Thaedoritus,</strong></span> <span class='ocrx_word' id='word_1_945' title='bbox 949 5772 1044 5846; x_wconf 91' lang='lat' dir='ltr'><strong>qui</strong></span> <span class='ocrx_word' id='word_1_946' title='bbox 1090 5772 1270 5831; x_wconf 85' lang='lat' dir='ltr'><strong>studio</strong></span> <span class='ocrx_word' id='word_1_947' title='bbox 1306 5769 1541 5842; x_wconf 80' lang='lat' dir='ltr'><strong>partium</strong></span> <span class='ocrx_word' id='word_1_948' title='bbox 1569 5775 1724 5824; x_wconf 90' lang='lat' dir='ltr'><strong>actus</strong></span> <span class='ocrx_word' id='word_1_949' title='bbox 1749 5764 1871 5822; x_wconf 83' lang='lat' dir='ltr'><strong>ideo</strong></span> <span class='ocrx_word' id='word_1_950' title='bbox 1900 5764 1958 5819; x_wconf 87' lang='lat' dir='ltr'><strong>S.</strong></span> <span class='ocrx_word' id='word_1_951' title='bbox 1992 5764 2097 5838; x_wconf 60' lang='lat' dir='ltr'><strong>cy-</strong></span> 
     </span>
    </p>
   </div>
  </div>
