4012 6210
282 334 353 391 33
1712 334 2154 395 ANCORA'I‘US.
3482 346 3555 404 36

284 450 435 514 ζεται
461 464 476 481 ο
520 449 614 505 καὶ
651 451 679 505 6
708 449 871 514 αὐτὸς
909 450 1073 505 πάλιν
1105 447 1483 505 ἀπόκαλύπτει
1509 447 1571 503 τὸ
1597 448 1751 520 ἅγιον
1778 450 1874 504 αὐ-

1984 451 2209 518 indicat;
2246 459 2299 508 et
2332 454 2528 511 beatus
2564 454 2767 511 idcirco
2788 456 3006 513 dicitur.
3048 458 3116 513 At
3154 459 3246 515 ille
3271 460 3387 531 ipse
3428 475 3556 515 ηιμ

282 540 378 595 τοῦ
412 541 670 614 Πνεῦμαο
710 542 818 596 ἔδει
866 543 958 596 τὸν
1008 542 1225 615 πρῶτον
1263 542 1371 597 τῶν
1414 541 1728 597 ἀποστόλων
1759 542 1872 613 (Η)

281 631 381 700 τὴν
437 630 646 702 πέτραν
695 631 793 704 τήν
823 631 1089 703 στερεὰν,
1138 632 1224 702 ἐφ’
1258 632 1325 704 ἢν
1372 633 1405 704 ή
1452 632 1746 703 Ἐκκλησία
1775 629 1871 685 τοῦ

281 720 418 775 Θεοῦ
447 721 793 795 ᾠκοδόμηται
814 763 829 788 ,
865 725 958 778 καὶ
999 724 1165 779 πύλαι
1191 725 1321 796 ᾅδου
1356 725 1416 778 οὐ
1456 724 1874 795 κατισχύσουσιν

282 810 455 881 αὐτῆς
482 830 495 845 ·
528 812 694 865 πύλαι
724 813 781 865 δὲ
811 812 939 885 ᾅδου
987 814 1042 868 αἱ
1072 813 1346 887 αἱρέσεις,
1385 815 1482 868 καὶ
1520 814 1569 865 οἱ
1600 812 1875 885 αἱρεσιάρ-

284 920 409 972 χαι·
441 906 584 959 κατὰ
619 905 798 960 πάντα
839 906 948 979 γάρ
994 908 1196 978 τρόπον
1223 908 1281 959 ἐν
1311 906 1461 978 αὐτῷ
1487 905 1792 979 ὲστερεώθη
1829 906 1872 977 ,ἡ

286 997 471 1060 πίστις
494 1037 507 1061 ,
541 998 596 1050 ὲν
628 998 706 1069 τῷ
742 999 957 1053 λαϐόντι
1006 999 1106 1070 τὴν
1138 1000 1287 1053 κλεῖν
1320 999 1430 1053 τῶν
1483 999 1731 1070 οὐρανῶν
1756 1039 1770 1064 ,
1813 1000 1873 1053 ὲν

285 1089 364 1161 τῷ
416 1089 596 1143 λύοντι
662 1091 755 1144 ἐπὶ
789 1091 889 1162 τῆς
938 1091 1044 1162 γῆς
1095 1092 1190 1145 καὶ
1227 1092 1399 1147 δέοντι
1454 1093 1513 1146 ὲν
1570 1090 1648 1163 τῷ
1704 1092 1873 1161 ούρα-

287 1178 384 1250 νῷ.
429 1179 516 1233 Ἐν
541 1181 715 1252 τούτῳ
736 1183 844 1253 γάρ
881 1183 999 1236 ἐστι
1031 1183 1211 1237 πάντα
1242 1183 1311 1237 τὰ
1335 1182 1647 1255 ζητούμενα
1683 1185 1875 1237 λεπτο-

285 1269 573 1343 λογήματα
623 1274 725 1344 τῆς
758 1273 995 1338 πίστεως
1027 1274 1413 1347 εὑρισκόμενα.
1458 1270 1626 1340 Οὗτός
1670 1278 1818 1329 ἐστιν
1844 1279 1874 1330 6

286 1361 469 1433 τρίτον
512 1364 888 1437 ἀρνησάμενος
908 1406 921 1430 ,
952 1367 1048 1419 καὶ
1092 1366 1274 1437 τρίτον
1304 1366 1709 1439 ἀναθεματίσας
1742 1368 1872 1439 πρὶν

286 1454 318 1525 ἢ
369 1455 460 1508 τὸν
493 1456 760 1529 ἀλέκτορα
796 1458 1066 1528 φωνῆσαι.
1106 1458 1218 1530 Τὴν
1270 1458 1576 1531 ὑπερϐολὴν
1624 1460 1734 1531 γὰρ
1774 1460 1872 1530 τῆς

285 1540 451 1594 αὑτοῦ
494 1543 630 1614 πρὸς
654 1544 748 1598 τὸν
777 1544 971 1598 ἑαυτοῦ
1000 1546 1275 1617 Δεσπότην
1310 1547 1639 1618 ἀγαπήσεως
1673 1549 1874 1620 σημαί-

288 1649 418 1698 νων,
450 1634 917 1708 διισχυριζόμενος
945 1638 1129 1707 έλεγεν
1148 1655 1162 1669 ’
1203 1640 1271 1693 El
1297 1638 1399 1693 καὶ
1427 1638 1653 1706 πάντες
1685 1639 1871 1709 ἀρνή-

285 1728 502 1781 σονται
546 1744 641 1794 σε,
669 1728 784 1800 ἐγὼ
821 1731 935 1785 οὐκ
987 1729 1327 1801 ἀρνήσομαι
1353 1748 1367 1759 ·
1398 1732 1522 1785 ὅσον
1550 1732 1630 1804 τῷ
1662 1734 1747 1785 ἐπ’
1778 1734 1871 1786 ἀν-

1976 558 2099 598 sum
2145 543 2409 613 Spiritum
2439 554 2687 602 sanctum
2730 547 3130 617 patefecit:sic
3168 551 3311 606 enim
3356 552 3428 617 ei,
3461 553 3555 623 qui

1976 635 2116 690 inter
2161 637 2438 706 apostolos
2476 638 2687 708 primus
2726 649 2890 706 esset,
2946 648 3372 698 consentaneum
3405 652 3555 711 erat,

1974 726 2183 791 solidae,
2230 726 2474 797 inquam,
2511 728 2590 781 illi
2619 738 2823 798 petrae;
2863 746 3027 803 supra
3059 748 3222 804 quam
3252 741 3337 789 est
3372 732 3559 789 Eccle-

1976 817 2057 871 sia
2092 816 2186 873 Dei
2236 816 2460 872 fundata
2485 857 2499 882 ,
2545 826 2599 873 et
2629 830 2799 889 portae
2844 821 3001 877 inferi
3033 838 3145 877 non
3186 823 3559 892 praevalebunt
3588 874 3591 877 .

1975 907 2052 961 illi
2080 909 2117 962 ¹.
2145 906 2384 975 Quarum
2433 917 2711 981 portawm
2753 912 2975 968 nomine
3009 914 3244 969 haereses
3287 921 3341 969 et
3385 914 3559 969 hrere-

1930 1016 2106 1079 bseon
2177 1001 2490 1057 conditores
2566 1002 2965 1073 intelliguntur.
3026 1002 3294 1061 Omnibus
3357 1004 3559 1075 quippe

1974 1090 2150 1146 modis
2175 1091 2227 1144 in
2248 1106 2314 1146 eo
2344 1091 2577 1145 stabilita
2609 1090 2743 1145 ﬁdes
2777 1099 2881 1157 est,
2908 1091 3002 1161 qui
3034 1092 3161 1146 emli
3192 1094 3373 1147 claves
3402 1106 3560 1147 acce-

1975 1184 2077 1254 pit,
2111 1193 2165 1259 et
2195 1184 2248 1238 in
2272 1192 2412 1239 terra
2438 1184 2600 1239 solvit
2626 1192 2678 1238 et
2709 1184 2840 1253 ligat
2868 1184 2921 1238 in
2950 1184 3090 1239 coelo
3117 1186 3159 1236 ².
3201 1183 3260 1237 1η
3297 1198 3363 1238 eo
3393 1183 3561 1253 siqui-

1974 1276 2098 1331 dem
2131 1277 2442 1332 subtiliores
2469 1277 2720 1347 quaalibet
2752 1278 2874 1332 ﬁdei
2904 1276 3234 1348 quaestiones
3287 1276 3561 1346 reperiun-

1973 1373 2082 1421 tur.
2130 1367 2230 1421 Hie
2277 1375 2360 1422 est
2388 1368 2480 1437 qui
2516 1369 2676 1422 tertio
2715 1369 2963 1437 negavit,
3005 1368 3275 1439 tertioque
3324 1381 3383 1421 se
3432 1380 3558 1420 cum

1974 1460 2353 1516 exsecratione
2389 1460 2642 1526 devovit,
2698 1468 2988 1531 antequam
3039 1460 3215 1530 gallus
3263 1466 3485 1514 caneret
3513 1458 3556 1510 ³.

1972 1547 2113 1603 Nam
2147 1556 2205 1603 ut
2229 1550 2601 1604 vehementem
2633 1564 2792 1605 suum
2842 1564 2970 1621 erga
3012 1547 3306 1603 Dominum
3357 1546 3562 1618 signiti-

1974 1648 2122 1696 caret
2167 1640 2439 1705 allectum,
2485 1656 2607 1695 cum
2654 1641 3059 1695 asseveratione
3097 1638 3564 1699 dixeratzEtiam-

1974 1732 2022 1785 si
2064 1748 2240 1785 omnes
2285 1730 2555 1801 abnegent,
2588 1747 2681 1802 ego
2743 1747 2848 1785 non
2892 1728 3159 1800 abnegabo
3204 1746 3223 1783 :
3253 1734 3557 1799 quantum,

288 1817 492 1890 θρὼπῳ
522 1819 684 1888 λέγω.
712 1799 902 1885 Οὗτός
931 1821 1079 1874 ἐστιν
1106 1822 1135 1874 6
1170 1799 1409 1885 κλαύσας
1455 1823 1548 1875 ἐπὶ
1597 1799 1663 1893 τῇ
1717 1825 1868 1894 φωνῇ

1984 1826 2219 1895 inquam,
2246 1824 2311 1877 ad
2335 1824 2627 1878 humanam
2654 1824 3021 1879 conditionem
3049 1822 3305 1893 pertinet.
3328 1820 3438 1876 llic
3475 1828 3561 1877 est

286 1911 381 1966 τοῦ
419 1914 809 1987 ἀλεκτρυόνοςο
867 1915 956 1969 ἵνα
1008 1914 1226 1985 ἀληθῶς
1276 1915 1588 1988 ὁμολογήσῃ
1625 1916 1723 1987 τὴν
1779 1917 1871 1970 τοῦ

290 2003 422 2058 Υίοῢ
447 2004 542 2059 τοῦ
576 2006 711 2060 Θεοῦ
741 2006 1003 2078 σύλληψιν
1024 2006 1085 2059 ού
1120 2006 1341 2077 δοκήσει
1379 2003 1565 2073 οὖσαν,
1599 2007 1714 2061 ἀλλ’
1745 2008 1877 2077 ἀλη-

291 2094 448 2167 θινήν
472 2112 485 2127 ο
538 2096 625 2150 ἴνα
675 2097 805 2171 εἴπῃ
856 2098 1018 2151 αὐτὸν
1066 2096 1317 2170 ἀληθινὸν
1355 2099 1641 2171 ἄνθρωπον
1694 2100 1755 2154 ὲν
1798 2100 1877 2171 τῷ

290 2184 497 2239 κλαίειν
527 2188 620 2240 ἐπὶ
646 2190 713 2258 τῇ
748 2189 912 2241 αὐτοῦ
941 2188 1199 2258 συλλήψει
1234 2190 1667 2261 παραδοθέντοςο
1697 2192 1725 2243 6
1750 2207 1878 2259 συγ-

295 2277 551 2342 κοινωνὸς
581 2278 677 2332 τοῦ
715 2280 808 2332 ἐπὶ
833 2279 925 2333 τοῦ
968 2279 1200 2348 στήθους
1232 2280 1636 2344 ἀνακλιθέντος.
1686 2281 1743 2335 '0
1775 2280 1875 2351 μὲν

290 2372 399 2442 γὰρ
429 2372 581 2445 παρὰ
629 2373 725 2426 τοῦ
753 2373 883 2426 Υίοῦ
923 2372 1241 2444 μανθάνων,
1296 2374 1391 2427 καὶ
1441 2374 1560 2427 ἀπὸν
1598 2373 1694 2427 τοῦ
1742 2374 1873 2427 Υίοῦ

289 2463 582 2534 λαμϐάνων
612 2466 712 2536 τῆς
749 2465 1004 2534 γνώσεως
1036 2466 1133 2539 τὴν
1166 2466 1419 2538 δύναμιν,
1456 2466 1836 2520 ἀπεκάλυπτεν
1857 2483 1872 2496 ·

290 2555 320 2606 6
355 2556 412 2609 δὲ
443 2557 592 2628 ποιρά
620 2556 716 2611 τοῦ
742 2558 959 2630 Πατρὸς
982 2558 1246 2627 ὠφελεῖτο
1270 2600 1285 2623 ,
1320 2559 1418 2629 τὴν
1447 2557 1746 2627 ἀσφάλειαν
1776 2557 1876 2628 τῆς

294 2648 528 2713 πίστεως
557 2649 850 2720 θεμελιῶν⁸
883 2650 943 2713 ὃς
980 2652 1037 2703 ὲν
1079 2652 1145 2721 τῇ
1171 2648 1263 2720 νηῒ
1309 2648 1402 2701 ἐπὶ
1429 2651 1528 2719 τῆς
1563 2647 1875 2718 Τιϐεριάδος

292 2742 497 2813 γυμνὸς
529 2742 690 2797 πάλιν
715 2742 853 2814 μετά
879 2742 939 2794 τὸ
977 2741 1242 2814 κληθῆναι
1267 2741 1483 2812 ήλίευεν
1504 2758 1517 2771 ·
1556 2743 1584 2793 6
1615 2742 1672 2794 δὲ
1705 2740 1880 2812 μαθη-

294 2835 394 2906 τὴς
420 2834 479 2889 ὃν
524 2820 715 2906 ήγάπα
762 2836 790 2888 6
830 2832 1037 2904 Ἰησοῦς
1061 2874 1075 2900 ,
1129 2833 1222 2887 ἐπὶ
1254 2830 1331 2903 τῷ
1382 2833 1585 2904 ῥήματι
1616 2831 1644 2883 ὃ
1676 2826 1826 2884 εἴπεν
1851 2831 1879 2884 6

295 2927 520 2998 Σωτήρ·
568 2926 782 2981 Παιδία
809 2968 824 2993 ,
867 2925 953 2996 μή
1005 2943 1061 2979 τι
1094 2923 1476 2994 προσφάγιον
1517 2923 1724 2993 ﬁxere;
1772 2921 1880 2975 Καί

296 3036 452 3090 φησι,
486 3019 710 3074 Βάλετε
733 3020 819 3084 εἷς
847 3018 920 3072 τὰ
958 3017 1127 3082 δεξιὰ
1162 3017 1267 3070 τοῦ
1306 3016 1547 3081 πλοίου,
1582 3015 1678 3068 καὶ
1708 3011 1884 3081 εὑρή-

1976 1917 2071 1986 qui
2108 1916 2294 1970 audito
2336 1916 2462 1985 galli
2524 1922 2687 1969 cantu
2731 1914 2878 1969 ﬁevit
2904 1954 2919 1978 ,
2952 1922 3012 1967 ut
3042 1928 3165 1968 vere
3202 1913 3565 1983 comprehen.

1979 2024 2098 2064 sum
2132 2007 2223 2063 Dei
2257 2007 2474 2071 Filium,
2505 2023 2612 2060 non
2640 2007 2824 2077 specie
2854 2013 3015 2061 tenus
3047 2006 3377 2071 ostenderet,
3418 2012 3473 2059 et
3502 2013 3562 2059 ut

1978 2095 2431 2165 comprehensum
2478 2095 2629 2148 illum
2673 2095 3041 2165 traditumque
3072 2095 3453 2165 prosequendo
3481 2096 3562 2150 la-

1976 2187 2198 2257 crymis,
2226 2201 2414 2240 verum
2445 2185 2720 2239 hominem
2748 2200 2871 2241 esse
2910 2192 3262 2241 monstraret.
3290 2185 3437 2241 Idem
3471 2186 3561 2241 ille

1978 2278 2179 2334 sodalis
2207 2277 2328 2348 ejus
2357 2277 2478 2342 fuit,
2508 2279 2602 2349 qui
2630 2278 2684 2332 in
2718 2276 2933 2332 Domini
2975 2286 3198 2349 pectore
3234 2278 3485 2332 recubuit
3513 2279 3557 2333 ⁸.

1978 2365 2074 2420 llic
2101 2367 2245 2421 enim
2273 2383 2435 2437 quam
2463 2383 2491 2421 a
2520 2367 2658 2423 Filio
2680 2368 2941 2424 hauserat
2973 2383 3037 2423 ac
3057 2368 3353 2434 didicerat,
3380 2370 3562 2424 scien-

1978 2459 2067 2513 tiae
2096 2461 2202 2514 vim
2230 2468 2415 2530 postea
2460 2460 2736 2531 patefecit.
2786 2460 2855 2513 At
2886 2460 2977 2515 ille
3006 2459 3152 2515 istud
3184 2460 3364 2530 ipsum
3399 2475 3427 2514 a
3459 2460 3562 2515 Pa-

1981 2560 2061 2606 tre
2100 2560 2429 2608 consecutus
2462 2561 2565 2619 est,
2600 2561 2661 2607 ut
2706 2553 2829 2608 ﬁdei
2861 2553 3167 2608 ﬁrmitatem
3204 2552 3456 2609 fundaret
3498 2570 3564 2610 ac

1983 2642 2217 2699 fulciret.
2280 2644 2383 2711 Qui
2426 2653 2780 2716 posteaquam
2821 2661 2852 2699 a
2899 2645 3129 2700 Domino
3175 2653 3401 2701 vocatus
3440 2653 3561 2712 est,

1980 2735 2161 2789 nudus
2209 2735 2402 2791 iterum
2434 2737 2488 2790 in
2518 2737 2641 2790 navi
2685 2738 2741 2791 in
2788 2736 3097 2792 Tiberiadis
3145 2738 3267 2791 lacu
3315 2736 3562 2806 piscatus

1981 2832 2066 2880 est
2092 2827 2134 2879 ⁵.
2166 2824 2303 2880 Tum
2333 2842 2464 2881 vero
2513 2827 2816 2899 discipulus
2848 2828 2936 2882 ille
2968 2842 3129 2898 quem
3179 2827 3439 2897 diligebat
3481 2825 3565 2881 Je-

1983 2929 2104 2979 sus,
2155 2930 2277 2969 cum
2343 2917 2418 2970 ita
2468 2918 2778 2987 loquentem
2834 2915 3171 2971 Salvatorem
3249 2917 3560 2971 audiisset:

1991 3005 2164 3071 Pueri,
2187 3007 2421 3077 nunquid
2464 3010 2724 3076 pulmenti
2761 3007 3004 3063 habetis?
3040 3010 3119 3062 Ac
3154 3008 3351 3063 deinde
3380 3028 3392 3063 :
3434 3008 3564 3061 Mit-

296 3123 465 3162 σετε”
503 3108 594 3162 ἐπὶ
624 3109 682 3163 δὲ
704 3109 783 3180 τῷ
815 3109 1093 3180 γενομένῳ
1128 3109 1332 3178 ῥήματι
1374 3107 1744 3175 ἐκπλαγέντες
1763 3146 1777 3171 ,
1804 3102 1880 3174 τῷ

1987 3096 2079 3149 tite
2111 3095 2179 3169 ad
2204 3096 2446 3150 dextrum
2478 3098 2673 3167 navigii
2706 3097 2866 3164 latus,
2893 3105 2941 3150 et
2973 3097 3239 3151 invenietis
3271 3097 3328 3151 ἐ
3364 3096 3565 3166 quibus

299 3197 492 3269 Πέτρῳ
520 3199 684 3269 φησὶν
712 3198 741 3251 6
785 3197 1059 3269 Ἰωάννης,
1100 3196 1174 3250 ὃν
1197 3196 1401 3267 ἠγάπα
1430 3199 1463 3250 ὀ
1507 3194 1737 3263 Ἰησοῦς
1760 3211 1775 3228 ο
1818 3195 1882 3246 '0

298 3288 513 3358 Κύριός
536 3287 729 3343 ἐστιν.
770 3289 1091 3361 Ἀνθρωπος
1122 3289 1219 3361 μὲν
1250 3287 1393 3342 κατά
1419 3288 1597 3358 σάρκα
1628 3286 1735 3339 ἀπὸ
1761 3285 1885 3339 Μα-

301 3380 423 3455 ρίας
451 3381 732 3453 γεννηθεὶς
762 3382 821 3435 ὲν
853 3382 1117 3454 ἀληθείᾳ,
1152 3382 1213 3435 οὒ
1254 3381 1360 3452 μὴν
1391 3380 1645 3451 δοκήσει,
1675 3377 1806 3440 Θεὸς
1829 3376 1886 3429 δὲ

301 3470 519 3542 πνεῦμα
550 3471 628 3525 ῶν
657 3472 765 3525 ἀπὸ
792 3471 902 3525 τῶν
949 3472 1287 3545 ἐπουρανίων
1339 3472 1404 3523 ὲκ
1439 3468 1653 3539 Πατρὸς
1683 3466 1880 3521 ἐλθών⁹

306 3557 334 3609 ὁ
376 3561 589 3617 ἀκούων
644 3563 795 3635 παρὰ
849 3561 944 3618 τοῦ
999 3563 1164 3616 αὐτοῦ
1187 3580 1200 3594 ⁸
1239 3560 1423 3630 Πέτρε
1451 3602 1465 3626 ,
1498 3561 1776 3629 ποίμιιινε
1813 3557 1887 3612 τὰ

299 3654 476 3724 ἀρνία
512 3672 653 3724 μου,
682 3655 711 3708 6
742 3655 1174 3726 πεπιστευμένος
1200 3653 1301 3723 τὴν
1339 3651 1575 3721 ποίμνην
1602 3667 1615 3680 ·
1653 3652 1681 3702 6
1708 3648 1889 3713 καλῶς

300 3744 509 3816 ὁδηγῶν
542 3747 600 3799 ὲν
630 3748 696 3817 τῇ
728 3745 954 3817 δυνάμει
997 3744 1092 3799 τοῦ
1124 3745 1252 3798 ἰδίου
1281 3742 1556 3796 Δεσπότου
1577 3758 1591 3774 ο
1638 3742 1667 3793 6
1698 3739 1888 3811 ὁμολο-

302 3837 415 3906 γῶν
447 3838 575 3910 περὶ
615 3839 850 3910 σαρκόςσ
882 3841 911 3892 6
958 3838 1228 3911 ἀληθινῶς
1258 3837 1328 3892 τὰ
1356 3837 1573 3907 Πατρὸς
1604 3834 1886 3904 ἀπαγγέλ-

303 3928 409 3982 λων
437 3929 566 4001 περὶ
592 3929 724 3983 Υἱοῦ
742 3948 755 3961 ο
787 3931 815 3984 6
840 3931 900 3984 τὸ
927 3931 1154 4003 Πνεῦμα
1180 3930 1461 4002 σημαίνων
1484 3970 1498 3997 ,
1542 3930 1640 3983 καὶ
1665 3929 1763 4001 τὴν
1786 3930 1886 3983 αύ-

302 4019 397 4073 τοῦ
429 4019 583 4085 ἀξίαν
643 4022 701 4075 ὲν
754 4021 1002 4093 θεότητιο
1038 4023 1066 4075 6
1112 4021 1293 4087 δεξιὰν
1321 4021 1533 4085 διαδοὺς
1573 4020 1653 4092 τῷ
1691 4020 1888 4092 Παύλῳ

304 4113 400 4169 καὶ
427 4112 685 4185 Βαρνάϐᾳ
734 4115 1017 4177 κοινωνίας
1068 4116 1165 4168 σὺν
1221 4113 1464 4183 Ἰακώϐῳ
1509 4114 1604 4167 καὶ
1645 4114 1887 4186 Ἰωάννῃ,

309 4202 395 4261 ἵνα
423 4202 510 4259 διὰ
533 4202 702 4277 τριῶν
733 4202 1028 4276 μαρτύρων
1062 4201 1231 4273 σταθῇ
1263 4205 1370 4257 πᾶν
1401 4205 1576 4275 ῥῆμα.

1985 3205 2049 3244 ex
2096 3190 2277 3245 verbis
2330 3198 2553 3261 stupore
2607 3191 2845 3262 perculsi
2896 3199 3070 3245 sunt:
3108 3189 3348 3245 Joannes
3399 3204 3563 3254 vero,

1983 3297 2136 3351 quem
2174 3281 2431 3352 diligebat
2479 3281 2659 3347 Iesus,
2710 3281 2873 3337 Petro
2917 3282 3051 3337 dixit
3082 3301 3095 3336 :
3129 3281 3389 3335 Dominus
3422 3283 3563 3337 est".

1990 3372 2091 3442 15
2131 3371 2303 3427 Homo
2336 3373 2425 3428 iile
2461 3374 2680 3443 quidem
2728 3371 3028 3428 secundum
3058 3388 3277 3427 carnem
3316 3387 3503 3427 revera
3535 3387 3567 3428 e

1987 3464 2154 3519 Maria
2186 3465 2435 3536 genitus;
2467 3480 2575 3519 non
2606 3466 2788 3531 specie
2853 3480 2917 3519 ac
2950 3465 3295 3520 simulatione
3329 3471 3565 3529 tantum,

1986 3559 2078 3614 sed
2116 3557 2259 3613 idem
2290 3566 2468 3612 tamen
2502 3556 2644 3612 Deus
2688 3571 2751 3611 ac
2784 3555 3029 3626 spiritus,
3060 3572 3091 3611 e
3124 3557 3264 3611 coalo
3313 3565 3365 3611 et
3398 3572 3428 3610 a
3465 3555 3570 3610 Pa-

1987 3657 2069 3705 tre
2112 3649 2389 3719 delapsus.
2440 3648 2486 3701 A
2537 3664 2645 3719 quo
2692 3646 2886 3704 Petrus
2931 3647 3143 3702 audiit:
3174 3647 3362 3711 Petra,
3413 3663 3571 3716 pasce

1987 3757 2148 3813 agnos
2182 3757 2322 3794 meos
2351 3741 2393 3807 ⁸,
2464 3740 2549 3796 cui
2596 3740 2775 3811 gregis
2822 3749 2904 3795 est
2936 3740 3228 3795 commissa
3275 3739 3567 3808 custodia;

1987 3852 2145 3907 quem
2192 3834 2403 3888 Domini
2439 3833 2522 3888 sui
2555 3834 2758 3889 virtute
2799 3831 2972 3889 fretus
3014 3832 3272 3903 praeclare
3301 3834 3573 3904 gubernat

1989 3943 2053 3982 ac
2082 3927 2249 3998 regit;
2281 3926 2373 3997 qui
2401 3940 2621 3981 carnem
2664 3924 2876 3979 Domini
2920 3925 3234 3991 conﬁtetur,
3259 3925 3353 3995 qui
3391 3940 3511 3995 qua:
3538 3940 3571 3979 a

1988 4018 2149 4074 Patre
2196 4017 2584 4089 acceperat,de
2616 4016 2757 4072 Filio
2800 4017 3088 4074 verissime
3119 4017 3437 4087 proﬁtetur;
3477 4017 3573 4086 qui

1993 4107 2257 4178 Spiritum
2287 4108 2516 4177 ejusque
2539 4107 2594 4160 in
2618 4106 2901 4162 divinitate
2931 4106 3275 4176 splendorem
3301 4123 3365 4162 ac
3392 4108 3575 4177 digni-

1992 4207 2158 4252 tatem
2203 4197 2409 4252 indicat
2448 4214 2460 4249 :
2497 4197 2588 4265 qui
2622 4194 2794 4249 Paulo
2841 4210 2903 4249 ac
2950 4195 3211 4250 Barnabas
3253 4196 3309 4249 in
3357 4196 3573 4267 signum

1995 4288 2271 4345 societatis
2297 4288 2572 4342 dexteram
2606 4287 2752 4343 dedit
2806 4301 2930 4343 cum
2958 4285 3164 4343 Jacobo
3195 4296 3249 4344 et
3278 4287 3487 4344 Joanne
3508 4287 3531 4319 ⁹
3557 4306 3573 4343 :

1994 4387 2054 4436 ut
2080 4381 2135 4435 in
2169 4380 2344 4436 tribus
2375 4380 2606 4436 testibus
2633 4379 2857 4435 verbum
2889 4395 3050 4436 omne
3079 4380 3347 4437 consistat
3371 4382 3430 4436 ⁸⁸.

377 4467 434 4524 ι’.
455 4468 623 4524 Οὐδὲν
650 4468 760 4542 γάρ
806 4467 937 4523 ἄνευ
966 4466 1076 4523 τῶν
1121 4468 1216 4523 δύο
1257 4469 1353 4523 καὶ
1392 4468 1559 4541 τριῶν
1594 4469 1880 4540 μαρτύρων

2062 4470 2129 4526 Χ.
2170 4470 2314 4525 Nihil
2366 4471 2513 4527 enim
2562 4473 2680 4527 sine
2735 4470 2949 4528 duobus
2999 4472 3282 4543 tribusque
3345 4473 3578 4529 testibus

305 4562 524 4616 δύναται
548 4558 706 4617 εἶναι.
752 4561 849 4625 Εἰς
876 4560 1016 4615 αὑτά
1043 4560 1152 4631 γὰρ
1178 4559 1497 4615 ὲϐεϐαιοῠτο
1525 4560 1592 4614 δι’
1629 4561 1885 4631 αἰνίγμα-

305 4670 396 4716 τος
420 4652 527 4706 τῶν
558 4654 616 4706 έν
653 4650 729 4723 τῷ
760 4651 938 4722 νόμῳ,
981 4650 1139 4721 μόνον
1185 4650 1408 4724 Πατέρα
1436 4651 1769 4721 ὲπιγνόντων
1790 4693 1805 4716 ,
1839 4652 1889 4705 εί

310 4746 385 4815 μή
420 4762 475 4797 τι
508 4743 714 4798 λάϐωσι
757 4742 984 4813 δύναμιν
1027 4742 1190 4805 Υἱοῦ,
1222 4742 1316 4797 καὶ
1340 4743 1428 4798 διὰ
1455 4742 1564 4797 τῶν
1598 4742 1890 4815 μαρτύρων

308 4834 519 4905 Πατρὺς
550 4835 644 4888 καὶ
676 4831 806 4887 Υἱοῦ
851 4831 1267 4902 ὲνδυναμωθῶσι
1298 4873 1313 4898 ,
1346 4834 1437 4888 διά
1462 4834 1520 4888 δὲ
1555 4834 1655 4905 τῆς
1700 4833 1891 4906 τρίτης

1996 4563 2207 4619 ﬁrmum
2234 4579 2356 4620 esse
2376 4571 2572 4634 potest.
2597 4563 2678 4619 Ad
2702 4564 2817 4619 haec
2836 4563 2980 4619 enim
3007 4580 3103 4635 per
3128 4563 3355 4636 ﬁguram
3385 4580 3580 4636 quam-

1994 4656 2119 4711 dam
2167 4655 2748 4725 adumbrationemque
2796 4654 3247 4711 conﬁrmabatur.
3298 4654 3433 4710 Nam
3484 4658 3578 4726 qui

1997 4749 2100 4804 sub
2129 4749 2247 4819 lege
2292 4748 2503 4816 vivunt,
2527 4745 2745 4803 Patrem
2786 4747 3052 4803 duntaxat
3100 4757 3423 4820 agnoscunt,
3470 4747 3581 4803 nisi

2001 4837 2123 4894 Filii
2149 4841 2258 4893 vim
2290 4854 2354 4893 ae
2384 4839 2640 4895 virtutem
2669 4841 2979 4911 accipiant;
3012 4847 3175 4910 atque
3203 4854 3232 4894 a
3258 4840 3474 4897 duobus
3511 4842 3582 4896 il-

312 4927 615 4999 μαρτυρίας
652 4926 857 4982 λάϐωσι
904 4923 1132 4996 Πνεῦμα
1177 4925 1372 4995 ἆγιον,
1424 4929 1517 4981 καὶ
1564 4926 1880 5000 πληρωθῶσι

2000 4933 2065 4986 lis
2092 4932 2325 4988 testibus
2364 4930 2525 4987 Patre
2558 4933 2985 4988 corroborantur
3018 4942 3073 4989 et
3105 4934 3271 5000 Filio;
3310 4943 3421 4988 tum
3455 4947 3582 4990 vero

310 5021 559 5091 φανερῶς
604 5020 711 5075 τῶν
766 5022 959 5088 φωνῶν
1007 5022 1118 5077 τῶν
1166 5019 1433 5093 χερουϐὶμ
1482 5019 1575 5073 καὶ
1627 5019 1893 5090 σεραφὶμ,

309 5114 619 5186 κραζόντων
646 5114 709 5167 τὸ
750 5116 931 5185 τρίτον
968 5116 1250 5186 τὸ,Ἄγιος
1273 5155 1288 5180 ,
1321 5114 1490 5183 ἅγιος
1511 5152 1525 5177 ,
1564 5111 1749 5182 ἅγιος.
1816 5113 1890 5166 Οὐ

310 5207 421 5279 γὰρ
454 5206 541 5260 διὰ
571 5205 684 5277 (12)
734 5206 827 5260 δύο
870 5208 1064 5277 φωνῶν
1092 5209 1127 5279 ὴ
1163 5206 1439 5275 δοξολογία
1469 5206 1528 5259 ὲν
1557 5205 1770 5277 οὐρανῷ
1804 5222 1893 5259 τε-

388 5389 403 5418 ¹
428 5387 617 5442 Matth.
646 5402 754 5451 χιι,
786 5386 867 5447 18.
973 5386 1149 5442 ’ibid.
1184 5388 1270 5447 19.

1998 5023 2159 5078 tertio
2202 5023 2511 5078 testimonio
2561 5024 2825 5094 Spiritum
2874 5031 3125 5080 sanctum
3168 5024 3472 5091 obtineant,
3515 5040 3582 5081 ac

1997 5112 2421 5168 cherubinorum
2449 5121 2504 5169 et
2538 5114 2955 5187 seraphinorum
3004 5114 3295 5171 manifeste
3335 5116 3443 5172 illis
3486 5132 3586 5171 vo-

1995 5204 2151 5261 cibus
2188 5205 2535 5276 oppleantur,
2578 5206 2670 5277 qui
2715 5207 2875 5263 tertio
2913 5207 3223 5263 clamabant
3262 5225 3274 5262 :
3316 5206 3543 5264 Sanctus
3570 5249 3586 5276 ,

1379 5388 1399 5419 ³
1422 5387 1612 5459 Matth.
1652 5403 1796 5449 xxvr,
1829 5388 1880 5441 5ιὲ

1984 5402 2056 5459 η.
2122 5387 2317 5442 διοιιιι.
2373 5404 2493 5452 γιιι,
2534 5389 2625 5445 25.
2718 5390 2913 5445 'Joan.
2958 5406 3070 5459 xxi,
3119 5389 3167 5446 7.
3247 5392 3421 5446 t"ibid.
3446 5390 3498 5456 5,
3530 5389 3582 5443 6.

313 5459 336 5492 '
376 5459 506 5514 ibid.
537 5459 585 5513 7.
664 5457 843 5513 “ibid.
880 5458 967 5512 15.
1031 5456 1193 5514 “Gal.
1222 5474 1281 5523 ιι,
1314 5459 1367 5515 9.
1447 5459 1489 5489 ¹⁰
1531 5458 1690 5514 Deut.
1723 5460 1880 5524 x1x,l

2012 5458 2200 5514 Matth.
2238 5474 2392 5527 xvut,
2454 5462 2542 5515 16.

393 5612 503 5683 (Η)
542 5612 702 5683 Ἔδει
728 5611 837 5666 τὸν
885 5611 1119 5681 πρῶτον
1170 5610 1287 5683 τῶν
1313 5612 1691 5669 ἀποστόλων.
1724 5611 1891 5670 Vides

320 5690 379 5753 ut
409 5682 523 5753 haec
560 5682 748 5737 Matth.
788 5698 873 5736 xvi
897 5723 921 5753 ,ί
953 5692 1003 5753 et
1038 5697 1190 5751 super
1220 5682 1353 5735 hanc
1381 5694 1585 5753 petram
1614 5683 1893 5753 wdiﬁcabo

324 5751 613 5809 Ecclesium
643 5768 834 5821 meam,
860 5752 926 5807 ad
960 5751 1181 5810 Petrum
1217 5754 1395 5824 ipsum
1420 5752 1619 5810 referat
1642 5793 1657 5821 ,
1694 5751 1890 5825 supra-

1998 5631 2106 5686 que
2138 5616 2287 5686 illum
2330 5616 2608 5672 fundatam
2638 5617 2932 5673 Ecclesiam
2963 5620 3259 5686 asseveret.

2069 5686 2180 5757 (l2)
2215 5685 2474 5742 Voculam
2512 5688 2620 5756 διά,
2654 5704 2773 5758 qua:
2812 5688 3041 5758 fortasse
3080 5682 3379 5751 exciderat,
3436 5683 3577 5740 eoin

2000 5757 2119 5813 loco
2148 5756 2214 5812 ex
2235 5759 2401 5815 editis
2437 5759 2593 5815 libris
2626 5756 3021 5828 sripplcvimus.
3574 5794 3581 5799 ς
