4012 6210
381 286 455 345 35
1807 270 1866 329 s.
1903 266 2253 327 meum“
3595 266 3671 322 π

381 409 624 469 sanctus,
669 408 887 459 sanctus
939 398 986 453 ⁸.
1017 394 1152 451 Nam
1189 409 1369 467 neque
1401 393 1619 451 duabus
1652 391 1831 448 solum
1884 406 1977 447 vo-

2083 390 2253 444 λεῖται
2277 429 2292 456 ,
2318 385 2442 442 οὐδὲ
2472 385 2732 459 τέταρτον
2764 384 3101 457 ἐπιφωνοῦσι
3135 382 3206 438 τὰ
3232 383 3373 437 αὐτὰ
3413 382 3545 453 ἅγια
3571 383 3673 436 καὶ

381 493 541 548 cibus
584 491 781 548 divinaa
825 490 883 544 in
925 487 1066 542 cmlo
1132 485 1319 556 gloriae
1360 482 1678 557 pmdicatio
1721 488 1971 549 constat;

384 599 562 655 neque
598 593 797 654 quarto
828 587 1018 638 sancta
1056 578 1147 633 illa
1177 593 1280 635 nec
1319 575 1695 648 aspectabilia,
1735 573 1830 629 sed
1864 574 1973 644 spi-

383 677 566 731 ritalia
609 675 982 731 vociferantur
1029 672 1320 738 animalia;
1375 684 1553 740 neque
1596 676 1694 721 aut
1732 675 1971 738 quarto,

385 778 481 824 aut
517 768 684 824 semel
718 768 982 823 duntaxat
1009 767 1352 829 exclamant;
1383 761 1479 817 sed
1520 768 1655 824 tres,
1688 774 1753 814 ac
1783 759 1974 829 singu-

384 857 527 914 lares
571 872 733 912 voces
772 856 940 912 edunt
966 873 980 909 :
1005 854 1254 919 Sanctus,
1286 858 1525 917 sanctus,
1580 857 1820 903 sanctus.
1851 847 1973 903 Non

382 950 605 1013 dicunt,
654 947 860 1014 Sancti,
908 945 1116 1009 sancti,
1150 950 1209 998 ut
1242 943 1291 998 ei
1336 944 1479 1012 quod
1531 940 1811 1011 singulare
1849 947 1970 1007 est,

382 1042 743 1114 multiplicem
791 1037 1215 1110 appellationem
1263 1034 1539 1100 tribuant,
1580 1048 1758 1102 neque
1805 1031 1972 1086 trium

380 1144 671 1188 numerum
699 1126 1088 1191 dissimulent;
1121 1120 1218 1180 sed
1253 1122 1327 1177 ita
1361 1131 1442 1177 ter
1472 1120 1729 1177 Sanctum
1760 1119 1965 1192 praedi-

381 1228 531 1285 cant,
557 1226 611 1272 οι
639 1231 749 1272 uno
777 1202 1152 1285 singularique
1178 1213 1341 1267 modo
1373 1226 1683 1267 sermonem
1714 1226 1963 1281 pronunc

382 1311 544 1374 tiant,
590 1324 657 1363 ne
683 1306 1017 1376 multiplices
1053 1304 1185 1361 deos
1212 1303 1499 1360 nominare
1537 1302 1845 1357 videamur.
1880 1300 1973 1356 Et-

382 1401 531 1457 enim
568 1413 713 1455 unus
743 1405 827 1453 est
864 1397 1006 1452 Deus
1033 1395 1195 1451 Pater
1238 1395 1293 1449 in
1323 1391 1485 1459 Filio,
1517 1391 1692 1447 Filius
1722 1392 1779 1447 in
1809 1390 1974 1447 Patre

384 1506 513 1553 cum
549 1489 761 1561 Spiritu
792 1496 1004 1545 sancto.
1043 1484 1341 1557 Pr0pterea
1373 1490 1598 1540 sanctus
1626 1500 1772 1540 unus
1799 1490 1884 1540 est
1913 1483 1970 1538 in

385 1583 592 1637 sanctis
630 1580 1033 1652 conquiescens
1055 1576 1214 1632 Pater
1241 1592 1405 1632 verus
1431 1586 1485 1632 et
1510 1576 1840 1643 subsistens,
1870 1573 1966 1629 Fi-

384 1675 494 1730 lius
521 1688 690 1728 verus
730 1679 785 1727 et
822 1670 1151 1735 subsistens,
1193 1666 1431 1739 Spiritus
1462 1675 1687 1723 sanctus
1721 1681 1885 1723 verus
1917 1672 1972 1721 et

2083 480 2291 552 ἀόρατα
2321 477 2667 549 πνευματικά
2698 476 2814 540 ζῶα
2850 477 2962 545 (13')
2987 516 3003 538 ,
3032 474 3154 528 οὐδὲ
3187 474 3455 544 τετάρτην
3483 470 3675 541 φωνὴν

2079 570 2405 625 ἀποδίδωσιν
2434 567 2503 621 τά
2531 567 2693 632 αὐτὰ,
2745 567 2868 620 οὐδὲ
2916 566 3045 637 μίαν
3088 565 3287 636 μόνην’
3325 561 3464 617 ἀλλά
3514 563 3669 632 τρεῖς

2080 661 2263 731 φωνὰς
2294 659 2479 723 ἑνικὰς
2501 698 2517 723 ,
2547 658 2857 727 τὸ,”Αγιος,
2891 657 3079 726 ἅγιος,
3109 655 3275 723 ἅγιος
3296 670 3310 685 ⁸
3340 653 3436 706 καὶ
3471 652 3537 707 οὐ
3575 651 3669 703 λέ-

2080 770 2267 823 γουσιν
2291 795 2307 819 ,
2370 754 2551 823 Ἅγιοι
2571 790 2587 814 ,
2643 749 2798 820 ἅγιοι
2821 789 2838 816 ,
2881 749 2969 803 ἵνα
2994 748 3060 802 τὸ
3092 748 3272 802 ἑνικὸν
3312 744 3671 814 πολυώνυμον

2078 846 2426 917 ἀποφήνωσι,
2462 843 2596 915 μηδὲ
2621 843 2731 896 τῶν
2757 842 2927 918 τριῶν
2956 841 3049 894 τὸν
3075 838 3308 913 ἀριθμὸν
3335 836 3668 909 ἀποκρύψει)-

2082 955 2166 993 σιν
2190 954 2204 969 ·
2236 937 2376 993 ἀλλά
2406 938 2525 1010 τρὶς
2574 936 2672 1007 μὲν
2701 934 2908 988 διδόασι
2935 933 3036 1005 τὴν
3060 930 3381 1001 ἀγιαστείαν
3401 970 3414 994 ,
3456 944 3668 1000 μονοειο

2077 1030 2185 1095 δῶς
2208 1030 2266 1084 δὲ
2294 1030 2390 1084 καὶ
2431 1028 2628 1092 ἑνικῶς
2661 1025 3103 1096 ἀποφθέγγονται
3131 1022 3223 1077 τὸν
3250 1023 3409 1091 λόγον
3428 1062 3443 1086 ,
3475 1023 3563 1074 ἵνα
3591 1021 3669 1092 μὴ

2078 1121 2371 1176 πολυθεῖαν
2392 1119 2761 1190 ὀνομάσωσιν.
2811 1110 2907 1181 Εἷς
2951 1115 3058 1186 γάρ
3086 1117 3203 1168 ἐστι
3234 1112 3367 1177 Θεὸς
3393 1111 3581 1183 Πατὴρ
3609 1113 3673 1164 ἐν

2077 1212 2195 1284 Υἱῷ
2218 1254 2234 1278 ,
2268 1212 2396 1275 Υἱὸς
2434 1212 2492 1265 έν
2526 1209 2706 1280 Πατρὶ
2756 1208 2852 1262 σὺν
2903 1208 3045 1278 ἁγίῳ
3082 1205 3360 1277 Πνεύματι
3384 1221 3401 1236 ο
3436 1206 3530 1258 καὶ
3581 1203 3673 1257 διὰ

2076 1307 2238 1360 τοῦτο
2272 1303 2426 1373 ἆγιος
2465 1304 2523 1355 ὲν
2571 1302 2750 1370 ἁγίοις
2777 1298 3194 1368 ἀναπαυόμενος
3214 1337 3228 1363 ,
3257 1296 3448 1368 Πατὴρ
3476 1296 3674 1367 ἀληθι-

2078 1398 2169 1460 νὸς
2222 1394 2621 1456 ὲνυπόστατος,
2658 1392 2753 1445 καὶ
2802 1390 2929 1454 Υίὸς
2966 1388 3224 1459 ἀληθινὸς
3284 1387 3671 1451 ὲνυπόστατος,

2077 1486 2175 1540 καὶ
2207 1483 2434 1555 Πνεῦμα
2464 1484 2619 1552 ἆγιον
2651 1482 2911 1554 ἀληθινὸν
2951 1481 3339 1543 ὲνυπόστατον,
3366 1480 3490 1549 τρία
3516 1479 3671 1540 ὅντα,

2082 1576 2182 1648 μία
2210 1574 2420 1644 θεότης,
2454 1573 2550 1642 μία
2571 1572 2750 1639 οὐσία,
2784 1570 2883 1641 μία
2896 1568 3194 1638 δοξολογία,
3215 1564 3297 1631 εἷς
3317 1567 3469 1629 Θεός.
3512 1565 3678 1618 Ὠνό-

2082 1682 2270 1735 μασας
2296 1664 2428 1717 Θεόν
2450 1680 2465 1727 ;
2498 1662 2971 1733 συμπεριείληφας
2992 1664 3058 1732 τῇ
3088 1660 3293 1730 διανοίᾳ
3319 1659 3416 1730 τὴν
3442 1658 3674 1730 Τριάδα.

384 1766 735 1829 subsistens;
772 1772 885 1820 tres
928 1776 1194 1826 numero,
1238 1760 1335 1816 sed
1381 1774 1491 1815 una
1541 1759 1822 1825 divinitas,
1867 1772 1974 1813 una

2083 1757 2281 1826 Ἔσχες
2312 1755 2538 1826 Πνεῦμα
2567 1754 2720 1822 ἆγιον
2742 1770 2756 1820 ;
2777 1753 3113 1823 κατηξίωσαι
3146 1754 3244 1824 τῆς
3273 1753 3553 1822 δυνάμεως
3570 1750 3677 1821 τῆς

383 1858 720 1921 substantia,
752 1870 862 1911 una
889 1854 1083 1926 gloria,
1111 1868 1255 1909 unus
1277 1852 1441 1908 Deus.
1478 1852 1649 1907 Deum
1681 1849 1972 1907 nominas?

384 1964 493 2005 una
524 1956 580 2003 et
617 1946 941 2003 Trinitatem
973 1946 1158 2000 animo
1207 1942 1649 2014 comprehendis.
1706 1940 1971 2012 Spiritum

384 2047 643 2098 sanctum
682 2047 1012 2095 consecutus
1028 2034 1139 2104 es?
1172 2049 1282 2088 una
1319 2042 1374 2089 et
1402 2032 1583 2090 Patris
1620 2042 1675 2089 et
1720 2032 1817 2088 Dei
1851 2031 1972 2087 Filii

388 2132 650 2185 virtutem
672 2114 979 2185 obtinuisti.
1016 2128 1233 2184 Patrem
1262 2125 1609 2197 prmdicasti?
1636 2139 1760 2179 cum
1788 2139 1854 2179 eo
1879 2138 1973 2193 pa-

395 2213 533 2269 riter
560 2220 617 2269 et
650 2210 849 2268 Filium
885 2222 940 2270 et
970 2213 1234 2285 Spiritum
1264 2220 1516 2270 sanctum
1545 2211 1667 2267 sine
1699 2212 1810 2266 ulla
1837 2204 1974 2266 eon-

392 2306 606 2365 fusione
648 2307 987 2379 signiﬁcasti.
1031 2307 1137 2379 ιθ
1177 2305 1336 2359 Pater
1377 2304 1579 2375 quippe
1626 2302 1790 2358 Pater
1846 2311 1973 2370 est;

389 2395 561 2454 Filius
604 2406 690 2456 est
747 2396 961 2464 Filius;
1001 2395 1239 2466 Spiritus
1282 2402 1506 2449 sanctus
1554 2392 1794 2463 Spiritus
1846 2407 1976 2449 san-

383 2496 512 2544 ctus
542 2498 667 2555 est;
713 2504 895 2562 neque
926 2488 1169 2545 Trinitas
1201 2487 1321 2557 ipsa
1359 2485 1429 2539 ab
1462 2486 1670 2540 unitate
1698 2493 1753 2541 et
1786 2485 1978 2541 identi-

385 2588 495 2634 tate
531 2579 827 2635 divellitur.
868 2581 1047 2645 Pater,
1090 2585 1362 2649 quatenus
1391 2575 1553 2631 Pater
1582 2586 1700 2644 est,
1736 2576 1979 2631 honora-

385 2683 506 2739 tur;
539 2672 840 2727 honoratur
864 2679 919 2726 et
950 2670 1145 2735 Filius,
1194 2678 1466 2740 quatenus
1491 2665 1706 2736 Filius;
1739 2669 1978 2723 honora-

385 2770 476 2815 tur
515 2763 750 2833 denique
796 2761 1035 2832 Spiritus
1080 2770 1325 2829 sanctus,
1368 2768 1644 2831 quatenus
1684 2776 1845 2816 verus
1892 2768 1978 2816 est

388 2852 590 2923 Deique
640 2854 899 2925 Spiritus.
945 2854 1123 2925 Atque
1164 2854 1269 2910 hoc
1302 2860 1428 2923 est,
1464 2854 1612 2929 quod
1653 2853 1977 2925 Unigenitus

384 2947 580 3001 asserit
611 2965 625 3001 :
665 2945 770 3013 Qui
800 2945 1026 3003 honorat
1064 2944 1301 3013 Patrem,
1341 2946 1569 3001 honorat
1597 2956 1648 3001 et
1682 2945 1888 3000 Filium
1927 2946 1974 2998 ’.

384 3033 522 3096 Nam
547 3042 650 3097 hoc
674 3043 794 3111 ipso
820 3039 967 3112 quod
997 3038 1213 3095 Patrem
1242 3037 1517 3105 nominas,
1544 3036 1746 3091 Filium
1773 3034 1979 3106 signiﬁ-

2075 1849 2341 1922 πατρῴας
2354 1849 2446 1903 καὶ
2471 1847 2566 1902 τοῦ
2586 1846 2716 1901 Υίοῦ
2752 1847 2846 1900 τοῦ
2873 1844 3031 1901 Θεοῦ.
3075 1845 3364 1910 Ἐδόξασας
3378 1845 3469 1898 τὸν
3494 1845 3677 1898 Πατέ-
3740 1868 3743 1869 ν

2076 1959 2148 2015 ρα
2177 1958 2192 2007 ;
2223 1941 2510 2012 ὲσήμανας
2540 1940 2631 1994 τὸν
2681 1939 2810 1992 Υίὸν
2860 1939 2956 1992 καὶ
3002 1937 3062 1992 τὸ
3090 1938 3242 2005 ἅγιον
3264 1936 3508 2007 Πνεῦμα,
3536 1934 3678 1989 ἀλλὰ

2078 2033 2155 2106 μὴ
2190 2033 2331 2088 κατά
2356 2033 2707 2101 συναλοιφὴν.
2753 2031 2912 2085 Ἐστι
2942 2030 3055 2101 γὰρ
3114 2031 3143 2082 6
3192 2028 3385 2100 Πατὴρ
3437 2029 3626 2098 Πατήρ
3652 2044 3670 2059 ο

2075 2123 2222 2178 ἔστιν
2266 2126 2295 2177 6
2350 2125 2480 2187 Υἱὸς
2530 2123 2690 2187 Υἱόςο
2744 2121 2859 2176 ἔστι
2912 2122 2973 2175 τὸ
3022 2122 3176 2191 ἅγιον
3217 2121 3442 2191 Πνεῦμα
3507 2120 3660 2187 ἆγιον

2075 2214 2303 2286 Πνεῦμα
2327 2232 2342 2247 ο
2378 2214 2493 2268 ἀλλ’
2533 2214 2635 2267 οὐκ
2664 2213 3075 2286 ἡλλοτριωμένη
3100 2216 3134 2284 ἡ
3160 2213 3330 2285 Τριάς
3364 2213 3464 2283 τῆς
3496 2214 3674 2280 ἑνότηο

2076 2325 2168 2373 τος
2197 2307 2418 2377 καὶτῆς
2448 2305 2799 2375 ταύτότητος.
2845 2306 3085 2377 Τιμᾶται
3116 2306 3173 2359 δὲ
3206 2308 3235 2359 6
3261 2304 3453 2377 Πατὴρ
3480 2348 3494 2370 ,
3529 2304 3670 2357 καθὸ

2077 2398 2269 2469 Πατήρ
2301 2398 2448 2451 ὲστι·
2480 2399 2709 2469 τιμᾶται
2734 2400 2763 2451 6
2792 2396 2951 2464 Υἱὸς,
3005 2397 3140 2451 καθὸ
3167 2398 3295 2461 Υἱός
3328 2399 3445 2450 ἔστι
3469 2414 3483 2427 ο
3510 2398 3670 2467 τιμᾶ-

2077 2505 2168 2543 ται
2206 2487 2265 2542 τὸ
2295 2486 2519 2557 Πνεῦμα
2549 2487 2611 2541 τὸ
2638 2487 2794 2556 ἅγιον
2814 2526 2828 2551 ,
2861 2486 2996 2541 καθὸ
3040 2487 3266 2558 Πνεῦμα
3307 2487 3540 2557 ἀληθὲς,
3572 2487 3668 2539 καὶ

2078 2580 2307 2652 Πνεῦμα
2341 2578 2498 2633 Θεοῦ.
2536 2578 2693 2634 Οῦτω
2745 2579 2893 2648 λέγει
2939 2579 2967 2632 6
2998 2580 3307 2651 Μονογενής
3331 2596 3346 2611 ο
3394 2580 3447 2631 Ὁ
3492 2577 3673 2648 τιμῶν

2084 2674 2194 2729 τὸν
2245 2671 2481 2741 Πατέρα
2540 2672 2678 2742 τιμᾷ
2713 2674 2821 2727 τὸν
2858 2674 3011 2728 Υίόν.
3048 2672 3208 2743 Αὐτῷ
3235 2672 3343 2743 γὰρ
3372 2672 3553 2740 λέγειν
3582 2672 3671 2724 τὸν

2078 2765 2338 2838 Πατέρα,
2385 2764 2512 2819 Υἱὸν
2567 2766 2891 2836 σημαίνεις,
2946 2765 3041 2818 καὶ
3096 2764 3225 2817 Υἱὸν
3264 2745 3463 2834 τιμᾷς·
3502 2763 3595 2816 καὶ
3645 2763 3673 2815 6

2078 2858 2209 2911 Υίὸν
2241 2856 2416 2927 τιμῶν
2464 2858 2599 2927 τιμᾷ
2645 2856 2737 2910 τὸν
2779 2856 3022 2928 Πατέρα.
3062 2854 3221 2925 Αὐτῷ
3255 2852 3364 2925 γὰρ
3391 2854 3673 2924 ὀνομάζειν

2081 2965 2139 3001 σε
2171 2948 2262 3001 τὸν
2300 2946 2459 3012 Υἱὸν,
2515 2948 2684 3018 τιμᾷς
2737 2946 2825 3000 τὸν
2875 2945 3130 3016 Πατέρα,
3166 2943 3266 2997 οὐκ
3298 2944 3556 2997 ἐλάττονα
3582 2942 3673 2996 τὸν

2078 3038 2315 3109 Χριστὸν
2345 3037 2570 3108 φάσκων
2601 3038 2696 3091 τοῦ
2733 3037 2979 3108 Πατρός.

384 3153 510 3202 cas,
546 3145 601 3192 et
632 3135 829 3191 Filium
873 3136 1158 3191 honoras:
1200 3140 1256 3187 at
1302 3133 1398 3205 qui
1444 3129 1645 3188 Filium
1692 3132 1965 3196 honorat,
1999 3131 2235 3187 honorat
2259 3124 2314 3190 et
2341 3134 2556 3188 Patrem
2586 3152 2599 3188 :
2624 3148 2751 3188 cum
2807 3132 2955 3187 enim
2990 3129 3185 3186 Filium
3240 3129 3510 3194 nominas,
3573 3128 3676 3184 hcc

387 3228 505 3299 ipso
554 3226 768 3281 Patrem
814 3226 1076 3292 honoras,
1107 3225 1242 3280 dum
1271 3225 1556 3279 Christum
1601 3223 1767 3279 Patre
1808 3223 1979 3278 nihilo
2012 3224 2327 3283 inferiorem
2360 3226 2620 3283 allirmas.

459 3319 553 3374 XI.
594 3320 810 3373 Etenim
835 3319 881 3374 si
913 3317 1061 3390 apud
1086 3333 1188 3374 nos
1214 3318 1478 3374 mortales
1510 3316 1826 3373 communis
1854 3318 1976 3386 qui-

2151 3322 2254 3375 IA'.
2308 3322 2372 3374 Ei
2411 3320 2520 3393 γάρ
2576 3321 2638 3373 ὲν
2685 3320 2817 3389 ἡμῖν
2878 3320 2991 3381 τοῖς
3035 3316 3344 3388 ἀνθρώποις
3393 3315 3580 3369 ἔπεστι
3615 3317 3675 3369 τὸ

388 3411 514 3465 dam
543 3411 642 3465 iste
666 3425 864 3465 sensus
893 3418 1000 3475 est,
1030 3416 1090 3464 ut
1120 3409 1260 3463 lilios
1292 3409 1611 3480 parentibus
1643 3408 1814 3463 nihilo
1842 3408 1982 3465 infe-

390 3501 586 3566 riores,
615 3506 709 3554 aut
744 3500 811 3555 ab
842 3514 1030 3555 eorum
1065 3498 1331 3569 dignitate
1358 3498 1584 3554 minime
1611 3498 1977 3555 removendos

388 3600 667 3663 putemus,
708 3589 968 3661 quoniam
996 3604 1117 3660 qua:
1157 3588 1283 3644 liliis
1312 3588 1608 3660 imponitur
1643 3589 1978 3660 ignominia,

390 3686 445 3738 in
476 3691 728 3752 parentes
762 3681 1068 3737 redundat:
1123 3688 1330 3752 quanto
1365 3683 1538 3753 magis
1573 3681 1718 3739 Deus
1741 3690 1796 3738 et
1822 3681 1984 3738 Pater

391 3772 517 3828 Filii
553 3774 874 3844 dignitatem
904 3773 1054 3827 nullo
1094 3773 1255 3828 modo
1283 3770 1543 3828 inferiore
1569 3773 1692 3829 loco
1718 3789 1842 3831 esse
1881 3790 1983 3845 pa-

390 3865 598 3921 tietur?
631 3864 892 3935 Quisquis
924 3864 1089 3934 igitur
1118 3878 1310 3919 verum
1336 3878 1400 3918 ac
1421 3878 1742 3935 germanum
1774 3865 1868 3920 Dei
1901 3864 1987 3919 Fi-

392 3956 525 4011 lium
567 3954 708 4009 infra
744 3963 1021 4026 paternam
1065 3954 1292 4025 gloriam
1340 3953 1747 4009 amandandum
1790 3962 1983 4025 putat,

394 4047 621 4103 infamia
652 4048 802 4125 illum
835 4061 943 4101 non
975 4046 1182 4102 honore
1211 4045 1374 4101 allicit
1399 4056 1452 4102 et
1480 4047 1536 4101 in
1582 4062 1796 4102 summa
1826 4049 1983 4119 igno-

391 4142 606 4196 ratione
647 4147 919 4196 versatur.
967 4139 1333 4207 Quamobrem
1365 4138 1447 4194 uti
1476 4137 1732 4195 Christus
1762 4138 1980 4196 Patrem

392 4248 553 4287 suum
606 4231 858 4287 indicans
902 4238 1181 4287 testatur:
1211 4229 1380 4285 Nemo
1425 4231 1568 4286 novit
1612 4229 1833 4285 Patrem
1878 4230 1985 4286 nisi

394 4322 595 4387 Filius,
632 4332 681 4376 et
716 4338 867 4377 nemo
897 4323 1039 4376 novit
1070 4320 1274 4376 Filium
1305 4323 1410 4375 nisi
1440 4321 1604 4375 Pater
1628 4321 1671 4386 ³,
1720 4336 1822 4392 ego
1854 4336 1986 4375 vero

393 4429 499 4470 nec
554 4413 701 4470 istud
752 4414 1110 4484 pronuntiare
1159 4412 1404 4468 dubitem
1444 4430 1459 4467 :
1499 4412 1669 4468 Nemo
1719 4412 1984 4484 Spiritum

394 4506 547 4563 novit
579 4506 684 4562 nisi
715 4505 910 4574 Pater,
953 4513 1005 4563 et
1050 4504 1258 4570 Filius,
1292 4519 1324 4558 a
1359 4518 1469 4575 quo
1512 4505 1758 4576 procedit
1780 4505 1824 4572 ⁸,
1856 4513 1912 4560 et
1952 4517 1984 4559 a

392 4612 506 4670 quo
532 4597 731 4668 accipit
757 4597 797 4652 '.
834 4597 1086 4664 Quanam
1132 4611 1263 4653 vero
1313 4594 1491 4651 fronte
1529 4596 1768 4649 alienum
1799 4611 1830 4650 a
1874 4593 1984 4650 Deo

2088 3412 2328 3466 τοιοῦτον
2362 3412 2619 3484 φρόνημα
2639 3453 2653 3477 ,
2682 3410 2776 3463 καὶ
2803 3410 2901 3481 οὐχ
2928 3411 3163 3481 ἥσσονας
3208 3409 3334 3471 τοὺς
3374 3410 3523 3471 υίοὺς
3554 3408 3676 3478 βου-

2089 3504 2298 3577 λόμεθα
2320 3545 2337 3570 ,
2373 3505 2495 3558 οὐδὲ
2522 3504 2939 3575 ἠλαττωμένους
2984 3503 3131 3574 παρά
3160 3502 3257 3573 τὴν
3286 3502 3394 3554 τῶν
3425 3503 3677 3572 πατέρων

2088 3598 2288 3668 τιμήν·
2341 3597 2375 3666 ἡ
2414 3594 2525 3665 γὰρ
2551 3597 2629 3658 είς
2658 3595 2784 3658 τοὺς
2830 3595 2978 3658 υίούς
3014 3593 3208 3663 ἀτιμία
3240 3593 3321 3655 είς
3359 3593 3484 3655 τοὺς
3514 3591 3679 3643 πατέ-

2094 3705 2195 3759 ρας
2240 3686 2586 3754 ἀναλογεῖται
2610 3701 2625 3715 ·
2660 3685 2813 3755 πόσῳ
2869 3684 3068 3755 μᾶλλον
3120 3687 3149 3738 6
3186 3683 3319 3747 Θεὸς
3366 3684 3459 3736 καὶ
3489 3680 3678 3751 Πατὴρ

2089 3781 2189 3833 οὐκ
2217 3778 2284 3833 ἂν
2330 3778 2617 3851 βουληθείη
2645 3778 2774 3832 ποτὲ
2805 3778 3174 3849 ἐλαττωθῆναι
3206 3777 3298 3831 τὸν
3327 3775 3491 3829 αὐτοῦ
3516 3775 3675 3840 Υίὸν;

2102 3873 2162 3926 '0
2193 3872 2373 3926 τοίνυν
2423 3872 2517 3925 τὸν
2566 3870 2781 3942 ἀληθῶς
2813 3871 2945 3925 ὅντα
2987 3870 3082 3924 τοῦ
3137 3870 3352 3942 Πατρὸς
3382 3868 3510 3922 Υἱὸν
3544 3870 3678 3921 ἀπο-

2090 3962 2279 4017 δέοντα
2309 3962 2411 4033 τῆς
2437 3960 2533 4015 τοῦ
2572 3961 2789 4033 Πατρὸς
2816 3962 2975 4034 δόξης
3008 3959 3406 4030 ὑπολαμϐάνων
3430 3999 3445 4024 ,
3479 3956 3679 4028 μᾶλλον

2091 4052 2388 4125 ἀτιμάζει,
2438 4054 2560 4107 ἀντὶ
2612 4055 2778 4125 τιμῆς
2829 4053 3023 4124 ἀγνοίᾳ
3073 4053 3394 4123 φερόμενος.
3450 4050 3542 4113 Ὠς
3586 4043 3678 4102 οὖν

2091 4142 2468 4198 ἀποκαλύπτει
2498 4144 2592 4196 τὸν
2616 4142 2840 4215 Πατέρα
2868 4142 3091 4213 φάσκων
3119 4158 3134 4173 ο
3181 4140 3394 4207 Οὐδεὶς
3422 4136 3545 4193 οἵδε
3572 4138 3680 4192 τὸν

2090 4233 2343 4303 Πατέρα,
2379 4237 2432 4287 εἰ
2466 4232 2554 4303 μὴ
2583 4238 2615 4288 ό
2642 4235 2795 4300 Υἱός’
2833 4233 2931 4289 καὶ
2965 4232 3166 4297 οὐδεὶς
3197 4227 3321 4284 οἶδε
3353 4229 3459 4283 τὸν
3518 4227 3677 4293 γων,

2089 4323 2246 4393 εἰμὴ
2284 4326 2317 4377 ό
2345 4323 2549 4393 Πατήρ
2570 4340 2582 4353 ·
2610 4324 2795 4396 τολμῶ
2824 4323 3005 4392 λέγειν
3023 4361 3037 4386 ,
3081 4320 3216 4375 Οὐδὲ
3244 4320 3305 4373 τὸ
3340 4318 3565 4389 Πνεῦμά
3595 4334 3680 4387 τις

2091 4412 2249 4483 οἶδεν,
2304 4418 2353 4469 εἰ
2391 4418 2467 4489 μὴ
2519 4418 2549 4470 6
2594 4417 2785 4490 Πατὴρ
2809 4456 2823 4482 ,
2855 4416 2949 4469 καὶ
2990 4418 3019 4469 6
3046 4414 3175 4479 Υἱὸς
3199 4453 3214 4478 ,
3263 4415 3393 4484 παρ’
3420 4406 3480 4466 οὗ
3514 4413 3682 4464 ἐκπο-

2095 4507 2307 4581 ρεύεται
2330 4548 2346 4575 ,
2401 4511 2496 4564 καὶ
2529 4512 2661 4577 παρ’
2701 4502 2763 4565 οὗ
2810 4508 3099 4579 λαμϐάνει.
3138 4506 3263 4571 Πῶς
3305 4505 3364 4559 δὲ
3399 4504 3681 4576 ἀλλότριον

2091 4602 2226 4656 Θεοῦ
2258 4604 2321 4657 τὸ
2364 4603 2591 4675 Πνεῦμα
2635 4604 2816 4673 λέγειν
2851 4603 3126 4675 τολμῶσιν
3147 4642 3162 4669 ,
3191 4602 3241 4655 oi
3273 4601 3436 4672 μανίᾳ
3479 4597 3680 4669 μᾶλλον

396 4688 665 4761 Spiritum
693 4689 898 4745 audent
920 4704 1193 4753 asserere,
1217 4689 1311 4760 qui
1350 4687 1536 4743 lurore
1556 4703 1623 4742 ac
1646 4688 1867 4743 vesania
1890 4703 1977 4758 po-

2089 4696 2478 4767 κατεχόμενοι,
2514 4697 2617 4750 οὐκ
2663 4696 2894 4768 ἀληθεία
2918 4735 2934 4760 ,
2969 4695 3066 4749 καὶ
3093 4695 3153 4748 οὐ
3206 4691 3539 4764 μανθάνουσι
3578 4688 3679 4757 τὴν

396 4782 509 4838 tius
548 4797 712 4853 quam
763 4781 994 4837 veritate
1042 4781 1340 4845 ducuntur,
1385 4794 1561 4851 neque
1590 4778 1693 4836 ﬁde
1734 4780 1882 4852 digni
1917 4794 1982 4835 ac

396 4874 735 4932 sanctissimi
762 4874 995 4945 apostoli
1031 4872 1187 4929 Pauli
1219 4873 1557 4929 verissimam
1587 4863 1747 4927 illam'
1769 4880 1983 4929 senten-

395 4966 529 5027 tiam
572 4964 924 5036 intelligunt?
966 4963 1154 5029 Pauli,
1195 4964 1442 5035 inquam,
1490 4964 1580 5020 cui
1609 4965 1982 5035 apostolorum

396 5056 651 5128 princeps
684 5056 901 5120 Petrus,
936 5056 1024 5111 cui
1060 5056 1211 5127 regni
1241 5056 1422 5113 claves
1457 5057 1766 5113 commissa).
1788 5064 1918 5113 sunt
1939 5057 1981 5123 ⁸,

396 5150 677 5204 dexteram
718 5150 938 5205 dedisse
981 5151 1181 5222 legitur
1204 5150 1251 5214 τ,
1292 5150 1384 5221 qui
1426 5150 1567 5205 hanc
1605 5149 1672 5206 de
1706 5151 1848 5205 caelo
1890 5164 1985 5205 vo-

396 5253 515 5294 cem
552 5240 830 5295 exaudiit:
860 5240 1045 5305 Saule,
1094 5239 1278 5307 Saule,
1310 5241 1438 5312 quid
1471 5257 1549 5295 me
1574 5241 1900 5312 persequeris
1924 5240 1982 5294 θῖ

397 5332 492 5403 qui
534 5332 723 5388 audire
756 5332 955 5388 meruit
991 5349 1193 5387 arcana
1224 5333 1399 5398 verba,
1436 5349 1554 5405 qua:
1584 5349 1688 5387 non
1731 5332 1851 5386 licet
1886 5331 1983 5387 ho-

470 5460 619 5541 _‘l_sa.
650 5477 727 5541 vi,
750 5465 833 5541 5._
873 5466 901 5541 _'
930 5461 1089 5519 Joan.
1122 5480 1174 5541 ν,
1213 5464 1304 5519 25.
1381 5462 1612 5518 ’Matth.
1644 5478 1722 5530 xI,
1759 5460 1851 5518 27.
1926 5464 1977 5517 ⁸.

2083 5481 2128 5520 n.
2164 5482 2253 5535 xv,
2278 5468 2367 5523 26.
2447 5469 2647 5527 'Joan.
2682 5488 2795 5539 xvr,
2837 5473 2925 5541 14,
2958 5474 3047 5530 15.

399 5530 557 5585 'Gal.
595 5547 658 5598 ιι,
686 5531 741 5589 9.
814 5535 835 5566 ⁸
858 5535 979 5591 Act.
1016 5551 1091 5598 ix,
1123 5533 1178 5588 4.

2088 4786 2349 4858 ἀληθινὴν
2383 4787 2567 4859 φωνὴν
2614 4788 2708 4842 τοῦ
2756 4787 3071 4853 ἀξιοπίστου
3113 4787 3204 4839 καὶ
3255 4786 3407 4854 ἁγίου
3462 4781 3678 4837 Παύλου

2086 4879 2183 4933 τοῦ
2215 4880 2538 4949 ἀποστόλου,
2566 4873 2611 4950 ᾧ
2630 4880 2812 4946 δεξιὰν
2838 4880 3039 4934 ἔδωκεν
3069 4882 3097 4933 6
3122 4877 3551 4952 κορυφαιότατος
3572 4874 3680 4928 τῶν

2089 4970 2402 5025 ἀποστόλων
2451 4973 2684 5043 Πέτρος,
2718 4975 2746 5026 6
2784 4971 3194 5043 κατηξιωμένος
3231 4970 3374 5041 ἔχειν
3401 4967 3499 5040 τὴν
3531 4966 3681 5020 κλεῖν

2089 5062 2189 5132 τῆς
2216 5061 2491 5133 βασιλείας
2508 5104 2523 5128 ,
2548 5064 2643 5117 τοῦ
2675 5064 3007 5127 ἀκούσαντος
3026 5063 3119 5117 ἀπ’
3141 5062 3389 5134 οὐρανῶν
3408 5080 3423 5097 ο
3452 5060 3677 5123 Σαοὺλ,

2090 5154 2292 5208 Σαοὺλ
2318 5194 2333 5218 ,
2379 5156 2439 5209 τί
2470 5172 2548 5225 με
2574 5154 2841 5222 διώκεις;
2872 5155 2963 5209 τοῦ
3007 5155 3416 5226 κατηξιωμένου
3444 5151 3677 5231 ἀκοῦσαι

2089 5243 2317 5313 ἆρῤητα
2341 5245 2600 5316 ῥήματα,
2638 5247 2676 5301 ἂ
2700 5250 2810 5302 οὐκ
2851 5246 2997 5312 ἐξὸν
3038 5248 3328 5317 ἀνθρώπῳ
3357 5241 3628 5312 λαλῆσαι
3662 5259 3672 5271 ·

2088 5333 2183 5388 τοῦ
2215 5335 2464 5405 λέγοντος
2489 5355 2503 5369 ·
2540 5337 2754 5404 Οὐδείς
2787 5335 2912 5393 οἵδε
2960 5338 3032 5393 τὰ
3078 5337 3185 5393 τοῦ
3220 5334 3571 5405 ἀνθρώπου,
3622 5332 3677 5387 εὶ

3162 5473 3183 5505 ⁸
3207 5471 3396 5527 Matth.
3436 5486 3550 5536 xw,
3585 5467 3675 5526 19.

473 5645 584 5716 (l3)
614 5651 989 5722 Πνευματικὰ
1023 5650 1155 5716 ζῶα,
1197 5649 1465 5719 spiritalia
1496 5649 1681 5706 dicere
1712 5648 1973 5705 animalia
2009 5665 2309 5715 necessutas
2342 5665 2425 5714 est
2456 5659 2605 5715 nulla
2633 5677 2647 5727 ;
2680 5662 2905 5718 viventia
2952 5659 3239 5735 spiritalia
3276 5658 3460 5717 dicere
3520 5664 3667 5714 recte

412 5726 716 5783 possumus.
