4012 6210
418 291 492 349 39
1825 281 1886 338 δ.
1928 278 2028 337 ειη

2132 277 2272 335 ANll
2439 357 2442 360 ῃ
3611 266 3685 322 ιο

423 410 733 472 cesserunt,
764 417 885 477 quae
908 411 1037 461 sunt
1067 418 1300 460 numero
1328 401 1589 474 quinque.
1629 396 1728 455 llis
1762 397 1872 469 ιε
1907 410 2004 452 ac-

2130 395 2448 467 Ἐλληνικῶν
2475 396 2773 469 αἱρέσεων*
2798 395 3000 461 αιτινὲς
3045 398 3156 452 εισι
3185 392 3293 466 πρὸ
3313 392 3475 469 νόμου
3501 394 3688 451 swin-

425 498 630 554 cetlunt
656 496 973 552 Graecorum
1005 503 1262 567 quatuor,
1294 503 1355 550 ut
1383 494 1440 548 in
1466 491 1786 549 universum
1814 502 2009 543 novem

2130 486 2248 558 Spei}
2280 487 2338 541 δὲ
2376 489 2582 543 ἅπασαι
2615 491 2712 544 σὺν
2742 493 2864 553 ταῖς
2892 487 3103 543 ἑαυτῶν
3143 487 3383 559 μητράσι
3420 484 3530 538 τῶν
3559 487 3686 559 apto

427 588 544 645 sint
569 589 745 660 legem
793 595 1159 660 antegressae;
1211 601 1277 641 ac
1321 584 1487 642 simul
1532 582 1776 637 collectae
1820 591 2012 633 omnes

2130 578 2265 649 ip.ti
2302 579 2319 610 ¹
2354 578 2716 651 ὀγδοήκοντα’
2754 573 2830 633 ὧν
2863 580 2971 634 etot
3005 577 3241 650 μητέρες
3272 575 3373 649 μὲν
3407 576 3569 630 πέντε
3596 575 3696 630 οὖ·-

427 692 556 733 cum
595 676 866 733 matribus
915 675 1033 734 suis
1076 676 1355 748 octoginta
1399 671 1696 729 conﬁciant
1727 689 1741 724 :
1778 682 2013 739 quarum

2130 688 2220 734 τως
2243 687 2257 703 ο
2303 671 2706 743 Βαρϐαρισμὸς,
2767 671 3094 742 Σκυθισμδς,
3142 667 3524 740 Ἑλληνισμὸς,
3563 667 3700 720 ἰου-

430 770 516 827 hae
549 778 752 826 matres
786 778 913 825 sunt
942 784 1172 826 numero
1196 769 1441 839 quinque
1462 765 1610 819 hunc
1655 763 1711 817 in
1759 760 2010 816 modum:

431 850 836 926 Barbarismus,
862 859 1232 933 Scythismus,
1262 857 1648 919 Hellenismus,
1671 852 2012 915 Judaismus,

434 949 869 1008 Samaritismus.
903 950 984 1006 Ex
1016 952 1107 1007 his
1150 949 1516 1006 llellenismus
1556 953 1792 1017 quatuor
1835 950 2015 999 sectas

432 1044 664 1115 peperit,
691 1043 1187 1116 Pythagoreorum,
1215 1040 1646 1099 Platonicorum,
1679 1035 2014 1098 Stoicorum,

428 1130 826 1206 Epicureorum
854 1151 868 1186 :
895 1148 960 1188 ex
992 1133 1110 1203 lege
1137 1146 1267 1187 vero
1297 1137 1423 1185 ante
1447 1128 1654 1185 Christi
1676 1125 2018 1182 lncarnatio-

432 1242 557 1281 nem
590 1223 848 1280 undecim
880 1241 894 1278 :
937 1238 1004 1278 ex
1038 1221 1324 1278 Judaismo
1373 1227 1616 1291 septem;
1660 1212 2016 1280 Scribarum,

431 1309 860 1379 Pharisaeorum,
895 1313 1343 1377 Sadducaeorum,
1372 1310 1700 1374 Essazorum,
1731 1306 2018 1361 Nazaraeo-

434 1420 577 1470 rum,
624 1405 1247 1476 llemerobaptistarum,
1291 1402 1764 1467 Ilerodianorum;
1808 1415 1875 1456 ex
1920 1397 2022 1452 Sa-

434 1498 745 1552 maritismo
773 1504 1028 1567 quatuor,
1057 1496 1487 1562 Gorthenorum,
1517 1493 1895 1559 Sebuaeorum,
1922 1488 2023 1544 Es-

432 1596 719 1651 ‘scnorum,
769 1586 1169 1642 Dositheorum.
1211 1585 1417 1640 Omnes
1463 1583 1629 1640 simul
1684 1580 1939 1638 undecim
1990 1593 2023 1633 a

434 1676 552 1749 lege
585 1694 648 1733 ex
681 1676 887 1732 Judwis
915 1683 968 1733 et
1007 1675 1296 1731 Samaritis
1331 1683 1557 1731 exortze.

2112 761 2339 834 δαῖσμὸς
2362 802 2378 827 ,
2431 764 2888 836 Σαμαρειτισμὸς.
2930 764 3028 817 Ἐκ
3073 760 3300 825 τούτων,
3353 759 3415 826 ἐξ
3453 757 3700 828 Ἐλληνι-

2116 852 2255 924 σμοῦ
2289 854 2387 926 μὲν
2419 855 2658 924 αἱρέσεις
2697 855 2982 927 τέσσαρες,
3033 851 3438 924 Πυθαγορείων.
3477 849 3695 903 malm"

2117 944 2303 1010 νικῶν,
2348 945 2625 1016 Στωϊκῶν,
2658 946 3068 1018 Ἐπικουρείων.
3124 944 3258 998 Ἀπὸ
3293 944 3352 997 δὲ
3394 939 3491 996 τοῦ
3531 941 3699 1011 νόμου

2117 1035 2224 1108 πρὸ
2269 1037 2503 1109 Χριστοῦ
2559 1037 2860 1111 παρουσίας
2912 1037 3013 1109 τῆς
3062 1037 3324 1108 ὲνσάρκου
3373 1034 3598 1088 ἕνδεκαο
3631 1034 3702 1084 ὲκ

2120 1130 2221 1200 μὲν
2259 1129 2529 1184 Ἰουδαίων
2564 1129 2726 1195 ἑπτὰ,
2767 1126 3165 1201 Γραμματων,
3193 1125 3521 1197 Φαρισαίων,
3563 1122 3697 1178 Σαδ-

2117 1220 2399 1291 δουκαίων,
2424 1222 2711 1288 Ἐσσαίων,
2738 1219 3123 1291 Νασσαραίων,
3160 1214 3699 1289 Ἦμεροὸαπτιστῶν,

2112 1282 2494 1385 ιἨρωδιανῶν.
2526 1314 2623 1367 Ἐκ
2753 1282 3107 1382 Σαμαρειτῶν
3141 1282 3426 1381 τέσσαρες,
3464 1304 3703 1378 1‘09qu-

2123 1405 2249 1469 νῶν,
2298 1404 2619 1469 Σεϐουαίων,
2653 1403 2928 1476 Ἐσσηνῶν
2949 1444 2965 1470 ,
3017 1400 3310 1456 Δοσιθέωνο
3342 1399 3478 1472 ὁμοῦ
3510 1399 3705 1455 ἕνδεκα

2121 1499 2229 1553 ἀπὸ
2258 1496 2423 1569 νόμου
2460 1496 2522 1560 ἐξ
2546 1495 2819 1554 Ἰουδαίων
2850 1496 2946 1551 καὶ
2968 1494 3323 1568 Σαμαρειτῶν
3355 1493 3616 1565 φύσασαι.

525 1762 659 1821 Xlll.
702 1766 982 1824 Universae
1022 1769 1188 1840 igitur
1210 1776 1337 1823 ante
1376 1767 1668 1822 adventum
1708 1762 1937 1826 Christi,
1973 1768 2026 1817 et

2197 1761 2295 1818 11".
2330 1760 2506 1817 Πᾶσαι
2544 1756 2636 1819 οῦν
2663 1763 2718 1817 αἱ
2745 1761 2853 1836 πρὸ
2878 1766 3140 1839 ὲνσάρκου
3168 1765 3264 1820 τοῦ
3296 1765 3533 1839 Χριστοῦ
3566 1784 3711 1840 παρ·

437 1857 505 1912 ad
556 1857 736 1928 ipsum
784 1876 958 1932 usque
1012 1869 1234 1931 sumpto
1286 1860 1355 1914 ab
1393 1859 1604 1914 Adamo
1642 1855 2025 1926 initiO'viginti

437 1957 588 2014 sunt.
622 1947 754 2006 Post
778 1952 1071 2006 adventum
1112 1966 1245 2007 vero
1274 1950 1483 2007 Christi
1515 1965 1690 2021 usque
1725 1949 1794 2003 ad
1827 1947 2025 2005 Valen-

441 2040 737 2107 tinianum,
788 2040 1072 2099 Valentem
1118 2050 1174 2098 et
1231 2036 1575 2108 Gratianum,
1621 2057 1815 2098 omnes
1855 2041 2025 2096 haere-

439 2146 553 2196 ses,
582 2147 702 2203 qua:
724 2131 866 2189 falso
892 2134 1094 2189 Christi
1130 2150 1326 2190 nomen
1361 2142 1718 2206 usurparunt,
1743 2133 2027 2205 sexaginta

439 2231 590 2288 sunt,
630 2240 754 2294 qua:
796 2225 902 2280 hoc
936 2227 1099 2284 modo
1133 2233 1531 2282 numerantur:
1566 2225 1893 2291 Simoniani,
1919 2224 2024 2281 Me-

442 2313 778 2379 nandriani,
851 2314 1234 2383 Saturniliani,
1292 2317 1659 2382 Basilidiani,.
1709 2316 2024 2382 Nicolaitae,

442 2400 687 2459 Gnostici
705 2405 796 2474 qui
817 2412 871 2460 et
891 2404 1195 2462 Stratiotici
1219 2415 1273 2464 et
1308 2407 1649 2472 Phihionitze,
1668 2416 1722 2464 et
1738 2423 1770 2463 a
1794 2408 2030 2464 nonnul-

440 2492 990 2563 lis’Secundianiue,
1046 2496 1183 2553 alias
1234 2498 1545 2563 Socratitze,
1578 2499 1716 2554 alias
1756 2498 2025 2566 Zacchaei,

444 2585 576 2639 item
616 2586 885 2641 Coddiani
928 2589 1274 2661 appellantur
1325 2605 1387 2645 ac
1437 2590 1768 2659 Borboritm;
1815 2590 2029 2662 Carpo-

449 2676 682 2740 cratitae,
731 2678 1073 2735 Cerintltiani
1110 2680 1202 2750 qui
1243 2688 1297 2735 et
1346 2681 1721 2748 Merinthiani,
1753 2680 2024 2750 Nazormi,

446 2768 713 2833 Ebionmi,
742 2766 1041 2836 Valentini,
1072 2770 1404 2827 Secundiani
1429 2813 1443 2838 ,
1477 2774 1678 2845 quibus
1706 2775 2029 2846 adjungitur

455 2857 766 2932 Epiphanes
818 2874 873 2918 ct
919 2860 1206 2920 Isidorus:
1255 2863 1696 2932 Ptolemaeonitae,
1745 2866 2027 2931 Marcosii,

445 2950 774 3017 Colorbasii,
813 2952 1227 3020 Heracleonitae,
1261 2953 1719 3027 0phita:,Caiani,
1760 2957 2027 3025 Sethiani,

2124 1853 2337 1919 ουσίας,
2366 1855 2460 1907 ἐπὶ
2487 1850 2662 1927 Ἀδὰμ
2703 1856 3028 1930 ἀρξάμεναι,
3056 1859 3151 1915 καὶ
3186 1860 3378 1932 μέχρις
3404 1860 3596 1929 αὐτῆς,
3629 1862 3711 1914 εἷ-

2128 1943 2277 1996 κοσίν
2310 1946 2443 1999 εἰσι·
2480 1945 2617 2015 μετά
2652 1946 2709 2000 δὲ
2733 1948 2830 2019 τὴν
2879 1948 3140 2021 ἔνσαρκον
3172 1949 3266 2003 τοῦ
3297 1950 3532 2023 Χριστοῦ
3565 1969 3709 2023 παρ-

2126 2035 2313 2090 ουσίαν
2328 2033 2433 2101 ἓως
2471 2037 2745 2108 βασιλείας
2773 2040 3238 2107 Οὑαλεντινιανοῦ,
3259 2043 3354 2096 καὶ
3386 2042 3706 2110 Οὐάλεντος,
3764 2034 3769 2035 ν

2127 2125 2223 2180 καὶ
2249 2126 2568 2198 Γρατιανοῦ,
2600 2130 2773 2183 πᾶσαι
2806 2130 2861 2184 αἱ
2891 2130 3130 2202 αἱρέσεις
3159 2133 3216 2184 αί
3257 2130 3466 2201 ψευδῶς
3506 2132 3708 2202 ἐπιφη-

2130 2216 2358 2289 μίσασαι
2411 2220 2473 2273 τὸ
2520 2220 2616 2274 τοῦ
2645 2222 2883 2292 Χριστοῦ
2937 2223 3107 2294 ὄνομα
3154 2224 3393 2288 ἑαυταῖς,
3442 2223 3711 2295 ἑξήκοντᾶ

2130 2311 2299 2377 εἰσιν,
2350 2312 2521 2375 οὕτως
2587 2312 3018 2385 ἀριθμούμεναι’
3075 2315 3396 2385 Σιμωνιανοὶ
3422 2355 3437 2379 ,
3494 2316 3711 2369 Μεναν-

2128 2386 2354 2474 δριανοὶ,
2396 2401 2725 2474 Σατορνῖλοι,
2771 2404 3148 2468 Βασιλιδιανοὶ,
3191 2403 3528 2471 Νικολαῖται,
3568 2407 3713 2460 Γνω-

2131 2494 2325 2560 στικοὶ,
2355 2493 2405 2546 οἱ
2432 2494 2489 2547 δὲ
2522 2495 2909 2566 Στρατιωτικοὶ
2954 2497 3046 2549 καὶ
3085 2496 3416 2560 Φιϐιωνῖται,
3465 2498 3617 2569 παρὰ
3651 2499 3713 2552 δέ

2127 2600 2238 2637 τισι
2270 2585 2721 2649 Σεκουνδιανῖται,
2745 2588 2874 2657 παρ’
2900 2585 3079 2650 ἄλλοις
3111 2586 3167 2640 δὲ
3194 2590 3552 2659 Σωκρατῖται,
3578 2590 3712 2662 παρ’

2130 2674 2337 2747 ἑτέροις
2369 2675 2425 2729 δὲ
2459 2676 2736 2747 Ζακχαῖοι,
2773 2677 2923 2748 παρὰ
2953 2676 3009 2731 δέ
3041 2694 3147 2731 τισι
3181 2678 3460 2734 Κοδδιανοὶ
3492 2678 3716 2751 λεγόμει

2131 2784 2210 2821 νοι
2258 2762 2354 2821 καὶ
2395 2766 2734 2839 Βορϐορῖται,
2771 2770 3243 2842 Καρποκρατῖται,
3279 2771 3630 2842 Κηρινθιανο“ι
3662 2775 3714 2827 οἱ

2128 2860 2187 2914 δὲ
2234 2861 2611 2933 Μηρινοιανοὶ,
2663 2861 2993 2933 Ναζωραῖοι,
3036 2864 3370 2929 Ἐὄιωναῖοι,
3426 2864 3716 2918 υύαὶέεντί-

2131 2970 2232 3016 νοι,
2284 2953 2688 3019 Σεκουνδιανοὶ,
2746 2950 2827 3017 οἷς
2877 2956 3205 3009 συνάπτεται
3256 2957 3570 3024 Ἐπιφάνιος
3620 2958 3717 3010 καὶ

445 3041 788 3113 Archontici,
841 3045 1194 3113 Certloniaui,
1243 3046 1632 3114 Marcionistae,
1673 3048 2025 3118 Lucianistaz,

2145 3045 2430 3116 Ἰσίδωρος,
2476 3045 3306 3120 ΠτολεμαιονῖταινΜαρκὸσιοι
3358 3053 3400 3114 ⁸,
3431 3049 3715 3122 Κολορὸἁ-

444 3136 804 3207 Appelleiani,
862 3136 1163 3207 Severiani,
1216 3139 1454 3206 Tatiani,
1504 3143 1822 3208 Encratitae,
1874 3141 2032 3198 Cata-

449 3231 695 3301 phryges
720 3231 813 3301 qui
847 3239 901 3286 et
936 3230 1297 3297 Montanistze,
1332 3242 1386 3289 et
1417 3233 1886 3307 Tascodrungitte,
1923 3233 2029 3292 Pe-

445 3320 665 3388 pusiani
715 3322 809 3390 qui
863 3329 918 3376 et
951 3322 1286 3378 Priscilliani
1333 3333 1387 3380 et
1414 3323 1797 3391 Quintilliani:
1831 3328 2030 3397 quibus

448 3422 816 3466 accensentnr
874 3411 1213 3485 Artotyritm,
1266 3414 1879 3484 Tessarescaatlecatitm,
1937 3418 2030 3490 qui

447 3498 660 3557 Pascha
696 3512 837 3559 stata
863 3520 925 3559 ac
964 3504 1070 3561 lixa
1109 3508 1238 3562 anni
1278 3509 1367 3564 die
1405 3510 1717 3576 celebrant;
1751 3510 1906 3582 Alogi
1934 3511 2032 3580 qui

448 3591 806 3667 Evangelium
881 3609 937 3654 et
987 3597 1372 3672 Apocalypsim
1432 3601 1662 3658 Joannis
1727 3611 2031 3674 respuunt,

450 3687 763 3755 Adamiani,
815 3688 1077 3762 Sampsa‘i
1112 3694 1286 3763 quiet
1331 3693 1613 3765 llclcesaei,
1647 3693 2030 3765 Theodotiani,

451 3778 948 3848 Melchisedeciani,
997 3779 1438 3853 Bardesianistae,
1488 3786 1761 3852 Noetiani,
1805 3784 2030 3855 Valesii,

448 3871 673 3927 Cathari
726 3870 821 3944 qui
874 3881 929 3930 et
982 3874 1274 3933 Novatiani
1324 3887 1418 3934 aut
1462 3880 1626 3934 etiam
1672 3878 2030 3948 Montenses;

450 3979 580 4019 nam
643 3964 718 4019 ita
778 3965 964 4022 Romae
1005 3978 1299 4036 vocantur;
1352 3969 1637 4041 Angelici,
1704 3972 2030 4041 Apostolici,

449 4056 565 4112 sive
594 4054 1047 4125 Remmtiatores,
1077 4055 1394 4126 Sabelliani,
1427 4059 1756 4132 Origenistae
1787 4063 1883 4133 qui
1911 4071 2033 4119 tur-

453 4145 549 4217 pia
597 4144 832 4215 faciunt,
869 4147 975 4218 19
999 4146 1323 4220 Origenistae
1373 4150 1444 4206 ab
1480 4149 1714 4224 Origene
1759 4153 2035 4209 Adaman-

453 4238 556 4303 tio,
604 4235 762 4294 Pauli
810 4236 1217 4297 Samosatensis
1265 4248 1588 4311 sectatores,
1619 4242 1907 4300 Manichaei
1938 4244 2034 4315 qui

454 4336 509 4383 et
552 4328 860 4394 Acuanitm,
903 4328 1230 4398 llieracitae;
1272 4328 1547 4389 Meletiani
1574 4337 1666 4406 qui
1712 4335 1768 4391 in
1796 4335 2034 4408 Egypto

2132 3152 2258 3203 σιοι,
2331 3134 2770 3207 ’Πρακλεωνῖται,
2831 3139 3076 3209 Ὀφῖται,
3129 3141 3376 3203 Καῖανοὶ.
3437 3141 3713 3211 Σηθιανοὶ,

2145 3229 2497 3302 ’Λρχοντικοὶ,
2536 3230 2921 3302 Κερδωνιανοὶ,
2964 3232 3376 3303 Μαρκιωνισταὶ
3404 3271 3420 3297 ,
3481 3234 3718 3286 Λουκια-

2132 3322 2326 3388 νισταὶ,
2354 3321 2751 3393 Ἀπελληῖανοὶ,
2785 3324 3123 3395 Σευηριανοὶ,
3163 3325 3435 3390 Τατιανοὶ,
3484 3326 3717 3398 Ἐγκρα-

2130 3413 2293 3478 τῖται,
2328 3414 2701 3484 Κατάφρυγας
2732 3415 2752 3446 ³
2784 3416 2831 3468 οἱ
2875 3416 2969 3469 καὶ
2995 3417 3358 3470 Μοντανισταὶ
3385 3418 3476 3469 καὶ
3505 3417 3725 3471 Τασκοσ

2131 3502 2438 3573 δρουγῖται,
2486 3503 2846 3568 Πεπουζιανοὶ
2906 3508 2954 3559 οὶ
3012 3507 3103 3560 καὶ
3165 3505 3567 3577 Πρισκιλλιανοὶ
3620 3508 3716 3560 καὶ

2132 3594 2551 3659 Κυϊντιλλιανοὶ,
2596 3589 2677 3660 οἷς
2731 3595 3090 3649 συνάπτονται
3134 3597 3537 3667 ’Λρτοτυρῖται,
3581 3598 3715 3651 Τεσ-

2136 3688 2696 3761 σαρεσκαιδεκατῖται,
2753 3690 2802 3741 οἱ
2844 3688 2904 3742 τὸ
2955 3687 3144 3759 Πάσχα
3199 3690 3323 3759 μίαν
3368 3690 3578 3761 ἡμέραν
3620 3688 3713 3742 τοῦ

2134 3780 2286 3845 ἔτους
2329 3780 2637 3844 ποιοῦντεςο
2670 3780 2886 3849 Ἀλογοι
2924 3781 2973 3832 οί
3017 3780 3076 3832 τὸ
3106 3781 3434 3851 Εὖαγγέλιον
3478 3782 3572 3837 καὶ
3614 3782 3713 3852 τὴν

2146 3872 2514 3944 Ἀποκάλυψιν
2571 3871 2821 3925 Ἰωάννου
2878 3870 2952 3942 μὴ
3003 3871 3316 3942 δεχόμενοι,
3367 3872 3712 3943 ’Δδαμιανοὶ”,

2134 3964 2426 4035 Σαμψαῖοι,
2453 3964 2502 4017 οί
2528 3963 2621 4017 καὶ
2663 3961 2983 4026 Ἐλκεσαίοι,
3008 3961 3359 4028 Θεοδοτιανοὶ,
3396 3964 3716 4034 Μελχισεδε-

2134 4058 2329 4121 κιανοὶ,
2361 4054 2834 4128 Βαρδησιανισταὶ,
2857 4053 3163 4122 Νοητιανοὶ,
3194 4056 3506 4127 Οὐαλήσιοι,
3533 4056 3718 4110 Καθα-

2136 4150 2220 4221 pol
2245 4150 2294 4204 οί
2322 4149 2415 4203 καὶ
2450 4150 2750 4205 Ναυαταῖοι
2797 4147 2847 4202 οἱ
2883 4149 2976 4202 καὶ
3008 4149 3300 4220 Μοντήσιοι
3335 4149 3410 4214 ὡς
3439 4151 3496 4202 ὲν
3531 4147 3715 4219 Ῥώμῃ

2135 4240 2462 4309 καλοῦνται,
2512 4240 2852 4311 Ἀγγελικοὶ,
2908 4240 3313 4305 Ἀποστολικοὶ,
3365 4241 3717 4306 Ἀποτάκται,

2137 4332 2502 4398 Σαϐελλιανοὶ,
2531 4331 2895 4404 Ὠριγενισταὶ
2943 4334 2993 4385 οί
3058 4333 3147 4386 καὶ
3186 4330 3543 4401 αἱσχροποιοὶ.
3573 4330 3719 4401 Ὠρι-

453 4418 698 4476 schisma
761 4418 1108 4489 conﬂarunt;
1172 4421 1353 4479 Ariani
1403 4424 1502 4497 qui
1544 4434 1600 4483 et
1647 4426 2028 4496 Ariomanitm;

2138 4424 2385 4495 γενισταὶ
2414 4424 2465 4477 οἱ
2487 4422 2580 4477 τοῦ
2611 4424 2989 4495 Ἀδαμαντίου,
3012 4425 3062 4476 oi
3101 4421 3314 4476 Παύλου
3349 4420 3441 4476 τοῦ
3476 4422 3721 4492 Σαμοσα-

451 4507 689 4562 Andiani
726 4508 821 4579 qui
863 4507 1105 4566 schisma
1147 4527 1260 4568 non
1295 4513 1527 4571 haeresin
1565 4514 1814 4585 faciunt;
1849 4513 2031 4573 Photi—

453 4598 627 4662 niani,
671 4596 1036 4666 Marcelliani,
1074 4601 1347 4671 Semiarii,
1388 4603 1892 4674 Pneumatomachi,
1932 4608 2029 4678 qui

455 4691 512 4747 in
579 4698 832 4747 sanctum
867 4690 962 4748 Dei
1013 4692 1280 4765 Spiritum
1344 4698 1708 4755 contumelias
1769 4699 2028 4770 jaciunt;

455 4782 703 4849 Aeriani,
749 4781 968 4839 Aetiani
1016 4786 1112 4857 qui
1148 4795 1203 4843 et
1239 4788 1512 4855 Anommi,
1548 4792 1751 4863 quibus
1785 4791 2034 4863 adjungi-

458 4881 549 4930 tur
600 4872 922 4938 Eunomius,
967 4876 1080 4934 imo
1134 4881 1316 4951 potius
1365 4882 1664 4952 Anomius;
1730 4883 2033 4940 Dimmritae

460 4963 556 5035 qui
592 4977 706 5018 non
733 4964 1034 5034 perfectam
1063 4965 1268 5027 Christi
1296 4970 1733 5029 lncarnationcm
1768 4973 2037 5029 conﬁten-

458 5064 569 5121 tur,
628 5062 685 5111 et
726 5054 1166 5130 Apollinaristze;
1223 5069 1339 5117 tum
1384 5063 1480 5133 qui
1521 5069 1767 5119 sanctam
1809 5057 2037 5119 Mariam

456 5159 680 5218 semper
726 5143 1039 5217 Virginem,
1092 5144 1385 5222 postquam
1430 5150 1767 5207 Salvatorem
1817 5150 2036 5223 genuit,

457 5252 583 5293 cum
614 5234 853 5308 Josepho
876 5241 1334 5298 consuetudinem
1368 5241 1625 5297 habuisse
1651 5240 1869 5309 dicunt,
1900 5257 2040 5314 quos

2132 4516 2292 4583 τέως,
2320 4516 2612 4587 Μανιχαϊοι
2637 4515 2687 4567 οί
2712 4516 2808 4568 καὶ⁸
2835 4516 3163 4580 Ἀκοανίται,
3203 4514 3515 4586 Ἱερακῖται,
3545 4513 3722 4584 Μελη-

2133 4609 2306 4664 τιανοὶ
2348 4608 2399 4663 oi
2446 4609 2565 4662 κατ’
2603 4607 2875 4678 Αἴγυπτον
2906 4608 3111 4680 σχίσμα
3155 4608 3328 4671 ὄντες,
3357 4608 3624 4678 ’Δρειανοὶ
3655 4603 3706 4658 oi

2136 4698 2232 4752 καὶ
2280 4696 2703 4770 Ἀρειομανϊται,
2759 4697 3012 4751 Λύδιανοὶ
3062 4696 3123 4750 τὸ
3176 4697 3402 4767 σχίσμα,
3453 4695 3571 4748 ἀλλ’
3620 4694 3719 4764 οὐχ

2138 4787 2349 4860 αἵρεσις
2374 4828 2389 4853 ,
2447 4788 2764 4843 Φωτινιανοὶ
2792 4828 2808 4854 ,
2870 4786 3269 4861 Μαρκελλιανο)⁸
3296 4826 3311 4852 ,
3385 4787 3718 4857 Ἦμιάρειοι,

2141 4877 2593 4949 Πνευματομάχοι
2626 4878 2675 4932 οί
2716 4876 2779 4932 τὸ
2816 4879 2970 4947 ἅγιον
3001 4877 3223 4950 Πνεῦμα
3246 4877 3339 4932 τοῦ
3369 4875 3502 4932 Θεοῦ
3558 4877 3723 4949 βλασ-

2138 4967 2468 5039 φημοῦντες,
2519 4968 2807 5041 Ἀεριανοὶ,
2852 4969 3050 5023 Ἀέτιοι
3095 4970 3143 5023 οἱ
3189 4966 3283 5022 καὶ
3316 4968 3606 5040 Ἀπιόμοιοι,
3639 4964 3722 5034 οἷς

2140 5059 2471 5115 συνάπτεται
2498 5060 2781 5132 Εὐνόμιος,
2808 5060 3007 5132 μᾶλλον
3026 5059 3082 5113 δὲ
3110 5062 3138 5114 ὁ
3164 5060 3392 5131 ἄνομος·
3417 5063 3721 5132 Διμοιρῖται

2139 5150 2191 5206 οί
2220 5150 2296 5224 μὴ
2321 5149 2531 5205 τελείαν
2567 5151 2803 5223 Χριστοῦ
2828 5150 2926 5222 τὴν
2957 5150 3367 5223 ἐνανορώπησιν
3398 5152 3725 5223 ὁμολογοῦν-

2141 5259 2251 5308 τες,
2288 5241 2652 5314 Ἀπολινάριοι
2684 5240 2732 5295 οί
2780 5242 2875 5297 καὶ
2899 5240 2999 5313 τὴν
3031 5241 3194 5312 ἁγίαν
3233 5242 3450 5314 Μαρίαν
3477 5242 3577 5314 τὴν
3603 5244 3734 5298 ἀει-

539 5393 553 5424 ί
580 5391 705 5448 Cor.
737 5393 830 5450 τὸν
863 5395 1119 5468 ἀριθμόν.
1195 5399 1216 5429 ²
1251 5414 1342 5466 πρ.
1373 5394 1694 5467 Μαρκίσιοι,
1734 5394 1774 5448 f.
1809 5392 2150 5466 Μαρκώσιοι.
2225 5395 2247 5428 ⁸
2275 5413 2367 5467 γρ.
2397 5395 2786 5468 Κατάφρυγες.

530 5550 643 5633 (ιι)
825 5548 1241 5633 illisngmnibus
1293 5548 1549 5633 distincte
1576 5547 1866 5633 etufusius
1921 5548 2037 5632 agit

461 5618 798 5690 Epiphanius
842 5621 899 5675 in
948 5620 1104 5675 libris
1143 5621 1260 5675 suis
1315 5619 1511 5690 tribus,
1559 5618 1758 5687 quibus
1809 5618 2038 5673 Panurii

464 5688 658 5748 indidit
706 5705 950 5747 nomen:
991 5692 1100 5762 agit
1156 5697 1207 5747 et
1257 5690 1313 5746 in
1357 5688 1583 5745 Pauarii
1627 5704 1862 5760 summa,
1924 5690 2041 5748 sive

2143 5549 2576 5618 Anacephalaeosi
2592 5567 2611 5615 ;
2636 5555 2690 5605 et
2726 5548 2846 5606 ideo
2871 5549 2941 5608 de
2988 5551 3180 5609 iisdem
3208 5551 3407 5611 redibit
3436 5553 3591 5609 nobis
3623 5554 3726 5610 ali~

2144 5621 2274 5692 quid
2301 5628 2608 5692 opportune
2634 5635 2666 5678 e
2702 5633 2761 5678 re
2789 5629 2979 5680 nostra
3012 5623 3310 5679 adnotandi
3340 5624 3580 5681 occasio.
