4012 6210
297 302 363 364 ιι
795 296 804 308 ·
1697 297 2137 356 ΔΝίἸΟΒΑἸἭΞ.
3483 310 3553 364 is

290 413 558 487 παρθένον
581 414 834 483 λέγοντες
865 416 1003 487 μετὰ
1023 414 1083 469 τὸ
1108 414 1198 468 τὸν
1232 413 1461 484 Σωτῆρα
1488 416 1864 484 γεγεννηκέναι

1977 415 2557 471 Antidicomarianitas
2586 417 2961 487 appellamus;
3003 418 3094 487 qui
3149 418 3200 470 in
3232 417 3415 472 Maria:
3450 435 3553 471 no-

286 504 367 576 τῷ
393 506 587 577 Ἰωσὴφ
622 507 911 577 συνῆφθαι,
949 507 1197 569 οὕστινας
1227 505 1563 576 ἐκαλέσαμεν
1593 506 1875 559 Ἀντιδικο·

290 596 641 667 μαριανίτας·
674 600 766 651 καὶ
799 601 848 652 οἱ
878 600 958 663 εἰς
984 598 1153 669 ὄνομα
1197 596 1367 667 αὐτῆς
1401 597 1687 668 κολλυρίδα
1715 614 1874 668 προσ-

287 686 561 758 φέροντες,
592 687 639 740 οἲ
657 687 947 743 καλοῦνται
965 686 1318 758 Κολλυριανοῐ
1337 703 1348 714 ·
1376 686 1760 750 Μεσσαλιανοὶ,
1792 681 1873 749 οἷς

287 777 646 833 συνάπτονται
676 779 1052 852 Μαρτυριανοὶ
1088 779 1198 833 ἀπὸ
1238 778 1523 849 Ἑλλήνων,
1564 776 1659 831 καὶ
1699 778 1870 846 Εὐφη-

286 871 438 938 μῖται
470 870 565 923 καὶ
596 871 933 925 Σατανιανοί.

355 959 450 1015 1Δ’.
486 963 596 1016 Καὶ
644 950 832 1027 ἁπλῶς
868 962 1248 1035 περιεκάκησα
1295 961 1389 1015 καὶ
1438 958 1726 1032 περικακῶ
1758 976 1873 1013 τοσ-

282 1052 457 1107 ούτων
481 1054 745 1125 αἱρέσεων
772 1054 1011 1125 ὀνόματα
1037 1056 1117 1118 εἰς
1145 1054 1378 1126 ἀριθμὸν
1407 1053 1614 1124 φέρειν,
1654 1052 1750 1106 καὶ⁹
1774 1052 1873 1116 τὰς

281 1144 572 1215 ἀθεμίτους
601 1146 779 1199 αὐτῶν
808 1146 1034 1217 πράξεις
1071 1145 1406 1218 διηγεῖσθαι·
1445 1145 1539 1198 καὶ
1591 1143 1722 1215 περὶ
1762 1142 1873 1196 τῶν

279 1235 372 1288 δύο
404 1237 736 1308 σχισμάτων,
766 1237 875 1290 τῶν
904 1256 964 1291 τε
1012 1240 1132 1292 κατ’
1158 1237 1450 1307 Αἴγυπτον,
1489 1237 1651 1306 φημὶ,
1684 1252 1873 1306 προει-

285 1328 533 1397 ρημένων
566 1329 942 1401 Μελητιανῶν,
978 1331 1087 1384 τῶν
1119 1330 1209 1385 διὰ
1241 1330 1340 1401 τὴν
1368 1329 1460 1382 ἐπὶ
1502 1327 1596 1380 τοῦ
1629 1326 1870 1398 διωγμοῦ

241 1436 250 1443 ’
280 1420 577 1493 γενομένην
606 1422 729 1476 τινὰ
779 1422 1010 1486 πτῶσιν,
1046 1420 1196 1492 παρὰ
1227 1420 1285 1473 δὲ
1327 1418 1434 1472 τῶν
1470 1417 1753 1488 ἡμετέρων
1783 1416 1870 1469 δε-

285 1510 522 1581 χθέντων
575 1514 632 1565 ὲν
693 1515 804 1577 τοῖς
858 1514 1037 1566 αὐτῶν
1085 1513 1307 1583 κλήροις
1369 1509 1508 1581 μετὰ
1561 1509 1868 1581 μετάνοιαν,

288 1604 513 1667 ἑαυτοὺς
540 1605 858 1674 σχισόωτων,
897 1605 958 1657 οὐ
988 1605 1092 1675 μὴν
1124 1604 1181 1657 δὲ
1207 1604 1266 1657 ὲν
1298 1603 1508 1674 αἱρέσει
1540 1600 1735 1654 ὄντων’
1773 1601 1867 1653 καὶ¹

280 1692 388 1746 τῶν
412 1694 552 1748 κατὰ
581 1694 679 1766 τὴν
700 1695 1125 1765 Μεσοποταμίαν
1146 1693 1580 1765 προειρημένων,
1607 1691 1870 1754 ὡσαύτως

278 1786 574 1851 Δύδιανῶν,
606 1761 715 1840 των
743 1789 839 1841 καὶ
869 1761 1243 1858 σχισματικιῦν
1274 1761 1464 1853 ὅντων,
1493 1786 1606 1839 ἀλλ’
1640 1785 1741 1838 οὐκ
1777 1782 1871 1837 ἀλ·
1906 1761 1945 1814 Β

277 1876 491 1947 λοτρίαν
533 1876 714 1931 πίστιν
760 1880 1016 1947 ἐχόντων,
1055 1877 1216 1946 μόνον
1260 1875 1547 1938 ἰδιωτικῶς
1596 1874 1726 1946 περὶ
1778 1872 1874 1925 τοῦ

287 1971 407 2022 κατ’
436 1970 618 2023 εἰκόνα
664 1968 1138 2037 φιλονεικούντων,
1183 1969 1241 2021 οὐ
1279 1968 1366 2023 διὰ
1415 1967 1597 2021 πίστιν
1640 1967 1875 2037 ἀφηνια-

288 2059 509 2123 ζόντων,
539 2060 632 2112 καὶ
660 2061 887 2123 ἑαυτοὺς
915 2058 1300 2130 ἀφοριζόντων,
1323 2058 1444 2111 οὐδὲ
1466 2058 1555 2112 διά
1582 2076 1635 2111 τι
1666 2056 1872 2128 ἕτερον,

293 2152 430 2204 ἀλλὰ
482 2150 622 2205 κατὰ
677 2150 1105 2223 ἐθελοακρότητα
1155 2150 1500 2221 δικαιοσύνης
1544 2149 1744 2220 δῆθεν,
1790 2148 1874 2201 διὰ

279 2241 341 2293 τὸ
397 2241 472 2312 μὴ
516 2244 892 2309 ωγκοινωνεῖν
942 2240 1258 2305 ἐπισκόποις
1316 2241 1407 2294 καὶ
1456 2240 1869 2311 πρεσϐυτέροις,

283 2335 396 2396 τοῖς
444 2332 644 2403 χρυσὸν
694 2332 789 2386 καὶ
844 2332 1082 2403 ἄργυρον
1120 2332 1506 2402 κεκτημένοις,
1542 2331 1636 2384 καὶ
1677 2329 1764 2384 διὰ
1814 2330 1873 2384 τὸ

284 2427 457 2477 ποιεῖν
484 2424 544 2477 τὸ
589 2424 782 2495 Πάσχα
811 2427 868 2478 ὲν
900 2416 943 2492 ᾧ
986 2422 1162 2496 καιρῷ
1206 2423 1451 2477 Ἰουδαῖοι
1495 2422 1730 2490 ποιοῦσι,
1777 2424 1873 2478 καὶ

287 2516 561 2587 σχίζοντες
594 2516 823 2579 ἑαυτοὺς
853 2515 1060 2570 τούτων
1101 2518 1262 2588 χάριν
1323 2518 1415 2569 καὶ
1451 2515 1872 2587 ἀπαλλοτριοῦν-

284 2624 376 2671 τες
408 2609 507 2677 τῆς
545 2606 789 2671 ὲνώσεως
825 2608 924 2677 τῆς
971 2608 1247 2679 ὁρθοδόξου
1276 2608 1620 2680 Ἐκκλησία-ς.
1659 2611 1721 2659 Ui
1764 2608 1872 2680 γὰρ

281 2699 358 2771 μὴ
379 2698 628 2762 λαϐόντες
658 2698 881 2770 Πνεῦμα
910 2698 1064 2768 ἅγιον
1097 2701 1195 2754 οὐκ
1253 2699 1456 2771 ἔμαθον
1490 2700 1560 2753 τὰ
1602 2699 1739 2771 βάθη
1780 2700 1870 2754 τοῦ

289 2791 447 2855 Θεοῦ,
478 2792 570 2858 καὶ
613 2793 691 2855 εἰς
731 2790 933 2856 ταύτας
974 2792 1445 2865 περιεκλάσθησαν
1483 2792 1582 2856 τὰς
1632 2793 1871 2864 αἱρέσεις

282 2882 377 2936 καὶ
404 2883 483 2945 εἰς
513 2882 612 2946 τὰς
645 2882 751 2936 τῶν
801 2884 1115 2954 σχισμάτων
1158 2883 1247 2937 διὰ
1285 2884 1605 2956 προφάσεως
1648 2886 1868 2956 ἐρεσχε-

277 2974 401 3037 λίας
429 2974 542 3044 (15)
564 2992 577 3005 ο
613 2974 1037 3043 καταλείψαντες
1063 2975 1172 3047 γὰρ
1199 2974 1297 3046 τὴν
1325 2975 1600 3046 ἀλήθειαν,
1632 2976 1725 3029 ἐπὶ
1747 2974 1873 3028 πο).-

1979 523 2101 561 men
2127 508 2447 578 collyridem
2484 508 2719 565 oll‘eruut
2756 520 2808 565 et
2835 516 3105 564 vocantur
3157 508 3553 579 Collyridiani;

1978 597 2312 663 Massaliani,
2353 600 2556 669 quibus
2601 600 2974 669 adiunguntur
3005 600 3320 671 Martyriani
3354 617 3384 657 e
3424 616 3553 674 gen-

1976 690 2187 756 tilibus,
2226 698 2280 747 et
2312 692 2651 762 Euphemitaa
2676 701 2732 748 et
2762 690 3067 747 Sataniani.

2044 948 2186 1005 XIV.
2227 950 2473 1023 Denique
2534 961 2613 1008 tot
2660 954 2940 1011 haereseon
2991 960 3213 1014 nomina
3259 974 3552 1015 connume-

1973 1058 2119 1110 rare,
2180 1058 2245 1100 ac
2281 1045 2489 1103 nefaria
2530 1046 2749 1101 illarum
2794 1050 3005 1105 scelera
3043 1066 3271 1107 narrare
3302 1052 3466 1123 piget,
3499 1062 3551 1106 ut

1975 1134 2121 1190 inter
2163 1145 2359 1192 caetera
2409 1138 2519 1193 duo
2570 1139 2659 1192 illa
2698 1139 3019 1205 schismata,
3071 1148 3185 1196 tum
3236 1141 3552 1197 Meletiano—

1974 1239 2096 1277 rum
2130 1224 2185 1279 in
2221 1224 2461 1297 IEgypto
2493 1268 2508 1293 ,
2537 1227 2629 1298 qui
2670 1227 2741 1283 ob
2792 1243 2909 1295 eos,
2940 1230 3034 1300 qui
3087 1230 3142 1284 in
3174 1232 3555 1300 persecutione

1974 1316 2113 1387 lapsi
2146 1327 2201 1373 et
2229 1334 2259 1373 a
2290 1321 2497 1377 nostris
2529 1321 2584 1374 in
2616 1336 2775 1377 suum
2811 1322 3060 1379 ordinem
3095 1338 3159 1381 ac
3194 1331 3395 1379 statum
3431 1332 3556 1394 post

1975 1406 2351 1477 paenitentiam
2403 1409 2608 1487 recepti
2660 1409 2896 1475 fuerant,
2955 1410 3169 1482 seipsos
3213 1414 3555 1482 avulserunt,

1973 1514 2153 1569 neque
2203 1504 2384 1555 tamen
2421 1500 2475 1555 in
2510 1501 2704 1557 haeresi
2748 1511 3076 1571 versantur;
3116 1514 3229 1559 tum
3273 1503 3555 1561 Audiano-

1974 1606 2095 1644 rum
2137 1593 2191 1646 in
2228 1592 2640 1663 Mesopotamia,
2677 1595 2769 1666 qui
2799 1604 2853 1651 et
2882 1598 2986 1667 ipsi
3034 1599 3275 1654 schisma
3322 1598 3552 1662 faciunt.

1974 1699 2075 1738 nec
2105 1684 2339 1739 alienam
2376 1685 2538 1741 [idem
2573 1688 2918 1758 proﬁtentur,
2973 1691 3069 1746 sed
3098 1692 3165 1746 de
3208 1706 3274 1747 eo
3308 1692 3453 1761 quod
3489 1694 3557 1749 ad

1976 1776 2271 1845 imaginem
2327 1776 2423 1832 Dei
2477 1778 2657 1835 {actus
2699 1780 3147 1851 homodicitur,
3200 1786 3558 1854 pertinaciter

1977 1871 2341 1923 contemlunt.
2373 1868 2563 1941 Neque
2587 1888 2719 1927 vero
2748 1880 2971 1944 propter
3001 1875 3171 1930 ullum
3205 1877 3325 1932 fidei
3358 1878 3555 1949 dogma

1978 1959 2313 2017 reluctantes
2358 1962 2571 2030 seipsus
2606 1974 2925 2035 segregant;
2981 1983 3158 2039 neque
3191 1969 3351 2024 aliam
3389 1973 3554 2026 ull::m

1976 2050 2047 2103 ob
2093 2066 2338 2116 causam,
2392 2062 2588 2123 praeter
2629 2056 2932 2113 aliectatam
2982 2060 3275 2130 quamdam
3329 2063 3557 2133 jusltlim

1977 2143 2400 2210 perfectionem;
2429 2147 2571 2215 quod
2621 2164 2746 2202 cum
2795 2151 3070 2221 episc0pis
3102 2168 3164 2207 ac
3196 2156 3554 2226 presbyteris,

1974 2232 2068 2301 qui
2125 2248 2319 2288 aurum
2380 2246 2775 2309 argentumque
2835 2242 3157 2311 possident,
3220 2250 3559 2303 communio-

1974 2336 2099 2393 nem
2138 2321 2338 2379 habere
2392 2326 2615 2393 nolunt;
2666 2328 2862 2384 deinde
2904 2330 3049 2401 quod
3098 2332 3307 2388 Pascha
3359 2337 3550 2395 eodem

1972 2430 2083 2485 quo
2114 2413 2285 2471 Judaei
2336 2425 2582 2489 tempore
2625 2420 2934 2489 celebrant,
2994 2423 3063 2478 ob
3102 2425 3265 2496 idque
3316 2444 3439 2485 sese
3484 2431 3555 2486 ab

1973 2506 2220 2562 Ecclesia
2250 2519 2528 2579 separant,
2570 2520 2621 2566 et
2657 2513 2726 2567 ab
2757 2514 3078 2569 orthodoxae
3119 2515 3375 2574 Ecclesia:
3421 2536 3555 2575 con-

1970 2602 2261 2671 junctione
2312 2603 2474 2657 divisi
2528 2614 2676 2660 sunt.
2725 2604 2936 2676 Quippe
2974 2608 3066 2676 qui
3129 2607 3393 2679 Spiritum
3436 2629 3557 2668 san-

1972 2701 2119 2745 ctum
2170 2706 2280 2746 non
2339 2702 2691 2765 acceperunt,
2735 2695 2827 2751 Dei
2874 2698 3143 2767 profunda
3194 2718 3302 2756 non
3350 2703 3557 2760 didice~

1973 2790 2124 2844 runt,
2155 2789 2321 2852 atque
2350 2783 2405 2836 in
2442 2784 2752 2840 istiusmodi
2791 2785 3029 2842 hwrescs
3059 2789 3311 2860 dissipati
3339 2803 3468 2848 sum
3502 2805 3556 2851 et

1972 2873 2293 2939 schismata,
2326 2892 2448 2946 qure
2476 2894 2541 2932 ex
2575 2880 2867 2934 cavillandi
2899 2880 3129 2937 libidine
3169 2894 3222 2938 et
3264 2887 3558 2943 occasione

1972 2962 2329 3032 prodierunt;
2365 2966 2569 3020 etenim
2598 2970 2789 3024 relicta
2833 2976 3063 3029 veritate
3098 2977 3282 3033 varias
3331 2990 3557 3041 tenue-re

276 3065 376 3128 λὰς
419 3064 638 3135 τρίϐους
678 3065 951 3129 ὲϐάδισαν,
990 3065 1179 3119 ἄλλοτε
1218 3065 1395 3128 ἄλλως
1439 3066 1533 3119 καὶ
1578 3065 1712 3119 ἄλλα
1753 3064 1864 3152 διαί

1976 3057 2225 3122 semitas,
2278 3058 2439 3113 aliter
2492 3060 2601 3115 alio
2660 3069 2905 3133 tempore
2959 3067 3286 3136 cogitantes.
3327 3073 3395 3126 At
3428 3090 3557 3129 vero

275 3154 575 3225 νοούμενοι.
608 3156 745 3226 Φησὶ
775 3155 830 3209 δὲ
861 3157 888 3209 ὁ
920 3155 1082 3219 αὐτὸς
1126 3156 1279 3225 ἅγιος
1308 3156 1649 3219 Ἀπόστολος,
1690 3145 1865 3227 δηλῶν

278 3249 416 3318 ἡμῖν
444 3247 510 3300 δι’
534 3248 600 3318 ἢν
624 3246 801 3300 αἰτίαν
820 3246 980 3301 τοῦτο
1004 3243 1156 3301 εἶπεν
1172 3265 1183 3277 ·
1220 3247 1420 3317 Ἡμεῖς
1446 3247 1514 3300 δὲ
1536 3246 1603 3300 τὸ
1624 3242 1867 3315 Πνεῦμα

273 3339 382 3393 τοῦ
414 3339 561 3394 Θεοῦ
592 3339 905 3409 ἐλάϐομεν,
940 3339 1098 3405 ὅπως
1132 3336 1365 3408 γνῶμεν
1388 3338 1541 3393 τὰέκ
1577 3338 1723 3393 Θεοῦ
1756 3355 1863 3408 χα-

269 3428 562 3496 ρισθέντα
594 3430 758 3498 ἡμῖν,
789 3429 827 3483 ᾰ
860 3429 959 3483 καὶ
984 3430 1292 3499 λαλοῦμεν
1321 3432 1433 3484 οὐκ
1456 3431 1527 3483 ἐν
1564 3428 1866 3495 διδακτοῖς

274 3521 497 3589 σοφίας
553 3522 792 3591 λόγοις,
845 3522 984 3577 ἀλλ’
1043 3522 1113 3576 ὲν
1164 3522 1464 3592 διδακτοῖς
1518 3523 1864 3592 Πνεύματος

274 3610 469 3678 ἁγίου,
522 3610 943 3679 πνευματικοῖς
989 3610 1357 3682 πνευματικὰ
1407 3613 1861 3682 συγκρίνοντες,

273 3701 371 3754 καὶ
384 3701 450 3755 τὰ
477 3701 622 3771 ἑξῆς.
641 3703 712 3756 Τὸ
733 3702 959 3773 Πνεῦμα
982 3704 1161 3757 τοίνυν
1185 3702 1277 3756 τοῦ
1302 3702 1436 3757 Θεοῦ
1458 3704 1557 3757 οὐκ
1588 3702 1864 3775 ἀλλότριον

273 3794 408 3848 Θεοῦ
418 3812 429 3824 ·
444 3796 492 3848 el
506 3797 612 3867 γὰρ
624 3796 900 3869 ἀλλότριον
912 3797 1047 3850 Θεοῦ
1062 3796 1321 3861 ὲστι,πῶς
1334 3797 1404 3850 τὰ
1412 3796 1574 3865 ,βάθη
1590 3797 1696 3850 τοῦ
1716 3796 1863 3851 Θεοῦ

274 3884 511 3955 ἐρευνᾷ;
528 3886 750 3940 Ἀλλὰτί
771 3889 798 3939 ὲ
805 3889 915 3956 ρεῖς
934 3880 1094 3957 μοι,ὦ
1110 3887 1372 3955 κενόδοξε,
1394 3888 1422 3940 ὀ
1439 3886 1690 3957 πολεμῶν
1706 3903 1865 3939 σεαυ-

273 3977 385 4039 τὸν,
401 3977 486 4030 ἴνα
514 3978 589 4049 μὴ
616 3979 753 4031 εἴπω
766 3978 827 4031 τὸ
852 3978 1072 4056 Πνεῦμα
1098 3979 1158 4032 τὸ
1178 3978 1328 4047 ἆγιον
1344 3977 1436 4033 τοῦ
1459 3978 1593 4031 Θεοῦ
1615 3996 1631 4047 ;
1651 3979 1705 4031 τί
1731 3977 1860 4049 γὰρ,

274 4068 540 4134 κενόδοξε,
585 4069 840 4139 πολεμεῖς
877 4068 967 4122 τὸν
988 4070 1508 4139 ἀκαταπολέμητον;
1538 4069 1588 4122 τί
1620 4071 1766 4142 μάχῃ
1786 4069 1863 4140 τῷ

273 4160 719 4230 ἁκαταμαχήτῳ;
769 4160 1044 4227 Σκληρόν
1084 4173 1184 4213 σοι
1220 4159 1371 4227 πρὸς
1414 4158 1633 4227 κέντρα
1656 4160 1863 4213 λακτι-

271 4245 411 4309 (em
446 4247 683 4301 Σεαυτὸν
715 4246 1108 4313 σκανδαλίζεις,
1146 4248 1240 4301 καὶ
1268 4248 1329 4300 οὐ
1368 4247 1459 4301 τὸν
1491 4247 1684 4315 Λόγον.
1716 4249 1855 4301 Σαυ-

347 4381 409 4436 ¹Ι
441 4384 567 4438 Cor.
595 4398 655 4451 ιι,
705 4380 786 4443 12,
821 4381 909 4437 15.
983 4382 1011 4472 ⁸³
1038 4381 1159 4437 Act.
1193 4396 1269 4443 ιι,
1308 4382 1362 4437 5.

1974 3157 2201 3205 sanctus
2241 3149 2540 3221 Apostolus
2581 3169 2680 3208 cur
2728 3156 2876 3211 istud
2908 3158 3107 3214 dixerit
3149 3163 3309 3218 nobis
3355 3165 3429 3218 ita
3468 3167 3557 3221 de-

1972 3242 2147 3297 clarat
2178 3261 2190 3297 :
2225 3241 2340 3298 Nos
2389 3254 2564 3299 autem
2598 3244 2853 3315 Spiritum
2883 3250 2979 3305 Dei
3016 3255 3332 3323 accepimus,
3374 3267 3430 3311 ut
3467 3276 3558 3313 co-

1971 3347 2286 3401 gnoscamus
2324 3350 2440 3405 qua:
2462 3351 2494 3387 (ι
2520 3335 2623 3388 Deo
2648 3336 2849 3391 donata
2876 3340 2986 3410 20
3005 3354 3124 3395 sunt
3153 3344 3325 3410 nobis,
3356 3364 3472 3415 qua:
3507 3359 3556 3403 et

1974 3422 2237 3490 loquimur
2277 3440 2380 3477 non
2421 3423 2707 3495 disciplina
2737 3433 3060 3499 comparatis
3104 3433 3229 3487 ullis
3280 3440 3557 3504 sapientia:

1972 3511 2161 3577 rerbis,
2204 3513 2296 3567 sed
2328 3514 2544 3570 ducente
2587 3515 2793 3585 Spiritu
2825 3530 3008 3575 sancto
3040 3522 3265 3590 tradita,
3296 3528 3561 3595 spiritua-

1973 3602 2109 3657 libus
2140 3605 2446 3672 spiritualia
2482 3609 2865 3678 conferentes‘,
2901 3620 3008 3669 etc.
3041 3613 3212 3685 Igitur
3242 3616 3337 3674 Dei
3378 3617 3559 3691 Spiri-

1972 3704 2063 3752 tus
2102 3711 2133 3751 a
2177 3697 2288 3753 Deo
2335 3714 2444 3754 non
2486 3710 2574 3756 est
2617 3702 2851 3771 alienus,
2901 3705 3103 3777 alioqui
3160 3708 3255 3765 Dei
3286 3712 3557 3782 profunda

1970 3790 2247 3859 quomodo
2298 3797 2679 3850 scrutaretur?
2731 3793 2815 3850 Tu
2875 3813 3025 3863 vero,
3078 3801 3259 3857 inanis
3312 3804 3556 3873 gloriola:

1970 3879 2189 3950 cupide,
2234 3881 2329 3951 qui
2366 3891 2542 3937 tecum
2587 3885 2705 3955 ipse
2749 3902 2981 3958 pugnas,
3017 3890 3149 3961 quid
3195 3894 3413 3949 tandem
3454 3911 3552 3949 no—

1969 3971 2054 4027 bis
2104 3971 2339 4028 aﬂ‘eres?
2386 3976 2517 4045 quid
2568 3978 2616 4031 ei
2672 3980 2764 4048 qui
2798 3979 2942 4036 bello
2986 3983 3171 4037 vexari
3216 4000 3326 4041 non
3372 3997 3552 4055 potest

1971 4073 2165 4134 sponte
2189 4067 2390 4121 bellum
2428 4070 2758 4125 denuntias?
2781 4072 2914 4141 quid
2954 4075 3427 4146 inexpugnabilem
3452 4094 3551 4145 0p-

1971 4157 2441 4224 pugnas?Durum
2469 4160 2565 4212 tibi
2589 4170 2665 4212 est
2692 4161 2975 4216 calcitrare
3005 4175 3191 4218 contra
3220 4168 3546 4221 stimulum'.

1972 4243 2352 4317 Tibimetipsi,
2410 4264 2522 4304 non
2578 4249 2757 4307 Verbo
2833 4252 3190 4311 oll'ensionein
3253 4259 3419 4327 paris.
3474 4258 3550 4315 Te

347 4540 456 4629 05)
486 4538 587 4629 Aid
620 4536 974 4621 προφάσεως
1016 4538 1395 4629 ἐρεσχελίας.
1438 4538 1737 4595 Cavillandi
1774 4541 1853 4629 .Ιί-

1970 4543 2201 4629 undique
2260 4545 2586 4629 submovere
2630 4556 3250 4629 pert.entant.;_etreuin
3297 4568 3360 4608 ea
3409 4556 3547 4612 satis

272 4611 459 4666 bidine
487 4618 541 4663 et
572 4613 863 4664 occasione
908 4609 1178 4677 prodiisse
1229 4611 1296 4663 ad
1324 4624 1479 4663 suam
1522 4625 1695 4679 usque
1724 4619 1853 4665 aeta-

274 4691 380 4734 tem
412 4681 854 4749 haeresesfatque
892 4679 1211 4741 schismata,
1252 4679 1473 4749 scripsit
1506 4680 1609 4733 hoc
1640 4682 1693 4733 in
1733 4683 1854 4737 loco

275 4750 635 4821 Epiphanius.
664 4748 799 4821 Illud
837 4750 980 4803 idem
1018 4750 1142 4818 jure
1188 4756 1245 4821 et
1288 4748 1488 4821 merito
1521 4750 1704 4821 dicere
1728 4766 1855 4821 pos-

274 4818 467 4875 sumus
506 4828 561 4873 et
608 4819 675 4873 de
729 4820 836 4874 illis
889 4834 1009 4889 quae
1044 4827 1173 4873 sunt
1217 4818 1472 4888 deinceps
1510 4819 1578 4871 ad
1614 4818 1854 4889 praesens

275 4906 450 4958 usque
488 4899 704 4959 tempus
735 4900 954 4943 exortaz.
985 4888 1087 4953 Qui
1136 4889 1401 4956 ejusmodi
1444 4888 1700 4959 scandala
1739 4907 1855 4945 mo-

275 4968 422 5020 vent,
456 4961 772 5029 plerumque
804 4960 984 5029 pravis
1015 4959 1321 5020 desideriis,
1356 4958 1682 5016 inordinatis
1722 4960 1853 5016 affe-

273 5031 477 5091 CIihus,
507 5030 737 5098 partium
783 5030 985 5089 studio,
1017 5029 1271 5099 exagitati
1324 5030 1586 5082 adversus
1630 5032 1856 5085 catholi-

272 5114 395 5153 cam
429 5108 768 5152 exacuuntur
806 5099 1125 5153 Ecclesiam.
1180 5099 1407 5153 Constat
1452 5100 1648 5166 quibus
1695 5116 1857 5155 exor-

274 5170 385 5222 diis
452 5183 516 5220 ac
555 5169 721 5220 veluti
766 5169 1065 5222 seminibus
1100 5168 1360 5223 debeatur
1410 5169 1644 5222 defectio
1696 5169 1856 5225 Joan-

272 5240 361 5294 nis
388 5238 534 5292 illius
564 5236 817 5298 Wicklei,
843 5236 1069 5292 Joannis
1084 5237 1226 5293 Huss
1251 5255 1266 5304 ;
1295 5238 1494 5307 quibus
1521 5237 1850 5304 Lutherana,

272 5309 477 5379 quibus
504 5308 826 5379 Anglicana.
861 5307 1164 5372 Quatritant
1201 5309 1409 5379 deinde,
1435 5324 1571 5377 quas
1611 5312 1855 5379 proferre

272 5378 488 5450 possint
522 5378 853 5433 secessionis
887 5392 1082 5450 causas
1111 5394 1125 5442 ;
1156 5394 1282 5450 non
1328 5378 1471 5450 enim
1524 5378 1643 5450 sine
1685 5396 1852 5436 causa

273 5448 665 5502 insanientium
705 5461 865 5519 more
902 5448 986 5515 agi
1026 5462 1096 5519 se
1119 5448 1289 5501 videri
1328 5449 1534 5501 volunt.
1580 5449 1645 5502 Et
1688 5468 1855 5519 quan-

273 5519 573 5589 doquidem
603 5518 805 5589 veritas
830 5531 953 5589 non
998 5517 1103 5569 nisi
1157 5519 1382 5571 subdola
1423 5519 1634 5589 ratione
1668 5517 1851 5589 impeti

275 5596 475 5658 potest,
512 5588 578 5642 ad
606 5587 984 5641 cavillationes
1032 5601 1100 5658 se
1117 5595 1460 5658 convertunt.
1500 5587 1694 5644 Mirum
1726 5587 1853 5647 hinc

274 5656 478 5726 quanta
513 5658 729 5712 licentia
768 5672 1042 5726 quamque
1090 5656 1451 5720 intoleranda,
1496 5666 1718 5722 temere,
1756 5677 1853 5714 au-

275 5730 495 5794 dacter,
558 5728 898 5797 impudenter
936 5728 1261 5783 debacchari
1316 5728 1566 5783 soleant:
1602 5728 1853 5801 dogmata

638 5819 908 5883 PATBOL.
939 5821 1057 5883 Gn.
1108 5819 1327 5881 XLIII.

1959 4616 2450 4689 lirmaoi‘nveniant,
2488 4627 2582 4672 aut
2624 4616 2794 4689 impie
2858 4620 3134 4686 rejiciunt,
3190 4630 3283 4676 aut
3318 4634 3375 4678 ut
3422 4629 3548 4679 sim-

1956 4686 2284 4760 plicioribus
2311 4686 2493 4741 fucum
2533 4686 2734 4760 faciant
2761 4697 2815 4743 et
2845 4689 2933 4743 illa
2952 4692 3350 4760 reprehendere
3376 4704 3429 4749 et
3455 4696 3547 4751 de-

1956 4762 2171 4810 struere
2198 4756 2518 4829 videantur,
2565 4758 2800 4813 miscent
2827 4756 3095 4829 quadrata
3143 4764 3414 4828 rotundis,
3452 4766 3545 4820 do-

1958 4834 2137 4904 gmata
2175 4841 2283 4880 non
2326 4826 2776 4904 distinguuntab
2819 4826 3041 4904 iisquae
3077 4833 3141 4886 ad
3173 4826 3537 4904 disciplinam,

1957 4893 2024 4947 ad
2076 4910 2275 4974 mores,
2315 4896 2381 4949 ad
2412 4893 2785 4967 caeremonias,
2842 4901 2907 4954 ad
2938 4893 3099 4974 'ritus
3149 4893 3416 4974 spectant.
3474 4893 3540 4959 Et

1955 4963 2101 5031 quod
2141 4965 2269 5040 haec
2320 4963 2779 5040 progtemporuin'
2812 4980 2975 5040 atque
3029 4963 3271 5027 locorum
3319 4975 3540 5031 diversi-

1955 5042 2065 5107 tate
2122 5034 2335 5089 diversa
2401 5034 2694 5107 aliquando
2742 5034 2944 5094 fuerint
3014 5049 3068 5095 et
3118 5059 3241 5100 esse
3304 5046 3537 5107 valeant.

1957 5104 2323 5181 inconstantis
2365 5104 2511 5181 circa
2558 5108 2735 5181 [idem
2768 5111 3050 5181 religionis
3090 5114 3258 5167 animi
3312 5131 3413 5171 nos
3443 5104 3542 5172 ca;-

1957 5174 2189 5254 tholicos
2223 5178 2524 5254 postulant,
2558 5194 2658 5233 nos
2705 5174 2985 5254 damnant,
3020 5185 3149 5254 dum
3202 5186 3333 5254 ipsis
3373 5188 3539 5241 animi

1956 5244 2295 5302 volubilitate
2347 5256 2403 5302 et
2482 5249 2853 5303 inconstantia
2914 5252 2989 5305 nil
3055 5244 3398 5309 familiarius.
3457 5261 3538 5310 An

1957 5315 2071 5395 lucc
2147 5321 2202 5369 et
2262 5316 2545 5395 ejusmodi
2594 5320 2711 5395 a_lia_
2760 5328 2961 5395 temere
3008 5333 3421 5395 exaggerentur,
3470 5343 3540 5380 an

1957 5387 2137 5453 potius
2169 5401 2294 5439 vera
2334 5388 2462 5452 sint,
2506 5387 2762 5443 Ecclesiae
2808 5387 3174 5447 demonstra't'
3198 5387 3445 5449 historia.
3481 5395 3536 5447 In

1954 5470 2016 5508 ea
2059 5454 2304 5530 profecto
2356 5466 2597 5530 apparet,
2639 5460 3077 5530 quibus_artibus
3128 5463 3398 5530 Pelagius,
3430 5461 3539 5517 Ne-

1957 5525 2537 5598 storiustEutxclies;
2579 5525 2778 5598 quibus
2828 5528 3213 5597 Monothelitae,
3259 5525 3539 5585 I'conoma-

1960 5595 2046 5647 chi
2073 5612 2087 5659 ;
2113 5596 2311 5664 quibus
2339 5595 2611 5663 'Pltotius;
2639 5598 2897 5653 Calvinus
2939 5600 3174 5656 haereses
3200 5595 3539 5663 'induxerint

1961 5679 2111 5733 suas,
2149 5666 2400 5723 inductas
2430 5668 2918 5725 constabiliveriut.

3146 5827 3186 5886 ﬂ
