4012 6210
486 317 550 371 ιδ
1487 396 1496 404 ¹
1876 323 1932 379 s.
1971 323 2040 378 EI

2150 322 2311 377 ΙΑΜῙ
3666 330 3738 385 ﬂ

481 432 682 497 ipsum,
722 431 968 502 inquam,
1001 449 1111 487 non
1145 430 1407 505 Spiritum
1458 439 1825 495 circumvenis
1848 480 1861 504 ,
1896 447 2040 508 teqm

2163 437 2248 491 τὸν
2300 437 2561 503 ἀλίσκεις,
2615 439 2707 505 καὶ
2753 439 2812 490 οὺ
2863 439 2921 491 τὸ
2968 438 3218 511 Πνεῦμα·
3276 441 3466 499 σαυτὸν
3505 439 3740 495 ἀπαλλο·

480 523 658 590 ipsum
701 538 729 575 a
770 523 861 578 Dei
903 524 1099 595 gratia,
1139 542 1250 581 non
1294 525 1489 583 Filium
1521 546 1550 583 a
1584 528 1760 593 Patre,
1803 537 1897 583 aut
1935 528 2058 600 Spi-

478 610 644 664 ritum
672 621 927 666 sanctum
953 629 981 666 a
1015 614 1174 670 Patre
1209 616 1460 688 Filioque
1485 617 1749 690 sejungis.

550 779 666 837 XV.
708 780 872 840 Forte
934 786 1067 842 illud
1107 804 1205 860 pro
1264 789 1466 858 ingenii
1524 790 1602 843 tui
1665 791 1961 849 calliditate
2007 802 2061 848 et

478 875 728 936 acumine
765 877 926 934 nobis
954 880 1223 949 objicies:
1258 881 1362 934 hoc
1386 881 1531 935 enim
1567 882 1635 937 de
1671 884 1888 941 stolidis
1916 901 2057 941 non-

478 966 645 1022 nullis
686 969 877 1024 audire
920 970 1165 1036 memini,
1207 969 1301 1040 qui
1335 969 1431 1027 Dei
1462 983 1515 1028 et
1547 972 1850 1033 Salvatoris
1877 979 2054 1034 nostri

478 1060 759 1115 veritatem
804 1061 857 1114 in
894 1062 1276 1117 contumeliam
1307 1071 1608 1132 vertentes,
1645 1067 1791 1122 istud
1835 1067 1891 1124 in
1938 1086 2053 1126 mc-

476 1155 626 1206 dium
684 1150 940 1207 aﬂerrent
984 1173 997 1207 :
1037 1152 1134 1208 Dei
1190 1154 1410 1224 quidem
1474 1156 1744 1229 profunda
1813 1160 2053 1216 scrutari

478 1242 760 1311 Spiritum,
813 1243 907 1298 sed
955 1243 1181 1300 minime
1232 1247 1493 1318 consequi
1527 1265 1540 1303 :
1571 1249 1718 1319 qttod
1776 1250 2050 1321 ejusmodi

487 1335 810 1389 vocabulum
844 1335 893 1391 ei
925 1340 1209 1392 sententiae
1237 1338 1463 1393 minime
1493 1338 1659 1394 fuerit
1686 1342 2005 1410 adiunctum
2034 1363 2046 1399 :

2163 533 2332 601 τριοῖς
2366 531 2472 584 ἀπὸ
2508 531 2605 602 τῆς
2655 529 2748 584 τοῦ
2790 531 2924 585 Θεοῦ
2965 532 3202 603 χάριτος,
3252 533 3347 586 καὶ
3385 533 3448 586 οὐ
3485 529 3576 586 τὸν
3610 532 3744 588 Υίδν

2161 620 2269 674 ἀπὸ
2299 619 2529 690 Πατρὸς,
2561 619 2679 674 οὐδὲ
2710 619 2771 673 τὸ
2811 621 3037 694 Πνεῦμα
3080 625 3141 676 τὸ
3177 623 3331 694 ἅγιον
3369 623 3478 678 ἀπὸ
3527 620 3745 694 Πατρδς

2162 716 2256 767 καὶ
2287 712 2436 769 Υίοῦ.

2231 804 2330 859 IE'.
2366 805 2588 871 Πάντως
2638 806 2745 877 γὰρ
2782 805 2960 875 λέγεις
3007 806 3147 861 κατὰ
3189 807 3496 879 δεινότητα·
3528 807 3744 880 ηκουσα

2159 896 2266 969 γὰρ
2296 897 2397 969 ἤδη
2425 897 2518 951 καί
2545 915 2696 961 τινας
2727 897 3149 969 ματαιόφρονας,
3179 898 3276 970 τὴν
3313 898 3408 952 τοῦ
3454 897 3590 953 Θεοῦ
3641 900 3742 953 καὶ

2158 987 2410 1060 Σωτῆρος
2447 985 2603 1058 ἡμῶν
2650 986 2908 1057 ἀλήθειαν
2957 987 3337 1057 μετατιθέντας
3377 989 3456 1052 εἰς
3500 987 3743 1058 βλασφηη

2159 1078 2307 1151 μίας,
2344 1081 2437 1133 καὶ⁸
2468 1080 2722 1149 λέγοντας
2743 1096 2755 1107 ·
2798 1081 3025 1151 Ἐρευνᾷ
3056 1080 3153 1150 μὲν
3182 1079 3250 1134 τὰ
3280 1078 3419 1152 βάθη
3448 1081 3543 1134 τοῦ
3577 1080 3738 1145 Θεοῦ,

2154 1170 2269 1224 ἀλλ’
2309 1171 2369 1224 οὐ
2418 1170 2847 1242 καταλαμϐάνει,
2901 1171 2988 1225 διὰ
3042 1171 3100 1224 τὸ
3147 1172 3221 1243 μὴ
3264 1171 3620 1243 προσκεῖσθαι
3657 1172 3742 1243 τῷ

2154 1261 2302 1333 ῥητῷ
2326 1263 2415 1317 τὸν
2441 1263 2599 1332 λόγον
2632 1262 2816 1317 τοῦτον
2844 1303 2859 1326 ,
2892 1260 3031 1316 ἀλλὰ
3062 1262 3220 1333 μόνον
3252 1265 3424 1316 εἰπεῖν
3452 1264 3542 1318 τὸν
3571 1264 3740 1317 Ἀπό-

2153 1356 2365 1410 στολον·
2407 1354 2649 1425 Ἐρευνᾷ
2686 1356 2759 1410 τὰ
2792 1354 2953 1423 ,ϐάθη
2989 1355 3096 1410 τοῦ
3131 1354 3300 1420 Θεοῦ,
3326 1357 3420 1408 καὶ
3463 1357 3525 1409 οὑ
3569 1356 3744 1428 πρόσ-

470 1427 603 1498 quin
653 1428 787 1483 illud
839 1444 1006 1483 unum
1051 1430 1200 1484 dicat
1254 1430 1599 1501 Apostolus:
1636 1433 1735 1487 Dei
1784 1434 2040 1505 profunda

2151 1470 2325 1505 κειται
2370 1452 2430 1505 τὸ
2449 1491 2463 1515 ,
2508 1449 2965 1519 καταλαμϐάνει.
3002 1451 3064 1502 Ὢ
3115 1450 3316 1520 πολλῆς
3362 1449 3739 1521 ⁴ἠλιθιότητοςε

470 1531 761 1589 scrutatur,
812 1539 989 1593 neque
1027 1524 1292 1594 scriptum
1324 1525 1417 1589 sit,
1463 1527 1783 1596 assequitur.
1818 1528 1863 1583 Ο
1894 1530 2040 1585 inau-

2148 1538 2319 1616 Χρεία
2346 1542 2453 1614 γὰρ
2476 1538 2543 1613 ἦν
2571 1582 2584 1606 ,
2624 1540 2670 1595 ὦ
2699 1541 2948 1613 θεήλατε,
2990 1541 3128 1609 μετὰ
3170 1541 3232 1594 τὸ
3275 1542 3450 1595 εἰπεῖν
3494 1539 3735 1610 ἐρευνᾷ,

468 1612 637 1667 ditam
656 1614 975 1669 stultitiam!
1007 1612 1149 1669 Num
1174 1617 1340 1682 enim,
1366 1617 1646 1673 hominum
1673 1621 2040 1688 insanissime,

2147 1612 2322 1686 εἰπεῖν
2342 1612 2904 1701 τδέκαταλαμϐἁιθευ
2932 1629 3089 1683 Κατὰ
3121 1628 3230 1701 γὰρ
3254 1629 3352 1700 τὴν
3382 1627 3481 1699 σὴν
3512 1629 3737 1697 ἀφυΐαν,

468 1715 591 1777 post
627 1705 903 1760 scrutandi
956 1708 1539 1779 verbum,assequendi
1586 1727 1691 1767 vox
1731 1714 2040 1769 necessario

2150 1722 2324 1794 χωλὸν
2357 1722 2422 1777 ἂν
2449 1721 2744 1793 ηὑρίσκετο
2775 1720 2836 1774 τὸ
2864 1722 3096 1792 πρᾶγμα
3129 1718 3559 1792 προστιθεμένης
3595 1721 3616 1752 ⁵
3636 1719 3741 1790 τῆς

467 1801 851 1873 subjungenda
881 1802 1026 1858 fuit?
1049 1801 1183 1857 Nam
1220 1805 1265 1860 si
1296 1806 1509 1863 stolidae
1540 1815 1648 1863 tua!
1674 1810 1924 1880 opinioni
1955 1814 2040 1867 tri-

2147 1787 2343 1882 δίέξεως
2363 1831 2377 1846 ·
2410 1787 2503 1868 νῦν
2619 1815 2717 1883 οὐχ
2746 1787 3097 1868 ὑπολείπεταί
3139 1787 3218 1868 σοι
3263 1787 3565 1885 πρόφασιςο
3594 1787 3739 1866 παν-

465 1892 684 1952 buenda
726 1895 859 1952 ﬁdes
900 1904 1002 1963 est,
1052 1913 1141 1953 res
1189 1896 1293 1951 erit
1328 1900 1541 1964 mutila,
1575 1903 1681 1959 nisi
1714 1904 2042 1961 vocabulum

467 1989 598 2043 illud
648 1986 903 2044 addatur.
959 1987 1114 2044 Nunc
1160 2000 1342 2045 autem
1391 1993 1542 2048 nulla
1580 1995 1678 2049 tibi
1730 2007 1813 2051 est
1855 1997 2045 2052 relicta

464 2078 867 2144 tergiversatio.
903 2077 1039 2132 Nam
1080 2077 1365 2151 Scriptura
1412 2084 1503 2152 pio
1539 2099 1603 2139 ac
1654 2086 1912 2157 religioso
1946 2089 2046 2144 ho-

462 2169 594 2223 mini
620 2169 903 2225 veritatem
941 2185 1006 2225 ex
1030 2173 1178 2226 omni
1210 2183 1364 2243 parte
1394 2176 1704 2231 conﬁrmat.
1739 2179 1950 2239 Etenim
1979 2182 2046 2236 de

463 2260 842 2329 omnipotente
885 2260 1014 2326 Deo,
1061 2263 1135 2316 ita
1167 2265 1432 2334 scriptum
1473 2274 1597 2323 est:
1634 2267 1778 2325 Deus
1811 2272 2043 2339 probans

461 2368 630 2415 renes,
656 2361 704 2404 et
735 2353 927 2407 ventris
960 2362 1158 2408 secreta
1193 2366 1532 2424 perscrutans
1560 2359 1597 2414 ¹.
1629 2355 1830 2426 Quodsi
1881 2380 2042 2420 rencs

460 2443 683 2515 probat,
716 2460 895 2499 nonne
925 2445 1027 2499 hoc
1056 2446 1235 2516 ipsum
1278 2449 1423 2518 quod
1498 2449 1694 2519 probat
1728 2454 2045 2522 cognoscit?

459 2553 525 2597 an
557 2552 684 2592 vero
730 2552 947 2592 onmem
990 2538 1045 2593 in
1074 2538 1360 2610 probando
1402 2542 1768 2611 cognitionem
1809 2544 2039 2614 positam

456 2643 582 2684 esse
609 2628 946 2684 declaravit?
976 2629 1110 2684 Nam
1139 2647 1265 2686 cum
1305 2633 1462 2698 dicit,
1485 2632 1818 2705 Investigans
1845 2638 2039 2692 ventris

456 2729 677 2786 secreta,
720 2737 830 2777 non
860 2721 1134 2792 adjunxit,
1164 2740 1469 2795 assequeris.
1514 2724 1840 2782 Utrumnam
1878 2729 2042 2800 igitur

455 2810 600 2880 quod
652 2811 776 2866 huic
813 2813 1098 2868 sententiae
1140 2814 1473 2890 .assequendi
1517 2832 1619 2871 vox
1675 2817 1881 2888 illigata
1931 2834 2040 2875 non

458 2902 641 2969 fuerit,
671 2903 899 2959 exitium
933 2904 1289 2977 mihimetipsi
1321 2909 1688 2977 consciscam,
1732 2920 1787 2967 et
1815 2911 1882 2966 ad
1914 2927 2035 2968 sen-

458 2997 682 3052 tentiam
747 2996 882 3052 illud
942 3013 1008 3053 ex
1075 3005 1206 3066 tua,
1271 3000 1634 3058 stolidissime
1692 3004 2037 3070 mortalium,

456 3088 714 3159 opinione
744 3087 1110 3157 adjiciendum
1147 3091 1390 3159 putabo?
1415 3091 1616 3148 Eodem
1660 3093 1845 3164 itaque
1879 3095 2039 3150 modo

456 3194 507 3236 et
541 3182 607 3236 de
638 3179 848 3251 Spiritu
894 3190 1088 3237 sancto
1117 3181 1324 3238 dictum
1369 3192 1456 3240 est
1480 3185 1627 3256 quod
1654 3197 2035 3255 perscrutetur,

458 3291 634 3346 neque
683 3290 914 3332 necesse
954 3276 1058 3343 fuit
1107 3275 1307 3332 addere
1347 3279 1490 3348 quod
1549 3279 1857 3350 investiget;
1913 3295 2039 3334 nam

455 3364 510 3418 in
541 3363 732 3420 eadem
760 3380 892 3422 voce
917 3366 1260 3422 demonstrat
1290 3366 1471 3423 inesse
1504 3367 1560 3422 in
1593 3365 1800 3439 Spiritu
1851 3377 2042 3425 sancto

455 3455 549 3511 Dei
585 3472 650 3512 ae
692 3456 1089 3528 profundorum
1120 3458 1293 3528 ipsius
1321 3459 1597 3515 notitiam.
1629 3461 1709 3515 Ac
1743 3459 1873 3515 licet
1902 3477 2042 3515 asse-

453 3550 543 3619 qui
576 3565 681 3603 non
718 3550 886 3615 dicat,
921 3558 980 3605 tu
1023 3550 1169 3606 idem
1202 3559 1383 3607 tamen
1428 3552 1744 3624 intelligito,
1784 3567 1882 3608 nec
1914 3553 2036 3607 ani-

453 3658 595 3697 tuam
643 3653 791 3698 tuam
833 3644 888 3698 in
935 3644 1231 3716 perniciem
1280 3643 1561 3714 coniicito.
1609 3644 1745 3699 Nam
1780 3645 2039 3715 quemad-

452 3741 674 3795 modum
718 3738 787 3794 de
838 3738 999 3794 Patre
1045 3737 1202 3794 nefas
1250 3748 1336 3794 est
1367 3738 1552 3794 dicere
1580 3739 1683 3809 21
1715 3739 2039 3809 perscrutari

453 3829 625 3895 illum,
667 3846 759 3884 nec
806 3830 1038 3899 assequi,
1073 3837 1362 3900 propterea
1416 3831 1564 3900 quod
1616 3830 1893 3887 hominem
1947 3830 2039 3886 ille

452 3922 698 3976 comlidit
727 3937 853 3976 cum
897 3922 1036 3976 Filio
1064 3930 1120 3977 et
1160 3921 1367 3992 Spiritu
1407 3930 1636 3988 saneto;
1679 3938 1804 3978 nam
1837 3938 2033 3993 perpe-

453 4020 548 4066 tuo
600 4007 843 4066 Trinitas
894 4009 1138 4067 Trinitas
1174 4023 1279 4077 est,
1328 4028 1429 4068 nec
1456 4014 1625 4068 ullam
1672 4029 1914 4085 unquam
1949 4028 2037 4070 ac-

452 4105 762 4160 cessionem
792 4102 1032 4158 admittit
1062 4122 1074 4158 :
1104 4104 1178 4158 ita
1209 4103 1355 4161 etde
1390 4103 1602 4177 Spiritu
1627 4112 1821 4162 sancto
1851 4106 2039 4159 animo

452 4207 548 4251 tuo
580 4195 871 4265 concipere
906 4195 1093 4251 debes.
1141 4195 1277 4251 Nam
1312 4212 1437 4252 cum
1483 4196 1614 4252 dicit
1646 4198 1923 4252 hominem
1969 4196 2038 4251 ab

454 4287 548 4340 illo
584 4300 708 4340 esse
760 4283 1129 4340 fabricatum:
1168 4283 1236 4339 In
1275 4286 1555 4354 principio,
1595 4285 1796 4354 inquit,
1845 4282 2039 4337 creavit

453 4377 595 4432 Deus
625 4377 811 4431 caelum
833 4385 883 4431 et
922 4384 1118 4430 terram
1142 4378 1184 4443 ',
1222 4392 1412 4432 vocem
1447 4376 1626 4431 Patris
1658 4375 1883 4441 indicat,
1916 4389 2038 4443 quae

2146 1906 2369 1978 ταχόθεν
2407 1906 2575 1979 γὰρὴ
2609 1906 2799 1981 Γραφὴ
2841 1905 3065 1975 συνάγει
3113 1905 3191 1976 τῷ
3234 1903 3610 1975 εὑλαϐεστάτῳ
3636 1905 3739 1958 άν-

2144 1997 2233 2070 δρὶ
2262 1998 2361 2070 τὴν
2389 1996 2668 2070 ἀλήθειαν.
2705 1997 2844 2068 Περὶ
2875 1996 2982 2068 γὰρ
3014 1994 3105 2049 τοῦ
3135 1995 3570 2067 παντοκράτορος
3599 1990 3737 2048 Θεοῦ

2144 2089 2453 2162 γέγραπται
2502 2088 2694 2155 οὕτως,
2725 2089 2806 2142 ὅτι
2839 2087 2903 2142 '0
2934 2087 3078 2155 Θεὸς
3104 2084 3429 2157 δοκιμάζων
3452 2084 3732 2156 νεφροὺς,

2144 2181 2241 2234 καὶ
2275 2179 2537 2247 ἐρευνῶν
2570 2179 2799 2247 ταμιεῖα
2838 2180 3088 2244 κοιλίας.
3125 2177 3190 2230 Ei
3233 2177 3289 2230 δὲ
3331 2175 3613 2248 δοκιμάζει
3646 2193 3735 2229 νει

2144 2272 2334 2342 φροὺς,
2371 2267 2482 2342 ἄρα
2516 2271 2614 2323 οὐκ
2641 2263 2802 2336 οἶδεν,
2843 2271 2925 2323 ὅτι
2970 2267 3288 2340 δοκιμάζεις
3323 2267 3356 2340 ἢ
3390 2268 3453 2322 τὸ
3494 2268 3602 2322 πᾶν
3633 2267 3735 2337 τῆς

2143 2360 2396 2431 γνώσεως
2443 2364 2499 2416 ὲν
2545 2362 2625 2433 τῷ
2675 2360 2991 2434 δοκιμάζειν
3031 2361 3384 2432 ἀπεφήνατος
3437 2356 3735 2429 Ἐρευνῶν

2141 2453 2197 2507 δὲ
2226 2453 2456 2524 ταμιεῖα
2501 2455 2755 2520 κοιλίας,
2790 2454 2952 2509 πάλιν
3000 2454 3063 2507 οὐ
3112 2454 3436 2526 πρόσκειται
3468 2452 3735 2516 comata—

2139 2543 2481 2613 λαμὸάνων.
2521 2544 2663 2614 Ἀρα
2713 2542 2808 2596 ἐὰν
2854 2543 2929 2614 μὴ
2982 2543 3302 2615 πρόσκειται
3345 2541 3445 2613 τῷ.
3476 2541 3627 2613 ῥητῷ
3648 2545 3728 2608 τὸ,

2142 2632 2606 2703 καταλαμϐάνει,
2634 2633 2861 2689 θάνατον
2900 2634 3124 2706 ἐμαυτῷ
3166 2634 3505 2708 προξενήσω,
3550 2648 3731 2706 παρα-

2142 2724 2340 2792 πλέξας
2368 2725 2445 2797 τῷ
2479 2724 2628 2797 ῥητῷ
2668 2725 2761 2791 τὸ,
2808 2727 2880 2780 οὐ
2932 2727 3398 2797 καταλαμϐάνει,
3452 2728 3595 2780 κατὰ
3641 2724 3734 2779 τὸν

2145 2815 2235 2870 σὺν
2263 2815 2440 2885 λόγον,
2471 2810 2516 2870 ὦ
2541 2817 2771 2889 ἀνόητε;
2808 2816 2997 2882 Οὕτως
3027 2814 3122 2872 οὖν
3153 2819 3246 2873 καὶ
3273 2818 3399 2889 περὶ
3430 2814 3525 2872 τοῦ
3555 2814 3727 2871 11νεῦ-

2146 2926 2314 2979 ματος
2346 2906 2441 2962 τοῦ
2473 2908 2627 2978 ἁγίου
2669 2909 2904 2982 εἴρηται,
2940 2911 3023 2965 ὅτι
3064 2909 3303 2978 ἐρευνᾷ,
3346 2909 3440 2964 καὶ¹
3486 2908 3546 2961 οὗ
3575 2907 3731 2980 χρεία

2141 2997 2210 3074 ἦν
2240 3004 2435 3067 εἰπεῖν,
2471 3003 2552 3056 ὅτι
2597 3001 2691 3056 καὶ
2725 3001 3197 3072 καταλαμϐάνειν
3243 3002 3332 3056 ἐπ’
3375 3001 3539 3055 αὑτοῦ
3571 3000 3729 3069 λόγου

2142 3093 2312 3164 δηλοῖ,
2343 3094 2425 3148 ὅτι
2462 3094 2606 3149 ἔστιν
2638 3094 2695 3148 ὲν
2728 3094 2809 3164 τῷ
2840 3094 3117 3165 Πνεύματι
3164 3093 3242 3166 τῷ
3282 3093 3421 3164 ἁγίῳ
3461 3095 3494 3163 ἡ
3533 3092 3730 3161 γνῶσις

2141 3186 2235 3240 τοῦ
2267 3187 2422 3252 Θεοῦ,
2470 3188 2565 3240 καὶ
2608 3185 2718 3240 τῶν
2758 3186 2969 3257 βαθέων
3015 3185 3109 3239 τοῦ
3149 3185 3304 3242 Θεοῦ.
3345 3186 3463 3239 Κάν
3508 3201 3566 3238 σε
3605 3185 3625 3217 ⁸
3655 3185 3729 3254 μὴ

2141 3279 2290 3353 εἴπῃ.
2324 3279 2785 3349 καταλαμϐάνει,
2835 3279 2896 3332 τὸ
2950 3278 3081 3333 αὑτό
3134 3295 3222 3350 μοι
3265 3277 3474 3347 νόησον,
3511 3276 3606 3330 καὶ
3656 3275 3731 3348 μὴ

2140 3369 2238 3441 τὴν
2267 3370 2460 3425 ἑαυτοῦ
2488 3370 2667 3442 ψυχὴν
2694 3369 2949 3425 ἀπόλλυε.
2994 3371 3082 3435 Ὦς
3111 3369 3220 3441 γάρ
3251 3369 3344 3423 ἐπὶ
3386 3368 3479 3424 τοῦ
3518 3369 3731 3440 Πατρός

2140 3463 2201 3515 οὐ
2234 3461 2532 3534 τολμητέον
2582 3461 2760 3532 λέγειν
2787 3462 2869 3526 τὸ,
2904 3460 3145 3531 Ἔρευνᾷ
3178 3462 3276 3516 καὶ
3325 3464 3398 3516 οὐ
3427 3465 3729 3531 καταλαμ-

2142 3554 2337 3608 ϐάνει*
2372 3554 2536 3618 αὐτὸς
2573 3553 2680 3626 γὰρ
2707 3553 2797 3607 τὸν
2827 3552 3116 3624 ἄνθρωπον
3145 3554 3328 3608 ἔκτισε
3361 3553 3460 3609 σὺν
3489 3552 3605 3625 Υἱῷ
3633 3552 3729 3606 καὶ

2139 3646 2280 3717 ἁγίῳ
2318 3646 2630 3717 Πνεύματιο
2663 3645 2751 3700 ἀεὶ
2779 3645 2888 3718 γὰρ
2938 3647 2972 3719 ή
3019 3646 3189 3717 Τριάς
3229 3645 3420 3717 Τριὰς,
3460 3646 3553 3701 καὶ
3582 3643 3728 3698 οὐδέ-

2140 3756 2272 3792 ποτε
2320 3737 2641 3810 προσθήκην
2691 3738 2995 3811 λαμϐάνειο
3042 3738 3184 3792 οὕτω
3230 3738 3295 3810 δὴ
3333 3738 3427 3791 καὶ
3471 3735 3729 3809 περὶτοῦ

2139 3829 2295 3898 ἁγίου
2356 3829 2672 3901 Πνεῦματος
2747 3831 2985 3901 νοητέον.
3011 3827 3198 3881 Ὅταν
3258 3826 3369 3898 γάρ
3422 3824 3549 3898 εἴπῃ
3577 3864 3592 3890 ,
3646 3825 3727 3878 ὅτι

2139 3920 2362 3994 ἐποίησε
2420 3921 2511 3974 τὸν
2561 3920 2883 3992 ἄνθρωπον,
2927 3920 3030 3974 Ἐν
3075 3918 3233 3989 ἀρχῇ
3282 3918 3391 3990 γάρ
3442 3917 3749 3999 ἐποίησεν.

2140 4015 2173 4066 ὀ
2220 4014 2365 4079 Θεος
2401 4010 2510 4067 τὸν
2544 4012 2808 4081 οὐρανὸν
2847 4009 2945 4065 καὶ
2993 4009 3107 4079 τὴν
3143 4008 3278 4080 γῆν,
3329 4008 3581 4080 σημαίνει
3619 4008 3729 4062 Πα-

2140 4105 2269 4176 τρὸς
2298 4104 2502 4178 φωνὴν,
2558 4103 2934 4176 συγκαλοῦσαν
2973 4104 3054 4166 είς
3097 4102 3491 4174 δημιουργίανο
3530 4100 3624 4155 καὶ
3646 4094 3726 4157 τὸν

2146 4195 2718 4267 Ποιήσωμεν,).ἐγων,
2754 4195 2965 4266 εἴποιμι
3014 4192 3079 4248 ἂν
3135 4194 3264 4264 περὶ
3314 4192 3409 4246 τοῦ
3461 4191 3591 4246 Υίοῦ
3635 4187 3730 4244 καὶ

2139 4286 2296 4356 ἁγίου
2330 4286 2665 4358 Πνεῦματος.
2695 4284 2853 4340 Οὕτω
2890 4285 3000 4356 γάρ
3047 4283 3227 4352 λέγει·
3283 4280 3373 4349 Τῷ
3400 4282 3568 4351 Λόγῳ
3608 4283 3727 4334 Κυ-

2130 4377 2270 4446 ρίου
2298 4378 2353 4430 oi
2389 4376 2634 4444 οὐρανοὶ
2663 4372 3139 4442 ἐστερεώθησαν,
3171 4371 3275 4426 καὶ
3319 4369 3402 4437 τῷ
3433 4370 3733 4439 Ursum"

454 4471 521 4525 ad
556 4470 962 4541 procreandum
1004 4470 1222 4534 invitat,
1255 4479 1422 4541 atque
1453 4470 1598 4524 istud
1622 4469 1846 4524 omnino
1873 4481 2036 4521 voca-

2146 4469 2245 4523 τοῦ
2304 4471 2599 4538 στόματος
2654 4465 2836 4523 αὐτοῦ
2890 4463 3060 4520 πᾶσα
3110 4465 3148 4531 ἡ
3203 4463 3458 4529 δύναμις
3509 4458 3727 4514 αὐτῶν.

451 4563 665 4628 bulum,
702 4562 1015 4625 Faciamus.
1047 4562 1114 4617 ad
1147 4560 1346 4617 Filium
1381 4571 1434 4616 et
1470 4560 1735 4629 Spiritum
1782 4566 2033 4613 sanctum

2146 4558 2567 4631 Συνδημιουργεί
2616 4558 2795 4611 τοίνυν
2847 4558 2875 4610 ὁ
2922 4555 3093 4624 Λόγος
3147 4553 3226 4626 τῷ
3282 4553 3493 4625 Πατρί·
3539 4550 3730 4622 συνδη-

454 4657 648 4713 referri
685 4657 1047 4729 pronuntiare
1093 4671 1205 4711 non
1242 4655 1507 4711 dubitem.
1546 4652 1637 4708 Sic
1672 4652 1818 4709 enim
1863 4650 2037 4721 loqui-

453 4763 541 4804 tur
576 4768 588 4804 :
631 4748 797 4804 Verbo
824 4749 1041 4803 Domini
1077 4748 1193 4802 caeli
1217 4748 1422 4814 ﬁrmati
1443 4758 1587 4810 sunt,
1610 4754 1660 4800 et
1691 4743 1896 4815 Spiritu
1926 4746 2034 4799 oris

451 4843 567 4911 ejus
591 4841 761 4895 omnis
787 4840 952 4893 virtus
977 4840 1195 4893 illorum
1218 4839 1260 4894 ⁸.
1288 4840 1429 4909 Ergo
1453 4854 1575 4892 cum
1604 4835 1765 4891 Patre
1793 4832 2032 4890 Verbum

454 4933 617 4986 simul
643 4932 898 4987 universa
936 4931 1219 5000 producit;
1258 4929 1511 5003 producit
1539 4932 1666 4984 item
1708 4937 1762 4983 et
1793 4925 2034 4997 Spiritus

453 5032 699 5081 sanctus.
735 5023 916 5090 Quare
947 5024 1040 5093 qui
1076 5022 1352 5078 hominem
1389 5021 1652 5092 produxit
1689 5019 2036 5089 omnipotens

452 5118 616 5183 licus,
637 5133 698 5173 ea
717 5118 924 5174 scilicet
940 5130 1060 5188 quae
1077 5124 1205 5171 sunt
1223 5114 1462 5171 hominis
1482 5115 1710 5168 minime
1729 5112 2034 5183 cognoscit,

450 5225 574 5264 cum
598 5211 803 5266 ventris
818 5207 1190 5280 promptuaria
1208 5203 1737 5263 scrutaturWerum
1761 5216 2035 5259 summam

2140 4651 2393 4722 μιουργεῖ
2424 4651 2516 4703 καὶ
2551 4647 2612 4702 τὸ
2658 4647 2813 4717 ἅγιον
2868 4644 3113 4717 Πνεῦμα.
3150 4642 3211 4698 '0
3267 4643 3441 4697 τοίνυν
3499 4642 3730 4712 ποιήσας

2135 4742 2225 4796 τὸν
2254 4742 2539 4814 ἄνθρωπον
2577 4741 2971 4814 παντοκράτωρ
3019 4739 3173 4801 Θεὸς,
3223 4736 3327 4789 οὐκ
3373 4730 3484 4788 οἵδε
3520 4732 3590 4786 τὰ
3630 4729 3725 4784 τοῦ

2136 4835 2447 4907 ἀνθρώπου,
2473 4835 2708 4907 ἐρευνῶν
2738 4836 2961 4906 ταμιεῖα
2987 4832 3236 4897 κοιλίαςς
3270 4826 3432 4882 Ἀλλὰ
3469 4827 3529 4880 τὸ
3580 4824 3726 4878 πλεῖ-

2139 4943 2262 4980 στον
2299 4927 2400 4996 τῆς
2437 4926 2532 4980 τοῦ
2577 4926 2713 4980 Θεοῦ
2745 4925 2997 4994 γνώσεως
3030 4927 3057 4977 ό
3089 4922 3245 4991 λόγος
3288 4919 3540 4990 ἐπιφέρει
3572 4915 3730 4969 τοῦτο

2133 5019 2327 5086 λέγων,
2377 5020 2464 5073 ἵνα
2501 5022 2574 5091 μή
2614 5036 2697 5083 τις
2737 5019 2845 5073 τῶν
2893 5019 2952 5071 ἐν
2994 5018 3123 5087 ὴμῖν
3171 5012 3596 5085 ἁμαρτανόντων
3642 5025 3729 5061 νο-

2139 5112 2271 5182 μίσῃ
2314 5110 2393 5164 ἔτι
2431 5112 2538 5165 ἀπὸ
2582 5110 2719 5165 Θεοῦ
2764 5109 3091 5180 κεκρύφθαι.
3141 5109 3314 5173 Αὐτὸς
3343 5107 3453 5177 γὰρ
3492 5099 3600 5158 οἶδε
3635 5100 3728 5154 τὸν

2136 5203 2444 5275 ἄνθρωπον,
2478 5204 2572 5257 καὶ
2600 5202 2668 5257 τά
2695 5203 2786 5257 τοῦ
2820 5201 3129 5273 ἀνθρώπου.

447 5303 596 5358 illam
647 5301 740 5359 Dei
797 5301 1163 5373 cognitionem
1207 5300 1293 5356 his
1340 5300 1523 5356 verbis
1564 5307 1725 5354 utens
1767 5296 2052 5367 Scriptura
2107 5297 2411 5369 subjungit,
2464 5314 2535 5354 ne
2582 5298 2709 5369 quis
2771 5300 2913 5354 inter
2955 5313 3057 5354 nos
3101 5304 3328 5369 peccata
3357 5295 3728 5362 committens,

449 5401 620 5455 latere
648 5414 706 5455 se
737 5398 901 5455 Deum
937 5409 1090 5473 putet
1113 5413 1294 5471 posse.
1329 5396 1448 5467 ipse
1481 5393 1627 5450 enim
1670 5391 1822 5445 novit
1858 5391 2135 5448 hominem
2178 5401 2232 5447 et
2266 5409 2387 5463 qua:
2421 5402 2550 5451 sunt
2575 5392 2818 5449 hominis
2843 5394 2882 5446 ι.

517 5494 655 5550 XVI.
698 5497 965 5565 Quocirca
998 5497 1160 5552 Pater
1198 5490 1571 5564 promptuaria
1603 5488 1814 5544 ventris
1847 5486 2021 5556 inqui-

447 5590 519 5645 rit
561 5598 614 5644 et
662 5594 976 5664 cognoscit:
1036 5590 1277 5660 Spiritus
1329 5599 1457 5640 vero
1502 5580 1773 5652 profunda
1825 5579 1919 5635 Dei
1970 5586 2024 5634 et

493 5703 535 5785 f
558 5704 712 5763 Prov.
748 5727 834 5779 xx,
877 5711 971 5769 27.
1050 5710 1069 5739 ¹
1097 5704 1231 5757 Gen.
1272 5718 1311 5767 ι,
1354 5700 1400 5752 l.
1481 5696 1666 5753 8Psal.
1711 5711 1880 5759 xxv",
1908 5694 1966 5748 6.

450 5791 552 5830 πᾶν
588 5793 667 5844 γε.

2076 5693 2270 5751 "Joan.
2311 5710 2374 5762 ιι,
2409 5695 2511 5761 25;
2550 5692 2564 5746 l
2604 5694 2728 5751 Cor.
2759 5712 2816 5765 ιι,
2855 5695 2936 5748 11.

2202 5489 2316 5555 tq'.
2363 5488 2585 5561 Ἑρευνᾷ
2612 5488 2787 5542 τοίνυν
2828 5490 2856 5541 ὁ
2896 5489 3091 5564 Πατὴρ,
3119 5488 3351 5556 ταμιεῖα,
3394 5483 3605 5549 κοιλίας
3630 5489 3726 5542 καὶ

2130 5575 2302 5632 οἶδεν·
2338 5580 2533 5650 ἐρευνᾷ
2579 5580 2641 5632 τὸ
2693 5579 2918 5651 Πνεῦμα
2974 5579 3044 5633 τά
3093 5577 3230 5649 βάθη
3283 5576 3378 5630 τοῦ
3427 5574 3582 5640 Θεοῦ,
3630 5579 3728 5632 καὶ

3062 5694 3080 5725 ⁵
3110 5690 3170 5746 F.
3219 5690 3293 5764 μὴ
3325 5707 3515 5762 προστ.
3620 5673 3641 5703 ⁶
3668 5675 3726 5731 F-
