  <div class='ocr_page' id='page_1' title='image "/cluster/home/n/w/nwhite01/storage/ocr_20150623/43/mdp.39015013284818/030.png"; bbox 0 0 4012 6210; ppageno 0'>
   <div class='ocr_carea' id='block_1_1' title="bbox 385 209 2006 288">
    <p class='ocr_par' dir='ltr' id='par_1_1' title="bbox 385 221 2006 288">
     <span class='ocr_line' id='line_1_1' title="bbox 385 221 2006 288; baseline -0.008 -1"><span class='ocrx_word' id='word_1_1' title='bbox 385 231 454 288; x_wconf 73' lang='grc' dir='ltr'>ιδ</span> <span class='ocrx_word' id='word_1_2' title='bbox 1805 221 2006 278; x_wconf 73' lang='lat' dir='ltr'><strong>ANCOI</strong></span> 
     </span>
    </p>
   </div>
   <div class='ocr_carea' id='block_1_2' title="bbox 2095 209 3646 288">
    <p class='ocr_par' dir='ltr' id='par_1_2' title="bbox 2095 209 3646 275">
     <span class='ocr_line' id='line_1_2' title="bbox 2095 209 3646 275; baseline -0.006 0"><span class='ocrx_word' id='word_1_3' title='bbox 2095 220 2244 275; x_wconf 77' lang='lat' dir='ltr'><strong>TUS.</strong></span> <span class='ocrx_word' id='word_1_4' title='bbox 3576 209 3646 266; x_wconf 75' lang='grc' dir='ltr'><strong>ιιι</strong></span> 
     </span>
    </p>
   </div>
   <div class='ocr_carea' id='block_1_3' title="bbox 381 316 2006 418">
    <p class='ocr_par' dir='ltr' id='par_1_3' title="bbox 381 344 2006 418">
     <span class='ocr_line' id='line_1_3' title="bbox 381 344 2006 418; baseline -0.004 -16"><span class='ocrx_word' id='word_1_5' title='bbox 381 347 523 404; x_wconf 78' lang='grc' dir='ltr'>οἶδεν</span> <span class='ocrx_word' id='word_1_6' title='bbox 590 345 966 400; x_wconf 80' lang='grc' dir='ltr'><strong>ἀποκαλύπτει</strong></span> <span class='ocrx_word' id='word_1_7' title='bbox 1003 347 1112 418; x_wconf 78' lang='grc' dir='ltr'>γὰρ</span> <span class='ocrx_word' id='word_1_8' title='bbox 1145 347 1318 414; x_wconf 82' lang='grc' dir='ltr'>ἁγίοις</span> <span class='ocrx_word' id='word_1_9' title='bbox 1348 345 1417 398; x_wconf 80' lang='grc' dir='ltr'><strong>τά</strong></span> <span class='ocrx_word' id='word_1_10' title='bbox 1465 344 1556 398; x_wconf 81' lang='grc' dir='ltr'><strong>τοῦ</strong></span> <span class='ocrx_word' id='word_1_11' title='bbox 1594 345 1728 398; x_wconf 85' lang='grc' dir='ltr'>Θεοῦ</span> <span class='ocrx_word' id='word_1_12' title='bbox 1767 345 1972 415; x_wconf 84' lang='grc' dir='ltr'>μυστή-</span> <span class='ocrx_word' id='word_1_13' title='bbox 2005 399 2006 403; x_wconf 31' lang='grc' dir='ltr'><strong>η</strong></span> 
     </span>
    </p>
   </div>
   <div class='ocr_carea' id='block_1_4' title="bbox 2095 316 3649 418">
    <p class='ocr_par' dir='ltr' id='par_1_4' title="bbox 2099 335 3649 412">
     <span class='ocr_line' id='line_1_4' title="bbox 2099 335 3649 412; baseline -0.007 -16"><span class='ocrx_word' id='word_1_14' title='bbox 2099 341 2304 412; x_wconf 88' lang='lat' dir='ltr'><strong>nquirit</strong></span> <span class='ocrx_word' id='word_1_15' title='bbox 2353 350 2404 394; x_wconf 91' lang='lat' dir='ltr'><strong>ct</strong></span> <span class='ocrx_word' id='word_1_16' title='bbox 2449 344 2731 409; x_wconf 81' lang='lat' dir='ltr'><strong>cognoscit</strong></span> <span class='ocrx_word' id='word_1_17' title='bbox 2761 359 2771 391; x_wconf 88' lang='lat'><strong>:</strong></span> <span class='ocrx_word' id='word_1_18' title='bbox 2803 347 3002 404; x_wconf 76' lang='lat' dir='ltr'><strong>quippe</strong></span> <span class='ocrx_word' id='word_1_19' title='bbox 3061 335 3269 390; x_wconf 77' lang='lat' dir='ltr'><strong>sanctis</strong></span> <span class='ocrx_word' id='word_1_20' title='bbox 3300 335 3482 389; x_wconf 81' lang='lat' dir='ltr'><strong>divma</strong></span> <span class='ocrx_word' id='word_1_21' title='bbox 3527 348 3649 405; x_wconf 76' lang='lat' dir='ltr'><strong>my-</strong></span> 
     </span>
    </p>
   </div>
   <div class='ocr_carea' id='block_1_5' title="bbox 385 437 1973 510">
    <p class='ocr_par' dir='ltr' id='par_1_5' title="bbox 385 437 1973 510">
     <span class='ocr_line' id='line_1_5' title="bbox 385 437 1973 510; baseline -0.002 -18"><span class='ocrx_word' id='word_1_22' title='bbox 385 455 496 510; x_wconf 84' lang='grc' dir='ltr'>ρια,</span> <span class='ocrx_word' id='word_1_23' title='bbox 546 438 640 492; x_wconf 68' lang='grc' dir='ltr'><strong>καὶ</strong></span> <span class='ocrx_word' id='word_1_24' title='bbox 693 438 934 492; x_wconf 81' lang='grc' dir='ltr'>διδάσκει</span> <span class='ocrx_word' id='word_1_25' title='bbox 984 439 1192 508; x_wconf 83' lang='grc' dir='ltr'>βαθέως</span> <span class='ocrx_word' id='word_1_26' title='bbox 1239 438 1329 490; x_wconf 70' lang='grc' dir='ltr'><strong>τὸν</strong></span> <span class='ocrx_word' id='word_1_27' title='bbox 1379 438 1510 491; x_wconf 79' lang='grc' dir='ltr'>Θεὸν</span> <span class='ocrx_word' id='word_1_28' title='bbox 1555 437 1820 504; x_wconf 76' lang='grc' dir='ltr'><strong>δοξάζειν,</strong></span> <span class='ocrx_word' id='word_1_29' title='bbox 1879 437 1973 490; x_wconf 77' lang='grc' dir='ltr'>καὶ</span> 
     </span>
    </p>
   </div>
   <div class='ocr_carea' id='block_1_6' title="bbox 381 527 1978 602">
    <p class='ocr_par' dir='ltr' id='par_1_6' title="bbox 381 527 1978 602">
     <span class='ocr_line' id='line_1_6' title="bbox 381 527 1978 602; baseline -0.003 -19"><span class='ocrx_word' id='word_1_30' title='bbox 381 529 480 602; x_wconf 77' lang='grc' dir='ltr'>τὴν</span> <span class='ocrx_word' id='word_1_31' title='bbox 540 530 732 583; x_wconf 90' lang='grc' dir='ltr'>τούτου</span> <span class='ocrx_word' id='word_1_32' title='bbox 789 528 1170 600; x_wconf 75' lang='grc' dir='ltr'><strong>ἀκαταληψίαν</strong></span> <span class='ocrx_word' id='word_1_33' title='bbox 1221 531 1334 592; x_wconf 84' lang='grc' dir='ltr'>τοῖς</span> <span class='ocrx_word' id='word_1_34' title='bbox 1391 529 1556 582; x_wconf 79' lang='grc' dir='ltr'>αὑτοῦ</span> <span class='ocrx_word' id='word_1_35' title='bbox 1611 527 1978 598; x_wconf 37' lang='grc' dir='ltr'>ύποδεικνύει..</span> 
     </span>
    </p>
   </div>
   <div class='ocr_carea' id='block_1_7' title="bbox 387 619 1974 695">
    <p class='ocr_par' dir='ltr' id='par_1_7' title="bbox 387 619 1974 695">
     <span class='ocr_line' id='line_1_7' title="bbox 387 619 1974 695; baseline -0.002 -20"><span class='ocrx_word' id='word_1_36' title='bbox 387 625 530 694; x_wconf 80' lang='grc' dir='ltr'><strong>Ἀρα</strong></span> <span class='ocrx_word' id='word_1_37' title='bbox 577 623 707 692; x_wconf 89' lang='grc' dir='ltr'>γοῦν</span> <span class='ocrx_word' id='word_1_38' title='bbox 764 625 864 677; x_wconf 80' lang='grc' dir='ltr'><strong>οὐκ</strong></span> <span class='ocrx_word' id='word_1_39' title='bbox 903 623 1179 695; x_wconf 86' lang='grc' dir='ltr'>ἀλλότριον</span> <span class='ocrx_word' id='word_1_40' title='bbox 1218 622 1311 676; x_wconf 88' lang='grc' dir='ltr'><strong>τοῦ</strong></span> <span class='ocrx_word' id='word_1_41' title='bbox 1345 623 1478 675; x_wconf 88' lang='grc' dir='ltr'><strong>Θεοῦ</strong></span> <span class='ocrx_word' id='word_1_42' title='bbox 1521 623 1581 676; x_wconf 81' lang='grc' dir='ltr'><strong>τὸ</strong></span> <span class='ocrx_word' id='word_1_43' title='bbox 1623 623 1864 692; x_wconf 87' lang='grc' dir='ltr'>Πνεῦμα.</span> <span class='ocrx_word' id='word_1_44' title='bbox 1898 619 1974 674; x_wconf 84' lang='grc' dir='ltr'><strong>Οὐ</strong></span> 
     </span>
    </p>
   </div>
   <div class='ocr_carea' id='block_1_8' title="bbox 382 710 1975 785">
    <p class='ocr_par' dir='ltr' id='par_1_8' title="bbox 382 710 1975 785">
     <span class='ocr_line' id='line_1_8' title="bbox 382 710 1975 785; baseline -0.004 -17"><span class='ocrx_word' id='word_1_45' title='bbox 382 715 492 785; x_wconf 84' lang='grc' dir='ltr'>γὰρ</span> <span class='ocrx_word' id='word_1_46' title='bbox 535 710 656 767; x_wconf 76' lang='grc' dir='ltr'>εῒπε</span> <span class='ocrx_word' id='word_1_47' title='bbox 709 715 838 784; x_wconf 70' lang='grc' dir='ltr'>περὶ</span> <span class='ocrx_word' id='word_1_48' title='bbox 877 713 1143 782; x_wconf 85' lang='grc' dir='ltr'>ἀγγέλων,</span> <span class='ocrx_word' id='word_1_49' title='bbox 1195 713 1423 784; x_wconf 80' lang='grc' dir='ltr'>ὲρευνᾷν</span> <span class='ocrx_word' id='word_1_50' title='bbox 1475 712 1612 782; x_wconf 86' lang='grc' dir='ltr'>βάθη</span> <span class='ocrx_word' id='word_1_51' title='bbox 1669 712 1826 767; x_wconf 86' lang='grc' dir='ltr'>Θεοῦ.</span> <span class='ocrx_word' id='word_1_52' title='bbox 1856 711 1975 764; x_wconf 71' lang='grc' dir='ltr'>οὐδὲ</span> 
     </span>
    </p>
   </div>
   <div class='ocr_carea' id='block_1_9' title="bbox 385 799 1977 877">
    <p class='ocr_par' dir='ltr' id='par_1_9' title="bbox 385 799 1977 877">
     <span class='ocr_line' id='line_1_9' title="bbox 385 799 1977 877; baseline -0.002 -18"><span class='ocrx_word' id='word_1_53' title='bbox 385 807 514 877; x_wconf 76' lang='grc' dir='ltr'>περὶ</span> <span class='ocrx_word' id='word_1_54' title='bbox 559 799 936 877; x_wconf 80' lang='grc' dir='ltr'>ἀρχαγγέλων.</span> <span class='ocrx_word' id='word_1_55' title='bbox 997 805 1206 872; x_wconf 73' lang='grc' dir='ltr'>Οὐδεὶς</span> <span class='ocrx_word' id='word_1_56' title='bbox 1255 805 1367 875; x_wconf 76' lang='grc' dir='ltr'>γὰρ</span> <span class='ocrx_word' id='word_1_57' title='bbox 1410 803 1534 858; x_wconf 76' lang='grc' dir='ltr'>οἶδε</span> <span class='ocrx_word' id='word_1_58' title='bbox 1584 804 1698 870; x_wconf 78' lang='grc' dir='ltr'><strong>τὴν</strong></span> <span class='ocrx_word' id='word_1_59' title='bbox 1748 804 1977 872; x_wconf 67' lang='grc' dir='ltr'>ἡμέραν</span> 
     </span>
    </p>
   </div>
   <div class='ocr_carea' id='block_1_10' title="bbox 382 895 1976 967">
    <p class='ocr_par' dir='ltr' id='par_1_10' title="bbox 382 895 1976 967">
     <span class='ocr_line' id='line_1_10' title="bbox 382 895 1976 967; baseline -0.003 -15"><span class='ocrx_word' id='word_1_60' title='bbox 382 897 528 953; x_wconf 82' lang='grc' dir='ltr'>οὐδὲ</span> <span class='ocrx_word' id='word_1_61' title='bbox 581 897 697 966; x_wconf 79' lang='grc' dir='ltr'><strong>τὴν</strong></span> <span class='ocrx_word' id='word_1_62' title='bbox 726 896 915 967; x_wconf 76' lang='grc' dir='ltr'>ὥραν,</span> <span class='ocrx_word' id='word_1_63' title='bbox 966 897 1127 967; x_wconf 67' lang='grc' dir='ltr'>φησιν</span> <span class='ocrx_word' id='word_1_64' title='bbox 1165 899 1196 950; x_wconf 91' lang='lat'><strong>6</strong></span> <span class='ocrx_word' id='word_1_65' title='bbox 1227 897 1354 960; x_wconf 83' lang='grc' dir='ltr'>Υἱὸς</span> <span class='ocrx_word' id='word_1_66' title='bbox 1411 897 1505 950; x_wconf 88' lang='grc' dir='ltr'><strong>τοῦ</strong></span> <span class='ocrx_word' id='word_1_67' title='bbox 1561 895 1714 957; x_wconf 81' lang='grc' dir='ltr'>Θεοῦ,</span> <span class='ocrx_word' id='word_1_68' title='bbox 1751 896 1888 949; x_wconf 80' lang='grc' dir='ltr'>οὔτε</span> <span class='ocrx_word' id='word_1_69' title='bbox 1923 897 1976 948; x_wconf 83' lang='grc' dir='ltr'>οὶ</span> 
     </span>
    </p>
   </div>
   <div class='ocr_carea' id='block_1_11' title="bbox 385 987 1976 1062">
    <p class='ocr_par' dir='ltr' id='par_1_11' title="bbox 385 987 1976 1062">
     <span class='ocr_line' id='line_1_11' title="bbox 385 987 1976 1062; baseline -0.001 -21"><span class='ocrx_word' id='word_1_70' title='bbox 385 987 628 1059; x_wconf 70' lang='grc' dir='ltr'>ἄγγελοι</span> <span class='ocrx_word' id='word_1_71' title='bbox 654 990 759 1044; x_wconf 84' lang='grc' dir='ltr'><strong>τοῦ</strong></span> <span class='ocrx_word' id='word_1_72' title='bbox 791 989 1070 1058; x_wconf 78' lang='grc' dir='ltr'>οὐρανοῦ,</span> <span class='ocrx_word' id='word_1_73' title='bbox 1113 989 1252 1062; x_wconf 63' lang='grc' dir='ltr'>οὔτε</span> <span class='ocrx_word' id='word_1_74' title='bbox 1284 992 1316 1043; x_wconf 86' lang='grc' dir='ltr'><em>ὁ</em></span> <span class='ocrx_word' id='word_1_75' title='bbox 1361 990 1512 1055; x_wconf 75' lang='grc' dir='ltr'>Υἱὸς,</span> <span class='ocrx_word' id='word_1_76' title='bbox 1553 991 1606 1042; x_wconf 86' lang='grc' dir='ltr'>εἰ</span> <span class='ocrx_word' id='word_1_77' title='bbox 1657 987 1742 1057; x_wconf 73' lang='grc' dir='ltr'><strong>μὴ</strong></span> <span class='ocrx_word' id='word_1_78' title='bbox 1787 990 1819 1040; x_wconf 84' lang='grc' dir='ltr'><strong><em>ό</em></strong></span> <span class='ocrx_word' id='word_1_79' title='bbox 1857 990 1976 1040; x_wconf 80' lang='grc' dir='ltr'>Πα-</span> 
     </span>
    </p>
   </div>
   <div class='ocr_carea' id='block_1_12' title="bbox 387 1078 1977 1150">
    <p class='ocr_par' dir='ltr' id='par_1_12' title="bbox 387 1078 1977 1150">
     <span class='ocr_line' id='line_1_12' title="bbox 387 1078 1977 1150; baseline -0.002 -18"><span class='ocrx_word' id='word_1_80' title='bbox 387 1080 516 1148; x_wconf 72' lang='grc' dir='ltr'>τήρ.</span> <span class='ocrx_word' id='word_1_81' title='bbox 557 1079 852 1150; x_wconf 82' lang='grc' dir='ltr'>Νομίζουσι</span> <span class='ocrx_word' id='word_1_82' title='bbox 882 1079 938 1132; x_wconf 85' lang='grc' dir='ltr'><strong>δὲ</strong></span> <span class='ocrx_word' id='word_1_83' title='bbox 981 1080 1030 1132; x_wconf 84' lang='grc' dir='ltr'><strong>οἱ</strong></span> <span class='ocrx_word' id='word_1_84' title='bbox 1077 1080 1314 1150; x_wconf 82' lang='grc' dir='ltr'>ἀνόητοι,</span> <span class='ocrx_word' id='word_1_85' title='bbox 1346 1081 1395 1132; x_wconf 83' lang='grc' dir='ltr'>οἱ</span> <span class='ocrx_word' id='word_1_86' title='bbox 1443 1079 1518 1150; x_wconf 80' lang='grc' dir='ltr'>μὴ</span> <span class='ocrx_word' id='word_1_87' title='bbox 1574 1078 1977 1149; x_wconf 82' lang='grc' dir='ltr'>κεκοσμημένοι</span> 
     </span>
    </p>
   </div>
   <div class='ocr_carea' id='block_1_13' title="bbox 387 1168 1978 1240">
    <p class='ocr_par' dir='ltr' id='par_1_13' title="bbox 387 1168 1978 1240">
     <span class='ocr_line' id='line_1_13' title="bbox 387 1168 1978 1240; baseline -0.002 -17"><span class='ocrx_word' id='word_1_88' title='bbox 387 1168 663 1240; x_wconf 71' lang='grc' dir='ltr'>Πνεύματι</span> <span class='ocrx_word' id='word_1_89' title='bbox 691 1169 854 1240; x_wconf 82' lang='grc' dir='ltr'>ἁγίῳ,</span> <span class='ocrx_word' id='word_1_90' title='bbox 877 1171 951 1240; x_wconf 86' lang='grc' dir='ltr'>μή</span> <span class='ocrx_word' id='word_1_91' title='bbox 986 1170 1102 1222; x_wconf 81' lang='grc' dir='ltr'>ὲστί</span> <span class='ocrx_word' id='word_1_92' title='bbox 1124 1187 1175 1222; x_wconf 91' lang='grc' dir='ltr'><strong>τι</strong></span> <span class='ocrx_word' id='word_1_93' title='bbox 1205 1170 1315 1240; x_wconf 78' lang='grc'><strong>(16)</strong></span> <span class='ocrx_word' id='word_1_94' title='bbox 1334 1171 1391 1223; x_wconf 82' lang='grc' dir='ltr'>ὲν</span> <span class='ocrx_word' id='word_1_95' title='bbox 1411 1169 1488 1239; x_wconf 83' lang='grc' dir='ltr'>τῷ</span> <span class='ocrx_word' id='word_1_96' title='bbox 1508 1171 1701 1239; x_wconf 71' lang='grc' dir='ltr'>Πατρὶ,</span> <span class='ocrx_word' id='word_1_97' title='bbox 1719 1169 1854 1236; x_wconf 78' lang='grc' dir='ltr'>ὅπερ</span> <span class='ocrx_word' id='word_1_98' title='bbox 1877 1168 1978 1221; x_wconf 82' lang='grc' dir='ltr'><strong>οὐκ</strong></span> 
     </span>
    </p>
   </div>
   <div class='ocr_carea' id='block_1_14' title="bbox 385 1253 1977 1328">
    <p class='ocr_par' dir='ltr' id='par_1_14' title="bbox 385 1253 1977 1328">
     <span class='ocr_line' id='line_1_14' title="bbox 385 1253 1977 1328; baseline -0.003 -18"><span class='ocrx_word' id='word_1_99' title='bbox 385 1258 532 1311; x_wconf 83' lang='grc' dir='ltr'>ἔστιν</span> <span class='ocrx_word' id='word_1_100' title='bbox 561 1259 618 1311; x_wconf 81' lang='grc' dir='ltr'><strong>ἐν</strong></span> <span class='ocrx_word' id='word_1_101' title='bbox 647 1260 711 1328; x_wconf 77' lang='grc' dir='ltr'>τῇ</span> <span class='ocrx_word' id='word_1_102' title='bbox 730 1257 956 1328; x_wconf 78' lang='grc' dir='ltr'>Θεότητι</span> <span class='ocrx_word' id='word_1_103' title='bbox 989 1257 1082 1312; x_wconf 92' lang='grc' dir='ltr'><strong>τοῦ</strong></span> <span class='ocrx_word' id='word_1_104' title='bbox 1112 1257 1274 1322; x_wconf 84' lang='grc' dir='ltr'>Υἱοῦ;</span> <span class='ocrx_word' id='word_1_105' title='bbox 1307 1257 1402 1321; x_wconf 80' lang='grc' dir='ltr'>Ὠς</span> <span class='ocrx_word' id='word_1_106' title='bbox 1426 1257 1535 1326; x_wconf 78' lang='grc' dir='ltr'><strong>γάρ</strong></span> <span class='ocrx_word' id='word_1_107' title='bbox 1557 1256 1681 1324; x_wconf 82' lang='grc' dir='ltr'>ἕχει</span> <span class='ocrx_word' id='word_1_108' title='bbox 1707 1257 1738 1308; x_wconf 85' lang='grc' dir='ltr'><em>ὁ</em></span> <span class='ocrx_word' id='word_1_109' title='bbox 1777 1253 1977 1320; x_wconf 78' lang='grc' dir='ltr'>Πατὴρ</span> 
     </span>
    </p>
   </div>
   <div class='ocr_carea' id='block_1_15' title="bbox 388 1344 1972 1418">
    <p class='ocr_par' dir='ltr' id='par_1_15' title="bbox 388 1344 1972 1418">
     <span class='ocr_line' id='line_1_15' title="bbox 388 1344 1972 1418; baseline -0.005 -15"><span class='ocrx_word' id='word_1_110' title='bbox 388 1345 542 1418; x_wconf 54' lang='lat' dir='ltr'><strong>(whit-</strong></span> <span class='ocrx_word' id='word_1_111' title='bbox 566 1349 638 1402; x_wconf 73' lang='grc' dir='ltr'><strong>ἐν*</strong></span> <span class='ocrx_word' id='word_1_112' title='bbox 655 1347 865 1414; x_wconf 80' lang='grc' dir='ltr'>ἐαυτῷ,</span> <span class='ocrx_word' id='word_1_113' title='bbox 891 1349 1082 1415; x_wconf 81' lang='grc' dir='ltr'>οὕτως</span> <span class='ocrx_word' id='word_1_114' title='bbox 1110 1350 1236 1418; x_wconf 78' lang='grc' dir='ltr'>ἔχει</span> <span class='ocrx_word' id='word_1_115' title='bbox 1263 1352 1295 1404; x_wconf 86' lang='grc' dir='ltr'><strong><em>ό</em></strong></span> <span class='ocrx_word' id='word_1_116' title='bbox 1326 1348 1458 1414; x_wconf 79' lang='grc' dir='ltr'><strong>Υἱὸς</strong></span> <span class='ocrx_word' id='word_1_117' title='bbox 1487 1346 1638 1415; x_wconf 70' lang='grc' dir='ltr'><strong>ᾇυὴν</strong></span> <span class='ocrx_word' id='word_1_118' title='bbox 1661 1346 1731 1398; x_wconf 73' lang='grc' dir='ltr'><strong>ἐν</strong></span> <span class='ocrx_word' id='word_1_119' title='bbox 1753 1344 1947 1412; x_wconf 66' lang='grc' dir='ltr'>ἑαυτῷ</span> <span class='ocrx_word' id='word_1_120' title='bbox 1959 1361 1972 1374; x_wconf 91' lang='grc'><strong>·</strong></span> 
     </span>
    </p>
   </div>
   <div class='ocr_carea' id='block_1_16' title="bbox 385 1437 1976 1509">
    <p class='ocr_par' dir='ltr' id='par_1_16' title="bbox 385 1437 1976 1509">
     <span class='ocr_line' id='line_1_16' title="bbox 385 1437 1976 1509; baseline -0.004 -14"><span class='ocrx_word' id='word_1_121' title='bbox 385 1441 508 1496; x_wconf 80' lang='grc' dir='ltr'>καί’</span> <span class='ocrx_word' id='word_1_122' title='bbox 547 1444 748 1495; x_wconf 80' lang='grc' dir='ltr'><em>Πάντα</em></span> <span class='ocrx_word' id='word_1_123' title='bbox 774 1442 844 1495; x_wconf 82' lang='grc' dir='ltr'>τὰ</span> <span class='ocrx_word' id='word_1_124' title='bbox 885 1442 990 1495; x_wconf 85' lang='grc' dir='ltr'><strong>τοῦ</strong></span> <span class='ocrx_word' id='word_1_125' title='bbox 1023 1441 1250 1509; x_wconf 77' lang='grc' dir='ltr'>Πατρός</span> <span class='ocrx_word' id='word_1_126' title='bbox 1275 1458 1394 1509; x_wconf 89' lang='grc' dir='ltr'><strong>μου</strong></span> <span class='ocrx_word' id='word_1_127' title='bbox 1420 1438 1532 1508; x_wconf 80' lang='grc' dir='ltr'>ἐμά</span> <span class='ocrx_word' id='word_1_128' title='bbox 1573 1440 1725 1503; x_wconf 77' lang='grc' dir='ltr'>ἐστι,</span> <span class='ocrx_word' id='word_1_129' title='bbox 1759 1437 1921 1506; x_wconf 69' lang='grc' dir='ltr'>φησιν</span> <span class='ocrx_word' id='word_1_130' title='bbox 1948 1439 1976 1489; x_wconf 97' lang='lat'><strong>6</strong></span> 
     </span>
    </p>
   </div>
   <div class='ocr_carea' id='block_1_17' title="bbox 387 1524 1974 1602">
    <p class='ocr_par' dir='ltr' id='par_1_17' title="bbox 387 1524 1974 1602">
     <span class='ocr_line' id='line_1_17' title="bbox 387 1524 1974 1602; baseline -0.004 -19"><span class='ocrx_word' id='word_1_131' title='bbox 387 1529 551 1602; x_wconf 74' lang='grc' dir='ltr'>αῦτὸς</span> <span class='ocrx_word' id='word_1_132' title='bbox 595 1527 690 1583; x_wconf 88' lang='grc' dir='ltr'><strong>τοῦ</strong></span> <span class='ocrx_word' id='word_1_133' title='bbox 737 1529 871 1583; x_wconf 84' lang='grc' dir='ltr'>Θεοῦ</span> <span class='ocrx_word' id='word_1_134' title='bbox 924 1529 1078 1596; x_wconf 75' lang='grc' dir='ltr'>ἅγιος</span> <span class='ocrx_word' id='word_1_135' title='bbox 1119 1529 1308 1597; x_wconf 79' lang='grc' dir='ltr'>Λόγος.</span> <span class='ocrx_word' id='word_1_136' title='bbox 1359 1528 1493 1580; x_wconf 90' lang='grc' dir='ltr'>Τίνα</span> <span class='ocrx_word' id='word_1_137' title='bbox 1533 1527 1589 1580; x_wconf 88' lang='grc' dir='ltr'><strong>δέ</strong></span> <span class='ocrx_word' id='word_1_138' title='bbox 1627 1529 1743 1579; x_wconf 83' lang='grc' dir='ltr'>ἐστι</span> <span class='ocrx_word' id='word_1_139' title='bbox 1779 1527 1846 1579; x_wconf 78' lang='grc' dir='ltr'>τὰ</span> <span class='ocrx_word' id='word_1_140' title='bbox 1882 1524 1974 1577; x_wconf 88' lang='grc' dir='ltr'><strong>τοῦ</strong></span> 
     </span>
    </p>
   </div>
   <div class='ocr_carea' id='block_1_18' title="bbox 389 1618 1972 1694">
    <p class='ocr_par' dir='ltr' id='par_1_18' title="bbox 389 1618 1972 1694">
     <span class='ocr_line' id='line_1_18' title="bbox 389 1618 1972 1694; baseline -0.004 -19"><span class='ocrx_word' id='word_1_141' title='bbox 389 1623 623 1694; x_wconf 80' lang='grc' dir='ltr'>Πατρὸς,</span> <span class='ocrx_word' id='word_1_142' title='bbox 658 1622 834 1692; x_wconf 82' lang='grc' dir='ltr'>ἀλλ’ἢ</span> <span class='ocrx_word' id='word_1_143' title='bbox 880 1622 1079 1681; x_wconf 83' lang='grc' dir='ltr'>ταῦτα;</span> <span class='ocrx_word' id='word_1_144' title='bbox 1117 1621 1190 1674; x_wconf 86' lang='lat' dir='ltr'><strong>T‘o</strong></span> <span class='ocrx_word' id='word_1_145' title='bbox 1241 1621 1384 1686; x_wconf 69' lang='grc' dir='ltr'>Θεὸς</span> <span class='ocrx_word' id='word_1_146' title='bbox 1426 1619 1519 1672; x_wconf 90' lang='grc' dir='ltr'><strong>τοῦ</strong></span> <span class='ocrx_word' id='word_1_147' title='bbox 1567 1618 1781 1690; x_wconf 84' lang='grc' dir='ltr'><strong>Πατρός</strong></span> <span class='ocrx_word' id='word_1_148' title='bbox 1823 1619 1972 1680; x_wconf 66' lang='lat' dir='ltr'><strong>eam;</strong></span> 
     </span>
    </p>
   </div>
   <div class='ocr_carea' id='block_1_19' title="bbox 2076 429 3653 502">
    <p class='ocr_par' dir='ltr' id='par_1_19' title="bbox 2076 429 3653 502">
     <span class='ocr_line' id='line_1_19' title="bbox 2076 429 3653 502; baseline -0.004 -12"><span class='ocrx_word' id='word_1_149' title='bbox 2076 434 2242 490; x_wconf 84' lang='lat' dir='ltr'><strong>steria</strong></span> <span class='ocrx_word' id='word_1_150' title='bbox 2274 431 2550 502; x_wconf 84' lang='lat' dir='ltr'><strong>patefacit,</strong></span> <span class='ocrx_word' id='word_1_151' title='bbox 2583 445 2646 485; x_wconf 88' lang='lat' dir='ltr'><strong>ac</strong></span> <span class='ocrx_word' id='word_1_152' title='bbox 2674 429 2844 483; x_wconf 91' lang='lat' dir='ltr'><strong>Deum</strong></span> <span class='ocrx_word' id='word_1_153' title='bbox 2874 444 2939 484; x_wconf 81' lang='lat' dir='ltr'><strong>ex</strong></span> <span class='ocrx_word' id='word_1_154' title='bbox 2972 430 3082 483; x_wconf 90' lang='lat' dir='ltr'><strong>imo</strong></span> <span class='ocrx_word' id='word_1_155' title='bbox 3115 437 3338 498; x_wconf 87' lang='lat' dir='ltr'><strong>pectore</strong></span> <span class='ocrx_word' id='word_1_156' title='bbox 3373 429 3653 484; x_wconf 84' lang='lat' dir='ltr'><strong>celebrare</strong></span> 
     </span>
    </p>
   </div>
   <div class='ocr_carea' id='block_1_20' title="bbox 2075 520 3652 592">
    <p class='ocr_par' dir='ltr' id='par_1_20' title="bbox 2075 520 3652 592">
     <span class='ocr_line' id='line_1_20' title="bbox 2075 520 3652 592; baseline -0.001 -14"><span class='ocrx_word' id='word_1_157' title='bbox 2075 525 2254 584; x_wconf 87' lang='lat' dir='ltr'><strong>docet.</strong></span> <span class='ocrx_word' id='word_1_158' title='bbox 2271 524 2623 592; x_wconf 86' lang='lat' dir='ltr'><strong>ejusdemque</strong></span> <span class='ocrx_word' id='word_1_159' title='bbox 2638 520 3242 591; x_wconf 86' lang='lat' dir='ltr'><strong>incomprehensibilem</strong></span> <span class='ocrx_word' id='word_1_160' title='bbox 3263 528 3515 574; x_wconf 84' lang='lat' dir='ltr'><strong>naturam</strong></span> <span class='ocrx_word' id='word_1_161' title='bbox 3536 522 3652 576; x_wconf 82' lang='lat' dir='ltr'><strong>suis</strong></span> 
     </span>
    </p>
   </div>
   <div class='ocr_carea' id='block_1_21' title="bbox 2078 599 3656 686">
    <p class='ocr_par' dir='ltr' id='par_1_21' title="bbox 2078 599 3656 686">
     <span class='ocr_line' id='line_1_21' title="bbox 2078 599 3656 686; baseline -0.003 -16"><span class='ocrx_word' id='word_1_162' title='bbox 2078 618 2194 686; x_wconf 89' lang='lat' dir='ltr'><strong>ipse</strong></span> <span class='ocrx_word' id='word_1_163' title='bbox 2227 616 2487 672; x_wconf 82' lang='lat' dir='ltr'><strong>declarat.</strong></span> <span class='ocrx_word' id='word_1_164' title='bbox 2517 615 2702 683; x_wconf 79' lang='lat' dir='ltr'><strong>Itaque</strong></span> <span class='ocrx_word' id='word_1_165' title='bbox 2741 630 2852 669; x_wconf 91' lang='lat' dir='ltr'><strong>non</strong></span> <span class='ocrx_word' id='word_1_166' title='bbox 2895 623 2981 668; x_wconf 89' lang='lat' dir='ltr'><strong>est</strong></span> <span class='ocrx_word' id='word_1_167' title='bbox 3012 614 3224 668; x_wconf 85' lang='lat' dir='ltr'><strong>alienus</strong></span> <span class='ocrx_word' id='word_1_168' title='bbox 3250 630 3279 668; x_wconf 90' lang='lat' dir='ltr'><strong>a</strong></span> <span class='ocrx_word' id='word_1_169' title='bbox 3331 613 3438 669; x_wconf 88' lang='lat' dir='ltr'><strong>Deo</strong></span> <span class='ocrx_word' id='word_1_170' title='bbox 3481 599 3656 682; x_wconf 78' lang='lat' dir='ltr'><strong>Spiri-</strong></span> 
     </span>
    </p>
   </div>
   <div class='ocr_carea' id='block_1_22' title="bbox 2079 704 3654 777">
    <p class='ocr_par' dir='ltr' id='par_1_22' title="bbox 2079 704 3654 777">
     <span class='ocr_line' id='line_1_22' title="bbox 2079 704 3654 777; baseline -0.003 -14"><span class='ocrx_word' id='word_1_171' title='bbox 2079 721 2188 764; x_wconf 91' lang='lat' dir='ltr'><strong>tus.</strong></span> <span class='ocrx_word' id='word_1_172' title='bbox 2231 707 2349 762; x_wconf 82' lang='lat' dir='ltr'><strong>Non</strong></span> <span class='ocrx_word' id='word_1_173' title='bbox 2391 709 2534 763; x_wconf 89' lang='lat' dir='ltr'><strong>enim</strong></span> <span class='ocrx_word' id='word_1_174' title='bbox 2563 708 2631 763; x_wconf 89' lang='lat' dir='ltr'><strong>de</strong></span> <span class='ocrx_word' id='word_1_175' title='bbox 2667 706 2874 777; x_wconf 76' lang='lat' dir='ltr'><strong>angelis</strong></span> <span class='ocrx_word' id='word_1_176' title='bbox 2903 706 3064 771; x_wconf 83' lang='lat' dir='ltr'><strong>dixit,</strong></span> <span class='ocrx_word' id='word_1_177' title='bbox 3097 704 3194 760; x_wconf 87' lang='lat' dir='ltr'><strong>Dei</strong></span> <span class='ocrx_word' id='word_1_178' title='bbox 3224 705 3346 760; x_wconf 87' lang='lat' dir='ltr'><strong>illos</strong></span> <span class='ocrx_word' id='word_1_179' title='bbox 3385 705 3654 775; x_wconf 81' lang='lat' dir='ltr'><strong>profunda</strong></span> 
     </span>
    </p>
   </div>
   <div class='ocr_carea' id='block_1_23' title="bbox 2078 796 3656 866">
    <p class='ocr_par' dir='ltr' id='par_1_23' title="bbox 2078 796 3656 866">
     <span class='ocr_line' id='line_1_23' title="bbox 2078 796 3656 866; baseline -0.003 -12"><span class='ocrx_word' id='word_1_180' title='bbox 2078 799 2334 862; x_wconf 86' lang='lat' dir='ltr'><strong>serutari,</strong></span> <span class='ocrx_word' id='word_1_181' title='bbox 2386 812 2498 853; x_wconf 92' lang='lat' dir='ltr'><strong>nec-</strong></span> <span class='ocrx_word' id='word_1_182' title='bbox 2532 797 2600 853; x_wconf 88' lang='lat' dir='ltr'><strong>de</strong></span> <span class='ocrx_word' id='word_1_183' title='bbox 2647 797 3014 866; x_wconf 83' lang='lat' dir='ltr'><strong>archangeiis.</strong></span> <span class='ocrx_word' id='word_1_184' title='bbox 3047 796 3253 851; x_wconf 78' lang='lat' dir='ltr'><strong>Etenim</strong></span> <span class='ocrx_word' id='word_1_185' title='bbox 3308 797 3486 852; x_wconf 80' lang='lat' dir='ltr'><strong>nullus</strong></span> <span class='ocrx_word' id='word_1_186' title='bbox 3517 798 3656 852; x_wconf 80' lang='lat' dir='ltr'><strong>diem</strong></span> 
     </span>
    </p>
   </div>
   <div class='ocr_carea' id='block_1_24' title="bbox 2077 885 3655 960">
    <p class='ocr_par' dir='ltr' id='par_1_24' title="bbox 2077 885 3655 960">
     <span class='ocr_line' id='line_1_24' title="bbox 2077 885 3655 960; baseline -0.002 -15"><span class='ocrx_word' id='word_1_187' title='bbox 2077 891 2245 955; x_wconf 79' lang='lat' dir='ltr'><strong>novit,</strong></span> <span class='ocrx_word' id='word_1_188' title='bbox 2273 906 2366 943; x_wconf 87' lang='lat' dir='ltr'><strong>nec</strong></span> <span class='ocrx_word' id='word_1_189' title='bbox 2412 889 2618 953; x_wconf 82' lang='lat' dir='ltr'><strong>horam,</strong></span> <span class='ocrx_word' id='word_1_190' title='bbox 2652 889 2728 941; x_wconf 93' lang='lat' dir='ltr'><strong>ait</strong></span> <span class='ocrx_word' id='word_1_191' title='bbox 2768 887 2860 941; x_wconf 88' lang='lat' dir='ltr'><strong>Dei</strong></span> <span class='ocrx_word' id='word_1_192' title='bbox 2888 885 3078 952; x_wconf 86' lang='lat' dir='ltr'><strong>Filius,</strong></span> <span class='ocrx_word' id='word_1_193' title='bbox 3123 904 3285 958; x_wconf 81' lang='lat' dir='ltr'><strong>neque</strong></span> <span class='ocrx_word' id='word_1_194' title='bbox 3318 889 3488 960; x_wconf 78' lang='lat' dir='ltr'><strong>angeli</strong></span> <span class='ocrx_word' id='word_1_195' title='bbox 3519 888 3655 952; x_wconf 77' lang='lat' dir='ltr'><strong>caeli,</strong></span> 
     </span>
    </p>
   </div>
   <div class='ocr_carea' id='block_1_25' title="bbox 2079 976 3658 1051">
    <p class='ocr_par' dir='ltr' id='par_1_25' title="bbox 2079 976 3658 1051">
     <span class='ocr_line' id='line_1_25' title="bbox 2079 976 3658 1051; baseline 0.001 -19"><span class='ocrx_word' id='word_1_196' title='bbox 2079 995 2240 1048; x_wconf 79' lang='lat' dir='ltr'><strong>neque</strong></span> <span class='ocrx_word' id='word_1_197' title='bbox 2276 976 2476 1041; x_wconf 82' lang='lat' dir='ltr'><strong>Filius,</strong></span> <span class='ocrx_word' id='word_1_198' title='bbox 2545 977 2649 1031; x_wconf 85' lang='lat' dir='ltr'><strong>nisi</strong></span> <span class='ocrx_word' id='word_1_199' title='bbox 2703 976 2923 1030; x_wconf 72' lang='lat' dir='ltr'><strong>Pater‘.</strong></span> <span class='ocrx_word' id='word_1_200' title='bbox 2977 976 3085 1030; x_wconf 88' lang='lat' dir='ltr'><strong>Sed</strong></span> <span class='ocrx_word' id='word_1_201' title='bbox 3137 979 3288 1033; x_wconf 82' lang='lat' dir='ltr'><strong>stulti</strong></span> <span class='ocrx_word' id='word_1_202' title='bbox 3339 993 3402 1034; x_wconf 88' lang='lat' dir='ltr'><strong>ac</strong></span> <span class='ocrx_word' id='word_1_203' title='bbox 3450 981 3658 1051; x_wconf 85' lang='lat' dir='ltr'><strong>Spiritu</strong></span> 
     </span>
    </p>
   </div>
   <div class='ocr_carea' id='block_1_26' title="bbox 2079 1065 3660 1138">
    <p class='ocr_par' dir='ltr' id='par_1_26' title="bbox 2079 1065 3660 1138">
     <span class='ocr_line' id='line_1_26' title="bbox 2079 1065 3660 1138; baseline -0.001 -14"><span class='ocrx_word' id='word_1_204' title='bbox 2079 1077 2271 1124; x_wconf 83' lang='lat' dir='ltr'><strong>sancto</strong></span> <span class='ocrx_word' id='word_1_205' title='bbox 2301 1068 2572 1132; x_wconf 86' lang='lat' dir='ltr'><strong>destituti,</strong></span> <span class='ocrx_word' id='word_1_206' title='bbox 2605 1081 2735 1121; x_wconf 90' lang='lat' dir='ltr'><strong>num</strong></span> <span class='ocrx_word' id='word_1_207' title='bbox 2768 1074 2854 1121; x_wconf 88' lang='lat' dir='ltr'><strong>est</strong></span> <span class='ocrx_word' id='word_1_208' title='bbox 2884 1065 3090 1136; x_wconf 83' lang='lat' dir='ltr'><strong>aliquid</strong></span> <span class='ocrx_word' id='word_1_209' title='bbox 3131 1067 3185 1120; x_wconf 92' lang='lat' dir='ltr'><strong>in</strong></span> <span class='ocrx_word' id='word_1_210' title='bbox 3215 1066 3398 1132; x_wconf 86' lang='lat' dir='ltr'><strong>Patre,</strong></span> <span class='ocrx_word' id='word_1_211' title='bbox 3426 1069 3572 1138; x_wconf 91' lang='lat' dir='ltr'><strong>quod</strong></span> <span class='ocrx_word' id='word_1_212' title='bbox 3606 1070 3660 1123; x_wconf 90' lang='lat' dir='ltr'><strong>in</strong></span> 
     </span>
    </p>
   </div>
   <div class='ocr_carea' id='block_1_27' title="bbox 2080 1155 3663 1214">
    <p class='ocr_par' dir='ltr' id='par_1_27' title="bbox 2080 1155 3663 1214">
     <span class='ocr_line' id='line_1_27' title="bbox 2080 1155 3663 1214; baseline 0.001 -2"><span class='ocrx_word' id='word_1_213' title='bbox 2080 1158 2202 1214; x_wconf 85' lang='lat' dir='ltr'><strong>Filii</strong></span> <span class='ocrx_word' id='word_1_214' title='bbox 2242 1159 2534 1213; x_wconf 78' lang='lat' dir='ltr'><strong>Divinitate</strong></span> <span class='ocrx_word' id='word_1_215' title='bbox 2563 1173 2668 1212; x_wconf 90' lang='lat' dir='ltr'><strong>non</strong></span> <span class='ocrx_word' id='word_1_216' title='bbox 2696 1157 2802 1212; x_wconf 79' lang='lat' dir='ltr'><strong>sit?</strong></span> <span class='ocrx_word' id='word_1_217' title='bbox 2836 1155 2904 1210; x_wconf 90' lang='lat' dir='ltr'><strong>Ut</strong></span> <span class='ocrx_word' id='word_1_218' title='bbox 2936 1157 3082 1210; x_wconf 90' lang='lat' dir='ltr'><strong>enim</strong></span> <span class='ocrx_word' id='word_1_219' title='bbox 3125 1156 3291 1212; x_wconf 86' lang='lat' dir='ltr'><strong>Pater</strong></span> <span class='ocrx_word' id='word_1_220' title='bbox 3319 1159 3482 1212; x_wconf 82' lang='lat' dir='ltr'><strong>vitam</strong></span> <span class='ocrx_word' id='word_1_221' title='bbox 3510 1161 3663 1214; x_wconf 81' lang='lat' dir='ltr'><strong>habet</strong></span> 
     </span>
    </p>
   </div>
   <div class='ocr_carea' id='block_1_28' title="bbox 2081 1244 3660 1317">
    <p class='ocr_par' dir='ltr' id='par_1_28' title="bbox 2081 1244 3660 1317">
     <span class='ocr_line' id='line_1_28' title="bbox 2081 1244 3660 1317; baseline -0.001 -15"><span class='ocrx_word' id='word_1_222' title='bbox 2081 1251 2136 1303; x_wconf 84' lang='lat' dir='ltr'><strong>in</strong></span> <span class='ocrx_word' id='word_1_223' title='bbox 2175 1249 2346 1317; x_wconf 83' lang='lat' dir='ltr'><strong>seipse</strong></span> <span class='ocrx_word' id='word_1_224' title='bbox 2369 1288 2382 1313; x_wconf 92' lang='lat'><strong>,</strong></span> <span class='ocrx_word' id='word_1_225' title='bbox 2408 1250 2484 1302; x_wconf 83' lang='lat' dir='ltr'><strong>sic</strong></span> <span class='ocrx_word' id='word_1_226' title='bbox 2509 1258 2558 1301; x_wconf 89' lang='lat' dir='ltr'><strong>et</strong></span> <span class='ocrx_word' id='word_1_227' title='bbox 2589 1245 2635 1299; x_wconf 65' lang='grc' dir='ltr'><strong><em>Γ</em></strong></span> <span class='ocrx_word' id='word_1_228' title='bbox 2639 1246 2765 1300; x_wconf 80' lang='lat' dir='ltr'><strong>ilius</strong></span> <span class='ocrx_word' id='word_1_229' title='bbox 2790 1247 2952 1300; x_wconf 68' lang='lat' dir='ltr'><strong>vitam</strong></span> <span class='ocrx_word' id='word_1_230' title='bbox 2977 1244 3131 1300; x_wconf 76' lang='lat' dir='ltr'><strong>habet</strong></span> <span class='ocrx_word' id='word_1_231' title='bbox 3151 1247 3205 1299; x_wconf 84' lang='lat' dir='ltr'><strong>in</strong></span> <span class='ocrx_word' id='word_1_232' title='bbox 3232 1247 3402 1315; x_wconf 84' lang='lat' dir='ltr'><strong>seipse</strong></span> <span class='ocrx_word' id='word_1_233' title='bbox 3426 1248 3466 1300; x_wconf 80' lang='grc'><strong>⁸.</strong></span> <span class='ocrx_word' id='word_1_234' title='bbox 3493 1245 3624 1302; x_wconf 81' lang='lat' dir='ltr'><strong>Item</strong></span> <span class='ocrx_word' id='word_1_235' title='bbox 3647 1268 3660 1301; x_wconf 92' lang='lat'><strong>:</strong></span> 
     </span>
    </p>
   </div>
   <div class='ocr_carea' id='block_1_29' title="bbox 2083 1339 3663 1410">
    <p class='ocr_par' dir='ltr' id='par_1_29' title="bbox 2083 1339 3663 1410">
     <span class='ocr_line' id='line_1_29' title="bbox 2083 1339 3663 1410; baseline -0.002 -15"><span class='ocrx_word' id='word_1_236' title='bbox 2083 1341 2277 1396; x_wconf 81' lang='lat' dir='ltr'><strong><em>Omnia</em></strong></span> <span class='ocrx_word' id='word_1_237' title='bbox 2309 1356 2427 1410; x_wconf 67' lang='lat' dir='ltr'><strong>quae</strong></span> <span class='ocrx_word' id='word_1_238' title='bbox 2457 1339 2640 1394; x_wconf 81' lang='lat' dir='ltr'><strong>Patris</strong></span> <span class='ocrx_word' id='word_1_239' title='bbox 2682 1339 2784 1392; x_wconf 80' lang='lat' dir='ltr'><strong>mei</strong></span> <span class='ocrx_word' id='word_1_240' title='bbox 2832 1347 2976 1402; x_wconf 85' lang='lat' dir='ltr'><strong>sunt,</strong></span> <span class='ocrx_word' id='word_1_241' title='bbox 3023 1354 3139 1392; x_wconf 84' lang='lat' dir='ltr'><strong>mea</strong></span> <span class='ocrx_word' id='word_1_242' title='bbox 3185 1348 3308 1392; x_wconf 81' lang='lat' dir='ltr'><strong>sunt</strong></span> <span class='ocrx_word' id='word_1_243' title='bbox 3330 1339 3368 1401; x_wconf 83' lang='grc'>³,</span> <span class='ocrx_word' id='word_1_244' title='bbox 3409 1339 3487 1393; x_wconf 84' lang='lat' dir='ltr'><strong>ait</strong></span> <span class='ocrx_word' id='word_1_245' title='bbox 3518 1339 3663 1394; x_wconf 85' lang='lat' dir='ltr'><strong>idem</strong></span> 
     </span>
    </p>
   </div>
   <div class='ocr_carea' id='block_1_30' title="bbox 2079 1429 3664 1496">
    <p class='ocr_par' dir='ltr' id='par_1_30' title="bbox 2079 1429 3664 1496">
     <span class='ocr_line' id='line_1_30' title="bbox 2079 1429 3664 1496; baseline 0.001 -10"><span class='ocrx_word' id='word_1_246' title='bbox 2079 1431 2487 1488; x_wconf 86' lang='lat' dir='ltr'><strong>sanctissimum</strong></span> <span class='ocrx_word' id='word_1_247' title='bbox 2534 1431 2629 1485; x_wconf 88' lang='lat' dir='ltr'><strong>Dei</strong></span> <span class='ocrx_word' id='word_1_248' title='bbox 2669 1429 2925 1486; x_wconf 81' lang='lat' dir='ltr'><strong>Verbum.</strong></span> <span class='ocrx_word' id='word_1_249' title='bbox 2967 1431 3225 1496; x_wconf 78' lang='lat' dir='ltr'><strong>Quamam</strong></span> <span class='ocrx_word' id='word_1_250' title='bbox 3267 1446 3395 1486; x_wconf 79' lang='lat' dir='ltr'><strong>vero</strong></span> <span class='ocrx_word' id='word_1_251' title='bbox 3444 1433 3664 1487; x_wconf 79' lang='lat' dir='ltr'><strong>tandem</strong></span> 
     </span>
    </p>
   </div>
   <div class='ocr_carea' id='block_1_31' title="bbox 2081 1521 3666 1592">
    <p class='ocr_par' dir='ltr' id='par_1_31' title="bbox 2081 1521 3666 1592">
     <span class='ocr_line' id='line_1_31' title="bbox 2081 1521 3666 1592; baseline 0.003 -18"><span class='ocrx_word' id='word_1_252' title='bbox 2081 1522 2256 1576; x_wconf 79' lang='lat' dir='ltr'><strong>Patris</strong></span> <span class='ocrx_word' id='word_1_253' title='bbox 2297 1533 2445 1588; x_wconf 91' lang='lat' dir='ltr'><strong>sunt,</strong></span> <span class='ocrx_word' id='word_1_254' title='bbox 2491 1531 2850 1592; x_wconf 77' lang='lat' dir='ltr'><strong>praeterquam</strong></span> <span class='ocrx_word' id='word_1_255' title='bbox 2888 1521 3028 1575; x_wconf 84' lang='lat' dir='ltr'><strong>ista?</strong></span> <span class='ocrx_word' id='word_1_256' title='bbox 3059 1524 3137 1575; x_wconf 92' lang='lat' dir='ltr'><strong>An</strong></span> <span class='ocrx_word' id='word_1_257' title='bbox 3181 1522 3347 1578; x_wconf 89' lang='lat' dir='ltr'><strong>Deum</strong></span> <span class='ocrx_word' id='word_1_258' title='bbox 3405 1539 3529 1580; x_wconf 91' lang='lat' dir='ltr'><strong>esse</strong></span> <span class='ocrx_word' id='word_1_259' title='bbox 3561 1523 3666 1578; x_wconf 81' lang='lat' dir='ltr'><strong>Pa-</strong></span> 
     </span>
    </p>
   </div>
   <div class='ocr_carea' id='block_1_32' title="bbox 2082 1613 3667 1689">
    <p class='ocr_par' dir='ltr' id='par_1_32' title="bbox 2082 1613 3667 1689">
     <span class='ocr_line' id='line_1_32' title="bbox 2082 1613 3667 1689; baseline 0.004 -23"><span class='ocrx_word' id='word_1_260' title='bbox 2082 1614 2147 1667; x_wconf 91' lang='lat' dir='ltr'><strong>tri</strong></span> <span class='ocrx_word' id='word_1_261' title='bbox 2205 1615 2499 1668; x_wconf 86' lang='lat' dir='ltr'><strong>convenit?</strong></span> <span class='ocrx_word' id='word_1_262' title='bbox 2549 1615 2713 1670; x_wconf 90' lang='lat' dir='ltr'><strong>etiam</strong></span> <span class='ocrx_word' id='word_1_263' title='bbox 2761 1613 2900 1667; x_wconf 92' lang='lat' dir='ltr'><strong>Filio</strong></span> <span class='ocrx_word' id='word_1_264' title='bbox 2941 1617 3214 1672; x_wconf 82' lang='lat' dir='ltr'><strong>convenit.</strong></span> <span class='ocrx_word' id='word_1_265' title='bbox 3266 1616 3386 1671; x_wconf 83' lang='lat' dir='ltr'><strong>Vita</strong></span> <span class='ocrx_word' id='word_1_266' title='bbox 3445 1619 3667 1689; x_wconf 82' lang='lat' dir='ltr'><strong>propria</strong></span> 
     </span>
    </p>
   </div>
   <div class='ocr_carea' id='block_1_33' title="bbox 388 1705 2006 1786">
    <p class='ocr_par' dir='ltr' id='par_1_33' title="bbox 388 1709 1985 1786">
     <span class='ocr_line' id='line_1_33' title="bbox 388 1709 1985 1786; baseline -0.004 -18"><span class='ocrx_word' id='word_1_267' title='bbox 388 1713 548 1768; x_wconf 86' lang='grc' dir='ltr'>τοῦτο</span> <span class='ocrx_word' id='word_1_268' title='bbox 576 1714 670 1766; x_wconf 67' lang='grc' dir='ltr'><strong>καὶ</strong></span> <span class='ocrx_word' id='word_1_269' title='bbox 702 1713 795 1767; x_wconf 92' lang='grc' dir='ltr'><strong>τοῦ</strong></span> <span class='ocrx_word' id='word_1_270' title='bbox 823 1714 977 1786; x_wconf 22' lang='grc' dir='ltr'>Υίοιῦ.</span> <span class='ocrx_word' id='word_1_271' title='bbox 1018 1711 1079 1766; x_wconf 84' lang='grc' dir='ltr'><strong>Ἦ</strong></span> <span class='ocrx_word' id='word_1_272' title='bbox 1112 1712 1224 1783; x_wconf 79' lang='grc' dir='ltr'>ζωὴ</span> <span class='ocrx_word' id='word_1_273' title='bbox 1254 1712 1347 1766; x_wconf 86' lang='grc' dir='ltr'><strong>τοῦ</strong></span> <span class='ocrx_word' id='word_1_274' title='bbox 1381 1710 1595 1781; x_wconf 73' lang='grc' dir='ltr'>Πατρός</span> <span class='ocrx_word' id='word_1_275' title='bbox 1642 1712 1757 1764; x_wconf 81' lang='grc' dir='ltr'>ἐστι</span> <span class='ocrx_word' id='word_1_276' title='bbox 1783 1727 1797 1775; x_wconf 89' lang='grc'>;</span> <span class='ocrx_word' id='word_1_277' title='bbox 1828 1709 1985 1762; x_wconf 88' lang='grc' dir='ltr'>τοῦτο</span> 
     </span>
    </p>
   </div>
   <div class='ocr_carea' id='block_1_34' title="bbox 2095 1705 3668 1786">
    <p class='ocr_par' dir='ltr' id='par_1_34' title="bbox 2095 1705 3668 1767">
     <span class='ocr_line' id='line_1_34' title="bbox 2095 1705 3668 1767; baseline 0.005 -8"><span class='ocrx_word' id='word_1_278' title='bbox 2095 1706 2266 1761; x_wconf 82' lang='lat' dir='ltr'><strong>Patris</strong></span> <span class='ocrx_word' id='word_1_279' title='bbox 2312 1706 2437 1760; x_wconf 90' lang='lat' dir='ltr'><strong>est?</strong></span> <span class='ocrx_word' id='word_1_280' title='bbox 2464 1714 2544 1762; x_wconf 86' lang='lat' dir='ltr'><strong>est</strong></span> <span class='ocrx_word' id='word_1_281' title='bbox 2574 1715 2628 1762; x_wconf 89' lang='lat' dir='ltr'><strong>et</strong></span> <span class='ocrx_word' id='word_1_282' title='bbox 2674 1705 2815 1762; x_wconf 87' lang='lat' dir='ltr'><strong>Filii.</strong></span> <span class='ocrx_word' id='word_1_283' title='bbox 2855 1707 3051 1764; x_wconf 76' lang='lat' dir='ltr'><strong>Lucem</strong></span> <span class='ocrx_word' id='word_1_284' title='bbox 3091 1725 3210 1765; x_wconf 91' lang='lat' dir='ltr'><strong>esse</strong></span> <span class='ocrx_word' id='word_1_285' title='bbox 3261 1709 3412 1766; x_wconf 86' lang='lat' dir='ltr'><strong>Patri</strong></span> <span class='ocrx_word' id='word_1_286' title='bbox 3474 1712 3668 1767; x_wconf 80' lang='lat' dir='ltr'><strong>tribui-</strong></span> 
     </span>
    </p>
   </div>
   <div class='ocr_carea' id='block_1_35' title="bbox 391 1802 1982 1876">
    <p class='ocr_par' dir='ltr' id='par_1_35' title="bbox 391 1802 1982 1876">
     <span class='ocr_line' id='line_1_35' title="bbox 391 1802 1982 1876; baseline -0.004 -16"><span class='ocrx_word' id='word_1_287' title='bbox 391 1806 487 1860; x_wconf 72' lang='grc' dir='ltr'>καὶ</span> <span class='ocrx_word' id='word_1_288' title='bbox 513 1805 606 1860; x_wconf 88' lang='grc' dir='ltr'><strong>τοῦ</strong></span> <span class='ocrx_word' id='word_1_289' title='bbox 643 1806 793 1860; x_wconf 85' lang='grc' dir='ltr'>Υίοῦ.</span> <span class='ocrx_word' id='word_1_290' title='bbox 828 1807 902 1859; x_wconf 78' lang='grc' dir='ltr'><strong>Τὸ</strong></span> <span class='ocrx_word' id='word_1_291' title='bbox 927 1806 1041 1875; x_wconf 83' lang='grc' dir='ltr'><strong>φῶς</strong></span> <span class='ocrx_word' id='word_1_292' title='bbox 1067 1805 1162 1859; x_wconf 83' lang='grc' dir='ltr'><strong>τοῦ</strong></span> <span class='ocrx_word' id='word_1_293' title='bbox 1206 1805 1450 1876; x_wconf 76' lang='grc' dir='ltr'>Πατρόςς</span> <span class='ocrx_word' id='word_1_294' title='bbox 1483 1803 1727 1873; x_wconf 88' lang='grc' dir='ltr'>δηλονότι</span> <span class='ocrx_word' id='word_1_295' title='bbox 1765 1803 1861 1855; x_wconf 73' lang='grc' dir='ltr'>καὶ</span> <span class='ocrx_word' id='word_1_296' title='bbox 1888 1802 1982 1854; x_wconf 87' lang='grc' dir='ltr'><strong>τοῦ</strong></span> 
     </span>
    </p>
   </div>
   <div class='ocr_carea' id='block_1_36' title="bbox 393 1887 1984 1967">
    <p class='ocr_par' dir='ltr' id='par_1_36' title="bbox 393 1887 1984 1967">
     <span class='ocr_line' id='line_1_36' title="bbox 393 1887 1984 1967; baseline -0.003 -16"><span class='ocrx_word' id='word_1_297' title='bbox 393 1897 546 1951; x_wconf 85' lang='grc' dir='ltr'>Υἱοῦ.</span> <span class='ocrx_word' id='word_1_298' title='bbox 583 1897 657 1949; x_wconf 85' lang='grc' dir='ltr'><strong>Τὸ</strong></span> <span class='ocrx_word' id='word_1_299' title='bbox 701 1897 970 1950; x_wconf 76' lang='grc' dir='ltr'>ἀθάνατον</span> <span class='ocrx_word' id='word_1_300' title='bbox 1013 1887 1105 1948; x_wconf 77' lang='grc' dir='ltr'><strong>τοῦ</strong></span> <span class='ocrx_word' id='word_1_301' title='bbox 1150 1895 1400 1967; x_wconf 85' lang='grc' dir='ltr'>Πατρός;</span> <span class='ocrx_word' id='word_1_302' title='bbox 1451 1894 1713 1957; x_wconf 79' lang='grc' dir='ltr'><strong>ὡσαύτως</strong></span> <span class='ocrx_word' id='word_1_303' title='bbox 1751 1894 1847 1948; x_wconf 73' lang='grc' dir='ltr'><strong>καὶ</strong></span> <span class='ocrx_word' id='word_1_304' title='bbox 1890 1891 1984 1946; x_wconf 81' lang='grc' dir='ltr'><strong>τοῦ</strong></span> 
     </span>
    </p>
   </div>
   <div class='ocr_carea' id='block_1_37' title="bbox 393 1981 1985 2057">
    <p class='ocr_par' dir='ltr' id='par_1_37' title="bbox 393 1981 1985 2057">
     <span class='ocr_line' id='line_1_37' title="bbox 393 1981 1985 2057; baseline -0.003 -18"><span class='ocrx_word' id='word_1_305' title='bbox 393 1987 548 2040; x_wconf 72' lang='grc' dir='ltr'>Υίοῦ.</span> <span class='ocrx_word' id='word_1_306' title='bbox 599 1985 674 2039; x_wconf 75' lang='grc' dir='ltr'>Τὸ</span> <span class='ocrx_word' id='word_1_307' title='bbox 730 1987 1114 2057; x_wconf 79' lang='grc' dir='ltr'>ἀκατάληπτον</span> <span class='ocrx_word' id='word_1_308' title='bbox 1161 1985 1254 2038; x_wconf 86' lang='grc' dir='ltr'><strong>τοῦ</strong></span> <span class='ocrx_word' id='word_1_309' title='bbox 1299 1984 1514 2056; x_wconf 65' lang='lat' dir='ltr'><strong>Ila-cpi);</strong></span> <span class='ocrx_word' id='word_1_310' title='bbox 1558 1981 1664 2036; x_wconf 57' lang='grc' dir='ltr'>καῖ</span> <span class='ocrx_word' id='word_1_311' title='bbox 1688 1981 1782 2036; x_wconf 87' lang='grc' dir='ltr'><strong>τοῦ</strong></span> <span class='ocrx_word' id='word_1_312' title='bbox 1831 1983 1985 2036; x_wconf 82' lang='grc' dir='ltr'>Υἱοῦ.</span> 
     </span>
    </p>
   </div>
   <div class='ocr_carea' id='block_1_38' title="bbox 396 2075 1989 2148">
    <p class='ocr_par' dir='ltr' id='par_1_38' title="bbox 396 2075 1989 2148">
     <span class='ocr_line' id='line_1_38' title="bbox 396 2075 1989 2148; baseline -0.003 -15"><span class='ocrx_word' id='word_1_313' title='bbox 396 2080 582 2135; x_wconf 84' lang='grc' dir='ltr'>Πάντα</span> <span class='ocrx_word' id='word_1_314' title='bbox 610 2075 680 2132; x_wconf 78' lang='grc' dir='ltr'>τὰ</span> <span class='ocrx_word' id='word_1_315' title='bbox 711 2077 804 2132; x_wconf 90' lang='grc' dir='ltr'><strong>τοῦ</strong></span> <span class='ocrx_word' id='word_1_316' title='bbox 840 2080 1052 2148; x_wconf 74' lang='grc' dir='ltr'>[ἰατρὸς</span> <span class='ocrx_word' id='word_1_317' title='bbox 1086 2078 1180 2131; x_wconf 90' lang='grc' dir='ltr'><strong>τοῦ</strong></span> <span class='ocrx_word' id='word_1_318' title='bbox 1217 2076 1346 2132; x_wconf 83' lang='grc' dir='ltr'>Υίοῦ</span> <span class='ocrx_word' id='word_1_319' title='bbox 1390 2079 1558 2130; x_wconf 75' lang='grc' dir='ltr'>ἐστιν.</span> <span class='ocrx_word' id='word_1_320' title='bbox 1594 2077 1656 2129; x_wconf 85' lang='grc' dir='ltr'><strong>Εἰ</strong></span> <span class='ocrx_word' id='word_1_321' title='bbox 1697 2075 1875 2128; x_wconf 80' lang='grc' dir='ltr'>τοίνυν</span> <span class='ocrx_word' id='word_1_322' title='bbox 1918 2075 1989 2128; x_wconf 70' lang='grc' dir='ltr'>τὰ</span> 
     </span>
    </p>
   </div>
   <div class='ocr_carea' id='block_1_39' title="bbox 395 2166 1985 2242">
    <p class='ocr_par' dir='ltr' id='par_1_39' title="bbox 395 2166 1985 2242">
     <span class='ocr_line' id='line_1_39' title="bbox 395 2166 1985 2242; baseline -0.004 -18"><span class='ocrx_word' id='word_1_323' title='bbox 395 2171 490 2224; x_wconf 88' lang='grc' dir='ltr'><strong>τοῦ</strong></span> <span class='ocrx_word' id='word_1_324' title='bbox 519 2172 750 2242; x_wconf 86' lang='grc' dir='ltr'>Πατρὸς.</span> <span class='ocrx_word' id='word_1_325' title='bbox 784 2171 948 2222; x_wconf 84' lang='grc' dir='ltr'>αὐτοῦ</span> <span class='ocrx_word' id='word_1_326' title='bbox 987 2173 1119 2234; x_wconf 82' lang='grc' dir='ltr'>ἐστι,</span> <span class='ocrx_word' id='word_1_327' title='bbox 1151 2169 1245 2222; x_wconf 78' lang='grc' dir='ltr'><strong>καὶ</strong></span> <span class='ocrx_word' id='word_1_328' title='bbox 1281 2171 1312 2239; x_wconf 79' lang='grc' dir='ltr'><strong>ἡ</strong></span> <span class='ocrx_word' id='word_1_329' title='bbox 1357 2171 1414 2221; x_wconf 80' lang='grc' dir='ltr'><strong>ἐν</strong></span> <span class='ocrx_word' id='word_1_330' title='bbox 1448 2167 1526 2239; x_wconf 81' lang='grc' dir='ltr'>τῷ</span> <span class='ocrx_word' id='word_1_331' title='bbox 1559 2168 1734 2238; x_wconf 76' lang='grc' dir='ltr'>Πατρὶ</span> <span class='ocrx_word' id='word_1_332' title='bbox 1766 2166 1985 2234; x_wconf 81' lang='grc' dir='ltr'>γνῶσις,</span> 
     </span>
    </p>
   </div>
   <div class='ocr_carea' id='block_1_40' title="bbox 395 2256 1982 2331">
    <p class='ocr_par' dir='ltr' id='par_1_40' title="bbox 395 2256 1982 2331">
     <span class='ocr_line' id='line_1_40' title="bbox 395 2256 1982 2331; baseline -0.003 -17"><span class='ocrx_word' id='word_1_333' title='bbox 395 2263 490 2315; x_wconf 67' lang='grc' dir='ltr'>καὶ</span> <span class='ocrx_word' id='word_1_334' title='bbox 527 2263 584 2314; x_wconf 77' lang='grc' dir='ltr'>ἐν</span> <span class='ocrx_word' id='word_1_335' title='bbox 631 2259 708 2331; x_wconf 83' lang='grc' dir='ltr'><strong>τῷ</strong></span> <span class='ocrx_word' id='word_1_336' title='bbox 742 2258 855 2330; x_wconf 82' lang='grc' dir='ltr'><strong>Υίῷ</strong></span> <span class='ocrx_word' id='word_1_337' title='bbox 895 2261 989 2312; x_wconf 72' lang='grc' dir='ltr'>καὶ</span> <span class='ocrx_word' id='word_1_338' title='bbox 1040 2261 1096 2312; x_wconf 82' lang='grc' dir='ltr'>ὲν</span> <span class='ocrx_word' id='word_1_339' title='bbox 1139 2257 1215 2330; x_wconf 80' lang='grc' dir='ltr'>τῷ</span> <span class='ocrx_word' id='word_1_340' title='bbox 1245 2258 1384 2329; x_wconf 82' lang='grc' dir='ltr'>ἁγίῳ</span> <span class='ocrx_word' id='word_1_341' title='bbox 1418 2256 1696 2328; x_wconf 85' lang='grc' dir='ltr'>Πνεύματι</span> <span class='ocrx_word' id='word_1_342' title='bbox 1729 2257 1982 2328; x_wconf 66' lang='grc' dir='ltr'>ὑπάρχει.</span> 
     </span>
    </p>
   </div>
   <div class='ocr_carea' id='block_1_41' title="bbox 395 2349 1987 2424">
    <p class='ocr_par' dir='ltr' id='par_1_41' title="bbox 395 2349 1987 2424">
     <span class='ocr_line' id='line_1_41' title="bbox 395 2349 1987 2424; baseline -0.006 -15"><span class='ocrx_word' id='word_1_343' title='bbox 395 2356 458 2409; x_wconf 84' lang='lat' dir='ltr'><strong>Ei</strong></span> <span class='ocrx_word' id='word_1_344' title='bbox 485 2354 542 2408; x_wconf 84' lang='grc' dir='ltr'><strong>δέ</strong></span> <span class='ocrx_word' id='word_1_345' title='bbox 584 2372 668 2419; x_wconf 87' lang='grc' dir='ltr'><strong>τις</strong></span> <span class='ocrx_word' id='word_1_346' title='bbox 698 2353 904 2424; x_wconf 80' lang='grc' dir='ltr'>νομίζει</span> <span class='ocrx_word' id='word_1_347' title='bbox 935 2351 1026 2405; x_wconf 72' lang='grc' dir='ltr'>τὸν</span> <span class='ocrx_word' id='word_1_348' title='bbox 1070 2352 1200 2405; x_wconf 81' lang='grc' dir='ltr'>Υίὸν</span> <span class='ocrx_word' id='word_1_349' title='bbox 1235 2353 1446 2420; x_wconf 76' lang='grc' dir='ltr'>ἀγνοεῖν</span> <span class='ocrx_word' id='word_1_350' title='bbox 1484 2349 1580 2421; x_wconf 80' lang='grc' dir='ltr'>τὴν</span> <span class='ocrx_word' id='word_1_351' title='bbox 1615 2350 1847 2420; x_wconf 79' lang='grc' dir='ltr'>ἡμέραν,</span> <span class='ocrx_word' id='word_1_352' title='bbox 1881 2366 1987 2419; x_wconf 79' lang='grc' dir='ltr'>μα-</span> 
     </span>
    </p>
   </div>
   <div class='ocr_carea' id='block_1_42' title="bbox 395 2442 1988 2518">
    <p class='ocr_par' dir='ltr' id='par_1_42' title="bbox 395 2442 1988 2518">
     <span class='ocr_line' id='line_1_42' title="bbox 395 2442 1988 2518; baseline -0.006 -16"><span class='ocrx_word' id='word_1_353' title='bbox 395 2448 535 2502; x_wconf 87' lang='grc' dir='ltr'>θέτω</span> <span class='ocrx_word' id='word_1_354' title='bbox 564 2450 593 2501; x_wconf 91' lang='lat'><strong>6</strong></span> <span class='ocrx_word' id='word_1_355' title='bbox 617 2446 852 2518; x_wconf 81' lang='grc' dir='ltr'>ἀμαθὴς,</span> <span class='ocrx_word' id='word_1_356' title='bbox 884 2445 978 2498; x_wconf 72' lang='grc' dir='ltr'><strong>καὶ</strong></span> <span class='ocrx_word' id='word_1_357' title='bbox 1005 2443 1077 2515; x_wconf 86' lang='grc' dir='ltr'><strong>μὴ</strong></span> <span class='ocrx_word' id='word_1_358' title='bbox 1114 2443 1525 2514; x_wconf 76' lang='grc' dir='ltr'>βλασφημείτω,</span> <span class='ocrx_word' id='word_1_359' title='bbox 1572 2443 1849 2515; x_wconf 83' lang='grc' dir='ltr'>Προτείνω</span> <span class='ocrx_word' id='word_1_360' title='bbox 1878 2442 1988 2512; x_wconf 69' lang='grc' dir='ltr'><strong>γὰρ</strong></span> 
     </span>
    </p>
   </div>
   <div class='ocr_carea' id='block_1_43' title="bbox 395 2529 1984 2610">
    <p class='ocr_par' dir='ltr' id='par_1_43' title="bbox 395 2529 1984 2610">
     <span class='ocr_line' id='line_1_43' title="bbox 395 2529 1984 2610; baseline -0.004 -18"><span class='ocrx_word' id='word_1_361' title='bbox 395 2539 545 2610; x_wconf 81' lang='grc' dir='ltr'>αὐτῷ</span> <span class='ocrx_word' id='word_1_362' title='bbox 572 2538 794 2608; x_wconf 81' lang='grc' dir='ltr'>γνῶσιν,</span> <span class='ocrx_word' id='word_1_363' title='bbox 827 2537 922 2591; x_wconf 71' lang='grc' dir='ltr'><strong>καὶ</strong></span> <span class='ocrx_word' id='word_1_364' title='bbox 953 2534 1242 2605; x_wconf 83' lang='grc' dir='ltr'>γνώσεται.</span> <span class='ocrx_word' id='word_1_365' title='bbox 1285 2535 1424 2604; x_wconf 84' lang='grc' dir='ltr'>Λέγε</span> <span class='ocrx_word' id='word_1_366' title='bbox 1472 2553 1581 2606; x_wconf 86' lang='grc' dir='ltr'>μοι,</span> <span class='ocrx_word' id='word_1_367' title='bbox 1625 2529 1669 2588; x_wconf 82' lang='grc' dir='ltr'><strong>ὦ</strong></span> <span class='ocrx_word' id='word_1_368' title='bbox 1702 2534 1984 2604; x_wconf 82' lang='grc' dir='ltr'>ἀγαπητέ·</span> 
     </span>
    </p>
   </div>
   <div class='ocr_carea' id='block_1_44' title="bbox 396 2625 1990 2701">
    <p class='ocr_par' dir='ltr' id='par_1_44' title="bbox 396 2625 1990 2701">
     <span class='ocr_line' id='line_1_44' title="bbox 396 2625 1990 2701; baseline -0.002 -18"><span class='ocrx_word' id='word_1_369' title='bbox 396 2663 464 2672; x_wconf 91' lang='grc'><strong><em>--</em></strong></span> <span class='ocrx_word' id='word_1_370' title='bbox 483 2629 763 2701; x_wconf 73' lang='grc' dir='ltr'>ἀγαπητὸν</span> <span class='ocrx_word' id='word_1_371' title='bbox 796 2629 904 2700; x_wconf 88' lang='grc' dir='ltr'><strong>γάρ</strong></span> <span class='ocrx_word' id='word_1_372' title='bbox 939 2646 996 2681; x_wconf 89' lang='grc' dir='ltr'><strong>σε</strong></span> <span class='ocrx_word' id='word_1_373' title='bbox 1017 2627 1188 2690; x_wconf 82' lang='grc' dir='ltr'>καλῶ,</span> <span class='ocrx_word' id='word_1_374' title='bbox 1215 2627 1403 2679; x_wconf 79' lang='grc' dir='ltr'>οὐδένα</span> <span class='ocrx_word' id='word_1_375' title='bbox 1431 2627 1539 2698; x_wconf 83' lang='grc' dir='ltr'><strong>γάρ</strong></span> <span class='ocrx_word' id='word_1_376' title='bbox 1572 2627 1734 2698; x_wconf 83' lang='grc' dir='ltr'>μισῶ,</span> <span class='ocrx_word' id='word_1_377' title='bbox 1775 2625 1807 2696; x_wconf 84' lang='grc' dir='ltr'>ἢ</span> <span class='ocrx_word' id='word_1_378' title='bbox 1833 2626 1990 2696; x_wconf 86' lang='grc' dir='ltr'>μόνον</span> 
     </span>
    </p>
   </div>
   <div class='ocr_carea' id='block_1_45' title="bbox 393 2719 1992 2791">
    <p class='ocr_par' dir='ltr' id='par_1_45' title="bbox 393 2719 1992 2791">
     <span class='ocr_line' id='line_1_45' title="bbox 393 2719 1992 2791; baseline -0.003 -15"><span class='ocrx_word' id='word_1_379' title='bbox 393 2722 487 2776; x_wconf 74' lang='grc' dir='ltr'><strong>τδν</strong></span> <span class='ocrx_word' id='word_1_380' title='bbox 507 2721 749 2775; x_wconf 77' lang='grc' dir='ltr'>διάϐολον</span> <span class='ocrx_word' id='word_1_381' title='bbox 776 2721 872 2774; x_wconf 81' lang='grc' dir='ltr'><strong>καὶ</strong></span> <span class='ocrx_word' id='word_1_382' title='bbox 900 2720 970 2773; x_wconf 81' lang='grc' dir='ltr'>τὰ</span> <span class='ocrx_word' id='word_1_383' title='bbox 999 2720 1134 2791; x_wconf 77' lang='grc' dir='ltr'>ἔργα</span> <span class='ocrx_word' id='word_1_384' title='bbox 1154 2719 1249 2773; x_wconf 91' lang='grc' dir='ltr'><strong>τοῦ</strong></span> <span class='ocrx_word' id='word_1_385' title='bbox 1301 2719 1548 2773; x_wconf 79' lang='grc' dir='ltr'>διαϐόλου</span> <span class='ocrx_word' id='word_1_386' title='bbox 1573 2721 1666 2772; x_wconf 73' lang='grc' dir='ltr'><strong>καὶ</strong></span> <span class='ocrx_word' id='word_1_387' title='bbox 1699 2720 1796 2790; x_wconf 80' lang='grc' dir='ltr'>τὴν</span> <span class='ocrx_word' id='word_1_388' title='bbox 1827 2736 1992 2772; x_wconf 83' lang='grc' dir='ltr'>κακο-</span> 
     </span>
    </p>
   </div>
   <div class='ocr_carea' id='block_1_46' title="bbox 396 2811 1992 2884">
    <p class='ocr_par' dir='ltr' id='par_1_46' title="bbox 396 2811 1992 2884">
     <span class='ocr_line' id='line_1_46' title="bbox 396 2811 1992 2884; baseline -0.002 -17"><span class='ocrx_word' id='word_1_389' title='bbox 396 2813 639 2877; x_wconf 79' lang='grc' dir='ltr'>πιστίαν,</span> <span class='ocrx_word' id='word_1_390' title='bbox 672 2813 764 2867; x_wconf 76' lang='grc' dir='ltr'><strong>ἐπὶ</strong></span> <span class='ocrx_word' id='word_1_391' title='bbox 795 2814 878 2866; x_wconf 70' lang='grc' dir='ltr'><strong>σοὶ</strong></span> <span class='ocrx_word' id='word_1_392' title='bbox 918 2813 976 2866; x_wconf 86' lang='grc' dir='ltr'>δὲ</span> <span class='ocrx_word' id='word_1_393' title='bbox 1023 2812 1274 2884; x_wconf 61' lang='grc' dir='ltr'>εὖχομαι,</span> <span class='ocrx_word' id='word_1_394' title='bbox 1303 2813 1387 2865; x_wconf 78' lang='grc' dir='ltr'><strong>ἵνα</strong></span> <span class='ocrx_word' id='word_1_395' title='bbox 1422 2811 1582 2884; x_wconf 77' lang='grc' dir='ltr'>ἔλθῃς</span> <span class='ocrx_word' id='word_1_396' title='bbox 1628 2814 1707 2876; x_wconf 87' lang='grc' dir='ltr'><strong>είς</strong></span> <span class='ocrx_word' id='word_1_397' title='bbox 1749 2812 1848 2881; x_wconf 72' lang='grc' dir='ltr'>τὴν</span> <span class='ocrx_word' id='word_1_398' title='bbox 1898 2812 1992 2865; x_wconf 89' lang='grc' dir='ltr'><strong>τοῦ</strong></span> 
     </span>
    </p>
   </div>
   <div class='ocr_carea' id='block_1_47' title="bbox 392 2902 1994 2977">
    <p class='ocr_par' dir='ltr' id='par_1_47' title="bbox 392 2902 1994 2977">
     <span class='ocr_line' id='line_1_47' title="bbox 392 2902 1994 2977; baseline 0 -21"><span class='ocrx_word' id='word_1_399' title='bbox 392 2903 533 2957; x_wconf 79' lang='grc' dir='ltr'>Θεοῦ</span> <span class='ocrx_word' id='word_1_400' title='bbox 561 2902 840 2973; x_wconf 82' lang='grc' dir='ltr'>ἀλήθειαν,</span> <span class='ocrx_word' id='word_1_401' title='bbox 870 2905 963 2958; x_wconf 76' lang='grc' dir='ltr'><strong>καὶ</strong></span> <span class='ocrx_word' id='word_1_402' title='bbox 1001 2903 1075 2976; x_wconf 78' lang='grc' dir='ltr'>μὴ</span> <span class='ocrx_word' id='word_1_403' title='bbox 1124 2903 1345 2958; x_wconf 76' lang='grc' dir='ltr'>σεαυτὸν</span> <span class='ocrx_word' id='word_1_404' title='bbox 1383 2903 1658 2977; x_wconf 80' lang='grc' dir='ltr'>ἀπολέσῃς</span> <span class='ocrx_word' id='word_1_405' title='bbox 1704 2905 1762 2958; x_wconf 83' lang='grc' dir='ltr'>ὲν</span> <span class='ocrx_word' id='word_1_406' title='bbox 1807 2906 1874 2974; x_wconf 82' lang='grc' dir='ltr'>τῇ</span> <span class='ocrx_word' id='word_1_407' title='bbox 1915 2907 1994 2966; x_wconf 83' lang='grc' dir='ltr'>εἰς</span> 
     </span>
    </p>
   </div>
   <div class='ocr_carea' id='block_1_48' title="bbox 397 2995 1993 3067">
    <p class='ocr_par' dir='ltr' id='par_1_48' title="bbox 397 2995 1993 3067">
     <span class='ocr_line' id='line_1_48' title="bbox 397 2995 1993 3067; baseline -0.002 -17"><span class='ocrx_word' id='word_1_408' title='bbox 397 2995 533 3050; x_wconf 76' lang='grc' dir='ltr'>Θεὸν</span> <span class='ocrx_word' id='word_1_409' title='bbox 557 2996 896 3067; x_wconf 71' lang='grc' dir='ltr'><strong>βλασφημίᾳ.</strong></span> <span class='ocrx_word' id='word_1_410' title='bbox 916 2996 1096 3050; x_wconf 85' lang='grc' dir='ltr'>Βαθέα</span> <span class='ocrx_word' id='word_1_411' title='bbox 1119 2997 1228 3066; x_wconf 88' lang='grc' dir='ltr'><strong>γάρ</strong></span> <span class='ocrx_word' id='word_1_412' title='bbox 1251 2997 1355 3049; x_wconf 82' lang='grc' dir='ltr'>εἰσι</span> <span class='ocrx_word' id='word_1_413' title='bbox 1385 2997 1452 3050; x_wconf 81' lang='grc' dir='ltr'>τὰ</span> <span class='ocrx_word' id='word_1_414' title='bbox 1477 2998 1696 3067; x_wconf 78' lang='grc' dir='ltr'>ῥήματα</span> <span class='ocrx_word' id='word_1_415' title='bbox 1718 2995 1812 3049; x_wconf 90' lang='grc' dir='ltr'><strong>τοῦ</strong></span> <span class='ocrx_word' id='word_1_416' title='bbox 1837 2996 1993 3064; x_wconf 80' lang='grc' dir='ltr'>ἁγίου</span> 
     </span>
    </p>
   </div>
   <div class='ocr_carea' id='block_1_49' title="bbox 2087 1797 3667 1874">
    <p class='ocr_par' dir='ltr' id='par_1_49' title="bbox 2087 1797 3667 1874">
     <span class='ocr_line' id='line_1_49' title="bbox 2087 1797 3667 1874; baseline 0.008 -25"><span class='ocrx_word' id='word_1_417' title='bbox 2087 1798 2214 1850; x_wconf 85' lang='lat' dir='ltr'><strong>tur?</strong></span> <span class='ocrx_word' id='word_1_418' title='bbox 2257 1797 2521 1852; x_wconf 82' lang='lat' dir='ltr'><strong>tribuitur</strong></span> <span class='ocrx_word' id='word_1_419' title='bbox 2565 1807 2621 1853; x_wconf 85' lang='lat' dir='ltr'><strong>et</strong></span> <span class='ocrx_word' id='word_1_420' title='bbox 2670 1798 2829 1854; x_wconf 86' lang='lat' dir='ltr'><strong>Filio.</strong></span> <span class='ocrx_word' id='word_1_421' title='bbox 2877 1800 3244 1856; x_wconf 88' lang='lat' dir='ltr'><strong>Immortalem</strong></span> <span class='ocrx_word' id='word_1_422' title='bbox 3293 1819 3418 1859; x_wconf 90' lang='lat' dir='ltr'><strong>esse</strong></span> <span class='ocrx_word' id='word_1_423' title='bbox 3444 1806 3667 1874; x_wconf 84' lang='lat' dir='ltr'><strong>propria</strong></span> 
     </span>
    </p>
   </div>
   <div class='ocr_carea' id='block_1_50' title="bbox 2087 1888 3669 1954">
    <p class='ocr_par' dir='ltr' id='par_1_50' title="bbox 2087 1888 3669 1954">
     <span class='ocr_line' id='line_1_50' title="bbox 2087 1888 3669 1954; baseline 0.009 -15"><span class='ocrx_word' id='word_1_424' title='bbox 2087 1888 2273 1943; x_wconf 87' lang='lat' dir='ltr'><strong>Patris</strong></span> <span class='ocrx_word' id='word_1_425' title='bbox 2316 1889 2561 1943; x_wconf 86' lang='lat' dir='ltr'><strong>conditio</strong></span> <span class='ocrx_word' id='word_1_426' title='bbox 2599 1890 2715 1945; x_wconf 80' lang='lat' dir='ltr'><strong>est?</strong></span> <span class='ocrx_word' id='word_1_427' title='bbox 2743 1897 2826 1945; x_wconf 89' lang='lat' dir='ltr'><strong>est</strong></span> <span class='ocrx_word' id='word_1_428' title='bbox 2858 1892 3107 1947; x_wconf 79' lang='lat' dir='ltr'><strong>videlicet</strong></span> <span class='ocrx_word' id='word_1_429' title='bbox 3137 1905 3191 1948; x_wconf 87' lang='lat' dir='ltr'><strong>et</strong></span> <span class='ocrx_word' id='word_1_430' title='bbox 3223 1893 3368 1950; x_wconf 85' lang='lat' dir='ltr'><strong>Filii.</strong></span> <span class='ocrx_word' id='word_1_431' title='bbox 3407 1895 3669 1954; x_wconf 83' lang='lat' dir='ltr'><strong>Similiter</strong></span> 
     </span>
    </p>
   </div>
   <div class='ocr_carea' id='block_1_51' title="bbox 2093 1979 3665 2061">
    <p class='ocr_par' dir='ltr' id='par_1_51' title="bbox 2093 1979 3665 2061">
     <span class='ocr_line' id='line_1_51' title="bbox 2093 1979 3665 2061; baseline 0.01 -29"><span class='ocrx_word' id='word_1_432' title='bbox 2093 1979 2650 2050; x_wconf 84' lang='lat' dir='ltr'><strong>incomprehensibile</strong></span> <span class='ocrx_word' id='word_1_433' title='bbox 2691 1990 2798 2036; x_wconf 90' lang='lat' dir='ltr'><strong>tam</strong></span> <span class='ocrx_word' id='word_1_434' title='bbox 2842 1981 2991 2038; x_wconf 88' lang='lat' dir='ltr'><strong>Patri</strong></span> <span class='ocrx_word' id='word_1_435' title='bbox 3021 2001 3184 2054; x_wconf 88' lang='lat' dir='ltr'><strong>quam</strong></span> <span class='ocrx_word' id='word_1_436' title='bbox 3223 1985 3361 2042; x_wconf 88' lang='lat' dir='ltr'><strong>Filio</strong></span> <span class='ocrx_word' id='word_1_437' title='bbox 3391 1992 3665 2061; x_wconf 86' lang='lat' dir='ltr'><strong>congruit.</strong></span> 
     </span>
    </p>
   </div>
   <div class='ocr_carea' id='block_1_52' title="bbox 2093 2070 3670 2144">
    <p class='ocr_par' dir='ltr' id='par_1_52' title="bbox 2093 2070 3670 2144">
     <span class='ocr_line' id='line_1_52' title="bbox 2093 2070 3670 2144; baseline 0.01 -23"><span class='ocrx_word' id='word_1_438' title='bbox 2093 2070 2370 2139; x_wconf 84' lang='lat' dir='ltr'><strong>Quidquid</strong></span> <span class='ocrx_word' id='word_1_439' title='bbox 2399 2072 2465 2127; x_wconf 91' lang='lat' dir='ltr'><strong>ad</strong></span> <span class='ocrx_word' id='word_1_440' title='bbox 2497 2071 2714 2128; x_wconf 88' lang='lat' dir='ltr'><strong>Patrem</strong></span> <span class='ocrx_word' id='word_1_441' title='bbox 2759 2075 3015 2144; x_wconf 83' lang='lat' dir='ltr'><strong>pertinet,</strong></span> <span class='ocrx_word' id='word_1_442' title='bbox 3047 2076 3188 2130; x_wconf 84' lang='lat' dir='ltr'><strong>idem</strong></span> <span class='ocrx_word' id='word_1_443' title='bbox 3228 2087 3281 2132; x_wconf 90' lang='lat' dir='ltr'><strong>et</strong></span> <span class='ocrx_word' id='word_1_444' title='bbox 3302 2078 3440 2133; x_wconf 89' lang='lat' dir='ltr'><strong>Filio</strong></span> <span class='ocrx_word' id='word_1_445' title='bbox 3469 2096 3670 2136; x_wconf 80' lang='lat' dir='ltr'><strong>conve-</strong></span> 
     </span>
    </p>
   </div>
   <div class='ocr_carea' id='block_1_53' title="bbox 2092 2163 3668 2244">
    <p class='ocr_par' dir='ltr' id='par_1_53' title="bbox 2092 2163 3668 2244">
     <span class='ocr_line' id='line_1_53' title="bbox 2092 2163 3668 2244; baseline 0.01 -28"><span class='ocrx_word' id='word_1_446' title='bbox 2092 2166 2190 2218; x_wconf 86' lang='lat' dir='ltr'><strong>nit.</strong></span> <span class='ocrx_word' id='word_1_447' title='bbox 2231 2163 2382 2219; x_wconf 84' lang='lat' dir='ltr'><strong>Unde</strong></span> <span class='ocrx_word' id='word_1_448' title='bbox 2423 2167 2469 2221; x_wconf 90' lang='lat' dir='ltr'><strong>si</strong></span> <span class='ocrx_word' id='word_1_449' title='bbox 2503 2181 2566 2221; x_wconf 88' lang='lat' dir='ltr'><strong>ea</strong></span> <span class='ocrx_word' id='word_1_450' title='bbox 2597 2183 2718 2237; x_wconf 69' lang='lat' dir='ltr'><strong>quae</strong></span> <span class='ocrx_word' id='word_1_451' title='bbox 2743 2167 2923 2224; x_wconf 85' lang='lat' dir='ltr'><strong>Patris</strong></span> <span class='ocrx_word' id='word_1_452' title='bbox 2950 2171 3168 2240; x_wconf 84' lang='lat' dir='ltr'><strong>propria</strong></span> <span class='ocrx_word' id='word_1_453' title='bbox 3201 2182 3349 2238; x_wconf 90' lang='lat' dir='ltr'><strong>sunt,</strong></span> <span class='ocrx_word' id='word_1_454' title='bbox 3394 2175 3459 2228; x_wconf 89' lang='lat' dir='ltr'><strong>ad</strong></span> <span class='ocrx_word' id='word_1_455' title='bbox 3489 2175 3668 2244; x_wconf 88' lang='lat' dir='ltr'><strong>ipsum</strong></span> 
     </span>
    </p>
   </div>
   <div class='ocr_carea' id='block_1_54' title="bbox 2092 2260 3669 2334">
    <p class='ocr_par' dir='ltr' id='par_1_54' title="bbox 2092 2260 3669 2334">
     <span class='ocr_line' id='line_1_54' title="bbox 2092 2260 3669 2334; baseline 0.01 -26"><span class='ocrx_word' id='word_1_456' title='bbox 2092 2271 2311 2327; x_wconf 89' lang='lat' dir='ltr'><strong>quoque</strong></span> <span class='ocrx_word' id='word_1_457' title='bbox 2336 2260 2632 2327; x_wconf 86' lang='lat' dir='ltr'><strong>pertinent,</strong></span> <span class='ocrx_word' id='word_1_458' title='bbox 2675 2262 2918 2332; x_wconf 78' lang='lat' dir='ltr'><strong>cognitio</strong></span> <span class='ocrx_word' id='word_1_459' title='bbox 2949 2262 3040 2316; x_wconf 89' lang='lat' dir='ltr'><strong>illa</strong></span> <span class='ocrx_word' id='word_1_460' title='bbox 3073 2280 3196 2333; x_wconf 68' lang='lat' dir='ltr'><strong>quae</strong></span> <span class='ocrx_word' id='word_1_461' title='bbox 3220 2265 3363 2323; x_wconf 90' lang='lat' dir='ltr'><strong>inest</strong></span> <span class='ocrx_word' id='word_1_462' title='bbox 3390 2268 3446 2321; x_wconf 92' lang='lat' dir='ltr'><strong>in</strong></span> <span class='ocrx_word' id='word_1_463' title='bbox 3486 2267 3669 2334; x_wconf 87' lang='lat' dir='ltr'><strong>Patre,</strong></span> 
     </span>
    </p>
   </div>
   <div class='ocr_carea' id='block_1_55' title="bbox 2091 2347 3668 2422">
    <p class='ocr_par' dir='ltr' id='par_1_55' title="bbox 2091 2347 3668 2422">
     <span class='ocr_line' id='line_1_55' title="bbox 2091 2347 3668 2422; baseline 0.006 -20"><span class='ocrx_word' id='word_1_464' title='bbox 2091 2347 2255 2402; x_wconf 89' lang='lat' dir='ltr'><strong>etiam</strong></span> <span class='ocrx_word' id='word_1_465' title='bbox 2301 2349 2355 2403; x_wconf 91' lang='lat' dir='ltr'><strong>in</strong></span> <span class='ocrx_word' id='word_1_466' title='bbox 2392 2347 2532 2404; x_wconf 90' lang='lat' dir='ltr'><strong>Filio</strong></span> <span class='ocrx_word' id='word_1_467' title='bbox 2557 2352 2662 2420; x_wconf 74' lang='lat'><strong>22</strong></span> <span class='ocrx_word' id='word_1_468' title='bbox 2691 2366 2754 2405; x_wconf 90' lang='lat' dir='ltr'><strong>ac</strong></span> <span class='ocrx_word' id='word_1_469' title='bbox 2793 2351 3000 2422; x_wconf 81' lang='lat' dir='ltr'><strong>Spiritu</strong></span> <span class='ocrx_word' id='word_1_470' title='bbox 3046 2362 3239 2410; x_wconf 88' lang='lat' dir='ltr'><strong>sancto</strong></span> <span class='ocrx_word' id='word_1_471' title='bbox 3273 2356 3434 2412; x_wconf 87' lang='lat' dir='ltr'><strong>debet</strong></span> <span class='ocrx_word' id='word_1_472' title='bbox 3467 2359 3668 2415; x_wconf 87' lang='lat' dir='ltr'><strong>inesse.</strong></span> 
     </span>
    </p>
   </div>
   <div class='ocr_carea' id='block_1_56' title="bbox 2091 2438 3671 2515">
    <p class='ocr_par' dir='ltr' id='par_1_56' title="bbox 2091 2438 3671 2515">
     <span class='ocr_line' id='line_1_56' title="bbox 2091 2438 3671 2515; baseline 0.008 -23"><span class='ocrx_word' id='word_1_473' title='bbox 2091 2438 2298 2505; x_wconf 84' lang='lat' dir='ltr'><strong>Quodsi</strong></span> <span class='ocrx_word' id='word_1_474' title='bbox 2331 2441 2454 2512; x_wconf 90' lang='lat' dir='ltr'><strong>quis</strong></span> <span class='ocrx_word' id='word_1_475' title='bbox 2487 2443 2740 2514; x_wconf 81' lang='lat' dir='ltr'><strong>ignorare</strong></span> <span class='ocrx_word' id='word_1_476' title='bbox 2780 2442 2976 2500; x_wconf 88' lang='lat' dir='ltr'><strong>Filium</strong></span> <span class='ocrx_word' id='word_1_477' title='bbox 3003 2446 3144 2501; x_wconf 89' lang='lat' dir='ltr'><strong>diem</strong></span> <span class='ocrx_word' id='word_1_478' title='bbox 3173 2447 3323 2502; x_wconf 90' lang='lat' dir='ltr'><strong>illum</strong></span> <span class='ocrx_word' id='word_1_479' title='bbox 3356 2450 3671 2515; x_wconf 87' lang='lat' dir='ltr'><strong>arbitretur,</strong></span> 
     </span>
    </p>
   </div>
   <div class='ocr_carea' id='block_1_57' title="bbox 2092 2531 3673 2604">
    <p class='ocr_par' dir='ltr' id='par_1_57' title="bbox 2092 2531 3673 2604">
     <span class='ocr_line' id='line_1_57' title="bbox 2092 2531 3673 2604; baseline 0.007 -20"><span class='ocrx_word' id='word_1_480' title='bbox 2092 2531 2270 2586; x_wconf 91' lang='lat' dir='ltr'><strong>discat</strong></span> <span class='ocrx_word' id='word_1_481' title='bbox 2332 2534 2549 2588; x_wconf 88' lang='lat' dir='ltr'><strong>tandem</strong></span> <span class='ocrx_word' id='word_1_482' title='bbox 2597 2534 2884 2604; x_wconf 85' lang='lat' dir='ltr'><strong>imperitus</strong></span> <span class='ocrx_word' id='word_1_483' title='bbox 2939 2536 3063 2602; x_wconf 88' lang='lat' dir='ltr'><strong>iste,</strong></span> <span class='ocrx_word' id='word_1_484' title='bbox 3112 2547 3167 2593; x_wconf 90' lang='lat' dir='ltr'><strong>et</strong></span> <span class='ocrx_word' id='word_1_485' title='bbox 3211 2543 3573 2597; x_wconf 90' lang='lat' dir='ltr'><strong>contumelias</strong></span> <span class='ocrx_word' id='word_1_486' title='bbox 3618 2542 3673 2596; x_wconf 87' lang='lat' dir='ltr'><strong>in</strong></span> 
     </span>
    </p>
   </div>
   <div class='ocr_carea' id='block_1_58' title="bbox 2083 2623 3675 2702">
    <p class='ocr_par' dir='ltr' id='par_1_58' title="bbox 2083 2623 3675 2702">
     <span class='ocr_line' id='line_1_58' title="bbox 2083 2623 3675 2702; baseline 0.008 -26"><span class='ocrx_word' id='word_1_487' title='bbox 2083 2623 2265 2696; x_wconf 80' lang='lat' dir='ltr'><strong>Deum</strong></span> <span class='ocrx_word' id='word_1_488' title='bbox 2310 2625 2496 2694; x_wconf 84' lang='lat' dir='ltr'><strong>jacere</strong></span> <span class='ocrx_word' id='word_1_489' title='bbox 2545 2625 2778 2681; x_wconf 86' lang='lat' dir='ltr'><strong>desinat.</strong></span> <span class='ocrx_word' id='word_1_490' title='bbox 2818 2626 2931 2698; x_wconf 82' lang='lat' dir='ltr'><strong>Ego</strong></span> <span class='ocrx_word' id='word_1_491' title='bbox 2989 2644 3138 2696; x_wconf 80' lang='lat' dir='ltr'><strong>vero,</strong></span> <span class='ocrx_word' id='word_1_492' title='bbox 3189 2647 3298 2702; x_wconf 92' lang='lat' dir='ltr'><strong>quo</strong></span> <span class='ocrx_word' id='word_1_493' title='bbox 3349 2631 3400 2687; x_wconf 89' lang='lat' dir='ltr'><strong>id</strong></span> <span class='ocrx_word' id='word_1_494' title='bbox 3455 2633 3675 2689; x_wconf 80' lang='lat' dir='ltr'><strong>facilius</strong></span> 
     </span>
    </p>
   </div>
   <div class='ocr_carea' id='block_1_59' title="bbox 2096 2716 3672 2792">
    <p class='ocr_par' dir='ltr' id='par_1_59' title="bbox 2096 2716 3672 2792">
     <span class='ocr_line' id='line_1_59' title="bbox 2096 2716 3672 2792; baseline 0.006 -23"><span class='ocrx_word' id='word_1_495' title='bbox 2096 2716 2378 2786; x_wconf 85' lang='lat' dir='ltr'><strong>intelligat.</strong></span> <span class='ocrx_word' id='word_1_496' title='bbox 2397 2716 2665 2785; x_wconf 88' lang='lat' dir='ltr'><strong>ejusmodi</strong></span> <span class='ocrx_word' id='word_1_497' title='bbox 2691 2717 2949 2785; x_wconf 82' lang='lat' dir='ltr'><strong>quiddam</strong></span> <span class='ocrx_word' id='word_1_498' title='bbox 2975 2719 3050 2773; x_wconf 93' lang='lat' dir='ltr'><strong>illi</strong></span> <span class='ocrx_word' id='word_1_499' title='bbox 3081 2736 3365 2792; x_wconf 88' lang='lat' dir='ltr'><strong>propono:</strong></span> <span class='ocrx_word' id='word_1_500' title='bbox 3397 2723 3493 2778; x_wconf 92' lang='lat' dir='ltr'><strong>Dic</strong></span> <span class='ocrx_word' id='word_1_501' title='bbox 3515 2724 3672 2790; x_wconf 87' lang='lat' dir='ltr'><strong>mihi,</strong></span> 
     </span>
    </p>
   </div>
   <div class='ocr_carea' id='block_1_60' title="bbox 2096 2808 3680 2886">
    <p class='ocr_par' dir='ltr' id='par_1_60' title="bbox 2096 2808 3680 2886">
     <span class='ocr_line' id='line_1_60' title="bbox 2096 2808 3680 2886; baseline 0.007 -26"><span class='ocrx_word' id='word_1_502' title='bbox 2096 2822 2303 2876; x_wconf 83' lang='lat' dir='ltr'><strong>quaeso,</strong></span> <span class='ocrx_word' id='word_1_503' title='bbox 2349 2808 2884 2865; x_wconf 80' lang='lat' dir='ltr'><strong>cbarissimez—te</strong></span> <span class='ocrx_word' id='word_1_504' title='bbox 2937 2811 3082 2865; x_wconf 89' lang='lat' dir='ltr'><strong>enim</strong></span> <span class='ocrx_word' id='word_1_505' title='bbox 3141 2813 3528 2870; x_wconf 79' lang='lat' dir='ltr'><strong>cliarissimum</strong></span> <span class='ocrx_word' id='word_1_506' title='bbox 3580 2831 3680 2886; x_wconf 90' lang='lat' dir='ltr'><strong>ap-</strong></span> 
     </span>
    </p>
   </div>
   <div class='ocr_carea' id='block_1_61' title="bbox 2096 2897 3681 2971">
    <p class='ocr_par' dir='ltr' id='par_1_61' title="bbox 2096 2897 3681 2971">
     <span class='ocr_line' id='line_1_61' title="bbox 2096 2897 3681 2971; baseline 0.006 -20"><span class='ocrx_word' id='word_1_507' title='bbox 2096 2897 2264 2966; x_wconf 78' lang='lat' dir='ltr'><strong>pello,</strong></span> <span class='ocrx_word' id='word_1_508' title='bbox 2293 2898 2440 2966; x_wconf 91' lang='lat' dir='ltr'><strong>quod</strong></span> <span class='ocrx_word' id='word_1_509' title='bbox 2479 2899 2750 2953; x_wconf 88' lang='lat' dir='ltr'><strong>neminem</strong></span> <span class='ocrx_word' id='word_1_510' title='bbox 2814 2899 3021 2955; x_wconf 88' lang='lat' dir='ltr'><strong>oderim</strong></span> <span class='ocrx_word' id='word_1_511' title='bbox 3055 2911 3254 2971; x_wconf 68' lang='lat' dir='ltr'><strong>praeter</strong></span> <span class='ocrx_word' id='word_1_512' title='bbox 3291 2905 3567 2960; x_wconf 87' lang='lat' dir='ltr'><strong>diabolum</strong></span> <span class='ocrx_word' id='word_1_513' title='bbox 3595 2916 3681 2961; x_wconf 86' lang='lat' dir='ltr'><strong>at-</strong></span> 
     </span>
    </p>
   </div>
   <div class='ocr_carea' id='block_1_62' title="bbox 2098 2989 3681 3069">
    <p class='ocr_par' dir='ltr' id='par_1_62' title="bbox 2098 2989 3681 3069">
     <span class='ocr_line' id='line_1_62' title="bbox 2098 2989 3681 3069; baseline 0.007 -27"><span class='ocrx_word' id='word_1_514' title='bbox 2098 3003 2206 3058; x_wconf 90' lang='lat' dir='ltr'><strong>que</strong></span> <span class='ocrx_word' id='word_1_515' title='bbox 2230 3003 2393 3058; x_wconf 86' lang='lat' dir='ltr'><strong>opera</strong></span> <span class='ocrx_word' id='word_1_516' title='bbox 2432 2989 2658 3052; x_wconf 86' lang='lat' dir='ltr'><strong>diaboli,</strong></span> <span class='ocrx_word' id='word_1_517' title='bbox 2699 3004 2806 3043; x_wconf 88' lang='lat' dir='ltr'><strong>una</strong></span> <span class='ocrx_word' id='word_1_518' title='bbox 2840 3006 2967 3044; x_wconf 91' lang='lat' dir='ltr'><strong>cum</strong></span> <span class='ocrx_word' id='word_1_519' title='bbox 2994 3008 3249 3062; x_wconf 82' lang='lat' dir='ltr'><strong>perversa</strong></span> <span class='ocrx_word' id='word_1_520' title='bbox 3275 2995 3681 3069; x_wconf 85' lang='lat' dir='ltr'><strong>depravataque</strong></span> 
     </span>
    </p>
   </div>
   <div class='ocr_carea' id='block_1_63' title="bbox 395 3064 2006 3159">
    <p class='ocr_par' dir='ltr' id='par_1_63' title="bbox 395 3064 1992 3158">
     <span class='ocr_line' id='line_1_63' title="bbox 395 3064 1992 3158; baseline 0.001 -19"><span class='ocrx_word' id='word_1_521' title='bbox 395 3064 567 3147; x_wconf 73' lang='grc' dir='ltr'>Θεοῦ,</span> <span class='ocrx_word' id='word_1_522' title='bbox 590 3064 869 3157; x_wconf 78' lang='grc' dir='ltr'>Πνεῦματι</span> <span class='ocrx_word' id='word_1_523' title='bbox 891 3087 947 3140; x_wconf 80' lang='grc' dir='ltr'>δὲ</span> <span class='ocrx_word' id='word_1_524' title='bbox 976 3086 1116 3158; x_wconf 81' lang='grc' dir='ltr'>ἁγίῳ</span> <span class='ocrx_word' id='word_1_525' title='bbox 1144 3064 1231 3140; x_wconf 73' lang='grc' dir='ltr'><strong>διά</strong></span> <span class='ocrx_word' id='word_1_526' title='bbox 1255 3086 1366 3140; x_wconf 82' lang='grc' dir='ltr'><strong>τῶν</strong></span> <span class='ocrx_word' id='word_1_527' title='bbox 1395 3064 1747 3158; x_wconf 67' lang='grc' dir='ltr'>χαρισμάτων</span> <span class='ocrx_word' id='word_1_528' title='bbox 1774 3085 1992 3142; x_wconf 78' lang='grc' dir='ltr'>δίδοται.</span> 
     </span>
    </p>
   </div>
   <div class='ocr_carea' id='block_1_64' title="bbox 2095 3064 3675 3159">
    <p class='ocr_par' dir='ltr' id='par_1_64' title="bbox 2102 3064 3675 3159">
     <span class='ocr_line' id='line_1_64' title="bbox 2102 3064 3675 3159; baseline 0.008 -26"><span class='ocrx_word' id='word_1_529' title='bbox 2102 3079 2225 3144; x_wconf 81' lang='lat' dir='ltr'><strong>ﬁde,</strong></span> <span class='ocrx_word' id='word_1_530' title='bbox 2261 3079 2360 3136; x_wconf 90' lang='lat' dir='ltr'><strong>tibi</strong></span> <span class='ocrx_word' id='word_1_531' title='bbox 2392 3097 2521 3136; x_wconf 79' lang='lat' dir='ltr'><strong>vero</strong></span> <span class='ocrx_word' id='word_1_532' title='bbox 2557 3082 2689 3137; x_wconf 89' lang='lat' dir='ltr'><strong>illud</strong></span> <span class='ocrx_word' id='word_1_533' title='bbox 2740 3098 2769 3136; x_wconf 91' lang='lat' dir='ltr'><strong>a</strong></span> <span class='ocrx_word' id='word_1_534' title='bbox 2797 3083 2904 3138; x_wconf 88' lang='lat' dir='ltr'><strong>Deo</strong></span> <span class='ocrx_word' id='word_1_535' title='bbox 2934 3100 3148 3155; x_wconf 90' lang='lat' dir='ltr'><strong>precor,</strong></span> <span class='ocrx_word' id='word_1_536' title='bbox 3186 3093 3246 3141; x_wconf 86' lang='lat' dir='ltr'><strong>ut</strong></span> <span class='ocrx_word' id='word_1_537' title='bbox 3283 3064 3360 3142; x_wconf 14' lang='lat' dir='ltr'><strong>ad,</strong></span> <span class='ocrx_word' id='word_1_538' title='bbox 3382 3088 3500 3159; x_wconf 86' lang='lat' dir='ltr'><strong>ejus</strong></span> <span class='ocrx_word' id='word_1_539' title='bbox 3534 3064 3675 3146; x_wconf 80' lang='lat' dir='ltr'><strong>veri-</strong></span> 
     </span>
    </p>
   </div>
   <div class='ocr_carea' id='block_1_65' title="bbox 399 3175 1998 3253">
    <p class='ocr_par' dir='ltr' id='par_1_65' title="bbox 399 3175 1998 3253">
     <span class='ocr_line' id='line_1_65' title="bbox 399 3175 1998 3253; baseline 0.001 -20"><span class='ocrx_word' id='word_1_540' title='bbox 399 3175 478 3252; x_wconf 80' lang='grc' dir='ltr'><strong>’ᾯ</strong></span> <span class='ocrx_word' id='word_1_541' title='bbox 505 3180 622 3250; x_wconf 79' lang='grc' dir='ltr'><strong>μὲν</strong></span> <span class='ocrx_word' id='word_1_542' title='bbox 649 3180 781 3253; x_wconf 84' lang='grc' dir='ltr'>γὰρ,</span> <span class='ocrx_word' id='word_1_543' title='bbox 835 3181 990 3253; x_wconf 67' lang='grc' dir='ltr'>φησι,</span> <span class='ocrx_word' id='word_1_544' title='bbox 1036 3181 1266 3236; x_wconf 79' lang='grc' dir='ltr'>δίδοται</span> <span class='ocrx_word' id='word_1_545' title='bbox 1319 3183 1501 3252; x_wconf 77' lang='grc' dir='ltr'>λόγος</span> <span class='ocrx_word' id='word_1_546' title='bbox 1545 3183 1788 3252; x_wconf 61' lang='grc' dir='ltr'>σοφίας,</span> <span class='ocrx_word' id='word_1_547' title='bbox 1837 3175 1885 3249; x_wconf 83' lang='grc' dir='ltr'><strong>ᾧ</strong></span> <span class='ocrx_word' id='word_1_548' title='bbox 1929 3183 1998 3235; x_wconf 79' lang='grc' dir='ltr'>δὲ</span> 
     </span>
    </p>
   </div>
   <div class='ocr_carea' id='block_1_66' title="bbox 395 3271 1996 3342">
    <p class='ocr_par' dir='ltr' id='par_1_66' title="bbox 395 3271 1996 3342">
     <span class='ocr_line' id='line_1_66' title="bbox 395 3271 1996 3342; baseline -0.001 -17"><span class='ocrx_word' id='word_1_549' title='bbox 395 3273 585 3340; x_wconf 64' lang='grc' dir='ltr'>λόγος</span> <span class='ocrx_word' id='word_1_550' title='bbox 636 3271 1075 3337; x_wconf 81' lang='grc' dir='ltr'>διδασκαλίας,</span> <span class='ocrx_word' id='word_1_551' title='bbox 1131 3273 1226 3326; x_wconf 71' lang='grc' dir='ltr'><strong>καὶ</strong></span> <span class='ocrx_word' id='word_1_552' title='bbox 1283 3272 1352 3326; x_wconf 82' lang='grc' dir='ltr'>τὰ</span> <span class='ocrx_word' id='word_1_553' title='bbox 1406 3273 1554 3342; x_wconf 79' lang='grc' dir='ltr'>ἑξῆς.</span> <span class='ocrx_word' id='word_1_554' title='bbox 1607 3273 1677 3328; x_wconf 86' lang='grc' dir='ltr'><strong>Τὸ</strong></span> <span class='ocrx_word' id='word_1_555' title='bbox 1727 3272 1798 3325; x_wconf 82' lang='grc' dir='ltr'>δὲ</span> <span class='ocrx_word' id='word_1_556' title='bbox 1850 3274 1996 3326; x_wconf 72' lang='grc' dir='ltr'>αὐτὸ</span> 
     </span>
    </p>
   </div>
   <div class='ocr_carea' id='block_1_67' title="bbox 398 3362 1999 3432">
    <p class='ocr_par' dir='ltr' id='par_1_67' title="bbox 398 3362 1999 3432">
     <span class='ocr_line' id='line_1_67' title="bbox 398 3362 1999 3432; baseline 0 -16"><span class='ocrx_word' id='word_1_557' title='bbox 398 3363 650 3431; x_wconf 80' lang='grc' dir='ltr'>Πνεῦμα</span> <span class='ocrx_word' id='word_1_558' title='bbox 675 3363 741 3416; x_wconf 85' lang='grc' dir='ltr'>τὸ</span> <span class='ocrx_word' id='word_1_559' title='bbox 766 3362 1046 3429; x_wconf 75' lang='grc' dir='ltr'>διαιροῦν</span> <span class='ocrx_word' id='word_1_560' title='bbox 1070 3363 1307 3427; x_wconf 81' lang='grc' dir='ltr'><strong>ἑκάστῳ</strong></span> <span class='ocrx_word' id='word_1_561' title='bbox 1331 3365 1413 3432; x_wconf 83' lang='grc' dir='ltr'>ὡς</span> <span class='ocrx_word' id='word_1_562' title='bbox 1436 3365 1728 3429; x_wconf 73' lang='grc' dir='ltr'>,βούλεται</span> <span class='ocrx_word' id='word_1_563' title='bbox 1744 3382 1755 3395; x_wconf 73' lang='grc'><em>“</em></span> <span class='ocrx_word' id='word_1_564' title='bbox 1785 3365 1870 3418; x_wconf 77' lang='grc' dir='ltr'>ἵνα</span> <span class='ocrx_word' id='word_1_565' title='bbox 1918 3382 1999 3417; x_wconf 91' lang='grc' dir='ltr'><strong>σοι</strong></span> 
     </span>
    </p>
   </div>
   <div class='ocr_carea' id='block_1_68' title="bbox 397 3454 1998 3526">
    <p class='ocr_par' dir='ltr' id='par_1_68' title="bbox 397 3454 1998 3526">
     <span class='ocr_line' id='line_1_68' title="bbox 397 3454 1998 3526; baseline 0.001 -19"><span class='ocrx_word' id='word_1_566' title='bbox 397 3454 553 3526; x_wconf 83' lang='grc' dir='ltr'>δείξῃ</span> <span class='ocrx_word' id='word_1_567' title='bbox 582 3455 676 3508; x_wconf 79' lang='grc' dir='ltr'><strong>καὶ</strong></span> <span class='ocrx_word' id='word_1_568' title='bbox 707 3454 806 3525; x_wconf 79' lang='grc' dir='ltr'><strong>τὴν</strong></span> <span class='ocrx_word' id='word_1_569' title='bbox 828 3454 921 3508; x_wconf 89' lang='grc' dir='ltr'><strong>τοῦ</strong></span> <span class='ocrx_word' id='word_1_570' title='bbox 957 3454 1112 3524; x_wconf 86' lang='grc' dir='ltr'>ἁγίου</span> <span class='ocrx_word' id='word_1_571' title='bbox 1167 3455 1485 3526; x_wconf 86' lang='grc' dir='ltr'>Πνεύματος</span> <span class='ocrx_word' id='word_1_572' title='bbox 1524 3454 1840 3510; x_wconf 81' lang='grc' dir='ltr'>αὐθεντίαν·</span> <span class='ocrx_word' id='word_1_573' title='bbox 1871 3456 1998 3510; x_wconf 82' lang='grc' dir='ltr'>ὅταν</span> 
     </span>
    </p>
   </div>
   <div class='ocr_carea' id='block_1_69' title="bbox 400 3545 2000 3619">
    <p class='ocr_par' dir='ltr' id='par_1_69' title="bbox 400 3545 2000 3619">
     <span class='ocr_line' id='line_1_69' title="bbox 400 3545 2000 3619; baseline 0.002 -21"><span class='ocrx_word' id='word_1_574' title='bbox 400 3546 516 3617; x_wconf 72' lang='grc' dir='ltr'>γὰρ</span> <span class='ocrx_word' id='word_1_575' title='bbox 540 3546 599 3599; x_wconf 85' lang='grc' dir='ltr'><strong>τὸ</strong></span> <span class='ocrx_word' id='word_1_576' title='bbox 629 3545 758 3600; x_wconf 81' lang='grc' dir='ltr'>αὐτὸ</span> <span class='ocrx_word' id='word_1_577' title='bbox 789 3545 1034 3617; x_wconf 86' lang='grc' dir='ltr'>Πνεῦμα,</span> <span class='ocrx_word' id='word_1_578' title='bbox 1073 3548 1205 3600; x_wconf 83' lang='grc' dir='ltr'>πᾶσι</span> <span class='ocrx_word' id='word_1_579' title='bbox 1229 3547 1298 3601; x_wconf 83' lang='grc' dir='ltr'><strong>τὰ</strong></span> <span class='ocrx_word' id='word_1_580' title='bbox 1322 3548 1639 3619; x_wconf 81' lang='grc' dir='ltr'>χαρίσματα</span> <span class='ocrx_word' id='word_1_581' title='bbox 1682 3548 1898 3601; x_wconf 84' lang='grc' dir='ltr'>δίδωσιν</span> <span class='ocrx_word' id='word_1_582' title='bbox 1923 3549 2000 3612; x_wconf 83' lang='grc' dir='ltr'>ὡς</span> 
     </span>
    </p>
   </div>
   <div class='ocr_carea' id='block_1_70' title="bbox 402 3639 1999 3712">
    <p class='ocr_par' dir='ltr' id='par_1_70' title="bbox 402 3639 1999 3712">
     <span class='ocr_line' id='line_1_70' title="bbox 402 3639 1999 3712; baseline 0 -19"><span class='ocrx_word' id='word_1_583' title='bbox 402 3639 676 3711; x_wconf 84' lang='grc' dir='ltr'>βούλεται.</span> <span class='ocrx_word' id='word_1_584' title='bbox 714 3640 904 3692; x_wconf 72' lang='grc' dir='ltr'>Τοίνυν</span> <span class='ocrx_word' id='word_1_585' title='bbox 934 3639 1316 3711; x_wconf 82' lang='grc' dir='ltr'>παρακάλεσον</span> <span class='ocrx_word' id='word_1_586' title='bbox 1349 3641 1439 3694; x_wconf 76' lang='grc' dir='ltr'><strong>τὸν</strong></span> <span class='ocrx_word' id='word_1_587' title='bbox 1468 3641 1708 3712; x_wconf 80' lang='grc' dir='ltr'>Πατέρα,</span> <span class='ocrx_word' id='word_1_588' title='bbox 1751 3641 1836 3693; x_wconf 79' lang='grc' dir='ltr'><strong>ἵνα</strong></span> <span class='ocrx_word' id='word_1_589' title='bbox 1862 3642 1999 3693; x_wconf 84' lang='grc' dir='ltr'>ἁπο-</span> 
     </span>
    </p>
   </div>
   <div class='ocr_carea' id='block_1_71' title="bbox 404 3729 2000 3804">
    <p class='ocr_par' dir='ltr' id='par_1_71' title="bbox 404 3729 2000 3804">
     <span class='ocr_line' id='line_1_71' title="bbox 404 3729 2000 3804; baseline -0.001 -17"><span class='ocrx_word' id='word_1_590' title='bbox 404 3730 628 3804; x_wconf 74' lang='grc' dir='ltr'>καλύψῃ</span> <span class='ocrx_word' id='word_1_591' title='bbox 656 3748 736 3784; x_wconf 84' lang='grc' dir='ltr'><strong>σοι</strong></span> <span class='ocrx_word' id='word_1_592' title='bbox 766 3729 857 3783; x_wconf 84' lang='grc' dir='ltr'><strong>τὸν</strong></span> <span class='ocrx_word' id='word_1_593' title='bbox 883 3731 1014 3783; x_wconf 78' lang='grc' dir='ltr'>Υίὸν</span> <span class='ocrx_word' id='word_1_594' title='bbox 1033 3747 1045 3762; x_wconf 79' lang='lat'><strong>&#39;</strong></span> <span class='ocrx_word' id='word_1_595' title='bbox 1078 3731 1174 3784; x_wconf 74' lang='grc' dir='ltr'>καὶ</span> <span class='ocrx_word' id='word_1_596' title='bbox 1207 3732 1591 3803; x_wconf 85' lang='grc' dir='ltr'>παρακάλεσον</span> <span class='ocrx_word' id='word_1_597' title='bbox 1614 3733 1705 3786; x_wconf 76' lang='grc' dir='ltr'><strong>τὸν</strong></span> <span class='ocrx_word' id='word_1_598' title='bbox 1735 3733 1883 3794; x_wconf 69' lang='grc' dir='ltr'>Υἱον,</span> <span class='ocrx_word' id='word_1_599' title='bbox 1916 3733 2000 3786; x_wconf 80' lang='grc' dir='ltr'><strong>ἵνα</strong></span> 
     </span>
    </p>
   </div>
   <div class='ocr_carea' id='block_1_72' title="bbox 399 3819 2001 3893">
    <p class='ocr_par' dir='ltr' id='par_1_72' title="bbox 399 3819 2001 3893">
     <span class='ocr_line' id='line_1_72' title="bbox 399 3819 2001 3893; baseline -0.002 -16"><span class='ocrx_word' id='word_1_600' title='bbox 399 3820 738 3891; x_wconf 62' lang='grc' dir='ltr'>ἀποκαλύψῃ</span> <span class='ocrx_word' id='word_1_601' title='bbox 774 3838 856 3873; x_wconf 85' lang='grc' dir='ltr'><strong>σοι</strong></span> <span class='ocrx_word' id='word_1_602' title='bbox 889 3819 981 3872; x_wconf 82' lang='grc' dir='ltr'><strong>τὸν</strong></span> <span class='ocrx_word' id='word_1_603' title='bbox 1013 3820 1256 3891; x_wconf 81' lang='grc' dir='ltr'>Πατέρα.</span> <span class='ocrx_word' id='word_1_604' title='bbox 1289 3822 1400 3875; x_wconf 82' lang='grc' dir='ltr'>Καὶ</span> <span class='ocrx_word' id='word_1_605' title='bbox 1426 3822 1588 3876; x_wconf 88' lang='grc' dir='ltr'>πάλιν</span> <span class='ocrx_word' id='word_1_606' title='bbox 1620 3821 2001 3893; x_wconf 82' lang='grc' dir='ltr'>παρακάλεσον</span> 
     </span>
    </p>
   </div>
   <div class='ocr_carea' id='block_1_73' title="bbox 401 3911 2001 3987">
    <p class='ocr_par' dir='ltr' id='par_1_73' title="bbox 401 3911 2001 3987">
     <span class='ocr_line' id='line_1_73' title="bbox 401 3911 2001 3987; baseline 0.001 -21"><span class='ocrx_word' id='word_1_607' title='bbox 401 3915 502 3967; x_wconf 72' lang='grc' dir='ltr'><strong>τὸν</strong></span> <span class='ocrx_word' id='word_1_608' title='bbox 533 3913 771 3982; x_wconf 83' lang='grc' dir='ltr'>Πατέρα,</span> <span class='ocrx_word' id='word_1_609' title='bbox 802 3912 888 3964; x_wconf 85' lang='grc' dir='ltr'><strong>ἵνα</strong></span> <span class='ocrx_word' id='word_1_610' title='bbox 918 3928 1001 3964; x_wconf 92' lang='grc' dir='ltr'><strong>σοι</strong></span> <span class='ocrx_word' id='word_1_611' title='bbox 1037 3911 1111 3982; x_wconf 84' lang='grc' dir='ltr'><strong>δῷ</strong></span> <span class='ocrx_word' id='word_1_612' title='bbox 1135 3912 1226 3966; x_wconf 85' lang='grc' dir='ltr'><strong>τὸν</strong></span> <span class='ocrx_word' id='word_1_613' title='bbox 1255 3913 1402 3972; x_wconf 80' lang='grc' dir='ltr'>Υἱὸν,</span> <span class='ocrx_word' id='word_1_614' title='bbox 1435 3914 1524 3968; x_wconf 77' lang='grc' dir='ltr'>καὶ</span> <span class='ocrx_word' id='word_1_615' title='bbox 1565 3914 1889 3987; x_wconf 68' lang='grc' dir='ltr'>ἀποκαλύψῃ</span> <span class='ocrx_word' id='word_1_616' title='bbox 1920 3931 2001 3967; x_wconf 89' lang='grc' dir='ltr'><strong>σοι</strong></span> 
     </span>
    </p>
   </div>
   <div class='ocr_carea' id='block_1_74' title="bbox 401 4002 2004 4075">
    <p class='ocr_par' dir='ltr' id='par_1_74' title="bbox 401 4002 2004 4075">
     <span class='ocr_line' id='line_1_74' title="bbox 401 4002 2004 4075; baseline 0.001 -17"><span class='ocrx_word' id='word_1_617' title='bbox 401 4007 471 4058; x_wconf 76' lang='grc' dir='ltr'>τὸ</span> <span class='ocrx_word' id='word_1_618' title='bbox 499 4004 657 4070; x_wconf 58' lang='grc' dir='ltr'>«ἆγιον</span> <span class='ocrx_word' id='word_1_619' title='bbox 679 4002 922 4073; x_wconf 86' lang='grc' dir='ltr'>Πνεῦμα,</span> <span class='ocrx_word' id='word_1_620' title='bbox 955 4004 1048 4056; x_wconf 68' lang='grc' dir='ltr'><strong>καὶ</strong></span> <span class='ocrx_word' id='word_1_621' title='bbox 1077 4002 1186 4074; x_wconf 79' lang='grc' dir='ltr'>δῴη</span> <span class='ocrx_word' id='word_1_622' title='bbox 1220 4021 1299 4056; x_wconf 90' lang='grc' dir='ltr'><strong>σοι</strong></span> <span class='ocrx_word' id='word_1_623' title='bbox 1344 4005 1475 4058; x_wconf 71' lang='grc' dir='ltr'>αὐτὸ</span> <span class='ocrx_word' id='word_1_624' title='bbox 1505 4004 1646 4075; x_wconf 76' lang='grc' dir='ltr'>ἔχειν</span> <span class='ocrx_word' id='word_1_625' title='bbox 1684 4007 1740 4058; x_wconf 81' lang='grc' dir='ltr'><strong>έν</strong></span> <span class='ocrx_word' id='word_1_626' title='bbox 1782 4007 1884 4070; x_wconf 78' lang='grc' dir='ltr'>σοὶ,</span> <span class='ocrx_word' id='word_1_627' title='bbox 1915 4007 2004 4061; x_wconf 78' lang='grc' dir='ltr'><strong>ἵνα</strong></span> 
     </span>
    </p>
   </div>
   <div class='ocr_carea' id='block_1_75' title="bbox 405 4093 2004 4165">
    <p class='ocr_par' dir='ltr' id='par_1_75' title="bbox 405 4093 2004 4165">
     <span class='ocr_line' id='line_1_75' title="bbox 405 4093 2004 4165; baseline 0 -16"><span class='ocrx_word' id='word_1_628' title='bbox 405 4096 569 4149; x_wconf 72' lang='grc' dir='ltr'>δοθὲν</span> <span class='ocrx_word' id='word_1_629' title='bbox 629 4096 686 4146; x_wconf 78' lang='grc' dir='ltr'>ἐν</span> <span class='ocrx_word' id='word_1_630' title='bbox 733 4094 815 4146; x_wconf 73' lang='grc' dir='ltr'><strong>σοὶ</strong></span> <span class='ocrx_word' id='word_1_631' title='bbox 863 4093 1016 4162; x_wconf 77' lang='grc' dir='ltr'>ἅγιον</span> <span class='ocrx_word' id='word_1_632' title='bbox 1065 4094 1291 4164; x_wconf 80' lang='grc' dir='ltr'>Πνεῦμα</span> <span class='ocrx_word' id='word_1_633' title='bbox 1328 4095 1652 4165; x_wconf 73' lang='grc' dir='ltr'>ἀποκαλύψῃ</span> <span class='ocrx_word' id='word_1_634' title='bbox 1702 4113 1784 4150; x_wconf 92' lang='grc' dir='ltr'><strong>σοι</strong></span> <span class='ocrx_word' id='word_1_635' title='bbox 1825 4099 2004 4149; x_wconf 80' lang='grc' dir='ltr'>πᾶσαν</span> 
     </span>
    </p>
   </div>
   <div class='ocr_carea' id='block_1_76' title="bbox 405 4185 2005 4258">
    <p class='ocr_par' dir='ltr' id='par_1_76' title="bbox 405 4185 2005 4258">
     <span class='ocr_line' id='line_1_76' title="bbox 405 4185 2005 4258; baseline -0.001 -18"><span class='ocrx_word' id='word_1_636' title='bbox 405 4187 618 4258; x_wconf 76' lang='grc' dir='ltr'>γνῶσιν</span> <span class='ocrx_word' id='word_1_637' title='bbox 672 4186 885 4258; x_wconf 83' lang='grc' dir='ltr'>Πατρὸς</span> <span class='ocrx_word' id='word_1_638' title='bbox 918 4187 1014 4239; x_wconf 71' lang='grc' dir='ltr'>καὶ</span> <span class='ocrx_word' id='word_1_639' title='bbox 1056 4186 1186 4238; x_wconf 84' lang='grc' dir='ltr'>Υἱοῦ</span> <span class='ocrx_word' id='word_1_640' title='bbox 1213 4187 1306 4239; x_wconf 69' lang='grc' dir='ltr'><strong>καὶ</strong></span> <span class='ocrx_word' id='word_1_641' title='bbox 1343 4185 1498 4253; x_wconf 83' lang='grc' dir='ltr'>ἁγίου</span> <span class='ocrx_word' id='word_1_642' title='bbox 1549 4186 1887 4256; x_wconf 84' lang='grc' dir='ltr'>Πνεύματος,</span> <span class='ocrx_word' id='word_1_643' title='bbox 1918 4187 2005 4239; x_wconf 82' lang='grc' dir='ltr'><strong>ἵνα</strong></span> 
     </span>
    </p>
   </div>
   <div class='ocr_carea' id='block_1_77' title="bbox 405 4276 2007 4352">
    <p class='ocr_par' dir='ltr' id='par_1_77' title="bbox 405 4276 2007 4352">
     <span class='ocr_line' id='line_1_77' title="bbox 405 4276 2007 4352; baseline -0.002 -18"><span class='ocrx_word' id='word_1_644' title='bbox 405 4279 618 4352; x_wconf 84' lang='grc' dir='ltr'>μάθῃς,</span> <span class='ocrx_word' id='word_1_645' title='bbox 644 4280 725 4332; x_wconf 85' lang='grc' dir='ltr'>ὅτι</span> <span class='ocrx_word' id='word_1_646' title='bbox 755 4279 812 4331; x_wconf 80' lang='grc' dir='ltr'>ἐν</span> <span class='ocrx_word' id='word_1_647' title='bbox 843 4277 922 4349; x_wconf 82' lang='grc' dir='ltr'><strong>τῷ</strong></span> <span class='ocrx_word' id='word_1_648' title='bbox 952 4276 1068 4348; x_wconf 82' lang='grc' dir='ltr'>Υίῷ</span> <span class='ocrx_word' id='word_1_649' title='bbox 1103 4277 1206 4330; x_wconf 85' lang='grc' dir='ltr'>οὐκ</span> <span class='ocrx_word' id='word_1_650' title='bbox 1232 4276 1309 4330; x_wconf 75' lang='grc' dir='ltr'><strong>ἔνι</strong></span> <span class='ocrx_word' id='word_1_651' title='bbox 1332 4277 1554 4347; x_wconf 74' lang='grc' dir='ltr'>οὐδεμία</span> <span class='ocrx_word' id='word_1_652' title='bbox 1599 4278 1862 4347; x_wconf 86' lang='grc' dir='ltr'>ἀγνωσία,</span> <span class='ocrx_word' id='word_1_653' title='bbox 1886 4277 2007 4331; x_wconf 75' lang='grc' dir='ltr'>οὐδὲ</span> 
     </span>
    </p>
   </div>
   <div class='ocr_carea' id='block_1_78' title="bbox 406 4370 1090 4442">
    <p class='ocr_par' dir='ltr' id='par_1_78' title="bbox 406 4370 1090 4442">
     <span class='ocr_line' id='line_1_78' title="bbox 406 4370 1090 4442; baseline -0.006 -16"><span class='ocrx_word' id='word_1_654' title='bbox 406 4377 472 4426; x_wconf 81' lang='grc' dir='ltr'>ὲν</span> <span class='ocrx_word' id='word_1_655' title='bbox 513 4371 588 4441; x_wconf 78' lang='grc' dir='ltr'><strong>τῷ</strong></span> <span class='ocrx_word' id='word_1_656' title='bbox 613 4370 752 4442; x_wconf 82' lang='grc' dir='ltr'>ἁγίῳ</span> <span class='ocrx_word' id='word_1_657' title='bbox 789 4371 1090 4441; x_wconf 75' lang='grc' dir='ltr'>Πνεύματι.</span> 
     </span>
    </p>
   </div>
   <div class='ocr_carea' id='block_1_79' title="bbox 2101 3174 3686 3246">
    <p class='ocr_par' dir='ltr' id='par_1_79' title="bbox 2101 3174 3686 3246">
     <span class='ocr_line' id='line_1_79' title="bbox 2101 3174 3686 3246; baseline 0.006 -20"><span class='ocrx_word' id='word_1_658' title='bbox 2101 3180 2268 3227; x_wconf 89' lang='lat' dir='ltr'><strong>tatem</strong></span> <span class='ocrx_word' id='word_1_659' title='bbox 2293 3174 2522 3243; x_wconf 87' lang='lat' dir='ltr'><strong>aspires,</strong></span> <span class='ocrx_word' id='word_1_660' title='bbox 2559 3190 2737 3245; x_wconf 90' lang='lat' dir='ltr'><strong>neque</strong></span> <span class='ocrx_word' id='word_1_661' title='bbox 2775 3185 2829 3231; x_wconf 87' lang='lat' dir='ltr'><strong>te</strong></span> <span class='ocrx_word' id='word_1_662' title='bbox 2862 3176 3038 3246; x_wconf 86' lang='lat' dir='ltr'><strong>ipsum</strong></span> <span class='ocrx_word' id='word_1_663' title='bbox 3063 3187 3216 3232; x_wconf 89' lang='lat' dir='ltr'><strong>tanta</strong></span> <span class='ocrx_word' id='word_1_664' title='bbox 3252 3180 3305 3234; x_wconf 91' lang='lat' dir='ltr'><strong>in</strong></span> <span class='ocrx_word' id='word_1_665' title='bbox 3346 3179 3516 3236; x_wconf 90' lang='lat' dir='ltr'><strong>Deum</strong></span> <span class='ocrx_word' id='word_1_666' title='bbox 3548 3199 3686 3239; x_wconf 49' lang='lat' dir='ltr'><strong>con-</strong></span> 
     </span>
    </p>
   </div>
   <div class='ocr_carea' id='block_1_80' title="bbox 2103 3264 3683 3338">
    <p class='ocr_par' dir='ltr' id='par_1_80' title="bbox 2103 3264 3683 3338">
     <span class='ocr_line' id='line_1_80' title="bbox 2103 3264 3683 3338; baseline 0.008 -21"><span class='ocrx_word' id='word_1_667' title='bbox 2103 3264 2327 3318; x_wconf 88' lang='lat' dir='ltr'><strong>tumelia</strong></span> <span class='ocrx_word' id='word_1_668' title='bbox 2380 3265 2653 3334; x_wconf 89' lang='lat' dir='ltr'><strong>perditum</strong></span> <span class='ocrx_word' id='word_1_669' title='bbox 2712 3281 2828 3322; x_wconf 89' lang='lat' dir='ltr'><strong>eas.</strong></span> <span class='ocrx_word' id='word_1_670' title='bbox 2889 3265 3169 3338; x_wconf 87' lang='lat' dir='ltr'><strong>Siquidem</strong></span> <span class='ocrx_word' id='word_1_671' title='bbox 3230 3271 3496 3327; x_wconf 77' lang='lat' dir='ltr'><strong>altissima</strong></span> <span class='ocrx_word' id='word_1_672' title='bbox 3554 3284 3683 3329; x_wconf 90' lang='lat' dir='ltr'><strong>sunt</strong></span> 
     </span>
    </p>
   </div>
   <div class='ocr_carea' id='block_1_81' title="bbox 2102 3356 3682 3436">
    <p class='ocr_par' dir='ltr' id='par_1_81' title="bbox 2102 3356 3682 3436">
     <span class='ocr_line' id='line_1_81' title="bbox 2102 3356 3682 3436; baseline 0.006 -24"><span class='ocrx_word' id='word_1_673' title='bbox 2102 3357 2276 3412; x_wconf 90' lang='lat' dir='ltr'><strong>sancti</strong></span> <span class='ocrx_word' id='word_1_674' title='bbox 2328 3356 2428 3412; x_wconf 90' lang='lat' dir='ltr'><strong>Dei</strong></span> <span class='ocrx_word' id='word_1_675' title='bbox 2477 3358 2665 3425; x_wconf 82' lang='lat' dir='ltr'><strong>verba,</strong></span> <span class='ocrx_word' id='word_1_676' title='bbox 2715 3375 2836 3431; x_wconf 63' lang='lat' dir='ltr'><strong>qua:</strong></span> <span class='ocrx_word' id='word_1_677' title='bbox 2885 3357 3124 3430; x_wconf 89' lang='lat' dir='ltr'><strong>Spiritus</strong></span> <span class='ocrx_word' id='word_1_678' title='bbox 3168 3373 3395 3418; x_wconf 88' lang='lat' dir='ltr'><strong>sanctus</strong></span> <span class='ocrx_word' id='word_1_679' title='bbox 3445 3381 3542 3436; x_wconf 86' lang='lat' dir='ltr'><strong>per</strong></span> <span class='ocrx_word' id='word_1_680' title='bbox 3581 3383 3682 3422; x_wconf 86' lang='lat' dir='ltr'><strong>sua</strong></span> 
     </span>
    </p>
   </div>
   <div class='ocr_carea' id='block_1_82' title="bbox 2103 3448 3682 3522">
    <p class='ocr_par' dir='ltr' id='par_1_82' title="bbox 2103 3448 3682 3522">
     <span class='ocr_line' id='line_1_82' title="bbox 2103 3448 3682 3522; baseline 0.006 -20"><span class='ocrx_word' id='word_1_681' title='bbox 2103 3448 2247 3503; x_wconf 88' lang='lat' dir='ltr'><strong>dona</strong></span> <span class='ocrx_word' id='word_1_682' title='bbox 2297 3449 2550 3519; x_wconf 80' lang='lat' dir='ltr'><strong>largitur.</strong></span> <span class='ocrx_word' id='word_1_683' title='bbox 2599 3450 2735 3506; x_wconf 89' lang='lat' dir='ltr'><strong>Nam</strong></span> <span class='ocrx_word' id='word_1_684' title='bbox 2777 3451 2892 3516; x_wconf 85' lang='lat' dir='ltr'><strong>alii,</strong></span> <span class='ocrx_word' id='word_1_685' title='bbox 2929 3453 3130 3522; x_wconf 89' lang='lat' dir='ltr'><strong>inquit,</strong></span> <span class='ocrx_word' id='word_1_686' title='bbox 3177 3455 3344 3510; x_wconf 85' lang='lat' dir='ltr'><strong>datur</strong></span> <span class='ocrx_word' id='word_1_687' title='bbox 3374 3473 3546 3512; x_wconf 86' lang='lat' dir='ltr'><strong>sermo</strong></span> <span class='ocrx_word' id='word_1_688' title='bbox 3589 3477 3682 3514; x_wconf 82' lang='lat' dir='ltr'><strong>sa-</strong></span> 
     </span>
    </p>
   </div>
   <div class='ocr_carea' id='block_1_83' title="bbox 2099 3541 3684 3619">
    <p class='ocr_par' dir='ltr' id='par_1_83' title="bbox 2099 3541 3684 3619">
     <span class='ocr_line' id='line_1_83' title="bbox 2099 3541 3684 3619; baseline 0.005 -25"><span class='ocrx_word' id='word_1_689' title='bbox 2099 3541 2336 3611; x_wconf 73' lang='lat' dir='ltr'><strong>pientim,</strong></span> <span class='ocrx_word' id='word_1_690' title='bbox 2385 3543 2480 3596; x_wconf 82' lang='lat' dir='ltr'><strong>alii</strong></span> <span class='ocrx_word' id='word_1_691' title='bbox 2514 3559 2684 3598; x_wconf 85' lang='lat' dir='ltr'><strong>sermo</strong></span> <span class='ocrx_word' id='word_1_692' title='bbox 2707 3544 3027 3614; x_wconf 64' lang='lat' dir='ltr'><strong>disciplima,</strong></span> <span class='ocrx_word' id='word_1_693' title='bbox 3059 3555 3165 3601; x_wconf 90' lang='lat' dir='ltr'><strong>etc.</strong></span> <span class='ocrx_word' id='word_1_694' title='bbox 3192 3546 3344 3600; x_wconf 86' lang='lat' dir='ltr'><strong>Idem</strong></span> <span class='ocrx_word' id='word_1_695' title='bbox 3369 3565 3488 3602; x_wconf 76' lang='lat' dir='ltr'><strong>vero</strong></span> <span class='ocrx_word' id='word_1_696' title='bbox 3511 3548 3684 3619; x_wconf 83' lang='lat' dir='ltr'><strong>Spiri-</strong></span> 
     </span>
    </p>
   </div>
   <div class='ocr_carea' id='block_1_84' title="bbox 2105 3634 3686 3713">
    <p class='ocr_par' dir='ltr' id='par_1_84' title="bbox 2105 3634 3686 3713">
     <span class='ocr_line' id='line_1_84' title="bbox 2105 3634 3686 3713; baseline 0.007 -26"><span class='ocrx_word' id='word_1_697' title='bbox 2105 3644 2188 3688; x_wconf 85' lang='lat' dir='ltr'><strong>tus</strong></span> <span class='ocrx_word' id='word_1_698' title='bbox 2218 3634 2456 3690; x_wconf 81' lang='lat' dir='ltr'><strong>dividens</strong></span> <span class='ocrx_word' id='word_1_699' title='bbox 2498 3637 2778 3707; x_wconf 79' lang='lat' dir='ltr'><strong>unicuique</strong></span> <span class='ocrx_word' id='word_1_700' title='bbox 2807 3648 2962 3706; x_wconf 83' lang='lat' dir='ltr'><strong>prout</strong></span> <span class='ocrx_word' id='word_1_701' title='bbox 3001 3639 3111 3692; x_wconf 81' lang='lat' dir='ltr'><strong>vult</strong></span> <span class='ocrx_word' id='word_1_702' title='bbox 3135 3639 3186 3694; x_wconf 63' lang='grc' dir='ltr'>δε</span> <span class='ocrx_word' id='word_1_703' title='bbox 3218 3656 3326 3710; x_wconf 91' lang='lat' dir='ltr'><strong>quo</strong></span> <span class='ocrx_word' id='word_1_704' title='bbox 3377 3643 3471 3696; x_wconf 85' lang='lat' dir='ltr'><strong>tibi</strong></span> <span class='ocrx_word' id='word_1_705' title='bbox 3512 3644 3686 3713; x_wconf 86' lang='lat' dir='ltr'><strong>Spiri-</strong></span> 
     </span>
    </p>
   </div>
   <div class='ocr_carea' id='block_1_85' title="bbox 2104 3729 3683 3802">
    <p class='ocr_par' dir='ltr' id='par_1_85' title="bbox 2104 3729 3683 3802">
     <span class='ocr_line' id='line_1_85' title="bbox 2104 3729 3683 3802; baseline 0.008 -23"><span class='ocrx_word' id='word_1_706' title='bbox 2104 3735 2192 3783; x_wconf 91' lang='lat' dir='ltr'><strong>tus</strong></span> <span class='ocrx_word' id='word_1_707' title='bbox 2255 3729 2428 3784; x_wconf 88' lang='lat' dir='ltr'><strong>sancti</strong></span> <span class='ocrx_word' id='word_1_708' title='bbox 2482 3739 2808 3799; x_wconf 87' lang='lat' dir='ltr'><strong>potestatem</strong></span> <span class='ocrx_word' id='word_1_709' title='bbox 2863 3732 3356 3802; x_wconf 88' lang='lat' dir='ltr'><strong>auctoritatemque</strong></span> <span class='ocrx_word' id='word_1_710' title='bbox 3417 3735 3683 3792; x_wconf 84' lang='lat' dir='ltr'><strong>declaret.</strong></span> 
     </span>
    </p>
   </div>
   <div class='ocr_carea' id='block_1_86' title="bbox 2104 3820 3686 3893">
    <p class='ocr_par' dir='ltr' id='par_1_86' title="bbox 2104 3820 3686 3893">
     <span class='ocr_line' id='line_1_86' title="bbox 2104 3820 3686 3893; baseline 0.003 -21"><span class='ocrx_word' id='word_1_711' title='bbox 2104 3833 2227 3872; x_wconf 91' lang='lat' dir='ltr'><strong>cum</strong></span> <span class='ocrx_word' id='word_1_712' title='bbox 2285 3820 2530 3874; x_wconf 86' lang='lat' dir='ltr'><strong>coelestia</strong></span> <span class='ocrx_word' id='word_1_713' title='bbox 2575 3820 2830 3893; x_wconf 85' lang='lat' dir='ltr'><strong>omnibus</strong></span> <span class='ocrx_word' id='word_1_714' title='bbox 2887 3821 3030 3874; x_wconf 88' lang='lat' dir='ltr'><strong>dona</strong></span> <span class='ocrx_word' id='word_1_715' title='bbox 3091 3836 3189 3889; x_wconf 91' lang='lat' dir='ltr'><strong>pro</strong></span> <span class='ocrx_word' id='word_1_716' title='bbox 3246 3823 3527 3876; x_wconf 87' lang='lat' dir='ltr'><strong>voluntate</strong></span> <span class='ocrx_word' id='word_1_717' title='bbox 3585 3835 3686 3876; x_wconf 88' lang='lat' dir='ltr'><strong>sua</strong></span> 
     </span>
    </p>
   </div>
   <div class='ocr_carea' id='block_1_87' title="bbox 2105 3909 3685 3982">
    <p class='ocr_par' dir='ltr' id='par_1_87' title="bbox 2105 3909 3685 3982">
     <span class='ocr_line' id='line_1_87' title="bbox 2105 3909 3685 3982; baseline 0.003 -20"><span class='ocrx_word' id='word_1_718' title='bbox 2105 3909 2386 3980; x_wconf 78' lang='lat' dir='ltr'><strong>largiatur.</strong></span> <span class='ocrx_word' id='word_1_719' title='bbox 2421 3909 2608 3980; x_wconf 85' lang='lat' dir='ltr'><strong>Itaque</strong></span> <span class='ocrx_word' id='word_1_720' title='bbox 2626 3912 2853 3980; x_wconf 83' lang='lat' dir='ltr'><strong>supplex</strong></span> <span class='ocrx_word' id='word_1_721' title='bbox 2885 3927 2912 3964; x_wconf 89' lang='lat' dir='ltr'><strong>a</strong></span> <span class='ocrx_word' id='word_1_722' title='bbox 2938 3911 3100 3966; x_wconf 85' lang='lat' dir='ltr'><strong>Patre</strong></span> <span class='ocrx_word' id='word_1_723' title='bbox 3126 3921 3266 3982; x_wconf 90' lang='lat' dir='ltr'><strong>pete,</strong></span> <span class='ocrx_word' id='word_1_724' title='bbox 3286 3913 3381 3967; x_wconf 88' lang='lat' dir='ltr'><strong>tibi</strong></span> <span class='ocrx_word' id='word_1_725' title='bbox 3407 3922 3463 3967; x_wconf 92' lang='lat' dir='ltr'><strong>ut</strong></span> <span class='ocrx_word' id='word_1_726' title='bbox 3488 3910 3685 3967; x_wconf 83' lang='lat' dir='ltr'><strong>Filium</strong></span> 
     </span>
    </p>
   </div>
   <div class='ocr_carea' id='block_1_88' title="bbox 2105 4001 3690 4072">
    <p class='ocr_par' dir='ltr' id='par_1_88' title="bbox 2105 4001 3690 4072">
     <span class='ocr_line' id='line_1_88' title="bbox 2105 4001 3690 4072; baseline 0.003 -17"><span class='ocrx_word' id='word_1_727' title='bbox 2105 4001 2421 4072; x_wconf 81' lang='lat' dir='ltr'><strong>patefaciat,</strong></span> <span class='ocrx_word' id='word_1_728' title='bbox 2461 4011 2513 4059; x_wconf 89' lang='lat' dir='ltr'><strong>et</strong></span> <span class='ocrx_word' id='word_1_729' title='bbox 2551 4018 2582 4058; x_wconf 85' lang='lat' dir='ltr'><strong>a</strong></span> <span class='ocrx_word' id='word_1_730' title='bbox 2630 4002 2789 4069; x_wconf 86' lang='lat' dir='ltr'><strong>Filio,</strong></span> <span class='ocrx_word' id='word_1_731' title='bbox 2816 4005 2912 4058; x_wconf 87' lang='lat' dir='ltr'><strong>tibi</strong></span> <span class='ocrx_word' id='word_1_732' title='bbox 2949 4012 3006 4056; x_wconf 86' lang='lat' dir='ltr'><strong>ut</strong></span> <span class='ocrx_word' id='word_1_733' title='bbox 3046 4003 3259 4058; x_wconf 81' lang='lat' dir='ltr'><strong>Patrem</strong></span> <span class='ocrx_word' id='word_1_734' title='bbox 3303 4003 3537 4070; x_wconf 86' lang='lat' dir='ltr'><strong>indicet;</strong></span> <span class='ocrx_word' id='word_1_735' title='bbox 3569 4021 3690 4060; x_wconf 90' lang='lat' dir='ltr'><strong>nec-</strong></span> 
     </span>
    </p>
   </div>
   <div class='ocr_carea' id='block_1_89' title="bbox 2109 4093 3685 4166">
    <p class='ocr_par' dir='ltr' id='par_1_89' title="bbox 2109 4093 3685 4166">
     <span class='ocr_line' id='line_1_89' title="bbox 2109 4093 3685 4166; baseline 0.003 -21"><span class='ocrx_word' id='word_1_736' title='bbox 2109 4110 2218 4148; x_wconf 89' lang='lat' dir='ltr'><strong>non</strong></span> <span class='ocrx_word' id='word_1_737' title='bbox 2251 4102 2305 4147; x_wconf 92' lang='lat' dir='ltr'><strong>et</strong></span> <span class='ocrx_word' id='word_1_738' title='bbox 2338 4108 2368 4146; x_wconf 88' lang='lat' dir='ltr'><strong>a</strong></span> <span class='ocrx_word' id='word_1_739' title='bbox 2404 4093 2566 4147; x_wconf 88' lang='lat' dir='ltr'><strong>Patre</strong></span> <span class='ocrx_word' id='word_1_740' title='bbox 2593 4094 2831 4162; x_wconf 89' lang='lat' dir='ltr'><strong>postula,</strong></span> <span class='ocrx_word' id='word_1_741' title='bbox 2864 4102 2918 4148; x_wconf 88' lang='lat' dir='ltr'><strong>ut</strong></span> <span class='ocrx_word' id='word_1_742' title='bbox 2952 4095 3048 4147; x_wconf 90' lang='lat' dir='ltr'><strong>tibi</strong></span> <span class='ocrx_word' id='word_1_743' title='bbox 3081 4094 3278 4149; x_wconf 88' lang='lat' dir='ltr'><strong>Filium</strong></span> <span class='ocrx_word' id='word_1_744' title='bbox 3336 4097 3596 4166; x_wconf 82' lang='lat' dir='ltr'><strong>largiatur</strong></span> <span class='ocrx_word' id='word_1_745' title='bbox 3621 4110 3685 4150; x_wconf 88' lang='lat' dir='ltr'><strong>ac</strong></span> 
     </span>
    </p>
   </div>
   <div class='ocr_carea' id='block_1_90' title="bbox 2114 4184 3690 4258">
    <p class='ocr_par' dir='ltr' id='par_1_90' title="bbox 2114 4184 3690 4258">
     <span class='ocr_line' id='line_1_90' title="bbox 2114 4184 3690 4258; baseline 0.003 -20"><span class='ocrx_word' id='word_1_746' title='bbox 2114 4184 2378 4253; x_wconf 83' lang='lat' dir='ltr'><strong>Spiritum</strong></span> <span class='ocrx_word' id='word_1_747' title='bbox 2406 4191 2656 4239; x_wconf 87' lang='lat' dir='ltr'><strong>sanetum</strong></span> <span class='ocrx_word' id='word_1_748' title='bbox 2683 4185 3041 4253; x_wconf 88' lang='lat' dir='ltr'><strong>demonstret,</strong></span> <span class='ocrx_word' id='word_1_749' title='bbox 3061 4202 3316 4257; x_wconf 90' lang='lat' dir='ltr'><strong>eumque,</strong></span> <span class='ocrx_word' id='word_1_750' title='bbox 3351 4196 3406 4241; x_wconf 89' lang='lat' dir='ltr'><strong>ut</strong></span> <span class='ocrx_word' id='word_1_751' title='bbox 3434 4189 3487 4242; x_wconf 94' lang='lat' dir='ltr'><strong>in</strong></span> <span class='ocrx_word' id='word_1_752' title='bbox 3515 4188 3690 4258; x_wconf 81' lang='lat' dir='ltr'><strong>teipse</strong></span> 
     </span>
    </p>
   </div>
   <div class='ocr_carea' id='block_1_91' title="bbox 2113 4278 3688 4345">
    <p class='ocr_par' dir='ltr' id='par_1_91' title="bbox 2113 4278 3688 4345">
     <span class='ocr_line' id='line_1_91' title="bbox 2113 4278 3688 4345; baseline 0.001 -13"><span class='ocrx_word' id='word_1_753' title='bbox 2113 4279 2334 4344; x_wconf 84' lang='lat' dir='ltr'><strong>habeas,</strong></span> <span class='ocrx_word' id='word_1_754' title='bbox 2390 4278 2489 4334; x_wconf 90' lang='lat' dir='ltr'><strong>tibi</strong></span> <span class='ocrx_word' id='word_1_755' title='bbox 2553 4279 2844 4345; x_wconf 84' lang='lat' dir='ltr'><strong>condonet,</strong></span> <span class='ocrx_word' id='word_1_756' title='bbox 2898 4288 2958 4336; x_wconf 91' lang='lat' dir='ltr'><strong>ut</strong></span> <span class='ocrx_word' id='word_1_757' title='bbox 3017 4283 3456 4337; x_wconf 87' lang='lat' dir='ltr'><strong>communicatus</strong></span> <span class='ocrx_word' id='word_1_758' title='bbox 3509 4289 3688 4336; x_wconf 87' lang='lat' dir='ltr'><strong>tecum</strong></span> 
     </span>
    </p>
   </div>
   <div class='ocr_carea' id='block_1_92' title="bbox 2112 4369 3688 4439">
    <p class='ocr_par' dir='ltr' id='par_1_92' title="bbox 2112 4369 3688 4439">
     <span class='ocr_line' id='line_1_92' title="bbox 2112 4369 3688 4439; baseline 0.004 -17"><span class='ocrx_word' id='word_1_759' title='bbox 2112 4369 2349 4439; x_wconf 85' lang='lat' dir='ltr'><strong>Spiritus</strong></span> <span class='ocrx_word' id='word_1_760' title='bbox 2394 4379 2622 4428; x_wconf 86' lang='lat' dir='ltr'><strong>sanctus</strong></span> <span class='ocrx_word' id='word_1_761' title='bbox 2655 4387 2870 4426; x_wconf 91' lang='lat' dir='ltr'><strong>omnem</strong></span> <span class='ocrx_word' id='word_1_762' title='bbox 2916 4373 3014 4427; x_wconf 86' lang='lat' dir='ltr'><strong>tibi</strong></span> <span class='ocrx_word' id='word_1_763' title='bbox 3061 4372 3242 4430; x_wconf 88' lang='lat' dir='ltr'><strong>Patris</strong></span> <span class='ocrx_word' id='word_1_764' title='bbox 3289 4382 3344 4428; x_wconf 90' lang='lat' dir='ltr'><strong>et</strong></span> <span class='ocrx_word' id='word_1_765' title='bbox 3391 4371 3512 4427; x_wconf 88' lang='lat' dir='ltr'><strong>Filii</strong></span> <span class='ocrx_word' id='word_1_766' title='bbox 3547 4382 3599 4427; x_wconf 85' lang='lat' dir='ltr'><strong>et</strong></span> <span class='ocrx_word' id='word_1_767' title='bbox 3629 4371 3688 4428; x_wconf 91' lang='lat' dir='ltr'><strong>S.</strong></span> 
     </span>
    </p>
   </div>
   <div class='ocr_carea' id='block_1_93' title="bbox 409 4463 3692 4538">
    <p class='ocr_par' dir='ltr' id='par_1_93' title="bbox 409 4463 3692 4538">
     <span class='ocr_line' id='line_1_93' title="bbox 409 4463 3692 4538; baseline -0.001 -16"><span class='ocrx_word' id='word_1_768' title='bbox 409 4465 658 4538; x_wconf 79' lang='lat' dir='ltr'><strong>Spiritus</strong></span> <span class='ocrx_word' id='word_1_769' title='bbox 722 4467 1138 4537; x_wconf 83' lang='lat' dir='ltr'><strong>intelligentiam</strong></span> <span class='ocrx_word' id='word_1_770' title='bbox 1178 4465 1444 4528; x_wconf 85' lang='lat' dir='ltr'><strong>declaret,</strong></span> <span class='ocrx_word' id='word_1_771' title='bbox 1479 4472 1643 4534; x_wconf 87' lang='lat' dir='ltr'><strong>atque</strong></span> <span class='ocrx_word' id='word_1_772' title='bbox 1690 4465 1796 4518; x_wconf 89' lang='lat' dir='ltr'><strong>hoc</strong></span> <span class='ocrx_word' id='word_1_773' title='bbox 1851 4465 2028 4535; x_wconf 89' lang='lat' dir='ltr'><strong>ipsum</strong></span> <span class='ocrx_word' id='word_1_774' title='bbox 2065 4465 2273 4530; x_wconf 83' lang='lat' dir='ltr'><strong>discas,</strong></span> <span class='ocrx_word' id='word_1_775' title='bbox 2310 4467 2518 4520; x_wconf 88' lang='lat' dir='ltr'><strong>nullam</strong></span> <span class='ocrx_word' id='word_1_776' title='bbox 2561 4469 2615 4521; x_wconf 91' lang='lat' dir='ltr'><strong>in</strong></span> <span class='ocrx_word' id='word_1_777' title='bbox 2661 4463 2802 4521; x_wconf 85' lang='lat' dir='ltr'><strong>Filio</strong></span> <span class='ocrx_word' id='word_1_778' title='bbox 2838 4475 2930 4521; x_wconf 90' lang='lat' dir='ltr'><strong>aut</strong></span> <span class='ocrx_word' id='word_1_779' title='bbox 2977 4468 3030 4522; x_wconf 90' lang='lat' dir='ltr'><strong>in</strong></span> <span class='ocrx_word' id='word_1_780' title='bbox 3074 4467 3279 4538; x_wconf 88' lang='lat' dir='ltr'><strong>Spiritu</strong></span> <span class='ocrx_word' id='word_1_781' title='bbox 3330 4466 3388 4522; x_wconf 90' lang='lat' dir='ltr'><strong>S.</strong></span> <span class='ocrx_word' id='word_1_782' title='bbox 3441 4468 3692 4538; x_wconf 82' lang='lat' dir='ltr'><strong>ignoran-</strong></span> 
     </span>
    </p>
   </div>
   <div class='ocr_carea' id='block_1_94' title="bbox 405 4565 783 4622">
    <p class='ocr_par' dir='ltr' id='par_1_94' title="bbox 405 4565 783 4622">
     <span class='ocr_line' id='line_1_94' title="bbox 405 4565 783 4622; baseline -0.013 0"><span class='ocrx_word' id='word_1_783' title='bbox 405 4569 552 4622; x_wconf 79' lang='lat' dir='ltr'><strong>tiam</strong></span> <span class='ocrx_word' id='word_1_784' title='bbox 583 4565 783 4618; x_wconf 87' lang='lat' dir='ltr'><strong>inesse.</strong></span> 
     </span>
    </p>
   </div>
   <div class='ocr_carea' id='block_1_95' title="bbox 497 4655 1974 4728">
    <p class='ocr_par' dir='ltr' id='par_1_95' title="bbox 497 4655 1974 4728">
     <span class='ocr_line' id='line_1_95' title="bbox 497 4655 1974 4728; baseline -0.002 -17"><span class='ocrx_word' id='word_1_785' title='bbox 497 4656 595 4712; x_wconf 86' lang='lat' dir='ltr'><strong>IZ&#39;.</strong></span> <span class='ocrx_word' id='word_1_786' title='bbox 647 4658 708 4710; x_wconf 84' lang='grc' dir='ltr'><strong>Εἰ</strong></span> <span class='ocrx_word' id='word_1_787' title='bbox 752 4656 861 4728; x_wconf 83' lang='grc' dir='ltr'><strong>γὰρ</strong></span> <span class='ocrx_word' id='word_1_788' title='bbox 897 4658 992 4710; x_wconf 75' lang='grc' dir='ltr'><strong>καί</strong></span> <span class='ocrx_word' id='word_1_789' title='bbox 1034 4655 1258 4726; x_wconf 82' lang='grc' dir='ltr'>ἄγγελοι</span> <span class='ocrx_word' id='word_1_790' title='bbox 1305 4656 1582 4710; x_wconf 88' lang='grc' dir='ltr'>λείπονται</span> <span class='ocrx_word' id='word_1_791' title='bbox 1634 4655 1878 4725; x_wconf 75' lang='grc' dir='ltr'>μείζονος</span> <span class='ocrx_word' id='word_1_792' title='bbox 1917 4656 1974 4721; x_wconf 79' lang='grc' dir='ltr'><strong>ἐξ</strong></span> 
     </span>
    </p>
   </div>
   <div class='ocr_carea' id='block_1_96' title="bbox 405 4747 2003 4820">
    <p class='ocr_par' dir='ltr' id='par_1_96' title="bbox 405 4747 2003 4820">
     <span class='ocr_line' id='line_1_96' title="bbox 405 4747 2003 4820; baseline -0.005 -13"><span class='ocrx_word' id='word_1_793' title='bbox 405 4749 614 4812; x_wconf 73' lang='grc' dir='ltr'>οὐσίας</span> <span class='ocrx_word' id='word_1_794' title='bbox 658 4750 751 4804; x_wconf 72' lang='grc' dir='ltr'>καὶ</span> <span class='ocrx_word' id='word_1_795' title='bbox 790 4748 1079 4818; x_wconf 77' lang='grc' dir='ltr'>γνώσεως,</span> <span class='ocrx_word' id='word_1_796' title='bbox 1120 4749 1193 4820; x_wconf 79' lang='grc' dir='ltr'>μὴ</span> <span class='ocrx_word' id='word_1_797' title='bbox 1240 4748 1451 4815; x_wconf 81' lang='grc' dir='ltr'>γένοιτο</span> <span class='ocrx_word' id='word_1_798' title='bbox 1490 4748 1582 4800; x_wconf 79' lang='grc' dir='ltr'><strong>καὶ</strong></span> <span class='ocrx_word' id='word_1_799' title='bbox 1619 4747 1708 4800; x_wconf 72' lang='grc' dir='ltr'><strong>τὸν</strong></span> <span class='ocrx_word' id='word_1_800' title='bbox 1748 4747 1874 4799; x_wconf 72' lang='grc' dir='ltr'>Υίον</span> <span class='ocrx_word' id='word_1_801' title='bbox 1911 4749 2003 4799; x_wconf 86' lang='grc' dir='ltr'><strong>τοῦ</strong></span> 
     </span>
    </p>
   </div>
   <div class='ocr_carea' id='block_1_97' title="bbox 406 4839 2006 4911">
    <p class='ocr_par' dir='ltr' id='par_1_97' title="bbox 406 4839 2006 4911">
     <span class='ocr_line' id='line_1_97' title="bbox 406 4839 2006 4911; baseline -0.004 -15"><span class='ocrx_word' id='word_1_802' title='bbox 406 4839 561 4896; x_wconf 81' lang='grc' dir='ltr'>Θεοῦ</span> <span class='ocrx_word' id='word_1_803' title='bbox 591 4841 682 4893; x_wconf 70' lang='grc' dir='ltr'><strong>καὶ</strong></span> <span class='ocrx_word' id='word_1_804' title='bbox 719 4840 780 4893; x_wconf 77' lang='grc' dir='ltr'>τὸ</span> <span class='ocrx_word' id='word_1_805' title='bbox 813 4841 964 4909; x_wconf 79' lang='grc' dir='ltr'>ἆγιον</span> <span class='ocrx_word' id='word_1_806' title='bbox 994 4841 1217 4911; x_wconf 88' lang='grc' dir='ltr'>Πνεῦμα</span> <span class='ocrx_word' id='word_1_807' title='bbox 1253 4839 1534 4893; x_wconf 82' lang='grc' dir='ltr'>λείπεσθαι</span> <span class='ocrx_word' id='word_1_808' title='bbox 1562 4841 1574 4893; x_wconf 85' lang='grc' dir='ltr'><strong>ί</strong></span> <span class='ocrx_word' id='word_1_809' title='bbox 1615 4839 2006 4909; x_wconf 78' lang='grc' dir='ltr'>Πνευματικῶς</span> 
     </span>
    </p>
   </div>
   <div class='ocr_carea' id='block_1_98' title="bbox 410 4929 2008 5002">
    <p class='ocr_par' dir='ltr' id='par_1_98' title="bbox 410 4929 2008 5002">
     <span class='ocr_line' id='line_1_98' title="bbox 410 4929 2008 5002; baseline -0.003 -15"><span class='ocrx_word' id='word_1_810' title='bbox 410 4934 478 4987; x_wconf 81' lang='grc' dir='ltr'>δὲ</span> <span class='ocrx_word' id='word_1_811' title='bbox 511 4931 658 5000; x_wconf 79' lang='grc' dir='ltr'>λέγει</span> <span class='ocrx_word' id='word_1_812' title='bbox 682 4932 711 4984; x_wconf 88' lang='lat'><strong>6</strong></span> <span class='ocrx_word' id='word_1_813' title='bbox 738 4931 895 4998; x_wconf 73' lang='grc' dir='ltr'>Θεὸς,</span> <span class='ocrx_word' id='word_1_814' title='bbox 922 4931 950 4985; x_wconf 87' lang='lat'><strong>6</strong></span> <span class='ocrx_word' id='word_1_815' title='bbox 975 4930 1081 4984; x_wconf 78' lang='grc' dir='ltr'><strong>ἀπὸ</strong></span> <span class='ocrx_word' id='word_1_816' title='bbox 1121 4931 1214 4984; x_wconf 91' lang='grc' dir='ltr'><strong>τοῦ</strong></span> <span class='ocrx_word' id='word_1_817' title='bbox 1248 4930 1462 5002; x_wconf 81' lang='grc' dir='ltr'>Πατρὸς</span> <span class='ocrx_word' id='word_1_818' title='bbox 1497 4929 1665 4996; x_wconf 76' lang='grc' dir='ltr'>ἐλθὼν</span> <span class='ocrx_word' id='word_1_819' title='bbox 1695 4931 1827 5001; x_wconf 77' lang='grc' dir='ltr'>πρὸς</span> <span class='ocrx_word' id='word_1_820' title='bbox 1865 4931 2008 5000; x_wconf 78' lang='grc' dir='ltr'>ἡμᾶς</span> 
     </span>
    </p>
   </div>
   <div class='ocr_carea' id='block_1_99' title="bbox 416 5021 2008 5093">
    <p class='ocr_par' dir='ltr' id='par_1_99' title="bbox 416 5021 2008 5093">
     <span class='ocr_line' id='line_1_99' title="bbox 416 5021 2008 5093; baseline -0.004 -14"><span class='ocrx_word' id='word_1_821' title='bbox 416 5026 586 5093; x_wconf 73' lang='grc' dir='ltr'>ἆγιος</span> <span class='ocrx_word' id='word_1_822' title='bbox 640 5023 841 5091; x_wconf 82' lang='grc' dir='ltr'>Λόγος·</span> <span class='ocrx_word' id='word_1_823' title='bbox 900 5025 965 5076; x_wconf 81' lang='lat' dir='ltr'><strong>0i</strong></span> <span class='ocrx_word' id='word_1_824' title='bbox 1013 5022 1069 5075; x_wconf 82' lang='grc' dir='ltr'>δὲ</span> <span class='ocrx_word' id='word_1_825' title='bbox 1119 5021 1369 5091; x_wconf 68' lang='grc' dir='ltr'>ψυχικοί</span> <span class='ocrx_word' id='word_1_826' title='bbox 1414 5023 1837 5089; x_wconf 74' lang='grc' dir='ltr'>ἀνακρίνοντηι</span> <span class='ocrx_word' id='word_1_827' title='bbox 1864 5061 1878 5084; x_wconf 89' lang='grc'><strong>,</strong></span> <span class='ocrx_word' id='word_1_828' title='bbox 1936 5021 2008 5091; x_wconf 82' lang='grc' dir='ltr'><strong>μὴ</strong></span> 
     </span>
    </p>
   </div>
   <div class='ocr_carea' id='block_1_100' title="bbox 417 5113 2011 5185">
    <p class='ocr_par' dir='ltr' id='par_1_100' title="bbox 417 5113 2011 5185">
     <span class='ocr_line' id='line_1_100' title="bbox 417 5113 2011 5185; baseline -0.001 -16"><span class='ocrx_word' id='word_1_829' title='bbox 417 5115 680 5177; x_wconf 81' lang='grc' dir='ltr'>νοοῦντες</span> <span class='ocrx_word' id='word_1_830' title='bbox 719 5115 812 5166; x_wconf 85' lang='grc' dir='ltr'><strong>τοῦ</strong></span> <span class='ocrx_word' id='word_1_831' title='bbox 840 5114 973 5168; x_wconf 84' lang='grc' dir='ltr'>Υίοῦ</span> <span class='ocrx_word' id='word_1_832' title='bbox 1007 5116 1106 5185; x_wconf 81' lang='grc' dir='ltr'>τὴν</span> <span class='ocrx_word' id='word_1_833' title='bbox 1135 5115 1348 5183; x_wconf 73' lang='grc' dir='ltr'>σοφίαν,</span> <span class='ocrx_word' id='word_1_834' title='bbox 1379 5113 1577 5183; x_wconf 79' lang='grc' dir='ltr'>μᾶλλον</span> <span class='ocrx_word' id='word_1_835' title='bbox 1597 5114 1650 5166; x_wconf 78' lang='grc' dir='ltr'><strong>δὲ</strong></span> <span class='ocrx_word' id='word_1_836' title='bbox 1685 5117 1784 5185; x_wconf 77' lang='grc' dir='ltr'>τῆς</span> <span class='ocrx_word' id='word_1_837' title='bbox 1821 5115 2011 5182; x_wconf 74' lang='grc' dir='ltr'>σοφίας</span> 
     </span>
    </p>
   </div>
   <div class='ocr_carea' id='block_1_101' title="bbox 417 5205 2009 5278">
    <p class='ocr_par' dir='ltr' id='par_1_101' title="bbox 417 5205 2009 5278">
     <span class='ocr_line' id='line_1_101' title="bbox 417 5205 2009 5278; baseline -0.002 -16"><span class='ocrx_word' id='word_1_838' title='bbox 417 5210 524 5262; x_wconf 77' lang='grc' dir='ltr'>τὸν</span> <span class='ocrx_word' id='word_1_839' title='bbox 558 5205 734 5274; x_wconf 77' lang='grc' dir='ltr'>λόγον.</span> <span class='ocrx_word' id='word_1_840' title='bbox 764 5235 832 5245; x_wconf 87' lang='grc'><strong>--</strong></span> <span class='ocrx_word' id='word_1_841' title='bbox 877 5207 1166 5278; x_wconf 80' lang='grc' dir='ltr'>Ἐπερωτῶ</span> <span class='ocrx_word' id='word_1_842' title='bbox 1202 5223 1284 5270; x_wconf 87' lang='grc' dir='ltr'><strong>σε,</strong></span> <span class='ocrx_word' id='word_1_843' title='bbox 1317 5206 1409 5259; x_wconf 79' lang='grc' dir='ltr'><strong>καὶ</strong></span> <span class='ocrx_word' id='word_1_844' title='bbox 1443 5206 1569 5274; x_wconf 82' lang='grc' dir='ltr'>λέγε</span> <span class='ocrx_word' id='word_1_845' title='bbox 1607 5223 1726 5277; x_wconf 84' lang='grc' dir='ltr'>μοι·</span> <span class='ocrx_word' id='word_1_846' title='bbox 1765 5207 1860 5268; x_wconf 82' lang='grc' dir='ltr'><strong>Τίς</strong></span> <span class='ocrx_word' id='word_1_847' title='bbox 1895 5207 2009 5276; x_wconf 79' lang='grc' dir='ltr'>μεί-</span> 
     </span>
    </p>
   </div>
   <div class='ocr_carea' id='block_1_102' title="bbox 422 5293 2004 5371">
    <p class='ocr_par' dir='ltr' id='par_1_102' title="bbox 422 5293 2004 5371">
     <span class='ocr_line' id='line_1_102' title="bbox 422 5293 2004 5371; baseline -0.001 -17"><span class='ocrx_word' id='word_1_848' title='bbox 422 5302 544 5364; x_wconf 79' lang='grc' dir='ltr'>ζων</span> <span class='ocrx_word' id='word_1_849' title='bbox 571 5300 736 5361; x_wconf 79' lang='grc' dir='ltr'>ἐστὶν,</span> <span class='ocrx_word' id='word_1_850' title='bbox 760 5300 789 5350; x_wconf 83' lang='lat'><strong>6</strong></span> <span class='ocrx_word' id='word_1_851' title='bbox 816 5299 1025 5368; x_wconf 84' lang='grc' dir='ltr'>Πατὴρ,</span> <span class='ocrx_word' id='word_1_852' title='bbox 1050 5299 1081 5367; x_wconf 81' lang='grc' dir='ltr'>ἢ</span> <span class='ocrx_word' id='word_1_853' title='bbox 1104 5302 1136 5369; x_wconf 82' lang='grc' dir='ltr'><strong>ἠ</strong></span> <span class='ocrx_word' id='word_1_854' title='bbox 1167 5300 1352 5369; x_wconf 83' lang='grc' dir='ltr'>ἡμέρα</span> <span class='ocrx_word' id='word_1_855' title='bbox 1375 5298 1558 5368; x_wconf 82' lang='grc' dir='ltr'>ἐκείνη</span> <span class='ocrx_word' id='word_1_856' title='bbox 1583 5299 1711 5370; x_wconf 78' lang='grc' dir='ltr'>περὶ</span> <span class='ocrx_word' id='word_1_857' title='bbox 1731 5293 1798 5371; x_wconf 73' lang='grc' dir='ltr'>ἧς</span> <span class='ocrx_word' id='word_1_858' title='bbox 1822 5299 1967 5367; x_wconf 84' lang='grc' dir='ltr'>λέγει</span> <span class='ocrx_word' id='word_1_859' title='bbox 1990 5317 2004 5363; x_wconf 90' lang='lat'><strong>;</strong></span> 
     </span>
    </p>
   </div>
   <div class='ocr_carea' id='block_1_103' title="bbox 515 5453 1035 5517">
    <p class='ocr_par' dir='ltr' id='par_1_103' title="bbox 515 5453 1035 5517">
     <span class='ocr_line' id='line_1_103' title="bbox 515 5453 1035 5517; baseline -0.002 -12"><span class='ocrx_word' id='word_1_860' title='bbox 515 5453 534 5484; x_wconf 82' lang='grc'>¹</span> <span class='ocrx_word' id='word_1_861' title='bbox 562 5453 728 5507; x_wconf 81' lang='lat' dir='ltr'><strong>Marc.</strong></span> <span class='ocrx_word' id='word_1_862' title='bbox 783 5469 928 5517; x_wconf 37' lang='lat' dir='ltr'><strong>xm”</strong></span> <span class='ocrx_word' id='word_1_863' title='bbox 947 5453 1035 5507; x_wconf 75' lang='lat'><strong>59..</strong></span> 
     </span>
    </p>
   </div>
   <div class='ocr_carea' id='block_1_104' title="bbox 511 5586 2016 5654">
    <p class='ocr_par' dir='ltr' id='par_1_104' title="bbox 511 5586 2016 5654">
     <span class='ocr_line' id='line_1_104' title="bbox 511 5586 2016 5654; baseline 0.003 -16"><span class='ocrx_word' id='word_1_864' title='bbox 511 5586 627 5654; x_wconf 75' lang='grc' dir='ltr'>(ιῦ)</span> <span class='ocrx_word' id='word_1_865' title='bbox 661 5588 754 5653; x_wconf 77' lang='grc' dir='ltr'><strong>Μή</strong></span> <span class='ocrx_word' id='word_1_866' title='bbox 784 5589 918 5641; x_wconf 82' lang='grc' dir='ltr'><strong>ἐστί</strong></span> <span class='ocrx_word' id='word_1_867' title='bbox 955 5607 1030 5643; x_wconf 77' lang='grc' dir='ltr'>τι.</span> <span class='ocrx_word' id='word_1_868' title='bbox 1071 5588 1422 5642; x_wconf 82' lang='lat' dir='ltr'><strong>Emendatam</strong></span> <span class='ocrx_word' id='word_1_869' title='bbox 1462 5591 1564 5642; x_wconf 80' lang='lat' dir='ltr'><strong>hoc</strong></span> <span class='ocrx_word' id='word_1_870' title='bbox 1600 5591 1652 5642; x_wconf 91' lang='lat' dir='ltr'><strong>in</strong></span> <span class='ocrx_word' id='word_1_871' title='bbox 1683 5591 1799 5643; x_wconf 84' lang='lat' dir='ltr'><strong>loco</strong></span> <span class='ocrx_word' id='word_1_872' title='bbox 1821 5606 1847 5642; x_wconf 92' lang='lat' dir='ltr'><strong>a</strong></span> <span class='ocrx_word' id='word_1_873' title='bbox 1870 5590 2016 5643; x_wconf 86' lang='lat' dir='ltr'><strong>Tbo-</strong></span> 
     </span>
    </p>
   </div>
   <div class='ocr_carea' id='block_1_105' title="bbox 434 5658 2032 5730">
    <p class='ocr_par' dir='ltr' id='par_1_105' title="bbox 434 5658 2032 5730">
     <span class='ocr_line' id='line_1_105' title="bbox 434 5658 2032 5730; baseline 0.001 -17"><span class='ocrx_word' id='word_1_874' title='bbox 434 5658 620 5713; x_wconf 78' lang='lat' dir='ltr'><strong>masio</strong></span> <span class='ocrx_word' id='word_1_875' title='bbox 668 5661 935 5727; x_wconf 72' lang='lat' dir='ltr'><strong>vulgatam</strong></span> <span class='ocrx_word' id='word_1_876' title='bbox 989 5659 1232 5713; x_wconf 79' lang='lat' dir='ltr'><strong>Latinam</strong></span> <span class='ocrx_word' id='word_1_877' title='bbox 1289 5663 1790 5730; x_wconf 72' lang='lat' dir='ltr'><strong>interpretationem</strong></span> <span class='ocrx_word' id='word_1_878' title='bbox 1839 5664 2032 5730; x_wconf 69' lang='grc' dir='ltr'>ιιι-υνυ-</span> 
     </span>
    </p>
   </div>
   <div class='ocr_carea' id='block_1_106' title="bbox 1119 5453 2758 5525">
    <p class='ocr_par' dir='ltr' id='par_1_106' title="bbox 1119 5453 2758 5525">
     <span class='ocr_line' id='line_1_106' title="bbox 1119 5453 2758 5525; baseline 0.001 -18"><span class='ocrx_word' id='word_1_879' title='bbox 1119 5453 1318 5508; x_wconf 74' lang='lat' dir='ltr'><strong>’Joan.</strong></span> <span class='ocrx_word' id='word_1_880' title='bbox 1354 5470 1409 5521; x_wconf 83' lang='grc' dir='ltr'><strong>ν,</strong></span> <span class='ocrx_word' id='word_1_881' title='bbox 1449 5453 1542 5508; x_wconf 75' lang='grc'><strong>26.</strong></span> <span class='ocrx_word' id='word_1_882' title='bbox 1621 5453 1821 5508; x_wconf 73' lang='lat' dir='ltr'><strong>&#39;Joan.</strong></span> <span class='ocrx_word' id='word_1_883' title='bbox 1861 5471 1996 5517; x_wconf 71' lang='lat' dir='ltr'><strong>xvn,</strong></span> <span class='ocrx_word' id='word_1_884' title='bbox 2025 5455 2111 5509; x_wconf 80' lang='grc'><strong>10.</strong></span> <span class='ocrx_word' id='word_1_885' title='bbox 2188 5453 2246 5507; x_wconf 72' lang='lat' dir='ltr'><strong>‘I</strong></span> <span class='ocrx_word' id='word_1_886' title='bbox 2274 5454 2397 5508; x_wconf 86' lang='lat' dir='ltr'><strong>Cor.</strong></span> <span class='ocrx_word' id='word_1_887' title='bbox 2437 5471 2533 5518; x_wconf 76' lang='lat' dir='ltr'><strong>xu,</strong></span> <span class='ocrx_word' id='word_1_888' title='bbox 2571 5456 2603 5507; x_wconf 76' lang='lat'>8</span> <span class='ocrx_word' id='word_1_889' title='bbox 2637 5471 2758 5525; x_wconf 86' lang='lat' dir='ltr'><strong>sqq.</strong></span> 
     </span>
    </p>
   </div>
   <div class='ocr_carea' id='block_1_107' title="bbox 2043 4654 3691 4728">
    <p class='ocr_par' dir='ltr' id='par_1_107' title="bbox 2043 4654 3691 4728">
     <span class='ocr_line' id='line_1_107' title="bbox 2043 4654 3691 4728; baseline 0.004 -22"><span class='ocrx_word' id='word_1_890' title='bbox 2043 4661 2082 4715; x_wconf 78' lang='grc' dir='ltr'>ι)</span> <span class='ocrx_word' id='word_1_891' title='bbox 2185 4654 2352 4708; x_wconf 76' lang='lat' dir='ltr'><strong>XVII.</strong></span> <span class='ocrx_word' id='word_1_892' title='bbox 2399 4657 2613 4710; x_wconf 84' lang='lat' dir='ltr'><strong>Etenim</strong></span> <span class='ocrx_word' id='word_1_893' title='bbox 2650 4656 2776 4710; x_wconf 90' lang='lat' dir='ltr'><strong>licet</strong></span> <span class='ocrx_word' id='word_1_894' title='bbox 2811 4657 3020 4728; x_wconf 80' lang='lat' dir='ltr'><strong>angelis</strong></span> <span class='ocrx_word' id='word_1_895' title='bbox 3055 4656 3285 4726; x_wconf 87' lang='lat' dir='ltr'><strong>amplior</strong></span> <span class='ocrx_word' id='word_1_896' title='bbox 3317 4657 3406 4710; x_wconf 92' lang='lat' dir='ltr'><strong>illa</strong></span> <span class='ocrx_word' id='word_1_897' title='bbox 3450 4665 3691 4726; x_wconf 82' lang='lat' dir='ltr'><strong>potestas</strong></span> 
     </span>
    </p>
   </div>
   <div class='ocr_carea' id='block_1_108' title="bbox 2113 4748 3692 4820">
    <p class='ocr_par' dir='ltr' id='par_1_108' title="bbox 2113 4748 3692 4820">
     <span class='ocr_line' id='line_1_108' title="bbox 2113 4748 3692 4820; baseline 0.002 -19"><span class='ocrx_word' id='word_1_898' title='bbox 2113 4748 2252 4803; x_wconf 83' lang='lat' dir='ltr'><strong>desit</strong></span> <span class='ocrx_word' id='word_1_899' title='bbox 2310 4763 2371 4800; x_wconf 90' lang='lat' dir='ltr'><strong>ac</strong></span> <span class='ocrx_word' id='word_1_900' title='bbox 2418 4748 2672 4813; x_wconf 87' lang='lat' dir='ltr'><strong>scientia,</strong></span> <span class='ocrx_word' id='word_1_901' title='bbox 2715 4749 2854 4802; x_wconf 84' lang='lat' dir='ltr'><strong>absit</strong></span> <span class='ocrx_word' id='word_1_902' title='bbox 2903 4758 2960 4802; x_wconf 92' lang='lat' dir='ltr'><strong>ut</strong></span> <span class='ocrx_word' id='word_1_903' title='bbox 3009 4748 3100 4803; x_wconf 87' lang='lat' dir='ltr'><strong>Dei</strong></span> <span class='ocrx_word' id='word_1_904' title='bbox 3151 4748 3348 4803; x_wconf 88' lang='lat' dir='ltr'><strong>Filium</strong></span> <span class='ocrx_word' id='word_1_905' title='bbox 3400 4750 3482 4805; x_wconf 76' lang='lat' dir='ltr'><strong>vel</strong></span> <span class='ocrx_word' id='word_1_906' title='bbox 3523 4749 3692 4820; x_wconf 87' lang='lat' dir='ltr'><strong>Spiri-</strong></span> 
     </span>
    </p>
   </div>
   <div class='ocr_carea' id='block_1_109' title="bbox 2116 4842 3695 4913">
    <p class='ocr_par' dir='ltr' id='par_1_109' title="bbox 2116 4842 3695 4913">
     <span class='ocr_line' id='line_1_109' title="bbox 2116 4842 3695 4913; baseline 0.003 -20"><span class='ocrx_word' id='word_1_907' title='bbox 2116 4851 2227 4896; x_wconf 90' lang='lat' dir='ltr'><strong>tum</strong></span> <span class='ocrx_word' id='word_1_908' title='bbox 2265 4852 2510 4898; x_wconf 90' lang='lat' dir='ltr'><strong>sanctum</strong></span> <span class='ocrx_word' id='word_1_909' title='bbox 2547 4858 2734 4896; x_wconf 81' lang='lat' dir='ltr'><strong>carere</strong></span> <span class='ocrx_word' id='word_1_910' title='bbox 2765 4843 2852 4896; x_wconf 87' lang='lat' dir='ltr'><strong>illa</strong></span> <span class='ocrx_word' id='word_1_911' title='bbox 2879 4843 3254 4913; x_wconf 85' lang='lat' dir='ltr'><strong>suspicemur!</strong></span> <span class='ocrx_word' id='word_1_912' title='bbox 3287 4842 3392 4897; x_wconf 89' lang='lat' dir='ltr'><strong>Sed</strong></span> <span class='ocrx_word' id='word_1_913' title='bbox 3431 4843 3572 4898; x_wconf 90' lang='lat' dir='ltr'><strong>Deus</strong></span> <span class='ocrx_word' id='word_1_914' title='bbox 3630 4860 3695 4899; x_wconf 87' lang='lat' dir='ltr'><strong>ae</strong></span> 
     </span>
    </p>
   </div>
   <div class='ocr_carea' id='block_1_110' title="bbox 2120 4933 3696 5004">
    <p class='ocr_par' dir='ltr' id='par_1_110' title="bbox 2120 4933 3696 5004">
     <span class='ocr_line' id='line_1_110' title="bbox 2120 4933 3696 5004; baseline 0.002 -19"><span class='ocrx_word' id='word_1_915' title='bbox 2120 4933 2383 5000; x_wconf 82' lang='lat' dir='ltr'><strong>Verbum,</strong></span> <span class='ocrx_word' id='word_1_916' title='bbox 2425 4934 2570 5002; x_wconf 88' lang='lat' dir='ltr'><strong>quod</strong></span> <span class='ocrx_word' id='word_1_917' title='bbox 2617 4934 2682 4988; x_wconf 91' lang='lat' dir='ltr'><strong>ad</strong></span> <span class='ocrx_word' id='word_1_918' title='bbox 2721 4951 2825 4990; x_wconf 85' lang='lat' dir='ltr'><strong>nos</strong></span> <span class='ocrx_word' id='word_1_919' title='bbox 2858 4949 2894 4986; x_wconf 58' lang='lat' dir='ltr'><strong>a&#39;</strong></span> <span class='ocrx_word' id='word_1_920' title='bbox 2932 4933 3094 4989; x_wconf 88' lang='lat' dir='ltr'><strong>Patre</strong></span> <span class='ocrx_word' id='word_1_921' title='bbox 3131 4933 3438 4997; x_wconf 87' lang='lat' dir='ltr'><strong>descendit,</strong></span> <span class='ocrx_word' id='word_1_922' title='bbox 3474 4935 3696 5004; x_wconf 88' lang='lat' dir='ltr'><strong>spirita-</strong></span> 
     </span>
    </p>
   </div>
   <div class='ocr_carea' id='block_1_111' title="bbox 2118 5026 3689 5096">
    <p class='ocr_par' dir='ltr' id='par_1_111' title="bbox 2118 5026 3689 5096">
     <span class='ocr_line' id='line_1_111' title="bbox 2118 5026 3689 5096; baseline -0.001 -17"><span class='ocrx_word' id='word_1_923' title='bbox 2118 5027 2242 5079; x_wconf 88' lang='lat' dir='ltr'><strong>liter</strong></span> <span class='ocrx_word' id='word_1_924' title='bbox 2293 5026 2577 5094; x_wconf 85' lang='lat' dir='ltr'><strong>quuitur:</strong></span> <span class='ocrx_word' id='word_1_925' title='bbox 2617 5028 2884 5080; x_wconf 66' lang='grc' dir='ltr'>κίηὶιηηίμδ</span> <span class='ocrx_word' id='word_1_926' title='bbox 2925 5042 3051 5080; x_wconf 82' lang='lat' dir='ltr'><strong>vero</strong></span> <span class='ocrx_word' id='word_1_927' title='bbox 3092 5026 3460 5088; x_wconf 84' lang='lat' dir='ltr'><strong>diiudicantnr</strong></span> <span class='ocrx_word' id='word_1_928' title='bbox 3502 5028 3546 5091; x_wconf 80' lang='grc'>⁸,</span> <span class='ocrx_word' id='word_1_929' title='bbox 3597 5027 3689 5096; x_wconf 87' lang='lat' dir='ltr'><strong>qui</strong></span> 
     </span>
    </p>
   </div>
   <div class='ocr_carea' id='block_1_112' title="bbox 2122 5116 3695 5188">
    <p class='ocr_par' dir='ltr' id='par_1_112' title="bbox 2122 5116 3695 5188">
     <span class='ocr_line' id='line_1_112' title="bbox 2122 5116 3695 5188; baseline 0 -19"><span class='ocrx_word' id='word_1_930' title='bbox 2122 5116 2240 5172; x_wconf 85' lang='lat' dir='ltr'><strong>Filii</strong></span> <span class='ocrx_word' id='word_1_931' title='bbox 2300 5118 2786 5186; x_wconf 60' lang='lat' dir='ltr'><strong>sapientiamsive</strong></span> <span class='ocrx_word' id='word_1_932' title='bbox 2833 5120 3016 5187; x_wconf 82' lang='lat' dir='ltr'><strong>potius</strong></span> <span class='ocrx_word' id='word_1_933' title='bbox 3064 5118 3346 5188; x_wconf 85' lang='lat' dir='ltr'><strong>sapientiae</strong></span> <span class='ocrx_word' id='word_1_934' title='bbox 3389 5133 3695 5172; x_wconf 59' lang='lat' dir='ltr'><strong>Sermonem</strong></span> 
     </span>
    </p>
   </div>
   <div class='ocr_carea' id='block_1_113' title="bbox 2118 5209 3697 5280">
    <p class='ocr_par' dir='ltr' id='par_1_113' title="bbox 2118 5209 3697 5280">
     <span class='ocr_line' id='line_1_113' title="bbox 2118 5209 3697 5280; baseline -0.003 -17"><span class='ocrx_word' id='word_1_935' title='bbox 2118 5212 2338 5270; x_wconf 83' lang='lat' dir='ltr'><strong>minime</strong></span> <span class='ocrx_word' id='word_1_936' title='bbox 2388 5211 2715 5280; x_wconf 81' lang='lat' dir='ltr'><strong>percipiunt.</strong></span> <span class='ocrx_word' id='word_1_937' title='bbox 2766 5243 2836 5252; x_wconf 90' lang='grc'><strong><em>--</em></strong></span> <span class='ocrx_word' id='word_1_938' title='bbox 2878 5210 3034 5271; x_wconf 85' lang='lat' dir='ltr'><strong>Volo,</strong></span> <span class='ocrx_word' id='word_1_939' title='bbox 3087 5211 3331 5280; x_wconf 87' lang='lat' dir='ltr'><strong>inquam,</strong></span> <span class='ocrx_word' id='word_1_940' title='bbox 3385 5209 3513 5262; x_wconf 87' lang='lat' dir='ltr'><strong>illud</strong></span> <span class='ocrx_word' id='word_1_941' title='bbox 3567 5209 3697 5261; x_wconf 86' lang='lat' dir='ltr'><strong>mihi</strong></span> 
     </span>
    </p>
   </div>
   <div class='ocr_carea' id='block_1_114' title="bbox 2117 5297 3694 5370">
    <p class='ocr_par' dir='ltr' id='par_1_114' title="bbox 2117 5297 3694 5370">
     <span class='ocr_line' id='line_1_114' title="bbox 2117 5297 3694 5370; baseline -0.004 -17"><span class='ocrx_word' id='word_1_942' title='bbox 2117 5299 2269 5354; x_wconf 89' lang='lat' dir='ltr'><strong>dicas</strong></span> <span class='ocrx_word' id='word_1_943' title='bbox 2305 5320 2315 5352; x_wconf 95' lang='lat'>:</span> <span class='ocrx_word' id='word_1_944' title='bbox 2351 5302 2481 5369; x_wconf 85' lang='lat' dir='ltr'><strong>Quis</strong></span> <span class='ocrx_word' id='word_1_945' title='bbox 2513 5301 2728 5354; x_wconf 81' lang='lat' dir='ltr'><strong>tandem</strong></span> <span class='ocrx_word' id='word_1_946' title='bbox 2763 5302 2937 5370; x_wconf 88' lang='lat' dir='ltr'><strong>major</strong></span> <span class='ocrx_word' id='word_1_947' title='bbox 2974 5311 3076 5365; x_wconf 87' lang='lat' dir='ltr'><strong>est,</strong></span> <span class='ocrx_word' id='word_1_948' title='bbox 3117 5301 3299 5366; x_wconf 85' lang='lat' dir='ltr'><strong>Pater,</strong></span> <span class='ocrx_word' id='word_1_949' title='bbox 3340 5317 3407 5354; x_wconf 89' lang='lat' dir='ltr'><strong>an</strong></span> <span class='ocrx_word' id='word_1_950' title='bbox 3458 5297 3576 5350; x_wconf 85' lang='lat' dir='ltr'><strong>dies</strong></span> <span class='ocrx_word' id='word_1_951' title='bbox 3607 5297 3694 5347; x_wconf 87' lang='lat' dir='ltr'><strong>illa</strong></span> 
     </span>
    </p>
   </div>
   <div class='ocr_carea' id='block_1_115' title="bbox 2837 5456 3394 5520">
    <p class='ocr_par' dir='ltr' id='par_1_115' title="bbox 2837 5456 3394 5520">
     <span class='ocr_line' id='line_1_115' title="bbox 2837 5456 3394 5520; baseline -0.007 -10"><span class='ocrx_word' id='word_1_952' title='bbox 2837 5456 3050 5510; x_wconf 73' lang='lat' dir='ltr'><strong>&#39;lCor.</strong></span> <span class='ocrx_word' id='word_1_953' title='bbox 3093 5474 3151 5519; x_wconf 88' lang='lat' dir='ltr'><strong>ll,</strong></span> <span class='ocrx_word' id='word_1_954' title='bbox 3191 5459 3272 5520; x_wconf 60' lang='lat' dir='ltr'><strong>HL,</strong></span> <span class='ocrx_word' id='word_1_955' title='bbox 3313 5457 3394 5509; x_wconf 73' lang='lat' dir='ltr'><strong>i5.</strong></span> 
     </span>
    </p>
   </div>
   <div class='ocr_carea' id='block_1_116' title="bbox 2129 5590 3692 5661">
    <p class='ocr_par' dir='ltr' id='par_1_116' title="bbox 2129 5590 3692 5661">
     <span class='ocr_line' id='line_1_116' title="bbox 2129 5590 3692 5661; baseline 0.003 -18"><span class='ocrx_word' id='word_1_956' title='bbox 2129 5590 2453 5656; x_wconf 76' lang='lat' dir='ltr'><strong>bendimus;</strong></span> <span class='ocrx_word' id='word_1_957' title='bbox 2491 5591 2652 5645; x_wconf 78' lang='lat' dir='ltr'><strong>habet</strong></span> <span class='ocrx_word' id='word_1_958' title='bbox 2685 5594 2826 5645; x_wconf 68' lang='lat' dir='ltr'><strong>enim</strong></span> <span class='ocrx_word' id='word_1_959' title='bbox 2863 5613 2873 5645; x_wconf 90' lang='lat'>:</span> <span class='ocrx_word' id='word_1_960' title='bbox 2919 5593 3055 5643; x_wconf 65' lang='lat' dir='ltr'><strong>Nam</strong></span> <span class='ocrx_word' id='word_1_961' title='bbox 3094 5595 3218 5643; x_wconf 74' lang='lat' dir='ltr'><strong>insit</strong></span> <span class='ocrx_word' id='word_1_962' title='bbox 3271 5591 3470 5661; x_wconf 54' lang='lat' dir='ltr'><strong>aliquid</strong></span> <span class='ocrx_word' id='word_1_963' title='bbox 3505 5595 3553 5646; x_wconf 79' lang='lat' dir='ltr'><strong>in</strong></span> <span class='ocrx_word' id='word_1_964' title='bbox 3591 5594 3692 5648; x_wconf 72' lang='grc' dir='ltr'>[ἀι-</span> 
     </span>
    </p>
   </div>
   <div class='ocr_carea' id='block_1_117' title="bbox 2134 5663 3342 5728">
    <p class='ocr_par' dir='ltr' id='par_1_117' title="bbox 2134 5663 3342 5728">
     <span class='ocr_line' id='line_1_117' title="bbox 2134 5663 3342 5728; baseline 0.002 -16"><span class='ocrx_word' id='word_1_965' title='bbox 2134 5673 2230 5727; x_wconf 69' lang='lat' dir='ltr'><strong>tre,</strong></span> <span class='ocrx_word' id='word_1_966' title='bbox 2278 5663 2515 5715; x_wconf 69' lang='lat' dir='ltr'><strong>(iui-itaut</strong></span> <span class='ocrx_word' id='word_1_967' title='bbox 2553 5664 2688 5728; x_wconf 78' lang='lat' dir='ltr'><strong>quod</strong></span> <span class='ocrx_word' id='word_1_968' title='bbox 2727 5663 2853 5714; x_wconf 75' lang='lat' dir='ltr'><strong>Filii</strong></span> <span class='ocrx_word' id='word_1_969' title='bbox 2893 5663 3156 5714; x_wconf 75' lang='lat' dir='ltr'><strong>(lirinituti</strong></span> <span class='ocrx_word' id='word_1_970' title='bbox 3191 5663 3342 5715; x_wconf 65' lang='lat' dir='ltr'><strong>desit.</strong></span> 
     </span>
    </p>
   </div>
  </div>
