4012 6210
366 444 441 502 49
1774 441 1958 499 ANCO

2064 441 2216 498 rus.
2340 414 2341 417 γ
3554 428 3628 484 so

362 555 436 618 ὡς
481 555 704 628 ἔπρεπε,
745 557 1006 628 μειζόνως
1037 560 1403 631 τετιμημένος
1430 559 1535 615 ὑπὸ
1569 560 1665 614 τοῦ
1712 562 1946 632 Πατρός.

2064 561 2200 617 enim
2234 560 2321 617 vel
2353 560 2469 630 ipse
2500 564 2769 613 testatur:
2803 554 2967 609 Pater
2993 567 3135 605 meus
3166 551 3338 619 major
3364 564 3443 601 me
3478 542 3585 601 est’
3608 583 3625 599 .

367 646 517 701 Ἔδει
550 648 660 719 γὰρ
688 648 904 719 ἀληθῶς
940 649 1031 705 τὸν
1073 652 1296 721 γνήσιον
1324 651 1452 705 Υἱδν
1488 653 1654 723 τιμᾷν
1680 651 1772 705 τὸν
1817 652 1944 705 ῐδιον

366 738 607 810 Πατέρα,
642 739 728 793 ἵνα
749 739 900 812 δείξῃ
932 742 1032 811 τὴν
1061 742 1411 812 γνησιότητα.
1442 742 1566 807 Πῶς
1599 743 1658 796 δὲ
1693 744 1757 797 σὺ
1798 744 1947 815 νομί-

365 829 480 893 ζεις
512 832 739 899 μείζονα
775 827 915 885 εἶναι
970 833 1172 899 αὑτόν;
1208 833 1573 906 περιφερείᾳ;
1627 834 1660 904 ἢ
1698 834 1876 905 ὄγκῳ;
1911 833 1946 904 ἢ

365 919 582 989 χρόνῳς
616 920 650 990 ἢ
691 921 903 993 καιρῷ;
941 923 974 992 ἢ
1010 921 1176 995 ἀξίας
1206 924 1239 995 ἢ
1275 924 1526 994 θεότητις
1566 923 1600 993 ἢ
1644 923 1945 993 ἀθανασίας

366 1008 401 1078 ἢ
451 1010 750 1081 ἀῖδιότητι;
802 1013 894 1083 Μὴ
940 1013 1113 1067 ταῦτα
1164 1013 1373 1083 νόμιζε.
1416 1015 1580 1069 Οὐδὲν
1621 1014 1729 1085 γὰρ
1777 1015 1835 1068 ὲν
1880 1016 1949 1085 τῇ

370 1100 584 1172 θεότητι
630 1102 813 1158 ἄνισον
858 1104 1093 1177 ὑπάρχει
1135 1106 1272 1178 πρὸς
1307 1106 1398 1161 τὸν
1429 1106 1578 1164 Υῐόν.
1614 1106 1775 1161 Ἀλλά
1815 1105 1952 1159 καθὸ

369 1192 557 1265 Πατὴρ
577 1194 605 1246 6
633 1195 822 1267 Πατήρ
854 1197 992 1264 ἐστι,
1016 1199 1112 1251 καὶ
1150 1198 1285 1252 καθὸ
1306 1198 1433 1262 Υἱὸς
1450 1199 1672 1270 γνήσιος
1696 1198 1833 1269 τιμᾷ
1859 1196 1952 1250 τὸν

368 1283 563 1337 ἑαυτοῦ
611 1286 830 1357 Πατέρα
854 1302 868 1318 ο
898 1286 1019 1341 οὗτε
1061 1287 1171 1360 γὰρ
1222 1291 1368 1360 ὄγκῳ
1417 1289 1647 1361 φέρεται
1678 1287 1740 1343 τὸ
1775 1285 1949 1353 Θεῖον,

369 1371 456 1424 ἵνα
501 1373 805 1445 ὑπέρογκος
834 1374 930 1429 τοῦ
988 1374 1189 1449 Υὶοῦῇ
1243 1379 1273 1432 6
1316 1380 1506 1450 Πατήρ
1530 1394 1545 1407 °
1604 1377 1728 1433 οὔτε
1775 1376 1953 1449 χρόνῳ

368 1464 667 1519 ὑποπίπτει
694 1505 709 1530 ,
760 1467 847 1520 ἵνα
890 1467 1227 1541 ὑπέρχρονος
1269 1470 1299 1521 6
1346 1470 1537 1539 Πατὴρ
1580 1469 1807 1540 γένηται
1856 1466 1953 1521 τοῦ

368 1554 538 1608 Υἱοῦ·
588 1556 711 1610 οὐδὲ
779 1556 858 1628 τῷ
903 1557 1026 1627 ῦψει
1077 1559 1318 1629 μερικῶς
1357 1558 1615 1614 τάττεται
1662 1560 1692 1612 6
1740 1559 1950 1629 Πατήρ.

370 1650 558 1703 Πάντα
579 1650 686 1721 γὰρ
711 1651 955 1722 περιέχει
978 1652 1161 1716 αὐτὸς,
1182 1652 1273 1705 ὑπ’
1295 1652 1508 1715 οὐδενὸς
1530 1651 1917 1722 περιεχόμενος
1936 1667 1950 1681 ·

370 1742 457 1794 ἵνα
505 1742 535 1794 6
574 1741 701 1805 Υἱὸς
746 1742 1140 1815 ὑπερϐεϐηκὼς
1180 1744 1372 1796 νοοῖτο.
1410 1741 1689 1798 Ἐκάθισε
1726 1741 1836 1813 γὰρ
1886 1741 1956 1795 ἐν

366 1833 540 1902 δεξιᾷ
583 1834 690 1889 τοῦ
722 1836 984 1905 Πατρός,
1034 1836 1130 1888 καὶ
1173 1836 1276 1888 οὐκ
1306 1830 1480 1899 εἶπεν,
1532 1833 1836 1902 Εἰσῆλθεν
1867 1835 1957 1900 εὶς

368 1924 481 1979 τόν
509 1926 759 1994 Πατέρα,
824 1926 916 1980 ἵνα,
952 1926 1238 1980 Σαϐέλλιον
1282 1926 1571 1998 παραλύσῃ
1612 1926 1706 1980 καὶ
1740 1926 1956 1997 Ἀρειον

369 2016 590 2069 καθέλοι
621 2017 719 2085 τῆς
748 2016 916 2071 αὐτοῦ
954 2016 1324 2087 βλασφημίας.

2055 652 2540 709 Verumenimvero
2570 647 2742 704 Filius
2773 647 2840 702 ad
2865 643 3248 699 honorandum
3283 639 3497 693 Patrem
3522 636 3629 691 ista

2054 745 2216 807 dixit,
2250 743 2306 798 id
2347 741 2493 813 quod
2535 743 2731 795 merito
2768 738 3022 801 faciebat,
3056 743 3244 804 utpote
3279 731 3542 800 majorem
3572 736 3630 782 ct

2055 839 2171 908 ipse
2197 837 2253 892 in
2283 834 2503 891 modum
2532 834 2836 888 honoratus
2867 847 2896 884 a
2931 830 3112 883 Patre.
3146 825 3447 896 Oportebat
3477 821 3627 876 enim

2055 930 2245 998 utique
2288 942 2607 999 germanum
2657 923 2853 979 Filium
2902 922 3121 993 proprio
3173 918 3321 972 Patri
3365 916 3635 970 honorem

2055 1018 2319 1080 tribuere,
2364 1024 2424 1069 ut
2465 1027 2787 1083 germanum
2831 1026 2955 1066 sese
3010 1009 3336 1064 declararet.
3370 1002 3453 1057 Tu
3501 1015 3632 1057 vero

2056 1123 2164 1180 qua
2193 1107 2414 1163 tandem
2449 1107 2504 1160 in
2534 1121 2594 1161 re
2622 1104 2883 1174 majorem
2916 1103 3070 1156 illum
3099 1115 3223 1154 esse
3263 1093 3632 1168 pronuntias?

2058 1198 2301 1254 ambitu?
2331 1213 2401 1252 an
2442 1196 2619 1251 mole?
2648 1210 2717 1249 an
2749 1194 3033 1263 tempore?
3072 1205 3142 1244 an
3172 1187 3531 1258 tempestate?
3561 1201 3631 1239 an

2057 1286 2358 1360 dignitate?
2385 1301 2453 1341 an
2483 1285 2808 1345 divinitate?
2832 1299 2899 1338 an
2924 1279 3332 1337 immortalitate
3349 1277 3373 1331 ?
3390 1292 3460 1329 an
3485 1284 3641 1329 mter-

2060 1380 2271 1436 nitate?
2293 1377 2438 1433 Cave
2466 1376 2571 1431 ista
2605 1376 2703 1432 tibi
2734 1373 3091 1445 persuadeas.
3118 1369 3265 1425 Nihil
3289 1367 3434 1423 enim
3465 1373 3551 1421 est
3579 1365 3634 1418 in

2059 1470 2347 1526 divinitate
2401 1486 2512 1525 non
2550 1467 2759 1538 aequale
2791 1464 2951 1520 Filio.
2984 1462 3094 1519 Sed
3134 1470 3406 1531 quatenus
3450 1456 3635 1523 Pater,

2059 1559 2221 1615 Pater
2246 1570 2358 1627 est;
2386 1568 2441 1616 et
2468 1568 2739 1631 quatenus
2760 1557 2935 1612 Filius
2963 1566 3256 1626 germanus
3281 1558 3387 1613 est,
3419 1547 3636 1602 Patrem

2060 1652 2316 1706 honorat.
2364 1650 2499 1705 Nam
2547 1664 2729 1721 neque
2763 1648 2905 1703 mole
2942 1652 3162 1701 constat
3200 1643 3364 1705 Deus,
3413 1647 3474 1693 ut
3516 1638 3640 1707 ejus

2062 1743 2426 1813 amplitudine
2468 1741 2673 1796 Filium
2728 1745 2950 1809 superet
2987 1736 3185 1803 Pater;
3233 1747 3411 1803 neque
3451 1732 3643 1786 subest

2061 1836 2318 1904 tempori,
2353 1842 2413 1888 ut
2434 1832 2575 1888 Filio
2601 1841 2850 1903 tempore
2870 1831 2946 1886 sit
2972 1830 3217 1884 anterior
3244 1826 3437 1891 Pater;
3464 1838 3641 1893 neque

2064 1924 2118 1977 in
2154 1924 2373 1979 sublimi
2407 1924 2644 1993 quodam
2673 1923 2795 1977 loco
2824 1937 2891 1976 ex
2918 1929 3073 1989 parte
3104 1918 3423 1973 continetur
3451 1914 3635 1968 Pater.

1996 2004 2039 2061 Β
2071 2015 2356 2084 Siquidem
2401 2015 2585 2069 omnia
2622 2013 2739 2084 ipse
2784 2012 3167 2082 complectitur
3210 2025 3240 2064 a
3288 2008 3443 2063 nullo
3490 2019 3641 2060 com-

371 2108 699 2177 prehensus,
747 2118 807 2164 ut
853 2109 998 2164 inl‘ra
1043 2110 1348 2165 consistere
1398 2106 1597 2163 Filium
1647 2106 1946 2177 intelligas.
1989 2105 2139 2161 Sedit
2163 2108 2309 2162 enim
2331 2106 2401 2160 ad
2427 2105 2701 2160 dexteram
2724 2103 2931 2158 Patris.
2979 2100 3098 2157 Non
3142 2100 3302 2165 dixit,
3360 2097 3640 2169 Ingressus

367 2209 450 2253 est
482 2200 537 2254 in
568 2199 806 2265 Patrem,
844 2208 904 2254 ut
937 2199 1230 2256 Sabellium
1263 2199 1535 2256 refcllerct
1575 2210 1630 2256 et
1657 2201 1773 2255 Arii
1803 2201 2196 2271 blasphemiam
2230 2207 2520 2257 everteret.

446 2288 551 2345 IH'.
601 2290 700 2344 Διὰ
730 2288 892 2344 τοῦτο
928 2290 1003 2361 μὴ
1048 2289 1202 2362 ζήτει
1237 2289 1307 2345 τὰ
1354 2291 1431 2360 μὴ
1480 2290 1791 2362 ζητούμενα
1820 2289 1957 2358 (I8),

368 2380 509 2433 ἀλλὰ
572 2381 710 2451 τίμα
766 2380 859 2435 τὸν
910 2380 1079 2447 Υἱὸν,
1132 2381 1219 2435 ἵνα
1273 2382 1366 2435 τὸν
1422 2380 1647 2452 Πατέρα
1694 2381 1957 2452 τιμήσῃς.

384 2469 620 2525 ’Ᾱκούων
653 2471 710 2525 δὲ
738 2472 868 2544 περὶ
898 2472 993 2525 τοῦ
1045 2471 1181 2526 Θεοῦ
1202 2489 1216 2505 ο
1257 2472 1469 2539 Οὐδεὶς
1516 2472 1761 2542 ἀγαθός,
1794 2476 1846 2527 εὶ
1870 2473 1958 2543 μὴ

367 2558 458 2627 εἷς
485 2564 519 2616 ό
549 2561 716 2628 Θεὸς,
746 2562 821 2634 μὴ
849 2562 1130 2635 τολμήσῃς
1164 2564 1253 2617 διὰ
1295 2563 1355 2617 τὸ
1386 2564 1477 2617 τὸν
1522 2564 1651 2618 Υἰὺν
1690 2563 1963 2635 ὑπερϐαλ-

368 2654 571 2719 λόντως
590 2656 758 2725 τιμᾷν
783 2655 873 2709 τὸν
906 2654 1153 2726 Πατέρα,
1187 2656 1287 2710 οὐκ
1330 2656 1530 2725 ἀγαθὸν
1563 2656 1839 2727 ἀποφῆναι
1864 2656 1957 2711 τὸν

368 2745 522 2803 Υιόν.
568 2744 706 2799 Οῦτε
744 2745 853 2817 γὰρ
913 2745 1246 2818 ἀρνούμενος
1298 2746 1490 2801 ἑαυτὸν
1534 2747 1740 2817 ἀγαθὸν
1783 2742 1954 2814 εἶναι,

366 2837 519 2905 λέγει
548 2836 640 2889 τὸν
685 2836 906 2908 Πατέρα
950 2837 1152 2906 ἀγαθὸν
1178 2878 1193 2901 ,
1227 2836 1364 2891 ἀλλὰ
1408 2836 1646 2908 τοσούτῳ
1689 2836 1958 2907 μειζόνως

365 2927 564 2981 ἑαυτὸν
598 2928 974 2982 ἀποκαλύπτει
1006 2929 1021 2959 ¹
1053 2931 1113 2983 ὲν
1143 2928 1220 3000 τῷ
1248 2929 1347 2999 τὴν
1386 2929 1553 2999 τιμὴν
1583 2929 1678 2982 ἐπὶ
1705 2929 1795 2981 τὸν
1830 2927 1960 2983 ἴδιον

365 3017 539 3072 αὑτοῦ
570 3018 810 3090 Πατέρα,
839 3020 927 3072 ἵνα
970 3019 1083 3073 ἀπὸ
1117 3020 1219 3089 τῆς
1247 3018 1582 3090 ἀγαθότητος
1619 3018 1713 3074 τοῦ
1750 3019 1962 3089 Πατρὸς

364 3105 591 3177 γνωσθῇ
627 3107 660 3176 ἡ
694 3108 894 3175 γνῶσις
921 3108 1023 3177 τῆς
1054 3107 1148 3160 τοῦ
1181 3107 1310 3161 Υἱοῦ
1332 3107 1426 3161 τοῦ
1455 3108 1591 3162 Θεοῦ
1620 3108 1958 3178 ἀγαθότητος

2131 2289 2322 2346 XVIII.
2363 2290 2730 2357 Quamobrem
2774 2302 2897 2359 qua:
2926 2286 3153 2341 minime
3181 2284 3355 2356 quaeri
3400 2289 3638 2355 oportet,

2060 2398 2132 2438 ne
2162 2382 2415 2452 quaerito,
2453 2381 2551 2439 sed
2593 2381 2804 2436 honora
2852 2378 3074 2445 Filium,
3109 2386 3170 2432 ut
3210 2388 3266 2433 et
3292 2376 3510 2432 Patrem
3544 2378 3643 2432 ho-

2062 2487 2249 2528 nores.
2298 2472 2439 2527 Cum
2481 2479 2664 2527 autem
2722 2471 2792 2526 de
2836 2469 2947 2525 Deo
3001 2469 3206 2524 dictum
3256 2468 3389 2523 illud
3427 2467 3586 2524 audis
3623 2486 3637 2522 :

2065 2563 2237 2619 Nemo
2256 2563 2444 2629 bonus,
2477 2565 2582 2618 nisi
2606 2563 2752 2618 solus
2777 2560 2918 2616 Deus
2943 2561 2987 2626 ³,
3017 2575 3126 2616 non
3151 2561 3274 2616 ideo
3300 2558 3446 2630 quod
3468 2558 3643 2615 Filius

2064 2654 2283 2733 Patrem
2334 2656 2666 2711 excellenter
2708 2656 2965 2720 honoret,
3020 2653 3218 2708 Filium
3273 2666 3384 2707 non
3435 2651 3640 2706 bonum

2061 2762 2187 2803 esse
2226 2747 2588 2817 pronuntiare
2620 2745 2848 2802 audeas.
2879 2744 3067 2816 Neque
3091 2743 3237 2799 enim
3271 2758 3396 2797 cum
3422 2740 3641 2796 Patrem

2064 2840 2269 2895 bonum
2298 2854 2423 2895 esse
2453 2837 2608 2904 dicit,
2642 2839 2847 2893 bonum
2876 2852 3002 2893 esse
3037 2835 3394 2905 semetipsum
3427 2839 3592 2903 negat
3624 2849 3638 2886 :

2069 2933 2183 2988 imo
2229 2947 2362 2987 vero
2404 2938 2559 2985 tanto
2600 2945 2662 2986 se
2708 2930 2987 2985 meliorem
3040 2942 3162 2983 esse
3213 2925 3489 2989 declarat,
3532 2936 3643 2993 quo

2067 3024 2330 3079 honorem
2360 3021 2512 3083 Patri
2544 3036 2646 3076 suo
2677 3019 2875 3084 defert,
2916 3026 2977 3073 ut
2999 3034 3066 3074 ex
3104 3017 3286 3071 Patris
3315 3016 3556 3070 bonitate
3574 3014 3653 3068 de.

2065 3112 2189 3168 Filii
2236 3112 2330 3168 Dei
2371 3111 2617 3167 bonitate
2659 3118 2897 3174 constet,
2940 3108 3032 3178 qui
3080 3123 3111 3161 a
3157 3107 3304 3161 bono
3344 3104 3504 3159 Patre
3535 3102 3644 3158 Deo

365 3198 482 3252 ἀπὸ
515 3197 725 3267 ἀγαθοῦ
768 3198 983 3271 Πατρὸς
1012 3198 1146 3253 Θεοῦ
1177 3200 1599 3271 γεγεννημένου.
1642 3199 1819 3271 Πολλὴ
1852 3200 1959 3271 γὰρ

2067 3206 2285 3278 genitus
2337 3212 2443 3261 est.
2506 3203 2720 3274 Quippe
2765 3215 2983 3257 summa
3032 3208 3118 3256 est
3165 3198 3370 3270 ingenii
3423 3196 3641 3251 illorum

363 3288 635 3360 ἁδρὰνεια
674 3288 782 3342 τῶν
833 3288 1158 3360 τολμώντων
1197 3290 1377 3359 λέγειν
1429 3290 1560 3363 περὶ
1595 3289 1689 3344 τοῦ
1731 3289 1864 3344 Υἱοῦ
1902 3289 1962 3344 τὸ

363 3377 633 3443 τοιοῦτον,
662 3381 764 3434 κᾶν
789 3398 848 3433 τε
875 3381 1050 3443 εἴποις
1069 3397 1083 3412 ·
1118 3377 1223 3449 Εἷς
1260 3382 1434 3436 ἐστιν
1465 3381 1689 3449 ἀγαθός
1732 3384 1766 3435 ό
1794 3380 1960 3446 Θεός.

341 3467 345 3470 ’
379 3470 522 3523 Ἰδοὺ
547 3469 656 3542 γὰρ
699 3472 756 3524 ἐν
784 3471 997 3535 πολλοῖς
1039 3472 1278 3527 διδάσκει
1309 3475 1458 3545 ἡμᾶς
1496 3476 1530 3544 ή
1578 3473 1698 3527 θεία
1746 3472 1962 3544 Γραφὴ,

363 3560 605 3631 ἀγαθόν
656 3562 898 3616 καλοῦσα
927 3563 1111 3618 παῖδα
1132 3565 1377 3633 πτωχὸν
1426 3564 1525 3618 καὶ
1576 3565 1800 3634 σοφόν·
1847 3565 1960 3629 καὶ,

378 3651 624 3722 Ἀγαθός
650 3653 761 3723 (19)
791 3653 1079 3723 Σαμουὴλ
1101 3656 1253 3723 μετὰ
1282 3653 1430 3708 Θεοῦ
1458 3654 1557 3707 καὶ
1602 3654 1960 3722 ἀνθρώπων

368 3746 493 3809 καὶ,
535 3744 773 3813 Ἀγαθός
796 3740 877 3815 ἦν
904 3743 1105 3798 Σαοὺλ
1131 3743 1263 3810 υἱός
1294 3744 1402 3810 Κὶς
1425 3744 1494 3798 ἐκ
1525 3743 1729 3814 φυλῆς
1758 3748 1965 3799 Βενια-

361 3835 495 3905 μὶν,
531 3835 913 3904 ὑψηλότερος
950 3834 1179 3903 παντὸς
1220 3836 1460 3905 Ἰσραὴλ
1486 3837 1832 3907 ὑπερωμίαν
1864 3836 1964 3891 καὶ

361 3928 578 3983 ἐπάνω
598 3945 612 3959 ·
652 3929 766 3993 καὶ,
806 3928 1059 3997 Ἀγαθὸν
1092 3931 1452 3997 πορεύεσθαι
1492 3932 1582 3996 εις
1613 3925 1783 3984 οἷκον
1821 3929 1966 3984 πέν-

363 4026 554 4087 θους,
596 4020 635 4087 ἢ
692 4022 781 4085 εὶς
820 4015 990 4074 οἷκον
1036 4021 1259 4074 πότου·
1292 4022 1406 4086 καὶ,
1434 4020 1726 4086 Ἀνοιξον,
1768 4023 1964 4089 Κύριε,

362 4110 483 4164 τόν
506 4110 793 4177 οὐρανόν,
820 4111 926 4162 τόν
950 4111 1261 4179 θησαυρόν
1280 4126 1399 4165 σου
1428 4111 1536 4164 τόν
1563 4112 1790 4181 ἀγαθόν
1807 4127 1820 4143 ⁸
1849 4112 1965 4176 καὶ,

378 4200 638 4270 Ἀγαθός
668 4200 853 4269 λόγος
883 4200 1035 4266 ὑπὲρ
1076 4199 1230 4268 δόμα
1251 4216 1264 4231 ’
1301 4201 1416 4266 καὶ,
1453 4202 1701 4271 Ἀγαθός
1744 4204 1776 4254 ό
1810 4201 1970 4253 κύων·

363 4294 399 4345 ὀ
432 4288 556 4351 ζῶν
588 4288 740 4357 ὑπὲρ
760 4286 879 4342 ’τόν
913 4288 1137 4344 λέοντα
1168 4288 1275 4345 τόν
1300 4293 1553 4359 νεκρόν*
1584 4292 1700 4357 καὶ,
1733 4290 1972 4360 Ἀγαθὸν

361 4380 483 4434 δύο
524 4377 682 4448 ὑπὲρ
729 4380 838 4432 τόν
880 4377 1018 4432 ἔναυ
1054 4379 1177 4445 καὶ,
1232 4379 1450 4450 Ἀγαθὴ
1496 4380 1725 4450 ἐσχάτη
1773 4382 1972 4450 λόγων

360 4473 529 4542 ὑπὲρ
560 4468 761 4540 ἀρχήν
782 4486 796 4500 ⁸
828 4470 941 4535 καὶ,
980 4473 1050 4524 Et
1083 4470 1255 4540 ὑμεῖς
1296 4471 1552 4543 πονηροὶ
1577 4473 1749 4538 ὄντες
1769 4471 1970 4527 οἴδατε

2062 3295 2436 3360 imbecillitas,
2484 3295 2578 3366 qui
2618 3291 2889 3364 ejusmodi
2924 3291 3186 3362 quiddam
3226 3290 3431 3345 audent
3477 3287 3639 3358 proti-

2064 3389 2166 3444 leri
2209 3388 2277 3444 de
2324 3385 2489 3451 Filio,
2535 3384 2757 3440 tametsi
2807 3383 2863 3437 in
2911 3382 3152 3438 medium
3202 3379 3337 3435 illud
3393 3378 3639 3434 afferas:

2068 3480 2215 3536 Unus
2241 3490 2319 3536 est
2349 3479 2512 3533 bonus
2542 3477 2706 3532 Deus.
2765 3475 2901 3531 Nam
2943 3475 3220 3546 plerisque
3247 3473 3303 3529 in
3332 3472 3468 3530 locis
3496 3471 3646 3528 Scri-

2063 3581 2223 3644 ptura
2256 3586 2357 3628 nos
2381 3570 2719 3626 contrarium
2750 3567 2944 3626 edocet
2971 3588 2984 3623 :
3026 3568 3264 3637 primum
3293 3580 3419 3621 cum
3452 3566 3645 3621 bonum

2064 3664 2303 3733 appellat
2344 3662 2643 3717 mendicum
2690 3668 2742 3716 et
2783 3660 3076 3730 sapientem
3115 3674 3339 3728 puerum
3367 3658 3410 3711 ⁸.
3453 3657 3585 3711 Item
3628 3674 3642 3710 :

2066 3753 2283 3810 Samuel
2305 3754 2467 3808 bonus
2483 3762 2598 3807 erat
2620 3769 2738 3807 cum
2766 3751 2870 3806 Deo
2885 3761 2933 3806 et
2949 3750 3303 3805 hominibus".
3328 3750 3427 3804 Et:
3463 3749 3638 3803 Bonus

2063 3859 2173 3904 erat
2220 3847 2354 3903 Saul
2389 3847 2535 3916 ﬁlius
2581 3844 2671 3901 Cis
2698 3862 2726 3901 e
2776 3844 2918 3898 tribu
2954 3843 3258 3912 Benjamin,
3286 3842 3449 3896 altior
3479 3841 3647 3895 omni-

2067 3940 2162 3993 bus
2216 3935 2485 3991 Israelitis
2512 3936 2576 3990 ab
2606 3935 2839 3990 humeris
2869 3945 2918 3989 et
2948 3950 3112 4003 supra
3138 3935 3181 3988 ⁸.
3232 3934 3368 3988 Item
3398 3951 3412 3988 :
3440 3932 3650 3986 Bonum

2066 4041 2144 4086 est
2173 4032 2250 4085 ire
2282 4029 2351 4084 ad
2370 4028 2586 4083 domum
2609 4028 2805 4093 luctus,
2840 4044 2999 4097 quam
3023 4026 3094 4080 ad
3110 4026 3329 4079 domum
3357 4025 3580 4078 convivii
3606 4024 3647 4074 ".

2069 4120 2247 4175 Tum:
2286 4121 2467 4188 Aperi,
2502 4119 2746 4181 Domine,
2784 4119 2994 4183 caelum,
3041 4117 3344 4169 thesaurum
3387 4124 3535 4167 tuum
3561 4115 3651 4166 bo-

2070 4226 2195 4263 num
2223 4210 2266 4263 ⁸.
2305 4210 2436 4263 Item
2471 4227 2485 4263 :
2530 4208 2712 4262 Bonus
2748 4223 2919 4261 sermo
2976 4223 3082 4277 pm
3138 4220 3370 4262 munere.
3426 4204 3652 4259 Necnon

2071 4308 2125 4355 et
2155 4300 2290 4355 illud
2320 4317 2333 4354 :
2371 4298 2567 4353 Melior
2598 4308 2676 4353 est
2713 4298 2862 4353 canis
2892 4299 3037 4353 vivus
3081 4297 3227 4352 leone
3254 4306 3463 4352 mortuo
3490 4296 3532 4351 ’.
3564 4295 3648 4360 Et,

2071 4387 2265 4444 Melius
2292 4398 2369 4443 est
2389 4388 2522 4443 duos
2559 4404 2691 4454 esse,
2722 4403 2881 4459 quam
2914 4404 3077 4442 unum
3109 4388 3174 4442 ¹⁰.
3212 4386 3297 4453 Et,
3330 4386 3521 4442 Melior
3557 4399 3635 4443 est

2072 4481 2195 4550 ﬁnis
2224 4482 2480 4535 sermonis
2531 4481 2791 4549 principio
2823 4480 2888 4535 “.
2909 4478 3043 4533 Item
3076 4499 3089 4535 :
3133 4478 3195 4535 Si
3224 4496 3313 4534 vos
3352 4480 3481 4534 mali
3520 4497 3641 4534 cum

361 4569 607 4637 δόματα
647 4562 839 4632 ἀγαθὰ
878 4560 1111 4619 διδόναι
1160 4562 1286 4630 τοῖς
1317 4564 1557 4631 τέκνοις
1601 4564 1789 4637 ὑμῶν,
1836 4566 1959 4636 περὶ

2066 4567 2207 4634 sitis,
2226 4569 2392 4623 nostis
2425 4566 2564 4622 bona
2593 4565 2703 4638 24
2737 4565 2869 4621 data
2897 4567 3026 4621 dare
3052 4567 3183 4637 ﬁliis
3212 4568 3398 4622 vestris
3432 4568 3475 4598 “
3500 4587 3514 4623 :
3549 4566 3655 4622 ubi-

442 4686 461 4716 ί
495 4683 666 4738 Deest
688 4679 974 4753 verbum."
1013 4682 1034 4713 '
1056 4678 1213 4735 Joan.
1244 4680 1480 4753 stv,i2§.
1531 4751 1541 4753 _
1570 4683 1590 4714 ³
1612 4681 1743 4737 Luc.
1777 4698 1932 4745 xvm,
1962 4683 2051 4753 I9.
2130 4684 2382 4741 ‘Eccles.
2423 4700 2498 4747 Iv,
2532 4683 2619 4753 I3.
2698 4680 2765 4735 'l
2794 4681 2929 4753 Reg.
2979 4698 3039 4746 ιι,
3066 4683 3157 4739 26.
3225 4682 3247 4713 ⁸
3275 4680 3293 4735 I
3327 4680 3461 4752 Reg.
3487 4698 3564 4748 ιι,
3590 4683 3643 4734 2.

361 4759 383 4790 ’
404 4756 600 4811 Eccle.
632 4766 729 4818 vn,
756 4750 810 4805 5.
884 4750 906 4782 ⁸
928 4748 1092 4808 Num.
1124 4767 1216 4817 xx,
1245 4751 1297 4809 ὃ.
1373 4752 1394 4784 ⁸
1419 4751 1601 4808 Eecle.
1627 4768 1704 4820 ιι,
1734 4752 1790 4809 4.
1864 4755 1908 4785 ¹⁰
1932 4752 2110 4811 Eccle.
2150 4771 2222 4822 tv,
2254 4756 2307 4811 9.
2386 4754 2427 4789 “
2452 4752 2633 4809 Eccle.
2659 4768 2755 4822 vn,
2789 4754 2851 4810 9.
2880 4748 2933 4787 7'
2967 4753 3160 4810 Matth.
3190 4768 3283 4818 vn,
3307 4754 3384 4809 II.

366 4938 641 4996 Hebraeos
670 4931 952 5005 Christum
1004 4930 1293 5005 Dominum
1337 4933 1405 4989 ad
1457 4935 1681 5002 angelos
1739 4949 1963 5005 compa.-

364 5006 673 5077 rans,__ait,
715 5003 967 5077 Τοσούτῳ
1004 5004 1283 5077 κρείττων-
1299 5005 1589 5077 γενόμενος
1635 5006 1743 5077 τῶν
1781 5003 1964 5077 ἀγγέ-

365 5074 735 5198 λων.(ἶῆθιςιιῐη
765 5072 835 5126 de
862 5072 947 5127 his
981 5072 1115 5129 satis
1143 5088 1241 5144 pro
1270 5072 1505 5130 instituti
1541 5076 1717 5132 nostri
1747 5072 1959 5132 ratione

370 5152 485 5198 iam
565 5156 787 5197 ulmus.

370 5152 485 5204 iam
520 5144 787 5198 diximus.

362 5167 485 5221 lam
520 5167 787 5198 utxuuus.

443 5214 568 5289 (18)
610 5211 708 5279 Μὴ
739 5209 891 5275 ζήτει
924 5212 997 5265 τὰ
1019 5212 1106 5281 μὴ
1151 5212 1500 5289 ζητούμενα.
1536 5213 1966 5289 Epiphanii__do-

366 5285 893 5360 mitigatum-sane
947 5285 1476 5360 opportunissimum
1537 5300 1658 5360 pr'e
1705 5285 1963 5341 omnibus

370 5350 769 5426 snbtilissimjs
801 5350 910 5426 illis
950 5350 1254 5426 rationibus
1287 5369 1426 5426 quas
1483 5350 1768 5426 versabant
1801 5371 1965 5426 supe-

371 5427 518 5484 riori
565 5424 626 5476 in
654 5418 1030 5491 adnotatione.
1064 5422 1241 5491 Atque
1266 5418 1473 5478 utinam
1518 5424 1571 5477 in
1612 5424 1780 5478 rebus
1810 5418 1963 5479 theo-

375 5496 547 5567 logia:
581 5490 763 5569 sacris
790 5490 1419 5569 simplicitate’contenti
1450 5493 1585 5546 illud
1618 5494 1964 5569 impleverim

373 5558 670 5639 doctores,
706 5558 917 5639 Maiora
937 5569 988 5639 te,
1010 5577 1072 5615 ne
1102 5563 1409 5639 qumsieris;
1440 5571 1602 5639 atque
1632 5558 1793 5639 alieni
1825 5563 1960 5621 fuis-

376 5644 507 5691 sent
537 5633 612 5686 ab
651 5630 858 5701 inutili,
902 5638 996 5684 aut
1027 5630 1134 5685 non
1179 5634 1346 5687 semel
1394 5630 1700 5701 perniciosa
1734 5636 1964 5689 investi—

376 5706 613 5777 gatione
655 5700 767 5762 illa,
810 5715 917 5768 qua
955 5702 1217 5777 quaeritur
1246 5716 1345 5777 cur
1387 5700 1526 5777 [lens
1562 5704 1665 5757 hoc
1707 5705 1790 5757 vel
1832 5704 1964 5758 illud

381 5770 610 5837 fecerit,
665 5779 756 5843 aut
802 5771 1076 5843 quomodo
1128 5771 1336 5828 fecerit.
1393 5771 1504 5827 Ilcu
1555 5780 1759 5842 quanta
1829 5789 1965 5843 pace

381 5844 675 5902 frueretur
709 5838 989 5896 Ecclesia!
1034 5858 1197 5912 quam
1246 5857 1431 5911 pauca:
1461 5838 1648 5900 essent
1688 5838 1964 5901 haereses!

2066 4949 2231 5006 quam
2257 4929 2659 5006 contractiores
2680 4928 2966 5006 theologia:
2987 4935 3254 5006 tractatus
3273 4930 3286 4982 l
3312 4928 3509 5006 quales
3521 4929 3647 5006 heu,

2066 4999 2371 5075 quantique
2408 5001 2711 5075 Christiani
2751 4999 3023 5075 esscinus
3044 5001 3056 5056 l
3097 5005 3167 5055 At
3211 4999 3544 5075 insatiabilis
3592 5002 3649 5055 in

2067 5070 2309 5131 Iiumana
2345 5080 2527 5128 mente
2573 5071 2786 5125 sciendi
2841 5070 3154 5140 cupiditas,
3210 5071 3404 5126 odiosa
3454 5071 3648 5125 adver-

2069 5147 2341 5203 sariorum
2366 5141 2662 5197 morositas
2686 5148 2740 5195 et
2778 5140 3111 5210 improbum
3148 5141 3529 5210 oppugnandae
3560 5156 3646 5195 vc-

2068 5217 2251 5271 ritatis
2280 5214 2545 5275 studium,
2573 5209 2958 5280 necessitatem
2989 5209 3149 5280 nobis
3173 5209 3433 5265 crearunt
3454 5225 3647 5280 quam.

2070 5287 2219 5351 dam,
2252 5284 2463 5354 litigiis,
2498 5281 2753 5354 salebris,
2784 5279 3379 5354 diﬂicillimisnexibus
3410 5279 3528 5354 eam
3548 5281 3649 5354 im:

2070 5348 2310 5426 plicandi
2339 5348 2876 5426 'tloctrinan1,_qna;
2918 5348 3249 5426 castissimae
3300 5350 3535 5419 Virginis
3579 5348 3647 5401 ad

2069 5420 2263 5491 instar,
2296 5422 2565 5477 modestia
2602 5420 3051 5491 etisimplicitate‘
3082 5420 3274 5491 lubens
3305 5434 3399 5489 per
3429 5434 3486 5471 se
3516 5433 3649 5491 gau-

2067 5488 2582 5551 deret.Caveamus
2610 5490 2777 5559 igitur
2804 5488 2874 5544 ite
2910 5488 3056 5559 quod
3101 5489 3292 5541 vitium
3347 5488 3647 5541 necessitas

2067 5566 2275 5627 intulit,
2306 5563 2516 5632 absque
2551 5559 2884 5615 necessitate
2913 5570 3006 5613 aut
3037 5571 3353 5626 sequamur,
3390 5564 3486 5608 attt
3519 5571 3644 5626 pro,

2071 5636 2353 5690 vehamus.

2143 5702 2533 5775 (l9)_\‘erbnm
2574 5694 2640 5770 ἦν
2668 5714 2733 5754 eo
2766 5698 2822 5753 in
2874 5696 2990 5775 loco
3023 5692 3335 5775 desiderari
3366 5709 3490 5775 cum
3528 5693 3643 5775 (lli-

2076 5761 2465 5829 ιῑοὶιοῬυιτινὶἰ
2499 5761 2723 5825 monent
2771 5775 2825 5821 et
2866 5764 3246 5835 probatissima
3296 5763 3505 5819 Veteris
3540 5761 3649 5817 Tc-

2077 5844 2333 5903 statnenti
2358 5842 2604 5911 exempla
2638 5840 2845 5893 Graeca.
