4012 6210
326 452 387 509 51
1734 464 1789 519 S.
1831 464 2170 524 EPIPHANII
3504 467 3570 526 5?.

324 576 394 632 de
434 574 583 646 pisce
610 584 666 632 et
706 593 845 648 pane
878 578 1140 651 loquitur.
1184 581 1318 649 Quae
1344 597 1471 638 cum
1510 586 1582 641 ita
1613 587 1744 649 sint,
1776 604 1898 659 qum

2006 588 2182 660 ίχθύος
2215 592 2308 643 καὶ
2352 590 2519 661 ἄρτου
2557 590 2752 660 λέγων.
2808 590 2936 655 Πῶς
2994 592 3199 662 τολμᾷν
3247 590 3573 645 διανοεῖσθαι

326 674 480 722 tanta
518 668 612 723 ilia
648 677 832 725 vestra
867 681 953 728 est
983 673 1236 735 audacia.
1270 683 1330 729 ut
1362 673 1561 731 Filium
1596 678 1895 735 bonitatem

324 759 601 829 abnegare
622 777 801 828 suam,
827 779 938 819 non
961 780 1062 836 pro
1082 767 1369 822 excellenti
1393 783 1494 823 suo
1516 769 1697 827 Patris
1723 771 1896 827 bono-

324 850 481 905 randi
511 852 700 907 studio
724 854 1057 910 mentionem
1088 855 1351 911 bonitatis
1371 856 1522 913 illius
1549 857 1745 914 fecisse
1778 865 1896 913 sta-

323 940 533 997 tuatis?
566 941 703 997 Eum
733 944 937 1014 quippe
980 945 1074 1016 qui
1115 960 1176 1000 se
1209 945 1297 1000 bis
1335 946 1516 1003 verbis
1564 949 1894 1019 appellabat,

323 1031 625 1102 Praeceptor
652 1036 788 1090 bone
821 1037 862 1099 ί,
895 1051 992 1091 ore
1035 1047 1196 1092 tenus
1232 1036 1336 1091 ista
1386 1036 1749 1107 proferentem
1785 1055 1896 1095 non

321 1135 388 1179 ex
429 1125 617 1179 animo
658 1124 898 1191 videbat,
952 1140 1188 1195 eumque
1240 1126 1569 1197 redarguere
1611 1128 1829 1184 volebat
1878 1149 1892 1184 :

322 1213 468 1281 quod
497 1214 682 1269 verbis
708 1214 854 1270 illius
884 1216 1113 1272 minime
1141 1216 1420 1282 crederet,
1452 1218 1548 1273 sed
1588 1219 1898 1289 exploraret

322 1303 594 1368 animum,
639 1305 1101 1376 quemadmodum
1131 1308 1239 1363 alio
1273 1309 1327 1363 in
1369 1310 1490 1365 loco
1531 1310 1664 1365 dicit
1701 1330 1714 1366 :
1752 1311 1894 1378 Quid

322 1393 453 1447 mihi
496 1393 695 1463 dicitis,
742 1392 990 1463 Domine,
1016 1397 1259 1469 Domine,
1303 1409 1355 1454 et
1400 1416 1506 1454 non
1554 1400 1736 1469 facitis
1777 1417 1896 1470 quis

326 1486 448 1542 dies
475 1487 540 1541 ’ἲ
575 1488 754 1559 Atque
780 1488 935 1545 illum
972 1488 1079 1546 hoc
1122 1499 1283 1562 pacto
1330 1492 1660 1548 convincere
1700 1493 1894 1563 cupie~

322 1580 435 1645 bat,
489 1579 761 1652 siquidem
820 1596 945 1637 cum
1018 1582 1220 1638 bonum
1282 1583 1435 1638 illum
1499 1593 1890 1655 praeceptorem

321 1676 602 1735 vocasset,
646 1685 991 1742 nequaquam
1034 1671 1090 1727 in
1121 1670 1227 1728 ﬁde
1269 1686 1372 1728 sua
1421 1673 1684 1743 perstitit,
1737 1681 1797 1728 ut
1838 1674 1893 1728 in

323 1760 498 1833 ipsius
525 1761 823 1819 bonitatem
854 1762 1124 1819 crederet.

390 1850 533 1908 XIX.
575 1851 749 1924 Igitur
777 1860 1029 1909 sanctum
1074 1855 1251 1925 ipsum
1288 1856 1385 1913 Dei
1409 1854 1671 1924 Verbum,
1702 1856 1894 1912 vivens

2001 680 2413 753 ἀπαρνούμενον
2464 682 2555 737 τὸν
2584 683 2709 736 Υίδν
2742 682 2840 754 τὴν
2878 683 3071 738 ἑαυτοῦ
3113 683 3442 752 ἁγαοότητα,
3481 682 3573 736 καί⁵

2005 773 2079 845 μὴ
2110 774 2177 827 δι’
2202 775 2505 848 ὑπερϐολὴν
2542 775 2641 846 τῆς
2679 777 2847 847 τιμῆς
2874 774 2969 830 τοῦ
3003 774 3218 847 Πατρδς
3251 775 3439 845 φέρειν
3471 774 3571 843 τὴν

2003 865 2353 937 ἀγαθότητα;
2404 865 2583 938 Ἐὠρα
2617 867 2708 920 16v
2749 867 2975 936 λέγοντα
2999 866 3135 937 (20)
3184 864 3354 934 αὐτῷ,
3407 862 3573 917 Διδά-
3608 876 3609 879 ‘

2001 960 2197 1011 σκαλε
2230 957 2433 1027 ἀγαθὲ,
2463 958 2690 1026 λέγοντα
2723 959 2947 1029 στόματι
2994 958 3088 1011 καὶ
3125 957 3186 1010 ού
3236 955 3450 1029 καρδίᾳ,
3479 954 3575 1009 καὶ

2001 1044 2215 1113 ἐλέγξαι
2245 1045 2405 1100 αὑτὸν
2436 1044 2775 1118 βουλόμενος,
2803 1046 2885 1099 ὅτι
2912 1048 2972 1100 οὐ
2994 1048 3107 1110 τοῖς
3150 1045 3382 1116 χείλεσιν
3405 1042 3572 1097 αὑτοῦ

2002 1136 2266 1199 ἐπείθετο,
2306 1136 2442 1189 ἀλλά
2486 1137 2583 1205 τὴν
2636 1136 2865 1208 καρδίαν
2904 1128 3220 1207 διήλεγχεν*
3255 1137 3331 1201 ὼς
3382 1135 3477 1188 καὶ
3515 1136 3573 1188 ὲν

2001 1227 2145 1298 ἄλλῳ
2165 1229 2315 1299 τόπῳ
2341 1229 2518 1297 λέγει⁸
2560 1230 2620 1283 Τί
2633 1248 2734 1299 μοι
2761 1228 2988 1300 λέγετε,
3012 1229 3209 1296 Κύριε,
3245 1228 3439 1296 Κύριε,
3472 1227 3570 1281 καὶ

2000 1322 2072 1374 οὐ
2095 1320 2313 1375 ποιεῖτε
2353 1321 2496 1388 τοὺς
2535 1321 2718 1391 ἐμοὺς
2763 1321 3026 1391 λόγους;
3059 1319 3151 1373 καὶ
3179 1312 3281 1373 ὧδε
3322 1318 3573 1373 ἐϐούλετο

2000 1411 2159 1465 αὑτὸν
2193 1412 2466 1483 ἐλέγχειν·
2496 1411 2649 1480 ἔλεγε
2677 1411 2786 1482 γὰρ
2816 1411 2974 1464 αὐτὸν
3000 1409 3202 1480 ἀγαθὸν
3231 1409 3568 1471 διδάσκαλον,

2001 1505 2097 1556 καὶ
2124 1502 2222 1556 οὐκ
2248 1502 2438 1575 ἔμενεν
2466 1503 2525 1557 ὲν
2547 1507 2613 1575 τῇ
2645 1502 2810 1557 αὑτοῦ
2844 1504 3046 1572 πίστει,
3068 1502 3343 1557 πιστεύειν
3373 1504 3451 1566 είς
3474 1500 3573 1574 τὴν

2000 1593 2164 1648 αὐτοῦ
2186 1594 2518 1665 ἀγαθότητα.

2071 1856 2171 1908 ΙΘ’.
2212 1853 2385 1918 Αὐτὸς
2438 1853 2620 1907 τοίνυν
2651 1856 2680 1909 6
2719 1853 2874 1922 ἀγιος
2918 1855 3090 1922 Λόγος
3113 1893 3130 1919 ,
3164 1855 3193 1906 6
3230 1851 3338 1917 ζῶν
3370 1850 3568 1906 ὲνυπό-

319 1954 375 2001 et
408 1944 741 2010 subsistens,
784 1944 1026 2002 cmlestis
1058 1961 1178 2011 rex,
1229 1950 1524 2017 germanus
1564 1946 1757 2015 Filius,
1799 1947 1895 2002 sed

2006 1961 2210 2008 στατος,
2246 1946 2276 1997 6
2314 1944 2566 2015 βασιλεὺς
2589 1945 2619 2001 6
2643 1945 2985 2016 ἐπουράνιος,
3017 1947 3046 1999 6
3079 1944 3209 2008 Υἱὸς
3256 1946 3285 1998 6
3327 1945 3569 2013 γνήσιος,

319 2050 447 2092 cum
490 2034 653 2092 Patre
697 2051 916 2107 semper
953 2037 1252 2104 exsistens,
1294 2053 1325 2092 a
1372 2037 1534 2093 Patre
1565 2039 1893 2108 procedens,

321 2126 582 2197 splendor
600 2126 812 2197 gloriae,
848 2127 1021 2197 ﬁgura
1048 2128 1369 2183 substantia:
1403 2128 1440 2192 ³,
1510 2128 1689 2197 imago
1719 2127 1899 2181 Patris

323 2219 631 2286 verissima,
669 2219 723 2273 in
758 2219 949 2276 eodem
984 2235 1109 2274 cum
1138 2220 1399 2277 Genitore
1437 2220 1579 2277 solio
1618 2220 1900 2291 dignitatis

321 2309 616 2367 considens
642 2327 657 2363 :
679 2306 851 2378 Cujus
879 2310 1023 2380 regni
1050 2312 1267 2366 nouerit
1293 2311 1464 2381 finis‘,
1477 2310 1646 2380 judea:
1666 2312 1899 2365 visorum

320 2409 371 2454 et
419 2409 751 2456 mortuorum
779 2400 829 2467 ',
897 2400 1169 2472 sapientia
1223 2417 1255 2456 a
1294 2402 1583 2472 sapientia,
1633 2416 1700 2457 ex
1750 2403 1902 2458 fonte

326 2493 453 2550 iens
479 2493 748 2563 originem
780 2492 993 2550 ducens
1024 2513 1038 2550 :
1065 2492 1155 2549 le
1178 2492 1346 2563 enim,
1375 2494 1574 2566 inquit,
1603 2493 1913 2566 derelique-

324 2593 450 2640 rnnt
494 2584 689 2655 fontem
734 2600 890 2655 aqua
930 2587 1080 2652 view,
1121 2594 1172 2641 ει
1216 2586 1465 2657 {oderunt
1506 2585 1611 2643 sibi
1642 2586 1901 2641 cisternas

323 2676 612 2744 dissipatas
634 2676 655 2708 ⁸
686 2694 702 2732 :
744 2676 938 2744 ﬂuvius
971 2692 1191 2748 quoque
1220 2678 1483 2747 perennis
1518 2685 1604 2733 est
1638 2679 1737 2747 qui
1765 2677 1904 2732 laeti-

323 2767 449 2836 ﬁcat
486 2767 683 2836 impetu
716 2768 986 2823 civitatem
1023 2767 1202 2837 Dei",
1244 2770 1342 2839 qui
1388 2784 1457 2825 ex
1511 2767 1703 2826 eodem
1750 2769 1904 2824 fonte

326 2857 709 2929 progreditur:
745 2859 890 2916 unde
929 2860 1177 2929 ﬂumina,
1210 2860 1409 2930 inquit,
1453 2858 1519 2915 de
1546 2860 1695 2915 illius
1727 2868 1902 2916 uentre

324 2952 587 3023 proﬂuent
622 2950 644 2985 ⁸
680 2969 696 3006 :
742 2958 908 3022 atque
963 2951 1108 3009 idem
1160 2958 1439 3021 sceptrum
1488 2949 1657 3006 David
1683 2990 1699 3016 ,
1742 2949 1905 3005 radix

324 3042 480 3101 Jesse
528 3049 584 3100 et
618 3040 721 3101 ﬂos
766 3042 835 3098 ab
871 3057 936 3099 ea
981 3042 1301 3114 pullulans:
1359 3042 1464 3106 leo,
1513 3056 1613 3095 rex
1654 3040 1722 3098 de
1755 3041 1905 3095 tribu

324 3133 485 3202 Juda,
536 3134 660 3191 ovis
706 3134 920 3191 ratione
968 3134 1219 3202 praedita,
1269 3132 1409 3203 lapis
1456 3132 1613 3188 vivus
1650 3150 1665 3186 :
1720 3132 1905 3202 magni

327 3225 547 3283 consilii
577 3226 840 3297 Angelus,
883 3225 1050 3305 homo
1091 3239 1154 3279 re
1196 3226 1315 3294 ipsa
1349 3230 1535 3287 natus,
1568 3223 1776 3278 nullam
1809 3233 1906 3277 ant

328 3326 538 3374 natura
569 3326 666 3374 aut
706 3317 1012 3373 divinitatis
1057 3316 1419 3372 mutationem
1465 3329 1688 3387 passus,
1738 3322 1905 3372 natus

331 3413 386 3469 in
412 3424 605 3477 carne,
660 3409 1011 3465 incarnatum
1070 3406 1333 3472 Verbum,
1364 3405 1604 3463 Verbum
1646 3420 1780 3462 caro
1827 3405 1906 3461 fa-

328 3510 479 3559 ctum
504 3502 549 3559 ’.
580 3499 701 3567 Qua
731 3500 788 3557 in
816 3514 876 3556 re
909 3498 1258 3565 declaranda,
1288 3506 1417 3555 ante
1443 3499 1773 3555 vocabulum
1819 3497 1906 3566 fa-

328 3604 497 3659 ctum,
522 3607 628 3650 vox
666 3598 754 3649 est
795 3591 1007 3648 inserta
1040 3591 1239 3646 carnis.
1273 3588 1412 3645 Nam
1458 3605 1569 3645 non
1596 3588 1735 3645 dixit
1774 3588 1904 3644 Ver-

331 3691 454 3739 bum
480 3685 685 3754 factum
711 3725 728 3751 ,
759 3684 855 3741 sed
888 3692 1013 3756 post
1060 3682 1215 3739 Verbi
1255 3698 1479 3746 nomen,
1509 3697 1699 3739 vocem
1727 3683 1907 3738 carnis

330 3776 543 3835 inﬁnite
566 3777 751 3847 posuit
781 3795 794 3831 :
835 3785 948 3832 tum
972 3783 1097 3846 post
1130 3791 1364 3841 carnem,
1404 3774 1608 3844 factum
1639 3781 1718 3828 est
1756 3772 1908 3843 adje-

333 3866 434 3931 cit,
484 3878 548 3922 ut
580 3866 851 3924 vocabulo
877 3865 1077 3935 factum
1121 3874 1220 3930 est,
1251 3880 1318 3920 ex
1349 3862 1517 3919 Maria
1556 3870 1746 3918 natum
1786 3876 1910 3919 esse

332 3958 694 4029 significetur,
716 3973 780 4015 ac
810 3956 1049 4014 Verbum
1088 3957 1423 4027 intelligatur
1447 3970 1480 4011 ε
1507 3955 1648 4011 ctelo
1685 3963 1851 4023 atque
1877 3968 1910 4006 a

333 4050 497 4108 Patre
519 4065 644 4109 esse
669 4050 975 4120 delapsum.
1003 4046 1118 4103 Hoc
1143 4047 1311 4118 igitur
1339 4055 1592 4103 sanctum
1616 4044 1911 4111 vivumque

336 4142 600 4210 Verbum,
634 4141 779 4201 Deus
804 4157 835 4197 a
855 4141 1037 4206 Patre,
1068 4139 1252 4211 magni
1272 4138 1491 4197 consilii
1512 4137 1777 4208 Angelus,
1814 4148 1913 4204 pa-

331 4238 478 4295 terni
538 4237 759 4297 consilii
821 4236 1051 4292 nuntius
1090 4243 1147 4290 et
1192 4235 1485 4302 interpres,
1537 4228 1701 4285 Pater
1740 4226 1911 4284 futuri

330 4330 515 4385 seculi
535 4330 614 4383 “’z
641 4329 778 4397 ipse,
796 4327 1042 4394 inquam,
1070 4325 1178 4379 hoc
1200 4324 1340 4379 dixit
1364 4341 1379 4377 :
1413 4322 1583 4376 Nemo
1606 4322 1747 4376 norit
1774 4320 1912 4374 diem

333 4434 495 4489 neque
526 4418 735 4479 horam,
777 4431 844 4470 ne
875 4415 1047 4485 angeli
1080 4412 1287 4483 quidem
1327 4413 1416 4482 qui
1438 4413 1493 4465 in
1522 4411 1652 4466 caelo
1690 4420 1814 4466 sunt
1845 4410 1912 4474 “,

337 4525 472 4566 nam
522 4507 658 4565 illud
714 4508 989 4579 ignorant,
1042 4502 1243 4558 Filium
1291 4503 1397 4557 hoc
1443 4500 1626 4557 altiori
1675 4500 1913 4571 quodam

1998 2040 2027 2091 6
2054 2038 2142 2092 ἀεὶ
2178 2039 2274 2091 σὺν
2316 2037 2513 2108 Πατρὶ,
2547 2039 2576 2091 6
2607 2038 2673 2090 ἐκ
2712 2037 2929 2108 Πατρὸς
2966 2035 3265 2108 προελθὼν,
3297 2033 3358 2089 16
3398 2034 3575 2087 ἀπαύ-

1998 2147 2184 2200 γασμα
2214 2129 2315 2200 τῆς
2345 2129 2504 2200 δόξης
2525 2167 2540 2193 ,
2589 2131 2619 2182 6
2647 2130 2936 2201 χαρακτὴρ
2969 2130 3070 2200 τῆς
3112 2127 3485 2191 ὑποστάσεως,
3537 2128 3571 2196 ἡ

1999 2221 2162 2276 εἰκὼν
2187 2222 2278 2275 τοῦ
2308 2223 2523 2293 [ἰατρὸς
2553 2224 2611 2274 ἐν
2655 2221 2901 2293 ἀληθείᾳ,
2935 2222 2963 2274 6
2999 2220 3290 2292 σύνθρονος
3330 2220 3424 2274 τοῦ
3475 2219 3575 2291 φύ-

2002 2330 2225 2379 σαντος,
2260 2306 2344 2370 Οὔ
2396 2312 2506 2381 τῆς
2539 2313 2863 2379 βασιλείας
2898 2314 3011 2367 οὐκ
3063 2314 3235 2367 ἐσται
3279 2312 3491 2378 τέλος,
3542 2315 3576 2366 ό

2001 2403 2207 2474 κριτὴς
2233 2402 2463 2465 ζώντων
2489 2404 2588 2459 καὶ
2620 2403 2870 2472 νεκρῶν,
2898 2403 2928 2455 6
2958 2403 3119 2473 σοφία
3149 2402 3223 2456 ὣν
3253 2405 3316 2456 ὲκ
3360 2402 3574 2475 σοφίας,

1999 2496 2193 2568 ὁπηγὴ
2223 2494 2301 2550 ὣν
2332 2497 2398 2549 ὲκ
2416 2494 2598 2565 πηγῆς
2618 2509 2632 2525 ·
2663 2494 2802 2564 Ἐμὲ
2823 2495 2954 2567 γὰρ,
2979 2495 3161 2566 φησὶν,
3185 2494 3577 2563 ἐγκατέλιπον

2001 2587 2205 2657 πηγὴν
2223 2586 2441 2653 ὕδατος
2473 2585 2641 2655 ζωῆς,
2658 2587 2755 2640 καί
2785 2585 3024 2654 ὤρυξαν
3049 2586 3284 2652 ἑαυτοῖς
3309 2585 3579 2652 λάκκους

2002 2678 2572 2750 συντετριμμένους·
2603 2681 2633 2733 6
2659 2679 2923 2749 ποταμὸς
2944 2681 2972 2733 6
2999 2680 3244 2744 ἀὲνναος,
3267 2681 3296 2733 6
3330 2681 3576 2748 εὐφραί-

2002 2786 2126 2824 νων
2153 2770 2280 2836 τοῖς
2312 2770 2613 2840 ὀρμήμασι
2642 2770 2758 2838 τὴν
2790 2772 2972 2825 πόλιν
2995 2770 3102 2826 τοῦ
3134 2771 3303 2835 Θεοῦ,
3322 2773 3350 2825 6
3372 2773 3436 2826 ὲκ
3478 2772 3578 2842 τῆς

2004 2862 2187 2933 πηγῆς
2214 2860 2513 2934 προελθὼν,
2543 2862 2602 2929 ἐξ
2633 2854 2827 2933 οὗπερ,
2873 2862 3029 2933 φησὶ,
3060 2862 3312 2932 ποταμοὶ
3360 2863 3427 2916 ἐκ
3467 2861 3579 2931 τῆς

2004 2954 2238 3020 κοιλίας
2281 2952 2468 3007 αὐτοῦ
2510 2953 2848 3021 ρεὑσουσι’
2882 2952 2946 3006 16
2988 2953 3264 3024 σκῆπτρον
3309 2951 3495 3016 Δαϐἱδ,
3543 2953 3577 3022 ή

2008 3043 2132 3116 ῥίζα
2157 3043 2252 3099 τοῦ
2292 3044 2513 3109 Ἰεσσαὶ,
2556 3044 2618 3100 16
2674 3043 2834 3108 ἄνθος
2872 3043 2932 3097 16
2958 3044 3051 3098 ἀπ’
3084 3044 3275 3115 αὐτῆς,
3306 3046 3335 3098 6
3364 3044 3520 3105 λέων,
3551 3045 3580 3096 6

2009 3134 2264 3206 βασιλεὺς
2299 3135 2328 3187 6
2356 3134 2421 3186 ἐκ
2447 3133 2620 3204 φυλῆς
2657 3132 2846 3194 Ἰούδα.
2873 3131 2936 3185 16
2964 3132 3233 3204 πρόϐατον
3257 3131 3317 3185 16
3341 3130 3577 3199 λογικὸν,

1962 3285 1973 3303 .
2008 3229 2037 3280 6
2071 3226 2218 3290 λίθος
2257 3228 2288 3280 6
2327 3225 2470 3291 ζῶν,
2522 3226 2672 3295 ὁτῆς
2717 3223 2958 3295 μεγάλης
2990 3222 3187 3293 βουλῆς
3228 3221 3510 3290 Ἄγγελος,
3552 3222 3583 3272 6

2008 3315 2294 3388 ἄνθρωπος
2321 3318 2380 3369 ὲν
2415 3315 2643 3387 ἀληθείᾳ
2677 3312 2937 3382 γεγονὼς,
2968 3312 3061 3366 καὶ
3090 3311 3223 3373 Θεὸς
3263 3311 3321 3363 ὲν
3352 3309 3581 3381 ἀληθεία

2009 3406 2290 3477 ὑπάρχων,
2319 3406 2394 3478 μὴ
2419 3406 2651 3477 τραπεὶς
2696 3404 2795 3474 τὴν
2821 3402 3002 3472 φύσιν,
3038 3402 3115 3473 μὴ
3160 3399 3459 3464 ἀλλοιώσας
3482 3400 3582 3473 τὴν

2009 3498 2258 3569 θεότητα.
2286 3499 2316 3549 6
2335 3496 2617 3567 γεννηθεὶς
2663 3497 2721 3548 ὲν
2762 3494 2949 3564 σαρκὶ,
2982 3495 3011 3547 6
3039 3491 3345 3564 σαρκωθεὶς
3390 3492 3581 3561 Λόγος,

2006 3592 2041 3646 6
2071 3590 2244 3658 Λόγος
2284 3588 2420 3659 σὰρξ
2464 3587 2783 3657 γενόμενος,
2814 3588 2843 3640 6
2885 3586 3023 3656 ἔχων
3056 3583 3260 3655 μεταξὺ
3295 3583 3388 3637 τοῦ
3419 3585 3586 3653 γενό-

2004 3698 2188 3752 μενος
2225 3680 2287 3733 τὸ
2338 3675 2516 3745 σάρξ.
2574 3669 2638 3731 '0
2658 3679 2847 3745 Λόγος
2864 3676 2974 3747 γὰρ
3012 3675 3113 3728 οὐκ
3158 3668 3311 3727 εἶπεν
3352 3676 3386 3727 ό
3420 3675 3586 3744 γενό-

2003 3788 2209 3841 μενος,
2249 3768 2384 3823 ἀλλά
2413 3765 2550 3838 μετά
2575 3764 2637 3819 16
2668 3765 2729 3818 Ὀ
2755 3765 2944 3835 Λόγος
2966 3764 3377 3837 ἀπαρεμφάτως
3405 3764 3585 3833 τίθησι

2009 3864 2071 3917 16
2124 3862 2306 3931 trdpf'
2340 3859 2479 3931 μετά
2507 3857 2563 3911 δὲ
2610 3857 2673 3910 16
2707 3856 2865 3927 σὰρξ
2909 3857 3058 3927 λέγει
3096 3855 3356 3926 ἐγένετο,
3393 3856 3481 3908 ἵνα
3525 3854 3587 3908 16

2008 3956 2266 4024 ἐγένετο,
2294 3953 2360 4006 ἐκ
2394 3949 2616 4023 Μαρίας
2645 3949 2967 4021 δοκιμασθῇ,
3004 3949 3091 4001 ἵνα
3131 3947 3161 4000 6
3188 3947 3360 4016 Λόγος
3383 3945 3587 4001 ἄνωθεν

2013 4046 2165 4116 παρά
2204 4043 2413 4115 Πατρὸς
2440 4038 2717 4094 κατελθὼν
2754 4040 2939 4112 νοηθῇ.
2973 4034 3142 4103 Οὗτος
3182 4040 3210 4091 6
3242 4037 3394 4107 ἅγιος
3422 4039 3451 4090 6
3479 4036 3587 4101 ζῶν

2013 4137 2206 4206 Λόγος,
2233 4136 2263 4187 6
2293 4134 2428 4206 πρὸς
2458 4132 2670 4203 Πατρὸς
2705 4131 2857 4195 Θεὸς,
2888 4132 2918 4184 6
2960 4130 3202 4202 μεγάλης
3235 4128 3431 4199 βουλῆς
3455 4129 3588 4197 ’Λγ-

2012 4231 2187 4300 γελος,
2215 4231 2244 4282 6
2267 4226 2545 4297 ἀγγέλλων
2573 4222 2641 4278 τὰ
2664 4225 2763 4294 τῆς
2792 4223 2986 4294 βουλῆς
3007 4221 3100 4275 τοῦ
3131 4218 3363 4291 Πατρὸς,
3400 4219 3590 4289 Πατὴρ

2012 4320 2105 4373 τοῦ
2133 4317 2415 4389 μέλλοντος
2453 4315 2668 4377 αίῶνος,
2697 4314 2858 4376 αὐτὸς
2880 4309 3033 4365 εἶπεν
3051 4328 3064 4342 ·
3092 4310 3303 4376 Οὐδείς
3322 4305 3445 4363 οἵδε
3476 4308 3592 4375 τὴν

2012 4409 2240 4479 ἡμέραν
2288 4409 2388 4460 καὶ
2422 4406 2535 4473 τὴν
2564 4403 2745 4473 ὥραν,
2769 4404 2908 4458 οὔτε
2942 4405 2995 4456 oi
3037 4400 3277 4472 ἄγγελοι
3316 4404 3371 4455 οἱ
3402 4401 3473 4454 ἐν
3511 4397 3591 4463 τῷ

2016 4499 2249 4569 οἰφαγῷ
2271 4513 2287 4530 ·
2317 4500 2413 4553 καὶ
2440 4496 2550 4568 γὰρ
2572 4497 2671 4551 οὐκ
2698 4496 2905 4549 οἴδασιν
2925 4495 3007 4547 ὅτι
3029 4496 3058 4547 6
3088 4494 3216 4558 Υἱὸς
3245 4491 3592 4563 νοηματικῶς

336 4617 504 4657 sensu
557 4597 964 4671 pronuntiasse,
1023 4594 1149 4650 Nisi
1197 4593 1343 4650 solus
1392 4592 1577 4649 Pater.
1627 4591 1737 4661 π
1775 4590 1904 4645 Cum

2017 4592 2184 4659 λέγει,
2214 4592 2282 4645 El
2298 4589 2385 4659 μὴ
2414 4590 2601 4658 μόνος
2624 4589 2657 4641 ό
2684 4585 2906 4653 Πατήρ.
2942 4586 3006 4639 Ei
3038 4584 3217 4638 τοίνυν
3246 4579 3384 4637 οἶδεν
3406 4584 3434 4636 6
3462 4579 3593 4645 Υίὺς

334 4694 503 4769 igitur
537 4691 754 4747 Patrem
787 4689 960 4747 Filius
1005 4688 1243 4748 noverit,
1292 4702 1360 4742 ac
1393 4685 1556 4740 Pater
1591 4684 1678 4740 die
1719 4683 1812 4736 illa
1840 4682 1904 4735 sit

2018 4680 2107 4733 τὸν
2125 4679 2363 4751 Πατέρα,
2382 4675 2585 4750 μείζων
2596 4676 2652 4730 δὲ
2664 4677 2693 4729 6
2713 4677 2903 4747 Πατὴρ
2920 4676 3015 4729 καὶ
3037 4678 3137 4746 τῆς
3151 4674 3369 4747 ἡμέρας
3382 4673 3477 4728 καὶ
3489 4672 3591 4742 τῆς

338 4787 587 4856 horaque
622 4782 833 4854 major;
867 4797 977 4854 qua
1007 4781 1076 4837 de
1104 4794 1164 4834 re
1198 4779 1452 4835 dubitare
1488 4790 1650 4832 nemo
1685 4780 1865 4845 potest
1894 4791 1907 4829 :

340 4878 431 4949 qui
474 4876 622 4948 quod
663 4876 846 4945 majus
895 4884 981 4930 est
1029 4872 1203 4935 novit,
1238 4886 1368 4926 num
1420 4870 1469 4924 is
1511 4865 1728 4921 tandem
1765 4864 1914 4936 quod

337 4969 520 5026 minus
547 4978 634 5024 est
662 4966 979 5039 ignorabit?
1025 4963 1200 5019 Nemo
1229 4965 1371 5017 enim
1404 4961 1618 5015 Patrem
1643 4958 1787 5012 novit
1812 4956 1917 5011 nisi

337 5063 537 5127 Filius,
580 5071 630 5117 et
662 5076 812 5115 nemo
844 5059 985 5115 novit
1017 5056 1218 5112 Filium
1243 5056 1349 5110 nisi
1374 5053 1535 5108 Pater
1566 5052 1631 5105 “.
1676 5050 1745 5106 Ut
1769 5050 1914 5106 enim

338 5169 571 5227 magnus
612 5151 827 5207 idcirco
862 5149 1027 5205 Pater
1049 5158 1155 5212 est,
1204 5147 1335 5218 quia
1370 5143 1525 5200 novit
1568 5139 1790 5205 Filium,
1839 5139 1913 5193 ita

338 5255 394 5304 et
436 5261 670 5316 magnus
694 5241 873 5297 Filius
908 5248 1014 5301 est,
1053 5240 1184 5309 quia
1223 5236 1375 5291 novit
1425 5236 1638 5291 Patrem
1677 5252 1692 5288 :
1744 5247 1917 5303 quare

339 5340 434 5411 qui
471 5336 615 5407 quod
656 5335 838 5405 majus
881 5343 987 5399 est,
1032 5330 1249 5384 Patrem
1282 5328 1549 5391 videlicet,
1594 5324 1915 5397 cognoscit,

341 5430 487 5501 quod
531 5430 690 5499 longe
726 5426 911 5481 minus
955 5430 1061 5486 est,
1103 5422 1355 5491 ignorare
1391 5418 1485 5488 qui
1528 5424 1725 5488 potest,
1772 5416 1917 5470 diem

2017 4772 2186 4844 ὥρας,
2200 4771 2291 4825 καὶ
2304 4769 2479 4833 οὐδεὶς
2501 4770 2537 4823 ἀ
2543 4768 2851 4840 μφιὸἀλλει,
2864 4768 2983 4831 πῶς
3005 4769 3112 4839 ἄρα
3124 4768 3152 4820 6
3164 4767 3224 4820 16
3240 4765 3422 4836 μεῖζον
3438 4762 3593 4827 εἰδὼς

2016 4864 2079 4917 16
2092 4858 2258 4935 ἦσσον
2289 4864 2502 4932 ἀγνοεῖς
2543 4860 2696 4915 Οὐδὲ
2718 4861 2828 4929 γὰρ
2860 4856 2984 4914 οἶδέ
3006 4877 3096 4925 τις
3129 4858 3235 4912 τὸν
3269 4856 3521 4923 Πατέρα,
3539 4856 3593 4907 ει

2012 4954 2098 5026 μὴ
2124 4958 2156 5009 ό
2184 4953 2348 5019 Υἱός’
2382 4950 2482 5005 καὶ
2505 4950 2707 5017 οὐδεὶς
2733 4946 2858 5003 οἵδε
2896 4950 3004 5003 τὸν
3030 4949 3181 5010 Υὶὸν,
3220 4950 3273 5001 εί
3291 4946 3378 5017 μὴ
3413 4949 3445 4999 ό
3482 4948 3594 4998 Πα-

2020 5046 2148 5115 τήρ.
2197 5045 2284 5109 Ὦς
2339 5044 2447 5116 γὰρ
2486 5043 2658 5114 μέγας
2712 5043 2740 5094 6
2785 5041 2972 5112 Πατὴρ
3010 5042 3089 5093 ὅτι
3127 5034 3234 5093 οἶδε
3288 5038 3378 5092 τὸν
3422 5036 3587 5098 Υίδν,

2022 5139 2164 5192 οὕτω
2198 5138 2291 5191 καὶ
2325 5138 2353 5188 6
2384 5135 2509 5199 Υἱὸς
2541 5133 2709 5204 μέγας
2737 5135 2816 5186 ὅτι
2850 5129 2954 5184 οἶδε
2995 5130 3084 5183 τὸν
3114 5129 3351 5201 Πατέρα.
3384 5130 3447 5183 Εἰ
3482 5125 3590 5182 οἶδε

2021 5231 2202 5284 τοίνυν
2228 5228 2319 5281 τὸν
2348 5228 2586 5297 Πατέρα,
2603 5225 2664 5279 16
2701 5224 2900 5295 μεῖζον,
2923 5222 2984 5277 16
3012 5224 3207 5295 μικρὸν
3240 5222 3357 5285 πῶς
3386 5222 3589 5290 ἀγνοεῖ,

2021 5321 2263 5375 τουτέστι
2303 5317 2400 5388 τὴν
2427 5314 2641 5386 ἡμέραν
2668 5313 2759 5366 καὶ
2787 5312 2884 5383 τὴν
2912 5311 3059 5385 ὥραν
3089 5330 3103 5378 ;
3141 5311 3464 5383 Ἑρεύνησον
3494 5310 3592 5374 τὰς

2024 5414 2174 5478 θείας
2198 5411 2439 5484 Γραφὰς,
2489 5411 2584 5464 καὶ
2619 5408 2756 5479 μάθε
2807 5405 2899 5460 τοῦ
2937 5407 3093 5476 ἁγίου
3124 5404 3441 5475 Πνεύματος
3494 5402 3593 5473 τὴν

342 5491 493 5580 illam
521 5532 576 5579 et
606 5491 838 5577 liorem?
865 5515 1110 5589 Agedum
1145 5515 1328 5583 itaque
1360 5526 1552 5567 sacras
1572 5517 1904 5581 perscrutart

2024 5506 2270 5574 δύναμιν,
2294 5503 2388 5557 καὶ
2416 5500 2545 5555 αὐτὸ
2572 5499 2633 5552 16
2658 5498 2879 5570 Πιλεῦμα
2898 5499 2958 5551 16
2985 5497 3251 5566 γινῶσκον
3269 5496 3362 5547 16v
3378 5491 3596 5564 Πατέρα

413 5638 527 5712 (20)
566 5638 652 5698 Al.
677 5636 823 5710 ἑώρα
856 5635 966 5707 γὰρ
997 5633 1109 5688 τόν.

418 5750 434 5783 ¹
467 5747 653 5804 Matth.
690 5762 803 5810 χιιι,
834 5746 921 5801 l6.
1004 5747 1023 5777 ¹
1050 5743 1182 5800 Luc.
1216 5757 1292 5806 τι,
1324 5741 1412 5795 46.

353 5837 474 5888 1w,
506 5821 560 5876 5.
634 5819 657 5852 ⁸
678 5817 835 5874 Joau.
871 5833 971 5887 vn,
998 5815 1088 5871 ‘18.

1482 5740 1501 5772 ⁸
1526 5738 1687 5792 llehr.
1729 5753 1766 5797 ι,
1801 5737 1852 5790 5.

1926 5736 1944 5765 ⁸
1966 5732 2096 5784 Luc.
2133 5746 2169 5785 I,
2197 5728 2285 5783 53.
2379 5728 2399 5759 ⁵
2424 5727 2541 5779 Act.
2577 5740 2629 5792 Χ,
2659 5723 2746 5778 42.

1165 5804 1363 5867 “Joan.
1400 5827 1437 5876 ι,
1477 5810 1561 5864 Η.
1641 5809 1682 5840 ¹⁰
1712 5807 1811 5863 lsa.
1841 5822 1914 5869 ις,
1950 5804 2000 5855 6.

2044 5688 2083 5707 »κ’

2824 5723 2843 5752 ⁸
2878 5721 3077 5776 Jerem.
3134 5734 3197 5784 ιι,
3239 5720 3305 5776 l3
3402 5718 3591 5775 'Psal.

2085 5801 2123 5831 ”
2149 5799 2311 5852 Mare.
2345 5812 2462 5857 xm,
2498 5797 2585 5849 ξαρ.
2618 5790 2624 5792 “
2664 5795 2707 5825 ⁹¹
2736 5793 2924 5847 Matth.
2959 5807 3034 5855 ιιι,
3064 5790 3153 5845 27.
