4012 6210
412 383 485 438 55
1806 380 2246 440 ANCORATUS.
3584 398 3652 451 δι

406 487 498 537 καὶ
544 486 635 540 τὸν
666 485 821 550 Υίδν,
864 486 1242 563 ἀποκαλύπτει
1282 507 1364 546 σοι
1403 491 1502 562 τὴν
1537 478 1634 546 τοῦ
1685 493 1857 562 Λόγου
1885 493 1980 546 τοῦ

2097 493 2332 547 Litteras
2399 508 2461 548 ac
2493 495 2601 548 vim
2643 493 2819 550 sancti
2854 491 3089 562 Spiritus
3115 492 3317 548 edisce.
3339 495 3477 547 Tum
3519 495 3655 551 idem

406 571 533 629 Υίοῢ
565 576 661 630 τοῦ
695 577 829 631 Θεοῦ
864 579 1088 647 γνῶσιν,
1142 582 1228 636 ἵνα
1287 583 1362 654 μὴ
1399 583 1677 658 πλανηθῇς
1711 586 1808 656 τῆς
1850 587 1981 657 ἁλη-

404 663 574 732 Θείας,
606 667 700 720 καὶ
730 668 1003 744 ἀπολέσῃς
1030 672 1130 743 τὴν
1153 675 1378 728 σεαυτοῦ
1409 676 1607 746 ψυχήν.

475 847 559 902 Κ’.
596 845 700 899 Δύο
736 847 846 918 γὰρ
875 848 1106 917 γνώσεις
1133 852 1190 903 ὲν
1221 853 1288 922 τῇ
1322 850 1442 924 Θείᾳ
1480 853 1692 924 Γραφῇ,
1724 854 1818 908 δύο
1841 855 1980 928 είδή-

406 953 552 1000 σεις,
589 939 688 1006 μία
723 941 865 993 κατὰ
918 941 1196 1012 ἐνέργειαν
1219 981 1234 1004 ,
1280 943 1375 996 καὶ
1410 944 1508 1013 μία
1557 945 1702 999 κατά
1750 945 1975 1015 εἴδησιν.

404 1025 523 1079 Ἵνα
549 1026 607 1080 δὲ
631 1028 738 1081 ἀπὸ
770 1029 1227 1101 παραδειγμάτων
1251 1032 1320 1088 τὰ
1340 1032 1499 1102 ὅμοια
1523 1037 1876 1107 παραστήσω,
1902 1039 1981 1100 εἰς

404 1117 462 1169 τὸ
499 1117 587 1171 διὰ
622 1119 831 1172 πολλῶν
861 1120 1280 1192 ἐξομαλισθῆναι
1307 1125 1406 1194 τὴν
1436 1126 1853 1198 πεπλανημένην
1886 1145 1978 1182 σου

403 1205 660 1275 διάνοιαν,
688 1211 783 1264 καὶ
806 1211 914 1264 τῶν
941 1213 1099 1267 τοῦτο
1122 1215 1482 1285 φρονούντων,
1518 1218 1658 1288 μάθε
1687 1219 1738 1272 τί
1769 1219 1915 1288 λέγει
1948 1222 1981 1290 ἡ

406 1297 444 1348 Γ
449 1297 596 1369 ραφὴ
647 1300 775 1372 περὶ
823 1300 914 1354 τοῦ
971 1303 1170 1373 Ἀδάμ*
1203 1301 1425 1369 ἿΙσαν,
1474 1308 1626 1377 φησι,
1658 1308 1871 1376 γυμνοὶ
1914 1310 1984 1362 ἐν

405 1385 484 1451 τῷ
513 1389 876 1457 παραδείσῳ,
907 1393 1007 1446 καὶ
1042 1395 1154 1447 οὐκ
1181 1395 1549 1462 ᾐσχύνοντο.
1578 1398 1779 1467 Τυφλοὶ
1806 1398 1861 1450 δὲ
1883 1399 1983 1451 οὐκ

404 1473 576 1548 ἦσαν·
626 1480 853 1534 ἔϐλεπον
886 1483 994 1554 γάρ
1018 1498 1032 1514 ο
1069 1485 1118 1537 εἰ
1153 1485 1230 1556 μὴ
1255 1486 1362 1558 γὰρ
1406 1486 1653 1552 ἔϐλεπον,
1690 1489 1804 1552 πῶς
1846 1486 1982 1542 εἶδον

405 1567 463 1619 τὸ
492 1565 644 1631 ξύλον
668 1568 750 1621 ὅτι
778 1569 941 1623 καλὸν
974 1573 1054 1635 εἰς
1085 1571 1308 1644 βρῶσιν,
1334 1574 1429 1627 καὶ
1461 1575 1659 1647 ὡραῖον
1691 1576 1783 1630 τοῦ
1815 1595 1982 1632 κατα-

406 1656 623 1726 νοῆσαι;
665 1658 776 1712 Καὶ
811 1660 1105 1724 λαϐοῦσα,
1163 1663 1317 1732 φησὶ,
1344 1665 1382 1731 -ή
1437 1665 1592 1734 γυνὴ
1647 1667 1852 1737 ἔφαγε,
1887 1669 1984 1725 καὶ

2085 587 2175 639 ille
2213 593 2442 642 sanctus
2489 586 2728 655 Spiritus
2765 585 2858 654 qui
2904 584 3123 639 Patrem
3158 587 3307 640 novit
3349 594 3403 639 et
3435 585 3656 646 Filium,

2086 676 2249 731 Verbi
2299 677 2396 731 tibi
2458 677 2662 746 Deique
2713 675 2835 731 Filii
2862 677 3110 731 notitiam
3167 678 3409 747 aperiet,
3469 686 3528 732 ut
3592 693 3660 732 ne

2086 769 2307 824 aberres
2339 783 2370 820 a
2402 770 2630 823 veritate
2694 777 2749 822 et
2784 769 2981 823 anima:
3013 777 3119 822 tua:
3145 769 3418 838 jacturam
3464 769 3658 826 facias.

2157 856 2277 911 XX.
2327 855 2542 911 Etenim
2592 857 2790 926 duplex
2825 866 2908 912 est
2957 858 3009 910 in
3059 857 3338 927 Scriptura
3375 859 3656 928 cognitio:

2088 965 2216 1014 una,
2271 966 2390 1018 quae
2434 949 2487 1001 in
2529 948 2742 1002 actione
2791 949 3080 1016 consistit,
3139 950 3330 1015 altera,
3379 968 3499 1020 quir-
3546 952 3657 1006 sola

2087 1040 2315 1096 scientia
2357 1041 2688 1096 continetur.
2739 1038 2845 1094 Sed
2877 1049 2938 1092 ut
2981 1042 3351 1110 exemplorum
3403 1043 3660 1098 similitu-

2087 1135 2214 1189 dine
2245 1149 2334 1189 res
2363 1142 2476 1188 tota
2506 1134 2829 1196 declaretur,
2894 1141 2946 1188 et
2980 1140 3038 1185 ut
3076 1133 3338 1188 oberrans
3369 1149 3397 1186 a
3433 1135 3662 1189 veritate

2092 1225 2310 1278 animus
2335 1231 2460 1278 tuus
2487 1239 2742 1278 eorumve
2769 1223 2865 1292 qui
2897 1223 2954 1276 in
3005 1222 3193 1277 eadem
3218 1227 3486 1284 sententia
3509 1234 3659 1289 sunt,

2089 1314 2339 1384 pluribus
2400 1314 2741 1383 argumentis
2792 1313 2859 1366 ad
2918 1321 3122 1368 rectam
3181 1315 3319 1367 viam
3371 1314 3657 1384 dirigatur,

2089 1405 2242 1459 disce
2293 1404 2424 1473 quid
2458 1405 2524 1460 de
2575 1405 2783 1458 Adamo
2829 1404 3110 1475 Scriptura
3153 1413 3417 1460 testetnr:
3467 1404 3659 1470 Erant,

2088 1492 2285 1562 inquit,
2336 1492 2465 1548 nudi
2516 1494 2570 1546 in
2625 1493 2908 1562 paradiso,
2964 1504 3011 1546 et
3063 1510 3166 1546 non
3215 1493 3584 1546 erubescebant
3621 1495 3660 1548 ⁸.

2087 1586 2254 1654 Atqui
2287 1586 2417 1640 caeci
2450 1586 2527 1639 illi
2564 1601 2672 1642 non
2707 1593 2883 1648 erant,
2919 1600 3021 1640 nec
3056 1586 3343 1638 oculorum
3377 1601 3478 1640 usu
3510 1599 3661 1639 care-

2089 1676 2244 1730 bant.
2272 1675 2388 1730 Nisi
2416 1677 2562 1730 enim
2592 1677 2860 1738 viderent,
2885 1677 3160 1746 quomodo
3181 1675 3429 1730 arborem
3461 1676 3664 1745 aspice-

402 1745 585 1842 ἔδωκε
631 1749 728 1842 νέαι
763 1748 844 1816 τῷ
890 1751 1060 1819 ἀνδρὶ
1098 1752 1290 1820 αὐτῆς
1319 1754 1397 1819 τῷ
1435 1760 1564 1825 μετ’
1601 1752 1805 1823 αὐτῆς.
1844 1761 1980 1830 Ἀρα

2090 1775 2230 1832 rent,
2262 1775 2316 1822 et
2347 1767 2412 1822 ad
2445 1767 2777 1823 vescendum
2810 1768 3006 1822 bonam
3035 1783 3160 1823 esse
3211 1775 3266 1822 et
3309 1767 3377 1822 ad
3404 1768 3662 1823 conside-

403 1831 494 1890 οὖν
519 1837 618 1890 οὐκ
639 1833 778 1909 ἦσαν
825 1840 1037 1911 τυφλοὶ,
1077 1841 1191 1896 ἀλλ’
1241 1845 1617 1915 ὴνειργμένους
1657 1843 1802 1918 εἶχον
1859 1852 1984 1914 τοὺς

402 1927 742 1999 ὀφθαλμούςυ
785 1929 984 2002 γυμνοὶ
1016 1933 1188 1999 ὄντες,
1223 1934 1645 2012 οὐκῂσχύνοντο
1677 1940 1982 2011 βλέποντες,

405 2020 501 2070 καὶ
533 2021 733 2089 γυμνοὶ
767 2021 919 2086 ὄντες
954 2024 1180 2087 ἑαυτοὺς
1212 2025 1430 2095 ᾔδεισαν
1453 2045 1464 2057 ·
1511 2029 1730 2098 ᾔδεισαν
1754 2031 1810 2084 δὲ
1844 2033 1987 2087 κατὰ

406 2108 634 2179 εἴδησιν,
667 2113 762 2164 καὶ
794 2113 854 2165 ού
892 2113 1034 2167 κατὰ
1079 2115 1299 2184 πρᾶξιν.
1327 2118 1480 2172 Μετὰ
1513 2119 1621 2191 γὰρ
1663 2121 1757 2174 τοῦ
1793 2109 1999 2194 ἐκϐληῗ

404 2196 562 2269 θῆναι
597 2199 691 2252 τοῦ
724 2202 1075 2274 παραδείσου,
1115 2205 1459 2277 βεδρωκότας
1502 2209 1596 2263 τοῦ
1638 2211 1816 2278 ξύλου,
1850 2217 1986 2284 μετά

409 2289 571 2343 πολὺν
609 2291 800 2361 χρόνον
826 2333 840 2356 ,
895 2295 1092 2364 φησίν·
1133 2299 1325 2366 Ἔγνω
1367 2303 1401 2354 ό
1459 2301 1637 2371 Ἀδὰμ
1665 2304 1830 2358 Εὕαν
1872 2305 1987 2375 τὴν

403 2380 659 2448 γυναῖκα
683 2383 889 2437 αὐτοῦ.
914 2385 1039 2449 Πῶς
1068 2388 1245 2442 τοίνυν
1272 2389 1424 2444 ἔσται
1447 2392 1633 2458 coire;
1661 2396 1770 2448 Καί
1804 2397 1886 2450 τοί
1919 2414 1984 2466 γε

404 2471 590 2542 ἑώρων
630 2474 896 2545 ἀλλήλους
926 2479 1124 2546 γυμνοὶ
1154 2479 1327 2544 ὄντες,
1367 2483 1463 2537 καὶ
1509 2484 1727 2555 ᾔδεισαν
1758 2489 1984 2554 ἑαυτοὺς

402 2563 467 2631 τῇ
484 2561 894 2632 ὁράσει,ἀλλόύ
919 2569 984 2637 τῇ
1001 2566 1215 2636 πράξει.
1243 2570 1314 2621 Τὸ
1333 2570 1390 2623 δὲ
1416 2572 1676 2644 ἀλλήλους
1699 2576 1834 2647 (20⁸)
1863 2595 1986 2631 συν-

400 2653 638 2724 αφοῆναι
691 2655 893 2724 γνῶσιν
952 2653 1103 2737 εἶπεν
1158 2661 1190 2729 ἠ
1239 2661 1453 2732 Γραφή.
1509 2661 1633 2719 Οἵδε
1685 2666 1741 2720 δὲ
1798 2670 1984 2725 καλεῖν

400 2743 604 2834 εἴδησιν
632 2749 724 2802 καὶ
762 2749 999 2822 εἴδησιν·
1039 2753 1202 2807 πάλιν
1231 2755 1340 2828 γὰρ
1372 2757 1514 2812 οὕτω
1560 2760 1744 2830 λέγει’
1789 2765 1984 2834 Ἔγνω

410 2828 625 2890 Ἰακὼϐ
670 2838 854 2896 Λείαν
902 2840 1018 2910 τὴν
1064 2843 1321 2913 γυναῖκα
1354 2848 1562 2914 αὐτοῦ,
1614 2828 1712 2906 θεαὶ
1747 2828 1984 2909 συλλα-

400 2924 595 2980 ϐοῦσα
620 2929 809 2986 ﬂeres.
840 2933 950 2987 Kal.
988 2934 1051 2988 τὸ
1101 2937 1319 3007 πρῶτον
1364 2941 1463 3010 μὲν
1499 2943 1616 3013 ᾔδει
1644 2945 1846 3017 αὑτήν·
1885 2948 1982 3002 σὺν

401 3018 540 3090 αὐτῇ
567 3019 675 3090 γὰρ
701 3023 840 3076 ἑπτὰ
867 3023 961 3096 ἔτη
993 3021 1060 3097 ἦν
1092 3029 1396 3100 ποιμαίνων
1423 3032 1489 3085 τὰ
1525 3035 1770 3104 πρόϐατα
1793 3039 1982 3094 Λάϐαν

399 3106 494 3197 τοῦ
533 3109 749 3179 Πατρὸς
782 3113 973 3184 αὐτῆς.
1011 3115 1230 3186 Εἴδησιν
1270 3119 1326 3171 δὲ
1368 3120 1466 3191 τὴν
1501 3124 1568 3176 δι’
1598 3126 1842 3197 ὁράσεως
1885 3131 1980 3184 καὶ
2009 3122 2052 3182 C

399 3196 487 3291 διὰ
511 3199 766 3267 γνώσεως
803 3202 942 3274 ᾔδει,
979 3204 1120 3274 ἔγνω
1146 3208 1203 3261 δὲ
1240 3209 1326 3263 διὰ
1355 3196 1644 3282 πράξεωςέ
1680 3219 1792 3272 Καὶ
1827 3222 1980 3291 ἔγνω

412 3289 640 3384 Ῥαχὴλ
688 3293 802 3384 τὴν
857 3296 1112 3366 γυναῖκα
1161 3302 1367 3356 αὑτοῦ.
1434 3306 1545 3359 Καὶ
1597 3308 1758 3364 πάλιν
1808 3289 1980 3384 ἑτέρῳ

399 3377 585 3449 τόπῳο
644 3383 754 3438 Καὶ
809 3385 1072 3456 ἐγήρασε
1129 3391 1338 3458 Δαϐὶὸ,
1370 3397 1537 3466 φησι,
1572 3401 1672 3454 καὶ
1712 3377 1980 3458 ivuenci»

398 3471 586 3524 αὐτὸν
616 3475 891 3544 ἱματίοις,
925 3479 1027 3533 καὶ
1066 3475 1178 3536 οὐκ
1227 3484 1625 3554 ἐθερμαίνετο.
1667 3493 1769 3545 Καὶ
1806 3490 1980 3549 εἷπον

398 3561 479 3627 τῷ
499 3563 778 3627 βασιλεῖ’
810 3571 1129 3639 Ζητηθήτω
1173 3577 1469 3645 παρθένος
1513 3581 1689 3649 καλή.
1739 3586 1847 3639 Καὶ
1882 3589 1979 3642 εὐο

391 3651 534 3743 μέθη
564 3653 805 3711 Ἀϐισὰκ
833 3659 871 3730 ἠ
892 3663 1406 3732 Σουναμῖτις.Καὶ,
1432 3670 1620 3741 φησὶν,
1641 3672 1867 3743 ἠνέχθη
1882 3662 1978 3742 ’τῷ

391 3742 659 3810 βασιλεῖ,
697 3747 797 3802 καὶ
832 3755 1232 3824 συνεκοιμᾶτο
1269 3752 1450 3827 αὐτῷ,
1474 3763 1570 3816 καὶ
1591 3742 1978 3822 συνέθαίίπεν

393 3835 607 3930 abuiu-
642 3839 741 3892 καὶ
761 3842 875 3894 οὐκ
903 3841 1056 3912 ἔγνω
1088 3848 1283 3917 αὐτὴν
1319 3852 1513 3914 Δαὸὶδ,
1542 3854 1640 3924 τὴν
1667 3857 1761 3909 σὺν
1806 3859 1974 3930 αὐτῷ,

395 3925 494 4020 την
529 3926 816 4001 σύσσωμον
849 3934 943 3986 καὶ
996 3935 1360 4010 σύμπλευρον.
1392 3936 1534 4013 ΙΙἈρα
1582 3946 1740 4000 ποίαν
1771 3925 1976 4020 εἴδησιν

393 4014 578 4084 λέγει;
613 4018 710 4090 τὴν
757 4021 824 4074 δι’
855 4024 1118 4094 ὁράσεως,
1154 4028 1186 4097 ἢ
1228 4031 1327 4102 τὴν
1371 4032 1459 4086 διὰ
1511 4036 1790 4105 πράξεως;
1829 4014 1970 4094 Κάί’

399 4106 596 4174 Ἔγνω
642 4111 858 4178 Κύριος
890 4116 1031 4181 τοὺς
1077 4118 1258 4185 ὄντας
1303 4124 1511 4176 αὐτοῦ.
1553 4127 1701 4195 *Αρα
1731 4125 1824 4182 οὖν
1849 4134 1977 4195 τοὺς

392 4197 494 4251 οὐκ
525 4199 684 4291 ὄντας
714 4203 931 4271 ἁγνοεῖ;
960 4205 1092 4260 Καίο
1135 4211 1456 4281 Ἀπόστητε
1481 4217 1580 4269 ἀπ’
1612 4218 1780 4285 ἐμοῦ,
1809 4221 1978 4291 ἐργά-

394 4306 485 4383 ται
512 4290 624 4360 τῆς
649 4292 903 4361 ἀνομίας
929 4313 942 4325 ⁸
970 4298 1257 4354 οὐδέποτε
1279 4302 1388 4371 γὰρ
1410 4304 1602 4374 ἔγνων
1632 4307 1806 4377 ὑμᾶς.
1831 4290 1976 4383 ’Ἃρα

392 4381 538 4436 ἔστιν
572 4383 763 4451 ἄγνοια
787 4387 845 4441 ὲν
867 4388 944 4458 τῷ
973 4389 1085 4460 Υἰῷ
1106 4391 1200 4444 τοῦ
1225 4392 1389 4461 Θεοῦ;
1419 4397 1529 4449 Καὶ
1559 4399 1722 4453 πάλιν
1741 4417 1756 4432 ·
1794 4381 1974 4471 ’Υμιῗς

391 4472 670 4541 syrma
714 4478 958 4532 πάντων
1009 4483 1220 4539 ἐθνῶν.
1261 4481 1406 4556 *Αρα
1469 4483 1560 4542 οὖν
1613 4492 1681 4545 τὰ
1730 4491 1854 4565 ἕονη
1901 4495 1970 4549 τὰ

392 4565 552 4620 λοιπὰ
586 4569 802 4639 ἀγνοεῖς
831 4573 921 4644 Μὴ
960 4575 1170 4655 γένοιτο
1193 4577 1218 4629 ἱΔ
1246 4579 1385 4632 Ἀλλ’
1420 4576 1527 4633 οἶδε
1553 4583 1755 4651 γνῶσιν
1781 4588 1813 4656 ἡ
1847 4586 1966 4641 Οεία.

393 4657 612 4731 Γραφὴ,
659 4661 824 4734 ἄλλην
877 4665 978 4735 μὲν
1030 4669 1172 4722 κατά
1223 4671 1461 4742 εἴδησιν,
1514 4675 1680 4748 ἄλλην
1716 4679 1774 4730 δὲ
1823 4681 1965 4734 κατὰ

393 4748 607 4816 πρᾶξιν.
1417 4795 1457 4834 ο

400 4837 500 4892 Vos
528 4857 620 4912 ego
665 4846 899 4914 cognovi,
947 4864 1012 4902 ea:
1061 4850 1301 4906 omnibus
1351 4856 1590 4924 gentibus
1611 4857 1653 4912 ⁸.

2085 1858 2317 1913 randum
2364 1858 2661 1914 formosam
2699 1858 3242 1913 animadverterent?
3277 1857 3524 1922 Sumens,
3579 1859 3664 1914 in-

2085 1949 2226 2018 quit,
2294 1951 2485 2004 mulier
2533 1951 2794 2015 comedit;
2841 1959 2890 2003 et
2937 1949 3082 2004 dedit
3121 1952 3231 2004 viro
3269 1967 3364 2004 suo
3403 1953 3492 2021 qui
3543 1968 3663 2005 cum

2084 2041 2202 2108 ipsa
2233 2050 2348 2094 erat
2372 2044 2414 2095 '.
2451 2041 2568 2095 Non
2606 2041 2773 2111 igitur
2804 2042 2933 2096 caeci
2967 2050 3144 2108 erant,
3189 2042 3284 2096 sed
3315 2049 3532 2110 apertos
3567 2042 3665 2096 lia-

2085 2131 2287 2186 bebant
2316 2133 2544 2198 oculos;
2590 2141 2644 2187 et
2689 2148 2814 2187 cum
2845 2131 2976 2186 nudi
3010 2141 3217 2199 essent,
3259 2133 3469 2186 nullum
3497 2148 3560 2187 ex
3597 2147 3664 2188 eo

2083 2230 2307 2292 aspectu
2359 2223 2625 2292 pudorem
2659 2224 2996 2294 capiebant:
3040 2222 3196 2288 nudi,
3247 2223 3488 2293 inquam,
3538 2239 3663 2279 cum

2084 2321 2290 2376 essent.
2328 2329 2451 2368 sese
2475 2321 2665 2368 mutuo
2697 2321 3088 2384 cognoverant,
3120 2321 3488 2385 cognoverant
3520 2315 3663 2368 noti-

2086 2405 2180 2468 tia,
2233 2418 2342 2458 non
2393 2404 2608 2459 actione
2651 2423 2663 2458 :
2723 2405 2929 2475 quippe
2980 2406 3142 2476 longo
3200 2405 3507 2470 intervallo,
3570 2405 3663 2459 ubi

2083 2496 2253 2552 vetito
2288 2496 2474 2551 fructu
2501 2496 2790 2568 degustato
2814 2496 3057 2566 paradisi
3088 2496 3288 2552 ﬁnibus
3318 2495 3666 2551 esterminati

2091 2597 2264 2653 sunt;
2285 2589 2521 2659 cognovit
2563 2586 2733 2638 Adam
2764 2601 2975 2642 uxorem
3001 2605 3150 2642 suam
3185 2589 3367 2653 Eram,
3425 2597 3484 2642 ut
3515 2587 3663 2643 Scri-

2085 2692 2245 2753 ptura
2267 2683 2418 2737 dicit.
2447 2682 2682 2749 Quinam
2708 2696 2838 2736 vero
2864 2681 2978 2734 ﬁeri
3006 2682 3108 2736 ista
3141 2682 3410 2751 possunt?
3437 2679 3663 2752 Seipsos

2083 2776 2251 2842 enim,
2285 2775 2414 2830 nudi
2447 2789 2571 2828 cum
2602 2783 2810 2839 essent,
2843 2773 3122 2837 videbant,
3161 2782 3214 2828 et
3253 2782 3476 2844 aspectu
3510 2789 3656 2835 sese.

2084 2881 2193 2920 non
2227 2866 2446 2920 actione
2482 2873 2878 2936 cognoverant.
2931 2864 3172 2918 Mutuam
3207 2879 3336 2920 vero
3363 2865 3667 2934 copulatio-

2085 2971 2209 3010 nem
2266 2955 2550 3024 Scriptura
2611 2957 2978 3027 cognitionem
3032 2955 3296 3010 nominat.
3328 2953 3476 3009 Solet
3518 2953 3664 3009 enim

2089 3048 2456 3117 cegnitionem
2500 3047 2557 3102 in
2597 3048 2802 3117 duplici
2835 3063 3002 3103 sensu
3041 3061 3348 3116 usurpare:
3392 3046 3664 3115 siquidem

2082 3145 2136 3194 et
2181 3139 2290 3192 alio
2340 3138 2460 3193 loco
2492 3139 2715 3193 dicit’:
2763 3138 3014 3209 Cognovit
3040 3137 3208 3192 Jacob
3249 3138 3404 3192 Liam
3445 3153 3662 3191 uxorem

2083 3247 2237 3284 suam
2265 3247 2282 3285 :
2315 3247 2430 3301 qua
2459 3231 2758 3299 concipiens
2783 3232 3003 3301 peperit.
3035 3230 3099 3283 Et
3122 3230 3342 3300 quidem
3371 3231 3517 3284 illam
3541 3239 3666 3283 ante

2081 3333 2449 3392 cognoverat,
2507 3339 2741 3395 quacum
2811 3331 3016 3394 septem
3071 3333 3215 3381 totos
3263 3338 3439 3379 annos
3491 3325 3662 3394 patris

2082 3416 2259 3484 ipsius
2285 3416 2472 3472 Laban
2495 3433 2688 3489 greges
2709 3430 2964 3488 paverat:
2991 3432 3180 3471 verum
3211 3417 3384 3473 solius
3407 3427 3664 3486 aspectus

2083 3523 2146 3561 ac
2169 3509 2376 3563 notitia:
2407 3510 2720 3581 cognitione
2748 3518 2975 3564 noverat
3005 3528 3016 3563 :
3041 3519 3231 3579 postea
3253 3509 3417 3564 etiam
3449 3509 3662 3564 actione

2081 3600 2379 3668 cognovit:
2427 3600 2499 3654 Et
2553 3603 2791 3672 cognovit
2842 3600 3121 3656 Rachelem
3180 3617 3398 3657 uxorem
3441 3618 3596 3656 suam
3617 3599 3660 3657 ‘.

2081 3689 2216 3744 Item
2244 3690 2350 3746 alio
2383 3692 2540 3747 loco:
2577 3691 2787 3757 Senuit,
2817 3694 3016 3764 inquit,
3051 3693 3259 3748 David:
3282 3703 3330 3748 et
3361 3693 3661 3763 aperiebant

2085 3781 2260 3850 ipsum
2294 3783 2543 3849 vestibus,
2577 3785 2686 3856 26
2724 3802 2887 3855 neque
2918 3788 3213 3854 cale/iebat.
3249 3787 3381 3840 Tum
3413 3785 3660 3841 dixerunt

2079 3872 2225 3940 regi:
2259 3871 2546 3938 Quwratur
2574 3876 2718 3944 virgo
2751 3876 2929 3945 aliqua
2956 3876 3212 3944 formosa.
3244 3875 3311 3929 Et
3340 3879 3660 3931 inventa-est

2081 3963 2274 4017 Abisac
2305 3963 2622 4022 Sanamitis.
2650 3966 2716 4021 Et
2741 3967 2972 4021 adducta
2997 3978 3095 4031 est,
3129 3969 3327 4038 inquit,
3355 3969 3424 4022 ad
3453 3985 3656 4039 regem;

2080 4063 2129 4106 et
2159 4070 2280 4107 cum
2326 4072 2385 4109 eo
2423 4057 2720 4110 dormiebat
2755 4074 2816 4111 ac
2852 4058 3055 4125 fovebat
3092 4061 3286 4128 ipsum.
3316 4052 3408 4111 Ἰἰι
3445 4076 3546 4112 non
3569 4075 3657 4114 co-

2077 4145 2250 4210 gnovit
2286 4161 2404 4197 eam
2434 4145 2606 4198 David
2641 4147 2662 4177 ⁵
2690 4187 2704 4208 ,
2739 4162 2861 4215 qua:
2906 4162 3029 4200 cum
3067 4150 3184 4216 ipso
3236 4149 3454 4217 jacebat
3498 4157 3551 4203 et
3590 4150 3657 4202 ad

2080 4229 2200 4298 ejus
2230 4246 2431 4301 corpus
2466 4248 2530 4286 ac
2563 4233 2706 4288 latus
2750 4234 3080 4290 adhaerebat.
3134 4237 3437 4302 Quamnam
3477 4239 3658 4308 itaque

2078 4321 2446 4388 cognitionem
2495 4322 2792 4393 intelligit?
2826 4340 3019 4380 eamne
3049 4342 3171 4396 quae
3213 4327 3267 4380 in
3304 4335 3549 4397 aspectu,
3589 4344 3657 4382 an

2079 4423 2198 4462 eam
2231 4427 2352 4478 qua:
2384 4412 2438 4466 in
2475 4414 2693 4468 actione
2731 4417 3022 4470 versatur?
3055 4415 3244 4472 Simile
3283 4426 3367 4472 est
3395 4429 3449 4472 et
3477 4419 3609 4474 illud
3641 4438 3653 4474 :

2079 4497 2239 4554 Novit
2293 4500 2551 4558 Dominus
2595 4521 2682 4560 eos
2736 4508 2826 4575 qui
2877 4517 3000 4561 sunt
3052 4509 3282 4578 ipsius“.
3333 4509 3652 4566 Utrumnam

2073 4591 2242 4660 igitur
2280 4594 2488 4649 alienos
2525 4597 2784 4667 ignorat?
2824 4596 2954 4653 Item
2987 4600 3290 4656 :Discedite
3323 4619 3354 4654 a
3387 4619 3488 4668 me,
3525 4618 3648 4670 ope-

2074 4685 2208 4737 rarii
2258 4685 2580 4755 iniquitatis,
2626 4704 2897 4758 nunquam
2947 4693 3087 4746 enim
3137 4697 3254 4748 novi
3300 4697 3457 4749 vos".
3510 4695 3648 4750 Num

2072 4788 2203 4843 ergo
2241 4773 2335 4831 Dei
2365 4777 2537 4833 Filius
2575 4780 2918 4850 ignoratione
2949 4785 3133 4856 aliqua
3180 4787 3432 4843 laborat?
3477 4788 3646 4844 Item:

1706 4860 1789 4914 An
1833 4861 1953 4919 ideo
1991 4880 2218 4924 czeteras
2250 4881 2438 4939 gentes
2459 4873 2714 4943 ignorat?
2741 4879 2927 4934 Absit!
2961 4878 3068 4935 Sed
3129 4882 3394 4937 nimirum
3461 4886 3646 4952 cogni-

389 4932 588 5042 tio-nem
625 4934 904 5042 Scriptura
928 4941 1199 5042 duplicem
1227 4946 1515 5017 distinguit
1551 4970 1566 5005 :
1602 4952 1826 5008 alteram
1852 4972 1973 5026 quae
2014 4961 2128 5015 sola
2157 4932 2408 5032 scientia,
2461 4932 2686 5024 alteram
2725 4932 2847 5042 qtth
2869 4932 3085 5030 actione

457 5027 588 5120 KA'.
635 5030 787 5086 Ἐπεὶ
812 5028 908 5087 οὖν
935 5035 1030 5088 τοῦ
1053 5038 1264 5107 Πατρὺς
1284 5042 1631 5116 ὁΜονογενὴς
1654 5048 1875 5120 πληρῶν
1905 5052 1964 5105 τὸ

386 5117 636 5189 θέλημα,
690 5122 968 5189 ἀπέδειξεν
1022 5127 1121 5198 ἥδη
1172 5128 1239 5182 τὰ
1285 5131 1462 5186 πάντα
1495 5117 1960 5210 τετελειωμένα...

569 5212 678 5305 γὰρ
709 5215 737 5265 ὸ
777 5217 964 5287 Πατὴρ
995 5221 1092 5290 τὴν
1133 5220 1282 5291 ὥραν
1331 5226 1424 5278 καὶ
1452 5228 1550 5298 τὴν
1575 5231 1964 5305 ἡμέραν,ἕγνω

386 5302 556 5399 abet-iw
589 5304 684 5399 καὶ
733 5306 1109 5399 κατ-ἀγνῶσιν
1143 5313 1237 5366 καὶ
1276 5315 1417 5368 κατὰ
1445 5321 1642 5390 πρᾶξιν
1662 5302 1824 5396 (ᾔδει
1854 5302 1962 5399 γὰρ

387 5391 548 5456 αὐτὸς
577 5392 773 5448 πάντα.
800 5395 909 5448 Καὶ
943 5396 1000 5448 ὲν
1031 5397 1107 5468 τῷ
1128 5401 1300 5454 εἰπεῖν
1330 5403 1420 5456 τὸν
1451 5406 1575 5461 Υίόν
1596 5424 1610 5438 ο
1759 5391 1962 5484 Πατὴρ

462 5551 477 5579 ¹
506 5546 639 5604 Gen.
670 5565 729 5614 ιι,
755 5551 845 5606 25.
923 5555 942 5586 ’
965 5553 1097 5609 Gen.
1131 5571 1214 5619 Ill,
1245 5558 1294 5612 6.
1376 5561 1395 5592 ³
1421 5561 1554 5618 Gen.

394 5569 477 5668 ω·
506 5569 639 5650 ben.
670 5569 729 5614 ιι,
755 5569 845 5606 2:).
925 5569 942 5586 ι
965 5569 1097 5609 lien.
1131 5571 1214 5619 ιιι,
1245 5569 1294 5612 ti.
1376 5569 1395 5592 ⁸
1421 5569 1554 5618 Gen.
1594 5582 1742 5633 χχιιι,
1773 5569 1832 5625 ’51
1867 5586 1989 5644 sqq.

427 5649 476 5667 ..
603 5619 736 5677 Luc.
781 5638 896 5687 xm,
937 5624 1030 5678 27.
1124 5625 1438 5698 “Amosm,
1470 5634 1522 5688 2.

458 5774 592 5846 (20⁵)
627 5777 786 5837 Forte
810 5782 1090 5854 legendum
1124 5786 1396 5859 ἀλλήλοις.
1427 5791 1580 5847 Eutr.

2140 5055 2282 5114 XXI.
2327 5059 2655 5133 Unigenitus
2700 5083 2831 5138 ergo
2864 5067 3036 5126 Filius
3073 5079 3355 5142 paternam
3388 5074 3647 5130 volunta-

2069 5151 2177 5199 tem
2205 5163 2511 5219 exsequens
2567 5155 2808 5224 perfecta
2859 5161 3046 5213 omnia
3089 5163 3508 5220 monstravit....
3537 5162 3645 5218 No-

2068 5238 2144 5291 vit
2169 5239 2316 5293 enim
2341 5242 2499 5299 Pater
2527 5247 2669 5302 diem
2699 5257 2754 5304 et
2779 5250 2968 5305 horam
2998 5271 3010 5306 :
3041 5254 3211 5318 novit,
3241 5254 3490 5326 inquam,
3533 5273 3644 5312 non

2069 5333 2380 5401 cognitione
2421 5345 2655 5408 tantum,
2693 5343 2789 5397 sed
2819 5346 2983 5399 etiam
3022 5347 3280 5403 actione:
3321 5364 3486 5419 porro
3520 5350 3644 5403 uni—

2067 5437 2223 5477 versa
2256 5423 2370 5494 ipse
2398 5437 2576 5484 norat.
2608 5433 2685 5488 Ac
2717 5448 2843 5488 cum
2879 5434 3049 5492 Filius
3088 5436 3221 5492 dicit
3248 5457 3260 5492 :
3295 5437 3465 5491 Pater
3491 5453 3640 5489 omne

2067 5578 2242 5636 ‘Gen.
2273 5599 2400 5650 xxx,
2427 5587 2518 5642 25.
2597 5591 2617 5622 ⁵
2662 5589 2726 5646 lll
2761 5591 2892 5664 Reg.
2946 5607 2984 5659 ι,
3022 5595 3040 5646 ι
3079 5609 3200 5664 sqq.
3281 5591 3364 5645 “ll
3392 5589 3530 5646 Ἰίω-
3571 5608 3634 5659 ηρ
