4012 6210
370 362 438 417 55
1781 371 1837 429 S.
1873 372 2212 432 EPIPHANII

3564 377 3632 434 56

365 473 630 546 judicium
673 477 815 532 dedit
863 477 1071 548 Fitio',
1116 483 1331 539 tametsi
1383 499 1493 540 non
1541 485 1786 556 judicet,
1853 490 1956 545 hoc

2065 491 2268 548 πᾶσαν
2300 493 2414 562 τὴν
2451 494 2655 562 κρίσιν
2697 492 2916 547 δέδωκε
2944 493 3024 559 τῷ
3074 493 3205 560 Υιῷ,
3251 491 3346 547 καὶ
3382 491 3456 565 μὴ
3506 492 3627 564 κρε-

374 569 493 637 ipso
523 569 666 640 quod
694 571 976 641 judicandi
1003 588 1202 629 munus
1225 582 1280 630 et
1307 575 1542 632 ofﬁcium
1568 577 1707 635 Filio
1737 581 1947 646 tribuit,

369 660 617 728 judicare
661 663 778 733 ipse
820 665 1130 721 censendus
1176 676 1300 735 est;
1352 684 1463 725 non
1502 670 1648 725 enim
1680 685 1710 726 a
1738 672 1952 742 judicio

373 749 426 802 in
464 765 587 806 reos
614 753 922 808 exercendo
951 754 1096 811 Deus
1145 757 1360 815 alienus
1406 767 1494 815 est
1530 777 1542 813 :
1575 775 1641 815 ac
1673 761 1802 818 licet
1841 779 1952 818 non

367 839 573 908 judicet
615 840 798 908 Pater,
830 844 946 913 jam
972 847 1264 918 judicavit.
1309 851 1483 910 Filius
1519 864 1696 911 autem
1732 857 1954 928 quando

374 931 446 984 sit
493 942 721 988 ventura
750 936 870 993 dies
907 938 1020 1003 illa,
1053 945 1380 1012 cognoscit:
1415 946 1558 1002 hanc
1587 949 1734 1003 enim
1765 949 1953 1004 educit

373 1021 489 1090 ipse
539 1037 604 1078 ac
655 1025 868 1090 deﬁnit,
905 1029 1133 1085 molitur
1167 1047 1230 1086 ac
1257 1033 1493 1103 perﬁcit.
1527 1035 1608 1089 lla
1635 1037 1838 1106 quippe
1879 1037 1953 1092 lo-

369 1114 558 1181 quitur
589 1135 604 1173 :
641 1117 795 1173 Sicut
845 1120 935 1188 fur
965 1121 1030 1176 de
1059 1133 1228 1191 nocte,
1259 1126 1336 1179 sic
1362 1127 1460 1181 illa
1489 1125 1604 1182 die:
1633 1127 1875 1183 adveniet
1897 1131 1948 1183 '.

367 1200 508 1258 Tum
559 1205 691 1261 illud
725 1225 738 1262 :
772 1207 958 1264 Nolite
1001 1213 1059 1265 in
1102 1222 1250 1268 nocte
1299 1217 1518 1283 versari,
1569 1233 1634 1271 ne
1678 1217 1789 1274 dies
1841 1219 1940 1273 illa

367 1312 457 1350 vos
489 1297 542 1351 in
580 1300 803 1354 tenebris
853 1312 1066 1372 occupet
1089 1303 1133 1358 ³.
1164 1303 1346 1371 Quare
1379 1322 1504 1361 cum
1555 1306 1761 1364 Christi
1809 1307 1954 1364 servi

375 1387 489 1441 siut
529 1387 639 1443 diei
676 1388 797 1455 ﬁlii,
829 1392 922 1461 qui
947 1393 1195 1450 eamdem
1237 1394 1451 1451 inducit
1491 1395 1664 1452 Filius
1699 1411 1767 1453 an
1800 1399 1956 1468 igno-

373 1492 497 1533 rare
546 1487 750 1550 potest,
789 1489 850 1536 ut
889 1483 1067 1552 ipsum
1105 1485 1224 1540 dies
1253 1489 1554 1557 opprimat,
1585 1498 1641 1543 et
1665 1503 1775 1544 non
1812 1489 1956 1544 hanc

369 1569 458 1624 ille
491 1571 676 1640 potius
703 1572 972 1628 inducat?
999 1573 1134 1641 Quis
1165 1576 1281 1632 haec
1309 1578 1432 1634 sine
1455 1594 1668 1635 summa
1700 1579 1756 1634 in
1783 1578 1953 1635 Deum

369 1662 706 1717 contumelia
772 1664 858 1719 vel
907 1665 1093 1721 animo
1142 1669 1388 1738 cogitare
1441 1677 1641 1740 potest,
1697 1678 1759 1726 ut
1806 1669 1955 1725 Patri

367 1750 618 1824 Filioque
654 1769 775 1826 quae
817 1757 1044 1812 minime
1087 1759 1316 1815 deceant
1354 1745 1635 1817 ascribat?
1673 1762 1944 1828 Quocirca

369 1842 534 1899 Pater
583 1844 726 1900 diem
773 1846 920 1901 illam
953 1856 1008 1902 et
1037 1848 1228 1903 horam
1261 1850 1476 1906 duobus
1507 1851 1706 1916 modis,
1739 1851 1843 1907 hoc
1869 1863 1954 1908 est
1984 1845 2026 1904 Β

368 1939 598 1994 scientia
629 1947 685 1995 et
718 1942 937 1998 actione
983 1945 1306 2014 cognoscit;
1356 1947 1509 2000 novit
1549 1948 1696 2003 enim
1727 1947 1950 2019 quando

369 2031 555 2086 futura
586 2031 698 2098 sit;
753 2047 818 2088 ac
868 2034 984 2103 jam
1018 2037 1182 2090 etiam
1231 2036 1526 2106 judicavit,
1574 2053 1698 2093 cum
1751 2037 1950 2096 Filium

365 2122 739 2192 judicaturum
789 2137 915 2179 esse
946 2127 1258 2191 constituit,
1303 2134 1360 2182 et
1410 2127 1494 2182 sic
1547 2129 1769 2184 actione
1831 2130 1949 2199 ipsa

367 2213 648 2282 cognovit.
683 2211 858 2268 Porro
886 2213 978 2268 Dei
1010 2214 1185 2272 Filius
1211 2218 1434 2286 quando
1460 2226 1694 2273 ventura
1734 2219 1807 2275 sit
1833 2221 1951 2277 dies

367 2306 484 2370 illa,
545 2307 735 2374 novit;
786 2307 1034 2379 adeoque
1087 2309 1232 2366 hanc
1277 2311 1510 2378 inducit,
1547 2328 1651 2368 nec
1695 2315 1950 2384 ignorat:

447 2460 640 2518 'Joan.
674 2479 728 2529 v,
753 2462 846 2518 22.
923 2466 944 2496 ⁸
968 2462 1008 2518 ιι
1044 2463 1190 2520 Petr.
1229 2479 1312 2531 ιιι,
1350 2464 1436 2520 10.
1517 2465 1710 2521 'Joau.
1741 2483 1840 2535 xu,
1873 2468 1964 2523 55.

442 2617 556 2692 (ει)
585 2617 859 2692 Τουτέστι
886 2621 1063 2692 -κατὰν
1106 2620 1345 2691 πρᾶξιν.
1378 2621 1660 2678 Sententia
1709 2629 1793 2676 est
1826 2620 1949 2692 Epi-

373 2689 559 2760 phanii
599 2689 847 2760 extremi
878 2690 1073 2759 judicii
1104 2689 1248 2746 diem
1290 2700 1345 2747 et
1379 2693 1572 2746 horam
1605 2689 1948 2760 ignoravisse

371 2759 651 2831 Christum
702 2757 1012 2831 Dominum,
1049 2761 1194 2830 quod
1250 2762 1394 2831 apud
1435 2757 1811 2831 Matthfxxtv,
1854 2761 1944 2825 56,

371 2830 736 2898 cognitionem
802 2829 948 2884 illam
995 2829 1096 2886 soli
1166 2829 1472 2886 Deo—Patri
1532 2830 1827 2898 tribuerit;
1893 2841 1948 2887 et

373 2897 538 2952 Marci
570 2913 692 2962 xui,
729 2898 820 2960 ‘52,
854 2901 1059 2956 diserte
1083 2901 1213 2956 dum
1249 2899 1399 2956 Patri
1441 2900 1651 2964 tribuit,
1691 2897 1947 2956 sibimet-

374 2969 478 3041 ipsi
521 2970 902 3039 denegaverit;
948 2970 1321 3041 ignoravisse,
1369 2971 1617 3041 inquam,
1661 2969 1952 3025 Dominum

371 3037 558 3112 Jesum
588 3037 723 3112 “non
756 3037 1089 3110 cognitione,
1119 3055 1226 3111 qua
1267 3056 1375 3096 non
1427 3037 1715 3112 praesentia
1750 3043 1952 3105 solum,

373 3109 469 3182 sed
497 3116 552 3182 et
582 3110 763 3163 futura
793 3109 950 3164 erant
975 3112 1054 3182 illi
1079 3109 1400 3182 perspecta;
1427 3109 1544 3167 'sed
1575 3111 1821 3182 actione,
1851 3127 1954 3166 usu

373 3178 625 3233 videlicet
651 3186 706 3232 et
743 3178 1118 3235 exsecutione.
1169 3178 1428 3235 Eamdem
1468 3182 1610 3234 hanc
1649 3180 1957 3234 doctrinam

374 3255 602 3318 renovat
659 3255 714 3299 et
765 3248 957 3304 lia-tesi
997 3249 1086 3317 69,
1130 3264 1160 3302 a
1198 3265 1425 3304 numero
1452 3250 1523 3305 45
1573 3249 1641 3304 ad
1685 3249 1958 3318 integrum

375 3331 549 3389 usque
581 3317 958 3389 insequentem
985 3335 1274 3389 numerum
1309 3320 1374 3371 47
1395 3337 1410 3384 ;
1431 3335 1531 3374 nec
1558 3319 1767 3389 aliquid
1804 3317 1864 3374 in
1895 3333 1959 3373 ea

375 3385 624 3459 innovat.
676 3385 746 3459 At
793 3387 938 3459 illam
971 3389 1210 3457 sumpsit
1255 3388 1490 3459 fortasse
1519 3385 1858 3459 Epiphanius
1891 3403 1960 3442 ex

380 3456 602 3528 liialogo
629 3455 806 3528 primo
835 3457 1057 3528 Caesarii
1083 3455 1254 3521 illius,
1286 3458 1379 3528 qui
1412 3475 1534 3514 cum
1559 3455 1708 3514 esset
1737 3457 1794 3512 S.
1827 3458 1961 3513 Gre-

375 3525 879 3598 goriiNazianzeni
901 3526 1070 3582 frater
1091 3525 1405 3598 germanus,
1439 3529 1598 3598 primi
1627 3529 1820 3583 medici
1843 3545 1961 3582 mu-

379 3611 483 3650 nus
519 3597 571 3648 in
597 3597 836 3667 Augusta
870 3597 1259 3667 imperaturum
1288 3597 1451 3653 dotno
1483 3599 1960 3666 Constantinopoli

377 3667 626 3738 exercuit
677 3665 730 3719 et
777 3665 1324 3738 Bithynizeobtinuit
1360 3675 1719 3738 quaesturam.
1749 3665 1960 3737 Duplici

379 3737 523 3806 illud
550 3751 722 3806 eaque
753 3737 1163 3806 expeditissima
1220 3737 1431 3793 ratione
1462 3737 1746 3793 suadetur.
1772 3738 1961 3792 Altera

379 3805 527 3874 quod
553 3805 660 3860 non
690 3807 795 3860 nisi
823 3805 966 3878 anno
980 3806 1236 3878 Ecclesiae
1267 3809 1372 3878 575
1420 3807 1757 3878 Epiphanius
1785 3807 1960 3861 Anco-

380 3885 558 3928 ratum
589 3878 831 3946 scripsit,
862 3884 916 3931 et
942 3877 1163 3932 biennio
1195 3877 1391 3932 deinde
1420 3877 1608 3945 elapso
1640 3877 1959 3946 Pacarium,

381 3961 505 3999 cum
545 3945 820 4000 Caesarius
864 3945 979 4014 jam
1045 3947 1256 4001 obierat
1293 3963 1441 4001 anno
1479 3946 1605 4001 569.
1650 3945 1962 4002 Verisimile

379 4023 466 4087 est
521 4016 688 4083 igitur
741 4015 1130 4086 Epiphanium,
1190 4017 1283 4087 qui
1332 4017 1608 4087 posterius
1647 4017 1896 4087 scripsit,
1931 4030 1962 4069 a

381 4086 661 4157 (Imsario,
704 4103 826 4157 quae
883 4086 1216 4157 scribebat,
1258 4086 1558 4157 didicisse;
1617 4088 1672 4140 ui
1719 4086 1963 4157 suspicio

383 4156 577 4212 subeat
626 4155 918 4228 utrumque
973 4155 1370 4228 etrCmsarium
1405 4166 1460 4213 et
1500 4155 1963 4228 Epiphaniumab

383 4227 692 4298 antiquiore
721 4225 928 4298 aliqua,
969 4227 1062 4296 qui
1099 4243 1201 4282 nos
1238 4228 1424 4298 lateat,
1450 4225 1834 4298 exscr'ipsisse.
1863 4225 1963 4279 Al-

383 4305 514 4366 tera‘
545 4297 719 4366 plane,
742 4297 1053 4366 deducitur,
1084 4312 1209 4349 cum
1249 4297 1486 4351 Caesario
1515 4297 1888 4366 Epiphanium,
1915 4297 1963 4350 si

383 4363 658 4418 conferas.
687 4365 884 4419 Eadem
929 4365 985 4418 in
1020 4372 1251 4432 utroque
1289 4363 1823 4430 sententia';e:edein
1859 4365 1962 4418 du-

385 4435 576 4488 ctrina:
595 4443 757 4494 sunt;
785 4433 973 4486 eadem
1009 4441 1316 4497 momenta;
1361 4433 1502 4489 idem
1534 4435 1749 4489 dicendi
1793 4433 1960 4497 ordo;

385 4503 516 4572 quid
583 4503 777 4574 plura?
826 4503 1472 4574 eadctnfpro’pemodum
1535 4504 1700 4574 verba
1757 4519 1771 4555 :
1833 4504 1963 4574 Epi-

387 4573 623 4642 phanius
663 4573 827 4641 igitur
857 4572 1155 4626 Caesarium
1205 4573 1522 4642 exscripsit.
1565 4572 1857 4628 Doctorum
1885 4573 1966 4626 vi-

388 4659 576 4700 rorum
613 4644 828 4712 ignorat
886 4658 1044 4696 nemo
1081 4643 1306 4698 Cmsarii
1333 4651 1389 4698 et
1420 4642 1711 4712 Epiphauii
1746 4653 1966 4712 senten-

388 4712 552 4776 tiam,
581 4710 723 4782 quod
750 4728 869 4766 eam
905 4721 1128 4768 secutus
1156 4713 1227 4767 sit
1253 4715 1308 4767 in
1341 4710 1577 4767 tractatu
1608 4711 1684 4766 De
1711 4710 1966 4782 gradibus

389 4779 706 4836 humilitatis
759 4797 897 4852 cap.
928 4783 982 4844 3,
1037 4797 1266 4837 numero
1309 4783 1403 4852 10,
1431 4798 1554 4852 pag.
1588 4782 1679 4846 86,
1713 4779 1965 4852 iom.’lV,

392 4853 713 4920 probavisse
740 4851 841 4906 χιι
864 4851 1122 4910 Ecclesia:
1149 4853 1351 4907 saeculo
1385 4851 1446 4906 Si
1477 4851 1815 4907 Bernardum
1843 4851 1971 4906 Cla-

393 4924 788 4986 raevallcnscm,
821 4937 918 4977 xm
953 4938 1082 4979 vero
1111 4923 1314 4992 saeculo
1342 4939 1408 4978 ex
1435 4923 1689 4992 prmsenti
1714 4923 1969 4976 Ancorati

393 4993 530 5047 libro
559 4994 947 5048 memoravisse
975 5008 1076 5049 nec
1104 4991 1362 5062 reiecisse
1394 4992 1677 5062 Hugonem
1719 4992 1970 5047 Etheria-

392 5078 521 5134 nunt
554 5079 675 5132 cap.
707 5063 773 5118 15
817 5063 938 5118 libri
969 5077 1028 5117 In
1077 5060 1267 5134 contra,
1295 5060 1529 5134 Gra'coi.
1556 5060 1778 5128 Verum,
1805 5077 1971 5132 quam

394 5132 679 5188 memorati
710 5134 870 5204 iviri,
890 5147 1131 5204 quorum
1179 5133 1274 5188 alii
1328 5132 1649 5202 antiquitate
1684 5139 1970 5204 praestant,

393 5203 758 5258 sanctimonia
805 5202 923 5267 alii,
957 5202 1209 5257 doctrina
1260 5218 1474 5266 omnes,
1505 5202 1728 5258 tuentur
1753 5211 1972 5258 sentcn-

395 5274 548 5338 tiam,
585 5274 760 5343 rejicit
790 5281 849 5327 ut
888 5273 1070 5329 minus
1112 5273 1444 5342 probabilem
1489 5273 1630 5328 inter
1657 5281 1884 5328 caeteras
1905 5273 1973 5327 de

395 5359 455 5398 re
491 5343 682 5398 eadem
737 5345 1026 5414 opiniones
1087 5353 1287 5414 nostrae
1338 5344 1730 5414 propemodum
1795 5344 1972 5398 aetatis

395 5415 684 5484 theologus
744 5413 877 5468 sane
923 5414 1181 5484 eximius,
1222 5413 1498 5476 Petavius,
1555 5429 1674 5484 cap.
1710 5415 1744 5468 5
1779 5414 1874 5484 lib.
1935 5429 1969 5466 ll

397 5481 642 5554 Τὴεοιοξᾳ.
705 5485 1011 5553 dogmatum
1044 5483 1108 5538 de
1141 5483 1419 5549 Trinitate,
1467 5481 1696 5538 nume—ro
1729 5484 1782 5538 9.
1817 5481 1972 5548 Quod

397 5553 473 5607 ita
496 5553 615 5608 caui
659 5554 749 5609 ille
808 5561 978 5617 notet,
1014 5555 1216 5608 nullam
1271 5555 1476 5624 profert
1527 5556 1830 5620 rationem;
1873 5567 1974 5606 nec

397 5638 560 5694 quam
617 5625 884 5693 proferret
927 5626 1109 5694 forsan
1146 5625 1354 5694 habuit.
1389 5624 1617 5690 Quando
1663 5624 1874 5694 agimus
1903 5637 1971 5694 an

397 5691 656 5749 Christus
710 5694 971 5750 Dominus
1013 5693 1200 5763 iudicii
1265 5696 1406 5749 diem
1459 5691 1821 5762 ignoravérit,
1888 5691 1972 5745 vel

399 5763 606 5832 minus,
643 5767 839 5837 duplex
899 5768 1056 5823 nobis
1094 5773 1318 5837 paratur
1380 5764 1691 5835 negotium,
1739 5763 1968 5817 alterum

2013 3151 2030 3167 .
2061 3111 2341 3166 Christum
2376 3113 2621 3167 nescisse
2669 3112 2683 3164 i

2056 601 2184 648 νων,
2248 584 2336 638 διὰ
2367 584 2467 655 μὲν
2494 583 2588 638 τοῦ
2627 584 2916 638 δεδωκέναι
2958 584 3036 655 τῷ
3066 583 3199 655 Υἱῷ,
3229 585 3389 648 αὐτὸς
3419 585 3628 656 κρίνει·

2055 672 2115 724 οὐ
2139 671 2248 744 γὰρ
2267 672 2626 743 ἠλλοτρίωται
2652 674 2680 725 ὁ
2697 671 2827 736 Θεὸς
2858 672 2964 726 ἀπὸ
3005 673 3100 726 τοῦ
3129 673 3332 744 κρίνειν
3361 673 3485 735 τοὺς
3511 689 3632 741 κριο

2055 761 2344 832 νομένους·
2395 763 2487 816 καὶ
2527 764 2585 816 ὲν
2616 761 2694 832 τῷ
2748 763 2823 834 μὴ
2861 762 3067 833 κρίνειν
3113 763 3205 815 τὸν
3249 761 3489 834 Πατέρα,
3529 761 3631 832 ἤδη

2054 853 2330 924 κέκρικεν.
2376 854 2432 907 '0
2465 854 2520 906 δὲ
2555 854 2682 915 Υἱὸς
2727 850 2832 906 οἶδε
2873 854 3004 906 πότε
3043 853 3291 924 ἔρχεται·
3327 853 3490 916 αὐτὸς
3521 853 3632 924 γὰρ

2054 943 2222 1016 αὐτὴν
2261 944 2414 1016 φέρει
2461 943 2560 1014 τὴν
2591 945 2824 1016 ἡμέραν,
2863 944 2960 997 καὶ
2991 945 3156 1008 αὐτὸς
3178 945 3348 1016 ὁρίζει
3380 944 3473 997 καὶ
3506 944 3631 1013 ἄγει

2054 1036 2148 1089 καὶ
2166 1036 2330 1092 τελεῖ.
2359 1036 2522 1105 Λέγει
2559 1037 2668 1106 γάρ
2686 1052 2700 1066 ο
2744 1037 2837 1102 Ὠς
2866 1036 3131 1104 κλέπτης
3157 1037 3226 1089 ἐν
3249 1037 3442 1102 νυκτὶ,
3473 1035 3634 1104 ἔρχε-

2054 1145 2148 1182 ται
2171 1129 2208 1197 ἡ
2223 1128 2410 1197 ἡμέρα
2429 1127 2769 1196 ἐκείνη.Καί
2786 1146 2940 1200 φησι,
2970 1131 3090 1183 Οὐκ
3111 1130 3282 1184 ἔσται
3295 1130 3317 1160 ⁸
3337 1131 3407 1184 ἐν
3426 1131 3630 1184 νυκτί·

2055 1220 2158 1274 ἵνα
2186 1221 2224 1289 ἡ
2255 1217 2446 1288 ἡμέρα
2471 1221 2540 1274 ἐν
2576 1221 2791 1275 σκότει
2823 1220 2982 1290 ἡμᾶς
3024 1221 3348 1290 καταλάϐῃ.
3376 1223 3440 1274 Εἰ
3467 1217 3558 1275 οῦν
3580 1222 3633 1275 οἱ

2055 1311 2230 1366 δοῦλοι
2272 1311 2366 1366 τοῦ
2400 1313 2636 1383 Χριστοῦ
2665 1313 2877 1384 ἡμέρας
2903 1312 3010 1367 εἰσὶ
3037 1312 3229 1379 τέκνα,
3272 1309 3380 1385 ἆρα
3418 1313 3579 1377 αὐτὸς
3603 1315 3634 1367 6

2058 1403 2188 1466 Υἱὸς
2213 1402 2395 1475 φέρων
2419 1403 2517 1474 τὴν
2554 1403 2766 1474 ἡμέραν
2798 1405 3002 1472 ἀνγνοεῖ,
3032 1405 3119 1458 ἴνα
3143 1405 3302 1458 αὐτὸν
3337 1403 3633 1458 καταλάϐοι

2058 1494 2091 1564 ὴ
2122 1495 2326 1566 ἡμέρα,
2368 1494 2464 1548 καὶ
2493 1495 2612 1565 οὐχὶ
2658 1495 2819 1558 αὐτὸς
2850 1493 3050 1566 μᾶλλον
3073 1497 3172 1567 τὴν
3199 1496 3413 1568 ἡμέραν
3437 1495 3590 1567 φέρει
3614 1512 3631 1561 ;

2058 1581 2155 1646 Τίς
2183 1581 2353 1636 ταῦτα
2380 1583 2758 1654 διανοούμενος
2779 1585 2837 1637 οὺ
2861 1584 3262 1656 βλασφημήσει,
3290 1584 3358 1638 τὰ
3394 1583 3470 1654 μὴ
3502 1582 3636 1654 πρέ-

2057 1691 2228 1728 ποντα
2253 1675 2383 1746 περὶ
2411 1675 2627 1747 Πατρὺς
2653 1676 2747 1729 καὶ
2771 1676 2900 1729 Υἱοῦ
2917 1675 3295 1748 λογιζόμενοςς
3325 1675 3427 1728 Καὶ
3462 1677 3490 1728 ὁ
3523 1675 3636 1729 Πα-

2055 1766 2162 1836 τὴρ
2222 1765 2321 1836 μὲν
2379 1762 2487 1819 οἶδε
2518 1766 2617 1838 τὴν
2647 1767 2862 1838 ἡμέραν
2896 1767 2991 1820 καὶ
3039 1767 3138 1838 τὴν
3177 1766 3326 1838 ὥραν
3368 1765 3509 1819 κατὰ
3539 1761 3637 1820 δύο

2054 1858 2306 1930 τρόπους,
2361 1857 2503 1912 κατὰ
2529 1858 2753 1930 εἴδησιν.
2783 1860 2876 1912 καὶ
2919 1859 3060 1912 κατὰ
3087 1858 3305 1930 πρᾶξιν.
3344 1853 3467 1913 Οἵδε
3524 1858 3635 1927 γὰρ

2053 1953 2182 2008 πότε
2209 1951 2458 2024 ἔρχεται·
2493 1951 2588 2005 καὶ
2633 1950 2796 2004 πάλιν
2840 1952 2942 2024 ήδη
2983 1952 3263 2024 κέκρικεν,
3292 1950 3482 2022 ὁρίσας
3516 1949 3637 2020 κρί-

2054 2063 2167 2100 νειν
2198 2044 2290 2098 τὸν
2322 2043 2472 2108 Υἱὺν,
2495 2043 2591 2098 καὶ
2620 2041 2762 2112 ἔγνω
2791 2043 2930 2096 κατὰ
2951 2043 3169 2114 πρᾶξιν.
3211 2041 3272 2096 '0
3299 2041 3356 2093 δὲ
3381 2041 3508 2104 Υἱὸς
3541 2039 3635 2092 τοῦ

2055 2135 2192 2190 Θεοῦ
2235 2132 2343 2188 οἶδε
2375 2135 2494 2205 μὲν,
2521 2133 2650 2186 πότε
2680 2133 2918 2204 ἔρχεται,
2950 2133 3045 2186 καὶ
3070 2131 3232 2197 αὐτὸς
3265 2131 3418 2202 φέρει
3442 2130 3634 2200 αὐτὴν,

2059 2227 2152 2280 xui.
2179 2228 2279 2278 οὐκ
2295 2227 2481 2292 ἀγνοεῖ
2499 2241 2512 2254 ·
2541 2222 2694 2276 οῦπω
2723 2223 2779 2276 δὲ
2810 2223 2979 2294 αὐτὴν
3002 2223 3204 2295 ἔπραξε
3237 2222 3380 2278 κατὰ
3413 2222 3635 2290 γνῶσιν,

2064 2315 2314 2369 τουτέστι
2337 2314 2478 2368 κατὰ
2501 2313 2702 2386 πρᾶξιν
2717 2314 2850 2386 (21)°
2886 2315 2966 2368 ἔτι
2993 2315 3104 2386 γὰρ
3120 2316 3336 2380 ἀσεϐεῖς
3357 2312 3635 2383 ἀσεϐοῦσι,

2041 2468 2062 2500 δ
2089 2465 2149 2523 F.
2182 2468 2326 2524 ἐστε.

2052 2637 2163 2692 quo
2197 2629 2508 2679 statuamus
2562 2623 2866 2688 Christum,
2904 2623 3020 2679 sive
3045 2637 3151 2693 qua
3183 2622 3344 2687 Deus,
3380 2623 3638 2693 siveﬁqua

2054 2693 2240 2754 homo,
2269 2695 2520 2749 absolute
2558 2709 2668 2748 non
2714 2692 3076 2764 ignoravisse
3102 2693 3243 2764 diem
3275 2692 3640 2764 illum;iThe-

2050 2764 2434 2817 ntistianorum
2475 2764 2621 2818 enim
2678 2763 2794 2819 sive
2827 2763 3196 2819 Aenoetarum
3226 2763 3440 2816 insania
3466 2763 3639 2816 decli-

2051 2833 2259 2904 nanda,
2309 2833 2404 2903 qui
2462 2834 2665 2904 reiecta
2699 2848 2824 2887 cum
2877 2833 3232 2904 Eutychianis
3283 2833 3640 2904 distinctione

2059 2902 2297 2972 duplicis
2330 2901 2413 2956 ‘in
2463 2902 2688 2958 Christo
2733 2909 2963 2967 naturae,
2987 2901 3178 2972 ipsum
3203 2903 3457 2971 ignorare
3490 2901 3641 2972 dice-

2059 2971 2194 3026 bant
2223 2987 2562 3043 quaecunque
2606 2973 2760 3043 illius
2805 2973 3073 3028 nescisset
3108 2971 3440 3043 humanitas.
3484 2971 3638 3043 Alte-

2060 3057 2181 3096 rum
2214 3040 2344 3096 vero
2373 3040 2488 3105 est,
2511 3049 2570 3096 ut
2623 3058 2687 3098 ex
2731 3042 2958 3098 lieemus
2986 3057 3095 3112 quo
3136 3057 3300 3096 sensu
3331 3041 3538 3095 dictum
3564 3040 3638 3095 sit

2061 3111 2341 3165 Christum
2376 3113 2621 3165 nescisse
2669 3059 2820 3165 iﬁum
2849 3112 3011 3165 diem.
3059 3110 3265 3165 Sensus
3323 3111 3414 3165 ille
3461 3125 3638 3165 neque

2732 3128 2820 3167 um
2849 3125 3011 3166 αιεῐιι.
3059 3125 3265 3166 Densus
3323 3125 3414 3165 Ille
3461 3125 3640 3178 neque

2062 3189 2284 3250 apertus
2312 3191 2422 3250 est
2453 3183 2507 3236 in
2531 3181 2732 3237 divinis
2773 3179 3100 3250 Scripturis,
3132 3196 3309 3249 neque
3337 3180 3636 3250 revelatus,

2063 3249 2254 3322 necab
2284 3249 2528 3322 Ecclesia
2559 3251 2818 3306 deﬁnitus
2851 3271 2863 3304 :
2894 3249 3133 3322 liberum
3173 3265 3302 3322 ergo
3325 3257 3416 3322 est
3440 3249 3640 3319 cuique

2063 3320 2421 3386 coniectando
2468 3321 2618 3374 illttm
2653 3335 2915 3389 quaerere.
2959 3319 3269 3386 Quaesivere
3320 3319 3513 3374 Patres
3576 3325 3636 3371 ut

2062 3389 2316 3460 Arianos,
2343 3391 2788 3460 utEutychianos
2813 3391 3086 3460 Agnoetas
3120 3389 3448 3444 refellerent.
3481 3389 3642 3454 Qua:-

2066 3459 2236 3513 rendo
2283 3461 2338 3513 in
2405 3459 2588 3516 varias
2623 3461 2770 3514 ivere
2813 3459 3131 3523 sententias,
3177 3475 3410 3528 quarum
3468 3460 3638 3522 nulla,

2063 3543 2184 3597 quae
2216 3529 2419 3584 divinis
2462 3545 2569 3584 non
2621 3537 2886 3600 repugnet
2917 3529 3159 3600 Litteris,
3199 3536 3262 3600 et,
3286 3538 3448 3600 recta;
3469 3528 3637 3600 ﬁdei;

2063 3614 2290 3668 quaeque
2335 3601 2561 3668 idoneis,
2583 3599 2787 3653 nitatur
2837 3599 3149 3664 momentis,
3177 3599 3299 3652 aliis
3334 3599 3638 3668 probabili-

2063 3677 2174 3723 tate
2204 3667 2507 3738 praastabit.
2539 3667 2728 3723 Patres
2745 3669 2985 3739 plurimi,
3016 3667 3444 3739 quijcompendii
3473 3682 3641 3739 causa

2065 3737 2236 3793 videri
2295 3745 2526 3809 possunt
2586 3737 2760 3807 apud'
2788 3737 3334 3809 l’eta_vit_tm_laudato
3373 3751 3546 3809 nuper
3584 3737 3640 3789 in
3719 3742 3730 3749 '

2063 3809 2263 3878 capite,
2295 3806 2483 3878 dixere
2519 3806 2801 3863 Christum
2831 3806 3026 3876 judicii
3057 3806 3201 3878 diem
3245 3806 3489 3860 nescisse
3529 3820 3638 3878 non

2063 3874 2171 3947 qua
2200 3878 2361 3944 Deus,
2391 3877 2486 3934 sed
2520 3879 2701 3946 aliqua
2730 3874 2944 3947 ratione
2961 3891 3081 3947 qua
3100 3875 3401 3947 homoerat
3424 3874 3644 3942 :opinio

2065 3942 2179 4002 haec
2227 3942 2480 4003 humanae
2509 3942 2681 4001 menti
2714 3947 2785 4001 ob
2828 3942 3026 3999 avitain
3070 3942 3494 3998 imbecillitatem
3530 3958 3642 3995 non

2063 4018 2339 4088 displicet,
2362 4019 2490 4088 quia
2521 4017 2668 4070 illam
2699 4031 2802 4070 nos
2830 4014 3134 4088 intelligere
3174 4012 3333 4088 nobis
3363 4011 3635 4088 videmur.

2067 4085 2125 4141 Si
2155 4081 2339 4143 autem
2381 4081 2641 4142 'eamdem
2680 4087 2964 4149 excutias,
3013 4081 3060 4138 si
3102 4083 3488 4152 introspicjas;
3533 4081 3641 4136 heu

2064 4167 2198 4227 quot
2213 4159 2506 4228 insurgunt
2526 4157 2894 4228 difﬁcultates,
2913 4169 3034 4224 quae
3050 4149 3334 4228 ambages!
3361 4149 3418 4205 In
3436 4167 3643 4228 (nemo:

2066 4221 2204 4282 fiam
2227 4221 2399 4283 venit'
2428 4225 2643 4297 Leporii
2685 4225 2840 4297 illius
2859 4221 3530 4297 jtnonachi_rctractat.io;
3559 4221 3638 4297 _ad

2105 4313 2229 4351 uam
2258 4299 2436 4367 ipsum
2485 4290 2795 4367 compulere
2841 4294 3096 4367 Aurelius
3137 4290 3626 4367 Carthagigiensis,

2105 4313 2229 4351 llam
2258 4313 2436 4367 Ipsum
2485 4313 2795 4361 compulere
2841 4313 3096 4349 ΛΠΓΘΙΙΙΙΒ
3137 4313 3626 4362 υξιηιιίιειιιιειιδιδ,

2064 4313 2128 4419 ἓ.
2156 4366 2515 4436 Augustinus,
2541 4366 2744 4436 aliique
2785 4365 2840 4417 in
2875 4363 3060 4436 Africa
3090 4361 3356 4436 episcopi.
3393 4361 3641 4436 Redeunt

2069 4436 2124 4488 in
2184 4431 2502 4488 memoriam
2560 4431 2838 4503 Agnoetaa,
2881 4431 3135 4503 redeunt‘
3158 4439 3213 4485 et
3260 4431 3470 4503 Eulogii
3515 4431 3641 4485 Ale-

2071 4503 2320 4557 xandrini
2351 4499 2633 4558 adversus
2667 4503 2790 4558 illos
2832 4501 3070 4556 labores.
3103 4499 3284 4568 Quare
3313 4499 3417 4555 tibi
3443 4515 3642 4555 caveas

2068 4581 2283 4642 oportet
2311 4589 2379 4628 ne
2409 4573 2555 4627 illam
2591 4580 2810 4642 reputes
2859 4569 3220 4637 catholicam;
3251 4578 3335 4642 est
3363 4569 3507 4625 enim
3543 4571 3643 4623 ali-

2069 4641 2303 4712 quorum
2327 4650 2560 4706 tantum,
2590 4641 2700 4696 non
2717 4643 2996 4706 omnium;
3019 4656 3119 4712 nec
3151 4641 3377 4712 probata
3399 4654 3640 4712 unquam

2072 4708 2139 4768 ab
2169 4712 2414 4768 Ecclesia
2449 4712 2569 4766 fuit.
2601 4712 2738 4767 Cum
2762 4712 3025 4782 Gregorio
3056 4708 3250 4782 Magno
3281 4708 3522 4782 Epistola
3570 4708 3640 4763 59

2072 4783 2195 4838 libri
2221 4799 2274 4846 ι,
2299 4784 2454 4851 juxta
2479 4783 2854 4838 recensionem
2876 4778 3266 4851 'novissim'am,
3296 4778 3642 4851 animadver-

2072 4847 2521 4929 tendum-deinde
2546 4853 2827 4929 Christum
2882 4849 3260 4929 Dominum‘in
3289 4857 3484 4927 natura
3505 4847 3640 4929 _qui-

2071 4923 2194 4978 dem
2259 4921 2613 4978 humanitatis
2663 4922 2882 4996 novisse
2913 4921 3152 4996 diemet
3178 4918 3368 4996 horam
3421 4915 3638 4996 judi’cii,

2072 5009 2182 5048 non
2215 5001 2396 5048 autem
2448 5009 2514 5047 ex
2546 5001 2744 5047 natura
2788 4987 3145 5044 humanitatis
3199 4986 3435 5041 novisse.
3482 4985 3637 5052 Quod

2084 5079 2154 5117 an
2199 5063 2398 5144 divinae
2421 5061 2746 5144 _Scripturae‘
2771 5057 3095 5144 testimotiii
3119 5054 3368 5144 deligi-lis.
3405 5064 3642 5144 6.359.003!-

2114 5149 2236 5187 uam
2287 5125 2576 5202 Epiphanii
2633 5125 3638 5202 sententia,_aliorunicstojudicium.

2123 5245 2135 5256 .
2194 5195 2491 5274 Gregorius
2533 5201 2911 5274 Nazianzenus
2949 5199 3037 5260 iis,
3083 5195 3282 5274 quibus
3308 5196 3476 5274 relata
3515 5209 3641 5249 mox

2075 5274 2260 5345 opinio
2263 5263 2386 5345 _n'on
2413 5273 2624 5345 place_t,_
2643 5270 2866 5345 alteram
2887 5263 3163 5345 proponit
3194 5263 3450 5345 Qraﬂtione
3476 5279 3639 5345 sxa"

2077 5333 2228 5399 aiens
2262 5333 2457 5395 Filiui'n
2494 5340 2723 5396 scivisse
2771 5333 2989 5406 quidem
3012 5333 3231 5406 'judicii
3264 5335 3419 5406 diem_
3450 5343 3504 5387 et
3542 5333 3643 5406 hog

2075 5431 2214 5478 ram,
2235 5412 2396 5466 modo
2421 5420 2598 5465 tamen
2623 5401 2840 5464 diverso
2869 5407 2936 5478 ab
2967 5401 3059 5478 illo
3088 5423 3197 5478 quo
3215 5404 3376 5478 novit
3389 5401 3566 5478 Pater,
3593 5405 3641 5457 εἰ

2080 5484 2153 5555 μὴ
2182 5472 2256 5545 ὥς
2283 5483 2311 5534 ὁ
2343 5481 2704 5555 [_la-rijp,___nec
2739 5477 2885 5555 aliud
2913 5472 3226 5555 _subjungit.
3264 5472 3642 5555 iliﬁietiltatem

2075 5543 2292 5607 on'mein
2323 5543 2510 5604 eludit'
2538 5543 2699 5611 illud,
2731 5549 2824 5601 sed
2875 5543 3170 5602 obscurum
3211 5550 3313 5606 est,
3343 5551 3397 5595 et
3428 5543 3644 5597 facilius

2077 5622 2251 5689 aptari
2286 5629 2469 5688 posset
2493 5619 2755 5673 doctrinm
2786 5616 3286 5689 Epiphanii,__quani
3303 5613 3503 5689 dicenti
3533 5629 3643 5666 non

2077 5682 2302 5745 novisse
2355 5689 2566 5761 ratione
2624 5682 2999 5761 humanitatis.
3025 5682 3376 5761 Alii’tandem
3407 5682 3644 5761 fatentur

2081 5761 2362 5816 Christum
2416 5759 2565 5815 nullo
2595 5758 2757 5814 modo
2793 5756 3034 5813 nescisse
3064 5762 3157 5809 aut
3201 5753 3397 5809 divina:
3433 5755 3644 5808 ratione
