4012 6210
282 390 353 446 ῦἹ
1686 399 2139 463 ΑΝΕΟΒΑΤΟΒ.
3475 418 3545 475 58

286 502 383 556 καὶ
413 500 637 557 ἄπιστοι
663 502 971 569 ἀπιστοῦσι,
1000 504 1095 560 καὶ
1118 508 1438 562 κακόπιστοι
1470 508 1867 583 βλασφημοῦσι,

1976 517 2217 571 nondum
2279 526 2458 575 tamen
2513 537 2632 578 eam
2688 531 2752 579 ex
2795 523 2887 579 illa
2933 528 3244 597 cognitione
3269 530 3545 601 produxit,

288 603 383 647 και
404 596 432 646 6
471 592 715 658 διάϐολος
742 597 973 665 ἐνεργεῖ,
1001 599 1095 649 καὶ
1120 600 1494 670 ἁμαρτήματα
1522 600 1749 669 γίνεται,
1776 604 1870 657 καὶ

1975 611 2079 663 hoc
2134 616 2220 664 est
2272 611 2517 666 nondum
2570 616 2787 672 actione
2833 620 3133 688 cognovit:
3168 621 3348 676 adhuc
3400 626 3545 678 enim

288 686 319 755 ὴ
364 684 547 738 ἀδικία
576 689 788 757 κρατεῖ,
831 688 926 741 καὶ
972 690 1212 761 ήκρίσις
1255 691 1637 763 μακροθυμεῖ·
1676 693 1779 757 ἓως
1801 694 1868 749 ἂν

286 775 439 844 ἔλθῃ,
496 777 593 830 καὶ
620 777 733 848 γνῷ
765 778 936 851 αὐτὴν
968 782 1108 835 κατὰ
1149 781 1366 852 πρᾶξιν,
1400 784 1495 837 καὶ
1528 785 1730 859 ποιήσῃ
1769 787 1869 857 τὴν

286 867 589 938 εκδίκησιν,
651 869 746 923 καὶ
804 871 953 942 σώσῃ
1005 873 1131 935 τοὺς
1182 875 1241 927 tv
1290 874 1518 946 ἀληθείᾳ
1550 875 1870 942 ἐλπίζοντας

285 958 368 1009 ἐπ’
392 959 576 1024 αὐτὸν,
606 961 699 1013 καὶ
728 961 803 1031 μὴ
830 960 1286 1034 βλασφημοῦντας
1318 965 1483 1019 αὑτοῦ
1512 965 1609 1037 τὴν
1640 966 1868 1039 θεότητα

288 1049 498 1120 Πατρδς
531 1053 623 1104 καὶ
654 1052 783 1105 Υίοῦ
814 1053 907 1107 καὶ
929 1054 1084 1123 ἁγίου
1112 1056 1252 1110 Πνεύ
1263 1074 1452 1127 ματος.

1973 698 2125 767 impii
2174 699 2341 770 impie
2386 716 2508 756 sese
2548 714 2766 773 gerunt,
2814 715 2868 762 et
2900 709 3143 767 inﬁdeles
3173 712 3545 769 infidelitatem

1969 800 2256 857 exercent,
2293 800 2348 848 et
2380 794 2621 850 haeretici
2667 796 2834 853 Deum
2863 804 3211 860 contumeliis
3240 807 3545 870 incessunt,

1969 893 2022 937 et
2055 882 2308 940 diabolus
2351 894 2628 955 operatur,
2676 897 2730 945 et
2779 903 3001 961 peccata
3052 908 3461 967 perpetrantur,
3494 907 3548 952 et

1967 974 2239 1044 injustitia
2274 989 2483 1049 regnat,
2515 980 2621 1050 27
2662 988 2716 1037 et
2754 982 3025 1051 judicium
3057 991 3325 1057 patienter
3361 990 3547 1044 diti‘er-

1967 1074 2097 1131 tur,
2159 1066 2335 1122 donec
2392 1084 2494 1124 suo
2567 1079 2812 1142 tempore
2868 1077 3072 1141 veniat,
3140 1080 3300 1148 idque
3374 1078 3547 1133 Filius

283 1139 500 1196 actione
531 1141 648 1211 ipsa
676 1152 998 1238 cognoscat,
1041 1154 1095 1201 et
1128 1147 1392 1202 ultionem
1424 1149 1700 1218 instituat,
1757 1166 1962 1225 eosque
2031 1168 2234 1223 servet,
2294 1160 2388 1229 qui
2455 1176 2644 1215 revera
2680 1139 2840 1233 spem
2886 1139 3064 1220 suam?
3106 1169 3161 1222 in
3213 1139 3338 1238 ipso
3380 1171 3549 1224 collo-

282 1236 431 1325 cant,
498 1245 679 1301 neque
724 1232 999 1288 divinitati
1045 1249 1161 1291 suae
1210 1239 1602 1293 contumeliam
1656 1239 1887 1308 faciunt,
1948 1260 2070 1316 quae
2135 1256 2219 1302 est
2267 1246 2449 1316 Patri,
2500 1250 2641 1306 Filio
2693 1232 2759 1309 ac
2821 1253 3053 1325 Spiritui
3128 1232 3320 1313 sancto
3380 1274 3535 1314 com-

282 1320 487 1377 uincis.

351 1416 480 1470 KB’.
524 1416 615 1482 Ἐξ
668 1418 839 1487 ἁγίων
883 1419 940 1473 δὲ
984 1421 1232 1490 ἀγγέλων
1282 1424 1529 1480 λείπεται
1579 1426 1722 1481 κατὰ
1775 1427 1870 1480 δύο

280 1506 571 1579 τρόπουςή
603 1510 824 1583 τοιαύτη
875 1512 1022 1578 ἀξία.
1064 1514 1106 1566 Τ
1113 1514 1247 1585 ίμιοι
1308 1517 1409 1587 μὲν
1448 1518 1557 1589 γάρ
1595 1520 1732 1572 εἰσιν
1760 1519 1870 1573 ἀπὸ

281 1599 494 1670 Πατρὸς
529 1602 620 1654 καὶ
645 1601 771 1655 Υίοῦ
817 1605 911 1658 καὶ
939 1604 1096 1673 ἁγίου
1136 1607 1454 1678 Πνεῦματος
1479 1609 1636 1663 τοῦτο
1665 1628 1866 1682 κεκτη-

284 1690 455 1761 μένοι.
487 1693 745 1748 Λείπεται
792 1695 849 1748 δὲ
910 1697 1094 1761 αὐτοῖς
1122 1698 1306 1752 τοῦτο·
1348 1702 1410 1753 οὐ
1440 1702 1549 1771 γὰρ
1594 1703 1768 1756 οἴδασι
1798 1703 1868 1756 τὰ

2041 1426 2206 1482 XXII.
2248 1429 2406 1496 Quod
2456 1446 2587 1487 vero
2636 1432 2705 1487 ad
2748 1441 2971 1491 sanctos
3022 1436 3245 1504 angelos
3290 1438 3547 1508 pertinet,

1968 1517 2185 1575 duobus
2216 1521 2394 1577 modis
2420 1523 2534 1577 hate
2564 1524 2674 1579 illis
2704 1533 2788 1581 est
2811 1526 3080 1598 denegata
3123 1528 3379 1599 dignitas.
3414 1529 3546 1584 Nam

1969 1610 2214 1680 alioquin
2256 1612 2464 1669 honore
2509 1615 2657 1687 digni
2704 1627 2853 1683 sunt,
2911 1619 3075 1689 idque
3122 1621 3299 1692 ipsum
3326 1637 3357 1674 a
3387 1622 3548 1678 Patre

1964 1713 2018 1755 et
2050 1700 2188 1757 Filio
2230 1712 2283 1759 et
2324 1706 2531 1775 Spiritu
2570 1717 2762 1763 sancto
2804 1713 3090 1766 consecuti
3119 1722 3271 1779 sunt,
3308 1714 3403 1769 sed
3440 1716 3544 1773 hoc

277 1782 559 1853 ὡρισμένα
586 1784 715 1837 πότε
743 1784 952 1853 γίνεται
970 1803 986 1819 ο
1026 1788 1157 1842 Ἐπὶ
1176 1789 1274 1859 μὲν
1306 1790 1416 1861 γὰρ
1447 1790 1522 1859 τῇ
1542 1790 1664 1860 ὶδιᾳ
1689 1793 1862 1857 ἐξου-

1975 1800 2154 1851 tamen
2193 1797 2303 1852 illis
2333 1798 2487 1853 deest
2516 1815 2531 1865 ;
2562 1814 2671 1854 non
2707 1802 2854 1856 enim
2880 1805 3102 1872 quando
3126 1807 3421 1860 constituta
3453 1808 3545 1864 illa

277 1873 384 1939 σίᾳ
412 1876 446 1927 ό
491 1874 698 1943 Πατὴρ
745 1875 914 1930 ἔθετο
942 1877 1086 1944 τοὺς
1113 1880 1395 1948 χρόνους.
1431 1882 1495 1934 Ei
1530 1882 1584 1934 δὲ
1619 1884 1647 1936 6
1674 1884 1868 1955 Πατὴρ

279 1966 339 2017 tv
392 1965 526 2035 Υίῷ,
585 1967 678 2020 καὶ
732 1969 760 2020 6
810 1968 939 2031 Tib;
991 1972 1049 2022 tv
1088 1971 1283 2042 Πατρὶ,
1322 1971 1429 2042 ἄρα
1458 1975 1519 2029 οὐ
1551 1973 1795 2029 λείπεται
1833 1977 1866 2047 ἡ

278 2056 495 2120 ἐξουσία
553 2057 612 2121 ἐξ
644 2057 777 2111 Υἱοῦ
808 2060 842 2129 ἡ
876 2061 935 2112 tv
986 2060 1182 2130 Πατρί.
1240 2063 1501 2116 Λείπεται
1537 2063 1594 2117 δὲ
1620 2065 1728 2118 ἀπὸ
1760 2065 1869 2118 τῶν

280 2145 549 2214 ἀγγέλων,
598 2147 810 2200 κτιστοὶ
874 2146 981 2219 γὰρ
1031 2148 1255 2217 ἄγγελοι
1298 2152 1391 2204 καὶ
1419 2151 1751 2221 ἀρχάγγελοι
1774 2155 1869 2206 καὶ

277 2237 553 2309 δυνάμεις.
576 2239 767 2310 Πατὴρ
796 2239 853 2292 δὲ
880 2239 1157 2305 ἁκτιστος,
1188 2241 1315 2305 Υἱὸς
1347 2242 1621 2308 ἁκτιστος,
1646 2245 1869 2315 Πνεῦμα

278 2328 412 2381 Θεοῦ
437 2328 710 2384 ἄκτιστον.
742 2329 857 2383 Οὐκ
885 2330 1096 2384 οἴδασιν
1118 2326 1212 2385 οῦν
1245 2334 1294 2386 οἱ
1315 2332 1537 2402 ἄγγελοι
1565 2333 1690 2387 οὔτε
1722 2336 1867 2390 κατά

277 2419 501 2491 εἴδησιν,
531 2420 655 2474 οὔτε
685 2421 826 2475 κατά
842 2423 1065 2493 πρᾶξιν,
1095 2422 1194 2493 τὴν
1214 2424 1429 2495 ἡμέραν
1460 2427 1556 2479 καὶ
1579 2427 1681 2498 τὴν
1696 2426 1864 2497 ὤραν.

277 2512 394 2564 Οὐκ
439 2511 612 2565 οἴδασι
665 2512 775 2583 γάρ
808 2513 938 2566 πότε
972 2512 1221 2583 βούλεται
1260 2516 1289 2567 6
1333 2515 1525 2587 Πατὴρ
1555 2516 1649 2569 καὶ
1678 2516 1706 2568 6
1742 2517 1870 2580 Υἱὸς

277 2604 375 2656 καὶ
394 2604 453 2656 τὸ
482 2603 635 2672 ἅγιον
692 2602 917 2675 Πνεῦμα
959 2606 1205 2673 ἐνεγκεῖν
1235 2604 1332 2677 τὴν
1358 2607 1590 2678 ἡμέραν.
1633 2609 1742 2662 Καὶ
1770 2610 1869 2661 οὐκ

276 2694 453 2749 οἴδασι
487 2696 628 2749 κατὰ
661 2696 862 2765 γνῶσιν
901 2696 1153 2768 πράξεως
1180 2713 1192 2726 ⁸
1221 2697 1374 2752 οὔπω
1407 2698 1517 2769 γὰρ
1544 2700 1871 2769 ἐπετάχθη-

278 2803 400 2842 σαν
414 2788 702 2853 ἐξελθεῒν,
727 2790 826 2844 καὶ
856 2789 1227 2859 συναγαγεῖν
1243 2789 1424 2858 δίκην
1446 2788 1733 2855 ζὶζανίων,
1769 2792 1871 2846 καὶ

281 2881 468 2949 δῆσαι
510 2880 760 2951 δεσμὰς,
809 2883 890 2945 είς
936 2882 997 2935 τὺ
1025 2882 1201 2935 καίειν
1243 2884 1379 2954 πυρὶ
1431 2883 1681 2955 ἀσϐέστῳ
1719 2883 1857 2955 (22).

280 2972 445 3028 Οὔπω
465 2974 640 3028 τοίνυν
669 2974 789 3028 οὐδὲ
818 2973 1082 3046 ἔπραξαν,
1112 2975 1233 3028 οὐδὲ
1265 2976 1469 3029 οῐδασιν
1490 2992 1503 3006 ·
1534 2977 1563 3029 6
1593 2975 1650 3029 δὲ
1674 2977 1865 3048 Πατὴρ

279 3062 388 3121 οἶδε
434 3068 529 3122 καὶ
582 3066 854 3139 ἔπραξεν
908 3070 936 3121 6
991 3068 1046 3121 δὲ
1074 3068 1201 3131 Υἱὸς
1261 3063 1366 3121 οἶδε
1405 3069 1522 3139 μὲν,
1568 3069 1782 3123 οὐδέπω
1812 3070 1871 3123 δὲ

1969 1885 2155 1941 futura
2208 1888 2320 1943 sint
2365 1903 2748 1960 cognoscunt:
2787 1894 3059 1963 siquidem
3126 1896 3286 1950 Pater
3314 1897 3369 1949 in
3394 1903 3536 1963 pote-

1974 1991 2109 2034 state
2154 1995 2252 2034 sua
2301 1990 2531 2053 tempora
2578 1988 2748 2055 posuit
2812 1986 2851 2039 ί.
2898 1985 3035 2040 Cum
3076 1995 3257 2041 autem
3292 1985 3456 2041 Pater
3490 1988 3546 2042 in

1969 2069 2109 2125 Filio
2138 2070 2232 2135 sit,
2264 2079 2319 2125 et
2347 2070 2519 2127 Filius
2552 2075 2607 2127 in
2645 2072 2843 2141 Patre;
2875 2091 2996 2146 quae
3024 2077 3081 2129 in
3114 2076 3274 2131 Patre
3305 2085 3548 2147 potestas

1967 2169 2073 2226 est,
2102 2176 2165 2217 ea
2197 2177 2227 2216 a
2259 2162 2401 2217 Filio
2435 2165 2631 2220 abesse
2686 2180 2798 2219 non
2852 2174 3055 2236 potest.
3102 2169 3273 2223 Abest
3302 2170 3394 2223 illa
3422 2170 3551 2239 qui-

1968 2250 2090 2306 dem
2135 2253 2204 2307 ab
2246 2255 2478 2324 angelis,
2524 2255 2618 2325 qui
2664 2255 2890 2325 quidem
2921 2258 3092 2311 creati
3120 2266 3268 2323 sunt,
3303 2266 3438 2314 utet
3464 2275 3553 2313 ar-

1967 2344 2218 2415 changeli
2251 2360 2314 2399 ac
2348 2349 2602 2402 virtutes.
2659 2346 2824 2403 Pater
2878 2356 3061 2404 autem
3107 2350 3388 2406 increatus
3442 2360 3548 2418 est,

1968 2436 2247 2493 increatus
2287 2436 2481 2501 Filius,
2522 2439 2801 2495 increatus
2838 2438 3078 2511 Spiritus
3112 2450 3360 2499 sanctus.
3398 2443 3547 2510 Qua-

1970 2537 2196 2597 pr0pter
2242 2529 2422 2599 angeli
2455 2529 2599 2585 diem
2629 2531 2781 2584 illam
2812 2541 2866 2586 et
2895 2531 3085 2586 horam
3116 2548 3294 2603 neque
3321 2535 3550 2589 scientia

1970 2633 2147 2688 neque
2179 2619 2397 2673 actione
2422 2632 2788 2689 cognoscunt.
2820 2621 3033 2692 Quippe
3061 2622 3407 2692 quandonam
3450 2622 3553 2678 Pa-

1972 2721 2055 2765 ter
2093 2722 2147 2765 et
2194 2709 2365 2766 Filius
2397 2726 2462 2766 ac
2495 2710 2738 2783 Spiritus
2768 2726 2995 2770 sanctus
3025 2715 3169 2770 diem
3206 2716 3356 2769 illam
3395 2716 3554 2769 indu-

1970 2818 2099 2858 cere
2131 2803 2323 2869 velint,
2359 2805 2615 2875 ignorant
2668 2805 2907 2874 penitus.
2956 2807 3027 2859 At
3079 2808 3316 2861 actionis
3361 2803 3552 2877 cogni-

1970 2895 2124 2951 tione
2173 2896 2348 2952 nihilo
2397 2897 2571 2967 magis
2618 2906 2865 2965 norunt;
2917 2913 3046 2951 nam
3104 2900 3346 2953 nondum
3402 2896 3553 2950 abire

1971 2982 2114 3056 jussi
2165 2996 2307 3052 sunt,
2373 2997 2420 3042 et
2450 2989 2560 3042 lolii
2594 2991 2764 3045 instar
2802 2988 2969 3043 malos
3006 2987 3174 3057 legere
3205 2998 3252 3039 et
3288 2990 3340 3039 in
3388 2992 3551 3059 fasci-

1975 3084 2121 3138 culos
2142 3081 2405 3151 colligare,
2452 3084 2514 3131 ut
2555 3077 2888 3131 mexstincto
2919 3080 3041 3148 igne
3071 3086 3488 3133 concrementur
3508 3079 3547 3133 ⁸.

280 3159 486 3231 ἔπραξε
506 3176 520 3189 ·
553 3158 833 3212 τουτέστιν
854 3175 867 3187 ⁸
907 3161 978 3213 El
998 3160 1085 3229 μὴ
1124 3164 1156 3214 ὀ
1177 3159 1382 3229 Πατὴρ
1409 3162 1620 3229 μόνος,
1648 3160 1788 3214 οὔτε
1818 3163 1870 3216 ol

1977 3169 2214 3225 Proinde
2262 3184 2442 3239 neque
2492 3168 2742 3224 fecerunt
2783 3169 2968 3224 adhuc
3016 3169 3326 3240 quidpiam,
3382 3184 3557 3238 neque

280 3252 541 3323 ἄγγελοι,
571 3252 713 3307 οὔτε
743 3255 776 3306 ὀ
817 3253 968 3319 Υἱός.
1019 3254 1322 3325 Νοήσωμεν
1361 3254 1460 3324 τὴν
1495 3252 1728 3323 δύναμιν
1770 3253 1871 3324 τῆς

281 3343 525 3416 Γραφῆς,
554 3344 642 3421 ἶνα
694 3344 768 3416 μὴ
815 3345 1039 3416 γένηται
1080 3347 1217 3416 ἡμῖν
1241 3345 1303 3399 τὺ
1329 3344 1566 3416 γράμμα
1603 3344 1866 3406 θάνατος’

288 3435 357 3490 Τὸ
395 3434 629 3505 γράμμα
652 3437 782 3506 γὰρ,
811 3438 1002 3509 φησὶν,
1034 3438 1398 3503 ἀποκτείνει,
1447 3439 1514 3491 τὸ
1540 3436 1609 3490 δὲ
1634 3438 1873 3506 πνεῦμα

282 3526 570 3589 ζωοποιεῖ.
611 3529 882 3601 Λάὅωμεν
908 3531 968 3584 τὸ
1015 3528 1253 3601 πνεῦμα,
1284 3530 1373 3583 ἵνα
1403 3529 1776 3600 ὠφεληθῶμεν
1802 3531 1866 3582 ὲκ

280 3616 375 3671 τοῦ
406 3619 751 3690 γράμματος.
784 3620 858 3672 Οὐ
880 3618 1116 3692 γράμμα
1147 3619 1481 3681 ἀποκτείνει,
1505 3621 1562 3673 tv
1587 3618 1665 3689 τῷ
1694 3617 1875 3688 γράμ-

286 3724 417 3779 ματι
455 3710 490 3779 ή
552 3710 695 3781 ζωήο
724 3710 1036 3763 ἀποκτείνει
1082 3710 1141 3763 δὲ
1174 3710 1266 3763 τὸν
1297 3709 1573 3773 ἀσυνέτως
1597 3709 1674 3779 τῷ
1697 3709 1875 3781 γράμ-

286 3816 416 3869 ματι
438 3801 895 3873 προσερχόμενον,
921 3801 1017 3855 καὶ
1036 3803 1110 3872 μὴ
1128 3800 1319 3873 ἔχοντα
1330 3801 1607 3873 τὺφράζον
1625 3801 1863 3871 πνεῦμα,

281 3892 343 3945 τὸ
369 3892 582 3960 ἀνοῖγον
608 3892 669 3944 τὺ
697 3892 953 3964 γράμμα,
988 3894 1084 3946 καὶ
1102 3890 1499 3948 ’ἀποκαλύπτων
1531 3893 1592 3947 τὸ
1616 3894 1673 3947 tv
1701 3891 1870 3963 αὐτῷ.

286 3985 475 4050 Οὕτως
502 3983 594 4039 οὖν
622 3988 651 4039 6
671 3986 862 4058 Πατὴρ
884 3989 912 4039 6
941 3985 1097 4055 ἅγιος
1125 3987 1217 4041 τὸν
1255 3987 1518 4058 μονογενῆ
1553 3986 1720 4041 αὐτοῦ
1744 3986 1874 4039 Υἰὸν

287 4079 513 4148 γνήσιον
561 4078 959 4147 γεγεννημένον
1013 4077 1074 4143 ἐξ
1102 4077 1289 4143 αὑτοῦ,
1321 4079 1416 4131 καὶ
1443 4077 1503 4130 τὺ
1524 4078 1677 4144 ἅγιον
1706 4076 1872 4129 αὑτοῦ

284 4168 511 4238 Πνεῦμα
534 4166 702 4219 ἔδωκε
725 4170 792 4239 τῇ
826 4169 961 4238 ἁγίᾳ
982 4169 1146 4222 αὑτοῦ
1175 4167 1498 4237 Ἐκκλησία,
1533 4168 1592 4219 tv
1619 4167 1716 4237 μιᾷ
1735 4164 1876 4233 γνώ-

286 4278 369 4316 σει
396 4259 674 4333 ὁμονοίας,
701 4260 760 4313 tv
801 4260 882 4313 ένὶ
918 4259 1199 4330 συνδέσμῳ
1230 4258 1568 4327 τελειότητος
1591 4273 1605 4288 ο
1634 4258 1781 4320 ὅπως
1816 4256 1875 4308 tv

285 4354 508 4425 ὀνόματι
542 4353 756 4425 [ἰατρὸς
784 4354 994 4406 τελείου
1019 4352 1114 4405 καὶ
1141 4350 1278 4405 Θεοῦ
1309 4350 1407 4422 τὴν
1426 4351 1699 4422 σφραγῖδα
1716 4366 1876 4421 κομι-

288 4443 529 4515 σὼμεθα,
561 4444 656 4498 καὶ
703 4445 761 4497 tv
806 4444 1030 4514 ὀνόματι
1061 4442 1192 4495 Υίοῦ
1218 4441 1422 4496 τελείου
1457 4442 1551 4495 καὶ
1578 4440 1736 4505 Θεοῦ,
1776 4441 1872 4495 καὶ

285 4536 343 4587 ὲν
371 4508 623 4606 *ὀνόματι
682 4508 999 4604 Πνεύματος
1036 4532 1181 4587 Θείου
1209 4535 1304 4587 acati.
1342 4533 1573 4597 τελείου,
1614 4532 1868 4603 λάϐωμεν
1902 4508 1947 4567 D

283 4627 383 4697 τὴν
413 4626 702 4696 σφραγῖδα.
751 4622 823 4678 Ὦ
869 4624 1040 4695 Τριάς
1081 4625 1215 4693 ἁγία
1258 4624 1658 4696 ἀριθμουμένη,
1705 4621 1875 4693 Τριάς

284 4720 342 4773 tv
380 4720 461 4773 ένλ⁸
490 4719 712 4791 ὀνόματι
753 4718 1160 4791 ἀριθμουμένηί
1208 4718 1282 4770 Οὐ
1317 4718 1428 4788 γὰρ
1468 4716 1686 4785 λέγεται
1718 4716 1866 4780 ὲνὰς,

286 4814 379 4866 καὶ
439 4811 589 4877 δυάς,
649 4812 772 4866 οὐδὲ
826 4812 993 4883 μονὰς
1032 4813 1125 4866 καὶ
1171 4810 1371 4882 μονάς⁸
1405 4808 1564 4875 ἁλλὰ,
1610 4807 1777 4879 μονάς
1810 4810 1870 4863 tv

285 4902 496 4974 Τριάδι,
519 4902 613 4957 καὶ
650 4904 694 4956 Τ
701 4902 820 4972 ριὰς
850 4902 909 4956 tv
939 4901 1149 4973 μονάδι,
1190 4899 1499 4971 μονοειδῶς,
1516 4896 1871 4971 μονωνύμως,

362 5082 521 5138 ³Αοι.
557 5096 600 5146 ι,
637 5082 688 5137 7.
764 5078 995 5136 'Matth.
1033 5094 1155 5145 xm,
1186 5079 1276 5135 50.
1354 5078 1440 5135 'll
1466 5080 1593 5137 Cor.
1626 5094 1711 5147 ιιι,
1747 5078 1801 5135 6.

289 5277 520 5330 naturae,
553 5268 650 5318 aut
682 5261 972 5333 humanae;
1023 5262 1119 5318 sed
1165 5261 1525 5332 οἰκονομικῶς
1558 5278 1615 5317 se
1638 5260 1877 5333 gessisse

290 5353 412 5390 cum
440 5351 500 5391 se
532 5335 747 5388 nescire
772 5331 931 5397 dixit,
956 5331 1395 5388 dissimulatione
1423 5331 1660 5401 quadam
1688 5341 1868 5399 utens,

292 5407 446 5474 quasi
499 5420 559 5460 se
592 5418 779 5457 revera
831 5402 1043 5474 nescire
1093 5402 1356 5472 lingeret;
1398 5404 1522 5474 sive
1555 5411 1616 5456 ut
1673 5401 1875 5474 atha-

294 5472 452 5534 trem.
524 5491 553 5527 a
584 5489 695 5542 quo
751 5473 933 5527 omnia
978 5482 1283 5540 acceperat,
1324 5472 1692 5543 cognitionem
1722 5472 1872 5543 illam

296 5545 693 5612 referretjuxta
723 5544 878 5604 illud,
909 5544 1161 5599 Doctrina
1176 5556 1289 5594 mea
1328 5559 1433 5596 non
1464 5553 1541 5596 est
1564 5558 1715 5605 mea;
1750 5542 1867 5597 sive

298 5621 356 5666 ut
386 5614 685 5683 discipulos
717 5615 784 5667 ab
818 5614 909 5666 illa
947 5613 1299 5683 inquisitione
1329 5614 1705 5683 absterreret;
1748 5612 1863 5666 sive

296 5683 441 5751 quod
486 5680 837 5751 nianifcstarc
870 5682 1127 5744 noluerit,
1169 5698 1291 5742 nec,
1325 5682 1475 5750 juxta
1508 5680 1564 5735 S.
1598 5683 1859 5749 Augusti-

300 5750 450 5817 num,
482 5750 658 5806 facere
691 5762 748 5806 ut
780 5770 877 5808 nos
924 5753 1224 5812 sciremus:
1256 5751 1369 5805 sive
1412 5752 1555 5820 quod
1601 5751 1742 5804 inter
1768 5752 1861 5805 de-

299 5822 540 5878 mandati
568 5822 671 5878 sibi
706 5839 734 5876 a
760 5822 920 5879 Patre
962 5822 1203 5878 muneris
1240 5821 1434 5890 oﬂicia,
1466 5821 1595 5878 illud
1626 5836 1732 5877 non
1775 5836 1855 5877 rc-

1971 3271 2302 3335 cognorunt.
2346 3263 2508 3319 Pater
2537 3266 2689 3319 novit
2725 3272 2779 3320 et
2812 3264 2985 3329 fecit;
3023 3262 3196 3319 Filius
3240 3264 3414 3328 novit,
3461 3262 3557 3317 sed

1971 3353 2217 3409 nonduin
2245 3354 2395 3408 fecit.
2429 3353 2607 3423 Atque
2634 3353 2738 3408 hoc
2763 3355 2926 3408 modo
2958 3354 3311 3424 accipiendos
3350 3361 3435 3407 est
3468 3352 3558 3405 ille

1970 3443 2127 3499 locus
2154 3461 2167 3497 :
2202 3442 2325 3496 Nisi
2352 3442 2516 3497 Pater
2536 3443 2703 3510 solus,
2738 3460 2899 3514 neque
2928 3444 3124 3514 angeli,
3167 3460 3326 3514 neque
3355 3442 3554 3498 Filius.

1970 3532 2153 3599 Quare
2200 3548 2487 3589 sacrarum
2534 3534 2846 3589 litterarum
2898 3535 3010 3587 vim
3058 3535 3449 3605 intelligamus,
3489 3551 3560 3590 ne

1974 3625 2138 3679 nobis
2199 3623 2257 3678 in
2320 3632 2551 3679 mortem
2625 3626 2806 3679 littera
2859 3625 2976 3695 ipsa
3028 3633 3320 3679 vertatur:
3354 3626 3559 3681 Littera

1969 3717 2130 3780 enim,
2180 3717 2257 3770 ait
2302 3716 2617 3785 Apostolus,
2649 3717 2860 3781 occidit,
2898 3717 3115 3785 spiritus
3161 3729 3335 3771 autem
3384 3719 3556 3785 viviﬁ-

1972 3810 2120 3862 σοι’.
2178 3807 2528 3878 Excipiamus
2581 3808 2858 3878 spiritum,
2911 3817 3062 3863 utex
3096 3808 3276 3863 littera
3322 3807 3558 3863 fructum

1979 3898 2218 3966 aliquem
2267 3910 2697 3965 consequamur.
2753 3894 3076 3963 Quanquam
3129 3910 3240 3948 non
3295 3894 3413 3965 ipsa
3465 3907 3561 3962 per

1973 4002 2097 4043 sese
2124 3986 2327 4065 occidit
2366 3986 2590 4053 littera;
2648 3985 2703 4038 in
2761 4000 2826 4039 ea
2871 3984 3075 4054 quippe
3118 3985 3226 4037 vita
3269 3983 3560 4047 consistit;

1974 4078 2071 4133 sed
2096 4092 2220 4131 eum
2246 4076 2512 4130 duntaxat
2540 4074 2764 4139 occidit,
2801 4072 2897 4142 qui
2928 4072 2998 4126 ad
3032 4072 3269 4125 litteram
3308 4070 3561 4139 imperite

1974 4177 2030 4223 et
2070 4182 2261 4237 parum
2306 4167 2582 4235 sapienter
2621 4163 2853 4227 accedit,
2907 4163 3000 4231 qui
3036 4162 3384 4230 eloquentem
3443 4160 3559 4227 spi-

1976 4258 2145 4311 ritum
2173 4269 2282 4309 non
2307 4255 2491 4319 habet,
2539 4268 2571 4307 a
2599 4267 2710 4323 quo
2739 4253 2917 4305 littera
2946 4250 3259 4305 declaratur
3320 4257 3374 4301 et
3401 4246 3562 4317 quid-

1976 4346 2109 4417 quid
2155 4346 2209 4399 in
2247 4359 2309 4400 ea
2346 4344 2478 4398 latet
2522 4343 2786 4414 aperitur.
2825 4340 2917 4397 Sic
2945 4342 3107 4411 igitur
3132 4347 3359 4396 sanctus
3398 4338 3560 4393 Pater

1978 4437 2203 4492 unicum
2240 4433 2437 4490 Filium
2473 4448 2633 4489 suum
2672 4448 2737 4487 ac
2774 4446 3096 4504 germanum
3129 4439 3183 4485 et
3214 4445 3244 4484 a
3278 4445 3337 4484 se
3363 4443 3561 4499 proge-

1973 4531 2182 4594 nitum,
2242 4542 2455 4583 necnon
2500 4534 2555 4582 et
2609 4524 2875 4596 Spiritum
2933 4529 3187 4578 sanctum
3242 4536 3403 4575 suum
3454 4518 3559 4573 Ec-

1972 4621 2156 4677 clesiae
2183 4626 2389 4673 sanctte
2424 4634 2559 4682 suae,
2590 4633 2716 4673 cum
2744 4631 2853 4671 una
2888 4615 3261 4685 concordique
3301 4612 3558 4679 scicntia,

1974 4729 2194 4784 unoque
2238 4712 2600 4785 perfectionis
2652 4710 2873 4766 vinculo
2935 4711 3163 4781 largitus
3215 4718 3343 4774 est;
3403 4718 3463 4762 ut
3502 4707 3558 4762 in

1975 4810 2199 4862 nomine
2250 4804 2478 4876 perfecti
2521 4802 2705 4859 Patris
2755 4818 2823 4857 ac
2870 4802 2966 4857 Dei
2997 4802 3144 4857 velut
3190 4801 3373 4871 sigillo
3414 4814 3557 4869 quo~

1974 4900 2101 4956 dam
2139 4899 2523 4969 obsignemur,
2576 4902 2743 4967 atque
2789 4896 2959 4953 etiam
2990 4896 3044 4952 in
3078 4894 3301 4948 nomine
3329 4890 3559 4964 perfecti

1982 5260 2242 5332 periatur_
2260 5260 2328 5315 de
2355 5256 2549 5328 judicii
2588 5255 2694 5332 ‘die
2727 5263 2780 5310 et
2808 5253 2952 5332 _h_ora
2979 5250 3303 5332 hominibus
3328 5248 3561 5332 manife-

1982 5317 2206 5398 standa;
2230 5317 2495 5383 habemus
2514 5324 3094 5398 enim_apud.loa_nn_em
3121 5338 3221 5398 sit.
3238 5321 3325 5384 49,
3343 5317 3555 5398 Patrem

1980 5389 2296 5455 mandatum
2359 5399 2576 5453 dedisse
2633 5389 2772 5450 Filio
2814 5394 2946 5465 quid
3001 5391 3310 5465 hominibus
3353 5389 3558 5442 diceret

1980 5472 2180 5540 quidve
2209 5471 2539 5539 loqueretur.
2568 5466 2707 5540 Vide
2730 5462 2909 5540 tamen
2940 5480 3007 5540 ne
3056 5462 3347 5540 dum_talus
3372 5470 3560 5540 seque-

1979 5532 2057 5596 ris
2075 5532 2386 5610 epininnes,
2420 5536 2913 5610 mendacii__vitiutn
2946 5535 2999 5587 in
3028 5532 3316 5610 sanctitate
3344 5537 3557 5610 sni'i'nna

1978 5593 2273 5680 contingas.
2316 5593 2386 5662 ln'
2422 5606 2953 5680 _Epiphanii__porr_o
3005 5598 3291 5680 _sententia
3343 5593 3552 5648 nullum

1968 5672 2190 5735 omnino
2222 5678 2459 5733 occurrit
2488 5672 3147 5748 illiusmodi‘periculum.‘
3220 5736 3232 5748 .
3373 5734 3406 5748 ﬂ
3523 5731 3534 5742 .

2042 5750 2154 5821 (Ἡ)
2198 5749 2516 5814 ’Λσὸέστῳ,
2546 5741 2883 5811 ὶηεπδιὶηειίο,
2925 5741 3029 5795 hoc
3071 5744 3177 5806 est,
3214 5741 3560 5807 ittcxslittgut-

1972 5818 2087 5875 bili.
