4012 6210
441 332 513 392 59
1903 338 1960 393 s.
2002 305 2347 396 EPlPllANll
3627 337 3695 394 co

442 450 561 509 FilTI
625 469 688 510 ac
749 455 878 522 Dei,
935 466 990 513 et
1047 456 1102 513 in
1158 458 1381 516 nomine
1429 460 1596 516 divini
1653 457 1892 530 Spiritus
1947 475 2014 514 ac

2121 455 2198 524 εἷς
2246 460 2378 525 Θεὸς
2420 458 2612 531 Πατὴρ
2662 460 2719 514 ἐν
2765 459 2902 532 Υιῷ,
2945 458 3074 524 Υἱὸς
3112 459 3172 514 ὲν
3223 457 3395 530 Πατρὶ
3425 457 3524 514 σὺν
3553 460 3696 530 ἁγίῳ

443 544 689 614 perfecti.
758 548 802 603 0
859 557 1211 605 sacrosancta
1272 551 1513 608 Trinitas
1566 567 1632 605 eo
1699 550 1864 605 modo
1907 567 2013 606 nuo

2121 556 2418 626 Πνεύματι.

442 641 689 694 meratal
762 639 806 697 Ο
859 641 1103 698 Trinitas
1150 661 1260 700 uno
1310 646 1532 700 nomine
1583 646 2011 714 comprehensa!
2071 647 2192 704 Non
2233 649 2380 704 enim
2440 650 2624 706 unitas
2671 658 2727 706 et
2780 651 3028 706 binarius
3077 649 3132 704 in
3175 663 3239 703 ea
3305 649 3524 713 dicitur,
3583 648 3695 720 28

440 749 618 804 neque
663 738 841 795 unitas
901 749 958 795 et
1014 742 1197 796 unitas
1253 759 1267 794 :
1325 740 1422 796 sed
1487 740 1667 796 unitas
1726 741 1782 796 in
1825 739 2118 808 Trinitate,
2169 751 2223 799 et
2267 742 2512 801 Trinitas
2566 744 2624 799 in
2713 745 2964 810 unitate,
3025 741 3292 814 singulari
3346 742 3564 810 forma,
3636 751 3695 799 et

441 825 804 892 appellatione
845 831 1129 901 singulari,
1183 846 1324 885 unus
1371 829 1512 886 Deus
1555 829 1718 885 Pater
1747 832 1804 886 in
1850 830 2010 899 Filio,
2051 833 2226 890 Filius
2261 835 2316 890 in
2347 833 2512 890 Patre
2539 850 2666 890 cum
2701 842 2897 890 sancto
2923 833 3152 905 Spiritu.

511 912 700 971 XKlll.
755 919 997 990 Agedum
1053 918 1236 988 profer
1311 919 1445 974 mihi
1506 921 1760 976 veritatis
1813 931 2006 987 testes,

2182 925 2312 978 Kl‘.
2343 926 2513 978 Κάλει
2551 926 2608 978 δέ
2641 942 2734 995 μοι
2769 926 3054 997 μάρτυρας
3096 925 3196 994 τῆς
3227 923 3506 994 ἀληθείας,
3537 925 3690 979 κάλει

443 1022 666 1076 pueros,
724 1009 968 1078 inquam,
1027 1009 1173 1071 illos,
1212 1010 1304 1079 qui
1346 1026 1377 1065 e
1407 1009 1738 1082 Babylonica
1794 1011 2018 1069 fornace

2121 1033 2207 1086 μοι
2239 1019 2363 1080 τοὺς
2385 1017 2581 1081 παῖδας
2621 1019 2750 1082 τοὺς
2790 1017 2898 1070 ἀπὸ
2923 1018 3023 1088 τῆς
3043 1017 3275 1087 καμίνου
3302 1017 3402 1087 τῆς
3435 1016 3690 1070 Βαϐυλω-

444 1099 659 1153 liberati
711 1109 862 1164 sunt,
912 1101 966 1153 in
1007 1101 1247 1155 medium
1292 1101 1573 1168 adducito,
1617 1103 1710 1173 qui
1751 1103 2015 1174 singulari

2121 1109 2233 1172 νίας
2264 1110 2555 1176 σωθέντας,
2572 1112 2699 1174 τοὺς
2729 1109 3162 1176 καταξιωθέντας
3182 1110 3240 1163 ὲν
3262 1109 3396 1179 πυρὶ
3427 1107 3694 1179 καταϐλη-

444 1189 538 1244 Dei
586 1191 847 1245 beneficio
898 1191 950 1244 in
993 1191 1174 1262 ignem
1227 1193 1500 1262 conjecti,
1552 1209 1662 1248 non
1705 1196 2013 1265 consumpti

2121 1199 2293 1270 θῆναι,
2329 1201 2404 1272 μὴ
2435 1201 2776 1272 ἀναλωθῆναι
2803 1201 2882 1268 δὲ,
2933 1201 2994 1253 οὑ
3030 1201 3220 1254 σϐέσαι
3251 1201 3310 1253 τὸ
3335 1200 3466 1272 πῦρ,
3501 1201 3588 1252 ἵνα
3615 1201 3690 1271 μὴ

442 1289 592 1333 sunt.
630 1280 817 1349 Neque
850 1297 980 1336 vero
1011 1284 1153 1350 ignis
1181 1283 1270 1338 ille
1305 1284 1605 1340 restinctus
1638 1293 1743 1350 est,
1775 1301 1842 1340 ne
1871 1301 2012 1340 novo

2121 1291 2472 1362 ὐποληφθῶσι
2500 1293 2664 1346 καινὰ
2692 1293 2826 1364 ἔργα
2860 1292 3450 1363 ἀντιμηχανησάμενοι,
3485 1291 3600 1345 ἀλλ’
3631 1295 3690 1345 ὲν

440 1374 675 1444 quodam
704 1376 940 1431 artificio
969 1375 1198 1431 flammae
1231 1378 1497 1434 restitisse
1530 1378 1877 1442 viderentur,
1917 1378 2012 1434 sed

2121 1383 2252 1452 πυρὶ
2310 1382 2406 1452 μὲν
2449 1378 2610 1446 εἶναι,
2651 1384 2710 1436 ὲν
2753 1384 2887 1453 πυρὶ
2916 1383 2972 1438 δὲ
3008 1383 3082 1455 μὴ
3116 1381 3458 1452 ἀναλωθῆναι
3487 1383 3574 1436 διὰ
3593 1381 3691 1452 τὴν

442 1465 516 1518 ita
569 1475 628 1519 ut
681 1466 736 1519 in
792 1467 916 1536 igne
971 1480 1347 1533 versarentur,
1411 1469 1481 1524 ab
1528 1483 1594 1524 eo
1645 1477 1826 1523 tamen
1870 1468 2012 1522 haud

441 1555 865 1613 absumerentur
897 1577 911 1613 :
954 1560 1117 1630 idque
1150 1560 1220 1614 ob
1256 1562 1526 1615 sinceram
1564 1560 1779 1614 illorum
1813 1559 2010 1613 fidem:

2119 1473 2283 1544 ὀρθὴν
2341 1475 2524 1528 πίστιν
2553 1474 2752 1541 αὐτῶν,
2791 1475 2884 1528 τοῦ
2915 1475 3050 1528 Θεοῦ
3076 1475 3141 1528 δι’
3169 1473 3347 1530 αὐτῶν
3376 1476 3522 1544 ἡμᾶς
3546 1474 3692 1528 διδά-

2123 1581 2363 1628 σκοντος,
2387 1566 2509 1619 τίνα
2532 1565 2629 1636 μέν
2646 1568 2762 1618 ἐστι
2791 1566 2859 1619 τὰ
2887 1565 3100 1629 κτιστὰ,
3127 1566 3245 1618 τίνα
3266 1566 3323 1619 δὲ
3351 1565 3421 1619 τὰ
3441 1566 3690 1632 ἄκτιστα,

441 1663 542 1716 per
572 1664 713 1718 quos
739 1649 937 1706 docere
981 1667 1083 1707 nos
1122 1651 1488 1718 voluit‘Deus,
1523 1667 1772 1722 quaenam
1806 1659 2013 1714 creata,

2121 1657 2238 1712 τίνα
2283 1658 2403 1710 ἐστὶ
2435 1657 2505 1712 τὰ
2541 1659 2767 1730 ποιητὰ,
2811 1659 2933 1713 τίνα
2958 1660 3026 1712 τὰ
3056 1658 3131 1730 μὴ
3155 1660 3443 1730 γενόμενα,
3477 1659 3597 1713 τίνα
3623 1660 3695 1713 τὰ

440 1756 691 1810 qlia-nam
722 1743 962 1797 iucreata
987 1744 1186 1812 forent,
1232 1759 1355 1814 qum
1377 1743 1538 1810 facta,
1589 1761 1710 1813 qua:
1737 1761 2016 1816 nunquam

443 1833 605 1899 facta,
663 1850 785 1904 quas
832 1836 1182 1905 sempiterna,
1243 1852 1367 1905 quae
1415 1851 1445 1889 a
1495 1837 1846 1905 sempiternis
1897 1837 2020 1892 istis

441 1928 727 1996 producta.
760 1929 840 1984 Illi
871 1930 1035 2000 igitur
1066 1929 1132 1983 ab
1158 1930 1281 1998 igne
1311 1930 1511 1985 servati
1539 1930 1694 1999 pueri
1717 1940 1930 2001 gratum
1963 1931 2019 1985 in

440 2018 612 2074 Deum
648 2036 678 2075 a
711 2037 818 2091 quo
846 2023 1043 2076 servati
1099 2021 1338 2086 fuerant,
1385 2029 1440 2076 et
1488 2021 1542 2075 in
1577 2037 1737 2090 quem
1769 2022 1836 2078 ab
1860 2021 2019 2077 initio

437 2122 818 2180 speraverant,
860 2113 1103 2167 animum
1133 2127 1198 2166 ac
1244 2128 1468 2168 sensum
1517 2113 1799 2170 testificari
1829 2114 2018 2169 volueo

440 2211 592 2266 runt,
627 2220 727 2258 nec
757 2204 1098 2268 hacsitarunt,
1153 2219 1331 2274 neque
1380 2203 1648 2260 cervicem
1701 2203 2014 2268 simulacro,

440 2294 526 2348 vel
557 2295 703 2364 regis
745 2293 986 2350 audacia:
1025 2310 1088 2349 ac
1129 2296 1406 2366 tyrannidi,
1453 2295 1743 2351 flexerunt.
1783 2295 1860 2351 Ac
1889 2310 2015 2351 cum

442 2384 619 2440 laudis
664 2386 869 2456 aliquid
926 2387 1036 2442 Deo
1084 2387 1324 2442 tribuere
1391 2395 1520 2442 sunt
1565 2387 1832 2458 aggressi,
1899 2403 2020 2457 pro-

443 2475 611 2531 funda
663 2492 892 2548 quaeque
941 2478 1118 2532 sancti
1174 2479 1414 2547 Spiritus
1461 2477 1645 2534 alllatu
1690 2479 1748 2533 in
1783 2479 1892 2534 imo
1923 2494 2018 2549 pec

438 2575 595 2623 ctore
626 2569 856 2623 scrutati
905 2577 1034 2626 sunt
1117 2570 1375 2625 homines
1435 2569 1594 2640 longe
1647 2570 2014 2626 sanctissimi:

439 2660 534 2730 qui
560 2663 820 2730 praeclare
849 2661 982 2715 illud
1013 2661 1202 2717 animo
1235 2677 1336 2717 suo
1363 2662 1696 2733 eogitarant,
1728 2662 1928 2717 caelum
1953 2675 2019 2716 ac

439 2769 784 2824 qutccunque
817 2755 958 2810 cwlo
1007 2755 1382 2819 continentur,
1429 2762 1482 2809 et
1533 2762 1756 2820 terram,
1809 2753 2020 2808 omnia-

444 2862 552 2914 que
582 2863 703 2915 qua:
730 2846 873 2901 infra
905 2855 1107 2901 terram
1147 2853 1300 2910 sunt,
1345 2861 1409 2900 ac
1431 2859 1770 2916 quaecunque
1797 2844 2016 2900 demum
2045 2881 2090 2941 ϐ

443 2939 658 3008 uspiam
707 2945 855 3000 sunt,
909 2935 1072 3008 digna
1120 2953 1231 2994 non
1274 2953 1420 3003 esse,
1464 2952 1586 3008 quae
1635 2935 1745 2992 Deo
1774 2937 2016 2993 muneris

442 3031 616 3085 instar
643 3029 966 3085 offerantur.
1012 3027 1131 3084 Non
1168 3029 1314 3084 enim
1353 3043 1420 3085 ea
1467 3043 1590 3099 quae
1623 3027 1820 3099 seipsis
1845 3028 2018 3083 subli-

442 3123 618 3178 miora
661 3130 808 3187 sunt,
843 3121 1040 3178 oll'erre
1079 3129 1355 3192 poterant,
1386 3135 1510 3175 cum
1543 3127 1598 3176 et
1631 3135 1731 3190 pro
1751 3119 2018 3190 dignitate

440 3222 498 3270 et
545 3230 643 3284 pro
686 3213 948 3268 facultate
981 3228 1081 3268 sua
1115 3213 1292 3270 solum
1324 3211 1578 3268 laudibus
1621 3210 1787 3266 Deum
1829 3210 2020 3280 prazdi-

441 3320 572 3360 care
619 3320 684 3359 ac
733 3306 1014 3361 celebrare
1054 3305 1276 3360 vellent.
1328 3302 1442 3358 Hoc
1480 3303 1627 3358 enim
1659 3310 1744 3356 est
1772 3300 1919 3371 quod
1961 3301 2018 3357 in

441 3397 660 3453 Psalmo
678 3397 880 3474 dicitur
909 3416 924 3452 :
956 3397 1271 3466 Sacriﬁcatc
1299 3395 1619 3464 sacri/icium
1646 3395 1822 3450 laudis
1852 3397 1892 3460 ‘;
1928 3403 2014 3449 et:

440 3487 783 3558 Sacriﬁcium
833 3488 1007 3543 laudis
1055 3487 1424 3556 honoriﬁcabit
1481 3503 1561 3541 me
1594 3487 1635 3539 ³.
1730 3485 1872 3556 Ergo
1939 3487 2017 3539 illi

443 3577 612 3634 Vetus
674 3580 1083 3636 Testamentum
1127 3581 1183 3635 in
1223 3579 1430 3634 Novum
1477 3587 1900 3643 commutantes,
1963 3587 2019 3635 et

443 3671 624 3725 afllatu
659 3673 837 3728 sancti
899 3670 1137 3742 Spiritus
1192 3671 1458 3736 instincti,
1511 3671 1647 3726 nihil
1703 3671 2016 3728 animalium

442 3759 710 3814 sacrificia
751 3761 835 3814 vel
889 3759 1210 3814 holocausta
1247 3758 1628 3828 requirebant;
1658 3759 1733 3814 ita
1760 3761 1905 3816 enim
1947 3760 2020 3815 lo-

431 3856 686 3918 quuntur
715 3869 728 3905 :
772 3849 898 3905 Non
928 3860 1004 3905 est
1034 3850 1178 3905 locus
1226 3849 1592 3918 sacriﬁcandi,
1636 3867 1797 3921 neque
1821 3851 2017 3916 hostia,

442 3957 604 4008 neque
649 3941 1076 4010 altare‘:quod
1121 3941 1374 3995 universa
1413 3941 1786 4028 reliquissent.
1836 3942 2019 4008 Quare

432 4048 568 4087 cum
611 4033 884 4104 ejusmodi
931 4035 1148 4089 laudem
1185 4034 1381 4090 offerre
1407 4035 1628 4098 vellent,
1663 4035 1812 4088 nullo
1838 4035 1904 4088 ad
1935 4044 2019 4089 te-

442 4125 706 4180 nuitatern
765 4140 922 4180 suam
980 4135 1232 4196 respectu
1287 4125 1510 4191 habito,
1569 4139 1783 4181 summa
1837 4132 2021 4179 tamen

2119 1750 2204 1802 ἀεὶ
2259 1750 2409 1812 δντα,
2441 1750 2561 1826 τίνα
2590 1751 2648 1804 δὲ
2677 1751 2747 1803 τὰ
2791 1751 2852 1816 ἐξ
2889 1750 3067 1804 αὐτῶν
3122 1751 3254 1804 ὄντα
3297 1753 3582 1822 γενόμενα.
3627 1752 3692 1805 Οί

2119 1841 2349 1894 τοιοῦτοι
2397 1841 2660 1906 σωθέντες
2692 1843 2878 1905 παῖδες
2908 1842 3178 1914 ἠθέλησαν
3211 1842 3527 1913 εὐχάριστον
3560 1845 3695 1898 ἁπο-

2119 1932 2284 1998 δεῖξαι
2312 1933 2537 2005 γνώμην
2573 1935 2654 1998 είς
2682 1934 2771 1988 τὸν
2806 1933 2938 1987 Θεὸν
2975 1932 3224 1987 σώσαντα
3253 1935 3478 1998 αὐτοὺς,
3519 1935 3599 1998 είς
3637 1935 3698 1989 ὃν

2119 2022 2375 2094 ἀπαρχῆς
2425 2023 2685 2093 ἢλπισαν,
2728 2023 2825 2077 καὶ
2859 2023 2962 2078 οὐκ
2987 2023 3294 2086 ἐδίστασαν,
3342 2026 3445 2078 οὐκ
3483 2024 3698 2080 έκλιναν

2118 2113 2322 2183 αὐχένα
2361 2113 2550 2180 εἰκόνι,
2613 2115 2708 2167 καὶ
2742 2113 2932 2184 θράσει
2971 2114 3234 2185 βασιλέως
3265 2117 3361 2170 καὶ
3401 2117 3696 2188 τυραννίδι.

2118 2204 2229 2256 Kal
2258 2205 2346 2256 ὅτε
2371 2203 2643 2273 ἠθέλησαν
2668 2223 2722 2258 τι
2753 2207 3045 2277 ἀπονεῖμαι
3068 2206 3206 2277 Θεῷ,
3238 2208 3700 2280 ἅνερευνήσαντες

2118 2294 2188 2348 τὰ
2225 2295 2366 2366 βάθη
2409 2295 2490 2366 τῷ
2537 2297 2677 2367 ἁγίῳ
2720 2296 2997 2368 Πνεύματι
3048 2299 3107 2351 ὲν
3151 2301 3218 2371 τῇ
3271 2300 3498 2372 καρδίᾳ,
3552 2302 3698 2368 ἅγιοι

2117 2385 2292 2452 ὄντες,
2322 2385 2695 2458 διανοηθέντες
2716 2403 2776 2440 τε
2819 2385 2910 2441 τὸν
2949 2387 3180 2458 οὐρανὸν
3213 2389 3307 2442 καὶ
3338 2392 3517 2445 πάντα
3545 2390 3614 2444 τὰ
3643 2391 3700 2444 ὲν

2119 2476 2290 2548 αὐτῷ,
2318 2477 2492 2549 τήντε
2519 2479 2624 2549 γῆν
2659 2479 2754 2533 καὶ
2777 2481 2954 2534 πάντα
2973 2479 3042 2534 τὰ
3072 2481 3165 2534 ὑπ’
3186 2481 3376 2553 αὐτὴν,
3403 2481 3497 2536 καὶ
3523 2484 3702 2537 πάντα

2119 2571 2220 2625 ὅσα
2253 2572 2388 2638 ἐστὶ,
2418 2572 2491 2643 μὴ
2515 2572 2640 2636 ἄξια
2672 2567 2810 2629 εῖναι
2845 2573 2923 2637 εις
2957 2575 3276 2646 προσφορὰν
3302 2574 3422 2646 Θεῷ
3444 2592 3704 2646 προσενε-

2119 2662 2313 2734 χθῆναι
2347 2662 2491 2732 (οὔτε
2513 2663 2621 2735 γὰρ
2643 2660 2788 2734 εἰχον
2819 2662 3069 2729 ἐξουσίαν
3086 2666 3157 2719 τὰ
3181 2666 3320 2737 ὑπὲρ
3342 2668 3566 2730 ἑαυτοὺς
3581 2666 3702 2738 Θεῷ

2119 2753 2468 2824 προσφέρειν)
2514 2755 2609 2808 καὶ
2655 2754 2799 2809 κατὰ
2831 2755 2930 2826 τὴν
2971 2757 3129 2823 ἀξίαν
3165 2757 3264 2828 μὲν
3297 2757 3392 2810 καλ⁵
3430 2758 3569 2812 κατὰ
3602 2759 3701 2829 τὴν

2121 2844 2369 2908 ἐξουσίαν
2419 2845 2669 2910 θέλοντες
2731 2847 2892 2917 μόνον
2949 2847 3140 2918 ὕμνοις
3176 2849 3364 2920 ὑμνεῖν
3409 2850 3502 2903 τὸν
3546 2851 3700 2904 Θεόν.

2123 2935 2294 2988 Τοῦτο
2321 2936 2429 3008 γάρ
2483 2938 2601 2990 ἐστι
2642 2939 2702 2990 τὸ
2760 2938 3174 3009 γεγραμμένονο
3215 2940 3446 2994 Θύσατε
3480 2941 3705 2995 θυσίαν

2121 3031 2433 3098 αἰνέσεωςο
2478 3033 2592 3095 καὶ,
2627 3034 2820 3087 Θυσία
2856 3033 3144 3099 αἰνέσεως
3171 3033 3416 3097 δοξάσει
3441 3051 3537 3102 με.
3561 3034 3702 3105 Ἤδη

2123 3121 2232 3192 γὰρ
2262 3122 2655 3192 μεταϐαλόντες
2687 3125 2786 3195 τὴν
2806 3123 3046 3178 Παλαιὰν
3086 3125 3167 3186 εἰς
3185 3124 3395 3194 Καινὴν
3417 3122 3699 3192 Διαθήκην

2123 3211 2404 3282 Πνεύματι
2427 3212 2566 3282 ἁγίῳ
2587 3213 3030 3282 ὑπονυττόμενοι,
3059 3215 3120 3265 οὑ
3151 3211 3306 3275 ζώων
3337 3211 3548 3276 θυσίαν,
3577 3212 3703 3266 οὐδὲ

2122 3304 2588 3374 ὁλοκαυτωμάτων
2641 3306 2826 3374 χρείαν
2873 3303 3120 3373 ἔχοντες⁹
3180 3305 3312 3372 φασὶ
3381 3303 3490 3375 γάρ
3512 3320 3525 3333 ’
3575 3306 3706 3357 Ὀὐκ

2123 3397 2253 3450 ἐστι
2285 3397 2468 3463 τόπος
2487 3395 2594 3450 τοῦ
2622 3394 2956 3463 καρπώσαι,
2991 3393 3132 3449 οὐδὲ
3167 3395 3370 3459 θυσία,
3415 3394 3557 3449 οὐδὲ
3601 3398 3704 3449 ου-

2123 3487 2498 3556 σιαστήριον,
2529 3487 2604 3551 ὡς
2624 3487 2731 3540 τῶν
2748 3487 2964 3540 πάντων
2997 3485 3455 3558 περιλειφθέντων
3489 3488 3510 3518 ⁸
3537 3504 3550 3517 ·
3582 3487 3705 3557 βου-

2124 3579 2339 3648 λόμενοι
2394 3578 2452 3630 δὲ
2501 3578 2600 3648 τὴν
2641 3576 2896 3648 τοιαύτην
2943 3577 3148 3631 αἴνεσιν
3194 3578 3557 3652 προσφέρειν,
3608 3579 3705 3632 καὶ

2125 3672 2384 3733 ἐάσαντες
2425 3670 2524 3740 τὴν
2564 3669 2771 3723 ἑαυτῶν
2822 3669 3194 3741 σμικρότητα,
3262 3671 3706 3742 ταπεινοφρόνως

2125 3762 2400 3832 φέρονται.
2430 3761 2556 3828 Πᾶς
2587 3761 2696 3831 γὰρ
2736 3765 2768 3815 ό
2797 3761 2973 3830 ὑψῶν
3000 3763 3219 3816 ἑαυτὸν
3263 3763 3702 3828 ταπεινωθήσε-

2125 3869 2218 3905 ται
2243 3869 2258 3883 ·
2305 3856 2340 3906 ὁ
2386 3851 2454 3905 δὲ
2502 3851 2800 3908 ταπεινῶν
2844 3851 3061 3906 ἑαυτὸν
3108 3852 3510 3920 ὑψωθήσεται.
3549 3852 3706 3906 Μετὰ

2125 3942 2218 3996 τοῦ
2270 3942 2608 4014 χαρίσματος
2651 3943 2751 4014 τῆς
2788 3942 2956 3997 αὐτοῦ
3013 3943 3308 4014 σωτηρίας,
3363 3942 3706 4013 λαμϐάνουσι

2126 4035 2220 4088 καὶ
2273 4033 2477 4104 ταύτην
2523 4034 2621 4105 τὴν
2675 4034 2884 4106 δωρεὰν
2915 4035 3013 4106 τῆς
3053 4033 3570 4106 ταπεινοφροσύνης,
3611 4035 3706 4088 καὶ

2127 4122 2406 4194 βούλονται
2446 4124 2537 4177 τὸν
2592 4121 2740 4178 αἶνον
2777 4123 2897 4195 Θεῷ
2943 4123 3294 4196 προσφέρειν,
3321 4123 3416 4176 καὶ
3445 4123 3519 4194 μὴ
3538 4126 3707 4177 ἐκκα-

433 4232 572 4271 cum
618 4219 703 4273 sui
755 4218 1092 4274 demissione
1138 4218 1358 4274 divinas
1401 4220 1458 4272 in
1502 4217 1692 4274 laudes
1723 4217 2018 4272 feruntur:

2126 4218 2262 4282 κεῖν,
2292 4216 2388 4269 καὶ
2437 4217 2665 4279 ἑαυτοὺς
2697 4215 2810 4287 (25)
2841 4216 3246 4287 δοκιμάσαντας
3295 4215 3432 4286 πρὸς
3479 4218 3578 4285 τὴν
3608 4215 3703 4270 τοῦ

446 4308 632 4362 Omnis
658 4310 796 4361 enim
845 4310 935 4376 qui
971 4326 1026 4362 se
1065 4310 1291 4374 exultat,
1336 4311 1744 4374 humiliabitur;
1782 4318 1833 4363 et
1857 4309 2020 4378 quise

2124 4308 2261 4361 θεοῦ
2315 4309 2553 4378 ἄρρητον
2606 4307 2938 4376 δοξολογίαν,
2973 4306 3185 4371 ἀξιοῦσι
3250 4307 3706 4378 συμπαραλαϐεῖν

443 4397 713 4461 humiliat,
770 4399 1099 4452 exaltabitur
1120 4400 1162 4454 δ.
1219 4399 1334 4455 Hoc
1383 4401 1561 4470 ipsum
1607 4401 1932 4456 humilitatis
1957 4414 2020 4453 ac

2129 4397 2246 4468 μεθ’
2275 4399 2484 4450 ἑαυτῶν
2511 4398 2607 4467 τὴν
2658 4397 2834 4451 κτίσιν
2855 4399 2933 4460 εἰς
2971 4395 3300 4466 δοξολογίαν,
3327 4398 3421 4452 καὶ
3447 4397 3705 4469 ἄρχονται

446 4490 726 4544 modesti:e
762 4491 966 4544 donum
1003 4506 1127 4547 cum
1161 4493 1356 4548 salutis
1386 4509 1500 4548 suae
1534 4493 1802 4549 beneficio
1833 4506 2020 4547 conse-

2124 4489 2324 4556 λέγειν,
2349 4488 2823 4560 συμπεριληφότες
2857 4491 3036 4542 πᾶσαν
3065 4489 3164 4558 τὴν
3193 4490 3428 4560 ποίησιν.

443 4584 578 4645 cuti,
617 4581 783 4637 Deum
827 4582 1081 4638 laudibus
1114 4585 1395 4655 prosequi,
1445 4601 1622 4654 neque
1663 4584 1909 4652 ingratos
1979 4595 2042 4635 se
2117 4580 2362 4650 praebere
2421 4577 2695 4633 student:
2731 4593 2969 4648 cumque
3028 4594 3086 4633 se
3133 4578 3201 4632 ad
3263 4577 3703 4648 inexplicabilem

444 4679 591 4732 illam
628 4677 720 4732 Dei
765 4678 992 4749 gloriam
1038 4681 1420 4736 celebrandam
1444 4685 1876 4749 comparassent,
1917 4675 1986 4730 ad
2028 4675 2433 4745 pmdicationis
2461 4675 2610 4730 illius
2639 4673 3082 4728 communionem
3127 4682 3436 4727 creaturam
3483 4686 3701 4726 omnem

436 4774 736 4834 advocant.
762 4781 816 4827 et
848 4773 1122 4842 adjunctis
1167 4775 1271 4830 sibi
1321 4776 1555 4845 epiliciis
1603 4773 1860 4827 omnibus
1893 4787 2090 4828 canere
2121 4773 2438 4827 instituunt.

517 4869 628 4938 29
648 4867 836 4922 XXIV.
862 4869 1033 4924 Porro
1061 4885 1226 4940 opera
1257 4871 1324 4926 ab
1357 4871 1570 4940 opifice,
1595 4877 1650 4923 et
1679 4877 1960 4923 creaturas
1989 4883 2020 4922 a

2191 4870 2316 4923 KA'.
2338 4866 2612 4929 Διελόντες
2634 4865 2691 4918 δὲ
2716 4864 2785 4918 τὰ
2806 4865 3085 4935 ποιήματα
3109 4862 3217 4914 ἀπὸ
3234 4861 3327 4915 τοῦ
3355 4863 3702 4932 ποιήσαντος,

436 4969 695 5016 creatore
727 4962 1108 5018 discernentes
1145 4963 1290 5016 hunc
1321 4962 1375 5015 in
1407 4961 1629 5016 modum
1654 4961 1822 5016 locuti
1857 4969 2011 5017 sunt:

2121 4963 2214 5014 καὶ
2246 4959 2316 5013 τὰ
2343 4959 2534 5013 κτιστὰ
2561 4958 2671 5012 ἀπὸ
2695 4959 2790 5010 τοῦ
2820 4958 3122 5020 κτίσαντος,
3158 4954 3290 5022 φασί
3312 4970 3324 4981 ·
3355 4951 3698 5023 Εὺλογεῖτε,

443 5052 766 5117 Benedicite,
799 5053 977 5107 omnia
1010 5070 1168 5123 opera
1196 5052 1430 5114 Domini,
1477 5052 1700 5106 Domino
1730 5052 1772 5106 ⁸.
1823 5051 2020 5107 Omnia

2121 5052 2319 5107 πάντα
2362 5052 2434 5105 τὰ
2500 5051 2645 5120 ἔργα
2723 5049 2980 5116 Κυρίου,
3029 5046 3137 5099 τὸν
3197 5047 3435 5113 Κύριον.
3493 5044 3697 5099 Πάντα

440 5146 728 5208 dixerunt,
793 5162 972 5215 neque
1018 5145 1318 5216 quidquam
1371 5145 1736 5214 reliquerunt.
1797 5143 1903 5198 Sed
1964 5153 2020 5198 ut

2121 5142 2294 5212 εἷπον,
2322 5146 2474 5200 οὐδὲν
2506 5145 2815 5199 κατέλιπον,
2843 5143 2959 5194 Ἵνα
2998 5139 3054 5192 δὲ
3097 5140 3158 5192 τὸ
3204 5140 3429 5210 Πνεῦμα
3454 5140 3513 5192 τὸ
3548 5140 3703 5207 ἅγιον

443 5236 688 5310 Spiritus
715 5247 942 5296 sanctus
980 5238 1238 5310 perfectae
1281 5239 1522 5296 scientiae
1551 5237 1874 5294 informaret
1903 5253 2020 5309 spe-

2121 5235 2502 5308 χαρακτηρίσῃ
2529 5235 2628 5303 τὴν
2649 5232 2860 5285 τελείαν
2884 5229 3106 5299 γνῶσιν,
3135 5232 3216 5294 εἰς
3243 5229 3303 5282 τὸ
3327 5229 3521 5282 εἰδέναι
3551 5231 3703 5282 ποῖον

2241 5397 2263 5426 ι
2299 5395 2428 5448 Luc.
2481 5407 2637 5454 XVIII,
2672 5390 2757 5444 14.
2868 5389 2890 5420 ³
2925 5388 3059 5443 Dan.
3088 5403 3168 5452 ιιι,
3199 5387 3287 5441 57.
3366 5387 3386 5416 ⁶
3415 5383 3539 5439 For.
3568 5385 3702 5457 πυρὶ

524 5399 540 5430 ¹
570 5397 714 5453 Psal.
767 5412 876 5464 ενι,
905 5396 996 5454 ‘22.

446 5469 782 5542 ληφθέντων.

1103 5395 1288 5454 'Psal.
1325 5414 1473 5464 λιιι,
1504 5397 1596 5452 ‘23.
1711 5398 1732 5430 ³
1773 5396 1904 5452 Dan.
1937 5411 2019 5464 ιιι,
2051 5396 2142 5450 ⁸58.

521 5624 634 5692 (23)
667 5625 772 5678 Καὶ
819 5625 1092 5691 ἑαυτούς,
1126 5633 1232 5681 etc.
1292 5623 1459 5679 [tecte
1500 5621 1828 5677 Thomasius
1850 5618 2030 5692 _hu_jus
2136 5619 2220 5692 ria
2249 5625 2295 5668 ct
2328 5613 2605 5690 majestate
2629 5621 3046 5678 Comparassent,
3085 5608 3150 5664 ad
3197 5607 3598 5677 praedicationis
3631 5605 3695 5660 il-

449 5688 558 5752 loci
605 5695 853 5750 Latinam
885 5688 1090 5751 Petavii
1127 5694 1640 5765 interpretationem
1667 5689 1978 5765 emendavit
2013 5706 2025 5739 :
2136 5688 2243 5741 lius
2282 5688 2744 5748 conununioucm,
2775 5691 2878 5736 etc.

448 5767 542 5822 illa
567 5767 709 5821 enim
742 5767 837 5833 ait,
872 5783 1088 5838 rumque
1119 5783 1236 5820 cum
1274 5757 1642 5832 inexplicabili
1679 5761 1773 5814 illa
1805 5758 1898 5811 1)τί
1916 5757 2027 5827 glo-
