4012 6210
247 418 312 475 δι
1661 417 2103 477 ANCORATUS.
3437 419 3510 475 6'2

250 532 311 586 τὸ
341 532 498 586 Θεῖον
517 570 533 597 ,
569 533 695 585 ποῖα
723 531 779 584 δὲ
805 530 872 585 τά
900 531 1007 584 ὑπὸ
1041 530 1137 588 τοῦ
1166 530 1301 586 Θεοῦ
1330 533 1615 604 γενόμενα,
1647 533 1733 586 ἵνα
1759 534 1832 604 μὴ

1944 538 2102 599 ciem,
2144 540 2202 589 ut
2233 535 2357 604 quis
2403 535 2546 590 Deus
2573 537 2742 598 esset,
2777 545 2964 604 quaeve
2990 546 3020 587 a
3051 531 3163 590 Dco
3192 533 3357 600 facta,
3391 549 3514 605 pcr-

254 623 614 695 συμμίξωμεν
640 622 714 693 τῷ
737 623 894 694 ἀϊδίῳ
923 624 991 677 τὰ
1024 624 1084 690 ἐξ
1114 625 1214 678 οὐκ
1238 624 1406 678 ὄντων
1435 625 1720 696 γενόμενα,
1743 627 1832 680 ἵνα

253 711 328 784 μὴ
377 712 735 782 ἀπολέσωμεν
780 713 989 765 ἑαυτῶν
1031 714 1130 783 τὴν
1171 713 1447 776 διάνοιαν,
1495 713 1714 785 ἀριθμῷ
1764 713 1834 768 τὰ

250 804 428 858 πάντα
448 804 774 874 συνήγαγον.
793 803 1171 858 Ἀπεκάλυπτε
1190 805 1298 876 γὰρ
1321 806 1504 868 αὐτοῖς
1522 806 1584 857 τὸ
1608 805 1832 876 Πνεῦμα

247 895 308 948 τὸ
342 895 516 964 ἆγιον,
537 897 618 959 ὡς
645 895 1064 964 καταξιωθείσιν
1091 897 1206 967 ἅμα
1235 897 1490 966 ἀγγέλοις
1519 894 1680 962 εἶναι,
1709 915 1833 950 συν-

250 986 473 1050 διαίτοις
500 987 812 1056 γενομένοις
845 987 1094 1055 ἀγγέλων
1115 986 1185 1040 τὰ
1211 987 1268 1040 ἐν
1291 988 1538 1059 οὐρανοῖς
1558 989 1652 1041 καὶ
1677 988 1746 1041 τὰ
1774 990 1830 1043 ἐν

248 1081 314 1149 τῇ
345 1081 414 1148 γῇ
438 1118 452 1142 ,
502 1080 597 1132 καί
635 1078 702 1132 τὰ
743 1079 1000 1132 ὑποκάτω
1043 1078 1141 1152 τῆς
1176 1078 1312 1148 γῆς·
1369 1080 1462 1132 καὶ
1503 1078 1690 1133 λοιπὸν
1731 1079 1832 1132 οὒκ

245 1168 495 1238 ἠγνόουν.
537 1168 646 1220 Καί
689 1184 855 1235 φασιν
878 1167 928 1220 oi
956 1166 1112 1220 αὐτοὶ
1150 1166 1294 1236 ἆγιοι
1331 1169 1553 1229 παῖδες,
1594 1168 1669 1230 ὡς
1695 1185 1832 1238 προ-

247 1263 401 1312 εῖπον
419 1274 432 1286 ·
465 1259 806 1328 Εὐλογεῐτε,
826 1259 1025 1314 πάντα
1047 1258 1120 1314 τὰ
1149 1259 1293 1329 ἔργα
1325 1259 1432 1312 τοῦ
1455 1259 1700 1327 Κυρίου,
1726 1259 1834 1312 τὸν

249 1352 486 1420 Κύριον.
515 1351 625 1404 Καὶ
651 1351 916 1422 ἄρχονται
952 1352 1204 1423 ἀριθμεῖν
1231 1369 1290 1405 τε
1324 1353 1418 1406 καὶ
1449 1352 1678 1422 διαιρεῖν
1705 1354 1832 1404 ποῖα

249 1441 316 1496 τὰ
339 1439 497 1513 ἔργα,
525 1443 654 1496 ποῖα
676 1441 746 1496 τὰ
775 1442 1100 1512 ποιήσαντα,
1133 1444 1263 1496 ποῖα
1284 1441 1354 1496 τὰ
1377 1442 1675 1514 ποιήματα,
1705 1443 1833 1494 ποῖα

247 1534 317 1590 τά
365 1534 740 1606 ἐργαζόμενα,
793 1538 922 1591 ποῖα
951 1537 1009 1591 δέ
1042 1537 1113 1592 τὰ
1156 1535 1525 1606 ἐργασθέντα·
1576 1537 1671 1588 καὶ
1709 1535 1834 1607 ἀρι-

251 1624 480 1696 θμοῦσιν
513 1627 760 1698 οὐρανὸν,
785 1629 910 1698 γῆν,
931 1627 1099 1684 ὕδατα
1126 1628 1312 1682 ἐπάνω
1333 1627 1425 1682 τοῦ
1449 1627 1703 1700 οὐρανοῦ,
1730 1627 1826 1682 καὶ

251 1716 537 1784 ἀγγέλους,
579 1719 789 1773 κτιστοὶ
833 1717 943 1790 γὰρ
979 1721 1028 1772 οί
1071 1718 1324 1787 ἄγγελοι·
1359 1718 1454 1773 καὶ
1485 1718 1708 1789 θρόνους
1738 1719 1834 1772 καὶ

249 1808 527 1880 δυνάμεις,
549 1808 745 1863 κτιστὰ
769 1808 880 1882 γὰρ
907 1809 1082 1864 ταῦτα
1103 1825 1118 1841 ⁶
1145 1810 1323 1881 ἥλιον,
1351 1811 1603 1881 σελήνην,
1631 1812 1833 1882 ποιητὰ

251 1895 382 1968 γὰρ,
405 1897 506 1951 θ’ὖκ
541 1897 806 1951 ἀκτιστα⁶
836 1898 971 1968 νέφη
1013 1899 1108 1954 καὶ
1139 1899 1410 1969 νιφετοὺς,
1443 1899 1698 1971 ἀνέμους,
1730 1899 1835 1970 xit}.
1865 1885 1906 1940 Β

249 2006 370 2052 νας,
415 1988 734 2060 ἀστραπὰς,
791 1988 1054 2058 βροντὰς,
1103 1991 1228 2060 γῆν,
1283 1989 1578 2056 θάλασσαν,
1627 1990 1834 2061 πηγὰς,

250 2079 542 2144 ἀϐύσσους,
581 2081 893 2149 ποταμοὺς,
926 2081 1104 2133 πᾶσαν
1138 2079 1552 2151 ἀνθρωπότητα,
1584 2080 1707 2151 ὅρη,
1740 2097 1838 2133 πε-

250 2172 402 2226 τεινὰ
433 2171 685 2242 οὐρανοῦ,
722 2173 892 2242 κτήνη
927 2172 1022 2225 καὶ
1051 2171 1187 2235 ζῶα,
1233 2171 1414 2242 ψυχὰς
1451 2172 1636 2237 ὁσίων,
1670 2172 1836 2225 πνεύ-

251 2281 401 2334 ματα
433 2263 688 2326 δικαίων,
751 2263 1020 2327 Ἀνανίαν,
1067 2263 1353 2329 Ἀζαρίαν,
1385 2262 1620 2334 Μισαὴλ,
1672 2263 1836 2332 ἱερεῖς

252 2357 347 2410 καὶ
376 2354 594 2418 δούλους
617 2354 752 2409 Θεοῦ
775 2374 787 2387 ·
814 2355 993 2410 πάντα
1020 2355 1129 2426 γὰρ
1157 2354 1332 2408 ταῦτα
1363 2355 1563 2425 ποιητά
1597 2356 1713 2407 ἐστι
1741 2354 1837 2406 καὶ

251 2447 476 2510 κτιστὰ,
525 2447 630 2500 ὑπὸ
660 2446 795 2499 Θεοῦ
827 2447 1092 2514 γεγονότα
1120 2445 1208 2499 διὰ
1250 2445 1346 2498 τοῦ
1389 2446 1564 2513 Λόγου
1613 2445 1708 2498 καὶ
1739 2444 1835 2497 τοῦ

248 2540 409 2608 ἁγίου
452 2537 802 2610 Πνεύματος⁶
838 2536 923 2602 Τῷ
963 2537 1072 2606 γὰρ
1105 2537 1274 2606 Λόγῳ
1309 2538 1535 2605 Κυρίου
1574 2540 1627 2590 οἱ
1660 2538 1837 2604 οὐρα-

249 2631 345 2686 νοὶ
375 2628 847 2697 ἐστερεώθησαν,
878 2628 979 2683 καὶ
1005 2627 1084 2693 τῷ
1111 2629 1415 2697 Πνεύματι
1454 2629 1562 2682 τοῦ
1608 2630 1835 2698 στόμα-

251 2738 354 2786 τος
385 2719 572 2774 αὐτοῦ
605 2717 775 2773 πᾶσα
806 2719 844 2786 ἠ
879 2717 1134 2786 δύναμις
1166 2715 1386 2771 αὐτῶν.
1422 2717 1563 2788 Ὅρα
1595 2717 1672 2780 δὲ,
1702 2719 1838 2786 ἁγα-

251 2811 392 2881 πητὲ
437 2809 672 2879 ἀδελφὴ
717 2809 835 2873 πῶς
869 2808 938 2862 τὰ
983 2809 1160 2862 πάντα
1201 2807 1514 2881 ἠρίθμησαν
1558 2809 1840 2880 Πνεύματι

252 2903 393 2974 ἁγίῳ
441 2902 766 2973 φερόμενοι,
814 2901 909 2955 καὶ
955 2900 1058 2954 οὐκ
1095 2901 1410 2972 ἠρίθμησαν
1459 2900 1588 2954 Υἱὸν
1634 2903 1692 2954 ἐν
1723 2904 1840 2966 τοῖς

252 2995 554 3065 ποιήμασιν
574 3032 589 3056 ,
641 2991 756 3046 ἀλλ’
803 2989 928 3045 οὔτε
959 2990 1114 3059 ἆγιον
1143 2990 1368 3062 Πνεῦμα
1391 3007 1404 3022 ’
1434 2991 1550 3044 ἀλλ’
1596 2991 1840 3061 ἔγνωσαν

253 3084 351 3155 τὴν
386 3084 554 3156 αὐτὴν
580 3084 824 3154 θεότητα
858 3079 998 3137 εἶναι
1040 3084 1100 3136 ἐν
1133 3082 1349 3154 Τριάδι,
1401 3083 1496 3137 καὶ
1543 3082 1642 3155 ⁴τὴν
1671 3084 1842 3154 αὐτὴν

255 3175 464 3247 Τριάδα
509 3178 570 3236 ἐν
615 3177 717 3246 μιᾷ
769 3175 1023 3245 Θεότητι·
1069 3175 1162 3230 καὶ
1209 3173 1466 3238 ἐδόξασαν
1513 3176 1736 3246 Πατέρα
1783 3179 1841 3230 ἐν

254 3240 372 3337 Υίῷ
395 3307 412 3329 ,
447 3266 542 3320 καὶ
585 3240 714 3319 rei
748 3266 808 3319 ἐν
840 3240 1017 3337 Πατρὶ
1064 3265 1160 3318 σὺν
1191 3263 1334 3334 ἁγίῳ
1360 3240 1676 3336 Πνεύματι,
1707 3267 1837 3336 μίαν
1867 3240 1910 3358 9

256 3355 564 3424 ἀγιαστίαν,
603 3354 732 3425 μίαν
766 3353 1041 3424 λατρείαν,
1071 3353 1199 3424 μίαν
1221 3352 1482 3425 Θεότητα,
1521 3355 1650 3427 μίαν
1676 3356 1826 3423 δοξο-

255 3447 348 3514 λογ
357 3446 442 3500 ίαν
448 3487 462 3500 .

1936 631 2187 697 spicnum
2215 626 2377 691 foret,
2425 643 2492 680 ne
2533 641 2656 681 cum
2695 633 2903 679 aeterno
2936 626 3029 680 illo
3059 641 3121 680 ea
3159 627 3514 695 permiscere-

1935 736 2059 775 mus
2099 735 2222 789 qua:
2251 734 2282 774 e
2311 718 2486 772 nihilo
2536 718 2682 771 facta
2739 727 2887 783 sunt,
2943 733 3006 772 ac
3040 735 3107 771 ne
3146 719 3514 787 intelligentia:

1935 821 2140 867 nostra:
2184 811 2484 882 perniciem
2520 808 2865 875 aﬂ‘erreinus,
2903 825 3131 863 numero
3161 810 3341 863 omnia
3365 826 3515 864 com-

1934 904 2078 973 plexi
2113 911 2262 957 sunt.
2317 901 2526 955 Etenim
2574 898 2818 970 Spiritus
2860 911 3082 956 sanctus
3118 902 3221 964 his,
3261 902 3513 971 quicum

1935 994 2142 1064 angelis
2180 993 2391 1046 versari
2429 1000 2592 1061 atque
2647 990 2833 1046 eorum
2867 997 3121 1045 convictu
3162 992 3268 1047 frui
3303 1008 3516 1047 merue-

1934 1093 2077 1150 rant,
2117 1099 2238 1154 quae
2275 1086 2328 1138 in
2363 1085 2501 1139 cmlo
2562 1095 2823 1154 terraque
2859 1094 2912 1139 et
2942 1084 3084 1137 infra
3137 1093 3339 1138 terram
3387 1095 3517 1140 sunt

1931 1177 2115 1231 omnia
2139 1177 2498 1246 patefecerat:
2520 1176 2653 1229 adeo
2673 1183 2731 1228 ut
2747 1175 2880 1228 nihil
2901 1175 3156 1244 deinceps
3179 1176 3512 1243 ignorarent.

1933 1269 2122 1338 Itaque
2145 1270 2320 1323 sancti
2347 1269 2422 1322 illi
2450 1269 2606 1339 pueri
2637 1268 2782 1321 hunc
2810 1268 2866 1322 in
2897 1267 3141 1332 modum,
3166 1269 3246 1320 uti
3272 1267 3409 1333 dixi,
3433 1283 3518 1320 ca-

1935 1377 2065 1416 nere
2092 1363 2335 1432 aggressi
2365 1367 2521 1416 sunt:
2542 1359 2864 1422 Benedicite,
2895 1360 3072 1412 omnia
3094 1375 3251 1426 opera
3280 1356 3534 1422 Domini,‘

1937 1452 2183 1509 Domino.
2206 1451 2410 1508 Deinde
2435 1457 2727 1507 numerare
2758 1468 2822 1506 ac
2852 1451 3194 1520 distinguere
3221 1450 3514 1519 incipiunt,

1935 1560 2182 1616 quaenam
2208 1558 2372 1614 opera
2391 1544 2523 1606 sint,
2547 1544 2708 1613 quive
2725 1557 2949 1612 operum
2975 1550 3251 1606 auctores,
3269 1555 3515 1611 quaenam

1937 1637 2172 1707 opilloia,
2203 1635 2298 1704 qui
2325 1634 2570 1705 opiﬁces,
2595 1649 2846 1704 quamam
2875 1632 3112 1702 denique
3137 1631 3421 1685 fabricata.
3442 1629 3519 1683 lta

1935 1730 2014 1782 illi
2045 1730 2269 1791 ccelum,
2303 1733 2504 1782 terram
2533 1766 2549 1792 ,
2584 1739 2752 1794 aquas
2791 1739 2912 1793 qnze
2939 1737 3104 1792 supra
3137 1722 3336 1776 cwlum
3370 1730 3518 1784 sunt,

1936 1820 2271 1891 angelosque
2297 1823 2753 1880 commemorant,
2789 1816 2882 1887 qui
2919 1824 2971 1870 et
3003 1815 3106 1885 ipsi
3143 1813 3311 1868 creati
3344 1819 3473 1874 sunt
3504 1830 3518 1865 :

1937 1909 2062 1963 inde
2094 1909 2325 1962 thronos
2351 1915 2406 1962 et
2433 1907 2686 1970 virtutes,
2721 1921 2840 1974 quae
2871 1903 3013 1959 Deus
3035 1902 3262 1973 perinde
3280 1916 3520 1972 procrea-

1935 2001 2050 2062 vit;
2083 1998 2254 2051 solem
2281 1997 2562 2066 deinceps,
2586 2009 2649 2047 ac
2681 1996 2888 2056 lunam,
2917 1992 3060 2045 facta
3090 1991 3294 2050 omnia,
3325 2003 3424 2042 nec
3448 1988 3522 2040 in-

1935 2089 2246 2145 creata:ad
2280 2089 2394 2142 hzec
2416 2088 2623 2150 nubes,
2663 2086 2914 2148 nebulas,
2941 2090 3154 2146 ventos,
3197 2082 3372 2144 nives,
3413 2078 3527 2132 ful-

1936 2192 2092 2248 gura,
2115 2177 2383 2241 tonitrua,
2418 2182 2644 2239 terram,
2686 2189 2854 2236 mare,
2888 2173 3088 2235 fontes,
3123 2171 3373 2241 abyssos,
3409 2169 3514 2224 fiu-

1935 2271 2076 2333 vios,
2110 2284 2282 2339 genus
2310 2268 2592 2323 hominum
2625 2282 2806 2331 omne,
2831 2273 3066 2328 montes,
3092 2263 3342 2318 volucres
3366 2263 3518 2327 coeli,

1940 2375 2139 2433 pecora
2171 2366 2226 2413 et
2255 2360 2536 2422 animalia,
2581 2368 2900 2414 sanctorum
2962 2356 3195 2419 animas,
3248 2355 3525 2424 iustorum

1941 2453 2194 2524 spiritus,
2228 2451 2522 2513 Ananiam,
2555 2448 2829 2510 Azariam,
2855 2445 3162 2511 Misaelem;
3199 2444 3515 2499 sacerdotes

1939 2544 2174 2614 denique
2247 2544 2452 2613 Deique
2507 2556 2716 2596 servos.
2768 2538 2903 2592 Nam
2951 2537 3068 2591 haec
3121 2536 3306 2591 omnia
3383 2535 3527 2588 facta

1948 2644 2346 2706 procreataque
2404 2642 2565 2697 sunt,
2623 2647 2686 2686 ac
2740 2647 2837 2702 per
2877 2629 3115 2686 Verbum
3163 2636 3218 2683 et
3258 2624 3524 2697 Spiritum

1939 2737 2194 2784 sanetum
2237 2743 2267 2780 a
2310 2726 2422 2782 Deo
2485 2724 2746 2796 producta
2776 2743 2789 2777 :
2819 2723 3020 2792 quippe
3084 2720 3250 2774 Verbo
3308 2718 3527 2772 Domini

1945 2820 2063 2874 σιλοίὶ
2119 2819 2325 2889 ﬁrmati
2370 2828 2514 2881 sunt,
2553 2825 2600 2870 et
2629 2816 2831 2884 Spiritu
2860 2816 2966 2868 oris
3007 2814 3120 2882 ejus
3145 2812 3316 2866 omnis
3349 2811 3516 2864 virtus

1943 2910 2161 2964 illorum
2199 2910 2240 2962 ί.
2289 2907 2482 2971 Vides,
2533 2907 2701 2960 frater
2752 2904 3119 2966 charissime,
3171 2899 3527 2972 quemadmo-

1951 3001 2081 3055 dum
2132 3001 2207 3054 illi
2269 3000 2444 3054 sancti
2514 2998 2752 3069 Spiritus
2805 2999 3107 3059 instinctu,
3160 3009 3285 3049 cum
3335 2993 3520 3048 omnia

1948 3097 2462 3156 commemorarent,
2510 3091 2649 3145 inter
2687 3105 2751 3145 ea
2793 3105 2914 3160 qua:
2948 3088 3089 3142 facta
3124 3097 3270 3150 sunt,
3307 3100 3515 3155 nequa-

1942 3200 2104 3256 quam
2129 3183 2471 3238 numerarint
2501 3181 2700 3235 Filium
2739 3197 2915 3250 neque
2944 3178 3208 3250 Spiritum
3249 3181 3522 3238 sanctum,

1943 3274 2038 3332 sed
2079 3276 2220 3331 hanc
2262 3275 2433 3345 ipsam
2485 3273 2829 3327 Divinitatem
2874 3286 2999 3326 esse
3041 3271 3094 3324 in
3146 3269 3433 3334 Trinitate,
3475 3273 3530 3321 ct

1946 3368 2087 3421 hanc
2153 3367 2326 3437 ipsam
2375 3365 2698 3420 Trinitatem
2759 3364 2815 3418 in
2873 3379 2977 3418 una
3049 3362 3342 3416 Divinilate
3404 3372 3530 3414 esse

1955 3456 2330 3527 cognoverint,
2367 3463 2530 3525 atque
2571 3455 2649 3509 uti
2679 3453 2896 3508 Patrem
2932 3456 2986 3507 in
3035 3451 3195 3517 Filio,
3232 3459 3286 3505 et
3327 3449 3528 3503 Filium

256 3536 312 3594 in
354 3537 516 3595 Patre
559 3554 683 3594 cum
735 3537 940 3610 Spiritu
985 3546 1176 3596 sancto
1215 3541 1632 3609 celebraverint,
1690 3548 2037 3608 sanctitatem
2080 3568 2266 3619 unam,
2321 3567 2489 3607 unum
2531 3550 2894 3615 adorandum,
2929 3549 3276 3604 Divinitatem
3335 3559 3524 3610 unam,

259 3644 534 3701 unamque
562 3629 815 3701 gloriam.

327 3723 456 3780 ΚΕι,
507 3721 654 3774 am
681 3721 898 3784 πάντως
931 3721 1026 3776 καὶ
1057 3719 1214 3775 τοῦτο
1242 3721 1415 3793 τολμᾷ
1435 3725 1462 3776 ὁ
1483 3723 1728 3788 διάϐολος
1756 3743 1844 3780 κι-

257 3812 367 3865 νεῖν
380 3812 439 3864 ἐν
452 3814 566 3876 τοῖς
577 3811 673 3865 ἀνθ
679 3810 1074 3883 ρώποις,ἀπιστ
1082 3813 1167 3877 ίας
1181 3813 1274 3866 τολ
1281 3831 1356 3884 μη
1363 3832 1393 3886 ρ
1401 3815 1484 3870 ίαν
1501 3817 1746 3887 καταψεύ
1755 3836 1844 3872 σα-

261 3895 383 3949 σθαι
423 3895 532 3950 τῶν
595 3895 766 3962 ἁγίων
819 3895 1024 3949 παίδων
1065 3897 1263 3951 πλάσαι
1323 3901 1416 3952 καὶ
1469 3903 1680 3956 εἰπεῖν·
1722 3905 1840 3958 Οὐκ

257 3988 475 4059 ᾔδεισαν
495 3988 666 4039 εἰπεῖν
699 3987 870 4057 ὄνομα
897 3987 1053 4054 ἁγίου
1083 3988 1423 4059 Πνεύματος,
1466 3992 1704 4046 Ἰουδαῖοι
1732 3994 1841 4066 γὰρ

258 4074 430 4150 ἦσαν,
456 4078 550 4132 καὶ
584 4077 702 4132 οὐδὲ
742 4078 871 4132 Υίὺν
900 4079 1150 4150 ᾔδεισαν,
1186 4081 1429 4134 Ἰουδαῖοι
1454 4081 1626 4146 ὄντες.
1665 4086 1841 4149 Εὐθὺς

259 4170 315 4224 δέ
345 4172 398 4223 οἱ
426 4170 574 4238 λόγοι
608 4169 890 4239 ἐλέγχουσι
935 4169 1044 4222 τῶν
1097 4170 1404 4234 κακοδόξων
1431 4173 1529 4244 τὴν
1558 4175 1838 4231 ἀπιστίαν.

257 4261 395 4330 Φησὶ
423 4260 532 4332 γάρ
551 4277 564 4291 ·
592 4259 701 4314 Καὶ
723 4256 806 4330 ἦν
843 4258 906 4312 τὸ
935 4260 1263 4326 πρόσωπον
1294 4259 1401 4313 τοῦ
1431 4263 1734 4332 τετάρτου,
1762 4266 1842 4330 ὠς

259 4355 581 4422 πρόσωπον
620 4352 754 4407 Υὶοῦ
793 4351 944 4406 Θεοῦ
965 4366 977 4380 ’
1017 4353 1126 4406 ἰδοὺ
1150 4353 1322 4425 ὄνομα
1356 4355 1485 4408 Υἱοῦ
1522 4356 1658 4409 Θεοῦ
1686 4352 1828 4423 (Ἡ).

259 4443 366 4516 ἄρα
402 4443 502 4496 οὐκ
538 4441 683 4496 ἐστιν
730 4442 923 4512 ἄγνοια
971 4443 1100 4516 περὶ
1148 4445 1362 4500 τούτου.
1424 4447 1531 4500 Καὶ
1579 4447 1688 4519 πρὸ
1745 4449 1841 4501 τοῦ

2023 3722 2191 3778 XXV.
2242 3723 2436 3778 Verum
2493 3724 2583 3778 hic
2623 3723 2789 3779 etiam
2833 3723 3084 3777 nonnihil
3117 3723 3298 3776 moliri
3337 3723 3528 3778 turba-

1947 3831 2070 3871 rum
2103 3830 2167 3870 ac
2201 3816 2478 3870 concitare
2513 3817 2828 3870 mortalium
2868 3816 3053 3885 generi
3078 3815 3330 3869 diabolus
3361 3831 3530 3872 ausus

1947 3915 2055 3973 est,
2078 3914 2243 3977 atque
2302 3906 2645 3962 inﬁdelitatis
2705 3908 3066 3961 temeritatem
3125 3907 3266 3963 falso
3318 3909 3530 3964 sanctis

1947 4001 2058 4058 illis
2109 3998 2296 4070 pueras
2355 3999 2653 4066 ascribere,
2706 4014 2770 4052 ac
2824 4014 2922 4068 per
2971 4014 3247 4053 summum
3305 4000 3532 4054 menda-

1945 4091 2094 4144 cium
2145 4092 2250 4146 ista
2294 4090 2506 4158 jactare
2546 4111 2558 4144 :
2592 4087 2783 4142 Sancti
2828 4087 3087 4156 Spiritus,
3117 4088 3226 4158 30
3252 4088 3528 4156 inquiunt,

1945 4195 2148 4234 nomen
2190 4181 2548 4248 pronuntiare
2592 4178 2932 4242 nesciebant,
2982 4187 3171 4248 utpote
3217 4178 3426 4244 Judaei;
3467 4194 3531 4232 ac

1944 4264 2118 4320 nihilo
2165 4266 2340 4334 magis
2373 4264 2598 4329 Filium,
2631 4265 2780 4334 quod
2808 4265 2981 4320 Judaei
3013 4275 3222 4334 essent,
3255 4282 3530 4338 cognove-

1946 4362 2090 4410 rant.
2126 4353 2235 4412 Sed
2282 4356 2581 4412 inﬁdelium
2632 4359 2862 4412 istorum
2913 4359 3196 4428 perﬁdiam
3233 4364 3369 4414 satis
3411 4361 3533 4431 ipsa

1949 4445 2247 4518 Scriptum
2295 4450 2460 4506 verba
2509 4461 2862 4518 coarguunt:
2897 4452 3052 4520 Erat,
3113 4454 3311 4523 inquit,
3349 4455 3538 4524 quarti

259 4536 450 4607 χρόνου
485 4533 581 4588 τοῦ
622 4534 722 4606 τῆς
749 4534 980 4605 καμίνου
1003 4575 1018 4601 ,
1064 4536 1145 4590 ὅτι
1177 4537 1422 4611 ἐπλήσθη
1448 4540 1647 4611 Δανιὴλ
1669 4541 1840 4594 Πνεύ-

1945 4537 2132 4606 facies,
2171 4548 2426 4610 tanquam
2467 4542 2632 4610 [acies
2685 4541 2819 4595 Filii
2872 4543 2966 4596 Dei
2994 4546 3036 4597 ².
3094 4543 3238 4599 Ecce
3276 4545 3372 4599 tibi
3404 4543 3537 4600 Filii

263 4644 428 4700 ματος
455 4625 630 4694 ἁγίου,
661 4627 753 4679 καὶ
782 4622 903 4681 εἶπε
925 4645 938 4657 ο
974 4628 1245 4697 Καθαρὸς
1287 4629 1403 4698 ἐγὼ
1447 4632 1565 4685 ἀπὸ
1612 4632 1720 4686 τοῦ
1758 4636 1840 4687 αἵ-

255 4733 442 4786 ματος
475 4712 685 4786 αὐτῆς,
717 4715 810 4768 καὶ
836 4714 1176 4786 ἐπέστρεψαν
1200 4717 1280 4779 είς
1309 4717 1370 4770 τὸ
1395 4719 1672 4788 κριτήριον
1695 4737 1708 4749 ·
1746 4719 1840 4771 καὶ

259 4810 440 4882 ἔκρινε
463 4810 588 4872 τοὺς
622 4807 1023 4880 πρεσϐυτέρους
1056 4809 1337 4880 Πνεύματι
1382 4809 1521 4879 ἁγίῳ
1571 4813 1843 4884 ἐμφορού-

263 4915 452 4969 μενος·
497 4897 606 4969 ἄρα
640 4892 732 4952 οὖν
764 4897 982 4968 ᾔδεισαν
1015 4898 1105 4952 τὸν
1154 4899 1304 4962 Υῐὸν,
1349 4901 1443 4953 καὶ
1483 4901 1702 4970 ᾔδεισαν
1747 4903 1841 4955 τὸν

261 4990 479 5062 Πατέρα
543 4989 639 5044 καὶ
697 4989 758 5043 τὸ
811 4989 1037 5062 Πνεῦμα
1091 4990 1152 5045 τὺ
1204 4992 1397 5060 ἆγιον·
1433 4993 1547 5063 (25)
1592 4995 1688 5048 καὶ
1739 4996 1840 5049 οὐκ

368 5146 384 5178 ³
410 5143 558 5201 Psal.
593 5118 682 5208 52,
717 5144 765 5200 6.
846 5148 868 5176 ²
894 5144 1029 5199 Dan.
1061 5162 1140 5208 Ill,
1169 5145 1262 5199 25.
1365 5145 1384 5177 ³
1408 5145 1543 5200 Dan.
1573 5163 1692 5207 xm,
1722 5149 1810 5203 46.

336 5258 447 5330 (ﬁt)
490 5254 706 5309 Rursus
735 5253 947 5330 _eo_loci
982 5254 1306 5330 emendatur
1341 5253 1718 5323 interpretatio
1752 5253 1854 5308 Pe-

265 5323 440 5391 tavii,
484 5341 606 5396 quae
641 5323 797 5396 mala
831 5324 1271 5390 interpunctione
1320 5333 1478 5396 utens
1513 5340 1700 5396 verum
1741 5341 1848 5378 non

265 5393 577 5466 assequitur
628 5394 803 5449 Graeci
857 5401 1039 5466 tentus
1083 5408 1325 5466 sensum.
1392 5394 1514 5455 Ait,
1575 5393 1710 5466 Ecce
1753 5396 1850 5448 tibi

268 5462 537 5523 Filii—Dei
575 5481 761 5520 nomen
801 5479 820 5518 :
865 5462 1098 5529 adeoque
1137 5479 1227 5516 nec
1255 5465 1529 5531 ignoratus
1560 5465 1652 5517 ille
1683 5465 1848 5532 fuerit

264 5542 426 5593 etiam
457 5546 579 5590 ante
617 5537 888 5605 fornacem
918 5531 1092 5605 illam,
1119 5549 1236 5585 cum
1265 5535 1518 5605 scriptum
1545 5531 1844 5605 sit_Danie-

268 5611 364 5662 tem
413 5602 625 5673 Spiritu
651 5615 834 5661 sanclo
883 5602 1132 5671 repletum
1179 5603 1556 5659 exclamasse:
1607 5603 1840 5658 Mundus

264 5694 358 5749 ego
390 5693 530 5749 sum,
563 5685 664 5749 etc.

338 5747 450 5817 (25)
478 5745 596 5817 Qui
622 5745 689 5798 ad
712 5741 1149 5801 conﬁrmandum
1185 5739 1304 5817 Filii
1334 5756 1397 5817 ac
1427 5743 1667 5812 Spiritus
1691 5759 1836 5817 san-

272 5812 356 5875 cti'
379 5812 716 5872 divinitatem
763 5821 1118 5886 argumento,
1154 5813 1299 5883 quod
1352 5812 1404 5866 in
1449 5815 1705 5883 pra-senti
1743 5831 1834 5868 cx-

1947 4629 2040 4686 Dei
2093 4647 2332 4700 nomen;
2385 4633 2631 4704 adeoque
2699 4649 2803 4689 nec
2857 4635 3137 4705 ignoratus
3198 4637 3288 4692 ille
3342 4635 3523 4691 fuerit.

1950 4721 2123 4776 Etiam
2156 4733 2284 4780 ante
2312 4724 2592 4779 fornacem
2638 4726 2788 4779 illam
2837 4726 3027 4780 Daniel
3081 4727 3288 4796 Spiritu
3336 4737 3532 4782 sancto

1949 4815 2188 4883 repletus
2222 4817 2596 4872 exclamavit:
2628 4817 2862 4874 Mundus
2915 4836 3007 4890 ego
3059 4836 3177 4873 sum
3209 4837 3241 4872 a
3276 4819 3539 4889 sanguine

1949 4907 2096 4962 illius
2117 4908 2157 4961 ³.
2197 4907 2265 4961 Et
2295 4909 2504 4964 reversi
2535 4919 2663 4964 sunt
2709 4910 2776 4964 ad
2816 4910 3084 4981 judicium
3116 4930 3129 4965 :
3160 4911 3537 4982 judicavitque

1951 5000 2220 5066 seniores,
2253 5001 2565 5072 impellente
2593 5003 2800 5074 Spiritu
2835 5014 3045 5061 sancto.
3072 5005 3307 5061 Proinde
3330 5005 3538 5062 Filium

1956 5257 2109 5331 ponit
2138 5256 2494 5331 Epiphanius,
2525 5260 2599 5314 uti
2642 5259 2804 5321 velit,
2837 5259 2884 5315 is
2923 5273 3150 5314 necesse
3185 5266 3306 5331 est,
3335 5276 3534 5331 quem-

1955 5327 2257 5381 admodum
2276 5333 2563 5385 manifeste
2606 5339 2775 5398 patet,
2810 5342 2867 5384 ut
2901 5332 3151 5384 admittat
3184 5327 3392 5386 Veteris
3426 5331 3534 5386 Ten

1953 5400 2210 5451 stmnenti
2258 5402 2594 5468 patriarchas
2625 5410 2679 5454 et
2712 5401 3025 5470 prophetas,
3088 5403 3234 5458 viros
3274 5402 3528 5454 doctrina

1949 5477 2003 5522 et
2043 5471 2242 5540 pietate
2277 5473 2330 5522 in
2361 5471 2526 5540 Deum
2575 5473 2868 5533 clariores,
2914 5487 3054 5540 quos
3086 5472 3228 5525 inter
3257 5480 3404 5524 certe
3447 5471 3526 5523 lo-

1951 5553 2074 5591 cum
2113 5539 2374 5611 habuere
2413 5539 2690 5611 Babylonii
2739 5543 2886 5608 pueri
2911 5539 3218 5601 {notitiam
3266 5540 3535 5594 habuisse

1950 5608 2311 5664 sanctissima“:
2334 5608 2635 5664 Trin.t{uis.
2665 5611 2821 5677 Quod
2846 5612 2896 5663 ni
2931 5610 3115 5672 faciat,
3139 5619 3529 5678 argumentum

1949 5679 2103 5801 nill:ili
2140 5680 2446 5735 faciendum
2483 5697 2710 5749 prorsus
2755 5687 2880 5744 crit,
2932 5679 3007 5732 nil
3059 5679 3126 5733 ad
3161 5678 3532 5734 evinccndum.

1949 5765 2010 5801 va
2035 5757 2167 5801 cret.

1946 5757 2167 5804 valeret.
