4012 6210
466 342 538 399 65
1878 349 1935 401 δ.
1976 345 2052 402 ΕΡ

2153 346 2312 402 lANll
3651 354 3723 410 ιιι

466 459 579 528 iam
613 465 725 512 tum
755 465 1044 524 noverant,
1079 473 1288 514 necnon
1320 467 1374 515 et
1425 458 1642 515 Patrem
1672 474 1737 516 ac
1772 457 2040 532 Spiritum

2153 463 2378 532 ἀγνοίας
2409 465 2570 535 χάριν
2595 467 2695 524 οὐκ
2722 458 2877 522 εἷπον
2905 467 2975 522 τὰ
2995 467 3256 541 ὀνόματα,
3286 467 3728 540 ἀλλ’ἀσφαλειας

470 560 746 606 sanctum.
827 550 1014 622 Neque
1069 567 1135 608 ex
1195 552 1525 623 ignorantia,
1576 553 1672 609 sed
1725 555 2042 611 securitatis

467 643 856 714 cautionisque
885 644 1058 714 gratia
1101 644 1426 698 nominatim
1463 644 1591 699 illos
1629 645 1905 715 appellare
1946 661 2046 702 no-

470 731 730 789 luerunt:
761 734 1088 799 Benedicite,
1130 736 1422 806 inquiunt,
1481 736 1664 789 omnia
1715 752 1875 805 opera
1935 737 2046 791 Do-

470 825 618 889 mini,
667 824 918 892 Domino,
968 832 1023 880 et
1064 841 1174 880 non
1221 825 1459 882 dicunt:
1503 825 1762 892 Benedic,
1790 823 1893 882 Fili
1924 827 2042 894 Dei,

467 915 740 983 Domino;
794 919 901 982 vel,
959 916 1214 982 Benedic,
1247 927 1436 972 sancte
1464 916 1726 988 Spiritus,
1774 917 2043 986 Domino;

464 1007 583 1073 sed,
636 1007 957 1072 Benedicite,
999 1010 1181 1061 omnia
1213 1025 1372 1077 opera
1405 1007 1643 1074 Domini,
1675 1008 1926 1064 Domino.
1965 1009 2046 1064 Ac

465 1115 535 1154 ne
556 1099 682 1168 quis
709 1099 851 1154 forte
893 1099 1249 1155 occasionum
1275 1109 1830 1171 argumentorumque
1856 1108 2047 1171 captor

464 1190 690 1259 obiiciat
724 1209 738 1245 :
770 1205 872 1245 nec
904 1190 1187 1244 cherubim
1219 1190 1441 1260 quidem
1482 1199 1577 1245 aut
1620 1193 1894 1263 seraphim
1923 1207 2048 1249 esse.

467 1282 824 1348 nominatos;
870 1282 1012 1336 unde
1061 1296 1404 1352 consequens
1459 1281 1654 1348 videri,
1704 1290 1764 1337 ut
1807 1297 1877 1338 ne
1926 1283 2046 1352 ipsa

456 1359 690 1442 quidem
716 1388 882 1442 opera
915 1373 1027 1428 sint
1060 1372 1191 1440 Dei;
1229 1373 1451 1429 divinus
1497 1372 1621 1429 ideo
1669 1388 1851 1428 sermo
1893 1381 2046 1427 tanto

466 1469 596 1515 ante
625 1461 936 1515 cautionem
973 1461 1252 1526 adhibere,
1285 1468 1340 1517 et
1369 1477 1436 1516 ex
1469 1462 1620 1516 omni
1652 1469 1810 1532 parte
1831 1462 2048 1518 munire

465 1553 729 1616 instituit,
780 1567 904 1607 cum
935 1554 1262 1610 callidorum
1308 1555 1539 1609 istorum
1577 1569 1643 1608 ac
1671 1554 2045 1624 captiosorum

465 1653 576 1698 tam
627 1644 732 1700 sibi
781 1645 938 1715 ipsis,
981 1661 1145 1716 quam
1191 1661 1488 1716 puerorum
1519 1649 1741 1702 nomine
1768 1646 2046 1716 pernicio-

464 1749 582 1787 sam
652 1733 986 1789 calumniam
1052 1729 1397 1805 praevideret.
1476 1735 1606 1792 Nam
1674 1735 2044 1791 laudationem

2151 554 2334 608 ἕνεκα.
2361 556 2700 626 Εὐλογεῐτε,
2723 556 2853 628 γὰρ,
2871 558 3068 613 πάντα
3088 561 3161 615 τὰ
3190 561 3334 629 ἔργα
3355 561 3598 628 Κυρίου,
3615 560 3727 614 τὸν

2145 645 2367 712 Κύριον
2385 661 2398 676 ·
2427 647 2519 700 καὶ
2548 649 2648 701 οὐκ
2679 645 2832 703 εἷπον
2851 665 2868 681 ·
2899 650 3147 719 Εὑλόγει,
3178 651 3308 715 Υἱὸς
3330 650 3423 704 τοῦ
3450 650 3608 715 Θεοῦ,
3629 649 3726 704 τὸν

2146 735 2350 807 Κύριον
2371 751 2386 766 ·
2422 738 2553 806 οὐδ’,
2580 739 2806 809 Εὑλόγει
2826 782 2842 809 ,
2870 740 3025 810 ἅγιον
3067 741 3293 813 Πνεῦμα
3312 782 3326 806 ,
3360 741 3453 796 τὸν
3476 741 3685 812 Κύριον
3703 758 3722 774 ο

2146 828 2282 892 ἀλλ’,
2312 829 2658 900 Εὐλογεῒτε,
2694 831 2894 889 πάντα
2921 834 2993 887 τὰ
3019 833 3165 903 ἔργα
3199 833 3443 901 Κυρίου,
3475 832 3582 886 τὸν
3608 833 3728 887 Κύ-

2137 933 2294 984 ριον.
2321 917 2432 970 Καὶ
2461 919 2534 989 μή
2561 937 2646 984 τις
2679 919 2788 975 τῶν
2808 923 3114 993 προφάσεις
3145 924 3360 985 ἑαυτοῖς
3391 921 3730 994 θηρωμένων

2145 1007 2297 1080 εἴπῃ,
2355 1011 2439 1066 ὅτι
2489 1009 2602 1062 Οὐκ
2643 1005 2798 1064 εἷπον
2850 1011 3118 1082 χερουϐὶμ
3160 1011 3194 1082 ἢ
3229 1011 3505 1082 σεραφὶμ,
3540 1009 3730 1066 λοιπὺν

2144 1097 2268 1150 οὐδὲ
2310 1096 2484 1152 ταῦτά
2527 1101 2674 1153 ἐστιν
2720 1100 2859 1172 ἔργα
2901 1101 2996 1154 τοῦ
3039 1100 3198 1156 Θεοῦ.
3242 1099 3520 1171 Προέλαϐε
3556 1101 3668 1172 γὰρ
3698 1103 3732 1155 ό

2147 1189 2288 1252 θεῖος
2314 1189 2468 1258 λόγος
2507 1191 2906 1260 ἀσφαλίσασθαι
2947 1191 3056 1246 τῶν
3102 1192 3204 1256 τὰς
3237 1192 3484 1263 μηχανὰς
3515 1193 3732 1257 ἑαυτοῖς

2147 1280 2523 1348 ἐπινοούντων,
2567 1283 2957 1355 προγινώσκων
2989 1283 3090 1353 τὴν
3126 1284 3208 1345 εἰς
3235 1282 3432 1346 αὐτοὺς
3479 1282 3573 1336 καὶ
3601 1283 3733 1346 τοὺς

2146 1376 2342 1440 παῖδας
2365 1375 2566 1447 λύμην.
2591 1375 2844 1448 Τρισσῶς
2870 1377 2978 1449 γὰρ
3000 1375 3094 1429 τὸν
3128 1374 3297 1446 ὕμνον
3335 1374 3732 1427 ὲδιπλασίασαν

2146 1466 2194 1517 οἱ
2225 1464 2371 1533 ἅγιοι
2411 1465 2628 1530 παῖδες,
2660 1468 2708 1519 οἱ
2739 1467 2892 1520 αὐτοὶ
2934 1465 3004 1519 τὰ
3037 1464 3234 1519 κτιστὰ
3264 1465 3360 1519 καὶ
3405 1463 3607 1535 ποιητὰ
3650 1465 3736 1529 εις

2148 1552 2317 1624 ὕμνον
2345 1554 2481 1609 Θεοῦ
2515 1556 2972 1628 προϐαλλόμενοι,
3021 1556 3117 1610 καὶ
3161 1555 3378 1628 πρῶτον
3420 1556 3732 1626 φήσαντεςο

2147 1648 2492 1716 Εὐλογητὸς
2526 1644 2613 1715 εἷ,
2645 1649 2823 1712 Κύριε
2853 1651 2886 1702 ὁ
2916 1648 3060 1713 Θεὸς
3089 1647 3209 1702 τῶν
3238 1648 3508 1716 πατέρων
3536 1646 3733 1717 ἡμῶν,

2147 1738 2247 1792 καὶ
2275 1739 2517 1794 αἱνετόν
2563 1740 2662 1794 καὶ
2694 1739 3143 1810 δεδοξασμένον
3170 1740 3239 1793 τὸ
3269 1739 3456 1808 ὄνομά
3487 1755 3604 1793 σου
3643 1741 3736 1804 εὶς

463 1843 620 1882 suam
679 1827 944 1882 trifariam
993 1827 1165 1882 sancti
1220 1828 1298 1882 illi
1339 1828 1496 1898 pueri
1535 1828 1907 1900 geminarunt,
1949 1828 2042 1898 qui

2153 1828 2288 1896 τοὺς
2315 1827 2562 1896 αἰῶνας·
2593 1825 2715 1884 εἶτα
2758 1831 2878 1901 μεθ’
2920 1830 3084 1901 ἕτερα
3103 1848 3116 1860 ·
3145 1829 3572 1900 Εὐλογημένος
3610 1825 3674 1883 εἴ
3699 1832 3736 1884 ὁ

461 1928 649 1971 creata
700 1917 952 1988 factaque
999 1917 1185 1972 omnia
1246 1918 1314 1973 ad
1364 1918 1462 1975 Dei
1510 1919 1952 1990 praedicationem
1986 1920 2044 1974 in

460 2011 699 2065 medium
748 2012 1047 2066 attulerunt
1089 2030 1102 2065 :
1139 2024 1204 2065 ac
1259 2011 1496 2080 primum
1547 2009 1915 2066 :Benedictus
1963 2026 2041 2077 es,

463 2101 756 2170 inquiunt,
806 2101 1032 2155 Domine
1062 2101 1204 2154 Deus
1245 2109 1461 2168 patrum
1491 2111 1820 2165 nostrorum,
1847 2110 1896 2156 et
1921 2101 2044 2155 lau-

461 2190 641 2244 dabile
679 2207 741 2243 ac
783 2191 1075 2260 gloriosum
1099 2205 1286 2243 nomen
1316 2199 1466 2243 tuum
1504 2191 1560 2244 in
1597 2191 1796 2245 sarcula
1822 2191 1862 2246 ¹.
1904 2189 2042 2244 Tum

462 2281 792 2351 quibusdam
853 2281 1158 2352 interiectis
1205 2298 1218 2334 :
1260 2280 1575 2335 Benedictus
1635 2298 1712 2348 es,
1764 2283 1854 2352 qui
1890 2281 2037 2337 sedes

2151 1920 2488 1990 καθήμενος
2510 1921 2750 1978 ἐπὶτῶν
2778 1923 3062 1992 χερουόίμ
3079 1939 3094 1954 ο
3120 1922 3215 1977 καὶ
3239 1921 3429 1976 πάλιν·
3459 1923 3738 1990 Εὐλογηο

2144 2010 2330 2082 μένος
2358 2007 2419 2066 εἷ
2437 2015 2470 2066 ό
2491 2011 2831 2081 καθήμενος
2856 2012 2956 2066 ἐπὶ
2975 2013 3192 2080 θρόνου
3216 2011 3402 2079 δόξης
3422 2010 3532 2080 τῆς
3551 2011 3739 2076 βασις

2145 2105 2316 2170 λείας
2343 2118 2461 2158 σου
2483 2119 2498 2133 ο
2534 2103 2651 2167 καὶ,
2680 2104 3107 2173 Εὐλογημένος
3131 2098 3191 2156 εἷ
3215 2105 3248 2156 ό
3271 2101 3524 2167 βλέπων
3544 2102 3738 2155 ἀϐύσ-

2147 2210 2320 2259 σους,
2348 2193 2684 2263 καθήμενος
2709 2194 2807 2247 ἐπὶ
2835 2195 3147 2264 χερουϐίμ·
3176 2193 3263 2247 ἵνα
3295 2193 3404 2247 ἀπὸ
3431 2191 3526 2246 τοῦ
3559 2195 3738 2247 εἰπεῖν

2145 2284 2238 2336 τὸν
2270 2283 2480 2355 θρόνον,
2527 2285 2730 2356 νοήσῃς
2763 2285 3008 2356 σεραφὶμ
3053 2286 3148 2338 καὶ
3177 2283 3468 2356 χερουϐίμ·
3497 2282 3590 2338 καὶ
3621 2283 3738 2336 ἀπὸ

463 2388 620 2440 super
644 2370 935 2427 cherubim.
968 2371 1177 2428 Deinde
1209 2391 1222 2428 :
1249 2372 1566 2427 Benedictus
1601 2388 1680 2436 es,
1702 2374 1794 2443 qui
1809 2371 1956 2427 sedes
1989 2373 2045 2426 in

2153 2372 2239 2427 τοῦ
2266 2375 2529 2445 ὀνόματος
2560 2374 2671 2428 τῶν
2700 2375 2998 2446 χερουϐὶμ,
3029 2375 3124 2429 καὶ
3151 2375 3425 2441 ἀϐύσσων,
3468 2375 3563 2428 καὶ
3607 2374 3738 2445 θρό-

465 2466 654 2519 throno
695 2464 882 2535 gloria:
917 2465 1062 2535 regni
1101 2465 1211 2530 tui;
1237 2473 1291 2520 et
1325 2483 1339 2519 :
1377 2464 1689 2518 Benedictus
1721 2480 1799 2529 es,
1842 2463 1933 2534 qui
1965 2465 2049 2518 in-

465 2558 629 2610 tueris
689 2557 934 2627 abyssos,
993 2555 1140 2611 sedes
1195 2571 1354 2625 super
1415 2556 1688 2611 cherubim
1743 2571 1763 2610 :
1808 2565 1868 2611 ut
1921 2570 2049 2611 cum

465 2647 715 2702 thronum
746 2647 908 2714 dixit,
953 2647 1231 2718 seraphim
1270 2647 1608 2718 intelligeres
1635 2655 1690 2702 et
1716 2647 2006 2704 cherubim
2031 2664 2044 2703 :

464 2754 532 2794 ac
579 2747 688 2793 tam
721 2755 788 2796 ex
819 2740 1242 2796 cherubinorum
1272 2777 1287 2804 ,
1322 2754 1490 2812 quam
1519 2754 1586 2793 ex
1614 2738 1958 2809 abyssorum,
1992 2744 2050 2792 et

467 2829 781 2888 consecrati
823 2832 1030 2897 throni,
1070 2847 1134 2887 ac
1173 2838 1496 2886 caeterorum
1529 2831 1774 2886 omnium
1806 2829 2047 2886 nomini-

468 2925 592 2990 bus,
623 2932 679 2980 et
707 2939 775 2979 ex
803 2938 997 2979 eorum
1035 2937 1158 2993 quae
1204 2923 1595 2986 nominantur,
1643 2921 1890 2976 omnium
1943 2937 2048 2976 nu-

466 3034 617 3075 mero
665 3033 992 3090 cognoscas.
1023 3019 1170 3073 inter
1203 3031 1368 3087 opera
1409 3015 1746 3072 receusenda
1779 3015 1871 3070 illa
1899 3029 2041 3082 esse,

2147 2481 2240 2518 νου
2266 2465 2626 2537 ἡγιασμένου,
2656 2466 2751 2519 καὶ
2787 2465 2993 2520 λοιπῶν
3021 2467 3240 2522 πάντων
3269 2466 3570 2538 ὀνομάτων,
3606 2467 3739 2536 νοή-

2149 2572 2250 2630 σῃς
2273 2555 2383 2610 ἀπὸ
2407 2556 2502 2610 τοῦ
2540 2555 2776 2628 ἀριθμοῦ
2804 2555 3025 2611 πάντων
3049 2555 3158 2610 τῶν
3190 2556 3611 2628 ὠνομασμένων,
3651 2556 3738 2608 ὅτι

2148 2648 2213 2700 ἐκ
2243 2646 2351 2701 τῶν
2384 2645 2563 2720 ἔργων
2594 2647 2702 2701 εἰσὶ
2727 2649 2840 2710 τοῖς
2866 2647 3049 2710 ἄλλοις
3077 2647 3576 2719 συναριθμούμενα.
3609 2647 3734 2701 Κα-

2149 2737 2408 2802 λέσαντες
2456 2737 2565 2810 γὰρ
2613 2741 2692 2802 εἰς
2736 2737 3111 2810 ὕμνον-ταῦτα
3158 2739 3340 2794 πάντα
3404 2738 3565 2802 εὐθὺς
3613 2739 3740 2792 επι-

2152 2831 2378 2904 φέρουσι
2403 2831 2656 2900 λέγοντες
2677 2846 2693 2862 ·
2741 2831 3063 2902 Εὐλογεῖτε
3078 2871 3093 2897 ,
3127 2830 3324 2885 πάντα
3349 2831 3423 2884 τὰ
3447 2830 3591 2899 ἔργα
3621 2833 3740 2884 Κυ-

2145 2923 2304 2994 ρίου,
2322 2923 2430 2977 τὸν
2447 2923 2672 2992 Κύριον
2691 2941 2706 2955 ·
2727 2923 2814 2978 ἵνα
2833 2923 3075 2996 Γαϐριὴλ
3101 2924 3196 2978 καὶ
3221 2923 3441 2996 Μιχαὴλ
3465 2923 3741 2994 εὐλογήσῃ

2154 3015 2376 3088 Πατέρα
2398 3016 2494 3070 καὶ
2517 3015 2646 3070 Yle
2679 3016 2774 3071 καὶ
2809 3015 2964 3086 ἅγιον
2995 3015 3240 3087 Πνεῦμα.

464 3119 519 3164 et
579 3109 872 3175 numerarL
909 3122 1035 3168 cum
1106 3107 1231 3162 aliis
1283 3114 1559 3178 oportere.
1616 3104 1754 3160 Nam
1801 3119 1928 3160 cum
1981 3104 2050 3160 ad
2088 3104 2259 3161 Deum
2284 3105 2690 3176 praedicandum
2710 3107 2900 3161 omnia
2943 3106 3039 3161 illa
3065 3113 3482 3177 provocassent,
3549 3104 3738 3160 statim

467 3199 570 3253 ista
607 3201 908 3271 subjiciunt
934 3215 950 3256 :
974 3203 1296 3270 Benedicite,
1360 3207 1541 3260 omnia
1585 3219 1747 3273 opera
1807 3203 2047 3272 Domini,
2077 3202 2348 3295 Domino;
2400 3203 2663 3258 nimirum
2712 3209 2775 3257 ut
2805 3201 3027 3258 Gabriel
3065 3209 3119 3258 et
3160 3199 3392 3258 Michael
3428 3199 3645 3256 Patrem
3683 3209 3736 3254 et

469 3293 664 3359 Filium
701 3297 1017 3353 collaudem
1050 3312 1115 3354 ac
1147 3298 1414 3371 Spiritum
1451 3309 1730 3356 sanetum.

537 3385 728 3444 XXVI.
768 3387 937 3444 Porro
979 3392 1320 3449 venerabiles
1373 3394 1552 3464 angeli
1610 3392 1944 3463 triumphale
1991 3393 2047 3447 in

2221 3389 2365 3456 ΚΦ.
2400 3387 2599 3459 Σεμνοὶ
2646 3387 2704 3442 δὲ
2751 3385 2973 3456 ἄγγελοι
3022 3386 3080 3440 ὲν
3109 3385 3324 3458 οὐρανῷ
3353 3385 3446 3440 τὸν
3475 3385 3740 3441 ἐπινίκιον

468 3478 610 3533 cmlo
632 3493 849 3535 carmen
867 3481 1186 3550 concinunt,
1217 3499 1325 3538 una
1360 3500 1485 3540 cum
1522 3485 1829 3556 serapliinis
1846 3493 1902 3541 et
1919 3486 2054 3541 che-

471 3569 682 3624 rubinis
717 3569 820 3639 31
855 3572 1156 3628 trinitatem
1179 3573 1367 3629 eadem
1399 3575 1590 3646 gloria,
1615 3575 1803 3632 eodem
1839 3577 2052 3646 ordine,

469 3661 769 3730 eademque
800 3662 1108 3718 substantia
1139 3665 1497 3734 praedicantes
1561 3682 1626 3722 ac
1657 3668 2053 3735 vociferantes,

473 3750 729 3819 Sanctus,
763 3764 1013 3822 sanctus,
1055 3767 1274 3811 sanctus
1309 3759 1354 3812 ¹.
1387 3759 1464 3814 Ac
1495 3767 1608 3814 tres
1643 3760 1863 3830 quidem
1892 3778 2056 3820 voces

471 3841 778 3914 proferunt,
815 3845 909 3900 sed
958 3861 1053 3902 eas
1119 3849 1492 3918 singulariter,
1534 3864 1644 3904 non
1685 3852 2058 3922 multipliciter

471 3935 804 4004 exprimunt.
854 3935 1040 4007 Neque
1084 3946 1303 4008 quarto,
1334 3937 1564 3994 Sanctus
1595 3939 1954 4006 addiderunt,
1990 3958 2058 3999 ne

474 4027 542 4081 ad
582 4026 868 4084 Trinitatis
920 4027 1342 4100 appellationem
1392 4031 1600 4102 aliquid
1646 4033 2052 4104 adiungerent:

472 4134 651 4189 neque
681 4120 765 4175 bis
798 4128 1032 4188 tantum,
1063 4121 1291 4179 Sanctus
1317 4125 1526 4191 dicunt,
1561 4140 1631 4180 ne
1661 4124 1918 4195 perfectae
1945 4127 2059 4198 glo-

475 4211 573 4265 riae
617 4211 895 4282 quidpiam
942 4214 1180 4269 deesset.
1215 4213 1322 4270 Sed
1369 4231 1488 4270 eam
1536 4232 1725 4272 vocem
1767 4225 1851 4273 ter
1893 4235 2059 4274 usur-

477 4309 634 4370 pant,
668 4310 728 4355 ut
766 4300 1002 4366 Patrem,
1053 4301 1249 4356 Filium
1285 4311 1340 4356 et
1377 4303 1641 4372 Spiritum
1676 4317 1928 4361 sanctum
1963 4323 2059 4362 εο-

477 4392 602 4446 dem
650 4391 858 4446 honore
899 4399 1312 4446 consecrarent.
1341 4391 1712 4460 Nondicunt,
1745 4394 1973 4452 Sanctus
2006 4404 2063 4452 et

479 4478 851 4544 semisanctus,
877 4493 1068 4533 verum
1100 4479 1383 4550 aequaliter
1410 4481 1613 4550 ubique
1631 4521 1647 4547 ,
1679 4483 1911 4539 Sanctus
1939 4501 2064 4556 pro-

488 4570 694 4634 ferunt,
735 4576 796 4624 ut
830 4584 938 4624 una
971 4584 1131 4637 voce,
1172 4585 1392 4642 unoque
1431 4586 1706 4638 sermone,
1755 4582 1920 4645 atque
1953 4592 2061 4632 una

482 4659 818 4731 perfectione
845 4668 899 4716 et
932 4658 1252 4717 Trinitatem
1278 4662 1334 4717 in
1364 4662 1574 4719 unitate
1624 4671 1680 4720 et
1711 4664 1972 4721 unitatem
2003 4667 2058 4721 in

2157 3481 2324 3552 ὕμνον
2349 3480 2556 3552 ᾅδουσι,
2587 3480 2684 3545 σὺν
2723 3478 2965 3550 σεραφὶμ
2989 3478 3084 3532 xal.
3112 3478 3379 3549 χερουϐὶμ
3402 3477 3500 3548 τὴν
3533 3479 3741 3549 Τριάδα

2155 3570 2426 3642 ὁμοδόξως
2439 3572 2532 3625 καὶ
2543 3571 2875 3642 ὁμοστοίχως
2891 3572 2986 3626 καὶ
3006 3570 3304 3641 όμοουσίως
3314 3568 3630 3634 δοξάζοντες
3646 3571 3742 3624 καὶ

2155 3663 2405 3732 λέγοντες
2449 3662 2510 3715 τὸ
2529 3702 2545 3726 ,
2593 3661 2787 3730 Ἄγιος
2810 3699 2825 3722 .
2852 3662 3045 3730 Ἄγιος
3063 3700 3079 3724 ,
3109 3661 3336 3729 Ἄγιος,
3374 3661 3524 3728 τρεῖς
3556 3659 3742 3728 φωνὰς

2155 3751 2568 3816 ἀποτελοῦντες,
2600 3751 2658 3805 ἐν
2691 3749 2904 3819 ἑνότητι
2950 3750 3008 3803 δὲ
3052 3748 3321 3817 λέγοντες,
3355 3748 3451 3800 καὶ
3487 3748 3549 3799 οὐ
3584 3749 3748 3801 πολυ-

2155 3841 2409 3913 ωνύμως.
2452 3842 2526 3895 Οὐ
2556 3841 2664 3912 γὰρ
2696 3841 2948 3909 λέγουσιν
2987 3839 3182 3908 Ἄγιος
3210 3839 3498 3907 τέταρτον,
3540 3838 3630 3892 ἶνα.
3665 3841 3745 3911 μὴ

2156 3933 2434 4007 προσθῶσι
2468 3934 2534 4003 τῇ
2567 3932 2667 4002 τῆς
2715 3930 2759 3982 Τ
2765 3928 2946 4001 ριάδος
2984 3927 3286 3998 ὀνομασίᾳ·
3313 3927 3374 3979 οὐ
3405 3925 3622 3994 λέγουσι
3659 3928 3744 3992 δὶς

2155 4026 2217 4079 τὸ
2242 4025 2457 4094 Ἄγιος,
2500 4021 2586 4075 ἵνα
2623 4021 2698 4094 μὴ
2726 4020 2950 4092 ἐλλιπὴς
2993 4020 3080 4090 εἴη
3113 4020 3148 4091 ἡ
3187 4016 3314 4082 δόξα
3339 4017 3439 4088 τῆς
3477 4017 3739 4088 τελειότη·

2155 4135 2279 4183 τος·
2329 4117 2468 4172 ἀλλὰ
2510 4115 2660 4188 τρὶς,
2710 4115 2798 4168 ἵνα
2850 4113 3074 4184 Πατέρα
3125 4111 3220 4165 καὶ
3271 4109 3401 4162 Υῑδν
3443 4109 3538 4162 καὶ
3588 4110 3744 4178 ἅγιον

2159 4209 2385 4282 Πνεῦμα
2413 4211 2472 4263 ὲν
2497 4211 2564 4279 τῇ
2588 4209 2727 4280 αὕτῇ
2756 4210 2890 4278 τιμῇ
2921 4207 3213 4274 ἀγιάσωσι.
3247 4205 3358 4258 Καὶ
3383 4204 3443 4257 οὐ
3469 4203 3740 4272 λέγουσιν·

2166 4298 2359 4368 Ἄγιος
2410 4299 2506 4352 καὶ
2546 4298 2852 4368 ήμιάγιος,
2901 4285 3174 4359 ἀλλ”ῐσως
3201 4295 3420 4364 λέγουσι
3446 4295 3527 4360 τὺ,
3548 4296 3743 4364 Ἄγιος
3799 4301 3802 4303 “

2163 4390 2261 4458 μιᾷ
2283 4389 2456 4457 φωνῇ,
2487 4386 2583 4438 καὶ
2610 4387 2691 4438 ἑνὶ
2725 4386 2895 4454 λόγῳ.
2931 4385 3023 4438 καὶ
3054 4385 3152 4456 μιᾷ
3183 4385 3504 4457 τελειότητι,
3523 4386 3735 4456 Τριάδα

2157 4478 2472 4546 δοξάζοντες
2505 4477 2640 4549 ὁμοῦ
2671 4479 2728 4532 ὲν
2757 4476 3006 4546 ὲνότητι,
3053 4477 3146 4530 καὶ
3184 4477 3412 4548 ἑνότητα
3440 4479 3499 4531 ὲν
3525 4476 3738 4549 Τριάδι.

2159 4570 2373 4642 Ταύτην
2401 4568 2510 4640 γὰρ
2541 4569 2642 4640 τὴν
2674 4566 2876 4636 γνῶσιν
2905 4563 3068 4638 ἦλθεν
3105 4569 3134 4621 ὁ
3155 4567 3463 4638 Μονογενὴς
3485 4567 3579 4621 τοῦ
3603 4568 3741 4621 Θεοῦ

2161 4665 2310 4735 ἡμᾶς
2345 4662 2583 4729 διδάξαι·
2619 4661 2825 4732 ταύτην
2855 4661 2954 4732 τὴν
2995 4660 3212 4715 σύνεσιν
3243 4663 3375 4732 ἡμῖν
3421 4660 3654 4732 ἐκήρυξε
3680 4661 3743 4714 τὸ

482 4753 750 4811 Trinitate
789 4757 1084 4812 celebrent.
1119 4754 1401 4825 Eiusmodi
1446 4755 1649 4828 quippe
1685 4757 1970 4812 scientiam
2000 4768 2052 4814 ul

2164 4759 2316 4826 ἅγιον
2361 4753 2588 4825 Πνεῦμα
2608 4769 2622 4784 ·
2671 4753 2876 4825 ταύτην
2904 4753 3004 4825 τὴν
3029 4753 3346 4822 τελειότητα
3390 4751 3743 4820 ἀπεκάλυψεν

483 4861 587 4901 nos
618 4846 834 4903 doceret
858 4847 1055 4901 unicus
1087 4845 1180 4901 Dei
1209 4845 1382 4903 Filius
1402 4849 1659 4903 accessit.
1705 4847 1858 4903 Hanc
1884 4850 2060 4920 ipsam

482 4938 645 4994 nobis
709 4939 1034 5010 sapientiam
1103 4947 1330 4994 sanctus
1411 4939 1653 5010 Spiritus
1724 4943 2058 5011 prmdicavit.

486 5032 639 5088 Hane
706 5031 1091 5104 perfectionem
1145 5033 1402 5104 patefecit
1443 5033 1624 5091 Pater.
1677 5034 1830 5089 llanc
1884 5036 2061 5106 ipsam

483 5123 650 5178 vitam
682 5122 1026 5178 incarnatum
1053 5122 1291 5178 Verbum
1318 5137 1507 5177 revera
1538 5122 1790 5196 la'rgitum
1817 5133 1932 5190 est;
1957 5126 2061 5180 hoc

487 5213 777 5269 aedilicium
807 5213 1054 5284 Spiritus
1085 5222 1313 5271 sanctus
1337 5215 1498 5270 nobis
1520 5216 1827 5271 exstruxit:
1857 5213 1918 5270 Si
1941 5216 2058 5285 quis

486 5308 626 5362 enim
668 5323 824 5376 super
856 5308 953 5362 hoc
996 5307 1402 5376 fundamentum
1451 5308 1807 5362 construxerit
1845 5324 2057 5374 aurum,

490 5410 785 5471 argentum,
816 5400 1017 5471 lapides
1039 5401 1315 5470 pretiosos,
1352 5401 1516 5470 ligna,
1549 5400 1746 5470 fenum,
1785 5399 2058 5468 stipulam,

491 5495 569 5548 ait
609 5494 906 5564 Apostolus
929 5495 971 5548 ³.
999 5490 1426 5546 Fundamentum
1465 5492 1608 5546 enim
1649 5486 1857 5542 nullum
1907 5481 2056 5539 aliud

487 5593 592 5642 est.
633 5585 912 5657 Siquidem
942 5584 1338 5656 fundamentum
1367 5581 1514 5636 aliud
1535 5598 1699 5636 .nemo
1727 5597 1914 5652 ponere
1945 5591 2062 5651 pot-

571 5746 589 5779 ³
632 5745 764 5806 Dan.
791 5765 876 5818 ιιι,
913 5747 982 5804 δε
1010 5766 1132 5822 sqq.
1195 5751 1215 5782 ¹¹
1268 5746 1370 5804 lsa.
1407 5762 1482 5813 vr,
1522 5746 1574 5800 3.
1655 5743 1675 5774 ³
1712 5741 1885 5798 lCor.
1928 5743 2010 5807 in,
2056 5741 2141 5796 ιε.

2161 4851 2294 4922 ἡμῖν
2323 4851 2352 4902 ὁ
2380 4848 2598 4918 Πατήρ·
2642 4846 2701 4898 ὲν
2731 4844 2962 4916 ἀληθείᾳ
3002 4843 3208 4914 ταύτην
3248 4843 3349 4912 τὴν
3383 4843 3528 4912 ζωὴν
3563 4840 3743 4913 ὲχαρί·

2163 4959 2294 4996 σατο
2334 4943 2467 5013 ἡμῖν
2502 4939 2808 5011 σαρκωθεὶς
2847 4940 2875 4992 ὁ
2920 4937 3130 5006 Λόγος·
3166 4935 3372 5006 ταύτην
3403 4933 3502 5004 τὴν
3537 4933 3742 4986 οἰκοδο-

2165 5032 2270 5104 μὴν
2297 5031 2645 5103 ᾠκοδόμησεν
2675 5033 2808 5101 ἡμῖν
2840 5029 2903 5082 τὸ
2945 5028 3100 5096 ἅγιον
3125 5024 3372 5095 Πνεῦμα.
3404 5025 3479 5079 El
3515 5041 3604 5088 τις
3632 5023 3741 5093 γὰρ

2158 5121 2538 5193 ἐποικοδομεῖ
2573 5121 2673 5174 ἐπὶ
2722 5120 2831 5174 τὸν
2882 5117 3157 5189 θεμέλιον
3197 5117 3413 5172 τοῦτον
3458 5115 3738 5184 χρυσίον,

2163 5213 2446 5285 ἄργυρον,
2476 5213 2689 5278 λίθους
2709 5212 2961 5281 τιμίους,
2985 5210 3160 5275 ξύλα,
3185 5210 3424 5279 χόρτον,
3439 5205 3738 5275 καλάμην.

2166 5306 2240 5358 Οὐ
2275 5305 2383 5376 γάρ
2417 5307 2566 5358 ἐστιν
2592 5303 2752 5366 ἄλλος
2786 5303 3056 5374 θεμέλιος.
3091 5301 3377 5370 Θεμέλιον
3402 5297 3511 5366 γὰρ
3547 5296 3740 5349 ἄλλον

2166 5397 2365 5463 οὐδεὶς
2383 5396 2632 5451 δύναται
2653 5396 2840 5450 θεῖναι
2859 5396 3019 5466 παρὰ
3042 5394 3147 5449 τὸν
3170 5394 3466 5462 κείμενον,
3486 5389 3554 5454 ὅς
3572 5390 3742 5442 ἐστιν

2179 5489 2408 5557 Ἰησοῦς
2433 5488 2706 5558 Χριστὸς,
2751 5491 2782 5543 ό
2820 5487 2952 5555 Υἱὸς
2984 5487 3090 5541 τοῦ
3129 5485 3306 5549 Θεοῦ,
3338 5479 3409 5539 οὗ
3440 5483 3629 5552 ἐσμεν
3660 5481 3741 5533 οι-

2170 5581 2397 5652 κοδομὴ
2419 5622 2434 5649 ,
2465 5581 2561 5635 καὶ
2597 5576 2669 5638 οὗ
2713 5581 2904 5650 ἐσμεν
2927 5578 3226 5650 γεώργιον,
3258 5571 3738 5644 οὶκοδομηθέντες
