2006 3105
125 137 161 165 65
810 125 915 155 ANCOI

969 126 1033 156 'US.
1720 128 1758 156 66

122 183 173 211 tat
187 183 242 210 τὸν
263 180 402 219 θεμέλιον
415 184 577 219 προφητῶν
596 193 628 212 τε
642 185 691 212 καί
716 185 898 213 ἀποστόλων·
908 194 915 202 ·

969 192 1006 214 est
1020 192 1117 222 prwter
1129 188 1157 215 id
1167 188 1237 224 quod
1247 188 1363 222 positum
1378 192 1417 217 est
1426 208 1434 221 ,
1447 187 1518 224 quod
1534 192 1573 215 est
1591 186 1670 216 Jem
1681 187 1760 216 Chri-

122 229 171 256 τοῦ
187 229 286 256 εἰδέναι
306 230 355 266 τὴν
377 231 456 266 ἡμῶν
472 231 616 267 οἰκοδομὴν
631 251 639 264 ,
658 232 772 266 στερεὰν
787 229 870 259 οὖσαν
886 233 916 259 ἐν

122 274 257 310 ἀληθείᾳ,
277 277 325 302 καὶ
345 275 391 302 τὸν
407 276 486 312 ἡμῶν
501 276 627 312 θεμέλιον
644 278 688 304 ἀεὶ
708 278 785 310 ὄντα,
810 279 858 305 καὶ⁵
878 279 916 315 μὴ

121 320 276 355 ἀρξάμενον
300 320 346 347 τοῦ
372 318 452 349 εἶναι.
474 322 546 348 Ἀλλ’
560 323 610 349 οὐκ
626 323 656 350 ἐν
672 323 754 349 πᾶσιν
777 324 794 359 ἡ
816 324 916 358 γνῶσις

120 366 194 393 κατὰ
211 367 256 393 τὸν
272 366 451 395 ἁποπολικὸν
464 368 554 401 λόγον,
575 368 633 395 ἀλλ’
656 369 685 395 ἐν
705 370 763 401 τοῖς
784 369 917 402 καταξιω-

121 412 192 439 θεῖσι
206 412 344 447 Πνεύματι
363 413 435 449 ἁγίῳ
457 413 493 440 τὰ
515 414 566 449 τῆς
586 414 717 449 ἀληθείας
739 414 839 441 εἰδέναι
867 423 918 450 μυ-

122 458 231 493 στήρια.
250 459 347 490 Ali-col;
359 459 367 474 ¹
395 459 451 495 γὰρ
467 459 481 485 ὁ
499 459 678 494 ἀποκαλύψας
694 460 791 487 ἑαυτὸν
808 460 855 487 καὶ
871 460 917 488 τὸν

121 502 218 529 ἑαυτοῦ
234 503 342 538 Πατέρα
357 504 403 530 καὶ
420 503 451 530 τὺ
466 504 543 538 ἅγιον
555 504 678 541 Πνεῦμα,
692 505 917 542 ἐπιμεμφόμενός

120 558 198 582 τινας
220 549 274 576 τῶν
301 550 330 576 ἐν
356 550 479 585 ἀγνωσία
504 550 614 585 ἔλεγεν·
641 552 702 579 Οὺκ
738 552 839 579 οἴδατε
863 553 917 586 τὰς

121 596 256 631 Γραφὰς,
275 596 336 623 οὐδὲ
355 596 405 632 τὴν
419 596 534 632 δύναμιν
547 596 654 623 αὐτῶν·
675 597 722 624 καί
738 597 820 624 πάλιν
836 598 918 625 ἀλλα-

121 643 183 678 χόθι
192 652 199 658 ·
220 643 247 669 '0
261 639 420 677 ἐχων“ὧτα
435 643 567 675 ἀκούειν,
581 643 714 671 ἀκουέτω
725 651 733 659 ·
751 644 799 671 καὶ
818 644 899 671 πάλιν
908 653 915 660 ·

123 689 159 715 Εἰ
178 688 262 723 ᾔδεις
283 689 330 721 τίς
345 688 432 715 ἐστιν
445 689 462 714 ό
477 687 572 722 ζητῶν
587 689 668 724 παρὰ
686 689 744 716 σοῦ
765 690 859 722 πιεῖν,
876 689 917 717 σὺ

121 733 162 760 ἂν
177 734 303 768 ᾔτησας,
319 735 352 769 τῇ
370 733 547 769 Σαμαρείτιδι
564 733 655 769 ἐλεγε-
671 734 718 761 καὶ
734 734 816 762 πάλιν
826 743 833 749 ·
854 736 916 762 οὐκ

121 778 223 805 cloare
242 779 307 805 οἵου
324 778 494 813 πνεύματός
513 779 594 806 ἐστε.
616 779 687 816 Ἀρα
707 776 755 806 οὖν
777 780 793 815 ἡ
817 779 918 814 γνῶσις

122 823 172 850 οὐκ
188 824 217 851 ἐν
233 825 299 851 πᾶσι
309 833 316 839 ·
337 824 496 860 χαρίσματα
512 824 566 860 γὰρ
578 824 635 860 ἔχει
656 825 689 851 ἐκ
705 824 772 851 Θεοῦ
789 825 916 861 διάφορα,

125 870 173 896 καί
186 878 270 905 φησιν
285 871 300 897 6
315 870 392 904 ἅγιος
407 870 501 903 λόγος·
514 867 552 905 ’ᾭ
566 869 678 897 δίδοται
690 870 915 904 περισσότερον,
932 865 953 892 Β

125 917 344 950 περισσότερον
360 916 586 950 ἀπαιτήσουσιν
599 916 709 943 αὐτόν·
721 916 759 948 ὡς
770 916 852 943 τινῶν
867 917 917 952 μὲν

122 961 316 996 λαμϐανόντων
335 962 434 997 βραχὺ,
452 962 533 989 τινῶν
552 961 581 988 δὲ
602 962 657 989 οὐδ’
676 962 754 995 ὅλως,
777 962 865 989 ἄλλων
887 963 916 989 δέ

122 1007 324 1043 περισσοτέρως
336 1007 496 1042 εἰληφότων.

968 238 1025 260 stus
1040 232 1127 261 Filius
1139 234 1188 261 Dei
1201 236 1212 250 ²
1230 245 1236 262 :
1254 235 1329 269 cujus
1340 235 1483 268 wdi/icatio
1498 242 1589 261 sumus
1601 238 1626 261 et
1643 240 1760 269 agricult-

969 284 1047 312 tura,
1063 279 1191 313 a'di/icati
1206 289 1287 315 supra
1311 280 1512 316 fundamentum
1535 280 1721 314 prophetarum
1734 284 1760 307 et

969 324 1153 359 apostolorum
1171 324 1181 340 ³
1198 334 1205 352 :
1227 330 1256 352 ut
1274 330 1440 353 structuram
1457 330 1580 353 nostram
1597 325 1624 352 in
1646 326 1761 353 veritate

968 370 1089 404 llrmam,
1106 377 1138 397 ac
1163 370 1372 398 fundamentum
1396 375 1519 398 nostrum
1539 374 1668 398 internum
1686 378 1759 402 esse,

968 422 1019 443 nec
1034 415 1120 443 ullum
1142 415 1249 443 initium
1269 416 1397 444 habuisse
1421 417 1565 444 sciremus.
1586 415 1684 444 Verum
1702 424 1758 443 non

968 461 1039 488 inest
1055 462 1183 490 omnibus
1198 462 1325 494 scientia,
1344 465 1373 489 ut
1396 465 1514 489 testatur
1534 461 1694 497 Apostolus,
1709 463 1757 490 sed

968 507 1004 534 iis
1018 507 1161 540 duntaxat,
1179 507 1226 542 qui
1243 508 1365 535 veritatis
1388 508 1517 543 mysteria
1537 508 1623 535 sancti
1639 507 1760 543 Spiritus

969 553 1104 581 beneﬁcio
1128 554 1271 589 percipere
1291 557 1462 581 meruerunt.
1482 553 1588 580 Etenim
1613 554 1658 581 ille
1681 554 1759 589 ipse,

968 599 1061 633 quise
1081 607 1113 626 ae
1138 598 1245 626 Patrem
1263 603 1290 627 et
1314 598 1446 634 Spiritum
1470 603 1594 626 sanctum
1615 599 1759 634 patefecit,

968 644 1117 672 nonnullos
1137 645 1183 680 qui
1201 645 1353 680 ignorantia
1369 645 1551 678 laborabant,
1568 645 1736 679 red-arguens
1753 653 1759 671 :

969 689 1097 720 Nescitis,
1117 690 1216 725 inquit,
1235 689 1390 724 Scripturas
1405 693 1427 723 δ,
1449 698 1538 725 neque
1553 690 1606 717 vim
1624 690 1758 725 ipsarum.

968 734 1038 762 Tum
1055 735 1110 762 alio
1123 735 1201 762 loco:
1217 735 1270 768 Qui
1285 735 1361 762 liabet
1379 744 1456 762 aures
1472 735 1607 767 audiendi,
1626 735 1719 761 audiat
1737 734 1759 761 '.

968 780 1035 808 Item
1051 780 1252 809 Samaritanam
1264 782 1424 816 alloquens:
1438 781 1468 808 Si
1482 782 1575 813 scires,
1592 781 1690 816 inquit,
1701 781 1760 816 quis

968 827 1012 859 sit,
1031 827 1104 862 quia
1119 832 1143 854 te
1158 833 1248 862 potant
1259 828 1383 863 ﬂagitat,
1401 832 1429 854 tu
1445 827 1477 854 ab
1495 828 1541 855 illo
1553 828 1671 862 petiisses
1687 828 1707 854 °.
1721 826 1761 853 Ac

968 879 1077 899 rursum
1095 881 1102 899 :
1132 872 1249 900 Nescitis
1274 873 1349 908 cujus
1372 874 1431 900 sitis
1444 874 1551 907 spiritus
1564 874 1585 900 ⁷.
1601 873 1687 908 Igitur
1707 880 1761 900 non

969 924 1065 946 omnes
1085 918 1199 946 scientia
1213 918 1319 954 praediti
1336 923 1410 947 sunt.
1425 918 1492 945 Nam
1506 918 1615 946 diversa
1629 918 1762 946 divinitus

969 964 1041 990 dona
1059 965 1310 996 communieantur,
1326 968 1417 999 atque,
1431 969 1460 990 ut
1472 963 1614 998 Scriptura
1625 968 1760 991 testatur:

969 1008 1020 1037 Cui
1040 1010 1154 1045 amplius
1178 1010 1271 1037 datum
1287 1015 1337 1042 est,
1357 1011 1471 1045 amplius
1491 1010 1524 1037 ab
1546 1019 1576 1038 eo
1595 1015 1710 1044 repetent
1726 1010 1737 1024 “
1753 1019 1760 1037 :

122 1053 204 1087 quasi
243 1053 366 1080 nonnulli
394 1053 523 1089 exiguum
551 1053 681 1089 quiddam
707 1053 854 1089 accipiant,
883 1055 930 1083 alii
963 1057 1074 1092 penitus
1105 1056 1184 1089 nihil,
1206 1057 1252 1084 alii
1279 1057 1393 1085 uberius
1420 1060 1447 1084 et
1471 1056 1658 1085 abundantius
1689 1056 1762 1083 obti~

122 1103 215 1127 neant.

157 1145 221 1172 KZ'.
231 1145 288 1172 Καὶ
303 1145 343 1172 ὅτι
359 1146 408 1182 μέν
423 1146 509 1173 ταῦτα
523 1146 610 1178 οὕτως
629 1146 697 1182 ἔχει,
711 1147 740 1180 ἐξ
755 1146 812 1183 (26)
828 1147 917 1174 αὐτῶν

120 1189 174 1217 τῶν
192 1190 222 1216 ἐν
240 1191 299 1221 ταῖς
317 1190 404 1223 θείαις
419 1192 542 1227 Γραφαίς
555 1192 709 1228 εἰρημένων
725 1192 800 1220 ἐστιν
814 1193 916 1229 εὑρεῖν.

121 1236 180 1271 Τῆς
185 1237 240 1272 γὰρ
247 1237 323 1269 θείας
330 1238 441 1274 Γραφῆς
449 1237 639 1274 πνευματικῶς
646 1239 795 1275 λεγομένης
800 1240 834 1267 τὰ
842 1240 918 1266 πλεῖ-

121 1290 172 1309 στα
194 1282 312 1317 μάλιστα
335 1284 400 1318 περὶ
416 1284 466 1319 τῆς
483 1284 622 1320 ἡμετέρας
634 1285 718 1320 ζωῆς,
732 1284 859 1320 γνώσεώς
876 1293 917 1318 τε,

120 1329 211 1363 φημὶ,
228 1329 276 1355 τοῦ
294 1329 396 1364 Κυρίου
407 1337 413 1344 ·
426 1330 477 1356 ὅσα
497 1330 550 1367 γὰρ
565 1331 624 1357 ἐστι
641 1330 789 1367 βαθύτερα,
807 1332 854 1358 καὶ
870 1340 918 1358 πε-

121 1375 289 1411 ρισσοτέρως
319 1377 369 1412 τὴν
393 1377 531 1413 ἡμετέραν
554 1377 645 1413 ψυχὴν
674 1377 918 1412 ἀπασφαλιζόμενα

122 1422 246 1457 ῥήματα,
258 1421 344 1448 ταῦτα
355 1422 396 1454 είς
411 1422 582 1458 πρόσκομμα
596 1424 653 1454 τοῖς
664 1423 714 1459 τὴν
728 1422 831 1458 γνῶσιν
844 1422 913 1449 Θεοῦ

122 1466 160 1500 μὴ
190 1466 370 1501 κατειληφόσι
396 1466 588 1502 συμϐέϐηκεν·
614 1466 653 1499 ὥς
682 1476 765 1503 φησιν
797 1467 877 1503 Ὠσηὲ
900 1469 914 1494 ὁ

121 1511 284 1546 προφήτης*
309 1510 358 1542 Τις
381 1511 509 1545 συνετὸς
522 1511 572 1538 καὶ
585 1512 718 1546 συνήσει
731 1512 842 1545 ταῦτα;
864 1512 914 1539 καί

119 1554 144 1590 ᾧ
156 1557 248 1592 λόγος
265 1556 406 1590 γνώσεως
425 1558 536 1592 Κυρίου
552 1557 669 1585 δέδοται
679 1578 686 1590 ,
702 1558 752 1585 καί
770 1558 915 1593 γνώσεται

119 1603 216 1635 αὐτά;
244 1603 289 1629 ὅτι
313 1602 424 1630 εὐθεῖαι
449 1603 479 1629 ai
504 1602 567 1630 ὁδοί
589 1603 711 1637 Κυρίου,
736 1603 855 1637 ἀσεϐεῖς
882 1603 916 1630 δὲ

120 1649 354 1683 προσκόψουσιν
375 1648 411 1675 ἐν
425 1647 540 1681 αὐταῖς.
563 1647 673 1674 Εὐθεῖαι
697 1648 746 1683 μὲν
763 1647 816 1684 γάρ
833 1650 913 1680 εἰσιν,

119 1696 178 1723 ἀλλ’
206 1695 231 1721 οἰ
261 1693 372 1726 ἀσεϐεῖς
395 1694 599 1730 προσ-κόπτουσι
623 1695 684 1726 ταῖς
706 1694 776 1726 ὁδοῖς
800 1695 913 1730 Κυρίου,

119 1739 249 1767 ἀναιτίων
272 1739 375 1766 τούτων
397 1739 486 1767 οὐσῶν
509 1739 664 1776 ἀνθρώποις
690 1739 914 1776 προσκόμματος.

120 1786 153 1812 Oi
168 1786 223 1821 γὰρ
240 1785 458 1821 προσκόπτοντες
472 1785 512 1821 τῷ
533 1785 600 1821 λίθῳ
621 1785 669 1812 τοῦ
685 1786 896 1821 προσκόμματος
906 1806 913 1819 ,

120 1831 275 1866 ἀδιαφόρως
291 1831 504 1867 προσκόπτουσι.
527 1830 705 1866 Προσέκοψαν
720 1830 776 1867 γὰρ
795 1831 835 1866 τῷ
848 1831 915 1867 λίθῳ

120 1877 167 1905 τοῦ
181 1878 397 1913 προσκόμματος
407 1898 415 1911 ,
429 1877 477 1904 καὶ
491 1877 739 1913 ἐσκανδαλίσθησαν
748 1887 754 1893 ·
769 1878 851 1910 εὐθὺς
865 1878 914 1914 μέν

120 1923 175 1958 γὰρ
193 1923 219 1949 οί
244 1923 365 1949 Ἰουδαῖοι
396 1923 514 1959 ὁρῶντες
540 1923 586 1949 τὸν
613 1922 745 1958 μονογενῆ
770 1923 835 1950 Υἰδν
866 1920 914 1950 τοῦ

120 1968 189 1995 8εοῦ
206 1969 235 1995 ἐν
250 1969 333 2002 σαρκὶ
353 1968 511 2003 ἐληλυθότα,
537 1968 700 2004 θεοσημείας
719 1968 913 2005 ἐργαζόμενον,

120 2014 169 2041 καὶ
189 2013 446 2049 μὴ.κατηξιωμένοι
465 2014 514 2049 τῆς
529 2014 655 2049 γνώσεως
677 2015 726 2050 τῆς
740 2015 913 2050 ἐπουρανίου,

119 2059 222 2093 ἔλεγον·
238 2060 284 2092 Τίς
293 2059 379 2086 ἐστιν
386 2061 402 2086 ό
410 2059 563 2093 ἅνθρωπος
571 2058 671 2093 οὗτος,
679 2060 713 2093 ὃς
723 2060 913 2091 λαλεῖβλασ-

119 2106 252 2140 scriptae;
277 2105 324 2132 καὶ
354 2105 465 2132 ἄλλοτε·
489 2105 524 2131 Εἰ
551 2103 591 2140 ἦν
611 2106 627 2131 ὁ
650 2105 805 2139 ἅνθρωπος
826 2102 915 2136 οὗτος

120 2151 154 2178 ἐκ
169 2150 255 2182 Θεοῦ,
271 2152 326 2178 οὐκ
347 2150 386 2177 ἂν
399 2150 473 2177 ἔλυε
490 2150 524 2176 τὸ
541 2150 705 2177 Σάϐϐατον.
724 2146 795 2186 ’Ἆρα
808 2147 854 2176 οὖν
865 2150 914 2185 τὴν
930 2163 955 2192 D

120 2197 241 2232 Θεὸτητα
265 2197 394 2231 ἠγνόουν,
415 2196 558 2232 ἄνθρωπον
579 2196 607 2223 δὲ
630 2195 707 2231 ψιλὸν
731 2196 811 2231 μόνον
834 2195 915 2222 αὑτὸν

120 2241 255 2276 ἐνόμιζον.
280 2241 312 2267 Οί
332 2241 361 2267 δὲ
384 2241 431 2267 καὶ
452 2240 519 2267 Θεὸν
533 2240 615 2267 αὑτὸν
633 2240 794 2274 ἐγνωκότες,
813 2240 913 2276 ἀγνοή-

122 2295 218 2318 σαντες
233 2286 282 2321 τὴν
302 2286 408 2313 τελείαν
428 2286 510 2313 αὐτοῦ
527 2286 620 2319 δόξαν,
644 2286 811 2318 ἀκούσαντες
829 2286 864 2313 τὰ
883 2287 912 2313 ἐν

122 2331 200 2367 βάθει
216 2331 281 2367 περὶ¹
296 2331 378 2358 αὑτοῦ
401 2331 534 2367 εἰρημένα
556 2331 683 2367 ῥήματα,
703 2330 750 2357 καὶ
772 2329 844 2356 κατὰ
861 2329 911 2365 τὴν

121 2378 162 2409 εἰς
190 2377 269 2413 ἡμῶν
293 2376 554 2412 πραγματευθεῐσαν
580 2376 714 2412 σωτήριον
745 2375 913 2410 οἰκονομίαν,

123 2423 301 2459 σφαλλόμενοι
319 2424 359 2455 εἰς
377 2423 427 2458 τὴν
441 2422 524 2449 αὑτοῦ
544 2422 674 2457 Θεότητα,
702 2420 894 2454 κακοδοξοῦσιν
905 2429 912 2437 ·

122 2470 223 2505 ἔσφηλε
237 2469 293 2505 γὰρ
307 2469 406 2501 αὐτοὺς
429 2469 447 2503 ἡ
469 2468 583 2494 διάνοια.
602 2467 647 2499 Ὣς
662 2468 717 2502 γὰρ
738 2468 762 2494 οἱ
791 2467 913 2494 Ἰουδαῖοι

123 2517 280 2552 ἐσφάλησαν
303 2515 481 2547 ἀκούσαντες,
504 2513 576 2540 οὕτω
598 2514 645 2540 καὶ
670 2513 747 2540 αὐτοὶ
768 2514 913 2545 ἀκούοντες

126 2563 284 2597 ἐσφάλοντο.
314 2561 428 2587 Ἐκεῖνοι
451 2560 506 2595 γὰρ
530 2559 623 2594 ἐώρων
649 2560 684 2586 τὰ
707 2560 736 2586 ἐν
759 2561 913 2595 προφήταις

123 2607 328 2644 προειρημένα.
352 2608 392 2638 εἰς
407 2606 437 2632 δέ
458 2605 507 2640 τὴν
523 2605 654 2640 ἐνσαρκον
673 2605 791 2641 Χριστοῦ
809 2615 912 2641 παρου-

124 2654 184 2682 σίαν
198 2653 377 2690 πληρωθέντα
392 2649 553 2685 ἀγνοοῦντες
565 2650 755 2685 ἐταράχθησαν
765 2659 771 2665 ·
781 2651 828 2677 καὶ
840 2649 912 2678 οὗτοι

357 2733 367 2746 ²
388 2729 472 2756 lCor.
490 2734 531 2757 ιιι,
553 2727 595 2752 Η.
632 2727 643 2742 ³
661 2727 706 2752 F'”

391 2764 562 2848 8?!“
582 2760 617 2787 48

391 2823 402 2848 ὲ
579 2825 582 2828 .

390 2823 454 2848 sar
579 2825 582 2828 '

160 2734 168 2749 ¹
181 2732 212 2760 F.
227 2733 318 2763 αὐτός.

126 2770 133 2785 ¹
156 2768 223 2795 Luc.
245 2776 281 2799 Ix,
302 2767 345 2794 55.

161 2827 218 2862 (26)
240 2824 371 2853 Voculam

818 2773 850 2797 ‘v,
871 2765 914 2791 10.

333 2896 566 3082 ἡ

333 2896 566 3082 ἡ

1006 1146 1060 1182 32
1081 1145 1186 1174 XXVII.
1207 1146 1284 1180 Quod
1300 1149 1391 1174 autem
1412 1146 1470 1174 haec
1495 1146 1532 1174 ita
1553 1153 1614 1174 sese
1630 1145 1762 1178 habeant,

971 1200 1003 1221 ex
1021 1194 1064 1220 his
1081 1201 1142 1229 qua:
1158 1193 1185 1220 in
1211 1193 1299 1221 sacris
1317 1192 1431 1220 Litteris
1447 1200 1577 1227 expressa
1602 1196 1677 1226 sunt,
1698 1192 1762 1219 licet

971 1239 1110 1275 colligere.
1126 1238 1194 1266 Nam
1209 1239 1351 1274 Scriptura
1368 1246 1447 1266 sacra
1463 1238 1579 1273 spiritali
1594 1246 1676 1266 sensu
1693 1245 1763 1265 con-

971 1290 1049 1320 cepta
1065 1285 1196 1320 pleraque
1217 1285 1249 1312 ad
1275 1285 1356 1311 vitam
1381 1284 1553 1319 salutemque
1584 1287 1705 1311 nostram
1730 1290 1763 1311 ac

973 1330 1078 1358 Domini
1093 1331 1278 1364 cognitionem
1294 1331 1413 1357 maxime
1431 1329 1584 1364 spectantia
1600 1329 1763 1364 complecti-

971 1380 1027 1404 tur.
1041 1376 1107 1409 Quae
1123 1377 1196 1404 enim
1222 1376 1411 1406 altiora-sunt,
1430 1383 1545 1411 quisque
1569 1376 1691 1403 animum
1711 1383 1764 1403 no-

967 1426 1056 1450 strum
1075 1422 1183 1450 munire
1209 1430 1241 1449 ac
1269 1422 1393 1450 stabilire
1419 1421 1525 1449 tirmius
1552 1426 1681 1456 possunt,
1705 1421 1763 1449 haec

966 1467 1021 1496 illis
1040 1467 1185 1495 oﬂ‘ensioni
1202 1475 1265 1495 esse
1280 1467 1370 1495 solent
1382 1467 1429 1502 qui
1448 1466 1495 1494 Dei
1511 1467 1655 1494 scientiam
1672 1466 1763 1501 adepti

968 1521 1024 1540 non
1044 1513 1146 1540 fuerint
1158 1532 1165 1545 ,
1185 1518 1215 1539 ut
1237 1511 1307 1539 Osee
1324 1512 1456 1546 propheta
1474 1515 1593 1538 testatur
1608 1520 1614 1539 :
1634 1511 1700 1544 Quis
1716 1520 1762 1538 sa-

968 1559 1042 1593 piens
1056 1564 1080 1585 et
1100 1558 1226 1594 intelliget
1242 1558 1317 1586 Iure?
1331 1562 1355 1585 et
1369 1558 1412 1585 cui
1422 1566 1508 1585 sermo
1521 1557 1637 1585 scienlia:
1654 1556 1763 1584 Domini

968 1605 1046 1631 datus
1060 1609 1110 1634 est,
1130 1609 1155 1631 et
1171 1609 1308 1639 cognoscet
1322 1604 1373 1631 ista
1384 1605 1397 1632 Ξ)
1413 1604 1538 1639 quoniam
1553 1607 1631 1630 recite
1643 1608 1703 1630 sunt
1714 1602 1764 1630 vita

969 1650 1090 1682 Domini.
1109 1655 1133 1678 et
1156 1651 1232 1684 impii
1259 1650 1293 1677 ad
1309 1658 1354 1677 eas
1370 1649 1502 1684 offendent
1516 1650 1537 1675 '.
1551 1650 1656 1684 Quippe
1682 1652 1764 1676 recta:

961 1701 1043 1729 'sunt,
1060 1697 1107 1725 sed
1121 1697 1155 1724 ad
1171 1696 1228 1724 vias
1240 1696 1301 1724 illas
1318 1695 1424 1722 Domini
1440 1695 1581 1723 offendunt
1595 1695 1682 1730 impii,
1695 1703 1758 1722 cum

969 1743 1022 1770 illze
1039 1751 1089 1778 per
1104 1750 1166 1771 sese
1190 1742 1225 1770 ab
1246 1741 1307 1777 ejus
1323 1741 1484 1769 ol'lensionis
1501 1741 1615 1768 crimine
1637 1741 1692 1768 sint
1712 1741 1763 1768 im-

968 1797 1075 1816 munes.
1090 1788 1158 1815 Nam
1176 1788 1223 1823 qui
1239 1787 1273 1815 ad
1299 1788 1417 1823 lapidem
1441 1787 1518 1815 illum
1534 1786 1694 1815 olfensionis
1711 1780 1763 1814 im-

969 1834 1099 1869 pingunt,
1124 1841 1174 1868 per
1202 1833 1329 1861 inertiam
1353 1840 1385 1859 ac
1413 1832 1589 1867 supinitatem
1609 1832 1759 1860 oll'endunt.

968 1878 1146 1907 Oﬂ'enderunt
1160 1878 1233 1906 enim
1254 1877 1288 1905 ad
1306 1877 1465 1905 oﬂ'cnsionis
1483 1877 1599 1912 lapidem
1610 1898 1618 1910 ,
1635 1882 1661 1905 et
1677 1884 1759 1905 scan-

968 1925 1061 1952 dalum
1077 1925 1152 1959 passi
1173 1928 1252 1957 sunt;
1283 1924 1418 1959 imprimis
1439 1923 1542 1955 Judtei,
1567 1931 1629 1950 cum
1648 1923 1760 1950 unicum

971 1969 1016 1997 Dei
1037 1969 1135 1996 Filium
1150 1976 1234 1997 carne
1249 1969 1393 2004 prmditum
1410 1969 1552 1996 advenisse
1567 1972 1722 2001 cernerent,
1735 1973 1762 1996 et

968 2014 1101 2042 miracula
1121 2018 1294 2050 patrantem,
1324 2014 1431 2042 caelesti
1451 2014 1609 2049 cognitione
1636 2014 1760 2041 destituti

968 2062 1006 2087 ita
1032 2061 1085 2087 sibi
1107 2064 1203 2087 mutuo
1218 2060 1369 2087 dicebant:
1393 2057 1459 2091 Quis
1476 2064 1514 2086 est
1531 2060 1608 2086 homo
1630 2059 1689 2091 iste,
1716 2059 1761 2093 qui

970 2105 1087 2139 loquitur
1104 2103 1281 2137 blasphemia‘lt
1299 2104 1341 2130 '°?
1358 2104 1434 2130 Alias
1458 2110 1523 2130 vero
1545 2112 1552 2130 :
1582 2102 1612 2130 Si
1625 2107 1692 2129 esset
1719 2102 1761 2128 hic

968 2148 1045 2176 homo
1064 2157 1080 2175 a
1103 2148 1166 2182 Deo,
1182 2156 1234 2176 non
1255 2148 1364 2175 solveret
1382 2147 1528 2175 Sabbatum
1541 2148 1573 2173 “.
1588 2146 1760 2173 Divinitatem

970 2195 1054 2231 igitur
1081 2195 1256 2230 ignorantes,
1287 2194 1391 2221 nudum
1422 2193 1497 2220 illum
1534 2192 1671 2219 hominem
1699 2198 1761 2219 esse

968 2241 1189 2276 suspicabantur.
1222 2240 1256 2267 At
1283 2240 1329 2268 isti
1349 2239 1434 2267 Deum
1448 2246 1510 2267 esse
1528 2245 1590 2265 eum
1611 2238 1686 2265 illum
1705 2245 1761 2264 non

966 2287 1101 2318 nesciant,
1113 2286 1261 2322 perlectam
1276 2286 1363 2320 ipsius
1379 2285 1536 2320 ignorantes
1549 2284 1680 2319 gloriam,
1697 2291 1760 2311 cum

968 2340 999 2360 ea
1013 2340 1075 2367 quae
1098 2332 1131 2358 de
1153 2332 1200 2359 illo
1215 2331 1349 2359 altissimo
1378 2337 1462 2358 sensu
1483 2329 1557 2357 dicta
1575 2333 1641 2357 sunt
1665 2329 1760 2356 audie-

967 2378 1033 2412 rint,
1049 2378 1077 2405 in
1097 2377 1170 2405 illius
1194 2377 1338 2404 divinitate
1353 2376 1503 2404 titubantes
1522 2379 1549 2403 et
1567 2378 1708 2406 errantes.
1726 2375 1759 2402 ad

968 2423 1089 2451 nefarias
1102 2423 1248 2458 opiniones
1267 2421 1415 2450 deﬂectunt
1431 2431 1438 2449 :
1459 2429 1529 2457 quos
1548 2420 1657 2456 quidem
1682 2427 1759 2448 mens

967 2469 1201 2505 intelligentiaque
1215 2476 1265 2496 sua
1288 2472 1462 2496 transversos
1487 2467 1514 2494 in
1540 2473 1661 2494 errorem
1683 2465 1759 2493 abri-

967 2516 1036 2552 puit.
1051 2514 1119 2542 Nam
1135 2518 1165 2542 ut
1174 2513 1260 2542 Judaei
1272 2518 1451 2550 posteaquam
1464 2512 1620 2544 audierunt,
1633 2510 1760 2539 aberrare

966 2563 1129 2596 coeperunt:
1156 2560 1196 2587 sic
1212 2563 1239 2586 et
1253 2559 1292 2586 illi
1313 2558 1465 2587 secundum
1490 2557 1657 2584 auditionem
1678 2556 1705 2584 in
1719 2564 1759 2584 er‘

967 2615 1056 2638 rorem
1078 2605 1197 2642 prolapsi
1209 2609 1283 2633 sunt.
1297 2603 1384 2632 Judaei
1400 2611 1461 2638 qua}
1477 2610 1491 2630 a
1508 2602 1647 2638 prophetis
1663 2601 1759 2637 pracdi—

967 2657 1011 2679 cta
1027 2651 1136 2679 fuerant
1154 2651 1286 2684 videntes,
1308 2653 1335 2678 et
1355 2650 1383 2676 in
1400 2649 1510 2676 Christo
1529 2648 1562 2676 ad
1579 2648 1683 2676 exitum
1698 2655 1759 2683 per-

782 2736 811 2760 Il,
832 2730 876 2757 20.
914 2730 925 2745 ⁵
946 2729 1041 2756 Matth.
1063 2737 1130 2761 xx",
1151 2730 1194 2757 29.
1234 2729 1245 2745 ⁵
1265 2727 1361 2756 Matth.
1382 2735 1422 2760 XI,
1446 2726 1486 2754 I5.
1524 2726 1534 2743 ‘
1553 2725 1634 2754 Joan.
1654 2732 1693 2759 tv,
1712 2724 1758 2753 to.

954 2765 976 2780 ¹⁰
997 2764 1063 2791 Luc.
1085 2773 1110 2796 ν,
1131 2766 1175 2791 21.
1216 2764 1236 2780 ¹¹
1257 2763 1335 2792 Joan.
1356 2771 1395 2796 ix,
1416 2762 1459 2790 16.

854 2842 858 2844 μ
880 2821 970 2850 eidem
988 2819 1172 2850 restituimus.
