4012 6210
472 261 551 318 ,67
1892 252 1953 310 S.
1992 248 2345 310 EPIPHANII
2802 260 3020 318 πει...-
3683 251 3757 311 68

485 278 548 318 (ΓΙ
1893 278 1953 310 οδ
1992 278 2340 310 ιιίιίιιιιῐιι
3683 278 3753 311 un

480 375 644 432 ducta
674 383 1006 453 nescientes,
1042 359 1462 443 perturbatione
1487 369 1746 429 commoti
1774 378 1937 437 sunt;
1968 369 2059 424 isti
2088 376 2136 432 Α
2164 370 2331 426 πάλιν
2385 371 2476 426 διὰ
2518 370 2622 442 τὴν
2668 278 3753 442 aumﬁmstpwiu

480 479 515 520 ο
544 462 826 519 contrario
860 477 984 531 qua:
1013 460 1083 516 ad
1114 459 1321 515 Christi
1374 458 1808 514 incarnationem
1839 459 2063 513 oracula

481 554 779 625 pertinent,
811 552 1117 619 audientes,
1155 551 1249 607 sed
1285 551 1473 621 jejune
1502 558 1670 620 atque
1720 549 1937 605 exiliter
1968 565 2063 605 ac-

482 648 771 717 cipientes,
806 660 1059 716 peraeque
1087 644 1398 707 turbantur,
1429 653 1484 697 et
1504 658 1627 712 quae
1653 641 1719 696 ad
1749 641 2065 697 mdiﬁcatio—

485 753 611 793 nem
675 745 924 794 nostram
985 737 1193 807 scripta
1227 743 1378 800 sunt,
1436 748 1594 789 suam
1643 732 1710 787 ad
1764 734 2064 803 perniciem

484 831 826 903 exitiumque
866 828 1170 899 proferunt.
1208 827 1324 882 Hoc
1350 827 1497 883 enim
1531 825 1802 895 objiciunt
1834 843 1848 881 :
1900 825 2065 897 Atqui

484 923 742 979 Christus
781 922 922 978 dixit
952 941 965 976 :
1000 920 1112 991 Ego
1147 920 1280 974 vado
1309 921 1376 971 ad
1415 918 1581 973 Deum
1615 934 1787 973 meum
1812 927 1864 973 et
1902 918 2066 973 Deum

483 1023 736 1078 uestrum,
762 1012 978 1068 Patrem
1005 1026 1175 1065 meum
1192 1018 1242 1064 et
1269 1009 1490 1065 Patrem
1510 1019 1744 1066 vestrum
1763 1009 1805 1065 ¹.
1831 1008 2068 1065 Videsne

485 1115 547 1162 ut
577 1108 721 1161 inter
769 1110 982 1158 creatas
1023 1116 1113 1156 res
1156 1102 1248 1158 ille
1280 1102 1616 1158 censeatur?
1650 1101 1744 1157 Sic
1790 1100 1937 1156 enim
1970 1114 2068 1171 per

484 1211 752 1255 summam
779 1195 834 1248 in
864 1193 1034 1248 Deum
1059 1196 1450 1251 contumeliam
1476 1195 1754 1265 jactitaut.

550 1289 660 1358 33
700 1284 946 1339 XXVIII.
988 1283 1181 1341 Jamne
1203 1286 1367 1356 igitur
1398 1284 1789 1342 animadvertis
1807 1284 2069 1357 quemad-

483 1381 706 1437 modum
738 1377 1048 1433 Salvatoris
1079 1378 1390 1433 incarnatio
1420 1378 1630 1435 erroris
1668 1378 1777 1433 illis
1818 1378 2071 1434 occasio-

484 1486 609 1526 nem
629 1470 904 1543 praebeat?
930 1469 1200 1541 Repetam
1228 1472 1373 1527 enim
1395 1487 1519 1541 qua:
1539 1472 1607 1527 ab
1635 1471 1794 1526 initio
1820 1470 2066 1537 fuerunt,

484 1576 553 1617 ac
575 1562 644 1617 de
670 1566 1013 1634 temporibus
1040 1563 1124 1618 vel
1156 1562 1579 1633 tempestatibus
1617 1561 1920 1632 inquirant.
1945 1560 2071 1616 Exi-

486 1664 571 1708 tus
620 1657 780 1722 enim,
820 1656 1019 1728 inquit,
1054 1654 1223 1725 ipsius
1273 1653 1510 1710 adiebus
1547 1654 1860 1711 wternitatis
1890 1655 1933 1707 ’.
1976 1654 2071 1708 Vi-

486 1746 716 1803 deamus
769 1747 936 1819 igitur
978 1762 1042 1804 ea
1077 1762 1201 1817 quae
1232 1754 1392 1803 antea
1439 1752 1860 1815 praecesserunt.
1908 1744 2069 1800 Pater

488 1838 635 1893 hunc
666 1838 721 1895 in
749 1838 970 1893 modum
1003 1839 1219 1893 locutus
1245 1846 1330 1895 est
1364 1855 1378 1891 :
1402 1835 1692 1890 Faciamus
1713 1836 1973 1893 hominem
2000 1834 2069 1889 ad

489 1929 773 1999 imaginem
804 1940 1042 1985 nostram
1078 1941 1132 1986 et
1164 1930 1233 1984 ad
1277 1926 1699 1984 similitudinem.
1731 1926 1848 1985 Non
1878 1926 2017 1983 dixit
2054 1943 2067 1979 :

489 2021 711 2079 Faciam
745 2024 1022 2080 hominem
1050 2022 1114 2078 ad
1146 2021 1436 2092 imaginem
1459 2032 1656 2075 meam.
1678 2017 1779 2074 Vel
1809 2019 1923 2077 haec
1953 2018 2071 2088 ipsa

491 2121 546 2168 te
586 2115 748 2169 verba
776 2116 1109 2186 redarguere
1134 2113 1367 2172 debent.
1402 2111 1717 2181 quicunque
1746 2110 2070 2166 obduratum

490 2220 589 2257 cor
620 2206 789 2260 habes
816 2207 891 2259 uti
922 2205 1188 2273 scriptum
1220 2209 1302 2256 est
1348 2220 1361 2256 :
1397 2200 1501 2256 Sed
1531 2199 1849 2254 obduratum
1875 2211 1951 2255 est
1982 2217 2073 2255 cor

488 2310 673 2350 eorum
704 2295 747 2347 ³.
795 2294 1143 2351 Disce.Illinc
1178 2291 1374 2344 Filium
1420 2290 1565 2360 apud
1597 2290 1812 2347 Patrem
1857 2304 2073 2361 semper

489 2387 792 2444 exstitisse.
820 2386 957 2441 Nam
985 2386 1091 2441 hoc
1119 2384 1343 2440 verbum
1371 2401 1385 2438 :
1426 2380 1739 2448 Faciamus,
1766 2398 1877 2439 non
1902 2398 2072 2440 unum

489 2482 759 2536 duntaxat
805 2478 1120 2550 signiﬁcat,
1184 2476 1280 2534 sed
1311 2475 1531 2532 Patrem
1578 2490 1697 2531 cum
1742 2474 1879 2530 Filio
1907 2476 2074 2531 collo-

490 2581 754 2641 quentem
799 2569 1081 2640 exprimit.
1129 2566 1333 2621 Eadem
1373 2573 1428 2621 te
1465 2582 1573 2621 vox
1611 2566 1705 2622 illa
1740 2566 2071 2635 convincat,

484 2663 741 2735 quisquis
786 2661 935 2716 Patri
987 2659 1311 2716 dissimilem
1353 2673 1480 2714 esse
1519 2656 1720 2712 Filium
1771 2658 2071 2714 existimas.

489 2756 606 2811 Hoc
656 2757 803 2812 enim
849 2754 970 2824 ipso
1004 2752 1149 2824 quod
1190 2750 1342 2817 dicit,
1380 2750 1450 2807 ad
1478 2751 1759 2821 imaginem
1796 2757 2072 2814 nostram,

489 2845 615 2902 Filii
649 2844 1066 2904 similitudinem
1105 2857 1136 2897 a
1167 2840 1330 2896 Patre
1364 2856 1474 2896 non
1511 2840 1802 2911 disjunxit,
1827 2854 1931 2895 nec
1965 2839 2077 2894 ulla

489 2952 551 2993 re
579 2934 761 2992 Patris
793 2933 1131 2989 identitatem
1163 2946 1291 2987 cum
1314 2928 1456 2984 Filio
1480 2929 1753 2985 distinxit.
1789 2927 1923 2984 Nam
1964 2944 2074 2987 non

491 3026 656 3091 dixit,
681 3025 750 3080 ad
783 3023 1071 3093 imaginem
1103 3036 1303 3086 meam,
1326 3022 1435 3086 vel,
1466 3021 1534 3076 ad
1558 3019 1848 3092 imaginem
1881 3027 2031 3076 tuam
2058 3039 2074 3076 :

476 3117 591 3181 sed
622 3114 801 3171 Patris
829 3120 884 3169 et
921 3111 1044 3167 Filii
1068 3119 1122 3168 et
1152 3110 1392 3183 Spiritus
1417 3111 1595 3167 sancti
1622 3126 1786 3166 unam
1819 3111 2077 3166 substan-

492 3210 627 3264 tiam
685 3204 1141 3272 divinitatemque
1194 3201 1538 3258 monstravit.
1577 3200 1724 3256 Dixit
1772 3200 1952 3267 enim,
2005 3201 2074 3255 ad

489 3296 778 3367 imaginem
816 3303 1059 3349 nostram
1094 3302 1147 3348 et
1193 3290 1631 3355 similitudinem;
1681 3300 1742 3347 ut
1768 3290 1957 3347 eadem
1992 3292 2077 3348 in-

490 3389 769 3458 telligatur
805 3400 930 3442 esse
963 3382 1170 3450 Patris,
1204 3381 1326 3437 Filii
1353 3390 1409 3438 et
1437 3382 1676 3453 Spiritus
1721 3383 1893 3439 sancti
1946 3383 2080 3438 divi-

2163 460 2474 527 ἁκούοντες,
2496 460 2667 532 ψιλῶς
2697 462 2755 516 δὲ
2780 459 2920 514 αὐτὰ
2946 458 3215 527 νοοῦντες,
3247 459 3611 531 ταράσσονται
3654 460 3752 512 καὶ¹

2162 555 2564 628 προϐάλλονται
2608 556 2690 618 εἰς
2726 553 2826 623 τὴν
2862 551 3071 606 ἑαυτῶν
3108 551 3514 623 καταστροφὴν,
3564 551 3629 604 τὰ
3668 552 3763 615 εἰς·

2163 647 2264 717 τὴν
2295 645 2455 718 ἡμῶν
2500 646 2792 716 οἰκοδομήν
2811 660 2824 675 ’
2855 644 2949 699 καί
2980 660 3176 713 φασιν·
3222 644 3359 697 Ἀλλ’
3386 640 3560 707 εἶπεν,
3601 640 3752 712 Ἐτὼ

2163 739 2495 810 ἀπέρχομαι
2520 737 2670 809 πρὸς
2698 739 2806 793 τὸν
2826 740 2974 793 Θεόν
2993 755 3114 808 μου
3139 736 3237 791 καί
3263 736 3414 791 Θεὸν
3435 734 3623 805 ὑμῶν,
3645 734 3749 791 καὶ

2166 831 2398 901 Πατέρα
2431 849 2551 901 μου
2599 830 2698 884 καὶ
2740 828 2973 898 Πατέρα
3002 827 3186 898 ὑμῶν.
3234 827 3396 900 Ὁρᾷς
3425 827 3505 881 ὅτι
3532 826 3626 880 καὶ
3660 825 3755 893 αὐ-

2166 924 2257 988 τὸς
2280 923 2339 978 ἓν
2366 924 2484 978 ἐστι
2509 922 2618 977 τῶν
2640 921 2990 993 κτισμάτων;
3024 918 3478 991 βλασφημοῦντες
3508 916 3752 989 τολμῶσι

2165 1016 2365 1086 λέγειν.

2240 1282 2378 1339 KH'.
2418 1284 2648 1349 Βλέπεις
2672 1285 2853 1341 τοίνυν
2891 1282 2972 1339 ὅτι
3007 1283 3230 1353 σφάλλει
3256 1279 3452 1344 αὖτοὺς
3476 1281 3508 1351 ἡ
3533 1276 3632 1349 τῆς
3663 1278 3752 1331 ἐν·

2172 1376 2377 1448 σάρκου
2417 1378 2718 1449 παρουσίας
2750 1377 3066 1448 οἰκονομία;
3107 1374 3504 1430 ’Δναλάὸουσι⁸
3540 1372 3650 1442 γὰρ
3688 1372 3752 1437 ἐξ

2170 1468 2426 1539 ὑπαρχῆς
2461 1510 2476 1531 .
2554 1470 2651 1524 καὶ
2714 1470 3052 1542 ἑρωτήσουσι
3105 1469 3331 1541 χρόνους
3403 1465 3438 1536 ἢ
3500 1462 3749 1535 καιρούς.

2166 1564 2239 1616 At
2266 1558 2378 1629 γὰρ
2401 1560 2660 1627 διέξοδοι
2685 1561 2894 1628 αὑτοῦ,
2921 1559 3112 1633 φησὶν,
3138 1560 3241 1629 ἀφ’
3260 1554 3497 1628 ἡμερῶν
3513 1553 3748 1619 αἰῶνος.

2175 1656 2403 1728 Ἴδωμεν
2452 1654 2633 1709 τοίνυν
2673 1653 2743 1709 τὰ
2794 1654 2902 1725 πρὸ
2944 1652 3170 1706 τούτων.
3216 1650 3384 1720 the)»
3445 1649 3475 1701 ὁ
3522 1646 3749 1717 Πατήρ’

2099 1731 2141 1786 Β
2169 1748 2523 1816 Ποιήσωμεν
2557 1746 2870 1814 ἄνθρωπον
2898 1743 3028 1797 κατ’
3070 1741 3274 1798 εἰκόνα
3310 1736 3609 1808 ἡμετέραν
3648 1731 3753 1789 καὶ

2173 1838 2303 1891 καθ’
2347 1835 2665 1906 ὁμοίωσιν·
2708 1834 2804 1888 καὶ
2831 1834 2933 1888 οὐκ
2961 1827 3080 1885 εἰπε
3099 1847 3114 1861 ⁸
3146 1830 3264 1900 (27)
3293 1828 3512 1898 Ποιήσω
3545 1824 3754 1897 ἄνθρω-

2172 1940 2272 1979 πον
2296 1925 2417 1979 κατ’
2443 1924 2627 1980 εἰκόνα
2653 1924 2811 1995 ἐμήν.
2856 1919 3172 1991 Ἐλέγχθητι
3192 1919 3222 1971 ὁ
3243 1916 3382 1988 ἔχων
3418 1910 3754 1984 πεπωρωμέ-

2171 2032 2270 2085 νην
2334 2015 2433 2087 τὴν
2481 2015 2707 2086 καρδίαν
2763 2013 2905 2067 κατὰ
2963 2012 3027 2065 τὸ
3080 2007 3500 2082 γεγραμμένονο
3588 2003 3752 2058 Ἀλλ’

2173 2107 2449 2177 ἐπωρώθη
2478 2108 2518 2175 ἡ
2545 2107 2760 2174 καρδία
2788 2102 3018 2159 ὶιὺτῶον-⁸
3042 2102 3137 2156 καὶ
3168 2100 3306 2172 μάθε
3340 2098 3428 2153 τὸν
3460 2096 3590 2150 Υίὸν
3620 2094 3754 2148 ὄντα

2173 2200 2259 2251 ἀεὶ
2292 2198 2437 2287 πρὸςι
2467 2197 2561 2251 τὸν
2602 2198 2842 2268 Πατέρα.
2882 2192 2955 2247 Τὸ
2980 2193 3089 2265 γὰρ
3133 2194 3341 2257 εἰπεῖν,
3373 2189 3750 2257 Ποιήσωμεν,

2173 2294 2271 2361 οὐχ
2315 2282 2435 2355 ἑνός
2475 2294 2591 2345 ἐστι
2639 2288 3011 2360 σημαντικὸν.
3061 2286 3198 2340 ἁλλὰ
3245 2284 3460 2355 Πατρὸς
3502 2282 3753 2350 λέγοντος

2175 2383 2313 2455 πρὸς
2336 2382 2432 2437 τὸν
2464 2382 2612 2437 Υἰόν.
2638 2379 2952 2450 Ἐλὲγχθητι
2968 2380 2997 2433 ὁ
3024 2377 3196 2449 λέγων
3224 2377 3318 2432 τὸν
3346 2375 3477 2430 Υἰδν
3502 2374 3754 2446 ἀνόμοιον

2175 2475 2253 2547 τῷ
2296 2475 2491 2548 Πατρί.
2532 2475 2619 2528 Ἐν
2661 2473 2740 2544 τῷ
2772 2473 2881 2544 γὰρ
2926 2472 3103 2525 εἰπεῖν
3141 2469 3339 2531 αὑτὸν,
3389 2469 3519 2522 κατ’
3547 2466 3755 2522 εἰκόνα

2176 2567 2492 2637 ἡμετέραν,
2537 2568 2596 2621 οὐ
2621 2566 2888 2639 διέκρινεν
2918 2563 3179 2635 ὁμοίωσιν
3211 2559 3344 2615 Υἰοῦ
3375 2559 3487 2613 ἀπὸ
3515 2557 3753 2629 Πατρδς,

2174 2659 2296 2713 οὐδὲ
2341 2657 2503 2712 διεῖλέ
2543 2672 2596 2710 τι
2624 2657 2724 2727 τῆς
2746 2655 3075 2726 ταυτότητος
3119 2652 3216 2708 τοῦ
3252 2649 3466 2723 Πατρδς
3498 2650 3634 2722 πρὸς
3663 2648 3757 2703 τὸν

2176 2750 2329 2805 Υἱόν.
2356 2749 2431 2802 Οὐ
2459 2747 2569 2820 γὰρ
2608 2743 2755 2812 εἷπε,
2780 2748 2903 2802 κατ’
2926 2745 3111 2802 εἰκόνα
3151 2744 3311 2816 ἐμὴν,
3338 2743 3397 2814 ἢ,
3429 2741 3549 2797 κατ’
3574 2740 3757 2795 εἰκόνα

2178 2843 2298 2915 σὴν,
2329 2840 2467 2896 ἁλλὰ
2495 2839 2591 2895 τοῦ
2632 2839 2846 2910 Πατρὸς
2888 2838 2983 2892 καὶ
3011 2836 3106 2891 τοῦ
3140 2834 3274 2890 Υἱοῦ
3321 2834 3418 2890 καὶ
3458 2833 3554 2889 τοῦ
3598 2832 3757 2903 ἁγίου

2179 2933 2496 3005 Πνεῦματος
2537 2931 2665 3003 μίαν
2716 2931 2906 2986 οὐσίαν
2931 2929 3165 3002 ἐδήλωσε
3195 2928 3292 2982 καὶ
3320 2927 3594 2999 Θεότητα·
3625 2926 3759 2997 φησί

2182 3025 2312 3097 γὰρ,
2344 3024 2470 3079 κατ’
2500 3023 2707 3078 εἰκόνα
2751 3021 3047 3092 ἡμετέραν
3071 3019 3173 3074 καὶ
3200 3021 3329 3076 καθ’
3354 3020 3660 3087 ὁμοίωσιν,
3682 3013 3759 3079 ὥς

2177 3111 2317 3171 εἶναι
2365 3115 2463 3185 μὲν
2512 3114 2640 3185 μίαν
2688 3111 2784 3167 τοῦ
2817 3112 3032 3185 Πατρὺς
3074 3111 3170 3165 καὶ
3215 3109 3311 3164 τοῦ
3352 3107 3484 3162 Υἰοῦ
3530 3107 3627 3161 καὶ
3665 3105 3759 3160 τοῦ

2174 3208 2336 3277 ἁγίου
2364 3205 2690 3278 Πνεύματος
2721 3204 2821 3277 τὴν
2866 3205 3118 3275 θεότητα,
3158 3201 3447 3272 ἄνθρωπον
3465 3198 3523 3252 δὲ
3547 3197 3760 3265 γεγονέ-

2175 3316 2265 3352 ναι
2294 3298 2413 3351 κατ⁹
2438 3296 2621 3352 εἰκόνα
2656 3295 2759 3366 τῆς
2793 3295 2923 3365 μιᾶς
2959 3291 3212 3362 θεότητος
3236 3287 3453 3360 Πατρὸς
3494 3287 3591 3342 καὶ
3624 3285 3759 3341 Υίοῦ

2177 3389 2271 3443 καὶ
2303 3388 2461 3458 ἁγίου
2509 3386 2847 3457 Πνεύματος.
2897 3381 3219 3454 Ἐλέγχθητι
3252 3379 3349 3436 καὶ
3399 3379 3465 3434 σὺ
3486 3417 3501 3443 ,
3544 3379 3757 3449 ’Λρτιε,

490 3483 660 3542 nitas.
695 3479 762 3534 ad
810 3477 971 3548 cujus
1004 3474 1297 3546 imaginem
1340 3473 1506 3533 homo
1543 3474 1615 3530 sit
1652 3489 1965 3545 expressus.
2001 3474 2073 3529 Te

2177 3481 2272 3536 καὶ
2295 3482 2460 3536 ἄκουε
2485 3480 2578 3534 τὸν
2606 3477 2827 3548 Πατέρα
2852 3475 3083 3544 λέγοντα
3104 3474 3185 3545 τῷ
3212 3472 3349 3545 Υἰῷ.
3375 3470 3755 3541 Ποιήσωμεν,

489 3587 710 3643 quoque
742 3570 833 3625 hic
870 3569 961 3623 ille
996 3567 1153 3622 locus
1177 3606 1194 3631 ,
1222 3565 1318 3619 Ari
1337 3605 1356 3631 ,
1388 3563 1722 3636 redarguat:
1749 3580 1815 3621 ac
1857 3564 2073 3622 Patrem

2179 3570 2608 3643 συνδημιουργὸν
2649 3568 2918 3623 καλοῦντα
2965 3566 3058 3620 τδν
3104 3565 3253 3621 Υίόν.
3318 3563 3588 3629 Πολλάκις
3648 3561 3759 3633 γὰρ

492 3661 788 3715 Filinmea
823 3672 960 3712 voce
1014 3654 1433 3726 compellantem
1488 3654 1711 3718 audias,
1765 3651 2073 3709 Faciamus.

2176 3664 2395 3735 ἁκήκοά
2434 3679 2588 3726 τινας
2628 3661 2910 3730 λέγοντας,
2946 3659 3029 3713 ὅτι
3063 3660 3093 3712 ὁ
3126 3657 3255 3721 Υἰὸς
3292 3656 3549 3727 ἐποίησεν
3578 3654 3756 3718 οὐδὲν,

492 3756 610 3824 Qua
642 3767 775 3808 voce
811 3750 1015 3823 opilicii
1070 3748 1390 3819 participem
1428 3746 1666 3817 appellat
1709 3743 1928 3803 Filium.
1965 3748 2073 3802 Sae-

2174 3756 2316 3811 ἁλλὰ
2353 3755 2421 3810 δι’
2455 3755 2622 3810 αὑτοῦ
2671 3753 2888 3823 ἐγένετο
2934 3751 3004 3806 τὰ
3043 3751 3333 3823 γενόμενα.
3384 3749 3448 3802 Εἰ
3487 3749 3554 3802 δι’
3592 3746 3758 3802 αὐτοῦ

492 3858 795 3917 penumero
833 3842 982 3898 enim
1014 3840 1311 3897 nonnullos
1338 3840 1444 3895 ista
1467 3840 1739 3910 iactantes
1767 3839 1952 3904 audio,
1982 3839 2073 3894 Fi-

2178 3849 2391 3917 γέγονε,
2419 3847 2513 3901 καὶ
2535 3846 2698 3909 αὐτὸς
2727 3844 3003 3915 ἐποίησεν,
3036 3844 3113 3907 ὼς
3141 3841 3330 3910 σαφῶς
3353 3839 3753 3895 ἀποδέδεικται.

491 3938 630 3993 lium
668 3934 895 3991 omnino
918 3933 1117 3990 fecisse
1141 3932 1313 3998 nihil;
1345 3930 1442 3987 sed
1473 3946 1571 4002 per
1599 3932 1776 4002 ipsum
1799 3930 2073 3985 nihilomi-

2191 3937 2250 3991 'O
2275 3939 2385 4007 γὰρ
2419 3937 2748 4009 ἁρχιτέχνης
2783 3934 2957 4004 Λόγος
2986 3934 3204 3988 πάντων
3234 3932 3352 3984 ἐστὶ
3378 3932 3628 4000 ποιητὴς,
3664 3929 3759 3984 καὶ

492 4045 600 4086 nus
643 4029 829 4083 omnia
867 4041 992 4083 esse
1046 4025 1210 4081 facta.
1249 4022 1450 4080 Verum
1496 4027 1544 4080 si
1594 4040 1691 4095 per
1719 4024 1895 4094 ipsum
1938 4021 2073 4077 facta

2178 4030 2245 4084 δι’
2280 4029 2445 4084 αὐτοῦ
2492 4029 2682 4099 Πατὴρ
2710 4026 3019 4100 ἐργάζεται,
3061 4024 3430 4078 Ἀκουέτωσαν
3458 4020 3569 4092 γὰρ
3592 4019 3757 4075 αὑτοῦ

488 4128 646 4183 sunt,
678 4120 867 4191 utique
896 4127 953 4174 et
989 4119 1106 4189 ipse
1156 4115 1284 4171 fecit
1309 4155 1324 4182 ,
1365 4122 1426 4170 ut
1453 4123 1641 4186 aperte
1679 4114 2073 4170 demonstravi-

2181 4122 2370 4193 σαφῶς
2418 4122 2668 4192 λέγοντος
2685 4139 2699 4153 ·
2765 4121 2823 4174 Ὁ
2873 4118 3077 4187 Πατήρ
3129 4134 3249 4187 μου
3296 4113 3595 4185 ἐργάζεται
3645 4113 3759 4179 ἕως

492 4230 635 4270 mus.
651 4213 864 4269 Etenim
900 4210 1200 4282 primarius
1229 4208 1322 4264 ille
1363 4207 1559 4263 artifex
1582 4206 1604 4239 δ
1623 4247 1639 4273 ,
1667 4206 1912 4261 divinum
1937 4205 2073 4262 vide-

2181 4217 2313 4286 ἄρτι
2330 4255 2347 4280 ,
2374 4214 2536 4286 κάγὼ
2558 4213 2870 4286 ἐργάζομαι
2890 4228 2905 4243 °
2936 4212 3028 4267 καὶ
3058 4204 3161 4265 ὦδε
3195 4209 3288 4262 τὸν
3314 4205 3535 4277 Πατέρα
3561 4203 3756 4259 ἑαυτοῦ

490 4307 622 4363 licet
652 4303 915 4366 Verbum,
945 4304 1331 4358 universorum
1362 4299 1589 4356 eﬂ‘ector
1624 4305 1744 4363 est,
1782 4313 1880 4369 per
1916 4312 2073 4368 quem

2183 4308 2614 4380 συνδημιουργὸν
2661 4307 2820 4361 καλεῖ
2848 4307 2908 4358 ὲν
2938 4303 3017 4375 τῷ
3039 4303 3221 4371 λέγειν
3244 4299 3422 4354 τοῦτο.
3467 4297 3628 4352 ’Δλλὰ
3658 4294 3759 4349 πὰο

491 4394 656 4449 Pater
682 4394 870 4450 omnia
897 4392 1140 4446 molitur.
1181 4389 1425 4444 Audiam
1465 4390 1613 4443 enim
1657 4390 1838 4459 ipsum
1873 4390 2073 4445 diserte

2181 4399 2263 4451 λιν
2294 4399 2367 4468 μή
2400 4414 2460 4451 σε
2494 4395 2760 4451 ἀπατάτω
2785 4396 2818 4466 ἡ
2839 4393 3071 4454 διάνοια,
3096 4391 3192 4446 καὶ
3220 4387 3528 4463 προσέλθῃς
3544 4385 3623 4457 τῷ
3643 4385 3759 4457 Υίῷ

494 4487 601 4542 ista
622 4486 893 4541 dicentem
928 4501 943 4538 :
978 4482 1141 4538 Pater
1171 4497 1316 4535 meas
1347 4490 1617 4549 operatur,
1639 4490 1689 4536 et
1709 4499 1803 4552 ego
1825 4496 2011 4550 operor
2028 4490 2073 4537 ³.

2179 4487 2255 4551 ὼς
2277 4487 2471 4558 δούλῳ,
2510 4486 2605 4540 καὶ
2647 4486 2721 4557 μὴ
2749 4485 2825 4548 ὡς
2855 4481 3096 4555 ἀληθινῷ
3121 4480 3391 4552 Δεσπότῃ.
3415 4481 3481 4534 Εἰ
3507 4478 3617 4550 γὰρ
3645 4477 3759 4533 δοῦ-

492 4577 709 4644 Quibus
761 4573 946 4631 verbis
995 4572 1362 4630 communiter
1403 4586 1591 4628 secum
1645 4572 1857 4628 eliicere
1892 4574 2073 4627 omnia

2181 4576 2271 4639 λος
2316 4573 2406 4648 ἦν,
2451 4578 2548 4630 καὶ
2587 4576 2689 4630 οὐκ
2730 4574 2980 4645 ἀληθινὸς
3008 4575 3324 4643 Δεσπότης,
3367 4571 3488 4633 πῶς
3516 4568 3760 4639 μηρφὴν

490 4671 713 4725 Patrem
756 4666 1046 4738 significat.
1081 4665 1281 4722 Verum
1325 4679 1459 4721 cave
1495 4679 1563 4719 ne
1608 4674 1660 4718 te
1705 4672 1797 4717 tua
1830 4678 1984 4718 mens
2019 4663 2073 4717 iu

2182 4668 2407 4724 δούλου
2439 4670 2735 4725 ἀνέλαϐεν
2780 4669 2951 4722 ἐλθὼν
2988 4671 3020 4723 ὁ
3060 4668 3131 4721 ἐν
3154 4663 3361 4737 μορφῇ
3390 4661 3540 4718 Θεοῦ
3567 4661 3759 4730 ὑπάρ-

491 4775 737 4817 errorem
758 4758 1019 4822 abducat,
1040 4766 1099 4811 ut
1125 4759 1191 4813 ad
1214 4756 1432 4823 Filium,
1454 4765 1715 4825 tanquam
1741 4753 1809 4807 ad
1834 4768 2073 4821 servum,

2182 4777 2342 4829 χων;
2389 4761 2509 4826 πῶς
2553 4761 2611 4815 δὲ
2657 4761 2866 4815 ἐκείνου
2916 4756 3346 4831 συνδημιουργδν
3402 4753 3587 4809 ἐκάλει
3634 4755 3759 4808 ἐαυ-

494 4868 606 4910 non
636 4865 825 4907 verum
857 4865 921 4907 ac
961 4849 1267 4922 legitimum
1307 4849 1599 4906 Dominum
1642 4846 1894 4904 accedas.
1938 4847 2073 4904 Nam

2180 4852 2302 4919 τὸν,
2353 4852 2404 4906 εἰ
2457 4853 2532 4925 μὴ
2571 4849 2685 4925 εἶχε
2733 4853 2795 4907 τὸ
2844 4851 3081 4918 τέλειον;
3127 4849 3217 4914 Ὡς
3269 4846 3387 4917 Θεῷ
3435 4842 3530 4901 οὖν
3570 4844 3759 4912 τελείῳ

605 5034 622 5066 ί
659 5030 953 5106 Joan._xx.
996 5032 1082 5086 Π.
1166 5033 1187 5065 ¹
1231 5028 1393 5084 Mich.
1435 5046 1490 5095 v,
1525 5027 1583 5083 2.
1669 5028 1691 5060 ³
1728 5027 1888 5084 Joan.
1931 5045 2031 5097 xu,
2064 5031 2157 5090 40.

498 5119 573 5171 σι,
597 5112 651 5160 et
677 5103 1018 5176 ἐρωτήσωσι.

2234 5033 2256 5065 ⁸
2295 5032 2424 5104 Sap.
2466 5048 2565 5099 vn,
2600 5032 2688 5087 SI.
2766 5030 2963 5087 ηοω).
3002 5045 3057 5092 v,
3100 5029 3187 5085 I7.
3334 5025 3442 5081 ‘F.
3477 5022 3760 5081 ἀναλάϐω-

568 5258 681 5331 (27)
721 5257 1045 5331 Communis
1083 5264 1179 5331 est
1214 5255 1445 5331 Patrum
1492 5254 1761 5331 sententia
1822 5265 2066 5331 sanctam
2173 5250 2497 5331 compendio
2547 5249 2695 5329 illam
2743 5246 3015 5331 expedire
3069 5259 3265 5331 aveas,
3327 5244 3468 5331 inter
3498 5249 3753 5331 "caeteros

497 5312 826 5385 Trinitatem
864 5328 957 5382 illo
991 5328 1115 5382 libri
1140 5325 1417 5382 Gencseos
1434 5327 1573 5384 loco,
1596 5322 1878 5378 Faciamus
1899 5326 2070 5377 homi-
2173 5312 2461 5377 consulere
2501 5317 2702 5385 poteris
2742 5312 3026 5385 Petavium
3068 5317 3122 5370 in
3169 5316 3264 5370 lib.
3304 5330 3329 5385 VI
3390 5312 3464 5369 De
3498 5315 3759 5369 Trinitate

499 5383 641 5463 item,
682 5408 814 5464 etc.,
841 5397 1155 5452 adumbrari
1186 5383 1596 5465 signiﬁcatione
1621 5398 1856 5465 quadam
1906 5403 2072 5463 atque
2176 5392 2376 5465 c_ap._‘7,
2398 5407 2427 5443 a
2450 5383 2680 5465 numero
2707 5388 2741 5441 4
2766 5387 2833 5465 ad
2865 5387 2958 5465 l5._
2983 5383 3269 5465 Neminem
3298 5384 3448 5464 latet.
3461 5386 3762 5465 catholicos

497 5454 774 5529 deﬂetam.
802 5454 978 5533 'Quod
1013 5468 1104 5522 hic
1135 5454 1418 5521 con't’endit
1460 5454 1820 5536 Epiphanius,
1876 5454 2074 5536 repétit
2174 5454 2464 5536 theologos
2487 5460 2541 5512 in
2568 5458 2863 5536 praesentia
2894 5455 3243 5535 adversarios
3268 5454 3504 5536 experiri
3535 5467 3763 5536 non_suf

497 5523 698 5597 deinde
744 5540 799 5593 in
830 5523 1082 5592 ‘Panario
1129 5546 1183 5592 et
1223 5537 1291 5591 de
1332 5523 1616 5591 Samaiit'te
1663 5523 1832 5603 agens
1878 5523 2073 5590 haeresi
2180 5532 2291 5603 tum
2325 5523 2705 5584 Ariauos'sive
2740 5533 2973 5592 veteres,
3017 5526 3130 5581 sive
3164 5523 3540 5591 recentiores,
3571 5524 3668 5579 scd
3707 5531 3758 5576 et

496 5625 730 5667 numero
770 5609 823 5675 5,
854 5609 1005 5664 etde
1051 5608 1241 5663 Itmresi
1282 5607 1373 5669 23,
1420 5622 1650 5661 numero
1682 5597 1737 5658 Ξῖ.
1773 5602 2077 5675 Vitleautur
2179 5597 2418 5653 inda-os.

499 5691 564 5736 ea
590 5679 658 5736 de
685 5696 742 5735 re
777 5673 921 5735 sacri
947 5680 1144 5734 divinte
1173 5678 1473 5747 Scriptum
1503 5678 1864 5744 interpretes;
1896 5683 1987 5727 aut
2028 5673 2076 5727 si
