4012 6210
320 305 392 362 G9
427 304 429 306 ’
1694 289 1928 345 ANCOR

2031 289 2141 356 US.
3499 271 3566 335 70

326 421 589 494 πρόσελθε
648 418 726 492 τῷ
783 416 895 489 Υίῷ
969 417 1064 471 καὶ
1136 414 1249 487 Υἱῷ
1304 415 1512 485 γνησίῳ
1562 412 1676 468 όντι
1739 411 1893 484 παρὰ

2037 410 2050 463 i
2085 424 2301 476 servus,
2335 425 2443 464 non
2485 424 2647 465 verus
2678 415 2824 464 esset
2862 406 3153 470 Dominus,
3184 406 3318 461 ,ςερυὶ
3351 405 3582 475 formam

328 514 556 584 Πατρός.

2009 500 2280 572 quomodo
2321 502 2538 557 tandem
2595 501 2850 556 induisset
2898 503 2975 568 is,
3036 502 3124 568 qui
3158 501 3212 554 in
3270 500 3442 569 forma
3487 501 3588 554 Dei

325 615 438 659 erat
473 605 538 657 ¹ἳ
577 610 670 656 aut
698 599 972 671 quomodo
1020 613 1080 654 se
1124 612 1250 651 cum
1292 596 1382 650 illo
1433 609 1616 650 rerum
1654 593 1900 649 omnium
1948 592 2196 662 Opiﬁcem
2229 607 2352 648 esse
2390 593 2618 658 diceret,
2649 594 2758 648 nisi
2795 592 3036 663 perfecta
3093 599 3240 647 esset
3298 589 3585 644 divinitate

330 695 622 767 praeditus?
670 692 856 762 Itaque
901 691 968 745 ad
1035 689 1232 743 Filium
1286 689 1366 743 sic
1416 696 1678 758 tanquam
1749 686 1814 740 ad
1864 684 2162 756 perfectum
2197 685 2364 740 Deum
2440 700 2505 740 ac
2562 686 2862 758 legitimum
2899 701 2928 739 a
2981 684 3143 739 Patre
3199 682 3581 754 procedentem

327 789 524 846 Filium
551 789 815 844 accedito.

397 879 525 936 ΚΘ.
567 879 678 934 Καὶ
713 877 787 949 μὴ
814 877 902 930 διὰ
937 876 1224 931 κακόνοιαν
1260 876 1417 946 εἴπῃς
1439 891 1450 903 ·
1518 873 1681 926 Ἀλλὰ
1716 872 1746 925 6
1787 873 1902 926 Πα-

330 976 435 1046 τὴρ
467 970 585 1026 εἶπε
632 971 709 1042 τῷ
743 971 876 1042 Υίῷ,
926 969 1296 1038 Ποιήσωμεν,
1327 970 1356 1021 6
1400 969 1456 1021 δὲ
1490 966 1618 1028 Υἱὸς
1655 965 1756 1018 οὐκ
1786 960 1907 1017 εἷπε

332 1067 410 1137 τῷ
444 1065 638 1137 Πατρὶ,
689 1065 1073 1133 Ποιήσωμεν·
1127 1063 1222 1116 καὶ
1262 1065 1290 1115 6
1323 1062 1450 1124 Υἱὸς
1501 1062 1562 1114 οὐ
1606 1061 1775 1129 λέγει,
1824 1061 1907 1113 ὅτι

347 1158 488 1226 Ἐγὼ
519 1159 821 1229 ἐργάζομαι
867 1156 962 1209 καὶ
1001 1158 1028 1209 6
1063 1155 1252 1226 Πατήρ
1293 1172 1394 1224 μου
1429 1153 1738 1226 ἐργάζεται,
1773 1152 1908 1207 ἀλλὰ

335 1253 424 1305 τὸν
461 1251 677 1321 Πατέρα
719 1248 904 1302 τάττει
938 1247 1153 1313 πρῶτον
1202 1247 1428 1315 λέγοντα
1462 1257 1555 1299 και
1600 1245 1907 1317 ἐργαζόμε-

336 1363 446 1399 νον.
499 1343 667 1396 Τοῦτο
707 1341 815 1412 γὰρ
860 1339 1082 1410 ἠλιθίως
1114 1339 1312 1407 λέγεις,
1345 1339 1440 1392 καὶ
1492 1339 1691 1402 πολλὰς
1736 1337 1910 1410 ἀρχὰς

339 1438 512 1500 θέλεις
540 1438 678 1489 νοεῖν
711 1435 770 1487 τὸ
798 1417 949 1487 όείον
970 1451 983 1463 ·
1021 1433 1118 1503 μία
1149 1433 1205 1485 δέ
1231 1434 1376 1486 ἐστιν
1404 1431 1546 1502 ἁρχὴ
1579 1432 1672 1484 καὶ
1719 1431 1755 1502 ἡ
1775 1429 1911 1500 αὐτὴ

343 1529 441 1599 μία
486 1527 717 1598 Θεότης·
769 1524 1004 1595 οὐδαμοῦ
1050 1525 1106 1577 δὲ
1147 1525 1204 1576 ὲν
1236 1523 1313 1593 τῷ
1361 1524 1480 1592 Θεῷ
1513 1524 1541 1575 6
1581 1522 1706 1585 Υἱὸς
1734 1522 1914 1590 λέγει·

343 1623 486 1688 Θεός
506 1639 647 1690 μου,
677 1620 777 1673 οὐκ
803 1617 1138 1689 ἀρνουμένου
1163 1616 1218 1669 δὲ
1242 1616 1336 1669 τοῦ
1370 1614 1501 1668 Υἱοῦ
1530 1615 1630 1685 τὴν
1656 1615 1792 1686 πρὸς
1826 1615 1917 1668 τὸν

343 1714 558 1784 Πατέρα
591 1711 756 1782 τιμὴν
798 1710 962 1777 λέγω,
998 1708 1133 1762 ἀλλὰ
1176 1708 1294 1771 πῶς
1323 1707 1436 1778 ἔχει
1476 1708 1510 1778 ὴ
1539 1711 1638 1779 τῆς
1665 1707 1917 1778 θεότητος
1951 1717 1992 1773 ιι

343 1804 652 1860 ἀκολουθία.
715 1804 824 1856 Kal.
875 1802 1068 1854 πάλιν⁸
1116 1802 1419 1855 Ἤκουσεν
1490 1799 1701 1868 Ἀδὰμ,
1757 1800 1912 1869 φησὶ,

341 1895 447 1950 τοῦ
503 1893 649 1948 Θεοῦ
697 1890 1169 1961 περιπατοῦντος
1220 1890 1290 1943 ἐν
1339 1888 1419 1955 τῷ
1463 1891 1806 1958 παραδείσῳ
1850 1890 1916 1943 τὸ

343 1985 606 2039 δειλινόν
625 2001 638 2015 ·
671 1985 763 2042 καὶ
796 1982 1034 2053 οὐδαμοῦ
1060 2000 1222 2053 φησιν
1262 1983 1290 2033 ὁ
1321 1983 1468 2048 Υἱὸς,
1506 1985 1654 2037 Θεόν
1674 2002 1792 2052 μου
1821 1984 1918 2036 καὶ

347 2076 496 2131 Θεὸν
531 2075 735 2144 ὑμῶν,
784 2075 918 2128 ἀλλὰ
966 2074 1100 2127 Θεὸν
1151 2075 1414 2142 αὐτοτελῆ
1469 2074 1704 2128 ἐνταῦθα
1750 2075 1914 2142 λέγει.

345 2171 456 2222 Kal.
503 2168 698 2223 πάλιν·
749 2169 855 2222 Kal
909 2167 1221 2235 ἐλάλησεν
1271 2171 1303 2221 ό
1353 2167 1498 2232 Θεὸς
1529 2165 1609 2232 τῷ
1637 2166 1785 2226 Νῶε,
1825 2168 1919 2220 καὶ

344 2260 580 2331 οὐδαμοῦ
628 2260 928 2330 ἐμφέρεται
977 2261 1012 2330 ἡ
1065 2259 1290 2330 τοιαύτη
1341 2259 1506 2325 λέξις.
1563 2258 1675 2312 Καὶ
1729 2258 1918 2327 ὤφθη,

346 2353 532 2422 φησὶν,
570 2355 602 2406 ὀ
649 2351 792 2418 Θεὸς
829 2350 908 2417 τῷ
967 2350 1257 2422 Ἀϐραὰμ,
1296 2348 1686 2419 καθεζομένου
1733 2349 1920 2402 αὑτοῦ

345 2446 496 2513 πρὸς
524 2444 600 2511 τῇ
639 2443 778 2512 δρυῒ
805 2443 881 2512 τῇ
907 2442 1184 2512 Μαμϐρῆ,
1214 2443 1312 2496 καὶ
1341 2441 1468 2496 ἰδοὺ
1496 2440 1654 2509 τρεῖς
1684 2439 1919 2508 ἄνδρες,

273 2589 280 2594 .
345 2537 442 2593 καὶ
484 2536 740 2608 ἑδίαμεν
778 2538 866 2601 εἰς
899 2535 1300 2602 συνάντησιν,
1333 2533 1431 2587 καὶ
1461 2533 1924 2601 προσεκύνησεν

343 2631 443 2684 ἐπὶ
474 2630 590 2698 τὴν
616 2630 754 2701 γῆν,
790 2632 889 2684 καὶ
917 2623 1117 2684 sim“
1150 2627 1220 2684 El
1247 2621 1428 2698 εὖρον
1459 2624 1635 2692 χάριν
1669 2624 1925 2678 ἐνώπιόν

344 2735 480 2776 σου.
537 2721 654 2774 Ἵνα
695 2720 785 2774 τὸν
827 2721 922 2774 ἕνα
960 2721 1108 2791 δείξῃ
1146 2721 1300 2783 Θεὸν,
1349 2721 1478 2782 τοὺς
1520 2714 1576 2772 δὲ
1624 2713 1923 2784 συνεπομέ-

345 2829 464 2874 νους
507 2810 656 2880 αὐτῷ
705 2810 895 2872 ἄλλους
941 2809 1034 2864 δύο
1079 2808 1348 2877 ἀγγέλους
1391 2805 1578 2860 αὐτοῦ.
1638 2801 1777 2873 Περὶ
1818 2801 1925 2872 γὰρ

344 2902 534 2955 τούτου
575 2903 687 2967 καὶ,
740 2903 948 2968 Ἀνέϐη
999 2905 1032 2956 ό
1081 2900 1224 2966 Θεὸς
1265 2901 1382 2954 ἀπὸ
1428 2897 1715 2968 Ἀϐραάμ·
1761 2892 1925 2962 αὐτὸς

345 2997 441 3048 καὶ
470 2998 499 3049 ὁ
527 2994 698 3049 ἐλθὼν
732 2993 869 3064 πρὸς
912 2992 1074 3046 αὐτὸν
1115 2991 1296 3060 λέγει’
1330 2990 1427 3058 Μὴ
1465 2992 1674 3058 κρύψω
1703 3005 1760 3043 τι
1805 2988 1925 3043 ἀπὸ

2081 862 2190 936 34
2227 859 2416 916 XXIX.
2457 861 2567 917 Nec
2616 862 2748 917 illud
2795 880 2861 917 ex
2909 864 3202 934 depravata
3250 865 3416 920 animi
3457 883 3582 922 sen-

2012 959 2182 1013 tentia
2212 957 2369 1011 uobis
2401 955 2622 1024 objicito
2652 973 2665 1010 :
2699 954 2913 1010 Patrem
2941 957 3159 1026 quidem
3191 957 3330 1012 Filio
3357 960 3582 1026 dixisse,

2014 1046 2342 1110 Faciamus;
2376 1043 2574 1099 Filium
2621 1053 2798 1100 autem
2831 1045 2974 1099 idem
3013 1047 3252 1101 vicissim
3285 1047 3432 1101 Patri
3475 1065 3582 1102 non

2013 1139 2242 1195 dixisse.
2301 1139 2770 1206 Quemadmodum
2822 1139 2963 1193 idern
3021 1139 3190 1195 Filius
3246 1156 3354 1194 non
3404 1141 3582 1196 dicit:

2015 1229 2127 1301 Ego
2169 1247 2385 1301 operor,
2418 1241 2471 1286 et
2511 1231 2671 1286 Pater
2713 1247 2866 1286 meus
2912 1239 3204 1301 operatur;
3245 1233 3339 1286 sed
3373 1232 3586 1288 Patrem

2016 1323 2198 1392 priore
2234 1325 2356 1378 loco
2393 1324 2662 1378 dicentem
2691 1332 3121 1394 operantemque
3157 1325 3412 1379 collocat.
3453 1324 3588 1378 Nam

2018 1412 2121 1466 hoc
2161 1411 2496 1481 ineptissime
2530 1412 2758 1478 dixeris,
2806 1421 2860 1468 et
2913 1414 2969 1467 in
3011 1414 3165 1482 plura
3197 1414 3462 1484 principia
3498 1413 3591 1467 Di-

2020 1504 2300 1559 vinitatem
2353 1505 2546 1574 partiri
2601 1506 2738 1559 velle
2800 1505 3091 1560 videberis.
3146 1503 3333 1560 'Unum
3391 1507 3592 1574 quippe

2021 1598 2348 1668 principium
2380 1604 2464 1652 est
2511 1607 2565 1652 et
2603 1597 2790 1651 eadem
2833 1612 2896 1650 ac
2951 1597 3249 1667 singularis
3298 1596 3589 1662 Divinitas,

2020 1705 2292 1760 nusquam
2331 1705 2460 1744 vero
2499 1691 2803 1745 secundum
2845 1688 3186 1744 divinitatem
3218 1688 3390 1745 Filius
3420 1688 3592 1753 dixit,

2021 1784 2162 1838 Deus
2194 1799 2356 1836 meus.
2395 1782 2550 1848 Quod
2592 1797 2700 1835 non
2740 1797 2805 1836 eo
2845 1781 2990 1846 dico,
3021 1781 3176 1850 quasi
3207 1777 3380 1837 Filius
3433 1795 3598 1835 suum

2019 1876 2168 1930 Patri
2202 1876 2462 1930 honorem
2514 1875 2780 1943 deneget;
2830 1875 2923 1929 sed
2971 1874 3115 1942 quod
3144 1872 3415 1926 divinitati
3457 1889 3600 1926 conv

2019 1977 2340 2024 sentaneum
2396 1974 2480 2020 est
2535 1980 2802 2035 propono.
2861 1966 3103 2018 Rursus:
3156 1964 3370 2017 Audiuit
3399 1964 3596 2030 Adam,

2018 2059 2231 2128 inquit,
2269 2058 2438 2111 Deum
2481 2057 2838 2112 ambulantem
2883 2057 2937 2110 in
2981 2057 3232 2129 paradiso
3279 2056 3373 2108 sub
3421 2072 3595 2124 vespe-

2020 2168 2134 2204 ram
2169 2155 2188 2183 ²
2225 2169 2237 2204 :
2288 2166 2389 2205 nec
2429 2165 2659 2219 usquam
2705 2148 2904 2214 Filius,
2943 2149 3112 2202 Deum
3139 2165 3310 2202 meum
3339 2165 3400 2201 ac
3429 2148 3597 2202 Deum

2021 2255 2251 2299 vestrum
2285 2283 2303 2309 ,
2362 2243 2457 2298 sed
2517 2242 2685 2296 Deum
2718 2241 2967 2297 absolute
3011 2242 3172 2294 dixit.
3221 2240 3399 2295 Item:
3456 2219 3616 2296 Deus.

2025 2335 2228 2390 Noemo
2271 2335 2475 2388 loculus
2524 2342 2600 2388 est
2633 2335 2674 2399 ³,
2724 2349 2827 2387 nec
2869 2333 3080 2400 uspiam
3120 2347 3223 2385 vox
3254 2333 3347 2385 illa
3383 2333 3600 2402 legitur.

2025 2425 2093 2479 Et
2128 2428 2404 2494 apparuit,
2445 2427 2659 2495 inquit,
2695 2425 2831 2478 Deus
2864 2422 3166 2477 Abrahamo
3190 2462 3206 2486 ,
3235 2424 3445 2477 sedente
3488 2425 3605 2490 ipso

2024 2517 2094 2572 ad
2134 2535 2382 2588 quercum
2413 2516 2653 2571 Mambre
2683 2533 2701 2570 :
2739 2526 2788 2571 et
2827 2532 2942 2570 ecce
2972 2524 3077 2570 tres
3116 2515 3244 2579 uiri;
3286 2527 3335 2569 et
3367 2517 3603 2569 cucurrit

2025 2611 2228 2665 obviam
2269 2609 2402 2672 illis,
2429 2618 2478 2661 et
2502 2608 2748 2661 adoravit
2775 2622 2972 2673 pronus
3001 2607 3054 2659 in
3082 2614 3280 2660 terram
3311 2622 3373 2658 ac
3420 2605 3557 2658 dixit
3585 2624 3601 2660 :

2025 2702 2085 2757 Si
2118 2701 2287 2755 inveni
2314 2700 2544 2771 gratiam
2583 2715 2763 2754 coram
2800 2709 2847 2752 te
2876 2697 2918 2752 ⁸.
2963 2697 3174 2764 Quibus
3208 2697 3394 2753 verbis
3432 2712 3605 2752 unum

2026 2792 2168 2846 inter
2197 2791 2320 2844 illos
2350 2806 2470 2845 esse
2489 2789 2677 2851 Deum,
2703 2789 2840 2843 alios
2868 2803 2996 2844 vero
3019 2787 3158 2842 duos
3179 2787 3408 2842 comites
3431 2787 3606 2856 ipsius

2028 2881 2249 2955 angelos
2269 2896 2413 2960 esse.
2444 2877 2578 2933 Nam
2610 2888 2662 2934 et
2688 2879 2878 2934 eodem
2908 2879 3163 2948 pertinet,
3193 2877 3338 2947 quod
3363 2878 3604 2931 dicitur:

2027 2971 2277 3032 Ascendit
2313 2971 2455 3031 Deus
2496 2969 2561 3026 ab
2604 2969 2928 3025 Abrahamo.
2984 2969 3090 3035 Qui
3134 2978 3318 3024 autem
3352 2971 3418 3023 ad
3452 2969 3607 3023 illum

346 3089 455 3143 τοῦ
488 3087 700 3152 παιδός
735 3059 855 3156 μόυ
913 3059 1206 3154 Ἀϐραὰμξ
1255 3081 1520 3152 Κραυγνὴ,
1555 3082 1709 3152 φησὶ,
1741 3081 1922 3136 Σοδό-

2031 3075 2251 3125 venerat
2303 3068 2385 3125 sic
2435 3082 2561 3122 eum
2616 3063 2966 3132 alloquitur:
3014 3059 3160 3114 Nam
3203 3060 3373 3114 celare
3422 3069 3604 3129 potero

343 3197 472 3249 μων
502 3180 600 3233 καὶ
631 3178 943 3248 Γομόρρας
969 3174 1384 3244 πεπλήθυνται
1421 3171 1571 3240 πρὸς
1598 3171 1698 3241 μὲ,
1721 3171 1815 3225 καὶ
1857 3171 1926 3224 τὰ

347 3273 496 3344 ἑξῆς.
525 3271 656 3343 (Καὶ
678 3269 916 3340 οὐδαμοῦ
937 3268 1234 3339 ἐμφέρεται
1265 3267 1322 3320 ὲν
1348 3268 1461 3330 τοῖς
1487 3265 1700 3336 χρόνοις
1720 3263 1928 3326 τούτοις

348 3364 576 3434 τδ,Θεός
596 3379 716 3432 μου
744 3361 842 3415 καὶ
861 3360 1004 3427 Θεὸς
1031 3359 1216 3429 ὑμῶν.
1236 3357 1253 3424 )
1276 3357 1383 3411 Kal
1416 3356 1706 3425 εἰσῆλθον
1734 3359 1786 3410 οὶ
1818 3355 1927 3409 δύο

349 3453 565 3522 ἄνδρες
594 3456 682 3519 εις
715 3451 950 3520 Σόδομα
971 3467 986 3482 ο
1021 3450 1096 3514 ὡς
1124 3449 1218 3502 τοῦ
1253 3446 1647 3518 ἀναϐεϐηκότος
1673 3446 1930 3518 ὑπεράνω

348 3546 446 3601 τοῦ
485 3544 736 3615 Ἀϐραὰμ
776 3540 1194 3610 ἀπολειφθέντος
1225 3541 1334 3594 ἀπὸ
1376 3537 1482 3592 τῶν
1525 3537 1619 3592 δύο
1661 3537 1931 3591 εἰσελθόν-

350 3657 458 3693 των
487 3643 567 3700 είς
614 3637 821 3707 Σόδομα.
876 3636 965 3688 ἐπὶ
995 3637 1062 3705 τῇ
1112 3635 1491 3706 καταστροφῇ.
1538 3630 1674 3702 Περὶ
1727 3630 1785 3683 δὲ
1832 3629 1928 3682 τοῦ

350 3729 750 3799 ἀναϐεϐηκότος
783 3725 948 3796 φησὶν
991 3727 1024 3797 ἠ
1060 3709 1248 3796 Γραφή
1275 3741 1288 3755 ·
1320 3723 1431 3778 Kal
1470 3722 1676 3790 ἔϐρεξε
1715 3721 1932 3789 Κύριος

353 3823 450 3877 ἐπὶ
501 3821 737 3891 Σόδομα
781 3819 878 3873 καὶ
914 3818 1186 3887 Γόμορρα
1218 3817 1377 3884 παρὰ
1415 3816 1639 3884 Κυρίου
1679 3815 1799 3883 πῦρ
1832 3814 1932 3867 καὶ

353 3917 529 3970 θεῖον.
591 3915 702 3968 Καὶ
747 3914 846 3967 οὐκ
872 3909 940 3982 ἦν
987 3914 1086 3982 τῆς
1133 3907 1332 3975 λέξεως
1379 3909 1539 3980 χρεία
1592 3908 1689 3963 τοῦ
1733 3909 1930 3973 εἰπεῖν,

356 4009 502 4061 Θεόν
530 4025 648 4075 μου
679 4004 780 4058 καὶ
810 4004 958 4057 Θεὸν
986 4001 1173 4071 ὑμῶν.
1207 4001 1316 4054 Kal.
1344 4001 1549 4071 Μωσῆς
1581 4017 1746 4070 φησιν
1778 4001 1836 4054 ὲν
1865 4001 1931 4070 τῇ

355 4100 499 4170 ᾠδῇ·
533 4098 640 4153 Kal
684 4092 1291 4163 προσκυνησάτωσαν
1317 4091 1477 4156 αὐτῷ
1505 4092 1728 4156 πάντες
1765 4092 1935 4161 ἄγγε-

354 4196 449 4246 λοι
476 4189 641 4244 Θεοῦ.
662 4189 787 4242 Ἐὰν
807 4187 864 4241 δὲ
887 4186 1017 4257 εἴπῃ
1041 4186 1281 4255 ἄγγελοι
1307 4183 1478 4246 Θεοῦ,
1498 4184 1618 4251 πῦρ
1647 4183 1805 4250 παρὰ
1818 4186 1933 4235 Κυ-

353 4283 506 4350 ρίου,
549 4281 643 4333 καὶ
671 4281 745 4350 μὴ
778 4279 908 4349 εἴπῃ
950 4277 1190 4346 ἄγγελοι
1235 4273 1412 4345 μόνον,
1462 4275 1609 4342 λέγει
1641 4273 1818 4334 τοῦτο,
1853 4272 1939 4325 ἵνα

356 4373 502 4443 δείξῃ
539 4372 630 4425 τοῦ
663 4371 872 4440 Πατρὸς
903 4369 1111 4424 καὶτοῦ
1140 4367 1268 4421 Υξοῦ
1301 4366 1359 4419 ἒν
1390 4366 1680 4436 βασίλειον,
1715 4365 1809 4418 καὶ⁴
1840 4363 1938 4432 ἀγ-

355 4466 527 4535 γέλων
561 4465 634 4535 μὴ
667 4463 1036 4534 μεριζομένων
1058 4463 1136 4526 εἰς
1155 4459 1349 4532 ἀρχὰς,
1374 4458 1510 4513 ἀλλὰ
1532 4457 1776 4526 ἀγγέλων
1792 4457 1941 4511 Θεοῦ

356 4560 545 4620 ὄντων,
584 4555 1028 4628 προσκυνούντων
1055 4554 1112 4608 δὲ
1143 4553 1221 4624 τῷ
1254 4552 1368 4623 Υἱῷ
1391 4552 1484 4606 καὶ
1530 4551 1680 4620 Θεῷ-
1713 4547 1940 4616 ἅγγελος

359 4650 464 4722 γὰρ
487 4649 704 4719 ἀγγέλῳ
753 4649 815 4702 οὐ
865 4648 1180 4719 προσκυνεῖ.
1239 4647 1350 4700 Καὶ
1395 4643 1635 4716 οὐδαμοῦ
1684 4641 1938 4704 ἐνταῦθα,

361 4743 506 4810 Θεός
523 4759 642 4813 μου
672 4741 772 4797 καὶ
794 4742 938 4806 Θεὸς
967 4739 1156 4810 ὑμῶν.

432 4918 514 4973 Λν.
548 4916 711 4970 Δαϐὶδ
752 4915 807 4968 δέ
864 4931 997 4985 φησι
1043 4930 1058 4944 ·
1085 4909 1270 4966 Εἶπεν
1318 4913 1352 4964 ὀ
1394 4907 1607 4977 Κύριος
1631 4906 1724 4972 τῷ
1747 4906 1945 4973 Κυρίῳ

363 5027 500 5078 μου,
532 5007 728 5062 Κάθου
763 5008 831 5059 ἐκ
880 5003 1097 5070 δεξιῶν
1120 5020 1262 5071 μου,
1293 5000 1406 5065 ἕως
1450 4999 1527 5052 ἂν
1563 4996 1644 5052 θῶ
1673 4995 1814 5061 τοὺς
1843 4996 1942 5063 ἐχ·
1983 5023 1986 5030 -

366 5103 544 5172 ορούς
593 5117 710 5154 σου
757 5097 1091 5152 ὑποπόδιον
1143 5093 1263 5148 τῶν
1309 5090 1512 5145 ποδῶν
1563 5107 1698 5144 σου.
1730 5088 1946 5157 Κύριος

367 5196 496 5266 γὰρ,
538 5193 694 5264 φησὶ,
749 5191 827 5255 τῷ
864 5191 1058 5258 Κυρίῳ
1099 5204 1218 5257 μου
1243 5202 1256 5214 ⁸
1297 5187 1331 5256 ἡ
1375 5182 1483 5252 γὰρ
1527 5180 1811 5250 οἰκονομία
1849 5179 1946 5248 τῆς

370 5286 570 5358 σαρκὸς
609 5283 763 5338 οὔπω
792 5279 881 5352 ἦν,
931 5277 998 5352 ἧς
1041 5281 1200 5351 χάριν
1251 5278 1411 5350 χρεία
1457 5272 1524 5346 ἦν
1559 5276 1732 5327 εἰπεῖν
1766 5271 1948 5335 αὐτὸν,

2027 3159 2311 3231 quidquam
2341 3174 2562 3227 puerum
2603 3170 2775 3213 meum
2812 3151 3176 3210 Abrahamtm
3200 3155 3225 3209 ?
3247 3151 3486 3216 Clamor,
3518 3152 3605 3205 in-

2027 3252 2179 3323 quit,
2229 3249 2581 3306 Sodomorum
2638 3260 2688 3305 et
2746 3249 3052 3304 Gomorrhw
3095 3245 3481 3317 multiplicatus
3527 3253 3610 3300 est

2029 3343 2169 3410 apud
2217 3359 2318 3396 me.
2367 3341 2449 3413 (In
2489 3343 2573 3398 his
2627 3343 2882 3396 omnibus
2938 3341 3276 3410 temporibus
3335 3351 3609 3408 nusquam

2030 3434 2178 3489 istud
2210 3434 2451 3505 legitur:
2499 3433 2641 3490 Dens
2679 3449 2824 3488 meus
2868 3441 2918 3486 et
2966 3431 3109 3486 Deus
3168 3430 3379 3498 vester.)
3421 3429 3488 3483 Et
3524 3430 3610 3484 in-

2029 3529 2201 3600 gressi
2228 3535 2351 3582 sunt
2391 3527 2495 3580 duo
2543 3525 2644 3580 viri
2689 3523 2944 3579 Sodoma.
2993 3521 3288 3591 PrOpterea
3330 3519 3474 3590 quod
3514 3517 3609 3588 qui

2032 3620 2318 3690 superiora
2361 3617 2741 3673 conscendens
2787 3616 2857 3670 ab
2898 3613 3213 3668 Ahrahamo
3249 3611 3610 3672 discesserat.

2033 3712 2175 3767 duos
2214 3710 2341 3766 illos
2395 3710 2693 3778 reliquerat
2736 3706 2828 3777 qui
2874 3704 3114 3762 Sodoma
3157 3704 3227 3759 ad
3257 3701 3613 3759 evertendtun

2036 3803 2273 3873 ingressi
2322 3801 2576 3867 fuerant;
2628 3799 2696 3854 de
2732 3814 2841 3869 quo
2881 3797 3160 3866 Scriptura
3189 3795 3276 3860 sic
3316 3794 3558 3863 loquitur
3593 3810 3611 3846 :

2035 3895 2104 3950 Et
2135 3896 2272 3965 pluit
2321 3892 2585 3947 Dominus
2635 3907 2790 3960 super
2829 3889 3120 3946 Sodomam
3165 3898 3215 3943 et
3265 3884 3614 3942 Gomorrltam

2035 3990 2206 4060 ignem
2238 3995 2289 4042 et
2325 3973 2614 4054 sulphura
2642 3982 2888 4037 Domino.
2929 3979 3117 4050 Neque
3148 3979 3234 4035 his
3267 3977 3450 4034 verbis
3486 3974 3616 4030 atti-

2040 4081 2203 4135 nebat
2231 4077 2332 4143 uti,
2367 4076 2510 4132 Deus
2539 4090 2682 4128 meus
2708 4083 2758 4126 et
2784 4072 2920 4125 Deus
2942 4079 3129 4124 vester.
3168 4068 3274 4123 Sed
3310 4077 3364 4122 et
3400 4066 3617 4136 Moyses

2039 4172 2094 4226 in
2125 4169 2367 4223 carmine
2415 4180 2550 4220 suo;
2593 4163 2661 4216 Et
2697 4161 2947 4224 adorent,
2996 4160 3172 4228 inquit
3192 4199 3206 4222 ,
3234 4159 3406 4224 ipsum
3437 4171 3617 4210 omnes

2039 4260 2214 4331 angeli
2247 4258 2344 4312 Dei
2375 4256 2418 4311 ⁸.
2443 4253 2600 4321 Quod
2637 4260 2819 4307 autem
2871 4251 3082 4320 angelos
3117 4247 3212 4300 Dei
3257 4253 3312 4300 et
3350 4246 3519 4314 ignem
3583 4261 3619 4296 α

2046 4353 2272 4408 Domino
2298 4351 2471 4416 dicit,
2514 4361 2690 4416 neque
2727 4343 2902 4400 solum
2935 4340 3173 4412 angelos;
3233 4338 3336 4391 hoc
3360 4351 3426 4391 eo
3458 4335 3623 4405 perti-

2040 4455 2167 4512 net,
2197 4452 2258 4500 ut
2287 4459 2456 4499 unum
2494 4439 2676 4494 Patris
2701 4435 2935 4503 Filiique
2966 4446 3189 4502 regnum
3221 4444 3344 4484 esse
3381 4428 3620 4492 doceat;

2041 4551 2166 4594 cum
2197 4533 2377 4605 angeli
2406 4532 2632 4587 minime
2664 4529 2720 4583 in
2754 4526 2982 4596 imperia
3011 4522 3353 4583 dividantur,
3389 4518 3484 4574 sed
3517 4533 3618 4570 an-

2042 4628 2148 4699 geli
2181 4626 2276 4680 Dei
2297 4624 2410 4680 sint
2446 4635 2512 4676 ac
2566 4619 2738 4672 Deum
2771 4617 3000 4670 adorent
3026 4620 3080 4668 et
3120 4612 3315 4666 Filium
3346 4627 3360 4664 :
3393 4607 3626 4677 angelus

2042 4697 2245 4789 quippe
2269 4715 2521 4786 angelum
2553 4726 2663 4765 non
2693 4708 2904 4762 adorat.
2937 4704 3045 4759 Nec
3067 4703 3178 4756 ullo
3205 4708 3334 4756 sunt
3365 4699 3470 4754 ista
3501 4697 3627 4752 loco

2047 4811 2252 4880 posita:
2293 4807 2436 4861 Deus
2457 4819 2602 4858 meus
2629 4809 2678 4857 et
2718 4799 2861 4853 Deus
2891 4806 3077 4852 vester.

2116 4898 2224 4969 35
2259 4894 2430 4951 XXX.
2482 4891 2565 4946 Ad
2604 4891 2720 4944 haec
2757 4883 2968 4939 David:
3016 4881 3171 4936 Dixit
3203 4877 3461 4932 Dominus
3521 4873 3627 4969 Do-

2051 4966 2206 5045 mino
2227 5003 2382 5042 meo:
2420 4984 2554 5041 Sede
2598 4999 2631 5036 a
2671 4978 2875 5035 dextris
2927 4974 3079 5036 meis,
3108 4971 3271 5024 donec
3297 4983 3492 5039 ponam
3519 4966 3628 5018 ini-

2055 5084 2216 5136 micos
2261 5089 2376 5132 tuos
2424 5074 2712 5132 scabellum
2754 5069 2944 5140 pedum
2998 5075 3210 5119 tuorum
3237 5061 3280 5116 °.
3332 5058 3634 5123 Dominus,

2053 5171 2255 5242 inquit,
2294 5167 2523 5222 Domino
2573 5181 2682 5220 meo
2709 5178 2728 5216 :
2758 5160 3001 5215 nondum
3051 5153 3196 5211 enim
3243 5151 3482 5207 hominis
3513 5155 3632 5202 erat

2057 5239 2312 5331 suscepta
2352 5267 2575 5321 natura,
2622 5256 2694 5310 ob
2725 5267 2889 5324 quam
2946 5262 3171 5304 necesse
3210 5243 3457 5306 haberet,
3495 5239 3640 5293 Deus

372 5335 1181 5447 λέυᾷιαίθξςὸιῗὺῇᾱξν.
1222 5335 1354 5434 Kal,
1396 5335 1552 5421 Ἰδοὺ
1586 5366 1623 5432 ἡ
1656 5362 1928 5433 παρθένοι

2057 5372 2202 5411 meus
2233 5370 2296 5407 ac
2336 5352 2476 5406 Deus
2508 5359 2695 5411 vester,
2727 5347 2930 5400 dicere.
2957 5341 3088 5396 Item
3121 5358 3136 5394 :
3178 5337 3311 5391 Ecce
3339 5335 3481 5402 virgo
3508 5348 3631 5385 ocn-

2476 5444 2484 5447 ‘
2581 5439 2647 5447 ’⁸⁵
3031 5433 3075 5447 ι’
3365 5427 3468 5447 ιιι-.-
3515 5420 3630 5447 Ρη...

371 5469 440 5522 ἐν
466 5469 677 5540 γαστρὶ
720 5465 998 5534 λήψεται,
1046 5462 1142 5515 καὶ
1169 5462 1399 5525 τέξεται
1430 5453 1565 5511 υἱόν
1585 5473 1598 5486 ·
1627 5455 1727 5508 καὶ
1771 5451 1950 5507 καλέ-

466 5627 743 5697 ¹Ριιῑ1ἱρῃ.
785 5643 842 5679 ιι.
885 5624 938 5697 6.
1017 5625 1036 5653 ²
1079 5619 1215 5697 Gen.
1258 5636 1337 5693 ut,
1371 5618 1423 5673 3.
1503 5615 1676 5672 30m.
1721 5630 1796 5679 vr,
1843 5613 1908 5668 1?.

2031 5627 2070 5680 ι·
2148 5609 2166 5641 ³
2204 5607 2337 5663 Cen.
2381 5618 2536 5670 xvm,
2593 5599 2614 5653 l
2662 5615 2783 5670 sqq.
2826 5596 2961 5658 Gen.
3002 5609 3114 5655 xix,
3155 5590 3176 5642 t
3217 5600 3337 5656 sqq.

382 5715 549 5762 χχχιι,
589 5692 700 5752 «tot
755 5699 773 5727 ⁸
812 5696 956 5750 l‘sal.
997 5709 1107 5757 cnt,
1154 5692 1207 5744 l.

2057 5449 2235 5520 cipiet,
2280 5453 2329 5501 et
2368 5444 2536 5514 pariet
2566 5439 2769 5510 ﬁlium;
2809 5447 2858 5492 et
2896 5433 3102 5489 vocabis
3135 5445 3322 5485 nomen
3355 5427 3468 5494 ejus
3507 5420 3635 5474 Em-

3412 5581 3438 5614 ⁸
3479 5573 3639 5630 Deut.
