  <div class='ocr_page' id='page_1' title='image "/cluster/home/n/w/nwhite01/storage/ocr_20150623/43/mdp.39015013284818/043.png"; bbox 0 0 4012 6210; ppageno 0'>
   <div class='ocr_carea' id='block_1_1' title="bbox 1859 198 3663 272">
    <p class='ocr_par' dir='ltr' id='par_1_1' title="bbox 1859 198 3663 272">
     <span class='ocr_line' id='line_1_1' title="bbox 1859 198 3663 272; baseline -0.012 -1"><span class='ocrx_word' id='word_1_1' title='bbox 1859 259 1871 271; x_wconf 96' lang='grc'>.</span> <span class='ocrx_word' id='word_1_2' title='bbox 1912 215 2247 272; x_wconf 81' lang='lat' dir='ltr'><strong><em>EPlPllANll</em></strong></span> <span class='ocrx_word' id='word_1_3' title='bbox 3597 198 3663 251; x_wconf 73' lang='lat'><strong>72</strong></span> 
     </span>
    </p>
   </div>
   <div class='ocr_carea' id='block_1_2' title="bbox 412 219 1992 379">
    <p class='ocr_par' dir='ltr' id='par_1_2' title="bbox 412 219 1992 379">
     <span class='ocr_line' id='line_1_2' title="bbox 1813 219 1992 273; baseline -0.011 0"><span class='ocrx_word' id='word_1_4' title='bbox 1813 219 1871 273; x_wconf 88' lang='lat' dir='ltr'><strong><em>S.</em></strong></span> <span class='ocrx_word' id='word_1_5' title='bbox 1912 219 1992 273; x_wconf 81' lang='grc' dir='ltr'><strong>ΕΡ</strong></span> 
     </span>
     <span class='ocr_line' id='line_1_3' title="bbox 412 219 1988 379; baseline 0 -15"><span class='ocrx_word' id='word_1_6' title='bbox 412 219 624 364; x_wconf 49' lang='lat' dir='ltr'><strong><em>:t‘anuel</em></strong></span> <span class='ocrx_word' id='word_1_7' title='bbox 655 323 674 362; x_wconf 90' lang='lat'><strong><em>:</em></strong></span> <span class='ocrx_word' id='word_1_8' title='bbox 707 311 846 379; x_wconf 80' lang='lat' dir='ltr'><strong><em>quod</em></strong></span> <span class='ocrx_word' id='word_1_9' title='bbox 877 318 954 362; x_wconf 89' lang='lat' dir='ltr'><strong><em>est</em></strong></span> <span class='ocrx_word' id='word_1_10' title='bbox 989 309 1413 377; x_wconf 71' lang='lat' dir='ltr'><strong><em>interpretatum,</em></strong></span> <span class='ocrx_word' id='word_1_11' title='bbox 1456 309 1749 365; x_wconf 77' lang='lat' dir='ltr'><strong><em>Nobiscum</em></strong></span> <span class='ocrx_word' id='word_1_12' title='bbox 1781 309 1922 363; x_wconf 91' lang='lat' dir='ltr'><strong><em>Deus</em></strong></span> <span class='ocrx_word' id='word_1_13' title='bbox 1947 310 1988 364; x_wconf 83' lang='grc'><strong><em>¹-.</em></strong></span> 
     </span>
    </p>
   </div>
   <div class='ocr_carea' id='block_1_3' title="bbox 2095 219 3672 379">
    <p class='ocr_par' dir='ltr' id='par_1_3' title="bbox 2095 219 3672 376">
     <span class='ocr_line' id='line_1_4' title="bbox 2205 219 3663 269; baseline -0.013 0"><span class='ocrx_word' id='word_1_14' title='bbox 2205 219 2247 269; x_wconf 83' lang='grc'><strong>11</strong></span> <span class='ocrx_word' id='word_1_15' title='bbox 3604 219 3663 251; x_wconf 73' lang='grc' dir='ltr'><em>ιῖι</em></span> 
     </span>
     <span class='ocr_line' id='line_1_5' title="bbox 2095 219 3672 376; baseline -0.001 -15"><span class='ocrx_word' id='word_1_16' title='bbox 2095 219 2224 372; x_wconf 59' lang='lat' dir='ltr'><strong><em>:7:ch</em></strong></span> <span class='ocrx_word' id='word_1_17' title='bbox 2249 305 2318 360; x_wconf 87' lang='grc' dir='ltr'><strong><em>τὸ</em></strong></span> <span class='ocrx_word' id='word_1_18' title='bbox 2362 304 2550 374; x_wconf 82' lang='grc' dir='ltr'>ὄνομα</span> <span class='ocrx_word' id='word_1_19' title='bbox 2596 303 2784 359; x_wconf 83' lang='grc' dir='ltr'>αὐτοῦ</span> <span class='ocrx_word' id='word_1_20' title='bbox 2846 304 3225 375; x_wconf 74' lang='grc' dir='ltr'><strong><em>Ἐμμανουήλ</em></strong></span> <span class='ocrx_word' id='word_1_21' title='bbox 3246 320 3262 336; x_wconf 74' lang='grc' dir='ltr'><strong>ο</strong></span> <span class='ocrx_word' id='word_1_22' title='bbox 3312 304 3347 360; x_wconf 81' lang='grc' dir='ltr'><strong><em>ὅ</em></strong></span> <span class='ocrx_word' id='word_1_23' title='bbox 3376 304 3549 361; x_wconf 83' lang='grc' dir='ltr'><em>ἐστιν</em></span> <span class='ocrx_word' id='word_1_24' title='bbox 3576 305 3672 376; x_wconf 72' lang='grc' dir='ltr'><strong><em>έρ-</em></strong></span> 
     </span>
    </p>
   </div>
   <div class='ocr_carea' id='block_1_4' title="bbox 411 397 1989 470">
    <p class='ocr_par' dir='ltr' id='par_1_4' title="bbox 411 397 1989 470">
     <span class='ocr_line' id='line_1_6' title="bbox 411 397 1989 470; baseline 0 -16"><span class='ocrx_word' id='word_1_25' title='bbox 411 400 653 455; x_wconf 80' lang='lat' dir='ltr'><strong><em>Nccdum</em></strong></span> <span class='ocrx_word' id='word_1_26' title='bbox 675 397 924 470; x_wconf 60' lang='lat' dir='ltr'><strong><em>usurpari</em></strong></span> <span class='ocrx_word' id='word_1_27' title='bbox 952 409 1200 470; x_wconf 84' lang='lat' dir='ltr'><strong><em>poterat:</em></strong></span> <span class='ocrx_word' id='word_1_28' title='bbox 1230 401 1370 456; x_wconf 90' lang='lat' dir='ltr'><strong><em>Deus</em></strong></span> <span class='ocrx_word' id='word_1_29' title='bbox 1392 419 1534 457; x_wconf 88' lang='lat' dir='ltr'><strong><em>meus</em></strong></span> <span class='ocrx_word' id='word_1_30' title='bbox 1563 412 1612 457; x_wconf 89' lang='lat' dir='ltr'><strong><em>et</em></strong></span> <span class='ocrx_word' id='word_1_31' title='bbox 1642 401 1780 455; x_wconf 88' lang='lat' dir='ltr'><strong><em>Deus</em></strong></span> <span class='ocrx_word' id='word_1_32' title='bbox 1803 409 1989 454; x_wconf 83' lang='lat' dir='ltr'><strong><em>vester.</em></strong></span> 
     </span>
    </p>
   </div>
   <div class='ocr_carea' id='block_1_5' title="bbox 412 489 1993 563">
    <p class='ocr_par' dir='ltr' id='par_1_5' title="bbox 412 489 1993 563">
     <span class='ocr_line' id='line_1_7' title="bbox 412 489 1993 563; baseline 0.001 -21"><span class='ocrx_word' id='word_1_33' title='bbox 412 489 720 544; x_wconf 63' lang='lat' dir='ltr'><strong><em>Praeterea:</em></strong></span> <span class='ocrx_word' id='word_1_34' title='bbox 750 489 1050 545; x_wconf 86' lang='lat' dir='ltr'><strong><em>Bethlehem</em></strong></span> <span class='ocrx_word' id='word_1_35' title='bbox 1080 491 1269 547; x_wconf 89' lang='lat' dir='ltr'><strong><em>domus</em></strong></span> <span class='ocrx_word' id='word_1_36' title='bbox 1305 492 1563 563; x_wconf 85' lang='lat' dir='ltr'><strong><em>Ephrata,</em></strong></span> <span class='ocrx_word' id='word_1_37' title='bbox 1597 507 1661 547; x_wconf 87' lang='lat' dir='ltr'><strong><em>ne</em></strong></span> <span class='ocrx_word' id='word_1_38' title='bbox 1690 491 1993 545; x_wconf 75' lang='lat' dir='ltr'><strong><em>multesima</em></strong></span> 
     </span>
    </p>
   </div>
   <div class='ocr_carea' id='block_1_6' title="bbox 374 571 1997 650">
    <p class='ocr_par' dir='ltr' id='par_1_6' title="bbox 374 571 1997 650">
     <span class='ocr_line' id='line_1_8' title="bbox 374 571 1997 650; baseline 0.004 -18"><span class='ocrx_word' id='word_1_39' title='bbox 374 571 378 575; x_wconf 58' lang='grc'><em>’</em></span> <span class='ocrx_word' id='word_1_40' title='bbox 411 579 624 650; x_wconf 77' lang='lat' dir='ltr'><strong><em>quidem</em></strong></span> <span class='ocrx_word' id='word_1_41' title='bbox 656 597 710 634; x_wconf 88' lang='lat' dir='ltr'><strong><em>es</em></strong></span> <span class='ocrx_word' id='word_1_42' title='bbox 745 589 803 633; x_wconf 92' lang='lat' dir='ltr'><strong><em>ut</em></strong></span> <span class='ocrx_word' id='word_1_43' title='bbox 831 582 903 635; x_wconf 88' lang='lat' dir='ltr'><strong><em>sis</em></strong></span> <span class='ocrx_word' id='word_1_44' title='bbox 935 583 989 635; x_wconf 89' lang='lat' dir='ltr'><strong><em>in</em></strong></span> <span class='ocrx_word' id='word_1_45' title='bbox 1018 583 1254 638; x_wconf 76' lang='lat' dir='ltr'><strong><em>millibus</em></strong></span> <span class='ocrx_word' id='word_1_46' title='bbox 1291 585 1448 638; x_wconf 74' lang='lat' dir='ltr'><strong><em>Judw</em></strong></span> <span class='ocrx_word' id='word_1_47' title='bbox 1475 600 1494 638; x_wconf 92' lang='lat'><strong><em>:</em></strong></span> <span class='ocrx_word' id='word_1_48' title='bbox 1523 599 1587 637; x_wconf 79' lang='lat' dir='ltr'><strong><em>ea:</em></strong></span> <span class='ocrx_word' id='word_1_49' title='bbox 1615 593 1664 638; x_wconf 88' lang='lat' dir='ltr'><strong><em>te</em></strong></span> <span class='ocrx_word' id='word_1_50' title='bbox 1686 584 1826 637; x_wconf 89' lang='lat' dir='ltr'><strong><em>enim</em></strong></span> <span class='ocrx_word' id='word_1_51' title='bbox 1863 582 1997 639; x_wconf 82' lang='lat' dir='ltr'><strong><em>mihi</em></strong></span> 
     </span>
    </p>
   </div>
   <div class='ocr_carea' id='block_1_7' title="bbox 411 672 1992 743">
    <p class='ocr_par' dir='ltr' id='par_1_7' title="bbox 411 672 1992 743">
     <span class='ocr_line' id='line_1_9' title="bbox 411 672 1992 743; baseline 0.003 -18"><span class='ocrx_word' id='word_1_52' title='bbox 411 672 547 726; x_wconf 74' lang='lat' dir='ltr'><strong><em>exiet</em></strong></span> <span class='ocrx_word' id='word_1_53' title='bbox 590 672 645 724; x_wconf 89' lang='lat' dir='ltr'><strong><em>in</em></strong></span> <span class='ocrx_word' id='word_1_54' title='bbox 683 673 973 741; x_wconf 83' lang='lat' dir='ltr'><strong><em>principem</em></strong></span> <span class='ocrx_word' id='word_1_55' title='bbox 1012 675 1152 743; x_wconf 88' lang='lat' dir='ltr'><strong><em>apud</em></strong></span> <span class='ocrx_word' id='word_1_56' title='bbox 1198 674 1496 729; x_wconf 87' lang='lat' dir='ltr'><strong><em>Israelem:</em></strong></span> <span class='ocrx_word' id='word_1_57' title='bbox 1529 684 1579 728; x_wconf 87' lang='lat' dir='ltr'><strong><em>et</em></strong></span> <span class='ocrx_word' id='word_1_58' title='bbox 1616 676 1789 728; x_wconf 73' lang='lat' dir='ltr'><strong><em>exitus</em></strong></span> <span class='ocrx_word' id='word_1_59' title='bbox 1828 675 1992 743; x_wconf 84' lang='lat' dir='ltr'><strong><em>ipsius</em></strong></span> 
     </span>
    </p>
   </div>
   <div class='ocr_carea' id='block_1_8' title="bbox 412 763 1994 824">
    <p class='ocr_par' dir='ltr' id='par_1_8' title="bbox 412 763 1994 824">
     <span class='ocr_line' id='line_1_10' title="bbox 412 763 1994 824; baseline 0.006 -9"><span class='ocrx_word' id='word_1_60' title='bbox 412 763 478 815; x_wconf 86' lang='lat' dir='ltr'><strong><em>ab</em></strong></span> <span class='ocrx_word' id='word_1_61' title='bbox 531 763 684 816; x_wconf 89' lang='lat' dir='ltr'><strong><em>initio</em></strong></span> <span class='ocrx_word' id='word_1_62' title='bbox 733 781 766 818; x_wconf 93' lang='lat' dir='ltr'><strong><em>a</em></strong></span> <span class='ocrx_word' id='word_1_63' title='bbox 817 767 1001 822; x_wconf 80' lang='lat' dir='ltr'><strong><em>diebus</em></strong></span> <span class='ocrx_word' id='word_1_64' title='bbox 1051 767 1366 822; x_wconf 78' lang='lat' dir='ltr'><strong><em>steculorum</em></strong></span> <span class='ocrx_word' id='word_1_65' title='bbox 1388 767 1431 821; x_wconf 78' lang='lat'><strong><em>&#39;.</em></strong></span> <span class='ocrx_word' id='word_1_66' title='bbox 1484 764 1581 819; x_wconf 89' lang='lat' dir='ltr'><strong><em>Vel</em></strong></span> <span class='ocrx_word' id='word_1_67' title='bbox 1635 772 1697 820; x_wconf 90' lang='lat' dir='ltr'><strong><em>ut</em></strong></span> <span class='ocrx_word' id='word_1_68' title='bbox 1754 768 1811 821; x_wconf 88' lang='lat' dir='ltr'><strong><em>in</em></strong></span> <span class='ocrx_word' id='word_1_69' title='bbox 1870 768 1994 824; x_wconf 89' lang='lat' dir='ltr'><strong><em>aliis</em></strong></span> 
     </span>
    </p>
   </div>
   <div class='ocr_carea' id='block_1_9' title="bbox 411 855 1993 928">
    <p class='ocr_par' dir='ltr' id='par_1_9' title="bbox 411 855 1993 928">
     <span class='ocr_line' id='line_1_11' title="bbox 411 855 1993 928; baseline 0.003 -20"><span class='ocrx_word' id='word_1_70' title='bbox 411 855 819 924; x_wconf 81' lang='lat' dir='ltr'><strong><em>exemplaribus</em></strong></span> <span class='ocrx_word' id='word_1_71' title='bbox 855 859 1053 928; x_wconf 96' lang='lat' dir='ltr'><strong><em>legitur</em></strong></span> <span class='ocrx_word' id='word_1_72' title='bbox 1081 877 1095 913; x_wconf 88' lang='lat'><strong>:</strong></span> <span class='ocrx_word' id='word_1_73' title='bbox 1125 857 1193 910; x_wconf 86' lang='lat' dir='ltr'><strong><em>Et</em></strong></span> <span class='ocrx_word' id='word_1_74' title='bbox 1223 866 1300 922; x_wconf 90' lang='lat' dir='ltr'><strong><em>tu,</em></strong></span> <span class='ocrx_word' id='word_1_75' title='bbox 1325 855 1646 924; x_wconf 85' lang='lat' dir='ltr'><strong><em>Bethlehem,</em></strong></span> <span class='ocrx_word' id='word_1_76' title='bbox 1665 875 1993 928; x_wconf 85' lang='lat' dir='ltr'><strong><em>nequaquam</em></strong></span> 
     </span>
    </p>
   </div>
   <div class='ocr_carea' id='block_1_10' title="bbox 413 948 1990 1018">
    <p class='ocr_par' dir='ltr' id='par_1_10' title="bbox 413 948 1990 1018">
     <span class='ocr_line' id='line_1_12' title="bbox 413 948 1990 1018; baseline 0.003 -18"><span class='ocrx_word' id='word_1_77' title='bbox 413 948 637 1002; x_wconf 88' lang='lat' dir='ltr'><strong><em>minima</em></strong></span> <span class='ocrx_word' id='word_1_78' title='bbox 661 966 713 1004; x_wconf 88' lang='lat' dir='ltr'><strong><em>es</em></strong></span> <span class='ocrx_word' id='word_1_79' title='bbox 744 951 797 1004; x_wconf 89' lang='lat' dir='ltr'><strong><em>in</em></strong></span> <span class='ocrx_word' id='word_1_80' title='bbox 819 952 1040 1005; x_wconf 86' lang='lat' dir='ltr'><strong><em>ducibus</em></strong></span> <span class='ocrx_word' id='word_1_81' title='bbox 1070 949 1250 1012; x_wconf 70' lang='lat' dir='ltr'><strong><em>ludar,</em></strong></span> <span class='ocrx_word' id='word_1_82' title='bbox 1282 964 1348 1002; x_wconf 81' lang='lat' dir='ltr'><strong><em>ea:</em></strong></span> <span class='ocrx_word' id='word_1_83' title='bbox 1376 958 1425 1003; x_wconf 91' lang='lat' dir='ltr'><strong><em>te</em></strong></span> <span class='ocrx_word' id='word_1_84' title='bbox 1446 951 1582 1003; x_wconf 89' lang='lat' dir='ltr'><strong><em>enim</em></strong></span> <span class='ocrx_word' id='word_1_85' title='bbox 1617 953 1754 1005; x_wconf 76' lang='lat' dir='ltr'><strong><em>exiet</em></strong></span> <span class='ocrx_word' id='word_1_86' title='bbox 1781 951 1990 1018; x_wconf 86' lang='lat' dir='ltr'><strong><em>ductor,</em></strong></span> 
     </span>
    </p>
   </div>
   <div class='ocr_carea' id='block_1_11' title="bbox 410 1037 1994 1108">
    <p class='ocr_par' dir='ltr' id='par_1_11' title="bbox 410 1037 1994 1108">
     <span class='ocr_line' id='line_1_13' title="bbox 410 1037 1994 1108; baseline 0.002 -17"><span class='ocrx_word' id='word_1_87' title='bbox 410 1044 462 1091; x_wconf 89' lang='lat' dir='ltr'><strong><em>et</em></strong></span> <span class='ocrx_word' id='word_1_88' title='bbox 505 1050 683 1107; x_wconf 81' lang='lat' dir='ltr'><strong><em>pascet</em></strong></span> <span class='ocrx_word' id='word_1_89' title='bbox 714 1041 962 1108; x_wconf 77' lang='lat' dir='ltr'><strong><em>populum</em></strong></span> <span class='ocrx_word' id='word_1_90' title='bbox 1006 1055 1176 1092; x_wconf 88' lang='lat' dir='ltr'><strong><em>meum</em></strong></span> <span class='ocrx_word' id='word_1_91' title='bbox 1213 1037 1408 1093; x_wconf 84' lang='lat' dir='ltr'><strong><em>Israel.</em></strong></span> <span class='ocrx_word' id='word_1_92' title='bbox 1445 1037 1612 1095; x_wconf 84' lang='lat' dir='ltr'><strong><em>Vides</em></strong></span> <span class='ocrx_word' id='word_1_93' title='bbox 1641 1040 1835 1094; x_wconf 90' lang='lat' dir='ltr'><strong><em>horum</em></strong></span> <span class='ocrx_word' id='word_1_94' title='bbox 1881 1056 1994 1095; x_wconf 88' lang='lat' dir='ltr'><strong><em>ver-</em></strong></span> 
     </span>
    </p>
   </div>
   <div class='ocr_carea' id='block_1_12' title="bbox 416 1124 1993 1198">
    <p class='ocr_par' dir='ltr' id='par_1_12' title="bbox 416 1124 1993 1198">
     <span class='ocr_line' id='line_1_14' title="bbox 416 1124 1993 1198; baseline 0.001 -15"><span class='ocrx_word' id='word_1_95' title='bbox 416 1131 610 1185; x_wconf 85' lang='lat' dir='ltr'><strong><em>borum</em></strong></span> <span class='ocrx_word' id='word_1_96' title='bbox 656 1132 896 1185; x_wconf 90' lang='lat' dir='ltr'><strong><em>nondum</em></strong></span> <span class='ocrx_word' id='word_1_97' title='bbox 957 1146 1116 1186; x_wconf 88' lang='lat' dir='ltr'><strong><em>usum</em></strong></span> <span class='ocrx_word' id='word_1_98' title='bbox 1165 1124 1540 1186; x_wconf 75' lang='lat' dir='ltr'><strong><em>necessariam</em></strong></span> <span class='ocrx_word' id='word_1_99' title='bbox 1592 1130 1799 1198; x_wconf 77' lang='lat' dir='ltr'><strong><em>fuisse,</em></strong></span> <span class='ocrx_word' id='word_1_100' title='bbox 1856 1131 1993 1185; x_wconf 84' lang='lat' dir='ltr'><strong><em>Deus</em></strong></span> 
     </span>
    </p>
   </div>
   <div class='ocr_carea' id='block_1_13' title="bbox 414 1220 1995 1292">
    <p class='ocr_par' dir='ltr' id='par_1_13' title="bbox 414 1220 1995 1292">
     <span class='ocr_line' id='line_1_15' title="bbox 414 1220 1995 1292; baseline 0.003 -19"><span class='ocrx_word' id='word_1_101' title='bbox 414 1238 561 1276; x_wconf 82' lang='lat' dir='ltr'><strong><em>meus</em></strong></span> <span class='ocrx_word' id='word_1_102' title='bbox 609 1232 659 1276; x_wconf 85' lang='lat' dir='ltr'><strong><em>et</em></strong></span> <span class='ocrx_word' id='word_1_103' title='bbox 708 1221 851 1275; x_wconf 86' lang='lat' dir='ltr'><strong><em>Deus</em></strong></span> <span class='ocrx_word' id='word_1_104' title='bbox 896 1225 1108 1279; x_wconf 79' lang='lat' dir='ltr'><strong><em>vester?</em></strong></span> <span class='ocrx_word' id='word_1_105' title='bbox 1160 1220 1524 1292; x_wconf 75' lang='lat' dir='ltr'><strong><em>Posteaquam</em></strong></span> <span class='ocrx_word' id='word_1_106' title='bbox 1569 1237 1703 1278; x_wconf 90' lang='lat' dir='ltr'><strong><em>vero</em></strong></span> <span class='ocrx_word' id='word_1_107' title='bbox 1747 1221 1995 1278; x_wconf 74' lang='lat' dir='ltr'><strong><em>Jeremite</em></strong></span> 
     </span>
    </p>
   </div>
   <div class='ocr_carea' id='block_1_14' title="bbox 412 1313 1994 1386">
    <p class='ocr_par' dir='ltr' id='par_1_14' title="bbox 412 1313 1994 1386">
     <span class='ocr_line' id='line_1_16' title="bbox 412 1313 1994 1386; baseline 0.002 -18"><span class='ocrx_word' id='word_1_108' title='bbox 412 1314 732 1368; x_wconf 76' lang='lat' dir='ltr'><strong><em>vaticinium</em></strong></span> <span class='ocrx_word' id='word_1_109' title='bbox 781 1315 1064 1384; x_wconf 74' lang='lat' dir='ltr'><strong><em>impletum</em></strong></span> <span class='ocrx_word' id='word_1_110' title='bbox 1108 1325 1217 1381; x_wconf 88' lang='lat' dir='ltr'><strong><em>est,</em></strong></span> <span class='ocrx_word' id='word_1_111' title='bbox 1274 1332 1488 1374; x_wconf 86' lang='lat' dir='ltr'><strong><em>necnon</em></strong></span> <span class='ocrx_word' id='word_1_112' title='bbox 1549 1321 1604 1370; x_wconf 91' lang='lat' dir='ltr'><strong><em>et</em></strong></span> <span class='ocrx_word' id='word_1_113' title='bbox 1642 1313 1833 1382; x_wconf 78' lang='lat' dir='ltr'><strong><em>Isaiae,</em></strong></span> <span class='ocrx_word' id='word_1_114' title='bbox 1885 1333 1994 1386; x_wconf 92' lang='lat' dir='ltr'><strong><em>quo</em></strong></span> 
     </span>
    </p>
   </div>
   <div class='ocr_carea' id='block_1_15' title="bbox 411 1402 1996 1478">
    <p class='ocr_par' dir='ltr' id='par_1_15' title="bbox 411 1402 1996 1478">
     <span class='ocr_line' id='line_1_17' title="bbox 411 1402 1996 1478; baseline 0.005 -21"><span class='ocrx_word' id='word_1_115' title='bbox 411 1403 651 1459; x_wconf 82' lang='lat' dir='ltr'><strong><em>Verbum</em></strong></span> <span class='ocrx_word' id='word_1_116' title='bbox 681 1419 712 1459; x_wconf 92' lang='lat' dir='ltr'><strong><em>e</em></strong></span> <span class='ocrx_word' id='word_1_117' title='bbox 741 1402 971 1475; x_wconf 79' lang='lat' dir='ltr'><strong><em>Virgine</em></strong></span> <span class='ocrx_word' id='word_1_118' title='bbox 1015 1406 1261 1477; x_wconf 88' lang='lat' dir='ltr'><strong><em>genitum</em></strong></span> <span class='ocrx_word' id='word_1_119' title='bbox 1296 1404 1389 1473; x_wconf 89' lang='lat' dir='ltr'><strong><em>iri,</em></strong></span> <span class='ocrx_word' id='word_1_120' title='bbox 1436 1419 1773 1478; x_wconf 87' lang='lat' dir='ltr'><strong><em>carnemque</em></strong></span> <span class='ocrx_word' id='word_1_121' title='bbox 1805 1423 1996 1465; x_wconf 82' lang='lat' dir='ltr'><strong><em>susce-</em></strong></span> 
     </span>
    </p>
   </div>
   <div class='ocr_carea' id='block_1_16' title="bbox 409 1496 1991 1569">
    <p class='ocr_par' dir='ltr' id='par_1_16' title="bbox 409 1496 1991 1569">
     <span class='ocr_line' id='line_1_18' title="bbox 409 1496 1991 1569; baseline 0.004 -20"><span class='ocrx_word' id='word_1_122' title='bbox 409 1504 635 1566; x_wconf 87' lang='lat' dir='ltr'><strong><em>pturum</em></strong></span> <span class='ocrx_word' id='word_1_123' title='bbox 673 1511 797 1552; x_wconf 91' lang='lat' dir='ltr'><strong><em>esse</em></strong></span> <span class='ocrx_word' id='word_1_124' title='bbox 835 1497 1258 1566; x_wconf 66' lang='lat' dir='ltr'><strong><em>pradicebatur,</em></strong></span> <span class='ocrx_word' id='word_1_125' title='bbox 1301 1506 1366 1551; x_wconf 89' lang='lat' dir='ltr'><strong><em>ut</em></strong></span> <span class='ocrx_word' id='word_1_126' title='bbox 1393 1496 1662 1554; x_wconf 84' lang='lat' dir='ltr'><strong><em>Jeremias</em></strong></span> <span class='ocrx_word' id='word_1_127' title='bbox 1697 1500 1943 1569; x_wconf 89' lang='lat' dir='ltr'><strong><em>loquitur</em></strong></span> <span class='ocrx_word' id='word_1_128' title='bbox 1977 1519 1991 1556; x_wconf 91' lang='lat'>:</span> 
     </span>
    </p>
   </div>
   <div class='ocr_carea' id='block_1_17' title="bbox 2087 393 3671 470">
    <p class='ocr_par' dir='ltr' id='par_1_17' title="bbox 2087 393 3671 470">
     <span class='ocr_line' id='line_1_19' title="bbox 2087 393 3671 470; baseline 0.002 -21"><span class='ocrx_word' id='word_1_129' title='bbox 2087 397 2525 466; x_wconf 79' lang='grc' dir='ltr'>μηνευόμενον,</span> <span class='ocrx_word' id='word_1_130' title='bbox 2560 398 2702 450; x_wconf 79' lang='grc' dir='ltr'><strong><em>Μεθ’</em></strong></span> <span class='ocrx_word' id='word_1_131' title='bbox 2734 395 2905 465; x_wconf 72' lang='grc' dir='ltr'>ἡμῶν</span> <span class='ocrx_word' id='word_1_132' title='bbox 2945 399 2979 451; x_wconf 85' lang='grc' dir='ltr'><em>ό</em></span> <span class='ocrx_word' id='word_1_133' title='bbox 3032 397 3209 462; x_wconf 83' lang='grc' dir='ltr'>Θεός·</span> <span class='ocrx_word' id='word_1_134' title='bbox 3258 397 3359 450; x_wconf 69' lang='grc' dir='ltr'>«καὶ</span> <span class='ocrx_word' id='word_1_135' title='bbox 3405 398 3558 451; x_wconf 73' lang='grc' dir='ltr'>οὔπω</span> <span class='ocrx_word' id='word_1_136' title='bbox 3600 393 3671 470; x_wconf 78' lang='grc' dir='ltr'><strong><em>ἦν</em></strong></span> 
     </span>
    </p>
   </div>
   <div class='ocr_carea' id='block_1_18' title="bbox 2092 487 3664 557">
    <p class='ocr_par' dir='ltr' id='par_1_18' title="bbox 2092 487 3664 557">
     <span class='ocr_line' id='line_1_20' title="bbox 2092 487 3664 557; baseline 0.002 -18"><span class='ocrx_word' id='word_1_137' title='bbox 2092 488 2286 553; x_wconf 80' lang='grc' dir='ltr'>εἰπεῖν,</span> <span class='ocrx_word' id='word_1_138' title='bbox 2319 487 2463 553; x_wconf 82' lang='grc' dir='ltr'>Θεός</span> <span class='ocrx_word' id='word_1_139' title='bbox 2487 504 2605 556; x_wconf 83' lang='grc' dir='ltr'>μου</span> <span class='ocrx_word' id='word_1_140' title='bbox 2655 487 2753 542; x_wconf 79' lang='grc' dir='ltr'><em>καὶ</em></span> <span class='ocrx_word' id='word_1_141' title='bbox 2789 487 2932 554; x_wconf 83' lang='grc' dir='ltr'><strong><em>Θεὸς</em></strong></span> <span class='ocrx_word' id='word_1_142' title='bbox 2961 487 3149 557; x_wconf 79' lang='grc' dir='ltr'><strong><em>ὑμῶν.</em></strong></span> <span class='ocrx_word' id='word_1_143' title='bbox 3179 518 3248 530; x_wconf 86' lang='grc'><strong><em>-</em></strong></span> <span class='ocrx_word' id='word_1_144' title='bbox 3269 487 3378 542; x_wconf 78' lang='lat' dir='ltr'><strong><em>Kal</em></strong></span> <span class='ocrx_word' id='word_1_145' title='bbox 3408 488 3511 550; x_wconf 82' lang='grc' dir='ltr'><strong><em>σὺ,</em></strong></span> <span class='ocrx_word' id='word_1_146' title='bbox 3549 491 3664 556; x_wconf 84' lang='grc' dir='ltr'><strong><em>Βη-</em></strong></span> 
     </span>
    </p>
   </div>
   <div class='ocr_carea' id='block_1_19' title="bbox 2093 571 3672 647">
    <p class='ocr_par' dir='ltr' id='par_1_19' title="bbox 2093 571 3672 647">
     <span class='ocr_line' id='line_1_21' title="bbox 2093 571 3672 647; baseline 0.001 -17"><span class='ocrx_word' id='word_1_147' title='bbox 2093 575 2272 645; x_wconf 75' lang='grc' dir='ltr'>θλεὲμ</span> <span class='ocrx_word' id='word_1_148' title='bbox 2305 571 2470 642; x_wconf 78' lang='grc' dir='ltr'>οἷκος</span> <span class='ocrx_word' id='word_1_149' title='bbox 2493 576 2600 630; x_wconf 86' lang='grc' dir='ltr'><strong><em>τοῦ</em></strong></span> <span class='ocrx_word' id='word_1_150' title='bbox 2649 575 2954 644; x_wconf 74' lang='grc' dir='ltr'><strong><em>Εὐφραθᾶ,</em></strong></span> <span class='ocrx_word' id='word_1_151' title='bbox 2990 579 3104 631; x_wconf 79' lang='grc' dir='ltr'><strong><em>οὐκ</em></strong></span> <span class='ocrx_word' id='word_1_152' title='bbox 3135 577 3450 647; x_wconf 74' lang='grc' dir='ltr'>ὀλιγοστὸς</span> <span class='ocrx_word' id='word_1_153' title='bbox 3487 574 3545 634; x_wconf 82' lang='grc' dir='ltr'>εἷ</span> <span class='ocrx_word' id='word_1_154' title='bbox 3564 579 3672 632; x_wconf 86' lang='grc' dir='ltr'><strong><em>τοῦ</em></strong></span> 
     </span>
    </p>
   </div>
   <div class='ocr_carea' id='block_1_20' title="bbox 2101 663 3673 740">
    <p class='ocr_par' dir='ltr' id='par_1_20' title="bbox 2101 663 3673 740">
     <span class='ocr_line' id='line_1_22' title="bbox 2101 663 3673 740; baseline 0.001 -18"><span class='ocrx_word' id='word_1_155' title='bbox 2101 663 2254 722; x_wconf 78' lang='grc' dir='ltr'><em>εἶναι</em></span> <span class='ocrx_word' id='word_1_156' title='bbox 2287 667 2360 721; x_wconf 84' lang='grc' dir='ltr'><strong><em>ἐν</em></strong></span> <span class='ocrx_word' id='word_1_157' title='bbox 2410 667 2682 737; x_wconf 72' lang='grc' dir='ltr'><strong><em>χιλιάσιν</em></strong></span> <span class='ocrx_word' id='word_1_158' title='bbox 2727 668 2923 724; x_wconf 80' lang='grc' dir='ltr'><strong><em>Ἰούδα</em></strong></span> <span class='ocrx_word' id='word_1_159' title='bbox 2947 685 2961 700; x_wconf 85' lang='lat'><strong><em>°</em></strong></span> <span class='ocrx_word' id='word_1_160' title='bbox 3001 669 3070 723; x_wconf 80' lang='grc' dir='ltr'><em>ἐκ</em></span> <span class='ocrx_word' id='word_1_161' title='bbox 3117 670 3234 724; x_wconf 87' lang='grc' dir='ltr'>σοῦ</span> <span class='ocrx_word' id='word_1_162' title='bbox 3283 669 3396 739; x_wconf 76' lang='grc' dir='ltr'><strong><em>γάρ</em></strong></span> <span class='ocrx_word' id='word_1_163' title='bbox 3422 688 3524 740; x_wconf 85' lang='grc' dir='ltr'>μοι</span> <span class='ocrx_word' id='word_1_164' title='bbox 3575 670 3673 736; x_wconf 72' lang='grc' dir='ltr'><strong><em>ἐξ·</em></strong></span> 
     </span>
    </p>
   </div>
   <div class='ocr_carea' id='block_1_21' title="bbox 2099 758 3673 831">
    <p class='ocr_par' dir='ltr' id='par_1_21' title="bbox 2099 758 3673 831">
     <span class='ocr_line' id='line_1_23' title="bbox 2099 758 3673 831; baseline 0.004 -19"><span class='ocrx_word' id='word_1_165' title='bbox 2099 758 2412 812; x_wconf 67' lang='grc' dir='ltr'>ελεύσεται</span> <span class='ocrx_word' id='word_1_166' title='bbox 2462 761 2551 826; x_wconf 80' lang='grc' dir='ltr'><strong><em>είς</em></strong></span> <span class='ocrx_word' id='word_1_167' title='bbox 2597 759 2860 829; x_wconf 78' lang='grc' dir='ltr'><strong><em>ἄρχοντα</em></strong></span> <span class='ocrx_word' id='word_1_168' title='bbox 2891 760 2962 814; x_wconf 81' lang='grc' dir='ltr'><strong><em>ἐν</em></strong></span> <span class='ocrx_word' id='word_1_169' title='bbox 3007 759 3089 826; x_wconf 82' lang='grc' dir='ltr'>τῷ</span> <span class='ocrx_word' id='word_1_170' title='bbox 3133 761 3412 831; x_wconf 79' lang='grc' dir='ltr'><em>Ἰσραὴλ,</em></span> <span class='ocrx_word' id='word_1_171' title='bbox 3462 763 3562 816; x_wconf 76' lang='grc' dir='ltr'><em>καὶ</em></span> <span class='ocrx_word' id='word_1_172' title='bbox 3611 767 3673 819; x_wconf 79' lang='grc' dir='ltr'><em>αι</em></span> 
     </span>
    </p>
   </div>
   <div class='ocr_carea' id='block_1_22' title="bbox 2093 847 3669 922">
    <p class='ocr_par' dir='ltr' id='par_1_22' title="bbox 2093 847 3669 922">
     <span class='ocr_line' id='line_1_24' title="bbox 2093 847 3669 922; baseline 0.006 -21"><span class='ocrx_word' id='word_1_173' title='bbox 2093 847 2352 913; x_wconf 79' lang='grc' dir='ltr'><strong><em>διέξοδοι</em></strong></span> <span class='ocrx_word' id='word_1_174' title='bbox 2396 850 2587 904; x_wconf 85' lang='grc' dir='ltr'>αὐτοῦ</span> <span class='ocrx_word' id='word_1_175' title='bbox 2616 851 2720 904; x_wconf 82' lang='grc' dir='ltr'><strong><em>ἀπ’</em></strong></span> <span class='ocrx_word' id='word_1_176' title='bbox 2753 849 2965 921; x_wconf 81' lang='grc' dir='ltr'>ἀρχῆς,</span> <span class='ocrx_word' id='word_1_177' title='bbox 2994 853 3096 920; x_wconf 75' lang='grc' dir='ltr'><strong><em>ἀφ’</em></strong></span> <span class='ocrx_word' id='word_1_178' title='bbox 3127 852 3363 922; x_wconf 77' lang='grc' dir='ltr'>ἡμερῶν</span> <span class='ocrx_word' id='word_1_179' title='bbox 3408 854 3669 910; x_wconf 74' lang='grc' dir='ltr'><strong><em>αἰώνων·</em></strong></span> 
     </span>
    </p>
   </div>
   <div class='ocr_carea' id='block_1_23' title="bbox 2091 940 3672 1018">
    <p class='ocr_par' dir='ltr' id='par_1_23' title="bbox 2091 940 3672 1018">
     <span class='ocr_line' id='line_1_25' title="bbox 2091 940 3672 1018; baseline 0.004 -24"><span class='ocrx_word' id='word_1_180' title='bbox 2091 941 2187 994; x_wconf 66' lang='grc' dir='ltr'><strong><em>καὶ¹</em></strong></span> <span class='ocrx_word' id='word_1_181' title='bbox 2228 940 2372 995; x_wconf 82' lang='grc' dir='ltr'><em>κατὰ</em></span> <span class='ocrx_word' id='word_1_182' title='bbox 2405 941 2474 995; x_wconf 90' lang='grc' dir='ltr'><strong><em>τά</em></strong></span> <span class='ocrx_word' id='word_1_183' title='bbox 2525 942 2662 996; x_wconf 81' lang='grc' dir='ltr'>ἀλλα</span> <span class='ocrx_word' id='word_1_184' title='bbox 2709 943 3056 1016; x_wconf 72' lang='grc' dir='ltr'>ἀντίγραφαο</span> <span class='ocrx_word' id='word_1_185' title='bbox 3101 945 3213 999; x_wconf 77' lang='grc' dir='ltr'><strong><em>Καὶ</em></strong></span> <span class='ocrx_word' id='word_1_186' title='bbox 3243 946 3346 1012; x_wconf 85' lang='grc' dir='ltr'><strong><em>σὺ,</em></strong></span> <span class='ocrx_word' id='word_1_187' title='bbox 3379 947 3672 1018; x_wconf 68' lang='grc' dir='ltr'>Βηθλεὲμ,</span> 
     </span>
    </p>
   </div>
   <div class='ocr_carea' id='block_1_24' title="bbox 2092 1033 3673 1105">
    <p class='ocr_par' dir='ltr' id='par_1_24' title="bbox 2092 1033 3673 1105">
     <span class='ocr_line' id='line_1_26' title="bbox 2092 1033 3673 1105; baseline 0.004 -19"><span class='ocrx_word' id='word_1_188' title='bbox 2092 1033 2228 1102; x_wconf 84' lang='grc' dir='ltr'>οὐχί</span> <span class='ocrx_word' id='word_1_189' title='bbox 2255 1033 2551 1102; x_wconf 79' lang='grc' dir='ltr'><strong><em>ἐλαχίστη</em></strong></span> <span class='ocrx_word' id='word_1_190' title='bbox 2589 1033 2659 1087; x_wconf 81' lang='grc' dir='ltr'><strong><em>ἐν</em></strong></span> <span class='ocrx_word' id='word_1_191' title='bbox 2691 1034 2816 1100; x_wconf 84' lang='grc' dir='ltr'>τοῖς</span> <span class='ocrx_word' id='word_1_192' title='bbox 2850 1036 3141 1105; x_wconf 74' lang='grc' dir='ltr'><strong><em>ἡγεμόσιν</em></strong></span> <span class='ocrx_word' id='word_1_193' title='bbox 3184 1036 3370 1091; x_wconf 79' lang='grc' dir='ltr'><strong><em>Ἰούδα</em></strong></span> <span class='ocrx_word' id='word_1_194' title='bbox 3393 1053 3408 1068; x_wconf 88' lang='grc'><strong>·</strong></span> <span class='ocrx_word' id='word_1_195' title='bbox 3456 1038 3526 1090; x_wconf 82' lang='grc' dir='ltr'><em>ἐκ</em></span> <span class='ocrx_word' id='word_1_196' title='bbox 3554 1039 3673 1093; x_wconf 86' lang='grc' dir='ltr'>σοῦ</span> 
     </span>
    </p>
   </div>
   <div class='ocr_carea' id='block_1_25' title="bbox 2091 1123 3674 1197">
    <p class='ocr_par' dir='ltr' id='par_1_25' title="bbox 2091 1123 3674 1197">
     <span class='ocr_line' id='line_1_27' title="bbox 2091 1123 3674 1197; baseline 0.005 -21"><span class='ocrx_word' id='word_1_197' title='bbox 2091 1123 2204 1194; x_wconf 74' lang='grc' dir='ltr'><strong><em>γὰρ</em></strong></span> <span class='ocrx_word' id='word_1_198' title='bbox 2258 1123 2643 1187; x_wconf 78' lang='grc' dir='ltr'><strong><em>ἐξελεύσεται</em></strong></span> <span class='ocrx_word' id='word_1_199' title='bbox 2686 1125 3042 1194; x_wconf 74' lang='grc' dir='ltr'>ἡγούμενος,</span> <span class='ocrx_word' id='word_1_200' title='bbox 3093 1127 3191 1181; x_wconf 75' lang='grc' dir='ltr'><em>καί</em></span> <span class='ocrx_word' id='word_1_201' title='bbox 3248 1128 3528 1197; x_wconf 81' lang='grc' dir='ltr'><strong><em>ποιμανεῖ</em></strong></span> <span class='ocrx_word' id='word_1_202' title='bbox 3567 1130 3674 1184; x_wconf 84' lang='grc' dir='ltr'><strong><em>τὸν</em></strong></span> 
     </span>
    </p>
   </div>
   <div class='ocr_carea' id='block_1_26' title="bbox 2091 1213 3673 1290">
    <p class='ocr_par' dir='ltr' id='par_1_26' title="bbox 2091 1213 3673 1290">
     <span class='ocr_line' id='line_1_28' title="bbox 2091 1213 3673 1290; baseline 0.003 -22"><span class='ocrx_word' id='word_1_203' title='bbox 2091 1215 2246 1268; x_wconf 75' lang='grc' dir='ltr'><em>λαόν</em></span> <span class='ocrx_word' id='word_1_204' title='bbox 2265 1231 2386 1283; x_wconf 81' lang='grc' dir='ltr'>μου</span> <span class='ocrx_word' id='word_1_205' title='bbox 2414 1213 2522 1267; x_wconf 85' lang='grc' dir='ltr'><strong><em>τὸν</em></strong></span> <span class='ocrx_word' id='word_1_206' title='bbox 2561 1213 2831 1281; x_wconf 77' lang='grc' dir='ltr'><em>Ἰσραήλ.</em></span> <span class='ocrx_word' id='word_1_207' title='bbox 2868 1215 2978 1268; x_wconf 78' lang='lat' dir='ltr'><strong><em>Kal.</em></strong></span> <span class='ocrx_word' id='word_1_208' title='bbox 3009 1217 3140 1286; x_wconf 77' lang='grc' dir='ltr'><strong><em>ὁρᾷς</em></strong></span> <span class='ocrx_word' id='word_1_209' title='bbox 3162 1217 3243 1268; x_wconf 85' lang='grc' dir='ltr'><strong><em>ὅτι</em></strong></span> <span class='ocrx_word' id='word_1_210' title='bbox 3269 1217 3478 1271; x_wconf 85' lang='grc' dir='ltr'>οὐδέπω</span> <span class='ocrx_word' id='word_1_211' title='bbox 3515 1219 3673 1290; x_wconf 82' lang='grc' dir='ltr'>χρεία</span> 
     </span>
    </p>
   </div>
   <div class='ocr_carea' id='block_1_27' title="bbox 2090 1300 3669 1381">
    <p class='ocr_par' dir='ltr' id='par_1_27' title="bbox 2090 1300 3669 1381">
     <span class='ocr_line' id='line_1_29' title="bbox 2090 1300 3669 1381; baseline 0.004 -24"><span class='ocrx_word' id='word_1_212' title='bbox 2090 1300 2160 1376; x_wconf 74' lang='grc' dir='ltr'><strong><em>ἦν</em></strong></span> <span class='ocrx_word' id='word_1_213' title='bbox 2206 1307 2402 1369; x_wconf 80' lang='grc' dir='ltr'>εἰπεῖν,</span> <span class='ocrx_word' id='word_1_214' title='bbox 2449 1305 2598 1359; x_wconf 85' lang='grc' dir='ltr'>Θεόν</span> <span class='ocrx_word' id='word_1_215' title='bbox 2622 1323 2742 1375; x_wconf 79' lang='grc' dir='ltr'>μου</span> <span class='ocrx_word' id='word_1_216' title='bbox 2792 1305 2890 1359; x_wconf 79' lang='grc' dir='ltr'><em>καὶ</em></span> <span class='ocrx_word' id='word_1_217' title='bbox 2938 1305 3087 1360; x_wconf 84' lang='grc' dir='ltr'><strong><em>Θεὸν</em></strong></span> <span class='ocrx_word' id='word_1_218' title='bbox 3126 1308 3330 1377; x_wconf 58' lang='lat' dir='ltr'><strong><em>timor;</em></strong></span> <span class='ocrx_word' id='word_1_219' title='bbox 3382 1309 3511 1362; x_wconf 87' lang='grc' dir='ltr'><strong><em>Ὅτε</em></strong></span> <span class='ocrx_word' id='word_1_220' title='bbox 3547 1310 3605 1363; x_wconf 82' lang='grc' dir='ltr'><strong><em>δὲ</em></strong></span> <span class='ocrx_word' id='word_1_221' title='bbox 3635 1313 3669 1381; x_wconf 81' lang='grc' dir='ltr'><strong>ἡ</strong></span> 
     </span>
    </p>
   </div>
   <div class='ocr_carea' id='block_1_28' title="bbox 2093 1396 3674 1468">
    <p class='ocr_par' dir='ltr' id='par_1_28' title="bbox 2093 1396 3674 1468">
     <span class='ocr_line' id='line_1_30' title="bbox 2093 1396 3674 1468; baseline 0.004 -18"><span class='ocrx_word' id='word_1_222' title='bbox 2093 1396 2400 1468; x_wconf 78' lang='grc' dir='ltr'><strong><em>προφητεία</em></strong></span> <span class='ocrx_word' id='word_1_223' title='bbox 2445 1396 2748 1468; x_wconf 78' lang='grc' dir='ltr'><strong><em>ἐπληροῦτο</em></strong></span> <span class='ocrx_word' id='word_1_224' title='bbox 2789 1396 3051 1468; x_wconf 86' lang='grc' dir='ltr'>Ἱερεμίου</span> <span class='ocrx_word' id='word_1_225' title='bbox 3095 1401 3188 1452; x_wconf 77' lang='grc' dir='ltr'><strong><em>καὶ</em></strong></span> <span class='ocrx_word' id='word_1_226' title='bbox 3229 1401 3455 1455; x_wconf 75' lang='grc' dir='ltr'>Ἡσαΐου</span> <span class='ocrx_word' id='word_1_227' title='bbox 3494 1403 3674 1458; x_wconf 84' lang='grc' dir='ltr'><strong><em>ὡσαύ-</em></strong></span> 
     </span>
    </p>
   </div>
   <div class='ocr_carea' id='block_1_29' title="bbox 2091 1485 3675 1558">
    <p class='ocr_par' dir='ltr' id='par_1_29' title="bbox 2091 1485 3675 1558">
     <span class='ocr_line' id='line_1_31' title="bbox 2091 1485 3675 1558; baseline 0.006 -21"><span class='ocrx_word' id='word_1_228' title='bbox 2091 1502 2200 1548; x_wconf 86' lang='grc' dir='ltr'><strong><em>τως</em></strong></span> <span class='ocrx_word' id='word_1_229' title='bbox 2241 1485 2324 1551; x_wconf 88' lang='grc' dir='ltr'><strong><em>τὸ,</em></strong></span> <span class='ocrx_word' id='word_1_230' title='bbox 2389 1487 2455 1539; x_wconf 83' lang='grc' dir='ltr'><em>ὲκ</em></span> <span class='ocrx_word' id='word_1_231' title='bbox 2507 1485 2777 1558; x_wconf 80' lang='grc' dir='ltr'><strong><em>παρθένου</em></strong></span> <span class='ocrx_word' id='word_1_232' title='bbox 2831 1487 3156 1558; x_wconf 84' lang='grc' dir='ltr'><strong><em>γεννηθῆναι</em></strong></span> <span class='ocrx_word' id='word_1_233' title='bbox 3203 1489 3294 1542; x_wconf 90' lang='grc' dir='ltr'><strong><em>τὸν</em></strong></span> <span class='ocrx_word' id='word_1_234' title='bbox 3331 1490 3523 1558; x_wconf 76' lang='grc' dir='ltr'>Λόγον,</span> <span class='ocrx_word' id='word_1_235' title='bbox 3579 1494 3675 1546; x_wconf 80' lang='grc' dir='ltr'><strong><em>καὶ</em></strong></span> 
     </span>
    </p>
   </div>
   <div class='ocr_carea' id='block_1_30' title="bbox 411 1575 1992 1660">
    <p class='ocr_par' dir='ltr' id='par_1_30' title="bbox 411 1587 1992 1660">
     <span class='ocr_line' id='line_1_32' title="bbox 411 1587 1992 1660; baseline 0.003 -18"><span class='ocrx_word' id='word_1_236' title='bbox 411 1587 482 1642; x_wconf 84' lang='grc' dir='ltr'><strong><em>Ει</em></strong></span> <span class='ocrx_word' id='word_1_237' title='bbox 522 1588 675 1642; x_wconf 84' lang='lat' dir='ltr'><strong><em>homo</em></strong></span> <span class='ocrx_word' id='word_1_238' title='bbox 717 1598 816 1655; x_wconf 90' lang='lat' dir='ltr'><strong><em>est,</em></strong></span> <span class='ocrx_word' id='word_1_239' title='bbox 858 1597 906 1644; x_wconf 89' lang='lat' dir='ltr'><strong><em>et</em></strong></span> <span class='ocrx_word' id='word_1_240' title='bbox 954 1591 1070 1660; x_wconf 87' lang='lat' dir='ltr'><strong><em>quis</em></strong></span> <span class='ocrx_word' id='word_1_241' title='bbox 1117 1599 1390 1659; x_wconf 84' lang='lat' dir='ltr'><strong><em>cognoscet</em></strong></span> <span class='ocrx_word' id='word_1_242' title='bbox 1430 1589 1585 1644; x_wconf 90' lang='lat' dir='ltr'><strong><em>illum</em></strong></span> <span class='ocrx_word' id='word_1_243' title='bbox 1612 1591 1672 1643; x_wconf 73' lang='grc' dir='ltr'><em>ιῖ</em></span> <span class='ocrx_word' id='word_1_244' title='bbox 1703 1599 1818 1644; x_wconf 92' lang='lat' dir='ltr'><strong><em>tum</em></strong></span> <span class='ocrx_word' id='word_1_245' title='bbox 1861 1606 1992 1647; x_wconf 89' lang='lat' dir='ltr'><strong><em>vero</em></strong></span> 
     </span>
    </p>
   </div>
   <div class='ocr_carea' id='block_1_31' title="bbox 2095 1575 3675 1660">
    <p class='ocr_par' dir='ltr' id='par_1_31' title="bbox 2095 1575 3675 1650">
     <span class='ocr_line' id='line_1_33' title="bbox 2095 1575 3675 1650; baseline 0.004 -21"><span class='ocrx_word' id='word_1_246' title='bbox 2095 1575 2273 1647; x_wconf 85' lang='grc' dir='ltr'><em>σάρκα</em></span> <span class='ocrx_word' id='word_1_247' title='bbox 2306 1577 2474 1647; x_wconf 85' lang='grc' dir='ltr'>σχεῖν,</span> <span class='ocrx_word' id='word_1_248' title='bbox 2519 1576 2772 1648; x_wconf 88' lang='grc' dir='ltr'><em>καθάπερ</em></span> <span class='ocrx_word' id='word_1_249' title='bbox 2810 1577 3080 1648; x_wconf 79' lang='grc' dir='ltr'><strong><em>Ἱερεμίας</em></strong></span> <span class='ocrx_word' id='word_1_250' title='bbox 3115 1579 3269 1648; x_wconf 78' lang='grc' dir='ltr'>φησὶ,</span> <span class='ocrx_word' id='word_1_251' title='bbox 3299 1582 3408 1633; x_wconf 77' lang='grc' dir='ltr'><strong><em>Καὶ</em></strong></span> <span class='ocrx_word' id='word_1_252' title='bbox 3451 1580 3675 1650; x_wconf 82' lang='grc' dir='ltr'>ἅνθρω-</span> 
     </span>
    </p>
   </div>
   <div class='ocr_carea' id='block_1_32' title="bbox 410 1657 1992 1752">
    <p class='ocr_par' dir='ltr' id='par_1_32' title="bbox 410 1679 1988 1752">
     <span class='ocr_line' id='line_1_34' title="bbox 410 1679 1988 1752; baseline 0.002 -17"><span class='ocrx_word' id='word_1_253' title='bbox 410 1679 502 1735; x_wconf 90' lang='lat' dir='ltr'><strong><em>ubi</em></strong></span> <span class='ocrx_word' id='word_1_254' title='bbox 536 1681 722 1735; x_wconf 90' lang='lat' dir='ltr'><strong><em>carnis</em></strong></span> <span class='ocrx_word' id='word_1_255' title='bbox 747 1682 1025 1752; x_wconf 79' lang='lat' dir='ltr'><strong><em>particeps</em></strong></span> <span class='ocrx_word' id='word_1_256' title='bbox 1054 1681 1176 1745; x_wconf 82' lang='lat' dir='ltr'><strong><em>fuit,</em></strong></span> <span class='ocrx_word' id='word_1_257' title='bbox 1203 1696 1268 1736; x_wconf 90' lang='lat' dir='ltr'><strong><em>ac</em></strong></span> <span class='ocrx_word' id='word_1_258' title='bbox 1298 1681 1420 1737; x_wconf 90' lang='lat' dir='ltr'><strong><em>sine</em></strong></span> <span class='ocrx_word' id='word_1_259' title='bbox 1449 1682 1590 1736; x_wconf 85' lang='lat' dir='ltr'><strong><em>virili</em></strong></span> <span class='ocrx_word' id='word_1_260' title='bbox 1617 1693 1736 1738; x_wconf 89' lang='lat' dir='ltr'><strong><em>satu</em></strong></span> <span class='ocrx_word' id='word_1_261' title='bbox 1769 1700 1799 1738; x_wconf 90' lang='lat' dir='ltr'><strong><em>e</em></strong></span> <span class='ocrx_word' id='word_1_262' title='bbox 1822 1682 1988 1738; x_wconf 83' lang='lat' dir='ltr'><strong><em>Maria</em></strong></span> 
     </span>
    </p>
   </div>
   <div class='ocr_carea' id='block_1_33' title="bbox 2095 1657 3674 1752">
    <p class='ocr_par' dir='ltr' id='par_1_33' title="bbox 2095 1666 3674 1744">
     <span class='ocr_line' id='line_1_35' title="bbox 2095 1666 3674 1744; baseline 0.005 -24"><span class='ocrx_word' id='word_1_263' title='bbox 2095 1669 2207 1734; x_wconf 85' lang='grc' dir='ltr'><strong><em>πός</em></strong></span> <span class='ocrx_word' id='word_1_264' title='bbox 2235 1667 2388 1735; x_wconf 86' lang='grc' dir='ltr'><em>ἐστι,</em></span> <span class='ocrx_word' id='word_1_265' title='bbox 2418 1668 2516 1721; x_wconf 79' lang='grc' dir='ltr'><em>καὶ</em></span> <span class='ocrx_word' id='word_1_266' title='bbox 2547 1669 2639 1733; x_wconf 80' lang='grc' dir='ltr'><strong><em>τίς</em></strong></span> <span class='ocrx_word' id='word_1_267' title='bbox 2659 1666 2952 1738; x_wconf 77' lang='grc' dir='ltr'>γνώσεται</span> <span class='ocrx_word' id='word_1_268' title='bbox 2983 1671 3205 1734; x_wconf 84' lang='grc' dir='ltr'><strong><em>αὐτόν;</em></strong></span> <span class='ocrx_word' id='word_1_269' title='bbox 3234 1671 3354 1725; x_wconf 83' lang='grc' dir='ltr'>τότε</span> <span class='ocrx_word' id='word_1_270' title='bbox 3388 1673 3674 1744; x_wconf 86' lang='grc' dir='ltr'>μετασχὼν</span> 
     </span>
    </p>
   </div>
   <div class='ocr_carea' id='block_1_34' title="bbox 411 1768 1988 1841">
    <p class='ocr_par' dir='ltr' id='par_1_34' title="bbox 411 1768 1988 1841">
     <span class='ocr_line' id='line_1_36' title="bbox 411 1768 1988 1841; baseline 0.005 -21"><span class='ocrx_word' id='word_1_271' title='bbox 411 1768 506 1823; x_wconf 90' lang='lat' dir='ltr'><strong><em>Dei</em></strong></span> <span class='ocrx_word' id='word_1_272' title='bbox 551 1777 726 1825; x_wconf 85' lang='lat' dir='ltr'><strong><em>matre</em></strong></span> <span class='ocrx_word' id='word_1_273' title='bbox 773 1779 1191 1826; x_wconf 87' lang='lat' dir='ltr'><strong><em>sacrosanctum</em></strong></span> <span class='ocrx_word' id='word_1_274' title='bbox 1245 1771 1352 1826; x_wconf 86' lang='lat' dir='ltr'><strong><em>sibi</em></strong></span> <span class='ocrx_word' id='word_1_275' title='bbox 1391 1787 1594 1841; x_wconf 89' lang='lat' dir='ltr'><strong><em>corpus</em></strong></span> <span class='ocrx_word' id='word_1_276' title='bbox 1638 1771 1864 1838; x_wconf 81' lang='lat' dir='ltr'><strong><em>ellinxit,</em></strong></span> <span class='ocrx_word' id='word_1_277' title='bbox 1911 1774 1988 1828; x_wconf 90' lang='lat' dir='ltr'><strong><em>uti</em></strong></span> 
     </span>
    </p>
   </div>
   <div class='ocr_carea' id='block_1_35' title="bbox 411 1860 1988 1933">
    <p class='ocr_par' dir='ltr' id='par_1_35' title="bbox 411 1860 1988 1933">
     <span class='ocr_line' id='line_1_37' title="bbox 411 1860 1988 1933; baseline 0.001 -17"><span class='ocrx_word' id='word_1_278' title='bbox 411 1860 674 1930; x_wconf 89' lang='lat' dir='ltr'><strong><em>scriptum</em></strong></span> <span class='ocrx_word' id='word_1_279' title='bbox 741 1869 849 1924; x_wconf 86' lang='lat' dir='ltr'><strong><em>est,</em></strong></span> <span class='ocrx_word' id='word_1_280' title='bbox 892 1861 1070 1930; x_wconf 76' lang='lat' dir='ltr'><strong><em>factus</em></strong></span> <span class='ocrx_word' id='word_1_281' title='bbox 1109 1876 1174 1915; x_wconf 81' lang='lat' dir='ltr'><strong><em>ea:</em></strong></span> <span class='ocrx_word' id='word_1_282' title='bbox 1206 1861 1516 1915; x_wconf 65' lang='lat' dir='ltr'><strong><em>muliere‘:</em></strong></span> <span class='ocrx_word' id='word_1_283' title='bbox 1560 1867 1699 1927; x_wconf 92' lang='lat' dir='ltr'><strong><em>tum,</em></strong></span> <span class='ocrx_word' id='word_1_284' title='bbox 1742 1862 1988 1933; x_wconf 90' lang='lat' dir='ltr'><strong><em>inquam,</em></strong></span> 
     </span>
    </p>
   </div>
   <div class='ocr_carea' id='block_1_36' title="bbox 411 1953 1991 2024">
    <p class='ocr_par' dir='ltr' id='par_1_36' title="bbox 411 1953 1991 2024">
     <span class='ocr_line' id='line_1_38' title="bbox 411 1953 1991 2024; baseline 0 -16"><span class='ocrx_word' id='word_1_285' title='bbox 411 1961 622 2008; x_wconf 66' lang='lat' dir='ltr'><strong><em>naturae</em></strong></span> <span class='ocrx_word' id='word_1_286' title='bbox 655 1961 858 2010; x_wconf 62' lang='lat' dir='ltr'><strong><em>nostra</em></strong></span> <span class='ocrx_word' id='word_1_287' title='bbox 889 1961 1114 2023; x_wconf 88' lang='lat' dir='ltr'><strong><em>propter</em></strong></span> <span class='ocrx_word' id='word_1_288' title='bbox 1152 1969 1254 2008; x_wconf 89' lang='lat' dir='ltr'><strong><em>nos</em></strong></span> <span class='ocrx_word' id='word_1_289' title='bbox 1286 1953 1583 2024; x_wconf 87' lang='lat' dir='ltr'><strong><em>particeps,</em></strong></span> <span class='ocrx_word' id='word_1_290' title='bbox 1619 1953 1786 2008; x_wconf 88' lang='lat' dir='ltr'><strong><em>Deum</em></strong></span> <span class='ocrx_word' id='word_1_291' title='bbox 1822 1970 1991 2008; x_wconf 87' lang='lat' dir='ltr'><strong><em>meum</em></strong></span> 
     </span>
    </p>
   </div>
   <div class='ocr_carea' id='block_1_37' title="bbox 411 2043 1992 2119">
    <p class='ocr_par' dir='ltr' id='par_1_37' title="bbox 411 2043 1992 2119">
     <span class='ocr_line' id='line_1_39' title="bbox 411 2043 1992 2119; baseline 0.001 -18"><span class='ocrx_word' id='word_1_292' title='bbox 411 2063 680 2119; x_wconf 89' lang='lat' dir='ltr'><strong><em>usurpare</em></strong></span> <span class='ocrx_word' id='word_1_293' title='bbox 725 2047 910 2115; x_wconf 78' lang='lat' dir='ltr'><strong><em>cmpit.</em></strong></span> <span class='ocrx_word' id='word_1_294' title='bbox 969 2043 1041 2100; x_wconf 87' lang='lat' dir='ltr'><strong><em>Ut</em></strong></span> <span class='ocrx_word' id='word_1_295' title='bbox 1084 2057 1262 2101; x_wconf 90' lang='lat' dir='ltr'><strong><em>autem</em></strong></span> <span class='ocrx_word' id='word_1_296' title='bbox 1307 2053 1505 2101; x_wconf 89' lang='lat' dir='ltr'><strong><em>natura</em></strong></span> <span class='ocrx_word' id='word_1_297' title='bbox 1570 2061 1892 2117; x_wconf 87' lang='lat' dir='ltr'><strong><em>germanum</em></strong></span> <span class='ocrx_word' id='word_1_298' title='bbox 1932 2062 1992 2103; x_wconf 89' lang='lat' dir='ltr'><strong><em>se</em></strong></span> 
     </span>
    </p>
   </div>
   <div class='ocr_carea' id='block_1_38' title="bbox 409 2131 1991 2209">
    <p class='ocr_par' dir='ltr' id='par_1_38' title="bbox 409 2131 1991 2209">
     <span class='ocr_line' id='line_1_40' title="bbox 409 2131 1991 2209; baseline 0 -16"><span class='ocrx_word' id='word_1_299' title='bbox 409 2154 475 2194; x_wconf 88' lang='lat' dir='ltr'><strong><em>ac</em></strong></span> <span class='ocrx_word' id='word_1_300' title='bbox 505 2139 895 2209; x_wconf 88' lang='lat' dir='ltr'><strong><em>sempiternum</em></strong></span> <span class='ocrx_word' id='word_1_301' title='bbox 931 2131 1205 2201; x_wconf 83' lang='lat' dir='ltr'><strong><em>ostendat,</em></strong></span> <span class='ocrx_word' id='word_1_302' title='bbox 1252 2136 1471 2192; x_wconf 87' lang='lat' dir='ltr'><strong><em>Patrem</em></strong></span> <span class='ocrx_word' id='word_1_303' title='bbox 1506 2154 1677 2191; x_wconf 90' lang='lat' dir='ltr'><strong><em>meum</em></strong></span> <span class='ocrx_word' id='word_1_304' title='bbox 1717 2138 1886 2204; x_wconf 83' lang='lat' dir='ltr'><strong><em>dixit;</em></strong></span> <span class='ocrx_word' id='word_1_305' title='bbox 1923 2139 1991 2194; x_wconf 91' lang='lat' dir='ltr'><strong><em>ad</em></strong></span> 
     </span>
    </p>
   </div>
   <div class='ocr_carea' id='block_1_39' title="bbox 409 2227 1992 2300">
    <p class='ocr_par' dir='ltr' id='par_1_39' title="bbox 409 2227 1992 2300">
     <span class='ocr_line' id='line_1_41' title="bbox 409 2227 1992 2300; baseline 0.001 -16"><span class='ocrx_word' id='word_1_306' title='bbox 409 2230 543 2284; x_wconf 85' lang='lat' dir='ltr'><strong><em>illud</em></strong></span> <span class='ocrx_word' id='word_1_307' title='bbox 575 2245 706 2284; x_wconf 82' lang='lat' dir='ltr'><strong><em>vero</em></strong></span> <span class='ocrx_word' id='word_1_308' title='bbox 735 2228 1061 2284; x_wconf 80' lang='lat' dir='ltr'><strong><em>beneficium</em></strong></span> <span class='ocrx_word' id='word_1_309' title='bbox 1097 2227 1515 2300; x_wconf 85' lang='lat' dir='ltr'><strong><em>signiﬁcandum</em></strong></span> <span class='ocrx_word' id='word_1_310' title='bbox 1549 2243 1659 2298; x_wconf 87' lang='lat' dir='ltr'><strong><em>quo</em></strong></span> <span class='ocrx_word' id='word_1_311' title='bbox 1689 2229 1992 2300; x_wconf 86' lang='lat' dir='ltr'><strong><em>discipulos</em></strong></span> 
     </span>
    </p>
   </div>
   <div class='ocr_carea' id='block_1_40' title="bbox 413 2317 1989 2389">
    <p class='ocr_par' dir='ltr' id='par_1_40' title="bbox 413 2317 1989 2389">
     <span class='ocr_line' id='line_1_42' title="bbox 413 2317 1989 2389; baseline 0.001 -16"><span class='ocrx_word' id='word_1_312' title='bbox 413 2318 691 2382; x_wconf 76' lang='lat' dir='ltr'><strong><em>aﬂecerat,</em></strong></span> <span class='ocrx_word' id='word_1_313' title='bbox 720 2317 941 2372; x_wconf 84' lang='lat' dir='ltr'><strong><em>Patrem</em></strong></span> <span class='ocrx_word' id='word_1_314' title='bbox 965 2327 1194 2372; x_wconf 74' lang='lat' dir='ltr'><strong><em>vestrum</em></strong></span> <span class='ocrx_word' id='word_1_315' title='bbox 1224 2318 1452 2374; x_wconf 88' lang='lat' dir='ltr'><strong><em>addidit.</em></strong></span> <span class='ocrx_word' id='word_1_316' title='bbox 1489 2317 1623 2372; x_wconf 86' lang='lat' dir='ltr'><strong><em>Nam</em></strong></span> <span class='ocrx_word' id='word_1_317' title='bbox 1652 2319 1798 2389; x_wconf 82' lang='lat' dir='ltr'><strong><em>quod</em></strong></span> <span class='ocrx_word' id='word_1_318' title='bbox 1829 2320 1989 2385; x_wconf 78' lang='lat' dir='ltr'><strong><em>dixit,</em></strong></span> 
     </span>
    </p>
   </div>
   <div class='ocr_carea' id='block_1_41' title="bbox 417 2410 1993 2482">
    <p class='ocr_par' dir='ltr' id='par_1_41' title="bbox 417 2410 1993 2482">
     <span class='ocr_line' id='line_1_43' title="bbox 417 2410 1993 2482; baseline 0.003 -19"><span class='ocrx_word' id='word_1_319' title='bbox 417 2410 581 2464; x_wconf 84' lang='lat' dir='ltr'><strong><em>Deum</em></strong></span> <span class='ocrx_word' id='word_1_320' title='bbox 629 2417 879 2474; x_wconf 81' lang='lat' dir='ltr'><strong><em>vestrum,</em></strong></span> <span class='ocrx_word' id='word_1_321' title='bbox 924 2411 1029 2464; x_wconf 86' lang='lat' dir='ltr'><strong><em>hoc</em></strong></span> <span class='ocrx_word' id='word_1_322' title='bbox 1076 2410 1224 2481; x_wconf 92' lang='lat' dir='ltr'><strong><em>quod</em></strong></span> <span class='ocrx_word' id='word_1_323' title='bbox 1270 2410 1559 2482; x_wconf 87' lang='lat' dir='ltr'><strong><em>discipulis</em></strong></span> <span class='ocrx_word' id='word_1_324' title='bbox 1609 2410 1678 2464; x_wconf 90' lang='lat' dir='ltr'><strong><em>ad</em></strong></span> <span class='ocrx_word' id='word_1_325' title='bbox 1723 2427 1879 2467; x_wconf 90' lang='lat' dir='ltr'><strong><em>suam</em></strong></span> <span class='ocrx_word' id='word_1_326' title='bbox 1927 2426 1993 2468; x_wconf 90' lang='lat' dir='ltr'><strong><em>ac</em></strong></span> 
     </span>
    </p>
   </div>
   <div class='ocr_carea' id='block_1_42' title="bbox 409 2492 1994 2570">
    <p class='ocr_par' dir='ltr' id='par_1_42' title="bbox 409 2492 1994 2570">
     <span class='ocr_line' id='line_1_44' title="bbox 409 2492 1994 2570; baseline 0.003 -17"><span class='ocrx_word' id='word_1_327' title='bbox 409 2492 594 2556; x_wconf 81' lang='lat' dir='ltr'><strong><em>Patris</em></strong></span> <span class='ocrx_word' id='word_1_328' title='bbox 623 2500 813 2555; x_wconf 72' lang='lat' dir='ltr'><strong><em>:eterni</em></strong></span> <span class='ocrx_word' id='word_1_329' title='bbox 858 2500 1202 2555; x_wconf 84' lang='lat' dir='ltr'><strong><em>divinitatem</em></strong></span> <span class='ocrx_word' id='word_1_330' title='bbox 1240 2500 1596 2570; x_wconf 86' lang='lat' dir='ltr'><strong><em>comparatis,</em></strong></span> <span class='ocrx_word' id='word_1_331' title='bbox 1631 2508 1831 2555; x_wconf 89' lang='lat' dir='ltr'><strong><em>natura</em></strong></span> <span class='ocrx_word' id='word_1_332' title='bbox 1858 2517 1994 2557; x_wconf 86' lang='lat' dir='ltr'><strong><em>con-</em></strong></span> 
     </span>
    </p>
   </div>
   <div class='ocr_carea' id='block_1_43' title="bbox 413 2590 1992 2664">
    <p class='ocr_par' dir='ltr' id='par_1_43' title="bbox 413 2590 1992 2664">
     <span class='ocr_line' id='line_1_45' title="bbox 413 2590 1992 2664; baseline 0.002 -18"><span class='ocrx_word' id='word_1_333' title='bbox 413 2591 687 2655; x_wconf 73' lang='lat' dir='ltr'><strong><em>veniebat,</em></strong></span> <span class='ocrx_word' id='word_1_334' title='bbox 718 2591 1001 2647; x_wconf 83' lang='lat' dir='ltr'><strong><em>declarare</em></strong></span> <span class='ocrx_word' id='word_1_335' title='bbox 1025 2593 1221 2646; x_wconf 91' lang='lat' dir='ltr'><strong><em>voluit.</em></strong></span> <span class='ocrx_word' id='word_1_336' title='bbox 1251 2590 1394 2648; x_wconf 89' lang='lat' dir='ltr'><strong><em>Deus</em></strong></span> <span class='ocrx_word' id='word_1_337' title='bbox 1421 2593 1569 2648; x_wconf 89' lang='lat' dir='ltr'><strong><em>enim</em></strong></span> <span class='ocrx_word' id='word_1_338' title='bbox 1595 2593 1992 2664; x_wconf 90' lang='lat' dir='ltr'><strong><em>discipulorum</em></strong></span> 
     </span>
    </p>
   </div>
   <div class='ocr_carea' id='block_1_44' title="bbox 411 2681 1991 2756">
    <p class='ocr_par' dir='ltr' id='par_1_44' title="bbox 411 2681 1991 2756">
     <span class='ocr_line' id='line_1_46' title="bbox 411 2681 1991 2756; baseline 0.002 -19"><span class='ocrx_word' id='word_1_339' title='bbox 411 2689 555 2739; x_wconf 86' lang='lat' dir='ltr'><strong><em>est:</em></strong></span> <span class='ocrx_word' id='word_1_340' title='bbox 612 2681 777 2737; x_wconf 89' lang='lat' dir='ltr'><strong><em>Pater</em></strong></span> <span class='ocrx_word' id='word_1_341' title='bbox 826 2696 958 2738; x_wconf 91' lang='lat' dir='ltr'><strong><em>vero</em></strong></span> <span class='ocrx_word' id='word_1_342' title='bbox 1005 2682 1259 2748; x_wconf 88' lang='lat' dir='ltr'><strong><em>Domini,</em></strong></span> <span class='ocrx_word' id='word_1_343' title='bbox 1317 2691 1548 2750; x_wconf 89' lang='lat' dir='ltr'><strong><em>natura;</em></strong></span> <span class='ocrx_word' id='word_1_344' title='bbox 1597 2684 1991 2756; x_wconf 87' lang='lat' dir='ltr'><strong><em>discipulorum</em></strong></span> 
     </span>
    </p>
   </div>
   <div class='ocr_carea' id='block_1_45' title="bbox 414 2773 1992 2846">
    <p class='ocr_par' dir='ltr' id='par_1_45' title="bbox 414 2773 1992 2846">
     <span class='ocr_line' id='line_1_47' title="bbox 414 2773 1992 2846; baseline 0.001 -18"><span class='ocrx_word' id='word_1_345' title='bbox 414 2789 582 2844; x_wconf 90' lang='lat' dir='ltr'><strong><em>porro</em></strong></span> <span class='ocrx_word' id='word_1_346' title='bbox 605 2773 798 2839; x_wconf 89' lang='lat' dir='ltr'><strong><em>Pater,</em></strong></span> <span class='ocrx_word' id='word_1_347' title='bbox 825 2774 999 2846; x_wconf 87' lang='lat' dir='ltr'><strong><em>gratia</em></strong></span> <span class='ocrx_word' id='word_1_348' title='bbox 1032 2793 1046 2829; x_wconf 87' lang='lat'><strong>:</strong></span> <span class='ocrx_word' id='word_1_349' title='bbox 1081 2775 1338 2846; x_wconf 88' lang='lat' dir='ltr'><strong><em>idemque</em></strong></span> <span class='ocrx_word' id='word_1_350' title='bbox 1357 2773 1482 2830; x_wconf 88' lang='lat' dir='ltr'><strong><em>Filii</em></strong></span> <span class='ocrx_word' id='word_1_351' title='bbox 1512 2783 1735 2846; x_wconf 86' lang='lat' dir='ltr'><strong><em>propter</em></strong></span> <span class='ocrx_word' id='word_1_352' title='bbox 1770 2791 1992 2832; x_wconf 89' lang='lat' dir='ltr'><strong><em>carnem</em></strong></span> 
     </span>
    </p>
   </div>
   <div class='ocr_carea' id='block_1_46' title="bbox 417 2863 1994 2935">
    <p class='ocr_par' dir='ltr' id='par_1_46' title="bbox 417 2863 1994 2935">
     <span class='ocr_line' id='line_1_48' title="bbox 417 2863 1994 2935; baseline 0.002 -18"><span class='ocrx_word' id='word_1_353' title='bbox 417 2864 596 2930; x_wconf 89' lang='lat' dir='ltr'><strong><em>Deus;</em></strong></span> <span class='ocrx_word' id='word_1_354' title='bbox 651 2863 813 2918; x_wconf 83' lang='lat' dir='ltr'><strong><em>Pater</em></strong></span> <span class='ocrx_word' id='word_1_355' title='bbox 840 2878 973 2918; x_wconf 88' lang='lat' dir='ltr'><strong><em>vero</em></strong></span> <span class='ocrx_word' id='word_1_356' title='bbox 1007 2873 1232 2935; x_wconf 83' lang='lat' dir='ltr'><strong><em>propter</em></strong></span> <span class='ocrx_word' id='word_1_357' title='bbox 1271 2865 1659 2935; x_wconf 86' lang='lat' dir='ltr'><strong><em>sempiternam</em></strong></span> <span class='ocrx_word' id='word_1_358' title='bbox 1690 2873 1745 2922; x_wconf 89' lang='lat' dir='ltr'><strong><em>et</em></strong></span> <span class='ocrx_word' id='word_1_359' title='bbox 1783 2867 1994 2921; x_wconf 89' lang='lat' dir='ltr'><strong><em>incom-</em></strong></span> 
     </span>
    </p>
   </div>
   <div class='ocr_carea' id='block_1_47' title="bbox 413 2955 1996 3031">
    <p class='ocr_par' dir='ltr' id='par_1_47' title="bbox 413 2955 1996 3031">
     <span class='ocr_line' id='line_1_49' title="bbox 413 2955 1996 3031; baseline 0.003 -21"><span class='ocrx_word' id='word_1_360' title='bbox 413 2955 742 3025; x_wconf 89' lang='lat' dir='ltr'><strong><em>prehensam</em></strong></span> <span class='ocrx_word' id='word_1_361' title='bbox 767 2956 916 3012; x_wconf 90' lang='lat' dir='ltr'><strong><em>illius</em></strong></span> <span class='ocrx_word' id='word_1_362' title='bbox 946 2957 1214 3028; x_wconf 89' lang='lat' dir='ltr'><strong><em>originem</em></strong></span> <span class='ocrx_word' id='word_1_363' title='bbox 1246 2971 1310 3011; x_wconf 89' lang='lat' dir='ltr'><strong><em>ac</em></strong></span> <span class='ocrx_word' id='word_1_364' title='bbox 1331 2958 1747 3026; x_wconf 84' lang='lat' dir='ltr'><strong><em>germanitatem</em></strong></span> <span class='ocrx_word' id='word_1_365' title='bbox 1773 2977 1789 3016; x_wconf 92' lang='lat'><strong>:</strong></span> <span class='ocrx_word' id='word_1_366' title='bbox 1820 2975 1996 3031; x_wconf 88' lang='lat' dir='ltr'><strong><em>quan-</em></strong></span> 
     </span>
    </p>
   </div>
   <div class='ocr_carea' id='block_1_48' title="bbox 412 3043 1996 3122">
    <p class='ocr_par' dir='ltr' id='par_1_48' title="bbox 412 3043 1996 3122">
     <span class='ocr_line' id='line_1_50' title="bbox 412 3043 1996 3122; baseline 0.004 -21"><span class='ocrx_word' id='word_1_367' title='bbox 412 3048 707 3118; x_wconf 86' lang='lat' dir='ltr'><strong><em>doquidem</em></strong></span> <span class='ocrx_word' id='word_1_368' title='bbox 739 3064 868 3105; x_wconf 84' lang='lat' dir='ltr'><strong><em>vere</em></strong></span> <span class='ocrx_word' id='word_1_369' title='bbox 907 3051 1080 3120; x_wconf 85' lang='lat' dir='ltr'><strong><em>ipsius</em></strong></span> <span class='ocrx_word' id='word_1_370' title='bbox 1107 3043 1272 3105; x_wconf 87' lang='lat' dir='ltr'><strong><em>Pater</em></strong></span> <span class='ocrx_word' id='word_1_371' title='bbox 1297 3058 1401 3115; x_wconf 92' lang='lat' dir='ltr'><strong><em>est,</em></strong></span> <span class='ocrx_word' id='word_1_372' title='bbox 1431 3050 1526 3121; x_wconf 89' lang='lat' dir='ltr'><strong><em>qui</em></strong></span> <span class='ocrx_word' id='word_1_373' title='bbox 1548 3051 1700 3106; x_wconf 91' lang='lat' dir='ltr'><strong><em>illum</em></strong></span> <span class='ocrx_word' id='word_1_374' title='bbox 1722 3063 1996 3122; x_wconf 89' lang='lat' dir='ltr'><strong><em>quatenus</em></strong></span> 
     </span>
    </p>
   </div>
   <div class='ocr_carea' id='block_1_49' title="bbox 412 3136 1994 3212">
    <p class='ocr_par' dir='ltr' id='par_1_49' title="bbox 412 3136 1994 3212">
     <span class='ocr_line' id='line_1_51' title="bbox 412 3136 1994 3212; baseline 0.006 -22"><span class='ocrx_word' id='word_1_375' title='bbox 412 3136 559 3195; x_wconf 86' lang='lat' dir='ltr'><strong><em>Deus</em></strong></span> <span class='ocrx_word' id='word_1_376' title='bbox 587 3148 693 3205; x_wconf 86' lang='lat' dir='ltr'><strong><em>est,</em></strong></span> <span class='ocrx_word' id='word_1_377' title='bbox 725 3141 846 3196; x_wconf 89' lang='lat' dir='ltr'><strong><em>sine</em></strong></span> <span class='ocrx_word' id='word_1_378' title='bbox 871 3141 986 3196; x_wconf 90' lang='lat' dir='ltr'><strong><em>ullo</em></strong></span> <span class='ocrx_word' id='word_1_379' title='bbox 1021 3149 1264 3212; x_wconf 89' lang='lat' dir='ltr'><strong><em>tempore</em></strong></span> <span class='ocrx_word' id='word_1_380' title='bbox 1297 3142 1563 3211; x_wconf 88' lang='lat' dir='ltr'><strong><em>initioque</em></strong></span> <span class='ocrx_word' id='word_1_381' title='bbox 1583 3143 1792 3212; x_wconf 87' lang='lat' dir='ltr'><strong><em>genuit.</em></strong></span> <span class='ocrx_word' id='word_1_382' title='bbox 1821 3143 1994 3210; x_wconf 88' lang='lat' dir='ltr'><strong><em>Quem</em></strong></span> 
     </span>
    </p>
   </div>
   <div class='ocr_carea' id='block_1_50' title="bbox 414 3232 1994 3303">
    <p class='ocr_par' dir='ltr' id='par_1_50' title="bbox 414 3232 1994 3303">
     <span class='ocr_line' id='line_1_52' title="bbox 414 3232 1994 3303; baseline 0.002 -17"><span class='ocrx_word' id='word_1_383' title='bbox 414 3232 638 3302; x_wconf 87' lang='lat' dir='ltr'><strong><em>quidem</em></strong></span> <span class='ocrx_word' id='word_1_384' title='bbox 668 3232 838 3286; x_wconf 85' lang='lat' dir='ltr'><strong><em>Deum</em></strong></span> <span class='ocrx_word' id='word_1_385' title='bbox 865 3248 1020 3286; x_wconf 89' lang='lat' dir='ltr'><strong><em>suum</em></strong></span> <span class='ocrx_word' id='word_1_386' title='bbox 1057 3234 1333 3303; x_wconf 87' lang='lat' dir='ltr'><strong><em>appellare</em></strong></span> <span class='ocrx_word' id='word_1_387' title='bbox 1359 3234 1550 3289; x_wconf 88' lang='lat' dir='ltr'><strong><em>debuit</em></strong></span> <span class='ocrx_word' id='word_1_388' title='bbox 1595 3234 1667 3289; x_wconf 91' lang='lat' dir='ltr'><strong><em>ob</em></strong></span> <span class='ocrx_word' id='word_1_389' title='bbox 1697 3235 1994 3290; x_wconf 90' lang='lat' dir='ltr'><strong><em>humanam</em></strong></span> 
     </span>
    </p>
   </div>
   <div class='ocr_carea' id='block_1_51' title="bbox 413 3328 1996 3393">
    <p class='ocr_par' dir='ltr' id='par_1_51' title="bbox 413 3328 1996 3393">
     <span class='ocr_line' id='line_1_53' title="bbox 413 3328 1996 3393; baseline 0.003 -17"><span class='ocrx_word' id='word_1_390' title='bbox 413 3328 670 3376; x_wconf 88' lang='lat' dir='ltr'><strong><em>naturam</em></strong></span> <span class='ocrx_word' id='word_1_391' title='bbox 715 3329 907 3375; x_wconf 87' lang='lat' dir='ltr'><strong><em>nostra</em></strong></span> <span class='ocrx_word' id='word_1_392' title='bbox 957 3335 1125 3378; x_wconf 88' lang='lat' dir='ltr'><strong><em>causa</em></strong></span> <span class='ocrx_word' id='word_1_393' title='bbox 1177 3331 1515 3392; x_wconf 80' lang='lat' dir='ltr'><strong><em>susceptam,</em></strong></span> <span class='ocrx_word' id='word_1_394' title='bbox 1557 3337 1683 3378; x_wconf 91' lang='lat' dir='ltr'><strong><em>cum</em></strong></span> <span class='ocrx_word' id='word_1_395' title='bbox 1733 3333 1996 3393; x_wconf 87' lang='lat' dir='ltr'><strong><em>perpetuo</em></strong></span> 
     </span>
    </p>
   </div>
   <div class='ocr_carea' id='block_1_52' title="bbox 415 3400 1996 3482">
    <p class='ocr_par' dir='ltr' id='par_1_52' title="bbox 415 3400 1996 3482">
     <span class='ocr_line' id='line_1_54' title="bbox 415 3400 1996 3482; baseline 0.001 -16"><span class='ocrx_word' id='word_1_396' title='bbox 415 3411 561 3482; x_wconf 88' lang='lat' dir='ltr'><strong><em>apud</em></strong></span> <span class='ocrx_word' id='word_1_397' title='bbox 584 3409 799 3465; x_wconf 85' lang='lat' dir='ltr'><strong><em>Patrem</em></strong></span> <span class='ocrx_word' id='word_1_398' title='bbox 826 3411 1057 3467; x_wconf 82' lang='lat' dir='ltr'><strong><em>exsistat</em></strong></span> <span class='ocrx_word' id='word_1_399' title='bbox 1105 3413 1347 3482; x_wconf 89' lang='lat' dir='ltr'><strong><em>genitum</em></strong></span> <span class='ocrx_word' id='word_1_400' title='bbox 1385 3412 1506 3468; x_wconf 86' lang='lat' dir='ltr'><strong><em>sine</em></strong></span> <span class='ocrx_word' id='word_1_401' title='bbox 1535 3413 1644 3467; x_wconf 84' lang='lat' dir='ltr'><strong><em>ullo</em></strong></span> <span class='ocrx_word' id='word_1_402' title='bbox 1681 3400 1836 3468; x_wconf 85' lang='lat' dir='ltr'><strong><em>initio</em></strong></span> <span class='ocrx_word' id='word_1_403' title='bbox 1863 3413 1996 3468; x_wconf 82' lang='lat' dir='ltr'><strong><em>Ver-</em></strong></span> 
     </span>
    </p>
   </div>
   <div class='ocr_carea' id='block_1_53' title="bbox 414 3495 1995 3574">
    <p class='ocr_par' dir='ltr' id='par_1_53' title="bbox 414 3495 1995 3574">
     <span class='ocr_line' id='line_1_55' title="bbox 414 3495 1995 3574; baseline 0.002 -15"><span class='ocrx_word' id='word_1_404' title='bbox 414 3505 566 3569; x_wconf 89' lang='lat' dir='ltr'><strong><em>bum,</em></strong></span> <span class='ocrx_word' id='word_1_405' title='bbox 602 3517 668 3558; x_wconf 93' lang='lat' dir='ltr'><strong><em>ac</em></strong></span> <span class='ocrx_word' id='word_1_406' title='bbox 708 3495 1014 3558; x_wconf 85' lang='lat' dir='ltr'><strong><em>secundum</em></strong></span> <span class='ocrx_word' id='word_1_407' title='bbox 1047 3517 1269 3558; x_wconf 81' lang='lat' dir='ltr'><strong><em>carnem</em></strong></span> <span class='ocrx_word' id='word_1_408' title='bbox 1320 3504 1617 3572; x_wconf 87' lang='lat' dir='ltr'><strong><em>postremis</em></strong></span> <span class='ocrx_word' id='word_1_409' title='bbox 1656 3505 1995 3574; x_wconf 86' lang='lat' dir='ltr'><strong><em>temporibus</em></strong></span> 
     </span>
    </p>
   </div>
   <div class='ocr_carea' id='block_1_54' title="bbox 409 3593 1855 3667">
    <p class='ocr_par' dir='ltr' id='par_1_54' title="bbox 409 3593 1855 3667">
     <span class='ocr_line' id='line_1_56' title="bbox 409 3593 1855 3667; baseline 0.001 -16"><span class='ocrx_word' id='word_1_410' title='bbox 409 3611 445 3651; x_wconf 93' lang='lat' dir='ltr'><strong><em>e</em></strong></span> <span class='ocrx_word' id='word_1_411' title='bbox 474 3595 644 3650; x_wconf 68' lang='lat' dir='ltr'><strong><em>Karia</em></strong></span> <span class='ocrx_word' id='word_1_412' title='bbox 675 3593 902 3667; x_wconf 78' lang='lat' dir='ltr'><strong><em>Virgine</em></strong></span> <span class='ocrx_word' id='word_1_413' title='bbox 923 3596 992 3651; x_wconf 88' lang='lat' dir='ltr'><strong><em>de</em></strong></span> <span class='ocrx_word' id='word_1_414' title='bbox 1024 3594 1232 3666; x_wconf 88' lang='lat' dir='ltr'><strong><em>Spiritu</em></strong></span> <span class='ocrx_word' id='word_1_415' title='bbox 1263 3606 1458 3653; x_wconf 90' lang='lat' dir='ltr'><strong><em>sancto</em></strong></span> <span class='ocrx_word' id='word_1_416' title='bbox 1488 3599 1855 3667; x_wconf 89' lang='lat' dir='ltr'><strong><em>progenitum.</em></strong></span> 
     </span>
    </p>
   </div>
   <div class='ocr_carea' id='block_1_55' title="bbox 485 3675 1994 3758">
    <p class='ocr_par' dir='ltr' id='par_1_55' title="bbox 485 3675 1994 3758">
     <span class='ocr_line' id='line_1_57' title="bbox 485 3675 1994 3758; baseline 0.005 -19"><span class='ocrx_word' id='word_1_417' title='bbox 485 3686 596 3758; x_wconf 76' lang='lat'><strong><em>36</em></strong></span> <span class='ocrx_word' id='word_1_418' title='bbox 631 3684 827 3742; x_wconf 80' lang='lat' dir='ltr'><strong>XXXI.</strong></span> <span class='ocrx_word' id='word_1_419' title='bbox 867 3685 1001 3752; x_wconf 72' lang='lat' dir='ltr'><strong><em>Quae</em></strong></span> <span class='ocrx_word' id='word_1_420' title='bbox 1025 3702 1151 3742; x_wconf 89' lang='lat' dir='ltr'><strong><em>cum</em></strong></span> <span class='ocrx_word' id='word_1_421' title='bbox 1187 3688 1262 3742; x_wconf 89' lang='lat' dir='ltr'><strong><em>ita</em></strong></span> <span class='ocrx_word' id='word_1_422' title='bbox 1294 3690 1427 3755; x_wconf 92' lang='lat' dir='ltr'><strong><em>sint,</em></strong></span> <span class='ocrx_word' id='word_1_423' title='bbox 1465 3691 1734 3746; x_wconf 88' lang='lat' dir='ltr'><strong><em>altissima</em></strong></span> <span class='ocrx_word' id='word_1_424' title='bbox 1768 3675 1858 3747; x_wconf 88' lang='lat' dir='ltr'><strong><em>illa</em></strong></span> <span class='ocrx_word' id='word_1_425' title='bbox 1898 3691 1994 3748; x_wconf 88' lang='lat' dir='ltr'><strong><em>Dei</em></strong></span> 
     </span>
    </p>
   </div>
   <div class='ocr_carea' id='block_1_56' title="bbox 413 3778 1997 3852">
    <p class='ocr_par' dir='ltr' id='par_1_56' title="bbox 413 3778 1997 3852">
     <span class='ocr_line' id='line_1_58' title="bbox 413 3778 1997 3852; baseline 0.003 -18"><span class='ocrx_word' id='word_1_426' title='bbox 413 3778 679 3850; x_wconf 80' lang='lat' dir='ltr'><strong><em>mysteria</em></strong></span> <span class='ocrx_word' id='word_1_427' title='bbox 723 3779 1038 3849; x_wconf 90' lang='lat' dir='ltr'><strong><em>concipiant</em></strong></span> <span class='ocrx_word' id='word_1_428' title='bbox 1079 3780 1284 3844; x_wconf 90' lang='lat' dir='ltr'><strong><em>animo,</em></strong></span> <span class='ocrx_word' id='word_1_429' title='bbox 1335 3797 1510 3852; x_wconf 86' lang='lat' dir='ltr'><strong><em>neque</em></strong></span> <span class='ocrx_word' id='word_1_430' title='bbox 1552 3781 1780 3852; x_wconf 89' lang='lat' dir='ltr'><strong><em>gratiam</em></strong></span> <span class='ocrx_word' id='word_1_431' title='bbox 1813 3782 1878 3837; x_wconf 88' lang='lat' dir='ltr'><strong><em>ad</em></strong></span> <span class='ocrx_word' id='word_1_432' title='bbox 1914 3784 1997 3838; x_wconf 86' lang='lat' dir='ltr'><strong><em>in-</em></strong></span> 
     </span>
    </p>
   </div>
   <div class='ocr_carea' id='block_1_57' title="bbox 414 3869 1994 3942">
    <p class='ocr_par' dir='ltr' id='par_1_57' title="bbox 414 3869 1994 3942">
     <span class='ocr_line' id='line_1_59' title="bbox 414 3869 1994 3942; baseline 0.003 -18"><span class='ocrx_word' id='word_1_433' title='bbox 414 3871 555 3942; x_wconf 73' lang='lat' dir='ltr'><strong><em>grati</em></strong></span> <span class='ocrx_word' id='word_1_434' title='bbox 594 3869 765 3924; x_wconf 88' lang='lat' dir='ltr'><strong><em>animi</em></strong></span> <span class='ocrx_word' id='word_1_435' title='bbox 799 3870 992 3924; x_wconf 87' lang='lat' dir='ltr'><strong><em>vitium</em></strong></span> <span class='ocrx_word' id='word_1_436' title='bbox 1039 3879 1404 3937; x_wconf 88' lang='lat' dir='ltr'><strong><em>convertant,</em></strong></span> <span class='ocrx_word' id='word_1_437' title='bbox 1451 3883 1512 3928; x_wconf 90' lang='lat' dir='ltr'><strong><em>ut</em></strong></span> <span class='ocrx_word' id='word_1_438' title='bbox 1557 3873 1994 3928; x_wconf 88' lang='lat' dir='ltr'><strong><em>administratam</em></strong></span> 
     </span>
    </p>
   </div>
   <div class='ocr_carea' id='block_1_58' title="bbox 415 3962 1997 4034">
    <p class='ocr_par' dir='ltr' id='par_1_58' title="bbox 415 3962 1997 4034">
     <span class='ocr_line' id='line_1_60' title="bbox 415 3962 1997 4034; baseline 0.004 -19"><span class='ocrx_word' id='word_1_439' title='bbox 415 3963 486 4018; x_wconf 86' lang='lat' dir='ltr'><strong><em>ab</em></strong></span> <span class='ocrx_word' id='word_1_440' title='bbox 515 3962 611 4017; x_wconf 90' lang='lat' dir='ltr'><strong><em>illo</em></strong></span> <span class='ocrx_word' id='word_1_441' title='bbox 641 3963 875 4018; x_wconf 89' lang='lat' dir='ltr'><strong><em>salutem</em></strong></span> <span class='ocrx_word' id='word_1_442' title='bbox 907 3971 1154 4017; x_wconf 89' lang='lat' dir='ltr'><strong><em>nostram</em></strong></span> <span class='ocrx_word' id='word_1_443' title='bbox 1185 3963 1252 4018; x_wconf 90' lang='lat' dir='ltr'><strong><em>ad</em></strong></span> <span class='ocrx_word' id='word_1_444' title='bbox 1279 3963 1677 4034; x_wconf 80' lang='lat' dir='ltr'><strong><em>inexplicabilis</em></strong></span> <span class='ocrx_word' id='word_1_445' title='bbox 1707 3974 1761 4020; x_wconf 89' lang='lat' dir='ltr'><strong><em>et</em></strong></span> <span class='ocrx_word' id='word_1_446' title='bbox 1787 3965 1997 4022; x_wconf 88' lang='lat' dir='ltr'><strong><em>incom-</em></strong></span> 
     </span>
    </p>
   </div>
   <div class='ocr_carea' id='block_1_59' title="bbox 412 4054 1994 4128">
    <p class='ocr_par' dir='ltr' id='par_1_59' title="bbox 412 4054 1994 4128">
     <span class='ocr_line' id='line_1_61' title="bbox 412 4054 1994 4128; baseline 0.006 -19"><span class='ocrx_word' id='word_1_447' title='bbox 412 4056 698 4125; x_wconf 71' lang='lat' dir='ltr'><strong><em>prehensaa</em></strong></span> <span class='ocrx_word' id='word_1_448' title='bbox 721 4054 814 4111; x_wconf 90' lang='lat' dir='ltr'><strong><em>Dei</em></strong></span> <span class='ocrx_word' id='word_1_449' title='bbox 850 4064 1061 4110; x_wconf 63' lang='lat' dir='ltr'><strong><em>naturae</em></strong></span> <span class='ocrx_word' id='word_1_450' title='bbox 1093 4055 1288 4112; x_wconf 89' lang='lat' dir='ltr'><strong><em>cedere</em></strong></span> <span class='ocrx_word' id='word_1_451' title='bbox 1321 4058 1684 4128; x_wconf 85' lang='lat' dir='ltr'><strong><em>ignominiam</em></strong></span> <span class='ocrx_word' id='word_1_452' title='bbox 1716 4060 1994 4117; x_wconf 87' lang='lat' dir='ltr'><strong><em>arbitren-</em></strong></span> 
     </span>
    </p>
   </div>
   <div class='ocr_carea' id='block_1_60' title="bbox 2091 1757 3675 1839">
    <p class='ocr_par' dir='ltr' id='par_1_60' title="bbox 2091 1757 3675 1839">
     <span class='ocr_line' id='line_1_62' title="bbox 2091 1757 3675 1839; baseline 0.006 -28"><span class='ocrx_word' id='word_1_453' title='bbox 2091 1757 2190 1829; x_wconf 81' lang='grc' dir='ltr'>τῆς</span> <span class='ocrx_word' id='word_1_454' title='bbox 2217 1761 2438 1830; x_wconf 84' lang='grc' dir='ltr'>σαρκὸς,</span> <span class='ocrx_word' id='word_1_455' title='bbox 2472 1759 2564 1812; x_wconf 78' lang='grc' dir='ltr'><em>καὶ</em></span> <span class='ocrx_word' id='word_1_456' title='bbox 2593 1760 2673 1823; x_wconf 83' lang='grc' dir='ltr'><strong><em>είς</em></strong></span> <span class='ocrx_word' id='word_1_457' title='bbox 2698 1759 2890 1813; x_wconf 80' lang='grc' dir='ltr'>ἑαυτὸν</span> <span class='ocrx_word' id='word_1_458' title='bbox 2920 1761 3090 1831; x_wconf 72' lang='grc' dir='ltr'>χωρὶς</span> <span class='ocrx_word' id='word_1_459' title='bbox 3128 1763 3445 1833; x_wconf 85' lang='grc' dir='ltr'>σπέρματος</span> <span class='ocrx_word' id='word_1_460' title='bbox 3477 1767 3675 1839; x_wconf 82' lang='grc' dir='ltr'>ἀνδρὸς</span> 
     </span>
    </p>
   </div>
   <div class='ocr_carea' id='block_1_61' title="bbox 2091 1849 3675 1929">
    <p class='ocr_par' dir='ltr' id='par_1_61' title="bbox 2091 1849 3675 1929">
     <span class='ocr_line' id='line_1_63' title="bbox 2091 1849 3675 1929; baseline 0.006 -27"><span class='ocrx_word' id='word_1_461' title='bbox 2091 1849 2200 1903; x_wconf 89' lang='grc' dir='ltr'>ἀπὸ</span> <span class='ocrx_word' id='word_1_462' title='bbox 2248 1851 2347 1922; x_wconf 84' lang='grc' dir='ltr'><strong><em>τῆς</em></strong></span> <span class='ocrx_word' id='word_1_463' title='bbox 2405 1849 2656 1904; x_wconf 88' lang='grc' dir='ltr'>θεοτόκου</span> <span class='ocrx_word' id='word_1_464' title='bbox 2706 1851 2926 1922; x_wconf 83' lang='grc' dir='ltr'><strong><em>Μαρίας</em></strong></span> <span class='ocrx_word' id='word_1_465' title='bbox 2979 1852 3299 1917; x_wconf 81' lang='grc' dir='ltr'><strong><em>ἀναπλάσας</em></strong></span> <span class='ocrx_word' id='word_1_466' title='bbox 3345 1857 3444 1927; x_wconf 83' lang='grc' dir='ltr'>τὴν</span> <span class='ocrx_word' id='word_1_467' title='bbox 3503 1859 3675 1929; x_wconf 82' lang='grc' dir='ltr'>αὐτὴν</span> 
     </span>
    </p>
   </div>
   <div class='ocr_carea' id='block_1_62' title="bbox 2090 1941 3675 2017">
    <p class='ocr_par' dir='ltr' id='par_1_62' title="bbox 2090 1941 3675 2017">
     <span class='ocr_line' id='line_1_64' title="bbox 2090 1941 3675 2017; baseline 0.006 -23"><span class='ocrx_word' id='word_1_468' title='bbox 2090 1941 2252 2010; x_wconf 83' lang='grc' dir='ltr'>ἁγίαν</span> <span class='ocrx_word' id='word_1_469' title='bbox 2303 1941 2503 2014; x_wconf 85' lang='grc' dir='ltr'><strong><em>σάρκα,</em></strong></span> <span class='ocrx_word' id='word_1_470' title='bbox 2553 1942 2695 1996; x_wconf 88' lang='grc' dir='ltr'><em>κατά</em></span> <span class='ocrx_word' id='word_1_471' title='bbox 2744 1942 2805 1996; x_wconf 90' lang='grc' dir='ltr'><strong><em>τὸ</em></strong></span> <span class='ocrx_word' id='word_1_472' title='bbox 2853 1944 3177 2017; x_wconf 80' lang='grc' dir='ltr'><strong><em>εἰρημένον,</em></strong></span> <span class='ocrx_word' id='word_1_473' title='bbox 3239 1949 3560 2017; x_wconf 80' lang='grc' dir='ltr'>γενόμενος</span> <span class='ocrx_word' id='word_1_474' title='bbox 3604 1950 3675 2004; x_wconf 81' lang='grc' dir='ltr'><em>ἐκ</em></span> 
     </span>
    </p>
   </div>
   <div class='ocr_carea' id='block_1_63' title="bbox 2094 2023 3678 2110">
    <p class='ocr_par' dir='ltr' id='par_1_63' title="bbox 2094 2023 3678 2110">
     <span class='ocr_line' id='line_1_65' title="bbox 2094 2023 3678 2110; baseline 0.005 -24"><span class='ocrx_word' id='word_1_475' title='bbox 2094 2033 2402 2102; x_wconf 76' lang='grc' dir='ltr'><em>γυναικὸς,</em></span> <span class='ocrx_word' id='word_1_476' title='bbox 2451 2023 2549 2088; x_wconf 77' lang='grc' dir='ltr'><strong><em>καὶ</em></strong></span> <span class='ocrx_word' id='word_1_477' title='bbox 2597 2032 2882 2105; x_wconf 81' lang='grc' dir='ltr'>μετασχὼν</span> <span class='ocrx_word' id='word_1_478' title='bbox 2907 2036 3003 2088; x_wconf 90' lang='grc' dir='ltr'><strong><em>τοῦ</em></strong></span> <span class='ocrx_word' id='word_1_479' title='bbox 3037 2037 3306 2109; x_wconf 81' lang='grc' dir='ltr'><strong><em>ἡμετέρου</em></strong></span> <span class='ocrx_word' id='word_1_480' title='bbox 3333 2039 3420 2092; x_wconf 83' lang='grc' dir='ltr'><strong><em>διὰ</em></strong></span> <span class='ocrx_word' id='word_1_481' title='bbox 3446 2039 3508 2092; x_wconf 91' lang='grc' dir='ltr'><strong><em>τὸ</em></strong></span> <span class='ocrx_word' id='word_1_482' title='bbox 3541 2041 3678 2110; x_wconf 79' lang='grc' dir='ltr'>ἡμέ-</span> 
     </span>
    </p>
   </div>
   <div class='ocr_carea' id='block_1_64' title="bbox 2090 2125 3674 2202">
    <p class='ocr_par' dir='ltr' id='par_1_64' title="bbox 2090 2125 3674 2202">
     <span class='ocr_line' id='line_1_66' title="bbox 2090 2125 3674 2202; baseline 0.004 -24"><span class='ocrx_word' id='word_1_483' title='bbox 2090 2143 2269 2196; x_wconf 85' lang='grc' dir='ltr'>τερον,</span> <span class='ocrx_word' id='word_1_484' title='bbox 2302 2125 2457 2195; x_wconf 77' lang='grc' dir='ltr'>φησὶ,</span> <span class='ocrx_word' id='word_1_485' title='bbox 2497 2128 2646 2181; x_wconf 84' lang='grc' dir='ltr'>Θεόν</span> <span class='ocrx_word' id='word_1_486' title='bbox 2677 2145 2817 2197; x_wconf 82' lang='grc' dir='ltr'>μου.</span> <span class='ocrx_word' id='word_1_487' title='bbox 2852 2126 2950 2181; x_wconf 86' lang='grc' dir='ltr'>Διά</span> <span class='ocrx_word' id='word_1_488' title='bbox 2989 2127 3047 2181; x_wconf 82' lang='grc' dir='ltr'><strong><em>δὲ</em></strong></span> <span class='ocrx_word' id='word_1_489' title='bbox 3073 2129 3134 2181; x_wconf 86' lang='grc' dir='ltr'><strong><em>τὸ</em></strong></span> <span class='ocrx_word' id='word_1_490' title='bbox 3163 2129 3330 2183; x_wconf 84' lang='grc' dir='ltr'>ἀΐδιον</span> <span class='ocrx_word' id='word_1_491' title='bbox 3367 2130 3479 2202; x_wconf 72' lang='lat'><strong><em>(28)</em></strong></span> <span class='ocrx_word' id='word_1_492' title='bbox 3508 2131 3674 2184; x_wconf 82' lang='grc' dir='ltr'>αὑτοῦ</span> 
     </span>
    </p>
   </div>
   <div class='ocr_carea' id='block_1_65' title="bbox 2091 2217 3764 2292">
    <p class='ocr_par' dir='ltr' id='par_1_65' title="bbox 2091 2217 3764 2292">
     <span class='ocr_line' id='line_1_67' title="bbox 2091 2217 3764 2292; baseline 0.005 -24"><span class='ocrx_word' id='word_1_493' title='bbox 2091 2218 2192 2286; x_wconf 81' lang='grc' dir='ltr'>τῆς</span> <span class='ocrx_word' id='word_1_494' title='bbox 2223 2217 2580 2287; x_wconf 84' lang='grc' dir='ltr'>γνησιότητος</span> <span class='ocrx_word' id='word_1_495' title='bbox 2625 2217 2771 2271; x_wconf 85' lang='grc' dir='ltr'>κατὰ</span> <span class='ocrx_word' id='word_1_496' title='bbox 2810 2217 2995 2287; x_wconf 86' lang='grc' dir='ltr'>φύσιν,</span> <span class='ocrx_word' id='word_1_497' title='bbox 3029 2218 3194 2287; x_wconf 81' lang='grc' dir='ltr'><strong><em>λέγει,</em></strong></span> <span class='ocrx_word' id='word_1_498' title='bbox 3241 2223 3476 2289; x_wconf 82' lang='grc' dir='ltr'><em>Πατέρα</em></span> <span class='ocrx_word' id='word_1_499' title='bbox 3513 2241 3632 2292; x_wconf 84' lang='grc' dir='ltr'>μου</span> <span class='ocrx_word' id='word_1_500' title='bbox 3656 2238 3671 2251; x_wconf 73' lang='grc'>⁸</span> <span class='ocrx_word' id='word_1_501' title='bbox 3761 2257 3764 2261; x_wconf 57' lang='grc' dir='ltr'><strong><em>λ</em></strong></span> 
     </span>
    </p>
   </div>
   <div class='ocr_carea' id='block_1_66' title="bbox 2093 2305 3674 2382">
    <p class='ocr_par' dir='ltr' id='par_1_66' title="bbox 2093 2305 3674 2382">
     <span class='ocr_line' id='line_1_68' title="bbox 2093 2305 3674 2382; baseline 0.003 -23"><span class='ocrx_word' id='word_1_502' title='bbox 2093 2305 2187 2359; x_wconf 77' lang='grc' dir='ltr'>καὶ</span> <span class='ocrx_word' id='word_1_503' title='bbox 2222 2305 2309 2359; x_wconf 85' lang='grc' dir='ltr'>διά</span> <span class='ocrx_word' id='word_1_504' title='bbox 2335 2306 2442 2376; x_wconf 83' lang='grc' dir='ltr'><strong><em>τὴν</em></strong></span> <span class='ocrx_word' id='word_1_505' title='bbox 2471 2306 2637 2360; x_wconf 81' lang='grc' dir='ltr'>αὐτοῦ</span> <span class='ocrx_word' id='word_1_506' title='bbox 2670 2307 2808 2378; x_wconf 90' lang='grc' dir='ltr'>πρὸς</span> <span class='ocrx_word' id='word_1_507' title='bbox 2837 2308 2963 2370; x_wconf 82' lang='grc' dir='ltr'>τοὺς</span> <span class='ocrx_word' id='word_1_508' title='bbox 2992 2309 3158 2361; x_wconf 86' lang='grc' dir='ltr'>αὑτοῦ</span> <span class='ocrx_word' id='word_1_509' title='bbox 3207 2309 3455 2380; x_wconf 82' lang='grc' dir='ltr'>μαθητὰς</span> <span class='ocrx_word' id='word_1_510' title='bbox 3494 2311 3674 2382; x_wconf 85' lang='grc' dir='ltr'>χάριν,</span> 
     </span>
    </p>
   </div>
   <div class='ocr_carea' id='block_1_67' title="bbox 2091 2396 3677 2474">
    <p class='ocr_par' dir='ltr' id='par_1_67' title="bbox 2091 2396 3677 2474">
     <span class='ocr_line' id='line_1_69' title="bbox 2091 2396 3677 2474; baseline 0.004 -23"><span class='ocrx_word' id='word_1_511' title='bbox 2091 2396 2327 2466; x_wconf 82' lang='grc' dir='ltr'><strong><em>Πατέρα</em></strong></span> <span class='ocrx_word' id='word_1_512' title='bbox 2352 2397 2540 2467; x_wconf 80' lang='grc' dir='ltr'>ὑμῶν,</span> <span class='ocrx_word' id='word_1_513' title='bbox 2574 2398 2662 2452; x_wconf 84' lang='grc' dir='ltr'><strong><em>διὰ</em></strong></span> <span class='ocrx_word' id='word_1_514' title='bbox 2692 2399 2750 2452; x_wconf 83' lang='grc' dir='ltr'><strong><em>δὲ</em></strong></span> <span class='ocrx_word' id='word_1_515' title='bbox 2778 2399 2839 2451; x_wconf 80' lang='grc' dir='ltr'><strong><em>τὸ</em></strong></span> <span class='ocrx_word' id='word_1_516' title='bbox 2865 2399 3006 2453; x_wconf 87' lang='grc' dir='ltr'>κατά</span> <span class='ocrx_word' id='word_1_517' title='bbox 3036 2400 3197 2469; x_wconf 86' lang='grc' dir='ltr'><em>φύσιν</em></span> <span class='ocrx_word' id='word_1_518' title='bbox 3223 2402 3401 2455; x_wconf 82' lang='grc' dir='ltr'>αὐτῶν</span> <span class='ocrx_word' id='word_1_519' title='bbox 3426 2403 3535 2456; x_wconf 86' lang='grc' dir='ltr'>τῶν</span> <span class='ocrx_word' id='word_1_520' title='bbox 3568 2421 3677 2474; x_wconf 87' lang='grc' dir='ltr'>μα·-</span> 
     </span>
    </p>
   </div>
   <div class='ocr_carea' id='block_1_68' title="bbox 2093 2489 3677 2562">
    <p class='ocr_par' dir='ltr' id='par_1_68' title="bbox 2093 2489 3677 2562">
     <span class='ocr_line' id='line_1_70' title="bbox 2093 2489 3677 2562; baseline 0.004 -19"><span class='ocrx_word' id='word_1_521' title='bbox 2093 2489 2274 2560; x_wconf 83' lang='grc' dir='ltr'>θητῶν</span> <span class='ocrx_word' id='word_1_522' title='bbox 2307 2491 2446 2561; x_wconf 86' lang='grc' dir='ltr'>πρὸς</span> <span class='ocrx_word' id='word_1_523' title='bbox 2474 2489 2571 2560; x_wconf 79' lang='grc' dir='ltr'><strong><em>τὴν</em></strong></span> <span class='ocrx_word' id='word_1_524' title='bbox 2599 2490 2764 2542; x_wconf 83' lang='grc' dir='ltr'>αὐτοῦ</span> <span class='ocrx_word' id='word_1_525' title='bbox 2795 2489 3026 2562; x_wconf 82' lang='grc' dir='ltr'>θεότητα</span> <span class='ocrx_word' id='word_1_526' title='bbox 3054 2492 3150 2544; x_wconf 79' lang='grc' dir='ltr'><strong><em>καὶ</em></strong></span> <span class='ocrx_word' id='word_1_527' title='bbox 3183 2491 3277 2545; x_wconf 88' lang='grc' dir='ltr'><strong><em>τοῦ</em></strong></span> <span class='ocrx_word' id='word_1_528' title='bbox 3311 2493 3483 2547; x_wconf 82' lang='grc' dir='ltr'><strong><em>ἀϊδίου</em></strong></span> <span class='ocrx_word' id='word_1_529' title='bbox 3511 2495 3677 2550; x_wconf 84' lang='grc' dir='ltr'>αὑτοῦ</span> 
     </span>
    </p>
   </div>
   <div class='ocr_carea' id='block_1_69' title="bbox 2094 2581 3676 2656">
    <p class='ocr_par' dir='ltr' id='par_1_69' title="bbox 2094 2581 3676 2656">
     <span class='ocr_line' id='line_1_71' title="bbox 2094 2581 3676 2656; baseline 0.004 -22"><span class='ocrx_word' id='word_1_530' title='bbox 2094 2581 2330 2656; x_wconf 88' lang='grc' dir='ltr'>Πατρὸς,</span> <span class='ocrx_word' id='word_1_531' title='bbox 2377 2581 2527 2636; x_wconf 84' lang='grc' dir='ltr'><strong><em>Θεὸν</em></strong></span> <span class='ocrx_word' id='word_1_532' title='bbox 2552 2581 2742 2652; x_wconf 84' lang='grc' dir='ltr'><strong><em>ὑμῶν.</em></strong></span> <span class='ocrx_word' id='word_1_533' title='bbox 2771 2582 2905 2645; x_wconf 85' lang='grc' dir='ltr'>Θεὸς</span> <span class='ocrx_word' id='word_1_534' title='bbox 2936 2583 3043 2654; x_wconf 87' lang='grc' dir='ltr'><strong><em>γὰρ</em></strong></span> <span class='ocrx_word' id='word_1_535' title='bbox 3068 2583 3176 2636; x_wconf 85' lang='grc' dir='ltr'><strong><em>τῶν</em></strong></span> <span class='ocrx_word' id='word_1_536' title='bbox 3225 2584 3515 2655; x_wconf 83' lang='grc' dir='ltr'><strong><em>μαθητῶν·</em></strong></span> <span class='ocrx_word' id='word_1_537' title='bbox 3565 2589 3676 2641; x_wconf 86' lang='grc' dir='ltr'><strong><em>Πα-</em></strong></span> 
     </span>
    </p>
   </div>
   <div class='ocr_carea' id='block_1_70' title="bbox 2093 2673 3681 2747">
    <p class='ocr_par' dir='ltr' id='par_1_70' title="bbox 2093 2673 3681 2747">
     <span class='ocr_line' id='line_1_72' title="bbox 2093 2673 3681 2747; baseline 0.004 -21"><span class='ocrx_word' id='word_1_538' title='bbox 2093 2673 2199 2745; x_wconf 80' lang='grc' dir='ltr'>τὴρ</span> <span class='ocrx_word' id='word_1_539' title='bbox 2246 2674 2304 2727; x_wconf 85' lang='grc' dir='ltr'><strong><em>δὲ</em></strong></span> <span class='ocrx_word' id='word_1_540' title='bbox 2346 2675 2440 2727; x_wconf 83' lang='grc' dir='ltr'><strong><em>τοῦ</em></strong></span> <span class='ocrx_word' id='word_1_541' title='bbox 2486 2674 2694 2747; x_wconf 83' lang='grc' dir='ltr'>Κυρίου</span> <span class='ocrx_word' id='word_1_542' title='bbox 2747 2673 2892 2728; x_wconf 85' lang='grc' dir='ltr'><em>κατὰ</em></span> <span class='ocrx_word' id='word_1_543' title='bbox 2935 2673 3116 2745; x_wconf 78' lang='grc' dir='ltr'><em>φύσιν,</em></span> <span class='ocrx_word' id='word_1_544' title='bbox 3158 2675 3268 2728; x_wconf 86' lang='grc' dir='ltr'><strong><em>τῶν</em></strong></span> <span class='ocrx_word' id='word_1_545' title='bbox 3321 2676 3378 2729; x_wconf 85' lang='grc' dir='ltr'><strong><em>δὲ</em></strong></span> <span class='ocrx_word' id='word_1_546' title='bbox 3420 2675 3681 2746; x_wconf 76' lang='grc' dir='ltr'>μαθητῶν</span> 
     </span>
    </p>
   </div>
   <div class='ocr_carea' id='block_1_71' title="bbox 2095 2765 3679 2840">
    <p class='ocr_par' dir='ltr' id='par_1_71' title="bbox 2095 2765 3679 2840">
     <span class='ocr_line' id='line_1_73' title="bbox 2095 2765 3679 2840; baseline 0 -20"><span class='ocrx_word' id='word_1_547' title='bbox 2095 2766 2284 2837; x_wconf 82' lang='grc' dir='ltr'>Πατὴρ</span> <span class='ocrx_word' id='word_1_548' title='bbox 2322 2765 2464 2820; x_wconf 86' lang='grc' dir='ltr'><em>κατά</em></span> <span class='ocrx_word' id='word_1_549' title='bbox 2492 2767 2650 2838; x_wconf 78' lang='grc' dir='ltr'><em>χάριν</em></span> <span class='ocrx_word' id='word_1_550' title='bbox 2671 2782 2686 2797; x_wconf 77' lang='grc' dir='ltr'><strong>ο</strong></span> <span class='ocrx_word' id='word_1_551' title='bbox 2721 2766 2854 2829; x_wconf 88' lang='grc' dir='ltr'>Θεὸς</span> <span class='ocrx_word' id='word_1_552' title='bbox 2883 2765 2940 2819; x_wconf 84' lang='grc' dir='ltr'><strong><em>δὲ</em></strong></span> <span class='ocrx_word' id='word_1_553' title='bbox 2977 2765 3070 2819; x_wconf 87' lang='grc' dir='ltr'><strong><em>τοῦ</em></strong></span> <span class='ocrx_word' id='word_1_554' title='bbox 3097 2765 3227 2819; x_wconf 87' lang='grc' dir='ltr'>Υίοῦ</span> <span class='ocrx_word' id='word_1_555' title='bbox 3259 2767 3408 2820; x_wconf 78' lang='grc' dir='ltr'>ἐστιν</span> <span class='ocrx_word' id='word_1_556' title='bbox 3437 2768 3466 2818; x_wconf 85' lang='grc' dir='ltr'><strong>ὁ</strong></span> <span class='ocrx_word' id='word_1_557' title='bbox 3490 2767 3679 2840; x_wconf 79' lang='grc' dir='ltr'>Πατὴρ</span> 
     </span>
    </p>
   </div>
   <div class='ocr_carea' id='block_1_72' title="bbox 2094 2857 3681 2931">
    <p class='ocr_par' dir='ltr' id='par_1_72' title="bbox 2094 2857 3681 2931">
     <span class='ocr_line' id='line_1_74' title="bbox 2094 2857 3681 2931; baseline 0.001 -18"><span class='ocrx_word' id='word_1_558' title='bbox 2094 2858 2182 2913; x_wconf 65' lang='lat' dir='ltr'><strong><em>ea</em></strong></span> <span class='ocrx_word' id='word_1_559' title='bbox 2205 2859 2306 2930; x_wconf 82' lang='grc' dir='ltr'>τὴν</span> <span class='ocrx_word' id='word_1_560' title='bbox 2340 2857 2541 2930; x_wconf 88' lang='grc' dir='ltr'><em>σάρκα,</em></span> <span class='ocrx_word' id='word_1_561' title='bbox 2573 2859 2762 2931; x_wconf 85' lang='grc' dir='ltr'>Πατὴρ</span> <span class='ocrx_word' id='word_1_562' title='bbox 2809 2859 2866 2912; x_wconf 84' lang='grc' dir='ltr'><strong><em>δὲ</em></strong></span> <span class='ocrx_word' id='word_1_563' title='bbox 2909 2858 2998 2912; x_wconf 76' lang='grc' dir='ltr'><strong><em>διὰ</em></strong></span> <span class='ocrx_word' id='word_1_564' title='bbox 3037 2859 3102 2912; x_wconf 90' lang='grc' dir='ltr'><strong><em>τὸ</em></strong></span> <span class='ocrx_word' id='word_1_565' title='bbox 3130 2859 3300 2913; x_wconf 81' lang='grc' dir='ltr'>ἀΐδιον</span> <span class='ocrx_word' id='word_1_566' title='bbox 3341 2861 3436 2914; x_wconf 79' lang='grc' dir='ltr'><strong><em>καὶ</em></strong></span> <span class='ocrx_word' id='word_1_567' title='bbox 3473 2862 3681 2915; x_wconf 81' lang='grc' dir='ltr'><strong><em>ἀκατά-</em></strong></span> 
     </span>
    </p>
   </div>
   <div class='ocr_carea' id='block_1_73' title="bbox 2095 2955 3680 3029">
    <p class='ocr_par' dir='ltr' id='par_1_73' title="bbox 2095 2955 3680 3029">
     <span class='ocr_line' id='line_1_75' title="bbox 2095 2955 3680 3029; baseline 0.003 -21"><span class='ocrx_word' id='word_1_568' title='bbox 2095 2955 2299 3026; x_wconf 84' lang='grc' dir='ltr'>ληπτον</span> <span class='ocrx_word' id='word_1_569' title='bbox 2329 2956 2430 3028; x_wconf 85' lang='grc' dir='ltr'><strong><em>τῆς</em></strong></span> <span class='ocrx_word' id='word_1_570' title='bbox 2476 2955 2641 3010; x_wconf 83' lang='grc' dir='ltr'>αὑτοῦ</span> <span class='ocrx_word' id='word_1_571' title='bbox 2689 2957 2995 3029; x_wconf 86' lang='grc' dir='ltr'><strong><em>γεννήσεως</em></strong></span> <span class='ocrx_word' id='word_1_572' title='bbox 3023 2955 3119 3010; x_wconf 77' lang='grc' dir='ltr'>καὶ</span> <span class='ocrx_word' id='word_1_573' title='bbox 3155 2957 3547 3029; x_wconf 76' lang='grc' dir='ltr'>γνησιότητοςο</span> <span class='ocrx_word' id='word_1_574' title='bbox 3597 2959 3680 3014; x_wconf 79' lang='grc' dir='ltr'><strong><em>ὅτι</em></strong></span> 
     </span>
    </p>
   </div>
   <div class='ocr_carea' id='block_1_74' title="bbox 2097 3047 3682 3120">
    <p class='ocr_par' dir='ltr' id='par_1_74' title="bbox 2097 3047 3682 3120">
     <span class='ocr_line' id='line_1_76' title="bbox 2097 3047 3682 3120; baseline 0.001 -20"><span class='ocrx_word' id='word_1_575' title='bbox 2097 3050 2156 3103; x_wconf 82' lang='grc' dir='ltr'><strong><em>ὲν</em></strong></span> <span class='ocrx_word' id='word_1_576' title='bbox 2187 3048 2418 3119; x_wconf 79' lang='grc' dir='ltr'>ἀληθείᾳ</span> <span class='ocrx_word' id='word_1_577' title='bbox 2446 3049 2592 3102; x_wconf 80' lang='grc' dir='ltr'>ἐστὶν</span> <span class='ocrx_word' id='word_1_578' title='bbox 2613 3047 2779 3101; x_wconf 87' lang='grc' dir='ltr'>αὑτοῦ</span> <span class='ocrx_word' id='word_1_579' title='bbox 2806 3049 3018 3118; x_wconf 77' lang='grc' dir='ltr'>Πατὴρ,</span> <span class='ocrx_word' id='word_1_580' title='bbox 3051 3049 3319 3117; x_wconf 87' lang='grc' dir='ltr'>γεννήσας</span> <span class='ocrx_word' id='word_1_581' title='bbox 3342 3049 3504 3102; x_wconf 87' lang='grc' dir='ltr'>αὐτὸν</span> <span class='ocrx_word' id='word_1_582' title='bbox 3526 3050 3682 3120; x_wconf 84' lang='grc' dir='ltr'>ἀχρό-</span> 
     </span>
    </p>
   </div>
   <div class='ocr_carea' id='block_1_75' title="bbox 2096 3130 3683 3211">
    <p class='ocr_par' dir='ltr' id='par_1_75' title="bbox 2096 3130 3683 3211">
     <span class='ocr_line' id='line_1_77' title="bbox 2096 3130 3683 3211; baseline 0 -17"><span class='ocrx_word' id='word_1_583' title='bbox 2096 3157 2202 3203; x_wconf 88' lang='grc' dir='ltr'><strong><em>νως</em></strong></span> <span class='ocrx_word' id='word_1_584' title='bbox 2228 3141 2322 3193; x_wconf 72' lang='grc' dir='ltr'><strong><em>καὶ</em></strong></span> <span class='ocrx_word' id='word_1_585' title='bbox 2343 3140 2594 3211; x_wconf 83' lang='grc' dir='ltr'>ἀνάρχως</span> <span class='ocrx_word' id='word_1_586' title='bbox 2624 3139 2765 3193; x_wconf 89' lang='grc' dir='ltr'>κατά</span> <span class='ocrx_word' id='word_1_587' title='bbox 2797 3139 2897 3210; x_wconf 82' lang='grc' dir='ltr'><strong><em>τὴν</em></strong></span> <span class='ocrx_word' id='word_1_588' title='bbox 2924 3130 3176 3210; x_wconf 85' lang='grc' dir='ltr'>θεότητα.</span> <span class='ocrx_word' id='word_1_589' title='bbox 3203 3139 3335 3192; x_wconf 84' lang='grc' dir='ltr'>Θεὸν</span> <span class='ocrx_word' id='word_1_590' title='bbox 3375 3139 3432 3193; x_wconf 83' lang='grc' dir='ltr'><strong><em>δὲ</em></strong></span> <span class='ocrx_word' id='word_1_591' title='bbox 3461 3140 3683 3211; x_wconf 78' lang='grc' dir='ltr'><strong><em>ἐδέησεν</em></strong></span> 
     </span>
    </p>
   </div>
   <div class='ocr_carea' id='block_1_76' title="bbox 2096 3230 3680 3302">
    <p class='ocr_par' dir='ltr' id='par_1_76' title="bbox 2096 3230 3680 3302">
     <span class='ocr_line' id='line_1_78' title="bbox 2096 3230 3680 3302; baseline -0.001 -17"><span class='ocrx_word' id='word_1_592' title='bbox 2096 3233 2274 3285; x_wconf 82' lang='grc' dir='ltr'>εἰπεῖν</span> <span class='ocrx_word' id='word_1_593' title='bbox 2314 3230 2505 3298; x_wconf 85' lang='grc' dir='ltr'>αὐτοῦ,</span> <span class='ocrx_word' id='word_1_594' title='bbox 2545 3231 2612 3284; x_wconf 79' lang='grc' dir='ltr'><strong><em>δι’</em></strong></span> <span class='ocrx_word' id='word_1_595' title='bbox 2639 3231 2708 3301; x_wconf 79' lang='grc' dir='ltr'><strong><em>ἢν</em></strong></span> <span class='ocrx_word' id='word_1_596' title='bbox 2753 3231 2822 3283; x_wconf 88' lang='grc' dir='ltr'><strong><em>δι’</em></strong></span> <span class='ocrx_word' id='word_1_597' title='bbox 2849 3231 2996 3302; x_wconf 82' lang='grc' dir='ltr'>ἡμᾶς</span> <span class='ocrx_word' id='word_1_598' title='bbox 3039 3230 3299 3302; x_wconf 77' lang='grc' dir='ltr'>ἐποίησεν</span> <span class='ocrx_word' id='word_1_599' title='bbox 3346 3232 3680 3302; x_wconf 79' lang='grc' dir='ltr'>οἰκονομίαν,</span> 
     </span>
    </p>
   </div>
   <div class='ocr_carea' id='block_1_77' title="bbox 2095 3322 3682 3396">
    <p class='ocr_par' dir='ltr' id='par_1_77' title="bbox 2095 3322 3682 3396">
     <span class='ocr_line' id='line_1_79' title="bbox 2095 3322 3682 3396; baseline -0.001 -18"><span class='ocrx_word' id='word_1_600' title='bbox 2095 3325 2172 3378; x_wconf 84' lang='grc' dir='ltr'>ὢν</span> <span class='ocrx_word' id='word_1_601' title='bbox 2215 3325 2303 3378; x_wconf 74' lang='grc' dir='ltr'><strong><em>ἀεὶ</em></strong></span> <span class='ocrx_word' id='word_1_602' title='bbox 2334 3323 2471 3396; x_wconf 90' lang='grc' dir='ltr'>πρὸς</span> <span class='ocrx_word' id='word_1_603' title='bbox 2511 3322 2590 3393; x_wconf 82' lang='grc' dir='ltr'><strong><em>τῷ</em></strong></span> <span class='ocrx_word' id='word_1_604' title='bbox 2636 3323 2814 3393; x_wconf 76' lang='grc' dir='ltr'><strong><em>Πατρὶ</em></strong></span> <span class='ocrx_word' id='word_1_605' title='bbox 2860 3322 3143 3394; x_wconf 78' lang='grc' dir='ltr'>γεννηθεὶς</span> <span class='ocrx_word' id='word_1_606' title='bbox 3193 3322 3446 3394; x_wconf 84' lang='grc' dir='ltr'>ἀνάρχως</span> <span class='ocrx_word' id='word_1_607' title='bbox 3487 3324 3682 3392; x_wconf 88' lang='grc' dir='ltr'>Λόγος,</span> 
     </span>
    </p>
   </div>
   <div class='ocr_carea' id='block_1_78' title="bbox 2094 3415 3684 3489">
    <p class='ocr_par' dir='ltr' id='par_1_78' title="bbox 2094 3415 3684 3489">
     <span class='ocr_line' id='line_1_80' title="bbox 2094 3415 3684 3489; baseline 0.001 -19"><span class='ocrx_word' id='word_1_608' title='bbox 2094 3419 2154 3470; x_wconf 82' lang='grc' dir='ltr'><strong><em>ὲν</em></strong></span> <span class='ocrx_word' id='word_1_609' title='bbox 2189 3419 2354 3488; x_wconf 75' lang='grc' dir='ltr'><em>σαρκὶ</em></span> <span class='ocrx_word' id='word_1_610' title='bbox 2395 3417 2452 3470; x_wconf 86' lang='grc' dir='ltr'><strong><em>δὲ</em></strong></span> <span class='ocrx_word' id='word_1_611' title='bbox 2499 3415 2606 3470; x_wconf 88' lang='grc' dir='ltr'>ἀπὸ</span> <span class='ocrx_word' id='word_1_612' title='bbox 2653 3416 2876 3486; x_wconf 86' lang='grc' dir='ltr'>Μαρίας</span> <span class='ocrx_word' id='word_1_613' title='bbox 2919 3417 3007 3469; x_wconf 77' lang='grc' dir='ltr'><strong><em>ἐπ’</em></strong></span> <span class='ocrx_word' id='word_1_614' title='bbox 3034 3417 3270 3488; x_wconf 77' lang='grc' dir='ltr'><strong><em>ἐσχάτου</em></strong></span> <span class='ocrx_word' id='word_1_615' title='bbox 3319 3417 3428 3471; x_wconf 86' lang='grc' dir='ltr'>τῶν</span> <span class='ocrx_word' id='word_1_616' title='bbox 3459 3418 3684 3489; x_wconf 84' lang='grc' dir='ltr'>ἡμερῶν</span> 
     </span>
    </p>
   </div>
   <div class='ocr_carea' id='block_1_79' title="bbox 2094 3505 3682 3580">
    <p class='ocr_par' dir='ltr' id='par_1_79' title="bbox 2094 3505 3682 3580">
     <span class='ocr_line' id='line_1_81' title="bbox 2094 3505 3682 3580; baseline 0.001 -20"><span class='ocrx_word' id='word_1_617' title='bbox 2094 3507 2377 3579; x_wconf 74' lang='grc' dir='ltr'>γεννηθεὶς</span> <span class='ocrx_word' id='word_1_618' title='bbox 2427 3505 2571 3561; x_wconf 86' lang='grc' dir='ltr'><em>κατά</em></span> <span class='ocrx_word' id='word_1_619' title='bbox 2614 3505 2812 3578; x_wconf 82' lang='grc' dir='ltr'>σάρκα,</span> <span class='ocrx_word' id='word_1_620' title='bbox 2867 3509 2932 3560; x_wconf 86' lang='grc' dir='ltr'><em>ὲκ</em></span> <span class='ocrx_word' id='word_1_621' title='bbox 2977 3509 3197 3578; x_wconf 80' lang='grc' dir='ltr'>Μαρίας</span> <span class='ocrx_word' id='word_1_622' title='bbox 3252 3508 3311 3561; x_wconf 86' lang='grc' dir='ltr'><strong><em>δὲ</em></strong></span> <span class='ocrx_word' id='word_1_623' title='bbox 3358 3509 3460 3580; x_wconf 84' lang='grc' dir='ltr'>τῆς</span> <span class='ocrx_word' id='word_1_624' title='bbox 3511 3508 3682 3578; x_wconf 82' lang='grc' dir='ltr'>αὐτῆς</span> 
     </span>
    </p>
   </div>
   <div class='ocr_carea' id='block_1_80' title="bbox 2095 3591 3244 3670">
    <p class='ocr_par' dir='ltr' id='par_1_80' title="bbox 2095 3591 3244 3670">
     <span class='ocr_line' id='line_1_82' title="bbox 2095 3591 3244 3670; baseline 0 -18"><span class='ocrx_word' id='word_1_625' title='bbox 2095 3591 2258 3667; x_wconf 80' lang='grc' dir='ltr'>ἀγίας</span> <span class='ocrx_word' id='word_1_626' title='bbox 2287 3595 2566 3669; x_wconf 82' lang='grc' dir='ltr'>Παρθένου</span> <span class='ocrx_word' id='word_1_627' title='bbox 2600 3597 2689 3652; x_wconf 82' lang='grc' dir='ltr'><strong><em>διὰ</em></strong></span> <span class='ocrx_word' id='word_1_628' title='bbox 2722 3597 3040 3670; x_wconf 84' lang='grc' dir='ltr'>Πνεύματος</span> <span class='ocrx_word' id='word_1_629' title='bbox 3065 3601 3244 3667; x_wconf 85' lang='grc' dir='ltr'>ἁγίου.</span> 
     </span>
    </p>
   </div>
   <div class='ocr_carea' id='block_1_81' title="bbox 2163 3690 3682 3762">
    <p class='ocr_par' dir='ltr' id='par_1_81' title="bbox 2163 3690 3682 3762">
     <span class='ocr_line' id='line_1_83' title="bbox 2163 3690 3682 3762; baseline 0.001 -18"><span class='ocrx_word' id='word_1_630' title='bbox 2163 3691 2289 3744; x_wconf 82' lang='lat' dir='ltr'><strong><em>AA&#39;.</em></strong></span> <span class='ocrx_word' id='word_1_631' title='bbox 2347 3690 2658 3743; x_wconf 87' lang='grc' dir='ltr'>Νοείτωσαν</span> <span class='ocrx_word' id='word_1_632' title='bbox 2703 3690 2886 3744; x_wconf 86' lang='grc' dir='ltr'>τοίνυν</span> <span class='ocrx_word' id='word_1_633' title='bbox 2928 3691 2998 3744; x_wconf 79' lang='grc' dir='ltr'>τὰ</span> <span class='ocrx_word' id='word_1_634' title='bbox 3043 3691 3212 3761; x_wconf 85' lang='grc' dir='ltr'>βαθέα</span> <span class='ocrx_word' id='word_1_635' title='bbox 3257 3692 3358 3762; x_wconf 83' lang='grc' dir='ltr'>τῆς</span> <span class='ocrx_word' id='word_1_636' title='bbox 3402 3691 3497 3745; x_wconf 89' lang='grc' dir='ltr'><strong><em>τοῦ</em></strong></span> <span class='ocrx_word' id='word_1_637' title='bbox 3546 3691 3682 3745; x_wconf 91' lang='grc' dir='ltr'>Θεοῦ</span> 
     </span>
    </p>
   </div>
   <div class='ocr_carea' id='block_1_82' title="bbox 2096 3782 3684 3857">
    <p class='ocr_par' dir='ltr' id='par_1_82' title="bbox 2096 3782 3684 3857">
     <span class='ocr_line' id='line_1_84' title="bbox 2096 3782 3684 3857; baseline -0.001 -18"><span class='ocrx_word' id='word_1_638' title='bbox 2096 3783 2500 3857; x_wconf 83' lang='grc' dir='ltr'>πραγματείας,</span> <span class='ocrx_word' id='word_1_639' title='bbox 2526 3783 2620 3836; x_wconf 76' lang='grc' dir='ltr'><em>καὶ</em></span> <span class='ocrx_word' id='word_1_640' title='bbox 2652 3783 2727 3853; x_wconf 83' lang='grc' dir='ltr'>μὴ</span> <span class='ocrx_word' id='word_1_641' title='bbox 2756 3782 2854 3854; x_wconf 81' lang='grc' dir='ltr'><strong><em>τὴν</em></strong></span> <span class='ocrx_word' id='word_1_642' title='bbox 2896 3782 3056 3855; x_wconf 86' lang='grc' dir='ltr'><em>χάριν</em></span> <span class='ocrx_word' id='word_1_643' title='bbox 3103 3783 3184 3846; x_wconf 77' lang='grc' dir='ltr'><strong><em>εἰς</em></strong></span> <span class='ocrx_word' id='word_1_644' title='bbox 3211 3783 3534 3854; x_wconf 84' lang='grc' dir='ltr'><strong><em>ἀχαριστίαν</em></strong></span> <span class='ocrx_word' id='word_1_645' title='bbox 3558 3783 3684 3855; x_wconf 82' lang='grc' dir='ltr'>τρέ-</span> 
     </span>
    </p>
   </div>
   <div class='ocr_carea' id='block_1_83' title="bbox 2093 3871 3681 3945">
    <p class='ocr_par' dir='ltr' id='par_1_83' title="bbox 2093 3871 3681 3945">
     <span class='ocr_line' id='line_1_85' title="bbox 2093 3871 3681 3945; baseline -0.002 -16"><span class='ocrx_word' id='word_1_646' title='bbox 2093 3875 2288 3945; x_wconf 77' lang='grc' dir='ltr'><em>ψωσιν,</em></span> <span class='ocrx_word' id='word_1_647' title='bbox 2339 3874 2556 3940; x_wconf 79' lang='grc' dir='ltr'>ἀδοξίαν</span> <span class='ocrx_word' id='word_1_648' title='bbox 2599 3871 2943 3944; x_wconf 80' lang='grc' dir='ltr'>λογιζόμενοι</span> <span class='ocrx_word' id='word_1_649' title='bbox 3001 3874 3084 3936; x_wconf 88' lang='grc' dir='ltr'><strong><em>είς</em></strong></span> <span class='ocrx_word' id='word_1_650' title='bbox 3124 3871 3222 3944; x_wconf 87' lang='grc' dir='ltr'>τὴν</span> <span class='ocrx_word' id='word_1_651' title='bbox 3271 3874 3549 3942; x_wconf 80' lang='grc' dir='ltr'>ἄφραστον</span> <span class='ocrx_word' id='word_1_652' title='bbox 3590 3873 3681 3926; x_wconf 68' lang='grc' dir='ltr'><strong><em>καὶ</em></strong></span> 
     </span>
    </p>
   </div>
   <div class='ocr_carea' id='block_1_84' title="bbox 2094 3962 3683 4037">
    <p class='ocr_par' dir='ltr' id='par_1_84' title="bbox 2094 3962 3683 4037">
     <span class='ocr_line' id='line_1_86' title="bbox 2094 3962 3683 4037; baseline -0.004 -15"><span class='ocrx_word' id='word_1_653' title='bbox 2094 3967 2478 4037; x_wconf 85' lang='grc' dir='ltr'>ἀκατάληπτον</span> <span class='ocrx_word' id='word_1_654' title='bbox 2511 3962 2605 4017; x_wconf 89' lang='grc' dir='ltr'><strong><em>τοῦ</em></strong></span> <span class='ocrx_word' id='word_1_655' title='bbox 2654 3963 2790 4017; x_wconf 90' lang='grc' dir='ltr'>Θεοῦ</span> <span class='ocrx_word' id='word_1_656' title='bbox 2844 3962 3004 4032; x_wconf 83' lang='grc' dir='ltr'><em>φύσιν</em></span> <span class='ocrx_word' id='word_1_657' title='bbox 3041 3963 3142 4034; x_wconf 82' lang='grc' dir='ltr'><strong><em>τὴν</em></strong></span> <span class='ocrx_word' id='word_1_658' title='bbox 3192 3965 3271 4027; x_wconf 81' lang='grc' dir='ltr'><strong><em>είς</em></strong></span> <span class='ocrx_word' id='word_1_659' title='bbox 3317 3963 3467 4033; x_wconf 79' lang='grc' dir='ltr'>ἡμᾶς</span> <span class='ocrx_word' id='word_1_660' title='bbox 3505 3980 3683 4034; x_wconf 87' lang='grc' dir='ltr'>σωτη-</span> 
     </span>
    </p>
   </div>
   <div class='ocr_carea' id='block_1_85' title="bbox 2099 4052 3686 4128">
    <p class='ocr_par' dir='ltr' id='par_1_85' title="bbox 2099 4052 3686 4128">
     <span class='ocr_line' id='line_1_87' title="bbox 2099 4052 3686 4128; baseline 0.001 -19"><span class='ocrx_word' id='word_1_661' title='bbox 2099 4057 2241 4128; x_wconf 89' lang='grc' dir='ltr'>ρίαν.</span> <span class='ocrx_word' id='word_1_662' title='bbox 2301 4053 2482 4118; x_wconf 79' lang='grc' dir='ltr'>’Δλλά,</span> <span class='ocrx_word' id='word_1_663' title='bbox 2531 4052 2686 4120; x_wconf 71' lang='grc' dir='ltr'>φασὶ,</span> <span class='ocrx_word' id='word_1_664' title='bbox 2727 4055 2859 4125; x_wconf 77' lang='grc' dir='ltr'>περὶ</span> <span class='ocrx_word' id='word_1_665' title='bbox 2899 4053 2992 4107; x_wconf 91' lang='grc' dir='ltr'><strong><em>τοῦ</em></strong></span> <span class='ocrx_word' id='word_1_666' title='bbox 3027 4053 3163 4107; x_wconf 89' lang='grc' dir='ltr'>Θεοῦ</span> <span class='ocrx_word' id='word_1_667' title='bbox 3192 4052 3502 4125; x_wconf 85' lang='grc' dir='ltr'>γέγραπται</span> <span class='ocrx_word' id='word_1_668' title='bbox 3525 4072 3538 4085; x_wconf 92' lang='grc'><strong>·</strong></span> <span class='ocrx_word' id='word_1_669' title='bbox 3599 4057 3686 4110; x_wconf 84' lang='grc' dir='ltr'><strong><em>Οὐ</em></strong></span> 
     </span>
    </p>
   </div>
   <div class='ocr_carea' id='block_1_86' title="bbox 412 4145 1992 4232">
    <p class='ocr_par' dir='ltr' id='par_1_86' title="bbox 412 4145 1992 4232">
     <span class='ocr_line' id='line_1_88' title="bbox 412 4145 1992 4232; baseline 0.006 -33"><span class='ocrx_word' id='word_1_670' title='bbox 412 4155 521 4200; x_wconf 92' lang='lat' dir='ltr'><strong><em>tur.</em></strong></span> <span class='ocrx_word' id='word_1_671' title='bbox 557 4145 625 4200; x_wconf 87' lang='lat' dir='ltr'><strong><em>At</em></strong></span> <span class='ocrx_word' id='word_1_672' title='bbox 653 4146 824 4210; x_wconf 90' lang='lat' dir='ltr'><strong><em>enim,</em></strong></span> <span class='ocrx_word' id='word_1_673' title='bbox 858 4146 1132 4216; x_wconf 89' lang='lat' dir='ltr'><strong><em>inquiunt,</em></strong></span> <span class='ocrx_word' id='word_1_674' title='bbox 1163 4146 1232 4201; x_wconf 89' lang='lat' dir='ltr'><strong><em>de</em></strong></span> <span class='ocrx_word' id='word_1_675' title='bbox 1261 4146 1369 4202; x_wconf 88' lang='lat' dir='ltr'><strong><em>Deo</em></strong></span> <span class='ocrx_word' id='word_1_676' title='bbox 1409 4148 1675 4218; x_wconf 85' lang='lat' dir='ltr'><strong><em>scriptum</em></strong></span> <span class='ocrx_word' id='word_1_677' title='bbox 1697 4157 1782 4204; x_wconf 89' lang='lat' dir='ltr'><strong><em>est</em></strong></span> <span class='ocrx_word' id='word_1_678' title='bbox 1813 4165 1832 4232; x_wconf 82' lang='lat'><strong><em>:_</em></strong></span> <span class='ocrx_word' id='word_1_679' title='bbox 1871 4151 1992 4208; x_wconf 84' lang='lat' dir='ltr'><strong><em>Non</em></strong></span> 
     </span>
    </p>
   </div>
   <div class='ocr_carea' id='block_1_87' title="bbox 2095 4145 3678 4232">
    <p class='ocr_par' dir='ltr' id='par_1_87' title="bbox 2096 4145 3678 4216">
     <span class='ocr_line' id='line_1_89' title="bbox 2096 4145 3678 4216; baseline -0.001 -14"><span class='ocrx_word' id='word_1_680' title='bbox 2096 4145 2390 4213; x_wconf 82' lang='grc' dir='ltr'><em>πεινάσει,</em></span> <span class='ocrx_word' id='word_1_681' title='bbox 2419 4146 2560 4202; x_wconf 78' lang='grc' dir='ltr'><strong><em>οὐδὲ</em></strong></span> <span class='ocrx_word' id='word_1_682' title='bbox 2578 4145 2848 4216; x_wconf 71' lang='grc' dir='ltr'><em>διψήσει,</em></span> <span class='ocrx_word' id='word_1_683' title='bbox 2877 4147 3021 4202; x_wconf 81' lang='grc' dir='ltr'>οὐδέ</span> <span class='ocrx_word' id='word_1_684' title='bbox 3046 4147 3220 4200; x_wconf 87' lang='grc' dir='ltr'><em>ἐστιν</em></span> <span class='ocrx_word' id='word_1_685' title='bbox 3242 4146 3551 4214; x_wconf 76' lang='grc' dir='ltr'>ἐξεύρεσις</span> <span class='ocrx_word' id='word_1_686' title='bbox 3574 4147 3678 4216; x_wconf 73' lang='grc' dir='ltr'>τῆς</span> 
     </span>
    </p>
   </div>
   <div class='ocr_carea' id='block_1_88' title="bbox 411 4237 1992 4311">
    <p class='ocr_par' dir='ltr' id='par_1_88' title="bbox 411 4238 1992 4310">
     <span class='ocr_line' id='line_1_90' title="bbox 411 4238 1992 4310; baseline 0.004 -19"><span class='ocrx_word' id='word_1_687' title='bbox 411 4239 630 4302; x_wconf 85' lang='lat' dir='ltr'><strong><em>esuriet,</em></strong></span> <span class='ocrx_word' id='word_1_688' title='bbox 657 4255 821 4307; x_wconf 89' lang='lat' dir='ltr'><strong><em>neque</em></strong></span> <span class='ocrx_word' id='word_1_689' title='bbox 847 4238 987 4292; x_wconf 85' lang='lat' dir='ltr'><strong><em>sitiet</em></strong></span> <span class='ocrx_word' id='word_1_690' title='bbox 1011 4253 1029 4291; x_wconf 92' lang='lat'><strong><em>:</em></strong></span> <span class='ocrx_word' id='word_1_691' title='bbox 1062 4253 1224 4307; x_wconf 88' lang='lat' dir='ltr'><strong><em>neque</em></strong></span> <span class='ocrx_word' id='word_1_692' title='bbox 1245 4248 1322 4292; x_wconf 86' lang='lat' dir='ltr'><strong><em>est</em></strong></span> <span class='ocrx_word' id='word_1_693' title='bbox 1349 4239 1680 4310; x_wconf 81' lang='lat' dir='ltr'><strong><em>investigatio</em></strong></span> <span class='ocrx_word' id='word_1_694' title='bbox 1700 4242 1992 4308; x_wconf 71' lang='lat' dir='ltr'><strong><em>prudentia:</em></strong></span> 
     </span>
    </p>
   </div>
   <div class='ocr_carea' id='block_1_89' title="bbox 2095 4237 3686 4311">
    <p class='ocr_par' dir='ltr' id='par_1_89' title="bbox 2097 4237 3686 4311">
     <span class='ocr_line' id='line_1_91' title="bbox 2097 4237 3686 4311; baseline -0.001 -18"><span class='ocrx_word' id='word_1_695' title='bbox 2097 4239 2449 4310; x_wconf 72' lang='grc' dir='ltr'>φρονήσεως</span> <span class='ocrx_word' id='word_1_696' title='bbox 2481 4239 2666 4293; x_wconf 81' lang='grc' dir='ltr'>αὑτοῦ</span> <span class='ocrx_word' id='word_1_697' title='bbox 2685 4253 2699 4269; x_wconf 87' lang='grc'><strong>·</strong></span> <span class='ocrx_word' id='word_1_698' title='bbox 2732 4240 2864 4311; x_wconf 76' lang='grc' dir='ltr'>περὶ</span> <span class='ocrx_word' id='word_1_699' title='bbox 2895 4239 2952 4292; x_wconf 86' lang='grc' dir='ltr'><strong><em>δὲ</em></strong></span> <span class='ocrx_word' id='word_1_700' title='bbox 2977 4238 3072 4292; x_wconf 88' lang='grc' dir='ltr'><strong><em>τοῦ</em></strong></span> <span class='ocrx_word' id='word_1_701' title='bbox 3103 4237 3256 4301; x_wconf 86' lang='grc' dir='ltr'>Υἱοῦ,</span> <span class='ocrx_word' id='word_1_702' title='bbox 3287 4237 3369 4290; x_wconf 77' lang='grc' dir='ltr'><strong><em>ὅτι</em></strong></span> <span class='ocrx_word' id='word_1_703' title='bbox 3398 4238 3686 4292; x_wconf 78' lang='grc' dir='ltr'>ἐπείνασεν</span> 
     </span>
    </p>
   </div>
   <div class='ocr_carea' id='block_1_90' title="bbox 413 4327 1992 4402">
    <p class='ocr_par' dir='ltr' id='par_1_90' title="bbox 413 4327 1992 4400">
     <span class='ocr_line' id='line_1_92' title="bbox 413 4327 1992 4400; baseline 0.004 -19"><span class='ocrx_word' id='word_1_704' title='bbox 413 4330 663 4394; x_wconf 78' lang='lat' dir='ltr'><strong><em>ipsius&#39;;</em></strong></span> <span class='ocrx_word' id='word_1_705' title='bbox 707 4337 902 4382; x_wconf 88' lang='lat' dir='ltr'><strong><em>contra</em></strong></span> <span class='ocrx_word' id='word_1_706' title='bbox 957 4342 1090 4382; x_wconf 88' lang='lat' dir='ltr'><strong><em>vero</em></strong></span> <span class='ocrx_word' id='word_1_707' title='bbox 1133 4327 1201 4382; x_wconf 89' lang='lat' dir='ltr'><strong><em>de</em></strong></span> <span class='ocrx_word' id='word_1_708' title='bbox 1252 4327 1393 4383; x_wconf 83' lang='lat' dir='ltr'><strong><em>Filio</em></strong></span> <span class='ocrx_word' id='word_1_709' title='bbox 1439 4331 1691 4400; x_wconf 84' lang='lat' dir='ltr'><strong><em>legimus,</em></strong></span> <span class='ocrx_word' id='word_1_710' title='bbox 1738 4334 1891 4387; x_wconf 90' lang='lat' dir='ltr'><strong><em>illum</em></strong></span> <span class='ocrx_word' id='word_1_711' title='bbox 1937 4335 1992 4388; x_wconf 92' lang='lat' dir='ltr'><strong><em>in</em></strong></span> 
     </span>
    </p>
   </div>
   <div class='ocr_carea' id='block_1_91' title="bbox 2095 4327 3685 4402">
    <p class='ocr_par' dir='ltr' id='par_1_91' title="bbox 2100 4328 3685 4401">
     <span class='ocr_line' id='line_1_93' title="bbox 2100 4328 3685 4401; baseline 0.001 -19"><span class='ocrx_word' id='word_1_712' title='bbox 2100 4332 2159 4383; x_wconf 82' lang='grc' dir='ltr'>ὲν</span> <span class='ocrx_word' id='word_1_713' title='bbox 2192 4333 2258 4401; x_wconf 81' lang='grc' dir='ltr'>τῇ</span> <span class='ocrx_word' id='word_1_714' title='bbox 2309 4332 2502 4401; x_wconf 84' lang='grc' dir='ltr'>ὲρήμω</span> <span class='ocrx_word' id='word_1_715' title='bbox 2546 4329 2687 4383; x_wconf 89' lang='grc' dir='ltr'>κατά</span> <span class='ocrx_word' id='word_1_716' title='bbox 2711 4331 2803 4383; x_wconf 85' lang='grc' dir='ltr'><strong><em>τὸν</em></strong></span> <span class='ocrx_word' id='word_1_717' title='bbox 2857 4328 3182 4400; x_wconf 85' lang='grc' dir='ltr'><strong><em>πειρασμόν.</em></strong></span> <span class='ocrx_word' id='word_1_718' title='bbox 3212 4328 3320 4382; x_wconf 84' lang='grc' dir='ltr'>Καί</span> <span class='ocrx_word' id='word_1_719' title='bbox 3367 4345 3570 4398; x_wconf 79' lang='grc' dir='ltr'><em>φησιν’</em></span> <span class='ocrx_word' id='word_1_720' title='bbox 3619 4331 3685 4383; x_wconf 86' lang='lat'><strong><em>&#39;0</em></strong></span> 
     </span>
    </p>
   </div>
   <div class='ocr_carea' id='block_1_92' title="bbox 414 4417 1996 4488">
    <p class='ocr_par' dir='ltr' id='par_1_92' title="bbox 414 4417 1996 4488">
     <span class='ocr_line' id='line_1_94' title="bbox 414 4417 1996 4488; baseline 0.006 -21"><span class='ocrx_word' id='word_1_721' title='bbox 414 4418 712 4475; x_wconf 75' lang='lat' dir='ltr'><strong><em>solitudine</em></strong></span> <span class='ocrx_word' id='word_1_722' title='bbox 771 4426 894 4488; x_wconf 91' lang='lat' dir='ltr'><strong><em>post</em></strong></span> <span class='ocrx_word' id='word_1_723' title='bbox 953 4417 1306 4472; x_wconf 89' lang='lat' dir='ltr'><strong><em>tentationem</em></strong></span> <span class='ocrx_word' id='word_1_724' title='bbox 1359 4420 1646 4476; x_wconf 75' lang='lat' dir='ltr'><strong><em>esurisse‘.</em></strong></span> <span class='ocrx_word' id='word_1_725' title='bbox 1686 4423 1996 4478; x_wconf 90' lang='lat' dir='ltr'><strong><em>Similiter:</em></strong></span> 
     </span>
    </p>
   </div>
   <div class='ocr_carea' id='block_1_93' title="bbox 414 4506 1998 4578">
    <p class='ocr_par' dir='ltr' id='par_1_93' title="bbox 414 4506 1998 4578">
     <span class='ocr_line' id='line_1_95' title="bbox 414 4506 1998 4578; baseline 0.004 -16"><span class='ocrx_word' id='word_1_726' title='bbox 414 4510 576 4572; x_wconf 86' lang='lat' dir='ltr'><strong><em>Deus,</em></strong></span> <span class='ocrx_word' id='word_1_727' title='bbox 606 4509 807 4578; x_wconf 87' lang='lat' dir='ltr'><strong><em>inquit,</em></strong></span> <span class='ocrx_word' id='word_1_728' title='bbox 840 4523 945 4562; x_wconf 86' lang='lat' dir='ltr'><strong><em>non</em></strong></span> <span class='ocrx_word' id='word_1_729' title='bbox 979 4506 1356 4578; x_wconf 82' lang='lat' dir='ltr'><strong><em>fatigabitur&#39;.</em></strong></span> <span class='ocrx_word' id='word_1_730' title='bbox 1392 4509 1656 4568; x_wconf 89' lang='lat' dir='ltr'><strong><em>Dominus</em></strong></span> <span class='ocrx_word' id='word_1_731' title='bbox 1686 4528 1813 4568; x_wconf 88' lang='lat' dir='ltr'><strong><em>vero</em></strong></span> <span class='ocrx_word' id='word_1_732' title='bbox 1835 4512 1998 4569; x_wconf 77' lang='lat' dir='ltr'><strong><em>Jesus</em></strong></span> 
     </span>
    </p>
   </div>
   <div class='ocr_carea' id='block_1_94' title="bbox 413 4599 1993 4671">
    <p class='ocr_par' dir='ltr' id='par_1_94' title="bbox 413 4599 1993 4671">
     <span class='ocr_line' id='line_1_96' title="bbox 413 4599 1993 4671; baseline 0.003 -17"><span class='ocrx_word' id='word_1_733' title='bbox 413 4601 466 4655; x_wconf 88' lang='lat' dir='ltr'><strong><em>iu</em></strong></span> <span class='ocrx_word' id='word_1_734' title='bbox 517 4601 714 4656; x_wconf 86' lang='lat' dir='ltr'><strong><em>itinere</em></strong></span> <span class='ocrx_word' id='word_1_735' title='bbox 755 4599 1016 4671; x_wconf 80' lang='lat' dir='ltr'><strong><em>fatigatus</em></strong></span> <span class='ocrx_word' id='word_1_736' title='bbox 1069 4609 1154 4656; x_wconf 87' lang='lat' dir='ltr'><strong><em>est</em></strong></span> <span class='ocrx_word' id='word_1_737' title='bbox 1180 4600 1225 4655; x_wconf 83' lang='grc'><strong><em>⁸.</em></strong></span> <span class='ocrx_word' id='word_1_738' title='bbox 1282 4603 1439 4667; x_wconf 89' lang='lat' dir='ltr'><strong><em>item,</em></strong></span> <span class='ocrx_word' id='word_1_739' title='bbox 1494 4603 1616 4658; x_wconf 86' lang='lat' dir='ltr'><strong><em>Non</em></strong></span> <span class='ocrx_word' id='word_1_740' title='bbox 1660 4603 1993 4669; x_wconf 87' lang='lat' dir='ltr'><strong><em>dormitabit,</em></strong></span> 
     </span>
    </p>
   </div>
   <div class='ocr_carea' id='block_1_95' title="bbox 409 4691 1994 4762">
    <p class='ocr_par' dir='ltr' id='par_1_95' title="bbox 409 4691 1994 4762">
     <span class='ocr_line' id='line_1_97' title="bbox 409 4691 1994 4762; baseline 0.001 -14"><span class='ocrx_word' id='word_1_741' title='bbox 409 4709 573 4751; x_wconf 59' lang='lat' dir='ltr'><strong><em>neque</em></strong></span> <span class='ocrx_word' id='word_1_742' title='bbox 611 4692 837 4746; x_wconf 86' lang='lat' dir='ltr'><strong><em>dormiet</em></strong></span> <span class='ocrx_word' id='word_1_743' title='bbox 871 4692 963 4762; x_wconf 92' lang='lat' dir='ltr'><strong><em>qui</em></strong></span> <span class='ocrx_word' id='word_1_744' title='bbox 995 4691 1227 4746; x_wconf 86' lang='lat' dir='ltr'><strong><em>custodit</em></strong></span> <span class='ocrx_word' id='word_1_745' title='bbox 1261 4691 1437 4749; x_wconf 90' lang='lat' dir='ltr'><strong><em>Israel</em></strong></span> <span class='ocrx_word' id='word_1_746' title='bbox 1460 4695 1503 4748; x_wconf 79' lang='lat'><strong><em>°.</em></strong></span> <span class='ocrx_word' id='word_1_747' title='bbox 1535 4695 1608 4748; x_wconf 83' lang='lat' dir='ltr'><strong><em>At</em></strong></span> <span class='ocrx_word' id='word_1_748' title='bbox 1642 4692 1906 4750; x_wconf 82' lang='lat' dir='ltr'><strong><em>Dominus</em></strong></span> <span class='ocrx_word' id='word_1_749' title='bbox 1937 4695 1994 4750; x_wconf 86' lang='lat' dir='ltr'><strong><em>in</em></strong></span> 
     </span>
    </p>
   </div>
   <div class='ocr_carea' id='block_1_96' title="bbox 412 4779 1990 4853">
    <p class='ocr_par' dir='ltr' id='par_1_96' title="bbox 412 4779 1990 4853">
     <span class='ocr_line' id='line_1_98' title="bbox 412 4779 1990 4853; baseline 0 -16"><span class='ocrx_word' id='word_1_750' title='bbox 412 4785 535 4838; x_wconf 74' lang='lat' dir='ltr'><strong><em>navi</em></strong></span> <span class='ocrx_word' id='word_1_751' title='bbox 559 4781 828 4837; x_wconf 90' lang='lat' dir='ltr'><strong><em>dormisse</em></strong></span> <span class='ocrx_word' id='word_1_752' title='bbox 867 4787 1129 4835; x_wconf 88' lang='lat' dir='ltr'><strong><em>narratur</em></strong></span> <span class='ocrx_word' id='word_1_753' title='bbox 1157 4779 1284 4836; x_wconf 77' lang='lat'><strong><em>“.0</em></strong></span> <span class='ocrx_word' id='word_1_754' title='bbox 1318 4783 1511 4837; x_wconf 86' lang='lat' dir='ltr'><strong><em>inanes</em></strong></span> <span class='ocrx_word' id='word_1_755' title='bbox 1545 4796 1737 4836; x_wconf 89' lang='lat' dir='ltr'><strong><em>eorum</em></strong></span> <span class='ocrx_word' id='word_1_756' title='bbox 1777 4783 1990 4853; x_wconf 88' lang='lat' dir='ltr'><strong><em>cogita-</em></strong></span> 
     </span>
    </p>
   </div>
   <div class='ocr_carea' id='block_1_97' title="bbox 411 4870 1989 4943">
    <p class='ocr_par' dir='ltr' id='par_1_97' title="bbox 411 4870 1989 4943">
     <span class='ocr_line' id='line_1_99' title="bbox 411 4870 1989 4943; baseline 0 -16"><span class='ocrx_word' id='word_1_757' title='bbox 411 4873 612 4938; x_wconf 89' lang='lat' dir='ltr'><strong><em>tiones,</em></strong></span> <span class='ocrx_word' id='word_1_758' title='bbox 649 4875 741 4943; x_wconf 89' lang='lat' dir='ltr'><strong><em>qui</em></strong></span> <span class='ocrx_word' id='word_1_759' title='bbox 780 4875 893 4927; x_wconf 80' lang='lat' dir='ltr'><strong><em>haec</em></strong></span> <span class='ocrx_word' id='word_1_760' title='bbox 928 4872 1116 4925; x_wconf 88' lang='lat' dir='ltr'><strong><em>animo</em></strong></span> <span class='ocrx_word' id='word_1_761' title='bbox 1147 4885 1250 4925; x_wconf 90' lang='lat' dir='ltr'><strong><em>suo</em></strong></span> <span class='ocrx_word' id='word_1_762' title='bbox 1280 4873 1648 4941; x_wconf 87' lang='lat' dir='ltr'><strong><em>pertractant!</em></strong></span> <span class='ocrx_word' id='word_1_763' title='bbox 1689 4870 1808 4927; x_wconf 88' lang='lat' dir='ltr'><strong><em>Non</em></strong></span> <span class='ocrx_word' id='word_1_764' title='bbox 1841 4874 1989 4929; x_wconf 90' lang='lat' dir='ltr'><strong><em>enim</em></strong></span> 
     </span>
    </p>
   </div>
   <div class='ocr_carea' id='block_1_98' title="bbox 411 4963 1987 5034">
    <p class='ocr_par' dir='ltr' id='par_1_98' title="bbox 411 4963 1987 5034">
     <span class='ocr_line' id='line_1_100' title="bbox 411 4963 1987 5034; baseline 0.001 -14"><span class='ocrx_word' id='word_1_765' title='bbox 411 4981 578 5022; x_wconf 89' lang='lat' dir='ltr'><strong><em>onera</em></strong></span> <span class='ocrx_word' id='word_1_766' title='bbox 600 4965 865 5022; x_wconf 83' lang='lat' dir='ltr'><strong><em>duntaxat</em></strong></span> <span class='ocrx_word' id='word_1_767' title='bbox 895 4973 1083 5020; x_wconf 85' lang='lat' dir='ltr'><strong><em>nostra</em></strong></span> <span class='ocrx_word' id='word_1_768' title='bbox 1116 4979 1215 5034; x_wconf 90' lang='lat' dir='ltr'><strong><em>pro</em></strong></span> <span class='ocrx_word' id='word_1_769' title='bbox 1245 4965 1405 5019; x_wconf 90' lang='lat' dir='ltr'><strong><em>nobis</em></strong></span> <span class='ocrx_word' id='word_1_770' title='bbox 1429 4963 1724 5022; x_wconf 84' lang='lat' dir='ltr'><strong><em>adveniens</em></strong></span> <span class='ocrx_word' id='word_1_771' title='bbox 1748 4965 1987 5024; x_wconf 89' lang='lat' dir='ltr'><strong><em>Verbum</em></strong></span> 
     </span>
    </p>
   </div>
   <div class='ocr_carea' id='block_1_99' title="bbox 498 5121 2541 5196">
    <p class='ocr_par' dir='ltr' id='par_1_99' title="bbox 498 5121 2541 5196">
     <span class='ocr_line' id='line_1_101' title="bbox 498 5121 2541 5196; baseline 0.004 -20"><span class='ocrx_word' id='word_1_772' title='bbox 498 5124 518 5196; x_wconf 81' lang='lat'><strong><em>‘_</em></strong></span> <span class='ocrx_word' id='word_1_773' title='bbox 559 5121 665 5196; x_wconf 78' lang='lat' dir='ltr'><strong><em>lsa.</em></strong></span> <span class='ocrx_word' id='word_1_774' title='bbox 706 5137 805 5186; x_wconf 81' lang='lat' dir='ltr'><strong><em>vn,</em></strong></span> <span class='ocrx_word' id='word_1_775' title='bbox 832 5124 946 5196; x_wconf 70' lang='grc' dir='ltr'>μς</span> <span class='ocrx_word' id='word_1_776' title='bbox 972 5123 1196 5196; x_wconf 21' lang='grc' dir='ltr'><em>γλίιιιιιι.</em></span> <span class='ocrx_word' id='word_1_777' title='bbox 1239 5121 1410 5196; x_wconf 51' lang='grc' dir='ltr'><strong><em>ηπ.</em></strong></span> <span class='ocrx_word' id='word_1_778' title='bbox 1451 5191 1468 5196; x_wconf 34' lang='grc' dir='ltr'><strong>Α</strong></span> <span class='ocrx_word' id='word_1_779' title='bbox 1501 5125 1525 5196; x_wconf 79' lang='lat'><strong><em>’_</em></strong></span> <span class='ocrx_word' id='word_1_780' title='bbox 1563 5123 1725 5180; x_wconf 68' lang='lat' dir='ltr'><strong><em>llic-lt.</em></strong></span> <span class='ocrx_word' id='word_1_781' title='bbox 1767 5143 1821 5190; x_wconf 90' lang='lat' dir='ltr'><strong><em>v,</em></strong></span> <span class='ocrx_word' id='word_1_782' title='bbox 1860 5127 1916 5183; x_wconf 80' lang='lat'><strong><em>2.</em></strong></span> <span class='ocrx_word' id='word_1_783' title='bbox 2009 5129 2028 5159; x_wconf 81' lang='grc'>³</span> <span class='ocrx_word' id='word_1_784' title='bbox 2066 5127 2268 5193; x_wconf 75' lang='lat' dir='ltr'><strong><em>Ierem.</em></strong></span> <span class='ocrx_word' id='word_1_785' title='bbox 2310 5146 2445 5196; x_wconf 84' lang='lat' dir='ltr'><strong><em>xvtl,</em></strong></span> <span class='ocrx_word' id='word_1_786' title='bbox 2487 5130 2541 5186; x_wconf 90' lang='lat'><strong><em>9.</em></strong></span> 
     </span>
    </p>
   </div>
   <div class='ocr_carea' id='block_1_100' title="bbox 415 5191 2409 5269">
    <p class='ocr_par' dir='ltr' id='par_1_100' title="bbox 415 5191 2409 5269">
     <span class='ocr_line' id='line_1_102' title="bbox 415 5191 2409 5269; baseline 0.005 -22"><span class='ocrx_word' id='word_1_787' title='bbox 415 5194 437 5225; x_wconf 88' lang='grc'>⁶</span> <span class='ocrx_word' id='word_1_788' title='bbox 471 5192 666 5248; x_wconf 77' lang='lat' dir='ltr'><strong><em>Matth.</em></strong></span> <span class='ocrx_word' id='word_1_789' title='bbox 709 5209 784 5257; x_wconf 83' lang='lat' dir='ltr'><strong><em>tv,</em></strong></span> <span class='ocrx_word' id='word_1_790' title='bbox 820 5194 876 5248; x_wconf 82' lang='lat'><strong><em>‘2.</em></strong></span> <span class='ocrx_word' id='word_1_791' title='bbox 968 5195 988 5224; x_wconf 84' lang='grc'><strong>⁷</strong></span> <span class='ocrx_word' id='word_1_792' title='bbox 1029 5194 1136 5248; x_wconf 90' lang='lat' dir='ltr'><strong><em>lsa.</em></strong></span> <span class='ocrx_word' id='word_1_793' title='bbox 1166 5207 1252 5258; x_wconf 78' lang='lat' dir='ltr'><strong><em>xL,</em></strong></span> <span class='ocrx_word' id='word_1_794' title='bbox 1279 5193 1370 5246; x_wconf 68' lang='lat'><strong><em>‘28.</em></strong></span> <span class='ocrx_word' id='word_1_795' title='bbox 1449 5191 1471 5223; x_wconf 86' lang='grc'>⁸</span> <span class='ocrx_word' id='word_1_796' title='bbox 1501 5193 1662 5250; x_wconf 86' lang='lat' dir='ltr'><strong><em>Joan.</em></strong></span> <span class='ocrx_word' id='word_1_797' title='bbox 1708 5212 1782 5261; x_wconf 89' lang='lat' dir='ltr'><strong><em>Iv,</em></strong></span> <span class='ocrx_word' id='word_1_798' title='bbox 1821 5199 1875 5252; x_wconf 86' lang='lat'><strong><em>6.</em></strong></span> <span class='ocrx_word' id='word_1_799' title='bbox 1951 5199 1971 5229; x_wconf 85' lang='grc'>⁹</span> <span class='ocrx_word' id='word_1_800' title='bbox 1997 5198 2143 5255; x_wconf 87' lang='lat' dir='ltr'><strong><em>Psal.</em></strong></span> <span class='ocrx_word' id='word_1_801' title='bbox 2183 5191 2312 5269; x_wconf 60' lang='grc' dir='ltr'><strong><em>(ιχ,</em></strong></span> <span class='ocrx_word' id='word_1_802' title='bbox 2361 5203 2409 5256; x_wconf 84' lang='grc' dir='ltr'><em>ι.</em></span> 
     </span>
    </p>
   </div>
   <div class='ocr_carea' id='block_1_101' title="bbox 483 5397 1992 5472">
    <p class='ocr_par' dir='ltr' id='par_1_101' title="bbox 483 5397 1992 5472">
     <span class='ocr_line' id='line_1_103' title="bbox 483 5397 1992 5472; baseline -0.002 -16"><span class='ocrx_word' id='word_1_803' title='bbox 483 5400 735 5472; x_wconf 55' lang='lat' dir='ltr'><strong><em>(9.81am</em></strong></span> <span class='ocrx_word' id='word_1_804' title='bbox 762 5398 832 5452; x_wconf 82' lang='grc' dir='ltr'><strong><em>δὲ</em></strong></span> <span class='ocrx_word' id='word_1_805' title='bbox 870 5401 934 5453; x_wconf 81' lang='grc' dir='ltr'><strong><em>τὸ</em></strong></span> <span class='ocrx_word' id='word_1_806' title='bbox 962 5397 1177 5462; x_wconf 82' lang='grc' dir='ltr'><strong><em>ἀΐδιον,</em></strong></span> <span class='ocrx_word' id='word_1_807' title='bbox 1209 5408 1317 5456; x_wconf 83' lang='lat' dir='ltr'><strong><em>etc.</em></strong></span> <span class='ocrx_word' id='word_1_808' title='bbox 1361 5400 1616 5457; x_wconf 87' lang='lat' dir='ltr'><strong><em>Petavius</em></strong></span> <span class='ocrx_word' id='word_1_809' title='bbox 1663 5401 1992 5472; x_wconf 89' lang='lat' dir='ltr'><strong><em>interpreta-</em></strong></span> 
     </span>
    </p>
   </div>
   <div class='ocr_carea' id='block_1_102' title="bbox 411 5468 1991 5541">
    <p class='ocr_par' dir='ltr' id='par_1_102' title="bbox 411 5468 1991 5541">
     <span class='ocr_line' id='line_1_104' title="bbox 411 5468 1991 5541; baseline -0.003 -13"><span class='ocrx_word' id='word_1_810' title='bbox 411 5468 541 5528; x_wconf 83' lang='lat' dir='ltr'><strong><em>tur:</em></strong></span> <span class='ocrx_word' id='word_1_811' title='bbox 573 5468 640 5541; x_wconf 83' lang='lat' dir='ltr'><strong><em>Ut</em></strong></span> <span class='ocrx_word' id='word_1_812' title='bbox 670 5479 842 5541; x_wconf 76' lang='lat' dir='ltr'><strong><em>autem</em></strong></span> <span class='ocrx_word' id='word_1_813' title='bbox 871 5481 1063 5524; x_wconf 86' lang='lat' dir='ltr'><strong><em>natura</em></strong></span> <span class='ocrx_word' id='word_1_814' title='bbox 1091 5488 1395 5541; x_wconf 84' lang='lat' dir='ltr'><strong><em>germanum</em></strong></span> <span class='ocrx_word' id='word_1_815' title='bbox 1420 5489 1474 5526; x_wconf 89' lang='lat' dir='ltr'><strong><em>se</em></strong></span> <span class='ocrx_word' id='word_1_816' title='bbox 1507 5487 1570 5524; x_wconf 86' lang='lat' dir='ltr'><strong><em>ac</em></strong></span> <span class='ocrx_word' id='word_1_817' title='bbox 1618 5468 1991 5537; x_wconf 79' lang='lat' dir='ltr'><strong><em>sempiternum</em></strong></span> 
     </span>
    </p>
   </div>
   <div class='ocr_carea' id='block_1_103' title="bbox 417 5540 1990 5599">
    <p class='ocr_par' dir='ltr' id='par_1_103' title="bbox 417 5540 1990 5599">
     <span class='ocr_line' id='line_1_105' title="bbox 417 5540 1990 5599; baseline -0.001 -2"><span class='ocrx_word' id='word_1_818' title='bbox 417 5540 681 5599; x_wconf 84' lang='lat' dir='ltr'><strong><em>ostendat.</em></strong></span> <span class='ocrx_word' id='word_1_819' title='bbox 719 5540 930 5595; x_wconf 83' lang='lat' dir='ltr'><strong><em>Patrem</em></strong></span> <span class='ocrx_word' id='word_1_820' title='bbox 963 5540 1141 5597; x_wconf 81' lang='lat' dir='ltr'><strong><em>meum</em></strong></span> <span class='ocrx_word' id='word_1_821' title='bbox 1176 5541 1310 5596; x_wconf 75' lang='lat' dir='ltr'><strong><em>dixit</em></strong></span> <span class='ocrx_word' id='word_1_822' title='bbox 1338 5559 1354 5596; x_wconf 94' lang='lat'><strong><em>:</em></strong></span> <span class='ocrx_word' id='word_1_823' title='bbox 1389 5543 1528 5597; x_wconf 85' lang='lat' dir='ltr'><strong><em>velut</em></strong></span> <span class='ocrx_word' id='word_1_824' title='bbox 1569 5541 1638 5596; x_wconf 92' lang='lat' dir='ltr'><strong><em>ad</em></strong></span> <span class='ocrx_word' id='word_1_825' title='bbox 1671 5541 1806 5594; x_wconf 88' lang='lat' dir='ltr'><strong><em>illud</em></strong></span> <span class='ocrx_word' id='word_1_826' title='bbox 1833 5541 1990 5595; x_wconf 86' lang='lat' dir='ltr'><strong><em>bene-</em></strong></span> 
     </span>
    </p>
   </div>
   <div class='ocr_carea' id='block_1_104' title="bbox 424 5610 1990 5684">
    <p class='ocr_par' dir='ltr' id='par_1_104' title="bbox 424 5610 1990 5684">
     <span class='ocr_line' id='line_1_106' title="bbox 424 5610 1990 5684; baseline -0.001 -17"><span class='ocrx_word' id='word_1_827' title='bbox 424 5612 602 5682; x_wconf 78' lang='lat' dir='ltr'><strong><em>[cium</em></strong></span> <span class='ocrx_word' id='word_1_828' title='bbox 630 5611 1054 5682; x_wconf 77' lang='lat' dir='ltr'><strong><em>signiﬁcandum,</em></strong></span> <span class='ocrx_word' id='word_1_829' title='bbox 1083 5629 1185 5684; x_wconf 89' lang='lat' dir='ltr'><strong><em>quo</em></strong></span> <span class='ocrx_word' id='word_1_830' title='bbox 1223 5614 1486 5684; x_wconf 84' lang='lat' dir='ltr'><strong><em>apostolos</em></strong></span> <span class='ocrx_word' id='word_1_831' title='bbox 1521 5613 1789 5684; x_wconf 66' lang='grc' dir='ltr'><strong><em>σπείρεται,</em></strong></span> <span class='ocrx_word' id='word_1_832' title='bbox 1817 5610 1990 5666; x_wconf 86' lang='lat' dir='ltr'><strong><em>Deum</em></strong></span> 
     </span>
    </p>
   </div>
   <div class='ocr_carea' id='block_1_105' title="bbox 2102 4413 3684 4492">
    <p class='ocr_par' dir='ltr' id='par_1_105' title="bbox 2102 4413 3684 4492">
     <span class='ocr_line' id='line_1_107' title="bbox 2102 4413 3684 4492; baseline -0.002 -16"><span class='ocrx_word' id='word_1_833' title='bbox 2102 4421 2248 4486; x_wconf 85' lang='grc' dir='ltr'>Θεὸς</span> <span class='ocrx_word' id='word_1_834' title='bbox 2275 4421 2441 4490; x_wconf 84' lang='grc' dir='ltr'>ὑμῶν</span> <span class='ocrx_word' id='word_1_835' title='bbox 2471 4423 2541 4476; x_wconf 82' lang='grc' dir='ltr'><strong><em>οὐ</em></strong></span> <span class='ocrx_word' id='word_1_836' title='bbox 2569 4419 2845 4474; x_wconf 79' lang='grc' dir='ltr'><em>κοπιὰσει</em></span> <span class='ocrx_word' id='word_1_837' title='bbox 2870 4437 2884 4450; x_wconf 91' lang='grc'><strong>·</strong></span> <span class='ocrx_word' id='word_1_838' title='bbox 2925 4422 2953 4473; x_wconf 87' lang='grc' dir='ltr'>ὁ</span> <span class='ocrx_word' id='word_1_839' title='bbox 2980 4421 3037 4473; x_wconf 86' lang='grc' dir='ltr'>δὲ</span> <span class='ocrx_word' id='word_1_840' title='bbox 3066 4413 3267 4492; x_wconf 79' lang='grc' dir='ltr'><strong><em>Κύριος</em></strong></span> <span class='ocrx_word' id='word_1_841' title='bbox 3321 4421 3530 4491; x_wconf 82' lang='grc' dir='ltr'>Ἰησοῦς</span> <span class='ocrx_word' id='word_1_842' title='bbox 3559 4424 3684 4475; x_wconf 76' lang='grc' dir='ltr'><strong><em>ἐκο-</em></strong></span> 
     </span>
    </p>
   </div>
   <div class='ocr_carea' id='block_1_106' title="bbox 2099 4511 3686 4585">
    <p class='ocr_par' dir='ltr' id='par_1_106' title="bbox 2099 4511 3686 4585">
     <span class='ocr_line' id='line_1_108' title="bbox 2099 4511 3686 4585; baseline 0 -20"><span class='ocrx_word' id='word_1_843' title='bbox 2099 4513 2295 4565; x_wconf 86' lang='grc' dir='ltr'>πίασεν</span> <span class='ocrx_word' id='word_1_844' title='bbox 2344 4514 2402 4565; x_wconf 82' lang='grc' dir='ltr'><strong><em>ὲν</em></strong></span> <span class='ocrx_word' id='word_1_845' title='bbox 2448 4515 2511 4583; x_wconf 79' lang='grc' dir='ltr'>τῇ</span> <span class='ocrx_word' id='word_1_846' title='bbox 2561 4511 2861 4585; x_wconf 74' lang='grc' dir='ltr'><strong><em>ὁδοιπορίᾳ.</em></strong></span> <span class='ocrx_word' id='word_1_847' title='bbox 2907 4512 3052 4577; x_wconf 79' lang='grc' dir='ltr'><strong><em>Καὶ,</em></strong></span> <span class='ocrx_word' id='word_1_848' title='bbox 3091 4515 3173 4567; x_wconf 87' lang='grc' dir='ltr'><strong><em>Οὐ</em></strong></span> <span class='ocrx_word' id='word_1_849' title='bbox 3214 4511 3514 4581; x_wconf 79' lang='grc' dir='ltr'><em>νυστάζει,</em></span> <span class='ocrx_word' id='word_1_850' title='bbox 3541 4511 3686 4566; x_wconf 77' lang='grc' dir='ltr'><strong><em>οὐδὲ</em></strong></span> 
     </span>
    </p>
   </div>
   <div class='ocr_carea' id='block_1_107' title="bbox 2093 4601 3682 4673">
    <p class='ocr_par' dir='ltr' id='par_1_107' title="bbox 2093 4601 3682 4673">
     <span class='ocr_line' id='line_1_109' title="bbox 2093 4601 3682 4673; baseline -0.001 -16"><span class='ocrx_word' id='word_1_851' title='bbox 2093 4601 2362 4657; x_wconf 83' lang='grc' dir='ltr'><em>ὐπνώσει</em></span> <span class='ocrx_word' id='word_1_852' title='bbox 2407 4607 2440 4658; x_wconf 85' lang='grc' dir='ltr'><em>ό</em></span> <span class='ocrx_word' id='word_1_853' title='bbox 2479 4603 2823 4673; x_wconf 71' lang='grc' dir='ltr'><em>φυλάσσων</em></span> <span class='ocrx_word' id='word_1_854' title='bbox 2866 4603 2979 4658; x_wconf 83' lang='grc' dir='ltr'><strong><em>τὸν</em></strong></span> <span class='ocrx_word' id='word_1_855' title='bbox 3025 4603 3297 4672; x_wconf 71' lang='grc' dir='ltr'><strong><em>Ἰσραήλ⁹</em></strong></span> <span class='ocrx_word' id='word_1_856' title='bbox 3335 4603 3552 4657; x_wconf 72' lang='grc' dir='ltr'>’ὕπνωσε</span> <span class='ocrx_word' id='word_1_857' title='bbox 3601 4603 3682 4667; x_wconf 84' lang='grc' dir='ltr'><strong><em>δὲ,</em></strong></span> 
     </span>
    </p>
   </div>
   <div class='ocr_carea' id='block_1_108' title="bbox 2111 4691 3687 4768">
    <p class='ocr_par' dir='ltr' id='par_1_108' title="bbox 2111 4691 3687 4768">
     <span class='ocr_line' id='line_1_110' title="bbox 2111 4691 3687 4768; baseline 0.002 -22"><span class='ocrx_word' id='word_1_858' title='bbox 2111 4692 2299 4765; x_wconf 77' lang='grc' dir='ltr'>φησὶν,</span> <span class='ocrx_word' id='word_1_859' title='bbox 2335 4697 2364 4747; x_wconf 83' lang='grc' dir='ltr'><strong>ὁ</strong></span> <span class='ocrx_word' id='word_1_860' title='bbox 2387 4694 2594 4766; x_wconf 82' lang='grc' dir='ltr'>Κύριος</span> <span class='ocrx_word' id='word_1_861' title='bbox 2625 4696 2684 4749; x_wconf 83' lang='grc' dir='ltr'><strong><em>ὲν</em></strong></span> <span class='ocrx_word' id='word_1_862' title='bbox 2714 4698 2779 4767; x_wconf 80' lang='grc' dir='ltr'>τῇ</span> <span class='ocrx_word' id='word_1_863' title='bbox 2807 4697 2918 4768; x_wconf 81' lang='grc' dir='ltr'>νηῒ.</span> <span class='ocrx_word' id='word_1_864' title='bbox 2953 4691 3023 4750; x_wconf 84' lang='grc' dir='ltr'><strong><em>Ὦ</em></strong></span> <span class='ocrx_word' id='word_1_865' title='bbox 3057 4696 3284 4767; x_wconf 84' lang='grc' dir='ltr'><em>μάταιαι</em></span> <span class='ocrx_word' id='word_1_866' title='bbox 3310 4695 3552 4748; x_wconf 84' lang='grc' dir='ltr'><strong><em>ὑπόνοιαι</em></strong></span> <span class='ocrx_word' id='word_1_867' title='bbox 3576 4693 3687 4749; x_wconf 82' lang='grc' dir='ltr'><strong><em>τῶν</em></strong></span> 
     </span>
    </p>
   </div>
   <div class='ocr_carea' id='block_1_109' title="bbox 2093 4785 3681 4858">
    <p class='ocr_par' dir='ltr' id='par_1_109' title="bbox 2093 4785 3681 4858">
     <span class='ocr_line' id='line_1_111' title="bbox 2093 4785 3681 4858; baseline -0.001 -19"><span class='ocrx_word' id='word_1_868' title='bbox 2093 4786 2162 4840; x_wconf 75' lang='grc' dir='ltr'>τὰ</span> <span class='ocrx_word' id='word_1_869' title='bbox 2193 4786 2419 4841; x_wconf 89' lang='grc' dir='ltr'>τοιαῦτα</span> <span class='ocrx_word' id='word_1_870' title='bbox 2453 4787 2850 4858; x_wconf 82' lang='grc' dir='ltr'>λογιζομένωνι</span> <span class='ocrx_word' id='word_1_871' title='bbox 2905 4786 2980 4841; x_wconf 80' lang='grc' dir='ltr'><strong><em>Οὐ</em></strong></span> <span class='ocrx_word' id='word_1_872' title='bbox 3034 4787 3194 4858; x_wconf 87' lang='grc' dir='ltr'>μόνον</span> <span class='ocrx_word' id='word_1_873' title='bbox 3251 4785 3360 4857; x_wconf 87' lang='grc' dir='ltr'>γὰρ</span> <span class='ocrx_word' id='word_1_874' title='bbox 3403 4785 3472 4838; x_wconf 81' lang='grc' dir='ltr'>τὰ</span> <span class='ocrx_word' id='word_1_875' title='bbox 3521 4785 3681 4855; x_wconf 84' lang='grc' dir='ltr'>ἡμῶν</span> 
     </span>
    </p>
   </div>
   <div class='ocr_carea' id='block_1_110' title="bbox 2097 4875 3680 4952">
    <p class='ocr_par' dir='ltr' id='par_1_110' title="bbox 2097 4875 3680 4952">
     <span class='ocr_line' id='line_1_112' title="bbox 2097 4875 3680 4952; baseline -0.003 -20"><span class='ocrx_word' id='word_1_876' title='bbox 2097 4876 2238 4950; x_wconf 86' lang='grc' dir='ltr'><em>βάρη</em></span> <span class='ocrx_word' id='word_1_877' title='bbox 2285 4879 2568 4944; x_wconf 85' lang='grc' dir='ltr'>ἀνεδέξατο</span> <span class='ocrx_word' id='word_1_878' title='bbox 2614 4880 2754 4952; x_wconf 83' lang='grc' dir='ltr'>ὑπὲρ</span> <span class='ocrx_word' id='word_1_879' title='bbox 2801 4878 2958 4951; x_wconf 81' lang='grc' dir='ltr'>ἡμῶν</span> <span class='ocrx_word' id='word_1_880' title='bbox 3006 4877 3176 4931; x_wconf 76' lang='grc' dir='ltr'>ἐλθὼν</span> <span class='ocrx_word' id='word_1_881' title='bbox 3214 4879 3242 4930; x_wconf 86' lang='grc' dir='ltr'>ὁ</span> <span class='ocrx_word' id='word_1_882' title='bbox 3286 4875 3442 4944; x_wconf 78' lang='grc' dir='ltr'>ἅγιος</span> <span class='ocrx_word' id='word_1_883' title='bbox 3485 4877 3680 4943; x_wconf 84' lang='grc' dir='ltr'>Λόγος,</span> 
     </span>
    </p>
   </div>
   <div class='ocr_carea' id='block_1_111' title="bbox 2096 4967 3685 5043">
    <p class='ocr_par' dir='ltr' id='par_1_111' title="bbox 2096 4967 3685 5043">
     <span class='ocr_line' id='line_1_113' title="bbox 2096 4967 3685 5043; baseline -0.001 -20"><span class='ocrx_word' id='word_1_884' title='bbox 2096 4969 2230 5024; x_wconf 86' lang='grc' dir='ltr'><strong><em>ἀλλά</em></strong></span> <span class='ocrx_word' id='word_1_885' title='bbox 2264 4971 2358 5025; x_wconf 75' lang='grc' dir='ltr'><em>καὶ</em></span> <span class='ocrx_word' id='word_1_886' title='bbox 2400 4971 2505 5025; x_wconf 83' lang='grc' dir='ltr'>ὑπὸ</span> <span class='ocrx_word' id='word_1_887' title='bbox 2530 4971 2674 5043; x_wconf 77' lang='grc' dir='ltr'><strong><em>ἁφὴν</em></strong></span> <span class='ocrx_word' id='word_1_888' title='bbox 2719 4970 2954 5040; x_wconf 80' lang='grc' dir='ltr'>ἐγένετο,</span> <span class='ocrx_word' id='word_1_889' title='bbox 3008 4970 3105 5022; x_wconf 71' lang='grc' dir='ltr'><em>καὶ</em></span> <span class='ocrx_word' id='word_1_890' title='bbox 3158 4969 3340 5040; x_wconf 86' lang='grc' dir='ltr'><em>σάρκα</em></span> <span class='ocrx_word' id='word_1_891' title='bbox 3370 4967 3554 5031; x_wconf 69' lang='grc' dir='ltr'>ἔλαϐε,</span> <span class='ocrx_word' id='word_1_892' title='bbox 3588 4967 3685 5021; x_wconf 80' lang='grc' dir='ltr'><strong><em>καὶ</em></strong></span> 
     </span>
    </p>
   </div>
   <div class='ocr_carea' id='block_1_112' title="bbox 2657 5124 3680 5189">
    <p class='ocr_par' dir='ltr' id='par_1_112' title="bbox 2657 5124 3680 5189">
     <span class='ocr_line' id='line_1_114' title="bbox 2657 5124 3680 5189; baseline -0.009 -3"><span class='ocrx_word' id='word_1_893' title='bbox 2657 5130 2680 5162; x_wconf 72' lang='grc' dir='ltr'>δ</span> <span class='ocrx_word' id='word_1_894' title='bbox 2717 5129 2895 5185; x_wconf 88' lang='lat' dir='ltr'><strong><em>Galat.</em></strong></span> <span class='ocrx_word' id='word_1_895' title='bbox 2937 5144 3012 5187; x_wconf 80' lang='lat' dir='ltr'><strong><em>tv.</em></strong></span> <span class='ocrx_word' id='word_1_896' title='bbox 3051 5127 3107 5186; x_wconf 70' lang='grc'><strong><em>4.</em></strong></span> <span class='ocrx_word' id='word_1_897' title='bbox 3194 5126 3215 5157; x_wconf 85' lang='grc'><strong><em>⁵</em></strong></span> <span class='ocrx_word' id='word_1_898' title='bbox 3257 5125 3361 5180; x_wconf 86' lang='lat' dir='ltr'><strong><em>lsa.</em></strong></span> <span class='ocrx_word' id='word_1_899' title='bbox 3431 5139 3521 5189; x_wconf 68' lang='grc' dir='ltr'><em>χι,</em></span> <span class='ocrx_word' id='word_1_900' title='bbox 3589 5124 3680 5179; x_wconf 68' lang='lat'><strong><em>28.</em></strong></span> 
     </span>
    </p>
   </div>
   <div class='ocr_carea' id='block_1_113' title="bbox 2501 5198 3080 5265">
    <p class='ocr_par' dir='ltr' id='par_1_113' title="bbox 2501 5198 3080 5265">
     <span class='ocr_line' id='line_1_115' title="bbox 2501 5198 3080 5265; baseline -0.009 -10"><span class='ocrx_word' id='word_1_901' title='bbox 2501 5204 2545 5234; x_wconf 83' lang='grc'><strong><em>¹⁰</em></strong></span> <span class='ocrx_word' id='word_1_902' title='bbox 2590 5200 2785 5255; x_wconf 80' lang='lat' dir='ltr'><strong><em>Matth.</em></strong></span> <span class='ocrx_word' id='word_1_903' title='bbox 2829 5215 2950 5265; x_wconf 87' lang='lat' dir='ltr'><strong><em>vul,</em></strong></span> <span class='ocrx_word' id='word_1_904' title='bbox 2992 5198 3080 5252; x_wconf 69' lang='grc'><strong><em>24.</em></strong></span> 
     </span>
    </p>
   </div>
   <div class='ocr_carea' id='block_1_114' title="bbox 2091 5383 3683 5471">
    <p class='ocr_par' dir='ltr' id='par_1_114' title="bbox 2091 5383 3683 5471">
     <span class='ocr_line' id='line_1_116' title="bbox 2091 5383 3683 5471; baseline -0.002 -14"><span class='ocrx_word' id='word_1_905' title='bbox 2091 5383 2344 5457; x_wconf 82' lang='lat' dir='ltr'><strong><em>vestrum</em></strong></span> <span class='ocrx_word' id='word_1_906' title='bbox 2379 5402 2608 5456; x_wconf 84' lang='lat' dir='ltr'><strong><em>addidit.</em></strong></span> <span class='ocrx_word' id='word_1_907' title='bbox 2653 5400 2826 5456; x_wconf 64' lang='lat' dir='ltr'><strong><em>Graeci</em></strong></span> <span class='ocrx_word' id='word_1_908' title='bbox 2867 5410 3049 5459; x_wconf 88' lang='lat' dir='ltr'><strong><em>textus</em></strong></span> <span class='ocrx_word' id='word_1_909' title='bbox 3078 5401 3209 5465; x_wconf 89' lang='lat' dir='ltr'><strong><em>vim,</em></strong></span> <span class='ocrx_word' id='word_1_910' title='bbox 3250 5401 3683 5471; x_wconf 75' lang='lat' dir='ltr'><strong><em>argumenti_ro-</em></strong></span> 
     </span>
    </p>
   </div>
   <div class='ocr_carea' id='block_1_115' title="bbox 2100 5469 3685 5554">
    <p class='ocr_par' dir='ltr' id='par_1_115' title="bbox 2100 5469 3685 5554">
     <span class='ocr_line' id='line_1_117' title="bbox 2100 5469 3685 5554; baseline 0 -28"><span class='ocrx_word' id='word_1_911' title='bbox 2100 5472 2288 5554; x_wconf 66' lang='lat' dir='ltr'><strong><em>bnret</em></strong></span> <span class='ocrx_word' id='word_1_912' title='bbox 2335 5471 2626 5545; x_wconf 87' lang='lat' dir='ltr'><strong><em>Epiphanii</em></strong></span> <span class='ocrx_word' id='word_1_913' title='bbox 2678 5480 2918 5529; x_wconf 88' lang='lat' dir='ltr'><strong><em>mentem</em></strong></span> <span class='ocrx_word' id='word_1_914' title='bbox 2962 5473 3204 5544; x_wconf 87' lang='lat' dir='ltr'><strong><em>apertius</em></strong></span> <span class='ocrx_word' id='word_1_915' title='bbox 3252 5469 3510 5542; x_wconf 77' lang='lat' dir='ltr'><strong><em>exprimit</em></strong></span> <span class='ocrx_word' id='word_1_916' title='bbox 3544 5469 3685 5553; x_wconf 65' lang='lat' dir='ltr'><strong><em>Tuq-</em></strong></span> 
     </span>
    </p>
   </div>
   <div class='ocr_carea' id='block_1_116' title="bbox 2101 5558 2330 5600">
    <p class='ocr_par' dir='ltr' id='par_1_116' title="bbox 2101 5558 2330 5600">
     <span class='ocr_line' id='line_1_118' title="bbox 2101 5558 2330 5600; baseline -0.004 -1"><span class='ocrx_word' id='word_1_917' title='bbox 2101 5558 2330 5600; x_wconf 74' lang='lat' dir='ltr'><strong><em>masnus.</em></strong></span> 
     </span>
    </p>
   </div>
  </div>
