4012 6210
367 361 435 416 55
1778 369 1833 426 S.
1869 371 2209 430 EPIPHAN“
3559 375 3628 432 55

362 472 628 545 judicium
671 475 812 530 dedit
859 476 1001 534 Filio
1028 481 1068 546 ί,
1113 482 1327 538 tametsi
1379 497 1488 538 non
1537 483 1783 554 iudicet,
1849 488 1952 544 hoc

2062 490 2265 547 πᾶσαν
2296 491 2411 560 τὴν
2448 493 2651 560 κρίσιν
2693 490 2913 546 δέδωκε
2939 491 3020 557 τῷ
3070 490 3200 559 Υιῷ,
3247 489 3341 544 κα¹ι⁵
3377 489 3450 562 μὴ
3501 489 3622 561 κρί-

371 567 490 636 ipso
520 567 663 638 quod
690 569 974 639 judicandi
999 587 1198 627 munus
1222 581 1276 628 et
1304 574 1539 630 ofﬁcium
1565 575 1704 634 Filio
1733 579 1944 644 tribuit,

366 659 614 726 judicare
659 661 775 731 ipse
817 664 1126 720 censendus
1173 674 1296 733 est;
1348 682 1460 724 non
1498 669 1644 724 enim
1677 685 1707 724 a
1734 670 1949 741 judicio

369 748 423 801 in
461 763 585 805 reos
611 751 918 807 exercendo
948 752 1092 810 Deus
1141 755 1356 813 alienus
1402 765 1491 814 est
1526 775 1539 811 :
1573 774 1637 814 ac
1670 759 1798 816 licet
1837 777 1947 817 non

363 837 570 906 judicet
611 838 794 906 Pater,
827 843 942 913 jam
969 845 1261 918 judicavit.
1305 850 1480 909 Filius
1515 863 1694 909 autem
1728 856 1950 926 quando

371 931 443 983 sit
489 940 718 986 ventura
745 935 867 991 dies
904 937 1016 1002 illa,
1049 943 1377 1011 cognoscit:
1411 945 1555 1000 hanc
1584 948 1730 1002 enim
1761 948 1949 1003 educit

369 1021 486 1089 ipse
536 1035 601 1076 ac
651 1023 864 1088 delinit,
902 1027 1130 1084 molitur
1163 1044 1227 1085 ac
1254 1031 1490 1102 perficit.
1524 1033 1604 1088 Ita
1632 1035 1834 1105 quippe
1876 1035 1950 1091 lo-

366 1113 555 1180 quitur
585 1134 602 1171 :
637 1115 792 1172 Sicut
842 1119 932 1188 fur
962 1119 1027 1174 de
1056 1133 1225 1189 nocte,
1257 1125 1333 1178 sic
1358 1124 1457 1179 illa
1486 1124 1600 1181 die:
1630 1125 1872 1182 adveniet
1894 1129 1945 1182 ί.

364 1199 504 1256 Tum
556 1204 688 1259 illud
722 1224 735 1260 :
769 1205 955 1263 Nolite
998 1211 1056 1263 in
1099 1220 1247 1266 nocte
1295 1216 1514 1282 versari,
1565 1231 1631 1269 ne
1675 1215 1786 1272 dies
1837 1217 1937 1272 illa

364 1311 454 1349 vos
486 1296 538 1350 in
577 1299 800 1352 tenebris
850 1311 1063 1371 occupet
1087 1302 1130 1356 ³.
1161 1302 1343 1369 Quare
1375 1320 1500 1360 cum
1552 1305 1758 1363 Christi
1806 1307 1951 1363 servi

373 1385 486 1440 sint
525 1386 637 1442 diei
672 1387 794 1454 ﬁlii,
825 1391 920 1460 qui
945 1391 1192 1448 eamdem
1233 1392 1449 1449 inducit
1487 1393 1662 1450 Filius
1696 1409 1764 1451 an
1797 1397 1953 1467 igno-

370 1489 494 1532 rare
543 1486 748 1548 potest,
786 1488 848 1534 ut
886 1482 1064 1551 ipsum
1103 1483 1221 1540 dies
1251 1487 1551 1556 opprimat,
1583 1496 1638 1541 et
1663 1501 1772 1542 non
1809 1487 1952 1542 hanc

366 1567 455 1622 ille
488 1569 674 1638 potius
701 1570 970 1626 inducat?
995 1572 1131 1639 Quis
1162 1575 1278 1630 haec
1307 1576 1429 1632 sine
1453 1592 1665 1633 summa
1697 1578 1753 1632 in
1780 1576 1951 1633 Deum

366 1660 704 1715 contumelia
769 1662 855 1718 vel
905 1664 1090 1719 animo
1139 1667 1385 1737 cogitare
1438 1675 1638 1738 potest,
1694 1677 1756 1724 ut
1803 1668 1952 1723 Patri

364 1748 616 1822 Filioque
651 1767 773 1824 quae
815 1755 1042 1811 minime
1084 1757 1313 1814 deceant
1353 1745 1632 1815 ascribat?
1670 1760 1942 1827 Quocirca

366 1840 531 1897 Pater
580 1842 723 1898 diem
771 1845 918 1900 illam
950 1855 1006 1900 et
1035 1847 1226 1902 horam
1257 1849 1474 1904 duobus
1504 1849 1703 1915 modis,
1736 1849 1840 1905 hoc
1867 1861 1950 1906 est
1981 1844 2023 1902 Β

366 1937 595 1993 scientia
627 1945 682 1993 et
715 1941 934 1996 actione
980 1943 1304 2012 cognoscit;
1353 1945 1506 2000 novit
1546 1947 1693 2001 enim
1725 1945 1946 2017 quando

366 2029 552 2085 futura
583 2030 696 2096 sit;
751 2046 816 2086 ac
865 2032 981 2100 jam
1015 2035 1179 2089 etiam
1228 2034 1523 2105 judicavit,
1571 2051 1696 2091 cum
1749 2036 1946 2094 Filium

362 2121 737 2190 iudicaturum
786 2136 913 2177 esse
943 2125 1255 2189 constituit,
1301 2133 1357 2181 et
1407 2126 1490 2180 sic
1544 2128 1765 2182 actione
1828 2128 1946 2198 ipsa

365 2211 645 2281 cognovit.
681 2210 856 2266 Porro
883 2212 975 2267 Dei
1007 2213 1182 2270 Filius
1209 2217 1432 2285 quando
1457 2225 1691 2271 ventura
1731 2217 1804 2274 sit
1829 2218 1948 2275 dies

365 2304 482 2368 illa,
541 2305 734 2373 novit;
784 2306 1032 2378 adeoque
1085 2308 1229 2365 hanc
1275 2309 1507 2376 inducit,
1545 2327 1648 2367 nec
1693 2313 1946 2382 ignorat:

444 2459 638 2518 'Joan.
671 2478 726 2528 v,
751 2461 843 2518 22.
921 2465 942 2496 ¹
966 2461 1006 2517 ll
1042 2462 1187 2519 Petr.
1226 2478 1309 2530 ιιι,
1347 2463 1434 2519 10.
1515 2463 1708 2520 'Joau.
1738 2481 1838 2534 xu,
1869 2467 1960 2522 55.

439 2616 554 2690 (ει)
582 2616 856 2690 Τουτέστι
886 2619 1057 2690 κατὰ
1104 2619 1342 2690 πρᾶξιν.
1375 2619 1657 2676 Sententia
1705 2627 1790 2675 est
1823 2619 1946 2690 Epi-

369 2688 556 2759 phauii
596 2688 826 2759 extremi
875 2689 1070 2758 judicii
1101 2688 1244 2745 diem
1287 2699 1342 2746 et
1377 2691 1569 2745 horam
1603 2688 1945 2759 ignoravisse

368 2756 648 2830 Christum
699 2756 1009 2830 Dominum,
1046 2760 1191 2830 quod
1247 2760 1391 2830 apud
1432 2756 1808 2830 Matthfxxlv,
1851 2760 1941 2824 56,

369 2829 733 2898 cognitionem
776 2829 946 2898 illam
991 2829 1094 2886 soli
1163 2829 1469 2885 Deo’Patri
1531 2829 1824 2896 tribuerit;
1889 2839 1945 2886 et

370 2895 535 2952 Marci
569 2913 689 2961 xut,
727 2897 816 2960 32,
851 2900 1056 2955 diserte
1080 2899 1210 2954 dum
1246 2899 1397 2954 Patri
1438 2899 1649 2962 tribuit,
1689 2895 1944 2955 sibimet-

371 2967 475 3040 ipsi
518 2969 899 3038 denegaverit;
945 2969 1318 3040 ignoravisse,
1367 2970 1614 3040 inquam,
1658 2967 1950 3024 Dominum

368 3037 556 3110 Jesum
610 3037 720 3091 nun
752 3037 1086 3110 cognitione,
1115 3054 1223 3110 qua
1264 3055 1372 3095 non
1424 3037 1712 3110 praesentia
1747 3041 1949 3103 solum,

370 3108 465 3181 sed
494 3115 550 3181 et
579 3110 761 3162 futura
790 3108 947 3163 erant
973 3111 1051 3181 illi
1077 3108 1397 3181 perspecta;
1425 3108 1542 3181 sed
1573 3109 1819 3181 actione,
1849 3125 1951 3164 usu

370 3177 622 3232 videlicet
649 3185 703 3232 et
741 3177 1115 3234 exsecutione.
1166 3177 1424 3234 Eamdem
1466 3180 1607 3234 hanc
1645 3179 1954 3233 doctrinam

371 3255 599 3318 renovat
656 3254 711 3298 et
762 3247 954 3302 lueresi
994 3248 1084 3315 o9,
1127 3263 1157 3301 a
1196 3264 1423 3303 numero
1449 3249 1520 3303 45
1570 3247 1638 3302 ad
1683 3247 1955 3318 integrum

372 3331 547 3388 usque
578 3316 956 3388 insequentem
982 3333 1271 3388 numerum
1306 3319 1371 3370 47
1391 3336 1407 3382 ;
1428 3333 1528 3373 nec
1544 3317 1764 3388 aliquid
1805 3316 1861 3372 in
1892 3332 1956 3371 ea

373 3384 622 3458 innovat.
673 3385 744 3458 At
790 3386 936 3458 illam
969 3388 1208 3458 sumpsit
1251 3387 1488 3444 fortasse
1515 3384 1861 3458 Epiphanius
1889 3402 1958 3440 ex

377 3455 600 3527 liialogo
627 3455 804 3527 primo
833 3456 1054 3527 Caesarii
1081 3455 1250 3520 illius,
1283 3457 1377 3527 qui
1409 3473 1532 3512 cum
1555 3455 1705 3513 esset
1735 3456 1792 3511 S.
1825 3457 1959 3511 Gre—

373 3525 877 3597 goriiNaziauzeni
899 3525 1067 3581 frater
1088 3525 1402 3597 germanus,
1436 3527 1595 3597 primi
1624 3528 1818 3582 medici
1839 3543 1959 3580 mu-

377 3610 480 3650 uus
516 3595 568 3648 in
594 3596 833 3666 Augusta
868 3595 1257 3666 imperatorum
1285 3595 1450 3652 domo
1479 3597 1957 3666 Constantinopoli

374 3666 624 3719 exercuit
674 3675 728 3718 et
775 3665 1046 3736 Bithyniae
1080 3667 1321 3721 obtinuit
1358 3674 1716 3736 quaesturam.
1745 3665 1957 3736 Duplici

377 3735 508 3789 illud
547 3751 719 3805 eaque
750 3735 1161 3804 expeditissima
1217 3735 1428 3792 ratione
1460 3736 1744 3792 suadetur.
1769 3735 1958 3790 Altera

377 3805 525 3874 quini
551 3821 657 3858 non
688 3805 794 3858 nisi
820 3821 964 3859 anno
978 3805 1234 3861 Ecclesiae
1265 3807 1370 3861 575
1417 3806 1754 3876 Epiphanius
1783 3807 1958 3860 Anco-

378 3885 555 3928 ratum
587 3876 829 3945 scripsit,
859 3883 914 3945 et
941 3876 1161 3930 biennio
1193 3876 1388 3931 deinde
1417 3875 1605 3944 elapso
1637 3875 1957 3945 Qauarium,

379 3960 502 3998 cum
543 3943 818 4000 Caesarius
862 3944 978 4012 jam
1043 3946 1253 4000 obierat
1291 3962 1438 4000 anno
1477 3943 1602 4000 569.
1648 3943 1960 4001 Verisimile

376 4022 464 4086 est
518 4015 685 4083 igitur
738 4014 1128 4086 Epiphanium,
1187 4015 1281 4085 qui
1329 4016 1606 4086 posterius
1645 4015 1960 4086 scripsit,a

378 4085 658 4156 Causario,
701 4101 824 4156 quae
880 4085 1198 4156 scribebat,
1256 4085 1555 4156 didicisse;
1615 4087 1670 4139 ni
1717 4085 1961 4156 suspicio

381 4155 575 4211 subeat
622 4153 915 4226 utrumque
970 4165 1024 4210 et
1050 4155 1368 4226 Caesarium
1403 4164 1458 4211 et
1498 4153 1961 4226 Epiphaniunrab

380 4227 690 4295 antiquiore
717 4224 925 4296 aliquo.
967 4225 1059 4295 qui
1096 4242 1199 4280 nos
1236 4227 1422 4290 lateat,
1447 4224 1830 4296 exscripsisse.
1861 4224 1960 4278 Ai-

380 4304 511 4364 tera
543 4296 703 4364 plane
739 4295 1050 4357 deducitur,
1081 4311 1208 4348 cum
1247 4295 1484 4349 Caesario
1513 4295 1883 4364 Epiphaniumr
1913 4296 1961 4349 si

381 4363 655 4418 conferas.
683 4365 882 4417 Eadem
927 4364 981 4416 in
1018 4371 1249 4431 utroque
1287 4363 1821 4428 sententia;e:ede|n
1856 4363 1959 4417 do-

383 4433 574 4486 ctrina:
593 4443 754 4492 suut;
783 4431 971 4485 eadem
1006 4439 1313 4495 momenta;
1359 4432 1500 4486 idem
1532 4433 1747 4487 dicendi
1790 4432 1958 4496 ordo;

382 4502 514 4572 quid
581 4503 774 4572 plura?
824 4502 1014 4572 eadem
1048 4501 1470 4572 propemodum
1533 4503 1698 4572 verba

385 4569 621 4641 pitanius
660 4571 824 4639 igitur
855 4569 1153 4625 Caesarium
1182 4569 1520 4641 exscripsit.
1563 4569 1854 4641 Doctorum
1881 4569 1964 4624 vi-

387 4640 574 4712 rerum
611 4643 826 4712 ignorat
883 4656 1042 4695 nemo
1079 4641 1304 4696 Cwsarii
1331 4640 1709 4712 et'Epiphapii
1744 4653 1964 4712 senten-

386 4711 551 4774 tiam,
579 4710 721 4781 quod
748 4726 867 4765 eam
903 4720 1126 4766 secutus
1153 4712 1224 4766 sit
1251 4713 1306 4766 in
1339 4721 1575 4765 tractatu
1605 4711 1682 4765 De
1709 4710 1964 4781 gradibus

386 4778 704 4836 humilitatis
757 4796 897 4852 capL
925 4782 980 4842 3,
1034 4795 1264 4836 numero
1302 4781 1403 4852 710,7
1429 4797 1552 4852 pag.
1585 4781 1677 4846 86,
1704 4778 1962 4852 tomalV,

389 4852 711 4920 probavisse
737 4867 812 4904 xu
861 4850 1120 4909 Ecclesiae
1147 4851 1349 4906 saeculo
1383 4850 1444 4906 SI
1475 4850 1812 4907 Bernardum
1841 4850 1968 4905 Cla-

390 4923 785 4985 raevalleusem,
818 4936 915 4976 xui
951 4937 1080 4977 vero
1109 4921 1311 4978 saeculo
1339 4937 1406 4976 ex
1433 4923 1687 4990 praesenti
1713 4921 1967 4976 Ancorati

391 4992 528 5045 libro
557 4993 944 5047 memoravisse
973 5007 1074 5048 nec
1102 4990 1360 5061 reiecisse
1391 4991 1675 5061 Hugonem
1717 4991 1968 5046 Etheria-

390 5077 519 5133 num
551 5077 672 5131 cap.
705 5061 770 5116 l5
815 5061 936 5116 libri
967 5076 1024 5116 ιιι
1075 5059 1265 5133 σοιιιηι
1293 5059 1528 5133 Gra'coi.
1553 5059 1776 5127 Verum,
1803 5075 1969 5131 quam

393 5131 678 5188 memorati
730 5133 856 5198 viri,
887 5146 1128 5202 quorum
1176 5131 1272 5186 alii
1326 5131 1647 5201 antiquitate
1682 5137 1968 5202 praestant,

391 5202 755 5256 sanctimonia
803 5201 919 5266 alii,
955 5201 1207 5256 doctrina
1258 5216 1472 5264 omnes,
1503 5201 1726 5256 tuentur
1751 5210 1971 5256 senten-

393 5273 546 5337 tiam,
577 5273 759 5343 rejicit
788 5281 847 5325 ut
885 5271 1068 5328 minus
1109 5272 1442 5340 probabilem
1487 5271 1628 5326 inter
1655 5279 1882 5327 caeteras
1903 5271 1971 5343 de

393 5358 453 5397 re
489 5342 679 5397 eadem
735 5343 1024 5412 Opinioncs
1084 5351 1285 5412 nostrae
1336 5343 1727 5412 propemodum
1794 5342 1970 5396 aetatis

393 5413 682 5484 theologus
742 5411 875 5467 sane
921 5413 1180 5484 eximius,
1220 5411 1497 5484 Petavius,
1553 5426 1673 5482 cap.
1709 5413 1749 5484 δέ
1777 5413 1871 5484 ιιι).
1933 5427 1967 5484 ιι

395 5480 640 5554 Τήεοιοξι.
680 5483 1010 5554 κάοθιιιαειιιη
1042 5482 1106 5536 de
1139 5482 1417 5547 Trinitate,
1465 5480 1694 5536 numero
1727 5483 1780 5537 9.
1815 5480 1970 5546 Quod

396 5552 470 5606 ita
495 5552 613 5608 caui
658 5553 747 5608 ille
806 5559 976 5616 uolet,
1011 5554 1214 5606 nullam
1268 5553 1474 5622 profert
1526 5554 1827 5618 rationem;
1870 5566 1972 5605 nec

396 5637 559 5690 quam
615 5623 882 5692 proferret
925 5625 1107 5677 forsan
1144 5623 1353 5692 habuit.
1387 5622 1616 5687 Quando
1661 5623 1871 5692 agimus
1902 5635 1970 5692 an

396 5690 654 5748 Christus
709 5693 968 5749 Dominus
1011 5691 1199 5762 iudicii
1265 5693 1404 5747 diem
1457 5690 1820 5762 ignoraverit,
1885 5690 1970 5742 vel

398 5762 604 5830 minus,
641 5765 838 5836 duplex
897 5761 1054 5821 nobis
1093 5772 1317 5836 paratur
1379 5762 1688 5833 negotium,
1736 5761 1967 5816 alterum

2010 3148 2026 3166 .
2057 3109 2338 3164 Christum
2373 3111 2618 3165 nescisse
2666 3109 2681 3162 i

2052 599 2180 646 νων,
2244 583 2332 638 διὰ
2363 583 2463 654 μὲν
2491 581 2584 637 τοῦ
2623 582 2912 636 δεδωκέναι
2954 582 3032 653 τῷ
3061 582 3195 653 Υἱῷ,
3224 583 3385 645 αὐτὸς
3414 582 3623 653 κρίνειθ

2051 671 2112 722 οὑ
2135 671 2244 742 γὰρ
2264 671 2623 742 ἠλλοτρίωται
2648 671 2676 722 ὁ
2693 670 2822 734 Θεὸς
2854 671 2960 725 ἀπὸ
3001 671 3096 724 τοῦ
3125 671 3328 742 κρίνειν
3357 671 3480 733 τοὺς
3507 687 3628 739 κρι-

2051 759 2341 831 νομένους·
2391 761 2483 814 καὶ
2523 763 2581 814 ὲν
2612 760 2691 830 τῷ
2744 761 2819 832 μὴ
2857 761 3063 832 κρίνειν
3109 761 3201 814 τὸν
3245 759 3484 831 Πατέρα,
3524 759 3626 829 ἠδη

2051 851 2326 923 κέκρικεν.
2372 853 2429 906 '0
2460 852 2516 905 δὲ
2551 852 2678 913 Υἱὸς
2723 849 2828 905 οῐδε
2869 852 3000 905 πότε
3039 851 3287 922 ἔρχεταιο
3322 851 3485 914 αὐτὸς
3516 850 3628 921 γὰρ

2051 942 2218 1015 αὐτὴν
2257 943 2410 1015 φέρει
2457 943 2556 1012 τὴν
2587 943 2820 1014 ἡμέραν,
2859 943 2956 996 καὶ
2987 943 3151 1006 αὐτὸς
3174 942 3344 1014 ὁρίζει
3376 942 3470 995 καὶ
3502 941 3627 1011 ἄγει

2051 1035 2144 1088 καὶ
2163 1034 2326 1090 τελεῖ.
2356 1035 2518 1104 Λέγει
2555 1035 2696 1105 γάρ’
2741 1035 2834 1100 ’ος
2863 1034 3126 1102 κλέπτης
3153 1035 3222 1087 ἐν
3245 1034 3438 1100 νυκτὶ,
3469 1033 3630 1102 ἔρχε-

2051 1143 2145 1181 ται
2167 1127 2204 1195 ὴ
2220 1126 2406 1196 ἡμέρα
2426 1125 2765 1195 ἐκείνηΚαί
2783 1144 2936 1199 φησι,
2966 1129 3086 1181 Οὐκ
3107 1128 3278 1182 ἔσται
3292 1128 3313 1159 ⁸
3332 1129 3403 1182 ἐν
3422 1129 3597 1181 νυκτί
3609 1143 3626 1161 ο

2051 1219 2154 1272 ἵνα
2183 1220 2220 1288 ἡ
2251 1216 2442 1287 ἡμέρα
2467 1219 2536 1273 ἐν
2573 1221 2787 1273 ’σκότει
2819 1218 2978 1289 ἡμᾶς
3020 1219 3344 1288 καταλάϐῃ.
3373 1221 3436 1273 Ei
3463 1214 3554 1273 οὖν
3576 1220 3629 1272 οἱ

2052 1310 2226 1364 δοῦλοι
2268 1310 2362 1364 τοῦ
2397 1311 2633 1382 Χριστοῦ
2662 1311 2874 1382 ἡμέρας
2899 1310 3006 1365 εἰσὶ
3033 1310 3225 1376 τέκνα,
3269 1307 3377 1383 ἆρα
3415 1311 3576 1374 αὐτὸς
3600 1313 3631 1366 ὀ

2054 1401 2184 1465 Υἱὸς
2209 1401 2392 1474 φέρων
2415 1402 2514 1472 τὴν
2550 1402 2761 1473 ἡμέραν
2795 1403 2998 1470 δνγνοεῖ,
3028 1403 3116 1456 ἴνα
3140 1403 3299 1456 αὐτὸν
3334 1401 3630 1456 καταλάϐοι

2055 1492 2088 1563 ἡ
2118 1493 2323 1565 ἡμέρα,
2365 1493 2461 1546 καὶ
2489 1494 2609 1564 οὐχὶ
2654 1493 2815 1557 αὐτὸς
2847 1491 3047 1564 μᾶλλον
3070 1495 3169 1565 τὴν
3195 1494 3410 1566 ἡμέραν
3434 1493 3587 1565 φέρει
3611 1510 3628 1559 ;

2055 1580 2152 1644 Τίς
2179 1580 2350 1634 ταῦτα
2376 1581 2755 1653 διανοούμενος
2775 1583 2834 1636 οὐ
2857 1583 3258 1653 βλασφημήσει,
3287 1582 3355 1635 τὰ
3391 1581 3466 1652 μὴ
3499 1580 3633 1652 πρέ-

2053 1689 2225 1727 ποντα
2250 1673 2380 1744 περὶ
2408 1674 2625 1746 Πατρὸς
2650 1674 2744 1728 καὶ
2768 1675 2896 1728 Υἱοῦ
2914 1673 3292 1746 λογιζόμενοςς
3321 1673 3424 1726 Καὶ
3459 1674 3487 1726 ὁ
3520 1673 3633 1727 Πα-

2052 1765 2158 1835 τὴρ
2219 1764 2318 1834 μὲν
2375 1760 2484 1818 οἶδε
2515 1764 2614 1836 τὴν
2644 1765 2859 1837 ἡμέραν
2893 1765 2988 1818 καὶ
3037 1765 3134 1836 τὴν
3173 1765 3323 1836 ὥραν
3365 1763 3506 1817 κατὰ
3536 1759 3634 1819 δύο

2050 1857 2302 1928 τρόπους,
2357 1855 2500 1910 κατὰ
2526 1856 2749 1928 εἴδησιν.
2779 1858 2873 1910 καὶ
2916 1857 3057 1910 κατὰ
3085 1857 3302 1928 πρᾶξιν.
3341 1852 3464 1911 Οἵδε
3521 1856 3632 1925 γὰρ

2050 1951 2178 2006 πότε
2206 1949 2456 2022 ἔρχεται’
2490 1950 2584 2003 καὶ
2630 1948 2792 2002 πάλιν
2837 1950 2938 2022 ἤδη
2980 1950 3260 2022 κέκρικεν.
3289 1948 3478 2020 ὁρίσας
3513 1948 3634 2018 κρί-

2050 2061 2164 2098 νειν
2195 2042 2286 2096 τὸν
2318 2041 2469 2106 Υἱὸν,
2491 2041 2587 2096 καὶ
2616 2040 2757 2111 ἔγνω
2787 2041 2926 2094 κατὰ
2948 2041 3166 2112 πρᾶξιν.
3209 2039 3268 2094 '0
3295 2039 3352 2092 δὲ
3379 2039 3505 2102 Υἱὸς
3537 2038 3632 2091 τοῦ

2051 2133 2188 2188 Θεοῦ
2231 2129 2339 2186 οἶδε
2372 2133 2490 2204 μὲν,
2517 2132 2647 2185 πότε
2677 2131 2916 2202 ἔρχεται,
2947 2132 3042 2184 καὶ
3067 2129 3229 2195 αὐτὸς
3263 2129 3416 2200 φέρει
3439 2128 3631 2198 αὐτὴν,

2055 2225 2148 2277 καὶ
2177 2225 2276 2276 οὐκ
2291 2226 2509 2290 ἀγνοεῖο
2537 2220 2690 2275 οὔπω
2719 2221 2775 2274 δὲ
2807 2221 2976 2292 αὐτὴν
2999 2221 3202 2294 ἔπραξε
3234 2221 3376 2275 κατὰ
3410 2220 3632 2288 γνῶσιν,

2061 2313 2310 2368 τουτέστι
2334 2313 2474 2367 κατὰ
2499 2312 2698 2385 πρᾶξιν
2714 2312 2846 2386 (21)·
2883 2313 2963 2368 ἔτι
2991 2313 3101 2385 γὰρ
3117 2313 3332 2378 ἀσεϐεῖς
3353 2310 3632 2381 ἀσεϐοῦσι,

2037 2466 2059 2498 ⁸
2085 2463 2146 2521 F.
2179 2465 2323 2522 ἔστε.

2049 2636 2160 2691 quo
2194 2628 2505 2678 statuamus
2559 2621 2864 2687 Christum,
2901 2621 3016 2678 sive
3042 2635 3149 2691 qua
3180 2621 3341 2685 Deus,
3377 2621 3634 2691 siveﬂqua

2051 2690 2238 2752 homo,
2267 2693 2517 2747 absolute
2554 2708 2665 2746 non
2717 2690 3073 2762 ignoravisse
3099 2692 3240 2762 diem
3273 2690 3636 2762 illum;iThe-

2047 2762 2432 2816 mistianorum
2473 2763 2617 2817 enim
2675 2761 2790 2818 sive
2823 2762 3192 2818 Agnoetarum
3223 2761 3437 2815 insania
3463 2761 3636 2815 decli-

2049 2831 2255 2902 nanda,
2306 2833 2402 2902 qui
2460 2833 2662 2902 reiecta
2696 2846 2820 2885 cum
2874 2831 3229 2902 Eutyehianis
3279 2831 3637 2902 distinctione

2057 2901 2294 2970 duplicis
2329 2900 2410 2955 'in
2461 2901 2685 2956 Christo
2729 2907 2960 2965 naturae,
2984 2900 3175 2970 ipsum
3202 2901 3454 2969 ignorare
3487 2900 3638 2970 dice-

2057 2969 2191 3024 bant
2220 2986 2558 3041 quaecunque
2603 2971 2748 3025 illius
2802 2971 3070 3026 nescisset
3105 2969 3438 3041 humanitas.
3481 2969 3634 3041 Alte-

2057 3055 2179 3094 rum
2211 3039 2340 3094 vero
2371 3039 2484 3103 est,
2508 3047 2567 3094 ut
2620 3056 2684 3096 ex
2727 3041 2955 3096 iicemus
2983 3054 3092 3110 quo
3134 3055 3298 3094 sensu
3328 3039 3534 3094 dictmu
3561 3039 3635 3094 sit

2057 3109 2338 3162 Christum
2373 3111 2618 3162 nescisse
2666 3057 2817 3162 iﬁum
2846 3110 3008 3162 diem.
3057 3107 3262 3162 Sensus
3321 3110 3411 3162 ille
3459 3124 3635 3162 neaue

2710 3111 2817 3165 lum
2846 3107 3016 3165 diem:
3057 3107 3262 3165 Sensus
3321 3110 3411 3164 ille
3459 3124 3638 3177 neque

2059 3188 2420 3249 apertusgest
2451 3181 2504 3233 in
2528 3179 2730 3249 divinis
2771 3177 3097 3249 Scripturis,
3129 3195 3306 3247 neque
3333 3179 3634 3241 revelatus,

2059 3247 2251 3320 necrab
2281 3247 2525 3320 Ecclesia
2557 3248 2815 3304 definitus
2849 3269 2860 3302 :
2891 3247 3130 3320 liberum
3170 3263 3298 3320 ergo
3322 3257 3413 3320 est
3437 3249 3638 3318 cuique

2060 3319 2418 3385 coniectando
2465 3319 2616 3373 illum
2649 3334 2912 3387 quaerere.
2957 3316 3266 3384 Quaesivere
3316 3316 3510 3373 Patres
3547 3316 3634 3370 ἰιι

2059 3387 2314 3452 Arianos,
2340 3388 2785 3458 utEutychiauos
2811 3389 3084 3458 Agnoetas
3117 3387 3445 3443 refellerent.
3477 3388 3638 3452 Qum-

2064 3458 2233 3512 reudo
2281 3459 2335 3512 in
2402 3459 2586 3514 varias
2621 3459 2767 3512 ivere
2810 3461 3128 3521 sententias,
3175 3473 3408 3526 quarum
3465 3458 3635 3521 nulla,

2060 3542 2181 3596 qua:
2213 3527 2417 3582 divinis
2459 3543 2567 3582 non
2619 3535 2884 3598 repugnet
2914 3527 3156 3598 Litteris,
3197 3534 3259 3598 et,
3283 3537 3445 3582 rectae
3465 3527 3588 3598 fidei
3617 3545 3634 3593 ;

2061 3613 2288 3667 (piaeque
2332 3599 2560 3667 idoneis
2580 3597 2784 3650 nitatur
2834 3597 3146 3663 incruentis,
3174 3597 3296 3651 aliis
3331 3597 3658 3667 prohaiiilir

2059 3675 2171 3721 tate
2200 3665 2504 3737 praestabit.
2537 3666 2726 3721 Patres
2743 3667 2982 3737 plurimi,
3013 3665 3442 3737 quicompendii
3471 3680 3638 3737 causa

2063 3735 2234 3808 videri
2292 3745 2524 3808 possunt
2566 3735 2757 3808 apud
2785 3735 3331 3808 I’eta_vium__iaudato
3371 3750 3543 3808 nuper
3581 3736 3637 3788 in
3714 3740 3726 3748 ‘

2061 3807 2261 3876 capite,
2292 3804 2480 3862 dixere
2517 3804 2799 3861 Christum
2822 3805 3024 3876 judicii
3055 3805 3198 3876 diem
3242 3804 3486 3858 nescisse
3527 3819 3635 3876 non

2061 3871 2169 3946 qua
2197 3871 2358 3943 Deus,
2388 3877 2484 3932 sed
2518 3876 2699 3944 aliqua
2728 3871 2941 3946 ratione
2958 3889 3079 3946 qua
3098 3873 3398 3946 homoerat
3421 3871 3640 3940 :opiuio

2063 3940 2176 4000 haec
2225 3940 2477 4001 humanae
2507 3940 2678 4000 menti
2712 3946 2782 3999 ob
2826 3940 3024 3998 avitam
3067 3940 3491 3996 imbecillitatem
3527 3956 3639 3994 non

2061 4017 2336 4086 displicet,
2359 4018 2488 4086 quia
2519 4016 2667 4069 illam
2696 4030 2799 4069 nos
2827 4013 3132 4086 intelligere
3171 4011 3330 4086 nobis
3359 4010 3632 4086 videmur.

2065 4084 2122 4140 Si
2152 4080 2336 4141 autem
2378 4080 2638 4140 "eamdem
2678 4085 2962 4149 excutias,
3011 4080 3057 4137 si
3100 4081 3485 4151 introspicias;
3529 4080 3639 4134 heu

2061 4165 2195 4230 quot
2210 4157 2503 4230 insurgunt
2524 4155 2890 4230 diliicuitates,
2910 4148 3032 4222 quae
3048 4148 3333 4230 ambages!
3358 4148 3640 4230 inmemo:

2063 4219 2202 4280 fiam
2225 4219 2396 4281 venit'
2425 4223 2640 4295 Leporii
2683 4224 2837 4295 illius
2857 4219 3527 4295 grnonachi_retract_at_io;
3555 4219 3636 4295 ad

2102 4311 2226 4349 uam
2255 4297 2434 4365 ipsum
2484 4288 2793 4365 compulere
2839 4292 3093 4365 Aurelius
3134 4288 3623 4365 Carthaginiensis,

2102 4312 2226 4349 “anl
2255 4312 2434 4365 Ipsum
2484 4312 2793 4359 co'nplﬂel'e
2839 4312 3093 4347 aurelius
3134 4312 3623 4360 υδηιιξιειιιιειιδιδ,

2061 4312 2126 4418 S.
2153 4365 2512 4434 Augustinus,
2539 4364 2741 4434 aliique
2783 4363 2838 4416 in
2872 4361 3056 4434 Africa
3087 4359 3354 4434 episcopi.
3390 4359 3638 4434 Redeunt

2066 4435 2122 4487 in
2181 4429 2500 4488 memoriam
2557 4429 2836 4501 Agnoetae,
2879 4429 3133 4501 ιξιξιιιξυιιι⁸
3156 4437 3210 4483 et
3257 4429 3467 4501 Eulogii
3513 4430 3638 4484 Ale-

1755 4475 1960 4570 ενῖιῆί
1993 4475 2038 4530 D
2068 4475 2635 4556 iniiinii-triarii“adversus0
2664 4501 2788 4556 illos
2822 4475 3067 4570 labores.
3101 4497 3281 4565 Quare
3310 4475 3639 4570 tibiocaveas

2065 4580 2280 4641 oportet
2309 4587 2378 4626 ne
2406 4571 2553 4625 illam
2588 4579 2808 4640 reputes
2856 4567 3217 4635 catholicam;
3248 4576 3332 4641 est
3361 4568 3505 4623 enim
3541 4569 3640 4622 ali—
3711 4620 3714 4622 γ

2066 4639 2300 4712 quorum
2325 4649 2558 4712 tantum,
2588 4639 2698 4712 non
2714 4641 2956 4712 omnium
2974 4655 2993 4712 7;
3017 4654 3117 4712 nec
3149 4639 3376 4712 probata
3397 4652 3638 4712 unquam

2069 4706 2137 4766 ab
2167 4711 2411 4767 Ecclesia
2447 4711 2568 4764 fuit.
2599 4710 2736 4765 Cum
2760 4710 3023 4781 Gregorio
3053 4706 3248 4781 Magno
3279 4707 3520 4781 Epistola
3568 4706 3638 4762 59

2069 4782 2193 4837 libri
2219 4797 2273 4844 ι,
2297 4782 2452 4850 juxta
2477 4781 2852 4836 recensionem
2874 4777 3264 4850 'uovissim'am,
3294 4777 3640 4850 animadver-

2069 4846 2519 4906 tendum—deinde
2544 4850 2824 4905 Christum
2879 4849 3166 4906 Dominum
3203 4847 3259 4900 in
3288 4856 3482 4899 natura
3505 4846 3638 4915 qui-

2070 4921 2192 4976 dem
2257 4919 2611 4976 humanitatis
2661 4921 2880 4997 novisse
2911 4919 3150 4997 diemet
3176 4917 3366 4994 horam
3418 4914 3636 4997 judi’cii,

2070 5007 2180 5046 non
2213 5000 2394 5046 autem
2445 5007 2512 5045 ex
2545 4999 2742 5045 natura
2786 4986 3143 5043 humanitatis
3198 4985 3433 5039 novisse.
3479 4983 3634 5051 Quod

2083 5076 2152 5115 an
2198 5061 2396 5142 divinae
2419 5056 3082 5142 Scripturaetcstimo‘nia
3137 5053 3365 5142 felicius.
3403 5061 3640 5142 elsponat

2113 5147 2234 5185 uam
2286 5123 2573 5200 Epiphanii
2630 5129 2922 5191 sententia,
2948 5126 3192 5200 aliorum
3210 5133 3328 5177 esto
3350 5123 3635 5200 judicium.

2121 5242 2132 5254 .
2192 5194 2490 5272 Gregorius
2531 5199 2908 5272 Nazianzenus
2945 5197 3035 5259 iis,
3081 5194 3280 5272 quibus
3307 5194 3473 5272 relata
3512 5207 3638 5247 mox

2073 5262 2386 5343 opinioii‘ou
2411 5271 2623 5343 placet,
2641 5270 2865 5343 alteram
2885 5262 3161 5343 proponit
3192 5262 3448 5343 Qratioue
3474 5277 3637 5343 xx_xVI

2074 5331 2226 5398 aiens
2260 5331 2455 5394 Filium
2492 5331 2722 5395 scivisse
2769 5331 2986 5406 quidem
3009 5331 3228 5405 'judicii
3262 5333 3420 5406 diem_
3448 5340 3502 5384 et
3539 5331 3640 5406 ho:

2073 5429 2212 5476 ram,
2233 5411 2395 5464 modo
2420 5418 2597 5464 tamen
2622 5399 2838 5462 diverso
2868 5406 2934 5460 ab
2965 5399 3057 5460 iiin
3086 5421 3195 5476 quo
3213 5403 3374 5476 novit
3387 5399 3564 5476 Pater,
3590 5402 3638 5454 εξ

2078 5482 2151 5553 μὴ
2181 5470 2254 5544 ὡς
2281 5483 2309 5532 ὁ
2341 5479 2703 5553 ῌατλήρληηεο
2737 5475 2884 5553 aliud
2911 5470 3224 5553 subjungit.
3262 5470 3639 5553 Difﬁcultatem

2073 5541 2290 5606 ou'iuem
2322 5541 2508 5604 eludit"
2537 5541 2698 5611 illud,
2729 5547 2823 5600 sed
2873 5541 3168 5600 obscurum
3209 5549 3311 5605 est,
3341 5549 3395 5594 et
3426 5541 3641 5595 facilius

2075 5620 2249 5696 aptari
2284 5627 2467 5696 posset
2491 5617 2754 5696 doctrinae
2785 5614 3284 5696 Epiphaniil'quani'
3301 5611 3505 5696 dicenti
3530 5626 3641 5696 non

2076 5680 2300 5743 novisse
2353 5687 2564 5741 ratione
2623 5680 2998 5740 humanitatis.
3024 5680 3374 5736 Aliitandem
3404 5680 3642 5735 fatentur

2080 5759 2360 5813 Christum
2413 5757 2564 5813 nullo
2593 5756 2756 5812 modo
2791 5754 3032 5811 nescisse
3062 5761 3155 5806 aut
3199 5750 3395 5807 divina:
3431 5753 3642 5806 ratione
