4012 6210
248 461 252 463 λ
300 390 370 445 ετ
1704 397 1890 462 ,ΑΝοε

1997 400 2159 457 .TUS.
3494 414 3564 471 58

305 501 401 556 καὶ
432 500 656 555 ἄπιστοι
681 500 989 567 ἀπιστοῦσι,
1019 502 1114 558 καὶ
1137 505 1458 560 κακόπιστοι
1489 505 1887 581 βλασφημοῦσι,

1997 515 2237 569 nondum
2298 524 2477 573 tamen
2532 534 2652 575 eam
2707 528 2773 576 ex
2814 520 2906 575 illa
2952 525 3264 593 cognitione
3289 527 3565 597 produxit,

307 603 402 647 και
422 595 451 645 6
489 591 733 657 διάϐολος
760 596 992 663 ἐνεργεῖ,
1020 597 1114 647 καὶ
1140 597 1514 667 ἁμαρτήματα
1542 598 1769 667 γίνεται,
1796 601 1890 655 καὶ

1997 608 2099 661 hoc
2153 613 2239 662 est
2292 609 2537 663 nondum
2589 612 2806 668 actione
2852 616 3153 684 cognovit:
3188 617 3367 673 adhuc
3421 622 3565 674 enim

306 686 338 755 ἡ
383 684 566 737 ἀδικία
594 687 807 756 κρατεῖ,
849 686 945 739 καὶ
991 687 1232 759 ἡκρίσις
1275 688 1657 761 μακροθυμεῖ·
1696 691 1799 755 ἓως
1821 692 1888 747 ἂν

1997 696 2145 765 impii
2194 696 2361 767 impie
2405 714 2527 753 sese
2568 710 2785 770 gerunt,
2833 712 2887 759 et
2919 705 3163 763 inﬁdeles
3194 708 3565 765 inﬁdelitatem

304 774 457 844 ἔλθῃ,
516 776 611 829 καὶ
638 776 752 847 γνῷ
784 776 955 848 αὐτὴν
986 779 1127 832 κατά
1169 779 1386 850 πρᾶξιν,
1418 782 1514 834 καὶ
1547 782 1750 856 ποιήσῃ
1789 785 1888 854 τὴν

1997 797 2275 854 exercent,
2313 798 2367 845 et
2399 792 2641 847 haeretici
2687 794 2853 849 Deum
2882 800 3230 856 contumeliis
3261 803 3564 867 incessunt,

305 867 608 937 εκδίκησιν,
669 868 765 921 καὶ
823 868 973 940 σώσῃ
1024 871 1151 933 τοὺς
1201 873 1260 924 ἐν
1309 871 1537 944 ἀληθείᾳ
1569 872 1889 940 ἐλπίζοντας

1997 891 2042 934 et
2075 879 2327 936 diabolus
2371 891 2648 952 operatur,
2696 894 2749 941 et
2798 899 3021 958 peccata
3071 903 3480 963 perpetrantur,
3514 902 3568 948 et

303 957 387 1009 ἐπ’
411 958 595 1023 αὐτὸν,
625 958 718 1012 καὶ
747 960 822 1030 μὴ
849 958 1305 1032 βλασφημοῦντας
1337 963 1502 1016 αὑτοῦ
1532 963 1629 1035 τὴν
1659 964 1887 1037 θεότητα

1997 972 2259 1040 injustitia
2294 985 2503 1046 regnat,
2536 977 2641 1047 27
2682 985 2735 1033 et
2774 957 3045 1048 judicium
3074 957 3344 1054 patienter
3381 957 3567 1040 differ-

306 1049 517 1120 Πατρὸς
550 1051 642 1103 καὶ
674 1050 802 1103 Υίοῦ
833 1051 927 1105 κα)⁵
949 1052 1103 1120 ἀγίου
1131 1054 1472 1125 Πνεῦματος.

1997 1072 2116 1127 tur,
2179 1064 2354 1119 donec
2411 1081 2514 1120 suo
2586 1076 2831 1139 tempore
2888 1049 3093 1137 veniat;
3160 1076 3320 1145 idque
3394 1074 3567 1130 Filius

302 1140 519 1196 actione
549 1140 667 1210 ipsa
695 1150 1018 1234 cognoscat,
1060 1152 1115 1199 et
1147 1145 1412 1200 ultionem
1444 1147 1719 1215 instituat,
1776 1164 1981 1221 eosque
2051 1165 2254 1219 servet,
2314 1156 2408 1226 qui
2474 1172 2663 1212 revera
2709 1174 2860 1230 spem
2906 1177 3059 1217 suam
3127 1165 3181 1218 in
3233 1140 3358 1234 ipso
3400 1168 3569 1220 collo-

302 1235 450 1322 cant,
517 1244 698 1300 neque
743 1231 1019 1286 divinitati
1064 1247 1180 1288 suae
1229 1236 1622 1291 contumeliam
1676 1236 1906 1307 faciunt,
1967 1257 2090 1313 quae
2155 1252 2238 1300 est
2286 1243 2469 1313 Patri,
2520 1246 2661 1303 Filio
2713 1264 2778 1306 ac
2840 1250 3073 1322 Spiritui
3148 1231 3340 1310 sancto
3401 1271 3555 1310 com-

302 1335 507 1377 munis.

372 1416 500 1469 KB'.
544 1415 634 1481 Ἐξ
688 1416 859 1486 ἁγίων
903 1417 961 1471 δὲ
1004 1419 1253 1488 ἀγγέλων
1302 1422 1549 1477 λείπεται
1599 1423 1742 1479 κατά
1795 1423 1890 1478 δύο

300 1506 591 1578 τρόπουςη
622 1508 844 1580 τοιαύτη
894 1510 1042 1577 ἀξία.
1084 1512 1126 1564 Τ
1134 1512 1267 1583 ίμιοι
1328 1514 1429 1585 μὲν
1468 1516 1577 1587 γάρ
1615 1518 1752 1569 εἰσιν
1780 1516 1890 1570 ἀπὺ

301 1599 514 1670 Πατρὸς
549 1601 639 1653 καὶ
665 1600 791 1654 Υίοῦ
837 1603 931 1656 καὶ
959 1602 1117 1671 ἁγίου
1156 1605 1475 1676 Πνεῦματος
1499 1606 1657 1660 τοῦτο
1685 1625 1886 1680 κεκτη-

2060 1423 2225 1480 XXII.
2267 1425 2426 1493 Quod
2475 1443 2606 1484 vero
2656 1428 2725 1484 ad
2768 1438 2991 1488 sanctos
3042 1433 3265 1501 angelos
3310 1435 3567 1505 pertinet,

1988 1514 2205 1572 duobus
2236 1518 2414 1574 modis
2440 1520 2553 1574 haec
2584 1520 2694 1576 illis
2724 1530 2808 1577 est
2831 1523 3100 1594 denegata
3143 1525 3399 1595 dignitas.
3434 1525 3567 1581 Nam

1989 1607 2234 1677 alioquin
2276 1609 2484 1666 honore
2529 1611 2677 1684 digni
2724 1624 2873 1679 sunt,
2930 1616 3094 1687 idque
3142 1617 3319 1688 ipsum
3346 1634 3377 1671 a
3407 1618 3568 1675 Patre

304 1690 475 1761 μένοι.
506 1692 765 1746 Λείπεται
812 1693 870 1747 δέ
931 1695 1114 1759 αὐτοῖς
1143 1696 1326 1750 τοῦτο·
1369 1699 1430 1751 οὐ
1460 1700 1569 1768 γάρ
1614 1700 1788 1753 οἴδασι
1818 1700 1888 1754 τά

1997 1710 2038 1753 et
2071 1697 2209 1755 Filio
2250 1709 2303 1755 et
2345 1702 2551 1772 Spiritu
2591 1714 2782 1760 sancto
2824 1710 3109 1763 consecuti
3140 1719 3291 1776 sunt,
3327 1711 3423 1766 setl
3460 1713 3564 1770 hoc

298 1781 579 1853 ὡρισμένα
606 1782 736 1836 πότε
763 1782 973 1852 γίνεται
991 1801 1006 1817 ·
1046 1786 1177 1840 Ἐπί
1197 1787 1295 1857 μὲν
1326 1787 1437 1858 γὰρ
1468 1787 1542 1856 τῇ
1562 1788 1684 1857 ὶδιᾳ
1709 1790 1883 1855 ἐξου-

298 1873 405 1938 σίᾳ
432 1876 466 1926 ό
512 1873 719 1941 Πατὴρ
765 1874 934 1929 ἔθετο
962 1875 1106 1941 τοὺς
1133 1878 1414 1946 χρόνους.
1451 1880 1515 1931 Ei
1550 1879 1605 1932 δὲ
1639 1881 1667 1933 6
1694 1881 1888 1952 Πατὴρ

300 1966 360 2016 ἐν
414 1964 547 2034 Υἱῷ,
606 1966 699 2019 καὶ
752 1968 781 2019 6
832 1967 959 2030 Υίὸς
1011 1969 1069 2020 ἐν
1107 1969 1303 2040 Πατρὶ,
1342 1969 1449 2040 ἄρα
1478 1973 1539 2026 οὐ
1571 1971 1815 2026 λείπεται
1853 1975 1886 2045 ή

298 2055 518 2120 ἐξουσία
574 2056 635 2120 ἐξ
666 2056 797 2110 Υἱοῦ
828 2059 861 2127 ἡ
895 2059 954 2110 ἐν
1005 2057 1202 2129 Πατρί.
1260 2060 1520 2114 Λείπεται
1557 2062 1614 2115 δὲ
1640 2063 1748 2115 ἀπὸ
1780 2063 1889 2116 τῶν

299 2144 572 2214 ἀγγέλων,
621 2146 831 2199 κτιστοὶ
893 2145 1001 2217 γὰρ
1051 2146 1274 2216 ἄγγελοι
1318 2149 1411 2202 καὶ
1439 2149 1890 2220 ἀρχάγγελοικαὶ

298 2236 575 2308 δυνάμεις.
598 2238 788 2309 Πατὴρ
817 2238 874 2291 δὲ
901 2238 1178 2304 ἄκτιστος,
1207 2239 1335 2303 Υἱὸς
1367 2240 1642 2307 ἄκτιστος,
1666 2243 1889 2314 Πνεῦμα

299 2327 433 2380 Θεοῦ
458 2326 731 2383 άκτιστον.
763 2328 878 2383 Οὐκ
906 2329 1117 2383 οῐδασιν
1139 2326 1233 2384 οῦν
1266 2332 1315 2384 οἱ
1336 2331 1558 2401 ἄγγελοι
1586 2332 1711 2386 οῦτε
1743 2334 1888 2388 κατὰ

298 2419 522 2490 εἴδησιν,
552 2419 676 2474 οὔτε
706 2420 847 2474 κατά
864 2422 1087 2492 πρᾶξιν,
1116 2422 1215 2493 τὴν
1235 2422 1449 2494 ἡμέραν
1480 2426 1577 2477 καὶ
1600 2425 1702 2496 τὴν
1717 2424 1885 2496 ὥραν.

299 2511 415 2563 Οὐκ
460 2510 633 2564 οἴδασι
686 2512 796 2582 γὰρ
830 2512 959 2565 πότε
994 2511 1242 2582 βούλεται
1281 2515 1309 2566 6
1354 2514 1546 2585 Πατὴρ
1576 2515 1670 2568 καὶ
1698 2515 1727 2567 6
1763 2516 1891 2579 Υἱὸς

299 2603 395 2655 καὶ
414 2602 474 2655 τὸ
503 2602 656 2671 ἆγιον
714 2602 938 2675 Πνεῦμα
980 2605 1226 2672 ἐνεγκεῖν
1256 2604 1352 2675 τὴν
1380 2605 1611 2677 ἡμέραν.
1654 2607 1763 2661 Καὶ
1791 2608 1891 2659 οὐκ

298 2693 474 2749 οἴδασι
507 2696 649 2749 κατὰ
682 2695 883 2765 γνῶσιν
922 2696 1174 2767 πράξεως
1201 2712 1213 2725 °
1242 2695 1395 2751 οὔπω
1428 2696 1537 2768 γὰρ
1566 2699 1892 2768 ἐπετάχθη-

298 2802 421 2841 σαν
435 2787 724 2852 ἐξελθεῖν,
748 2789 848 2843 καὶ
877 2788 1248 2858 συναγαγεῖν
1264 2788 1445 2856 δίκην
1468 2787 1754 2854 ζὶζανίων,
1791 2790 1892 2844 καὶ

302 2880 488 2949 δῆσαι
531 2879 781 2951 δεσμὰς,
831 2882 912 2944 είς
957 2881 1019 2934 τὸ
1047 2881 1222 2934 καίειν
1264 2882 1400 2953 πυρὶ
1451 2881 1703 2953 ἀσόέστῳ
1740 2882 1879 2954 (22).

300 2971 467 3027 Οὔπω
485 2974 662 3027 τοίνυν
691 2973 810 3028 οὐδὲ
839 2972 1103 3045 ἔπραξαν,
1132 2974 1254 3027 οὐδὲ
1286 2974 1491 3028 οἴδασιν
1511 2990 1524 3004 ·
1555 2976 1584 3027 6
1614 2974 1671 3028 δὲ
1696 2975 1885 3047 Πατὴρ

298 3061 410 3120 οἶδε
456 3068 551 3121 καὶ
603 3066 875 3140 ἔπραξεν·
929 3069 958 3121 6
1012 3067 1068 3119 δὲ
1095 3067 1222 3130 Υἱὸς
1282 3063 1388 3119 οἶδε
1426 3068 1544 3138 μὲν,
1589 3068 1803 3121 οὐδέπω
1834 3069 1892 3122 δὲ

1989 1798 2174 1848 tamen
2214 1794 2323 1849 illis
2353 1795 2507 1850 deest
2536 1812 2551 1862 ;
2582 1812 2692 1851 non
2728 1800 2874 1853 enim
2901 1802 3123 1869 quando
3146 1804 3442 1857 constituta
3472 1805 3565 1861 illa

1990 1882 2175 1938 futura
2228 1886 2340 1940 sint
2385 1900 2768 1957 cognoscunt:
2807 1891 3079 1960 siquidem
3146 1893 3307 1947 Pater
3335 1895 3389 1946 in
3414 1901 3556 1961 pote-

1994 1988 2129 2032 state
2174 1992 2272 2031 sua
2321 1988 2551 2051 tempora
2597 1984 2768 2052 posuit
2832 1984 2872 2035 ⁸.
2918 1982 3055 2037 Cum
3097 1992 3278 2037 autem
3313 1982 3477 2037 Pater
3510 1985 3565 2038 in

1989 2067 2129 2122 Filio
2158 2068 2252 2133 sit,
2284 2076 2339 2123 et
2367 2068 2538 2124 Filius
2572 2073 2627 2125 in
2666 2070 2863 2138 Patre;
2895 2088 3017 2143 quae
3045 2074 3101 2126 in
3134 2074 3294 2129 Patre
3325 2082 3568 2143 potestas

1987 2167 2093 2224 est,
2122 2174 2186 2215 ea
2218 2175 2248 2213 a
2279 2159 2422 2215 Filio
2455 2162 2651 2218 abesse
2706 2178 2818 2216 non
2872 2171 3075 2234 potest.
3122 2166 3293 2220 Abest
3323 2167 3416 2221 illa
3443 2167 3571 2236 qui-

1988 2248 2111 2304 dem
2156 2250 2225 2305 ab
2267 2252 2499 2322 angelis,
2544 2253 2639 2323 qui
2685 2253 2911 2323 quidem
2942 2255 3112 2309 creati
3140 2263 3289 2320 sunt,
3323 2264 3459 2311 utet
3485 2272 3574 2310 ar-

1988 2342 2238 2413 changeli
2271 2358 2335 2397 ac
2369 2347 2622 2400 virtutes.
2680 2344 2846 2401 Pater
2899 2353 3082 2401 autem
3128 2348 3409 2403 increatus
3463 2358 3568 2416 est,

1989 2434 2267 2491 increatus
2310 2434 2502 2499 Filius,
2543 2436 2822 2493 increatus
2858 2436 3099 2509 Spiritus
3132 2447 3381 2496 sanctus.
3419 2441 3568 2507 Qua-

1992 2536 2217 2596 propter
2264 2527 2442 2596 angeli
2476 2527 2620 2582 diem
2650 2528 2802 2582 illam
2833 2539 2887 2583 et
2916 2529 3105 2583 horam
3137 2546 3315 2600 neque
3342 2532 3571 2586 scientia

1990 2631 2167 2686 neque
2200 2617 2418 2671 actione
2443 2630 2808 2687 cognoscunt.
2841 2618 3054 2690 Quippe
3082 2619 3429 2689 quandonam
3471 2619 3574 2675 Pa-

1993 2719 2076 2763 ter
2114 2720 2168 2763 et
2215 2707 2387 2765 Filius
2418 2724 2483 2763 ac
2516 2708 2760 2780 Spiritus
2789 2723 3016 2767 sanctus
3046 2712 3190 2767 diem
3227 2713 3377 2766 illam
3416 2713 3575 2767 indu-

1992 2815 2119 2855 cere
2152 2801 2344 2867 velint,
2380 2803 2636 2873 ignorant
2690 2803 2928 2872 penitus.
2977 2805 3047 2857 At
3101 2805 3337 2859 actionis
3382 2800 3574 2873 cogni-

1991 2893 2146 2949 tione
2194 2894 2369 2950 nihilo
2419 2895 2592 2965 magis
2640 2904 2886 2962 norunt;
2938 2911 3067 2949 nam
3124 2898 3367 2951 nondum
3423 2894 3574 2947 abire

1992 2980 2135 3055 justi
2185 2993 2327 3050 sunt,
2394 2995 2441 3039 et
2470 2987 2581 3041 lolii
2616 2989 2785 3043 instar
2823 2986 2991 3041 malus
3027 2985 3195 3054 legere
3226 2994 3273 3037 et
3308 2987 3361 3037 in
3410 2989 3572 3056 fasci-

1997 3082 2142 3136 culos
2163 3079 2426 3150 colligare,
2473 3082 2534 3129 ut
2575 3075 2909 3129 mexstineto
2939 3077 3062 3146 igne
3092 3083 3509 3130 concrementur
3528 3077 3568 3131 ¹.

300 3159 507 3231 ἔπραξε
528 3176 541 3188 ·
574 3158 854 3212 τουτέστιν
876 3174 888 3187 ⁸
929 3160 999 3212 El
1020 3158 1107 3229 μὴ
1145 3162 1178 3213 ὀ
1198 3158 1403 3227 Πατὴρ
1431 3160 1642 3228 μόνος,
1670 3159 1809 3213 οὔτε
1839 3162 1890 3214 οί

1998 3167 2234 3223 Proinde
2284 3182 2463 3237 neque
2514 3166 2763 3222 fecerunt
2804 3167 2989 3222 adhuc
3036 3167 3347 3238 quidpiam,
3403 3181 3578 3236 neque

300 3253 562 3322 ἄγγελοι,
592 3252 733 3307 οὔτε
764 3254 797 3306 ὁ
838 3252 991 3318 Υἱός.
1040 3253 1344 3324 Νοήσωμεν
1382 3252 1482 3323 τὴν
1517 3251 1749 3322 δύναμιν
1791 3252 1892 3323 τῆς

301 3343 547 3416 Γραφῆς,
574 3344 665 3421 γῖνα
715 3343 791 3416 μὴ
837 3344 1061 3415 γένηται
1102 3346 1238 3415 ἡμῖν
1263 3344 1325 3397 τὸ
1350 3343 1588 3415 γράμμα
1624 3342 1888 3405 Θάνατος·

309 3435 378 3490 T6
416 3434 651 3505 γράμμα
674 3436 805 3505 γὰρ,
833 3437 1024 3507 φησὶν,
1056 3437 1420 3502 ἀποκτείνει,
1468 3438 1536 3490 τὸ
1561 3435 1631 3489 δὲ
1657 3436 1895 3505 πνεῦμα

303 3526 592 3589 ζωοποιεῖ.
632 3528 904 3600 Δάόωμεν
930 3530 990 3583 τὸ
1037 3528 1275 3600 πνεῦμα,
1306 3529 1395 3582 ἵνα
1425 3527 1798 3599 ὼφεληθῶμεν
1823 3529 1888 3580 ἐκ

300 3617 396 3672 τοῦ
428 3620 773 3690 γράμματος.
806 3619 881 3671 Οὐ
902 3618 1138 3691 γράμμα
1169 3618 1503 3679 ἀποκτείνει,
1527 3619 1585 3671 ἐν
1608 3616 1687 3687 τῷ
1716 3617 1897 3687 γράμ-

307 3724 438 3779 ματι
476 3710 512 3780 ἡ
575 3710 686 3781 ζωή
705 3727 717 3739 ·
746 3709 1058 3763 ἀποκτείνει
1104 3709 1163 3762 δὲ
1196 3709 1288 3762 τὸν
1319 3708 1595 3772 ἀσυνέτως
1619 3708 1696 3779 τῷ
1720 3708 1897 3779 γράμ-

307 3816 437 3869 ματι
458 3801 918 3872 προσερχόμενον,
944 3801 1040 3854 καὶ
1058 3802 1132 3871 μὴ
1150 3800 1342 3871 ἔχοντα
1352 3800 1411 3853 τὸ
1424 3800 1630 3871 φράζον
1648 3800 1885 3869 πνεῦμα,

302 3892 365 3945 τὺ
391 3892 605 3959 ἀνοῖγον
630 3892 692 3943 τὸ
720 3891 975 3962 γράμμα,
1010 3893 1106 3946 καὶ
1124 3890 1521 3948 ¹ἀποκαλύπτων
1554 3891 1615 3945 τὸ
1638 3892 1696 3945 ἐν
1724 3890 1892 3961 αὐτῷ.

308 3985 497 4049 Οὕτως
525 3983 616 4039 οὖν
644 3988 673 4039 6
694 3985 884 4057 Πατὴρ
906 3988 935 4039 6
964 3985 1119 4054 ἆγιος
1148 3985 1240 4040 τὸν
1277 3986 1540 4057 μονογενῆ
1576 3984 1742 4039 αὑτοῦ
1766 3984 1896 4037 Υἱὸν

309 4079 536 4147 γνήσιον
582 4078 980 4148 γεγεννημένον
1035 4077 1096 4142 ἐξ
1124 4076 1311 4141 αὐτοῦ,
1343 4077 1437 4131 καὶ
1464 4076 1525 4129 τὸ
1546 4076 1700 4145 ἅγιον
1728 4074 1894 4127 αὐτοῦ

305 4168 534 4239 Πνεῦμα
556 4168 721 4222 ἔδωκε
745 4171 812 4241 τῇ
847 4170 981 4240 ἀγίᾳ
1002 4168 1167 4223 αὑτοῦ
1196 4168 1519 4238 Ἐκκλησία,
1555 4168 1613 4219 ἐν
1641 4166 1738 4237 μιᾷ
1756 4164 1897 4233 γνώ-

307 4278 391 4316 σει
419 4261 695 4334 ὁμονοίας,
721 4262 780 4315 ἐν
822 4262 903 4314 ἐνὶ
938 4261 1219 4331 συνδέσμῳ
1251 4259 1589 4329 τελειότητος
1612 4274 1626 4288 ο
1654 4259 1802 4321 ὅπως
1838 4256 1896 4307 ἐν

306 4354 531 4426 ὀνόματι
565 4355 778 4426 Πατρὸς
806 4355 1015 4407 τελείου
1040 4354 1135 4407 καὶ
1162 4351 1298 4406 Θεοῦ
1330 4352 1429 4424 τὴν
1448 4352 1720 4423 σφραγῖδα
1738 4367 1898 4422 κομι-

308 4444 552 4515 σώμεθα,
585 4444 679 4499 καὶ
726 4445 784 4497 ἐν
829 4444 1051 4515 ὀνόματι
1083 4444 1214 4497 Υίοῦ
1239 4443 1444 4497 τελείου
1479 4444 1573 4496 καὶ
1600 4440 1759 4505 Θεοῦ,
1799 4441 1894 4496 καὶ

1992 3269 2323 3333 cognorunt.
2367 3262 2530 3317 Pater
2558 3264 2710 3317 novit
2746 3270 2801 3317 et
2834 3262 3006 3327 fecit;
3043 3260 3217 3316 Filius
3260 3262 3435 3325 novit,
3483 3259 3577 3315 sed

1993 3352 2238 3407 nondum
2266 3353 2416 3407 fecit.
2451 3352 2628 3422 Atque
2655 3352 2759 3407 hoc
2785 3353 2948 3407 modo
2979 3352 3332 3423 accipiendus
3372 3359 3457 3406 est
3489 3350 3579 3403 ille

1992 3441 2148 3497 locus
2176 3459 2189 3495 :
2224 3440 2346 3494 Nisi
2373 3440 2538 3495 Pater
2558 3443 2725 3507 solus,
2759 3458 2921 3512 neque
2950 3443 3145 3512 angeli,
3189 3458 3348 3512 neque
3376 3440 3425 3493 F
3428 3441 3575 3496 ilius.

1992 3531 2175 3597 Quare
2222 3546 2508 3587 sacrarum
2556 3532 2869 3586 litterarum
2921 3533 3032 3586 vim
3080 3533 3471 3603 intelligamus,
3511 3549 3582 3588 ne

1997 3624 2161 3678 nobis
2222 3622 2279 3676 in
2342 3630 2574 3678 mortem
2646 3624 2828 3678 littera
2881 3624 2998 3693 ipsa
3050 3631 3298 3678 vertatur
3331 3643 3343 3677 :
3376 3623 3581 3680 Littera

1992 3714 2153 3778 enim,
2203 3715 2279 3768 ait
2324 3714 2639 3783 Apostolus,
2671 3715 2883 3779 occidit,
2919 3716 3137 3783 spiritus
3183 3727 3357 3769 autem
3406 3717 3578 3783 vivi/i-

1994 3816 2080 3860 cat
2101 3808 2142 3859 ³.
2200 3804 2551 3876 Excipiamus
2603 3806 2880 3877 spiritum,
2933 3815 3084 3861 utex
3120 3806 3298 3861 litteta
3343 3805 3579 3861 fructum

2001 3895 2241 3965 aliquem
2289 3908 2719 3962 consequamur.
2775 3892 3098 3961 Quanquam
3151 3908 3262 3947 non
3318 3892 3434 3963 ipsa
3487 3905 3583 3960 per

1996 4000 2120 4041 sese
2147 3984 2350 4063 occi_dit
2388 3984 2613 4050 littera;
2670 3983 2725 4037 in
2783 3998 2848 4037 ea
2894 3982 3097 4053 quippe
3141 3982 3248 4035 vita
3291 3981 3581 4045 consistit;

1996 4076 2093 4132 scd
2119 4090 2243 4130 eum
2268 4074 2535 4129 duntaxat
2562 4072 2786 4137 occidit,
2823 4071 2918 4140 qui
2951 4070 3020 4124 ad
3054 4071 3291 4123 litteram
3330 4068 3583 4137 imperite

1995 4176 2051 4223 et
2092 4181 2284 4237 parum
2328 4165 2604 4235 sapienter
2642 4162 2875 4226 accedit,
2929 4162 3022 4231 qui
3058 4162 3406 4229 eloquentem
3465 4158 3581 4226 spi-

1998 4257 2165 4312 ritum
2195 4269 2304 4309 non
2329 4254 2513 4319 habet,
2561 4267 2592 4306 a
2621 4266 2731 4322 quo
2761 4252 2939 4305 littera
2967 4249 3281 4305 declaratur
3342 4256 3397 4301 et
3422 4245 3584 4316 quid-

1998 4346 2131 4418 quid
2177 4346 2231 4399 in
2269 4359 2331 4401 ea
2368 4345 2500 4398 latet
2544 4343 2808 4413 aperitur.
2847 4340 2939 4396 Sic
2967 4342 3130 4411 igitur
3154 4347 3381 4394 sanctus
3418 4337 3582 4392 Pater

2000 4437 2226 4492 unicum
2262 4434 2460 4490 Filium
2495 4448 2656 4489 suum
2695 4448 2760 4487 ac
2797 4446 3120 4503 germanum
3152 4439 3206 4484 et.
3236 4444 3267 4483 a
3300 4444 3360 4483 se
3385 4442 3583 4497 proge-

306 4536 364 4588 ἐν
393 4509 647 4607 ’ὀνόματι
705 4509 1022 4605 Πνεύμαυτος
1059 4533 1204 4589 θείου
1232 4536 1327 4589 καὶ
1364 4535 1596 4598 τελείου,
1636 4533 1890 4603 λάϐωμεν

1997 4531 2205 4594 nitum,
2264 4542 2477 4583 necnon
2523 4534 2578 4582 et
2631 4524 2898 4596 Spiritum
2956 4529 3210 4579 sanctum
3264 4535 3426 4574 suum
3477 4516 3582 4572 Ec-

304 4627 404 4698 τὴν
433 4626 725 4697 σφραγῖδα.
774 4623 846 4679 Ὦ
892 4626 1063 4695 Τριὰς
1103 4626 1237 4694 ἁγία
1280 4624 1681 4696 ἀριθμουμένη,
1727 4622 1899 4694 Τριὰς

306 4720 363 4774 ἐν
400 4721 482 4774 ἐνὶ
511 4720 735 4791 ὀνόματι
777 4719 1183 4792 ἀριθμουμένηί
1231 4719 1304 4771 Οὐ
1340 4720 1451 4789 γὰρ
1491 4717 1709 4786 λέγεται
1741 4716 1889 4781 ἐνάς,

308 4815 399 4866 καὶ
460 4812 612 4877 δυάς,
672 4813 795 4867 οὐδέ
848 4812 1016 4883 μονὰς
1054 4814 1148 4867 καὶ
1194 4812 1394 4883 μονάςο
1428 4809 1587 4876 ἀλλὰ,
1632 4808 1800 4881 μονὰς
1834 4811 1893 4863 ἐν

307 4904 517 4974 Τριάδι,
540 4903 636 4958 καὶ
673 4904 717 4957 Τ
723 4903 843 4973 ριὰς
873 4903 932 4956 ἐν
963 4902 1172 4974 μονάδι,
1212 4900 1522 4973 μονοειδῶς,
1539 4896 1893 4972 μονωνύμως,

384 5083 543 5139 ³Δοι.
578 5098 621 5147 ι,
659 5082 710 5138 7.
786 5079 1019 5136 'Matth.
1056 5096 1178 5148 xm,
1209 5080 1299 5137 50.
1377 5080 1463 5136 ³11
1489 5081 1616 5138 Cor.
1650 5095 1735 5148 tu,
1770 5079 1825 5136 6.

312 5276 541 5331 naturae,
574 5271 671 5320 aut
703 5264 995 5334 humanae;
1046 5264 1142 5320 sed
1189 5262 1548 5334 οἰκονομικῶς
1581 5279 1639 5319 se
1662 5262 1901 5334 gessisse

312 5353 433 5389 cum
462 5352 521 5391 se
553 5338 769 5390 nescire
795 5332 955 5399 dixit,
980 5332 1419 5389 dissimulatione
1447 5332 1685 5403 quadarn
1711 5342 1892 5400 utens,

315 5408 468 5474 quasi
521 5421 581 5460 se
614 5420 802 5459 revera
854 5404 1067 5458 nescire
1116 5404 1380 5473 ﬁngeret;
1422 5405 1536 5459 sive
1579 5413 1639 5457 ut
1697 5403 1898 5474 adPa-

316 5483 473 5535 trem.
546 5491 575 5527 a
607 5491 717 5543 quo
774 5474 958 5528 omnia
1002 5483 1308 5542 acceperat,
1349 5474 1716 5544 cognitionem
1747 5473 1895 5527 illam

319 5544 717 5613 referretjuxta
747 5544 903 5606 illud,
933 5546 1185 5600 Doctrina
1200 5557 1313 5595 mea
1352 5561 1457 5598 non
1488 5554 1564 5597 est
1588 5559 1739 5606 mea;
1774 5544 1891 5598 sive

319 5623 376 5667 ut
407 5615 709 5684 discipulos
741 5616 809 5668 ab
843 5615 933 5667 illa
971 5614 1323 5684 inquisitione
1362 5616 1729 5684 absterreret;
1772 5613 1887 5684 sive

317 5684 462 5752 quod
510 5682 862 5738 nianifestare
895 5683 1153 5745 noluerit,
1194 5699 1316 5743 nec,
1349 5684 1499 5751 juxta
1532 5682 1589 5736 S.
1622 5683 1883 5750 Augusti-

322 5769 472 5818 num,
504 5752 683 5808 faccre
716 5763 773 5806 ut
805 5770 902 5809 nos
949 5754 1249 5813 sciremus;
1281 5752 1393 5807 sive
1436 5753 1580 5822 quod
1625 5752 1767 5805 inter
1792 5753 1885 5807 tle-

320 5824 563 5880 mandati
591 5823 696 5880 sibi
731 5840 759 5877 a
786 5823 944 5880 Patre
987 5822 1228 5879 muneris
1265 5822 1458 5891 ollicia,
1489 5822 1620 5879 illud
1650 5837 1757 5878 non
1800 5836 1880 5878 rc-

1995 4621 2179 4677 clesiae
2206 4626 2412 4673 sancta:
2446 4633 2583 4681 suae,
2614 4632 2739 4673 cum
2766 4631 2876 4670 una
2911 4615 3284 4684 concordique
3324 4611 3581 4679 scientia,

1996 4729 2218 4784 unoque
2261 4711 2623 4785 perfectionis
2674 4710 2896 4765 vinculo
2958 4710 3186 4781 largitus
3238 4717 3366 4774 est;
3426 4706 3581 4761 utin

1998 4809 2222 4862 nomine
2273 4804 2502 4876 perfecti
2545 4802 2728 4858 Patris
2778 4818 2847 4858 ac
2894 4802 2989 4856 Dei
3021 4801 3166 4857 velut
3213 4800 3396 4870 sigillo
3438 4813 3580 4868 quo-

1997 4900 2125 4956 dam
2162 4899 2546 4970 obsignemur,
2600 4903 2766 4968 atque
2812 4895 2982 4952 etiam
3012 4895 3067 4952 in
3102 4893 3325 4948 nomine
3352 4888 3582 4962 perfecti

2005 5261 2267 5333 periatur
2284 5260 2351 5333 de
2379 5257 2573 5328 judicii
2612 5256 2717 5333 _die
2751 5264 2804 5310 et
2832 5253 2975 5333 _h_ora
3003 5250 3327 5333 hominibqs
3352 5246 3585 5333 manife-

2006 5316 2230 5397 standa;
2254 5316 2518 5384 habemus
2538 5324 3117 5397 enimapudloannem
3144 5336 3245 5397 rut1
3261 5320 3349 5383 49,
3366 5316 3579 5397 Patrem

2003 5388 2320 5455 mandatum
2383 5399 2600 5453 dedisse
2656 5388 2796 5449 Filio
2838 5394 2970 5465 quid
3024 5390 3333 5465 hominibus
3377 5388 3583 5441 diceret

2004 5472 2204 5541 quidve
2232 5472 2563 5539 loqueretur.
2592 5466 2730 5541 _Vic_|_e
2753 5461 2933 5541 tanien
2963 5480 3030 5541 ne
3079 5461 3585 5541 dunrtalesisequ‘e:

2002 5531 2081 5597 ris
2099 5531 2410 5610 opiniones,
2444 5536 2937 5610 nlendacirvitium
2970 5534 3023 5586 in
3051 5531 3340 5610 sanctitate
3368 5537 3582 5610 summa

2002 5592 2298 5681 contingas.
2340 5592 2410 5662 ln'
2445 5606 2977 5681 AEpiphaniihporro
3028 5598 3315 5681 sententia
3367 5592 3577 5647 nullun:

1992 5672 2215 5737 omnino
2246 5678 2483 5734 occurrit
2513 5672 3171 5748 illiusmodi’periculum.‘
3244 5736 3256 5748 ι
3548 5730 3559 5741 ,

2067 5751 2179 5822 (9.2)
2223 5749 2541 5814 Ἀσϐἐστῳ,
2568 5740 2907 5812 iuexstincto,
2949 5742 3053 5796 hoc
3095 5744 3201 5805 est,
3238 5740 3585 5804 interstingui-

1996 5818 2113 5875 bili.
