4012 6210
444 356 515 416 59
1906 361 1962 417 S.
2004 360 2350 421 EPIPHANII
3631 360 3698 418 (‘0

445 475 564 532 FH?!
628 494 690 534 ac
751 479 882 546 Dei,
937 489 992 538 ct
1050 481 1105 538 in
1160 483 1383 539 nomine
1431 483 1598 540 divini
1655 481 1896 554 Spiritus
1949 498 2016 539 ac

2126 479 2201 548 εἷς
2249 484 2382 549 Θεὸς
2423 482 2614 555 Πατὴρ
2665 484 2722 538 ὲν
2767 482 2905 555 Υίῷ,
2948 481 3076 547 Υίδς
3115 483 3175 538 ὲν
3225 481 3398 554 Πατρὶ
3428 481 3527 537 σὺν
3557 483 3698 554 ἁγίῳ

445 568 692 638 perfecti.
761 572 806 627 0
861 582 1214 630 sacrosancta
1275 575 1516 632 Trinitas
1568 591 1634 629 eo
1703 574 1867 628 modo
1910 591 2016 630 nu.

2121 580 2420 650 Πνεύματι.

445 665 692 718 meratal
764 663 809 721 0
862 666 1106 723 Trinitas
1153 685 1261 724 uno
1313 669 1534 724 nomine
1585 670 2014 739 comprehensa!
2074 670 2195 728 Non
2236 673 2383 728 enim
2443 674 2626 730 unitas
2674 682 2730 730 et
2783 674 3032 730 binarius
3080 673 3135 727 in
3178 687 3243 728 ea
3308 673 3527 736 dicitur,
3586 671 3698 744 28

443 773 621 828 neque
666 762 843 819 unitas
904 773 960 819 et
1017 766 1200 820 unitas
1255 784 1269 819 :

1328 765 1425 820 sed
1490 763 1670 820 unitas
1728 765 1785 818 in
1829 763 2122 831 Trinitate,
2171 775 2226 823 et
2270 767 2516 826 Trinitas
2569 768 2627 823 in
2717 769 2967 834 unitate,
3027 765 3295 838 singulari
3349 765 3567 833 forma,
3639 775 3698 822 et

445 849 806 916 appellatione
847 855 1131 926 singulari,
1186 870 1327 909 unus
1373 853 1515 909 Deus
1558 853 1721 910 Pater
1750 856 1807 909 in
1853 854 2013 923 Filio,
2054 856 2230 914 Filius
2264 859 2320 913 in
2349 858 2515 914 Patre
2543 874 2669 914 cum
2704 867 2900 914 sancto
2925 857 3156 928 Spiritu.

513 936 702 994 XXIII.
758 943 1000 1014 Agedum
1055 942 1239 1012 profer
1314 943 1448 998 mihi
1509 945 1764 1000 veritatis
1815 954 2010 1011 testes,

444 1045 668 1099 pueros,
726 1032 971 1102 inquam,
1030 1034 1176 1096 illos,
1215 1033 1308 1104 qui
1349 1051 1379 1089 e
1409 1033 1741 1106 Babylonica
1797 1035 2021 1094 fornace

446 1123 662 1177 liberati
713 1133 865 1188 sunt,
914 1125 970 1177 in
1011 1125 1250 1180 medium
1295 1125 1576 1192 adducito,
1620 1128 1713 1198 qui
1754 1127 2018 1199 singulari

447 1213 540 1268 Dei
589 1215 850 1269 beneficio
901 1215 953 1268 in
997 1215 1177 1286 ignem
1230 1217 1504 1286 conjecti,
1554 1233 1664 1273 non
1708 1220 2016 1290 consumpti

445 1313 594 1357 sunt.
633 1304 820 1374 Neque
854 1322 984 1360 vero
1015 1308 1156 1376 ignis
1184 1307 1274 1362 ille
1307 1308 1608 1364 restinctus
1641 1317 1746 1375 est,
1778 1325 1845 1364 ne
1875 1325 2016 1364 novo

442 1398 678 1468 quodam
707 1400 944 1456 artificio
972 1399 1202 1455 flammae
1233 1401 1500 1457 restitisse
1533 1403 1880 1467 viderentur,
1921 1403 2017 1458 sed

445 1489 520 1542 ita
573 1499 632 1543 ut
684 1490 740 1543 in
795 1491 920 1560 igne
975 1505 1350 1556 versarentur,
1415 1493 1484 1548 al)
1531 1508 1598 1548 eo
1649 1501 1830 1547 tamen
1874 1492 2016 1547 haud

444 1579 868 1637 absumerentur
901 1601 914 1637 :
958 1584 1120 1654 idque
1153 1585 1223 1638 ob
1259 1587 1530 1639 sinceram
1568 1584 1782 1638 illorum
1817 1583 2014 1638 fidem:

2186 949 2315 1002 ΚΡ.
2345 950 2516 1003 Κάλει
2554 949 2611 1002 δέ
2644 966 2737 1020 μοι
2773 949 3058 1021 μάρτυρας
3099 949 3200 1018 τῆς
3231 947 3509 1018 ἀληθείας,
3541 948 3694 1002 κάλει

2121 1057 2210 1109 μοι
2243 1042 2367 1104 τοὺς
2389 1041 2584 1105 παῖδας
2625 1043 2753 1106 τοὺς
2793 1041 2901 1094 ἀπὸ
2926 1042 3026 1112 τῆς
3045 1041 3279 1111 καμίνου
3306 1041 3405 1110 τῆς
3438 1039 3694 1094 Βαϐυλω-

2118 1133 2237 1197 νίας
2267 1134 2558 1200 σωθέντας,
2575 1136 2702 1198 τοὺς
2733 1133 3166 1200 καταξιωθέντας
3185 1134 3242 1186 ὲν
3265 1133 3400 1204 πυρὶ⁴
3431 1131 3697 1203 καταϐλη-

2119 1223 2297 1294 οῆναι,
2333 1225 2406 1296 μὴ
2439 1225 2780 1296 ἀναλωθῆναι
2807 1225 2886 1292 δὲ,
2937 1225 2998 1277 οὐ
3033 1225 3224 1278 σϐέσαι
3254 1224 3314 1277 τὸ
3339 1224 3470 1294 πῦρ,
3505 1224 3592 1276 ἵνα
3619 1225 3693 1294 μὴ

2123 1315 2476 1387 ὑποληφθῶσι
2504 1317 2668 1370 καινὰ
2695 1317 2830 1387 ἔργα
2864 1315 3454 1387 ἀντιμηχανησάμενοι,
3489 1315 3605 1368 ἀλλ’
3636 1318 3694 1368 ὲν

2123 1407 2256 1477 πυρὶ
2313 1407 2410 1476 μὲν
2453 1402 2614 1470 εἶναι,
2655 1408 2714 1460 ὲν
2757 1407 2890 1477 πυρὶ
2920 1407 2975 1460 δὲ
3012 1407 3085 1479 μὴ
3119 1405 3462 1474 ἀναλωθῆναι
3491 1407 3578 1459 διὰ
3597 1405 3694 1476 τὴν

2123 1497 2286 1569 ὀρθὴν
2345 1499 2528 1552 πίστιν
2556 1499 2756 1565 αὐτῶν,
2794 1499 2888 1552 τοῦ
2919 1498 3052 1552 Θεοῦ
3079 1499 3144 1552 δι’
3172 1497 3351 1554 αὐτῶν
3379 1499 3525 1568 ἡμᾶς
3550 1497 3696 1550 διδά-

2127 1605 2366 1652 σκοντος,
2391 1591 2513 1643 τίνα
2536 1589 2632 1660 μέν
2650 1592 2765 1643 ἐστι
2794 1590 2862 1643 τὰ
2891 1589 3104 1653 κτιστὰ,
3130 1589 3249 1642 τίνα
3269 1589 3327 1642 δὲ
3354 1589 3424 1642 τὰ
3445 1589 3693 1655 ἄκτιστα,

444 1686 545 1741 per
575 1688 716 1742 quos
742 1673 940 1730 docere
984 1693 1086 1732 uos
1125 1676 1298 1731 voluit
1324 1675 1492 1742 Deus,
1527 1692 1776 1747 quamam
1809 1684 2016 1739 creata,

2126 1681 2242 1735 τίνα
2287 1682 2407 1735 ἐστὶ
2439 1682 2508 1736 τὰ
2551 1684 2771 1754 ποιητὰ,
2815 1683 2936 1737 τίνα
2961 1684 3030 1736 τὰ
3059 1681 3135 1753 μὴ
3159 1683 3447 1754 γενόμενα,
3481 1683 3601 1736 τίνα
3626 1683 3698 1736 τὰ

443 1780 694 1834 quamam
725 1767 966 1821 increata
990 1769 1190 1835 forent,
1236 1784 1359 1838 qua:
1379 1768 1542 1835 facta,
1592 1785 1714 1838 qua:
1741 1785 2020 1840 nunquam

447 1857 608 1923 facta,
666 1873 788 1928 quae
835 1861 1185 1929 sempiterna,
1247 1877 1370 1929 quae
1419 1875 1448 1914 a
1497 1861 1850 1930 sempiternis
1901 1861 2024 1916 istis

445 1951 730 2020 producta.
764 1952 843 2008 llli
874 1954 1038 2025 igitur
1070 1954 1136 2008 ab
1161 1955 1284 2023 igne
1315 1954 1514 2010 servati
1543 1955 1697 2024 pueri
1721 1965 1934 2025 gratum
1966 1955 2022 2009 in

443 2042 614 2098 Deum
651 2060 682 2099 a
713 2060 822 2114 quo
849 2048 1047 2100 servati
1103 2045 1342 2110 fuerant,
1388 2053 1444 2100 et
1492 2046 1546 2100 in
1581 2061 1741 2115 quem
1773 2046 1840 2102 ab
1864 2045 2024 2101 initio

440 2145 821 2204 speraverant,
863 2137 1106 2192 animum
1137 2152 1202 2191 ac
1248 2153 1472 2193 sensum
1521 2137 1803 2194 testificari
1833 2138 2022 2194 volue-

443 2235 595 2291 runt,
631 2244 730 2282 nec
761 2228 1101 2293 haesitarunt,
1156 2244 1334 2298 neque
1383 2228 1652 2286 cervicem
1705 2228 2017 2292 simulacro,

443 2318 529 2372 vel
561 2319 706 2388 regis
749 2319 989 2374 audaciae
1029 2335 1092 2374 ac
1133 2321 1412 2390 tyrannidi,
1457 2319 1746 2375 flexerunt.
1787 2320 1863 2376 Ac
1893 2335 2019 2376 cum

445 2409 623 2464 laudis
667 2410 873 2480 aliquld
930 2411 1040 2466 Deo
1088 2412 1328 2467 tribuere
1395 2419 1524 2466 sunt
1568 2412 1836 2482 aggressi,
1903 2427 2025 2482 pro-

447 2499 615 2555 funda
665 2516 897 2572 quaeque
945 2502 1121 2558 sancti
1179 2503 1418 2573 Spiritus
1465 2503 1648 2558 afllatu
1695 2504 1751 2558 in
1788 2504 1897 2558 imo
1926 2519 2024 2573 pe-

441 2600 598 2647 ctore
630 2594 860 2648 scrutati
909 2601 1037 2650 sunt
1121 2595 1379 2650 homines
1439 2593 1598 2664 longe
1650 2593 2018 2650 sanctissimi:

443 2685 538 2754 qui
564 2686 823 2755 praeclare
853 2686 986 2740 illud
1017 2687 1205 2741 animo
1239 2702 1339 2742 suo
1368 2686 1699 2757 cogitaram,
1732 2685 1932 2742 ctelum
1958 2699 2023 2740 ac

443 2793 787 2848 quaecunque
821 2781 962 2834 cmlo
1011 2780 1386 2844 continentur,
1433 2785 1486 2833 et
1537 2786 1760 2845 terram,
1813 2777 2024 2834 omnia-

449 2886 556 2938 que
586 2887 707 2940 quae
733 2871 876 2926 infra
909 2880 1111 2926 terram
1151 2879 1304 2935 sunt,
1349 2885 1413 2925 ac
1435 2883 1774 2941 quacunque
1801 2868 2021 2923 demum
2049 2905 2094 2965 ο

447 2963 662 3034 uspiam
711 2971 860 3026 sunt,
913 2961 1076 3033 digna
1124 2978 1234 3019 non
1278 2977 1423 3028 esse,
1469 2977 1590 3032 qua:
1638 2960 1749 3016 Deo
1778 2961 2021 3017 muneris

447 3055 621 3110 instar
649 3055 970 3111 offerantur.
1016 3051 1136 3108 Non
1172 3054 1318 3108 enim
1358 3069 1423 3110 ea
1471 3068 1594 3123 quae
1627 3053 1824 3124 seipsis
1850 3053 2022 3108 subli-

446 3148 622 3202 miora
666 3133 826 3213 sunt,
847 3146 1044 3202 offerre
1083 3154 1359 3217 poterant,
1390 3159 1515 3200 cum
1547 3152 1602 3200 et
1635 3160 1734 3215 pro
1755 3143 2023 3214 dignitate

444 3247 502 3294 et
549 3255 648 3309 pro
691 3238 953 3293 facultate
985 3253 1085 3292 sua
1119 3237 1296 3294 solum
1327 3236 1582 3292 laudibus
1625 3234 1791 3290 Deum
1833 3235 2024 3305 praedi-

446 3345 576 3384 care
625 3345 688 3383 ac
739 3330 1018 3384 celebrare
1059 3329 1279 3385 vellent.
1332 3327 1446 3382 Hoc
1484 3327 1631 3382 enim
1663 3335 1749 3381 est
1777 3325 1924 3397 quod
1965 3326 2022 3382 in

447 3421 664 3477 Psalmo
683 3421 884 3497 dicitur
913 3439 928 3476 :
961 3421 1275 3491 Sacriﬁcate
1303 3420 1624 3489 sacriﬁcium
1650 3419 1826 3476 laudis
1857 3421 1897 3484 ¹;
1933 3428 2018 3473 ct:

445 3511 788 3582 Sacri/icium
838 3512 1011 3568 laudis
1059 3511 1427 3581 Itonoriﬁcabit
1485 3527 1566 3565 me
1598 3513 1640 3564 ³.
1735 3509 1876 3580 Ergo
1943 3511 2022 3564 illi

448 3601 618 3658 Vetus
679 3603 1088 3660 Testamentum
1132 3606 1186 3660 in
1227 3604 1434 3659 Novum
1482 3612 1904 3668 commutantes,
1968 3613 2024 3661 et

447 3695 628 3750 afflatu
665 3698 842 3752 sancti
903 3695 1142 3767 Spiritus
1195 3696 1462 3761 instincti,
1515 3695 1652 3750 nihil
1708 3697 2021 3752 animalium

447 3783 715 3838 sacrificia
756 3786 840 3838 vel
893 3784 1215 3839 holocausta
1251 3783 1634 3853 requirebant;
1663 3784 1737 3838 ita
1765 3785 1910 3840 enim
1952 3784 2026 3839 lo-

436 3880 734 3943 .quuntur:
778 3873 903 3929 Non
933 3885 1008 3930 est
1039 3876 1182 3930 locus
1231 3874 1597 3943 sacriﬁcandi,
1641 3891 1802 3945 neque
1825 3875 2022 3941 hostia,

447 3981 610 4033 neque
655 3967 1081 4035 altare’:quod
1125 3966 1378 4020 universa
1418 3966 1791 4052 reliquissent.
1841 3967 2024 4032 Quare

438 4073 573 4112 cum
615 4059 889 4129 ejusmodi
936 4060 1153 4114 laudem
1190 4059 1386 4114 offerre
1412 4060 1633 4122 vellent,
1667 4060 1817 4113 nullo
1843 4059 1909 4113 ad
1940 4069 2024 4114 te-

447 4150 712 4205 nuitatem
770 4165 927 4206 suam
984 4160 1238 4222 respectu
1293 4150 1514 4216 habito,
1573 4163 1788 4205 summa
1841 4157 2026 4204 tamen

2123 1774 2208 1826 ἀεὶ
2264 1774 2412 1837 ὄντα,
2445 1774 2564 1850 τίνα
2594 1775 2652 1828 δὲ
2681 1775 2751 1827 τὰ
2795 1775 2855 1840 ἐξ
2893 1774 3071 1828 αὐτῶν
3126 1775 3258 1828 ὄντα
3301 1777 3586 1845 γενόμενα.
3632 1775 3695 1828 Oi

2123 1865 2354 1918 τοιοῦτοι
2401 1866 2664 1930 σωθέντες
2696 1867 2882 1929 παῖδες
2912 1865 3182 1938 ἠθέλησαν
3215 1866 3532 1936 εὐχάριστον
3564 1867 3700 1921 ἀπο-

2123 1956 2288 2022 δεῖξαι
2316 1956 2542 2029 γνώμην
2577 1959 2658 2022 είς
2686 1958 2775 2011 τὸν
2809 1957 2941 2010 Θεὸν
2979 1956 3227 2011 σώσαντα
3257 1959 3482 2020 αὐτοὺς.
3523 1959 3603 2021 είς
3641 1958 3701 2012 ὃν

2123 2047 2380 2117 ἁπαρχῆς
2429 2047 2688 2116 ἦλπισαν,
2733 2047 2829 2100 καὶ
2863 2047 2966 2102 οὐκ
2991 2047 3298 2110 ἐδίστασαν,
3345 2049 3448 2102 οὐκ
3487 2048 3702 2103 έκλιναν

2122 2137 2327 2207 αὐχένα
2365 2137 2554 2202 είκόνι,
2617 2138 2712 2192 καὶ
2745 2137 2936 2208 θράσει
2975 2138 3238 2208 βασιλέως
3269 2139 3365 2194 καὶ
3405 2141 3700 2211 τυραννίδι.

2122 2228 2233 2280 Καὶ
2262 2229 2350 2280 ὅτε
2376 2227 2647 2298 ἠθέλησαν
2672 2247 2726 2282 τι
2757 2230 3049 2300 ἀπονεῖμαι
3071 2230 3210 2301 Θεῷ,
3242 2232 3704 2303 ἁνερευνήσαντες

2122 2318 2192 2372 τὰ
2229 2319 2370 2389 βάθη
2413 2319 2494 2390 τῷ
2541 2321 2681 2391 ἁγίῳ
2723 2321 3000 2391 Πνεύματι
3052 2323 3111 2376 ἐν
3155 2325 3223 2394 τῇ
3276 2323 3502 2395 καρδίᾳ,
3556 2325 3702 2392 ἆγιοι

2121 2409 2296 2475 ὄντες,
2326 2409 2700 2481 διανοηθέντες
2720 2427 2781 2464 τε
2823 2409 2915 2465 τὸν
2953 2411 3184 2482 οὐρανὸν
3217 2413 3311 2466 καὶ
3342 2415 3521 2469 πάντα
3549 2414 3618 2467 τὰ
3647 2415 3704 2467 ὲν

2123 2500 2295 2572 αὐτῷ,
2322 2501 2496 2573 τήντε
2524 2502 2629 2572 γῆν
2664 2503 2758 2557 καὶ
2781 2504 2958 2558 πάντα
2977 2503 3046 2558 τὰ
3077 2505 3170 2557 ὑπ’
3191 2504 3380 2576 αὐτὴν,
3408 2506 3502 2559 καὶ
3528 2507 3706 2560 πάντα

2123 2595 2224 2650 ὅσα
2257 2595 2393 2662 ἐστὶ,
2423 2595 2495 2668 μὴ
2519 2596 2644 2660 ἄξια
2676 2591 2814 2651 εἶναι
2850 2597 2928 2661 είς
2961 2598 3280 2670 προσφορὰν
3307 2597 3426 2669 Θεῷ
3449 2615 3708 2670 προσενε-

2123 2686 2317 2758 χθῆναι
2352 2686 2496 2756 (οὔτε
2517 2687 2625 2760 γὰρ
2648 2683 2793 2759 εἶχον
2823 2686 3073 2754 ἐξουσίαν
3091 2690 3161 2742 τὰ
3185 2689 3324 2761 ὑπὲρ
3347 2691 3571 2753 ἑαυτοὺς
3585 2689 3706 2761 Θεῷ

2123 2777 2473 2848 προσφέρειν)
2519 2779 2613 2832 καὶ
2659 2778 2803 2833 κατὰ
2836 2779 2934 2850 τὴν
2975 2779 3133 2846 ἀξίαν
3170 2781 3268 2851 μὲν
3302 2781 3396 2834 καὶ
3434 2781 3574 2835 κατὰ
3606 2783 3705 2853 τὴν

2125 2867 2374 2933 ἐξουσίαν
2424 2870 2673 2934 θέλοντες
2735 2871 2896 2941 μόνον
2953 2871 3144 2942 ὕμνοις
3180 2873 3369 2943 ὑμνεῖν
3414 2873 3506 2927 τὸν
3550 2874 3704 2928 Θεόν.

2127 2959 2298 3013 Τοῦτο
2325 2961 2434 3032 γάρ
2488 2963 2605 3014 ἐστι
2646 2962 2706 3015 τὸ
2765 2961 3178 3033 γεγραμμένον’
3219 2963 3450 3018 Θύσατε
3485 2965 3710 3018 θυσίαν

2126 3054 2438 3122 αἰνέσεωςο
2483 3057 2596 3119 καὶ,
2632 3058 2825 3112 Θυσία
2861 3057 3148 3122 αἰνέσεως
3175 3056 3420 3121 δοξάσει
3446 3074 3542 3126 με.
3566 3058 3707 3129 ’Ἤδη

2127 3146 2236 3217 γὰρ
2267 3147 2660 3217 μεταϐαλόντες
2691 3148 2790 3219 τὴν
2811 3147 3051 3202 Παλαιὰν
3091 3149 3172 3210 εἰς
3190 3147 3400 3217 Καινὴν
3423 3147 3704 3216 Διαθήκην

2127 3235 2408 3306 Πνεύματι
2431 3237 2570 3306 ἁγίῳ
2591 3237 3034 3305 ὑπονυττόμενοι,
3064 3240 3125 3288 οὑ
3156 3235 3311 3298 ζώων
3342 3235 3552 3300 θυσίαν,
3583 3236 3708 3290 οὐδὲ

2126 3328 2592 3398 ὁλοκαυτωμάτων
2645 3330 2831 3398 χρείαν
2879 3326 3125 3396 ἔχοντεςο
3185 3329 3316 3395 φασὶ
3385 3328 3530 3398 γάρ’
3585 3329 3709 3380 Οὐκ

2128 3421 2257 3475 ἔστι
2289 3421 2472 3486 τόπος
2492 3419 2598 3474 τοῦ
2627 3418 2961 3487 καρπῶσαι,
2995 3417 3138 3473 οὐδέ
3172 3418 3374 3482 θυσία,
3420 3418 3562 3472 οὐδὲ
3606 3422 3709 3473 θυ-

2128 3511 2503 3581 σιαστήριον,
2534 3511 2608 3575 ὡς
2629 3511 2736 3564 τῶν
2753 3511 2969 3564 πάντων
3003 3509 3460 3582 περιλειφθέντων
3494 3511 3515 3542 ⁸
3542 3527 3555 3540 ⁸
3587 3510 3710 3580 βου-

2128 3603 2343 3673 λόμενοι
2399 3602 2456 3654 δὲ
2505 3602 2605 3673 τὴν
2646 3600 2902 3672 τοιαύτην
2948 3600 3154 3654 αἴγεσιν
3199 3601 3562 3674 προσφέρειν,
3613 3602 3710 3655 καὶ

2130 3697 2389 3757 ἐάσαντες
2429 3694 2528 3765 τὴν
2569 3693 2776 3746 ἑαυτῶν
2827 3693 3199 3764 σμικρότητα,
3267 3694 3710 3766 ταπεινοφρόνως

2130 3787 2405 3857 φέρονται.
2435 3785 2562 3852 Πᾶς
2592 3785 2701 3854 γὰρ
2741 3789 2773 3839 ὀ
2802 3785 2978 3854 ὑψῶν
3005 3786 3224 3840 ἑαυτὸν
3269 3787 3708 3852 ταπεινωθήσε-
3743 3847 3746 3852 _

2129 3893 2224 3930 ται
2248 3893 2262 3907 ·
2311 3880 2344 3930 ό
2391 3876 2460 3929 δὲ
2507 3875 2805 3932 ταπεινῶν
2849 3875 3066 3930 ἑαυτὸν
3113 3876 3516 3944 ὑψωθήσεται.
3554 3876 3712 3930 Μετὰ

2130 3967 2222 4020 τοῦ
2275 3967 2613 4038 χαρίσματος
2657 3968 2756 4038 τῆς
2793 3966 2961 4021 αὐτοῦ
3019 3967 3313 4038 σωτηρίας,
3368 3966 3710 4036 λαμϐάνουσι

2131 4059 2226 4112 καὶ
2279 4057 2482 4129 ταύτην
2528 4058 2626 4130 τὴν
2679 4058 2888 4129 δωρεὰν
2920 4059 3018 4130 τῆς
3058 4057 3575 4128 ταπεινοφροσύνης,
3616 4059 3711 4111 καὶ

2133 4147 2411 4218 βούλονται
2451 4148 2542 4202 τὸν
2597 4144 2745 4202 αἶνον
2782 4147 2902 4219 Θεῷ
2948 4147 3299 4220 προσφέρειν,
3327 4147 3422 4200 καὶ⁹
3449 4147 3524 4218 μὴ
3543 4149 3712 4201 ὲκκα-

438 4257 576 4297 .cum
623 4244 707 4298 sui
760 4243 1097 4299 demissione
1143 4244 1363 4299 divinas
1404 4245 1463 4298 in
1507 4241 1697 4298 laudes
1728 4241 2022 4297 feruntur:

2131 4243 2267 4306 κεῖν,
2297 4239 2393 4294 καὶ
2441 4241 2670 4303 ἑαυτοὺς
2703 4239 2815 4311 (25)
2845 4240 3252 4310 δοκιμάσαντας
3300 4239 3437 4309 πρὸς
3483 4241 3583 4309 τὴν
3613 4239 3708 4294 τοῦ

451 4333 638 4387 Omnis
663 4335 801 4386 enim
850 4335 940 4401 qui
977 4350 1030 4386 se
1070 4335 1296 4398 exultat,
1341 4335 1748 4398 humiliabitur;
1787 4341 1838 4387 et
1862 4335 2023 4402 quise

2129 4332 2266 4386 Θεοῦ
2320 4334 2558 4403 ἄρρητον
2611 4331 2943 4400 δοξολογίαν,
2979 4329 3190 4394 ἀξιοῦσι
3255 4330 3711 4402 συμπαραλαϐεἶν

448 4423 718 4486 humiliat,
775 4423 1104 4477 exaltabitur
1126 4424 1168 4477 ’⁵.
1224 4423 1339 4478 lloc
1388 4425 1566 4493 ipsum
1613 4425 1938 4478 humilitatis
1963 4439 2023 4477 ac

2134 4422 2252 4492 μεθ’
2280 4423 2488 4475 ἑαυτῶν
2516 4423 2612 4491 τὴν
2663 4421 2839 4474 κτίσιν
2860 4423 2939 4484 είς
2976 4419 3306 4489 δοξολογίαν,
3332 4422 3425 4476 καὶ
3453 4421 3710 4492 ἄρχονται

451 4514 731 4569 modesti:e
768 4515 972 4569 donum
1008 4529 1132 4570 cum
1167 4516 1362 4572 salutis
1391 4531 1506 4571 sua)
1540 4515 1807 4570 beneﬁcio
1837 4530 2023 4571 conse«

2129 4513 2329 4581 λέγειν,
2354 4512 2829 4583 συμπεριληφότες
2862 4515 3042 4566 πᾶσαν
3070 4513 3169 4582 τὴν
3199 4514 3433 4584 ποίησιν.

448 4608 584 4670 cuti,
622 4605 788 4661 Deum
833 4606 1087 4663 laudibus
1119 4607 1400 4677 prosequi,
1451 4621 1627 4676 neque
1667 4607 1914 4675 ingratos
1985 4619 2047 4659 se
2123 4604 2368 4674 praebere
2426 4601 2700 4658 student:
2736 4617 2974 4672 cumque
3033 4618 3092 4657 se
3138 4602 3206 4656 ad
3268 4601 3708 4672 inexplicabilem

450 4703 596 4756 illam
634 4702 726 4757 Dei
770 4702 997 4774 gloriam
1044 4704 1425 4759 celebrandam
1450 4708 1881 4772 comparassent,
1923 4699 1991 4754 ad
2033 4699 2438 4770 przedicationis
2467 4699 2615 4754 illius
2645 4698 3087 4752 communionem
3132 4706 3440 4751 creaturam
3487 4709 3706 4750 omnem

442 4798 742 4860 advocant,
767 4805 822 4852 et
853 4797 1128 4868 adjunctis
1172 4799 1276 4854 sibi
1327 4799 1560 4868 opificiis
1609 4797 1865 4852 omnibus
1897 4810 2095 4853 canere
2127 4797 2443 4852 instituunt.

523 4893 634 4963 29
653 4892 841 4948 XXIV.
867 4894 1038 4949 Porro
1067 4910 1232 4965 opera
1262 4895 1330 4949 ab
1363 4894 1576 4964 opifice,
1601 4902 1655 4947 et
1683 4902 1965 4947 creaturas
1995 4907 2023 4946 a

2197 4895 2321 4947 KA'.
2343 4891 2616 4952 Διελόντες
2640 4888 2696 4942 δὲ
2721 4888 2790 4941 τὰ
2811 4889 3090 4958 ποιήματα
3114 4886 3222 4939 ἀπὸ
3239 4885 3332 4939 τοῦ
3360 4886 3707 4956 ποιήσαντος,

441 4994 700 5041 creatore
732 4987 1113 5043 discernentes
1151 4987 1295 5041 hunc
1326 4987 1380 5040 in
1412 4985 1634 5040 modum
1659 4985 1827 5040 locuti
1862 4993 2016 5042 sunt:

2126 4987 2219 5039 καὶ
2251 4983 2321 5037 τὰ
2348 4983 2540 5037 κτιστὰ
2567 4983 2676 5036 ἀπὸ
2701 4981 2795 5033 τοῦ
2825 4981 3128 5044 κτίσαντος,
3163 4978 3328 5046 φασί·
3359 4975 3704 5046 Εὐλογεῖτε,

449 5077 771 5142 Benedicite,
805 5079 983 5131 omnia
1015 5095 1173 5147 opera
1201 5077 1436 5138 Domini,
1483 5076 1706 5130 Domino
1735 5077 1778 5130 ⁵.
1828 5075 2023 5130 Omnia

2126 5077 2324 5130 πάντα
2367 5077 2439 5130 τὰ
2505 5075 2649 5144 ἔργα
2728 5073 2986 5140 Κυρίου,
3034 5070 3142 5123 τὸν
3202 5071 3440 5137 Κύριον.
3499 5069 3702 5122 Πάντα

445 5171 734 5232 dixerunt,
798 5187 978 5239 neque
1023 5170 1323 5241 quidquam
1375 5169 1742 5238 reliquerunt.
1802 5167 1909 5222 Sed
1969 5177 2023 5222 ut

2126 5167 2298 5236 εἷπον,
2327 5171 2478 5225 οὐδὲν
2511 5169 2820 5222 κατέλιπον.
2849 5167 2965 5218 ’Ίνα
3003 5164 3059 5216 δὲ
3103 5164 3164 5216 τὸ
3208 5163 3434 5234 Πνεῦμα
3459 5163 3518 5216 τὸ
3553 5163 3708 5230 ἅγιον

449 5260 694 5334 Spiritus
721 5271 948 5320 sanctus
985 5263 1244 5335 perfectae
1286 5263 1527 5320 scientia:
1557 5262 1879 5318 informarct
1908 5277 2023 5332 spe-

2126 5259 2508 5332 χαρακτηρίσῃ
2534 5259 2632 5328 τὴν
2655 5256 2864 5309 τελείαν
2889 5253 3112 5323 γνῶσιν,
3141 5256 3222 5317 εἰς
3248 5253 3308 5306 τὸ
3333 5253 3526 5306 εἰδέναι
3556 5254 3708 5305 ποίον

529 5423 545 5454 ¹
575 5421 720 5478 Psal.
772 5437 882 5487 CVI,
910 5420 1002 5478 22.

450 5493 787 5566 ληφθέντων.

2245 5420 2268 5450 ι
2303 5419 2433 5473 Luc.
2487 5431 2642 5478 xvm,
2676 5414 2762 5469 14.
2874 5413 2895 5445 ⁵
2931 5413 3064 5467 Dan.
3093 5427 3173 5476 ιη,
3205 5411 3292 5466 57.
3371 5411 3391 5440 ⁸
3420 5407 3545 5462 For.
3574 5408 3706 5480 πυρὶ

1108 5420 1294 5479 'Psal.
1331 5439 1478 5489 ιιικ,
1510 5421 1602 5476 95.
1718 5422 1738 5453 ³
1778 5420 1910 5475 Dan.
1942 5435 2024 5488 ιιι,
2056 5419 2146 5475 '58.

527 5649 639 5716 (‘23)
672 5649 778 5702 Kal
824 5649 1098 5714 ἑαυτούς,
1131 5658 1238 5705 etc.
1297 5647 1465 5702 Recte
1506 5645 1834 5701 Thomasius
1855 5642 2035 5716 _hujns
2141 5643 2225 5716 ria
2255 5649 2301 5692 rt
2333 5639 2610 5716 majestate
2635 5645 3052 5704 Comparassent,
3090 5632 3156 5688 ad
3203 5630 3603 5700 prsctlicati-Jnis
3636 5630 3700 5684 Ξί-

455 5713 564 5776 ioci
610 5719 859 5775 Latinam
891 5713 1095 5776 Petavii
1133 5717 1646 5789 interpretationem
1672 5713 1984 5789 DfllClttlIlVl!
2019 5731 2030 5764 :
2142 5713 2248 5766 lius
2287 5713 2749 5773 communionem,
2781 5716 2883 5762 etc.

453 5791 547 5846 illa
572 5791 714 5846 enim
747 5792 843 5857 ait,
878 5808 1094 5862 rumque
1125 5807 1242 5845 cum
1280 5782 1647 5857 inexplicabili
1684 5785 1779 5838 illa
1811 5783 1904 5836 Dei
1921 5782 2032 5853 glo-
