4012 6210
248 424 311 481 σι
1662 418 2103 477 ANCORATUS.
3438 416 3510 471 θ’).

251 538 311 592 τὸ
342 538 498 591 Θεῖον
517 576 533 602 ,
570 537 695 590 ποῖα
724 536 779 589 δὲ
806 534 872 589 τὰ
901 535 1007 588 ὑπὸ
1042 533 1138 589 τοῦ
1166 532 1302 588 Θεοῦ
1330 535 1615 605 γενόμενα,
1648 534 1733 587 ῖνα
1759 535 1832 605 μὴ

1952 539 2103 597 ciem,
2145 540 2203 589 ut
2233 534 2358 603 quis
2404 534 2546 589 Deus
2574 536 2742 596 esset,
2778 543 2964 600 quaeve
2991 543 3021 583 a
3052 528 3164 586 Deo
3193 530 3358 595 facta,
3392 545 3514 601 ραι·-

255 628 614 700 συμμίξωμεν
641 627 715 697 τῷ
738 628 895 698 ἀϊδίῳ
924 628 993 680 τὰ
1025 628 1085 692 ἐξ
1114 628 1214 680 οῦκ
1239 627 1407 681 ὄντων
1436 627 1722 697 γενόμενα,
1744 628 1833 680 ἵνα

254 718 330 790 μὴ
379 717 736 787 ἀπολέσωμεν
781 716 990 769 ἑαυτῶν
1033 717 1131 785 τὴν
1172 716 1448 778 διάνοιαν,
1495 715 1715 786 ἀριθμῷ
1765 714 1835 768 τὰ

252 810 429 864 πάντα
450 810 775 879 συνήγαγον.
795 807 1173 862 Ἀπεκάλυπτε
1191 808 1299 879 γὰρ
1322 808 1505 871 αὐτοῖς
1524 807 1585 859 τὸ
1609 806 1833 877 Πνεῦμα

250 902 311 954 τὸ
343 901 517 970 ἆγιον,
540 902 619 964 ὡς
646 900 1065 968 καταξιωθεῖσιν
1093 900 1208 969 ἃμα
1237 899 1491 967 ἀγγέλοις
1522 895 1681 963 εἶναι,
1711 917 1834 952 συν-

253 993 474 1056 διαίτοις
502 992 814 1061 γενομένοις
847 990 1096 1059 ἀγγέλων
1117 989 1187 1043 τὰ
1214 990 1270 1042 ὲν
1293 991 1540 1061 οὐρανοῖς
1560 991 1653 1042 καὶ
1679 990 1748 1043 τὰ
1776 992 1831 1043 ὲν

251 1087 316 1155 τῇ
347 1087 455 1154 γῇ,
505 1085 599 1137 καί
637 1083 705 1136 τά
745 1083 1003 1136 ὑποκάτω
1046 1081 1143 1155 τῆς
1178 1082 1313 1151 γῆς·
1371 1083 1464 1133 καὶ
1506 1080 1691 1134 λοιπὸν
1734 1080 1834 1133 οὑκ

250 1174 497 1243 ἠγνόουν.
540 1172 648 1225 Καί
691 1189 858 1241 φασιν
881 1171 930 1223 ot
959 1169 1115 1224 αὐτοὶ
1153 1169 1296 1238 ἆγιοι
1333 1171 1555 1231 παῖδες,
1596 1169 1671 1231 ὠς
1698 1186 1834 1239 προ-

252 1269 403 1318 εῖπον
421 1280 435 1292 ⁶
468 1263 810 1332 Εὐλογεῖτε,
829 1262 1027 1316 πάντα
1050 1262 1123 1316 τὰ
1152 1262 1296 1331 ἔργα
1327 1261 1434 1314 τοῦ
1458 1260 1703 1329 Κυρίου,
1729 1260 1836 1312 τὸν

254 1358 489 1425 Κύρων.
519 1357 627 1409 Καὶ
655 1356 920 1426 ἄρχονται
955 1356 1207 1426 ἀριθμεῖν
1234 1372 1293 1408 τε
1327 1354 1421 1408 κα)⁸
1453 1354 1680 1424 διαιρεῖν
1708 1356 1835 1405 ποῖα

253 1447 319 1501 τὰ
343 1446 501 1519 ἔργα,
528 1448 657 1500 ποῖα
680 1445 750 1500 τὰ
779 1446 1103 1516 ποιήσαντα,
1137 1447 1267 1499 ποῖα
1288 1443 1358 1498 τὰ
1380 1444 1678 1515 ποιήματα,
1708 1444 1837 1495 ποῖα

253 1540 321 1595 τά
370 1540 743 1611 ἐργαζόμενα,
796 1542 926 1595 ποῖα
955 1540 1013 1594 δὲ
1046 1541 1117 1595 τὰ
1160 1537 1528 1608 ὲργασθέντα·
1580 1538 1675 1590 καὶ
1714 1537 1837 1608 ἀρι-

256 1630 485 1702 θμοῦσιν
518 1632 764 1702 οὐρανὸν,
789 1634 915 1702 γῆν,
935 1630 1103 1687 ὕδατα
1130 1631 1316 1685 ἐπάνω
1338 1629 1429 1683 τοῦ
1453 1628 1707 1701 οὐρανοῦ,
1734 1629 1829 1683 καὶ

257 1722 541 1790 ἀγγέλους,
584 1723 793 1776 κτιστοὶ
838 1721 947 1793 γὰρ
984 1724 1033 1774 οί
1075 1721 1327 1790 ἄγγελοι·
1363 1720 1458 1775 καὶ
1489 1720 1713 1791 θρόνους
1742 1720 1838 1772 καὶ

256 1813 532 1885 δυνάμεις,
554 1814 749 1868 κτιστά
774 1812 885 1885 γάρ
911 1812 1087 1867 ταῦτα
1108 1828 1123 1845 ο
1151 1813 1327 1883 ἥλιον,
1357 1813 1607 1883 σελήνην,
1636 1813 1838 1883 ποιητά

258 1901 387 1973 γὰρ,
411 1903 512 1956 οῦκ
546 1902 809 1956 ἄκτιστα·
841 1902 976 1972 νέφη
1019 1903 1113 1956 καὶ
1144 1902 1415 1972 νιφετοὺς,
1447 1901 1702 1972 ἀνέμους,
1735 1901 1839 1971 χιό-
1870 1886 1910 1941 Β

255 2011 375 2057 νας,
420 1993 741 2064 ἀστραπὰς,
797 1992 1058 2062 βροντὰς,
1109 1994 1233 2062 γῆν,
1288 1992 1584 2057 Θάλασσαν,
1632 1992 1839 2062 πηγὰς,

255 2085 550 2148 ἀϐύσσους,
590 2084 897 2153 ποταμοὺς,
930 2086 1109 2137 πᾶσαν
1143 2082 1558 2154 ἀνθρωπότητα,
1590 2082 1712 2152 ὅρη,
1746 2098 1843 2133 πε-

255 2178 409 2231 τεινά
440 2176 692 2247 οὐρανοῦ,
730 2178 898 2247 κτήνη
933 2176 1027 2228 καὶ
1057 2175 1192 2237 ζῶα,
1238 2174 1419 2244 ψυχὰς
1457 2174 1642 2237 ὁσίων,
1676 2173 1841 2225 πνεύο

260 2286 407 2339 ματα
440 2268 695 2330 δικαίων,
758 2267 1026 2331 Ἀνανίαν,
1072 2266 1358 2332 Ἅζαρίαν,
1391 2264 1625 2335 Μισαὴλ,
1678 2265 1842 2334 ἱερεῖς

260 2362 354 2415 κα)⁵
383 2359 600 2423 δούλους
623 2358 759 2413 Θεοῦ
781 2377 794 2390 σ
822 2359 999 2413 πάντα
1026 2359 1134 2429 γὰρ
1164 2357 1338 2411 ταῦτα
1370 2357 1568 2427 ποιητά
1604 2358 1719 2408 ἐστι
1748 2356 1843 2408 καὶ

259 2453 482 2515 κτιστά,
531 2451 636 2504 ὑπὸ
667 2449 802 2503 Θεοῦ
834 2450 1098 2518 γεγονότα
1126 2449 1215 2502 διά
1256 2447 1352 2501 τοῦ
1396 2448 1570 2515 Λόγου
1619 2447 1715 2499 καὶ
1746 2445 1841 2498 τοῦ

256 2546 417 2613 ἁγίου
458 2542 809 2615 Πνεῦματοςο
845 2540 930 2606 Τῷ
971 2541 1079 2609 γὰρ
1112 2540 1280 2609 Λόγῳ
1316 2540 1541 2607 Κυρίου
1581 2542 1633 2592 οὶ
1667 2540 1843 2606 oivpa-

256 2637 352 2691 νοὶ
382 2632 854 2702 ἐστερεώθησαν,
886 2631 986 2686 καί
1013 2630 1092 2696 τῷ
1119 2632 1422 2699 Πνεύματι
1461 2632 1568 2684 τοῦ
1615 2632 1841 2699 στόμα-

260 2744 360 2792 τος
392 2724 579 2779 αὐτοῦ
612 2722 783 2777 πᾶσα
814 2722 852 2789 ἠ
887 2720 1141 2789 δύναμις
1173 2718 1394 2773 αὐτῶν.
1430 2720 1570 2790 Ὅρα
1602 2718 1679 2782 δὲ,
1709 2720 1845 2787 ἀγα-

260 2817 399 2887 mra
444 2814 679 2883 ἀδελφὲ,
724 2813 843 2877 πῶς
876 2812 945 2866 τὰ
990 2812 1167 2866 πάντα
1209 2810 1522 2883 ἠρίθμησαν
1567 2811 1846 2881 Πνεῦματι

260 2908 400 2979 ἁγίῳ
448 2907 773 2977 φερόμενοι,
822 2904 917 2958 καὶ
964 2904 1065 2958 οὑκ
1103 2904 1418 2974 ἠρίθμησαν
1468 2903 1595 2956 Υἱὺν
1642 2905 1701 2955 ὲν
1731 2905 1847 2967 τοῖς

260 3001 562 3070 ποιήμασιν
582 3037 597 3061 ,
650 2996 765 3050 ἀλλ’
812 2994 936 3049 οὔτε
968 2994 1123 3063 ἆγιον
1153 2993 1376 3064 Πνεῦμα
1399 3010 1412 3024 ·
1443 2994 1558 3047 ἀλλ’
1604 2993 1848 3063 ἔγνωσαν

261 3089 359 3161 τὴν
394 3089 563 3161 αὐτὴν
589 3089 832 3159 Θεότητα
866 3083 1006 3141 εἶναι
1049 3088 1108 3139 ὲν
1142 3085 1358 3156 Τριάδι,
1410 3085 1505 3139 καὶ
1551 3085 1649 3156 τὴν
1680 3085 1850 3155 αὐτὴν

263 3181 472 3253 Τριάδα
521 3183 579 3235 ὲν
625 3181 725 3251 μιᾷ
776 3179 1031 3248 Θεότητι·
1078 3179 1171 3233 καὶ
1218 3176 1475 3241 ἐδόξασαν
1523 3178 1744 3248 Πατέρα
1792 3181 1849 3231 ὲν

404 3313 422 3334 ,
456 3271 552 3325 καὶ
596 3242 722 3324 ilbi:
758 3270 816 3323 ὲν
849 3242 1026 3340 Πατρὶ
1074 3269 1169 3321 σὺν
1200 3266 1343 3337 ἁγίῳ
1370 3242 1685 3337 Πνεύματι,
1716 3269 1845 3337 μίαν
1876 3242 1919 3357 (Ξ

265 3360 574 3429 ἀγιαστίαν,
613 3359 741 3429 μίαν
776 3357 1051 3428 λατρείαν,
1081 3355 1208 3427 μίαν
1230 3355 1491 3426 Θεότητα,
1531 3358 1659 3428 μίαν
1686 3357 1835 3424 δοξο-

265 3452 473 3521 λογίαν.

1938 631 2187 697 SpiClltlm
2216 626 2378 689 foret,
2426 641 2493 679 ne
2534 640 2657 679 cum
2696 632 2903 677 aeterno
2938 623 3029 677 illo
3060 637 3122 676 ea
3160 623 3515 692 permiscere-

1936 737 2060 775 mus
2101 734 2223 789 qua:
2252 734 2283 773 e
2312 717 2486 772 nihilo
2539 716 2683 769 facta
2740 725 2887 780 sunt,
2944 730 3007 769 ac
3041 732 3107 768 ne
3148 715 3516 783 intelligentia:

1938 821 2141 867 nostra:
2186 810 2486 881 perniciem
2522 807 2867 872 ali‘erremus,
2904 822 3132 860 numero
3163 807 3342 859 omnia
3368 822 3516 860 eom-

1937 904 2079 973 plexi
2114 910 2263 956 sunt.
2319 900 2527 954 Etenim
2576 898 2820 967 Spiritus
2862 908 3084 953 sanctus
3120 899 3223 961 bis,
3263 898 3357 967 qui
3389 912 3516 951 cutn

1937 994 2143 1064 angelis
2184 992 2393 1046 versari
2431 999 2594 1060 atque
2648 989 2835 1043 eorum
2869 994 3122 1042 convictu
3164 989 3269 1043 frui
3304 1005 3517 1043 merue-

1936 1093 2079 1150 rant,
2120 1099 2241 1153 quae
2277 1085 2330 1137 in
2365 1084 2503 1138 cmlo
2565 1094 2825 1151 terraque
2861 1092 2914 1136 et
2946 1082 3086 1134 intra
3140 1090 3341 1134 terram
3390 1091 3519 1135 sunt

1934 1178 2117 1231 omnia
2142 1176 2501 1246 patefecerat:
2522 1175 2655 1228 adeo
2676 1181 2733 1225 ut
2749 1174 2883 1226 nihil
2903 1173 3159 1240 deinceps
3182 1172 3514 1239 ignorarent.

1937 1270 2125 1339 Itaque
2148 1270 2322 1323 sancti
2351 1268 2425 1320 illi
2452 1267 2608 1337 pueri
2640 1267 2785 1319 hunc
2814 1266 2868 1319 in
2900 1264 3144 1328 modum,
3169 1266 3248 1316 uti
3275 1264 3411 1328 dixi,
3435 1280 3520 1316 ea-

1937 1377 2068 1416 nere
2096 1362 2338 1431 aggressi
2368 1366 2524 1415 sunt:
2545 1358 2867 1419 Benedicite,
2898 1357 3075 1409 omnia
3098 1371 3253 1423 opera
3283 1353 3535 1417 Domini,

1940 1453 2186 1509 Domino.
2210 1451 2413 1506 Deinde
2438 1456 2731 1505 numerare
2762 1465 2825 1503 ae
2855 1448 3197 1517 distinguere
3224 1446 3518 1515 incipiunt,

1938 1560 2185 1617 quaenam
2212 1557 2376 1613 opera
2394 1542 2527 1605 sint,
2550 1542 2712 1610 quive
2729 1555 2952 1609 operum
2979 1548 3254 1602 auctores,
3273 1552 3519 1607 quaenam

1940 1637 2176 1707 opitioia,
2207 1635 2302 1703 qui
2329 1633 2575 1703 opifices,
2599 1648 2849 1702 quamam
2879 1630 3115 1699 denique
3142 1628 3425 1681 fabricata.
3446 1625 3524 1679 lta

1940 1731 2017 1783 illi
2050 1732 2273 1791 caelum,
2307 1733 2509 1780 terram
2538 1765 2553 1789 ,
2588 1738 2757 1793 aquas
2796 1736 2916 1791 qua)
2944 1735 3108 1789 supra
3142 1720 3340 1773 cmlum
3374 1726 3522 1778 sunt,

1941 1821 2275 1891 angelosque
2301 1822 2757 1879 commemorant,
2794 1814 2886 1884 qui
2923 1821 2975 1867 et
3007 1812 3111 1882 ipsi
3147 1810 3316 1864 creati
3349 1815 3477 1869 sunt
3508 1826 3522 1861 :

1941 1910 2067 1963 inde
2100 1909 2330 1961 thronos
2356 1914 2411 1961 et
2438 1906 2690 1967 virtutes,
2726 1918 2845 1972 quae
2876 1901 3017 1955 Deus
3040 1899 3266 1970 perinde
3285 1912 3525 1968 procrea-

1940 2001 2055 2062 vit;
2088 1998 2259 2051 solem
2286 1997 2567 2065 deinceps,
2592 2008 2653 2045 ac
2687 1994 2893 2053 lunam,
2922 1990 3063 2042 facta
3095 1988 3299 2047 omnia,
3330 1999 3429 2037 nec
3453 1985 3525 2035 in-

1941 2100 2126 2146 creata
2149 2109 2160 2142 :
2185 2089 2251 2143 ad
2286 2088 2399 2141 htec
2430 2087 2628 2148 nubes,
2668 2084 2919 2144 nebulas,
2947 2087 3159 2143 ventos,
3202 2079 3378 2140 nives,
3418 2074 3533 2128 ful-

1942 2193 2097 2248 gura,
2122 2176 2389 2241 tonitrua,
2424 2182 2649 2237 terram,
2692 2187 2859 2234 mare,
2894 2171 3094 2232 fontes,
3129 2168 3379 2237 abyssos,
3414 2165 3519 2219 llu-

1941 2271 2082 2333 vios,
2116 2284 2287 2339 genus
2316 2268 2597 2323 hominum
2631 2280 2811 2330 omne,
2836 2272 3072 2325 montes,
3098 2260 3347 2315 volucres
3372 2260 3523 2323 coeli,

1946 2375 2145 2433 pecora
2178 2367 2233 2412 et
2261 2359 2543 2421 animalia,
2587 2366 2906 2412 sanctorum
2968 2354 3201 2416 animas,
3255 2351 3531 2421 justorum

1950 2454 2200 2524 spiritus,
2235 2451 2529 2512 Ananiam,
2562 2447 2836 2509 Azariam,
2862 2444 3169 2508 Misaelcm;
3206 2441 3521 2496 sacerdotes

1947 2545 2182 2614 denique
2254 2543 2459 2612 Deique
2514 2555 2723 2595 servos.
2775 2536 2909 2591 Nam
2958 2536 3075 2589 haec
3128 2534 3312 2588 omnia
3390 2531 3533 2584 facta

1955 2645 2353 2706 procreataque
2412 2641 2572 2696 sunt,
2630 2647 2693 2685 ac
2747 2646 2844 2700 per
2885 2628 3122 2683 Verbum
3171 2633 3225 2680 et
3265 2622 3531 2693 Spiritum

1946 2737 2200 2784 sanctum
2244 2742 2275 2781 a
2318 2726 2429 2781 Deo
2492 2724 2753 2795 producta
2783 2741 2796 2775 :
2826 2721 3027 2791 quippe
3090 2718 3257 2772 Verbo
3315 2715 3533 2769 Domini

1952 2821 2070 2874 crrli
2128 2819 2333 2888 ﬁrmati
2378 2828 2522 2881 sunt,
2560 2824 2607 2869 et
2636 2815 2839 2883 Spiritu
2867 2813 2973 2865 oris
3014 2811 3127 2880 ejus
3153 2809 3324 2863 omnis
3356 2808 3524 2860 virtus

1952 2910 2169 2964 illorum
2207 2910 2247 2962 ¹.
2298 2907 2490 2970 Vides,
2540 2906 2709 2959 frater
2760 2903 3127 2964 charissime,
3179 2896 3535 2969 quemadmo-

1959 3002 2090 3056 dum
2140 3001 2215 3054 illi
2277 3000 2452 3054 sancti
2522 2997 2760 3068 Spiritus
2813 2996 3115 3056 instinctu,
3168 3007 3293 3046 cum
3343 2990 3528 3044 omnia

1956 3098 2470 3155 commemorarent,
2519 3091 2657 3143 inter
2695 3104 2759 3143 ea
2801 3103 2922 3158 qua}
2956 3086 3097 3139 facta
3132 3093 3279 3145 sunt,
3315 3096 3523 3151 nequa-

1951 3201 2113 3256 quam
2138 3184 2480 3239 numerarint
2510 3181 2709 3235 Filium
2748 3195 2923 3249 neque
2952 3176 3216 3247 Spiritum
3257 3178 3530 3233 sanctum,

1952 3275 2047 3333 sed
2088 3277 2228 3330 hanc
2271 3276 2443 3345 ipsam
2494 3272 2837 3326 Divinilatem
2883 3284 3008 3325 esse
3049 3269 3103 3322 in
3154 3266 3441 3330 Trinitate,
3483 3269 3538 3317 et

1955 3369 2096 3422 hanc
2164 3368 2336 3437 ipsam
2385 3365 2707 3419 Trinitatem
2769 3362 2823 3417 in
2882 3378 2986 3415 una
3058 3359 3351 3413 Divinitate
3413 3368 3539 3411 esse

1965 3456 2340 3527 cognoverint,
2376 3463 2539 3524 atque
2580 3454 2659 3507 uti
2689 3452 2905 3507 Patrem
2941 3454 2995 3505 in
3044 3449 3204 3513 Filio,
3242 3456 3295 3502 et
3338 3446 3537 3499 Filium

266 3542 321 3600 in
365 3543 526 3600 Patre
569 3559 693 3599 cum
745 3542 949 3613 Spiritu
994 3550 1186 3599 sancto
1226 3543 1641 3610 celebraverint,
1700 3549 2046 3608 sanctitatem
2090 3568 2277 3619 unam,
2331 3567 2498 3606 unum
2542 3548 2903 3613 adorandum,
2939 3547 3286 3601 Divinitatem
3344 3556 3534 3607 unam,

269 3650 544 3707 unamque
572 3634 825 3706 gloriam.

338 3729 467 3785 κει.
518 3726 664 3779 Αλλὰ
692 3725 909 3788 πάντως
942 3724 1037 3779 καὶ
1068 3723 1225 3778 τοῦτο
1253 3724 1425 3795 τολμᾷ
1445 3726 1473 3778 ὁ
1494 3725 1739 3790 διάϐολος
1767 3745 1855 3781 κι-

268 3817 377 3870 νεῖν
391 3817 449 3869 ὲν
464 3819 576 3881 τοῖς
587 3815 684 3869 ἀνθ
690 3814 1177 3887 ρώποις,ἀπιστίας
1192 3816 1284 3868 τολ
1292 3833 1366 3887 μη
1374 3817 1495 3888 ρίαν
1512 3819 1854 3889 καταψεύσαο

272 3901 393 3955 σθαι
434 3900 543 3955 τῶν
606 3899 777 3967 ἁγίων
830 3899 1035 3952 παίδων
1077 3900 1274 3954 πλάσαι
1334 3902 1427 3954 καὶ⁹
1481 3905 1690 3957 εἰπεῖν’
1734 3906 1850 3959 Οὐκ

269 3994 487 4065 ⁴ᾔδεισαν
507 3993 677 4044 εἰπεῖν
710 3991 881 4061 ὄνομα
908 3991 1064 4057 ἀγίου
1094 3991 1434 4061 Πνεῦματος,
1478 3994 1716 4047 Ἰουδαῖοι
1743 3996 1852 4067 γὰρ

269 4080 442 4155 ἦσαν,
468 4083 563 4137 καὶ
596 4082 713 4136 οὐδὲ
754 4083 882 4135 Υίὸν
911 4083 1161 4153 ᾔδεισαν,
1197 4083 1440 4136 Ἰουδαῖοι
1466 4083 1637 4148 ὄντες.
1677 4088 1853 4149 Εὐθὺς

270 4177 325 4230 δὲ
357 4178 409 4228 οἱ
438 4175 587 4243 λόγοι
620 4173 901 4243 ἐλέγχουσι
946 4173 1055 4226 τῶν
1108 4173 1416 4237 κακοδόξων
1442 4176 1540 4245 τὴν
1569 4177 1849 4233 ἀπιστίαν.

269 4267 406 4336 Φησὶ
435 4264 544 4337 γάρ
563 4282 576 4295 ·
604 4264 713 4318 Καὶ
736 4261 817 4335 ἦν
854 4263 916 4317 τὸ
947 4264 1275 4330 πρόσωπον
1305 4262 1412 4316 τοῦ
1442 4266 1746 4334 τετάρτου,
1774 4268 1854 4331 ὠς

271 4361 593 4427 πρόσωπον
632 4357 765 4411 Υίοῦ
805 4356 988 4411 Θεοῦ’
1030 4356 1137 4409 ίδοὺ
1162 4356 1333 4427 ὄνομα
1368 4358 1497 4411 Υίοῦ
1534 4359 1669 4412 Θεοῦ
1698 4354 1840 4425 (24).

270 4449 378 4521 ἄρα
413 4448 513 4501 οῦκ
551 4447 695 4501 ἔστιν
743 4447 935 4516 ἄγνοια
984 4448 1113 4519 περὶ¹
1160 4448 1374 4503 τούτου.
1436 4450 1544 4504 Καὶ
1592 4450 1700 4521 πρὸ
1757 4450 1853 4503 τοῦ

2033 3723 2201 3778 XXV.
2253 3722 2447 3778 Verum
2504 3723 2593 3777 hic
2633 3722 2799 3777 etiam
2844 3720 3093 3775 nonnihil
3126 3720 3307 3774 moliri
3347 3721 3538 3774 turba-

1958 3832 2080 3871 rum
2115 3831 2178 3869 ac
2212 3816 2489 3869 concitare
2524 3816 2839 3868 mortalium
2879 3814 3063 3883 generi
3088 3813 3340 3866 diabolus
3372 3828 3541 3869 ausus

1958 3915 2066 3973 est,
2090 3915 2254 3977 atque
2313 3906 2656 3961 inﬁdelitatis
2716 3906 3077 3959 temeritatem
3136 3905 3276 3959 falso
3329 3906 3541 3960 sanctis

1958 4002 2069 4057 illis
2121 3998 2307 4070 pueris
2366 3999 2664 4063 ascribere,
2717 4013 2781 4051 ac
2836 4012 2932 4066 per
2982 4011 3257 4051 summum
3316 3998 3543 4050 menda-

1956 4091 2105 4145 cium
2158 4092 2262 4146 ista
2306 4089 2517 4157 jactare
2558 4110 2569 4142 ;
2603 4087 2794 4140 Sancti
2839 4086 3098 4154 Spiritus,
3129 4086 3237 4155 30
3264 4086 3539 4153 inquiunt,

1956 4196 2159 4235 nomen
2202 4180 2560 4248 pronuntiare
2604 4177 2943 4241 nesciebant,
2994 4185 3182 4245 utpote
3228 4175 3437 4241 Judaei;
3478 4192 3542 4230 ac

1956 4265 2130 4321 nihilo
2177 4266 2351 4335 magis
2386 4264 2610 4328 Filium,
2644 4264 2792 4333 quod
2820 4264 2992 4319 Judzei
3025 4272 3233 4331 essent,
3267 4279 3542 4334 cognove-

1958 4363 2102 4411 rant.
2138 4354 2246 4411 Sed
2294 4356 2592 4411 inlidelium
2645 4358 2875 4412 istorum
2925 4357 3207 4427 perﬁdiam
3245 4362 3381 4412 satis
3424 4358 3542 4427 ipsa

1962 4446 2259 4518 Scriptura:
2307 4451 2472 4505 verba
2521 4461 2874 4518 coarguunt:
2909 4451 3064 4517 Erat,
3126 4452 3324 4521 inquit,
3362 4452 3549 4521 quarti-

270 4543 462 4613 χρόνου
498 4538 593 4594 τοῦ
634 4539 735 4611 τῆς
760 4539 993 4609 καμίνου
1016 4580 1031 4604 ,
1077 4540 1158 4594 ὅτι
1190 4540 1435 4614 ἐπλήσθη
1461 4542 1660 4613 Δανιὴλ
1683 4542 1848 4596 Πνεῦ-

1958 4539 2144 4607 facies,
2184 4549 2440 4610 tanquam
2481 4542 2645 4609 facies
2697 4541 2831 4594 Filii
2885 4542 2979 4595 Dei
3006 4545 3048 4596 ².
3108 4541 3251 4596 Ecce
3289 4542 3384 4596 tibi
3418 4540 3550 4597 Filii.

275 4650 439 4705 ματος
467 4630 642 4700 ἁγίου,
674 4632 766 4684 καὶ
795 4627 916 4685 εἶπε
938 4650 950 4661 ·
988 4632 1257 4700 Καθαρός
1300 4633 1416 4702 ἐγὼ
1460 4635 1577 4688 ἀπὸ
1626 4635 1732 4687 τοῦ
1771 4638 1853 4689 αἴ-

268 4739 454 4792 ματος
486 4717 698 4789 αὐτῆς,
729 4720 823 4772 καὶ
849 4718 1189 4790 ἐπέστρεψαν
1213 4720 1293 4783 εἰς
1323 4720 1383 4773 τὸ
1408 4722 1686 4791 κριτήριον
1708 4738 1721 4751 ·
1759 4720 1853 4773 καὶ

272 4816 452 4888 ἔκρινε
476 4816 600 4877 τοὺς
635 4812 1036 4886 πρεσϐυτέρους
1070 4813 1350 4885 Πνεῦματι
1395 4812 1534 4882 ἁγίῳ
1585 4814 1856 4885 ἐμφορού-

277 4920 465 4975 μενος’
509 4902 618 4973 ἄρα
653 4897 745 4956 οὖν
778 4902 996 4973 ᾔδεισαν
1029 4902 1118 4956 τὸν
1168 4903 1317 4965 Υἱὸν,
1363 4904 1456 4956 καὶ
1496 4903 1715 4972 ᾔδεισαν
1762 4906 1855 4956 τὸν

275 4996 491 5068 Πατέρα
556 4994 652 5049 καὶ
710 4994 772 5048 τὸ
824 4994 1051 5066 Πνεῦμα
1104 4994 1166 5049 τὸ
1218 4995 1411 5064 ἆγιον·
1447 4996 1561 5066 (23)
1606 4998 1702 5050 καὶ
1754 4998 1855 5051 οὐκ

380 5152 396 5183 ³
422 5150 569 5206 Psal.
604 5124 695 5213 32,
730 5150 779 5205 6.
860 5153 881 5181 ²
908 5149 1043 5203 Dan.
1076 5166 1154 5211 tn,
1183 5149 1275 5203 ‘25.
1379 5148 1399 5179 ³
1423 5148 1557 5203 Dan.
1587 5165 1707 5208 xm.
1736 5151 1824 5204 46.

349 5263 461 5335 (24)
503 5260 719 5315 Rursus
749 5257 962 5335 _eo_loei
996 5258 1321 5335 emendatur
1356 5256 1733 5325 interpretatio
1768 5255 1868 5309 Pe-

278 5328 454 5397 tavii,
497 5347 619 5401 quae
655 5328 811 5401 mala
845 5328 1285 5395 intcrpunctione
1335 5336 1493 5401 utens
1529 5342 1714 5401 verum
1756 5342 1863 5401 non

279 5396 591 5473 assequitur
642 5399 816 5455 Graeci
871 5406 1053 5473 tentus
1098 5412 1340 5473 sensum.
1407 5397 1529 5457 Ait,
1583 5396 1725 5473 ΔΙξσιγξ
1768 5398 1864 5473 lilii

282 5466 435 5529 Filii-
459 5473 550 5525 Dei
589 5486 776 5525 nomen
816 5484 835 5523 :
879 5467 1113 5533 adeoque
1152 5484 1241 5520 nec
1270 5469 1544 5534 ignoratus
1576 5468 1667 5519 ille
1699 5466 1863 5534 fuerit

278 5548 439 5599 etiam
471 5552 593 5595 ante
631 5542 902 5610 fornacem
934 5537 1108 5610 illam,
1134 5553 1251 5588 cum
1280 5538 1533 5610 scriptum
1561 5536 1858 5610 δίε-μανύε-

283 5618 377 5667 lein
427 5606 641 5679 Spiritu
666 5621 849 5665 sancto
898 5607 1147 5675 repletum
1194 5606 1571 5662 exclamasse:
1622 5606 1855 5659 Mundus

279 5700 370 5755 ego
404 5698 545 5755 sum“,
578 5691 701 5755 etc._
846 5750 865 5755 Α
1054 5746 1066 5755 _
1201 5742 1255 5755 ᾗ,

352 5754 465 5823 (25)
492 5751 610 5823 Qui
639 5750 705 5803 ad
729 5746 1165 5805 conﬁrmandum
1201 5742 1320 5823 Filii
1351 5760 1413 5823 ac
1443 5746 1682 5815 Spiritus
1707 5762 1852 5823 san-

288 5815 369 5881 ου’
393 5815 732 5878 divinitatem
780 5824 1135 5891 argumento,
1171 5816 1316 5887 quod
1369 5815 1420 5868 in
1465 5818 1721 5886 pra-senti
1759 5833 1849 5869 ex-

1961 4631 2053 4687 Dei
2107 4648 2346 4701 nomen;
2398 4633 2643 4703 adeoque
2713 4648 2815 4688 nec
2870 4634 3150 4703 ignoratus
3211 4635 3301 4689 ille
3355 4633 3536 4688 fuerit.

1963 4722 2137 4777 Etiam
2170 4734 2297 4780 ante
2326 4724 2605 4779 fornacem
2653 4726 2801 4778 illam
2850 4725 3040 4778 Daniel
3094 4725 3301 4793 Spiritu
3349 4734 3543 4778 sancto

1964 4815 2201 4884 repletus
2236 4817 2609 4871 exclamavit:
2642 4816 2876 4871 Mundus
2928 4834 3020 4887 ego
3072 4834 3190 4871 sum
3222 4835 3254 4869 a
3290 4817 3553 4886 sanguine

1964 4908 2110 4965 illius
2132 4910 2172 4962 ³.
2210 4908 2279 4961 Et
2310 4909 2518 4963 reversi
2549 4918 2677 4963 sunt
2723 4909 2790 4963 ad
2830 4909 3098 4979 judicium
3130 4928 3142 4963 :
3174 4909 3551 4978 judicavitque

1965 5001 2234 5066 seniores,
2268 5002 2579 5072 impeilente
2608 5003 2813 5072 Spiritu
2849 5012 3059 5059 sancto.
3086 5003 3321 5058 Proinde
3344 5002 3551 5058 Filium

1972 5258 2124 5329 ponit
2156 5258 2509 5329 Epiphanius,
2540 5259 2614 5313 uti
2657 5258 2818 5320 velit,
2852 5258 2899 5313 is
2938 5272 3165 5313 necesse
3200 5264 3320 5329 est,
3350 5273 3549 5329 quein-

1970 5328 2260 5381 adinodnm
2292 5332 2578 5385 manifeste
2622 5338 2790 5397 patet,
2825 5341 2882 5382 ut
2916 5330 3165 5382 admittat
3198 5328 3407 5383 Veteris
3441 5328 3549 5383 Te-

1968 5400 2224 5452 stamenti
2274 5402 2610 5467 patriarchas
2641 5409 2693 5452 et
2728 5400 3040 5468 prophetas,
3104 5400 3249 5454 viros
3289 5399 3545 5451 doctrina

1964 5478 2018 5522 et
2058 5471 2257 5536 pietate
2292 5472 2345 5521 in
2376 5470 2542 5522 Deum
2590 5472 2883 5531 clariores,
2930 5485 3069 5538 quos
3102 5471 3243 5522 inter
3272 5477 3439 5538 certe,
3462 5468 3542 5519 lo-

1966 5554 2089 5592 cum
2142 5540 2388 5610 habuere
2430 5539 2706 5610 Babylonii
2754 5541 2901 5607 pueri
2928 5537 3233 5610 {notitiam
3281 5537 3547 5590 habuisse

1966 5610 2327 5664 sanctissimw
2350 5609 2651 5663 Tl‘lll.l.'.ills.
2681 5611 2836 5676 Quod
2862 5610 2912 5661 ni
2946 5609 3131 5668 faciat,
3156 5616 3545 5676 argumentum

1965 5680 2118 5733 niliili
2156 5681 2463 5735 faciendum
2500 5674 2727 5749 prorsus
2771 5686 2897 5742 crit,
2949 5678 3023 5730 nil
3076 5677 3142 5730 ad
3178 5674 3549 5730 evincendum

1962 5752 2183 5805 valeret.
