4012 6210
461 341 533 398 63
1849 405 1851 407 ,
1873 349 1930 401 b.
1971 345 2046 402 EF

2150 346 2308 402 IANII
3646 357 3718 412 σι

461 457 572 527 jam
607 465 718 512 tum
749 465 1038 524 noverant,
1073 473 1283 514 necnon
1315 466 1370 515 et
1421 458 1637 515 Patrem
1667 473 1732 515 ac
1767 457 2034 532 Spiritum

2147 463 2373 532 ἀγνοίας
2404 465 2565 536 χάριν
2590 467 2690 522 οὐκ
2717 458 2873 521 εἶπον
2900 467 2971 522 τὰ
2991 468 3252 542 ὀνόματα,
3283 469 3722 541 ἀλλ’ἀσφαλείας

463 559 740 605 sanctum.
821 550 1008 622 Neque
1065 567 1130 607 ex
1191 552 1520 623 ignorantia,
1571 552 1668 608 sed
1721 555 2038 611 securitatis

461 642 850 713 cautionisque
880 644 1053 713 gratia
1097 644 1421 698 nominatim
1458 643 1586 698 illos
1623 645 1900 715 appellare
1942 660 2041 700 no-

463 731 726 788 luerunt:
757 733 1084 799 Benedicite,
1125 735 1416 805 inquiunt,
1477 736 1659 789 omnia
1710 751 1869 805 opera
1931 736 2041 791 Do-

463 823 612 889 mini,
663 823 914 892 Domino,
963 832 1018 880 et
1060 841 1169 879 non
1217 825 1454 881 dicunt:
1499 825 1757 892 Benedic,
1785 823 1888 880 Fili
1919 827 2037 894 Dei,

461 915 736 982 Domino;
790 918 896 980 vel,
954 915 1209 981 Benedic,
1241 927 1431 972 sancte
1459 916 1721 987 Spiritus.
1769 917 2037 985 Domino;

459 1007 578 1072 sed,
631 1006 952 1072 Benedicite,
994 1008 1175 1060 omnia
1208 1024 1367 1077 opera
1401 1006 1639 1073 Domini,
1669 1007 1921 1062 Domino.
1960 1007 2040 1064 Ac

460 1114 530 1154 ne
551 1098 676 1167 quis
704 1098 845 1153 forte
887 1098 1244 1154 occasionum
1269 1108 1824 1170 argumentorumque
1850 1108 2042 1170 captor

459 1189 684 1259 objiciat
718 1208 732 1244 :
765 1204 866 1244 nec
898 1190 1181 1244 cherubim
1213 1189 1436 1259 quidem
1477 1198 1572 1244 aut
1615 1192 1889 1262 serapbim
1917 1207 2042 1248 esse

461 1281 819 1347 nominatos;
863 1281 1007 1336 unde
1055 1295 1398 1352 consequens
1452 1281 1648 1347 videri,
1699 1290 1758 1336 ut
1802 1296 1871 1337 ne
1921 1282 2040 1351 ipsa

449 1358 684 1442 quidem
710 1387 876 1442 opera
909 1373 1022 1428 sint
1054 1371 1186 1440 Dei;
1223 1372 1446 1428 divinus
1491 1371 1615 1428 ideo
1663 1388 1845 1428 sermo
1887 1380 2041 1427 tanto

459 1469 589 1515 ante
619 1461 931 1515 cautionem
966 1461 1246 1525 adhibere,
1280 1468 1335 1517 et
1363 1477 1431 1516 ex
1464 1461 1614 1516 omni
1647 1469 1804 1532 parte
1824 1461 2041 1518 munire

459 1553 723 1616 instituit,
773 1567 898 1607 cum
929 1554 1256 1610 callidorum
1302 1554 1533 1608 istorum
1571 1569 1636 1608 ac
1665 1554 2039 1625 captiosorum

457 1653 570 1698 tam
621 1644 726 1700 sibi
774 1645 932 1715 ipsis,
974 1661 1140 1716 quam
1186 1661 1482 1716 puerorum
1512 1649 1735 1703 nomine
1762 1647 2040 1717 pernicio-

457 1749 576 1787 sam
645 1733 980 1789 calumniam
1047 1736 1391 1804 praevideret.
1470 1735 1600 1791 Nam
1669 1736 2038 1792 laudationem

2145 554 2328 609 ἕνεκα.
2356 556 2695 626 Εὐλογεῖτε,
2718 555 2849 628 γὰρ,
2867 558 3064 614 πάντα
3084 561 3158 616 τὰ
3185 562 3331 632 ἔργα
3352 563 3595 630 Κυρίου,
3612 562 3722 616 τόν

2139 645 2362 712 Κύριον
2380 660 2392 676 ·
2421 647 2514 699 καὶ
2543 648 2644 700 οὐκ
2674 645 2828 703 εἷπον
2847 665 2864 681 ·
2895 650 3144 720 Εὐλόγει,
3175 653 3306 716 Υἱὸς
3327 651 3420 705 τοῦ
3447 652 3604 717 Θεοῦ,
3625 652 3720 706 τὸν

2141 735 2345 807 Κύριον
2365 750 2380 766 ·
2416 737 2547 806 οὐδ’,
2576 739 2801 809 Εὕλόγει
2822 783 2837 809 ,
2865 740 3021 811 ᾶγιον
3063 743 3289 814 Πνεῦμα
3308 784 3322 808 ,
3357 743 3449 798 τὸν
3473 742 3678 814 Κύριον
3697 760 3715 775 ·

2141 828 2276 892 ἀλλ’,
2307 829 2653 900 Εὐλογεῗτε,
2689 831 2889 890 πάντα
2917 835 2989 888 τὰ
3015 833 3162 904 ἔργα
3195 835 3439 903 Κυρίου,
3471 834 3578 888 τὸν
3604 835 3722 888 Κύ-

2133 932 2288 984 ριον.
2315 917 2426 970 Καὶ
2455 919 2529 988 μή
2555 920 2640 984 τις
2674 919 2784 974 τῶν
2803 923 3109 994 προφάσεις
3141 925 3355 987 ἑαυτοῖς
3387 923 3722 996 θηρωμένων

2140 1006 2292 1079 εἴπῃ,
2350 1011 2434 1066 ὅτι
2484 1008 2596 1062 ῡύκ
2638 1005 2793 1064 εἷπον
2846 1011 3113 1083 χερουϐὶμ
3156 1013 3189 1084 ἢ
3225 1013 3500 1084 σεραφὶμ,
3535 1011 3722 1067 λοιπὸν

2139 1096 2262 1150 οὐδὲ
2305 1096 2479 1152 ταῦτά
2521 1101 2670 1154 ἐστιν
2715 1099 2854 1172 ἔργα
2897 1100 2992 1154 τοῦ
3035 1101 3193 1157 Θεοῦ.
3237 1101 3515 1172 Προὲλαϐε
3551 1102 3660 1174 γὰρ
3691 1104 3723 1157 ὁ

2141 1188 2283 1252 θεῖος
2309 1188 2462 1258 λόγος
2502 1190 2901 1260 ἀσφαλίσασθαι
2942 1192 3052 1246 τῶν
3098 1193 3199 1258 τάς
3233 1194 3480 1264 μηχανὰς
3510 1195 3722 1258 ἑαυτοῖς

2141 1280 2518 1349 ἐπινοούντων,
2561 1283 2952 1355 προγινώσκων
2984 1284 3084 1354 τὴν
3121 1285 3202 1346 είς
3230 1283 3428 1347 αὐτοὺς
3473 1284 3566 1337 καὶ
3596 1284 3724 1348 τοὺς

2140 1375 2336 1440 παῖδας
2359 1375 2560 1448 λύμην.
2586 1376 2838 1448 Τρισσῶς
2865 1377 2973 1449 γὰρ
2995 1375 3089 1430 τὸν
3123 1374 3291 1446 ὕμνον
3329 1375 3722 1429 ὲδιπλασίασαν

2140 1465 2189 1517 οἱ
2220 1463 2365 1534 ἀγιοι
2406 1465 2622 1531 παῖδες,
2655 1468 2703 1519 oi
2733 1467 2888 1520 αὐτοὶ
2929 1466 3000 1520 τά
3032 1465 3228 1520 κτιστά
3258 1466 3354 1520 καὶ
3399 1465 3600 1536 ποιητά
3643 1466 3725 1531 εις

2142 1553 2311 1626 ὕμνον
2339 1555 2475 1610 Θεοῦ
2509 1557 2968 1628 προϐαλλόμενοι,
3016 1557 3112 1611 καὶ
3155 1557 3373 1628 πρῶτον
3414 1558 3722 1627 φήσαντες·

2140 1649 2486 1717 Εὐλογητὸς
2520 1645 2607 1716 εἷ,
2638 1649 2817 1714 Κύριε
2848 1651 2881 1703 ὀ
2911 1649 3055 1714 Θεὸς
3083 1647 3203 1702 τῶν
3231 1649 3502 1717 πατέρων
3530 1647 3723 1718 ἡμῶν,

2141 1739 2242 1793 καὶ
2269 1739 2511 1794 ιιίνετόν
2556 1740 2656 1794 καὶ
2687 1739 3137 1810 δεδοξασμένον
3164 1740 3232 1793 τὸ
3262 1739 3450 1809 ὄνομὰ
3481 1757 3599 1794 σου
3636 1741 3725 1804 είς

457 1843 614 1882 suam
672 1827 938 1882 trifariam
986 1827 1160 1883 sancti
1215 1827 1292 1882 illi
1334 1828 1489 1898 pueri
1529 1828 1901 1900 geminarunt,
1943 1829 2036 1899 qui

2147 1829 2282 1895 τοὺς
2309 1828 2556 1896 αἰῶνας·
2586 1825 2709 1884 εῐτα
2751 1832 2872 1902 μεθ’
2914 1830 3078 1901 ἕτερα
3097 1849 3110 1860 ·
3138 1829 3566 1899 Εὐλογημένος
3605 1825 3667 1884 ετ
3691 1833 3726 1884 ό

456 1927 643 1971 creata
694 1917 947 1988 factaque
994 1918 1180 1973 omnia
1240 1918 1309 1973 ad
1359 1918 1457 1975 Dei
1505 1920 1947 1990 praadicationem
1980 1921 2038 1974 in

2147 1921 2482 1990 καθήμενος
2504 1922 2744 1978 ἐπὶτῶν
2772 1923 3056 1992 χερουϐίμ
3073 1939 3088 1955 ·
3114 1923 3209 1976 καὶ
3232 1921 3393 1976 πάλιν
3408 1936 3422 1950 ·
3453 1923 3727 1991 Εὐλογηο

455 2010 694 2064 medium
743 2012 1042 2066 attulerunt
1083 2030 1097 2066 :
1133 2025 1199 2066 ac
1253 2011 1491 2080 primum
1542 2009 1910 2066 :Bcnedictus
1958 2026 2035 2076 es,

2147 2011 2324 2081 μένος
2351 2007 2412 2066 εἷ
2431 2015 2463 2066 ό
2485 2011 2826 2082 καθήμενος
2850 2012 2951 2066 ἐπὶ
2969 2013 3186 2081 θρόνου
3211 2011 3396 2079 δόξης
3416 2010 3528 2080 τῆς
3545 2011 3727 2076 ,Βασι-

457 2101 751 2169 inquiunt,
801 2100 1026 2156 Domine
1057 2101 1199 2154 Deus
1239 2109 1456 2168 patrum
1485 2112 1814 2164 nostrorum,
1840 2111 1890 2156 et
1914 2101 2039 2154 lau-

2147 2104 2310 2170 λείας
2337 2118 2455 2158 σου
2477 2119 2491 2133 ·
2527 2103 2646 2166 καὶ,
2674 2104 3101 2172 Εὐλογημένος
3125 2098 3185 2156 εἴ
3209 2105 3242 2156 ό
3265 2101 3519 2166 βλέπων
3539 2103 3727 2156 ἀϐύσ-

455 2190 634 2244 dabile
672 2207 735 2244 ac
777 2191 1070 2260 gloriosum
1094 2206 1280 2244 nomen
1311 2199 1460 2242 tuum
1497 2190 1554 2244 in
1591 2191 1790 2245 swcula
1815 2191 1856 2246 ί.
1898 2189 2037 2245 Tum

2147 2210 2314 2259 σους,
2342 2192 2677 2262 καθήμενος
2703 2194 2800 2246 ἐπὶ
2829 2195 3141 2263 χερουϐίμ·
3170 2193 3257 2247 ἵνα
3289 2193 3398 2247 ἀπὸ
3426 2192 3520 2246 τοῦ
3553 2195 3727 2247 εἰπεῖν

455 2281 787 2351 quibusdam
848 2282 1152 2352 interjectis
1198 2298 1212 2334 :
1254 2280 1569 2336 Benedictus
1629 2299 1707 2348 es,
1758 2284 1848 2352 qui
1884 2281 2030 2337 sedes

2147 2283 2231 2336 τὸν
2263 2283 2474 2355 θρόνον,
2520 2284 2724 2356 νοήσῃς
2757 2285 3002 2355 σεραφὶμ
3047 2285 3142 2338 καὶ
3171 2283 3462 2356 χερουϐίμ·
3491 2283 3584 2338 καὶ
3615 2283 3727 2337 ἀπὸ

457 2387 615 2441 super
638 2371 928 2427 cherubim.
962 2371 1170 2428 Deinde
1203 2391 1216 2428 :
1243 2371 1560 2426 Benedictus
1595 2389 1674 2436 es,
1697 2374 1787 2442 qui
1803 2372 1950 2427 sedes
1983 2373 2039 2427 in

2147 2372 2232 2427 τοῦ
2259 2374 2522 2445 ὀνόματος
2553 2374 2664 2427 τῶν
2694 2375 2992 2445 χερουϐὶμ,
3023 2375 3118 2428 καὶ
3145 2375 3418 2442 ἀϐύσσων,
3462 2374 3556 2428 καὶ
3601 2374 3726 2444 θρό-

459 2466 647 2518 throno
689 2465 876 2535 gloriae
909 2464 1056 2534 regni
1095 2464 1204 2530 tui;
1230 2472 1286 2519 et
1319 2483 1333 2518 :
1371 2463 1683 2517 Benedictus
1715 2480 1793 2528 es,
1836 2463 1927 2534 qui
1959 2466 2043 2518 in-

459 2557 623 2610 tueris
684 2555 928 2627 abyssos,
986 2555 1134 2611 sedes
1189 2571 1348 2625 super
1408 2555 1682 2610 cherubim
1736 2569 1757 2610 :
1801 2565 1862 2611 ut
1915 2571 2042 2611 cum

459 2647 709 2702 thronum
740 2647 902 2714 dixit,
946 2646 1224 2717 seraphin:
1264 2647 1602 2718 intelligeres
1629 2655 1684 2703 et
1709 2647 2038 2704 cherubim:

458 2753 524 2794 ac
573 2747 682 2793 tam
715 2755 782 2795 ex
813 2739 1236 2795 cherubinorum
1265 2777 1280 2803 ,
1315 2753 1484 2811 quam
1514 2754 1581 2794 ex
1608 2739 1952 2810 abyssorum,
1986 2744 2044 2792 et

461 2827 774 2888 consecrati
817 2832 1023 2896 throni,
1063 2847 1128 2887 ac
1166 2838 1491 2886 caeterorum
1523 2831 1768 2886 omnium
1800 2829 2040 2886 nomini-

461 2924 586 2990 bus,
617 2931 672 2979 et
701 2939 769 2978 ex
796 2937 990 2979 eorum
1028 2938 1152 2992 quae
1197 2923 1589 2986 nominantur,
1637 2921 1884 2976 omnium
1937 2937 2042 2976 nu-

460 3033 611 3074 mero
659 3032 986 3089 cognoscas.
1017 3018 1163 3072 inter
1196 3031 1362 3087 opera
1403 3016 1740 3072 recensenda
1773 3015 1866 3070 illa
1893 3030 2034 3081 esse,

2141 2481 2234 2518 νου
2260 2465 2620 2536 ἡγιασμένοι),
2649 2465 2745 2519 καὶ
2781 2464 2987 2520 λοιπῶν
3015 2465 3235 2521 πάντων
3262 2467 3565 2538 ὀνομάτων,
3600 2467 3727 2536 νοή-

2142 2572 2243 2630 an;
2266 2555 2376 2609 ἀπὸ
2400 2555 2495 2608 τοῦ
2533 2555 2769 2627 ἀριθμοῦ
2798 2555 3018 2610 πάντων
3043 2555 3152 2610 τῶν
3183 2556 3605 2628 ὠνομασμένων,
3643 2556 3726 2609 ὅτι

2141 2648 2206 2700 ὲκ
2236 2645 2344 2701 τῶν
2377 2646 2556 2719 ἔργων
2587 2647 2694 2700 εἰσὶ
2721 2648 2833 2710 τοῖς
2859 2646 3042 2711 ἄλλοις
3070 2647 3570 2719 συναριθμούμενα.
3603 2647 3723 2700 Κα-

2143 2737 2402 2802 λέσαντες
2449 2738 2558 2810 γὰρ
2606 2740 2685 2802 εἰς
2729 2737 2900 2810 ὕμνον
2934 2737 3105 2792 ταῦτα
3151 2738 3333 2793 πάντα
3397 2738 3558 2802 εὐθὺς
3607 2739 3728 2791 ἑπι-

2145 2831 2372 2904 φέρουσι
2396 2830 2649 2900 λέγοντες
2670 2845 2686 2862 ·
2734 2831 3086 2902 Εὐλογεῒτε,
3121 2830 3318 2885 πάντα
3342 2831 3416 2884 τὰ
3440 2830 3584 2900 ἔργα
3614 2833 3727 2884 Κυ-

2137 2923 2297 2993 ρίου,
2316 2922 2424 2977 τὸν
2440 2923 2665 2992 Κύριον
2685 2940 2698 2955 ·
2720 2922 2807 2978 ἵνα
2827 2923 3068 2995 Γαϐριὴλ
3094 2923 3189 2977 καὶ
3215 2923 3435 2995 Μιχαὴλ
3458 2922 3728 2994 εὐλογήσῃ

2147 3015 2369 3088 Πατέρα
2391 3015 2487 3070 καὶ
2510 3015 2639 3069 Υἱὸν
2673 3015 2769 3070 καὶ
2802 3015 2958 3084 ἅγιον
2988 3015 3233 3086 Πνεῦμα.

458 3117 512 3162 et
572 3108 866 3175 numerarL
903 3122 1028 3169 cum
1099 3107 1224 3162 aliis
1277 3114 1553 3178 Oportere.
1610 3104 1748 3160 Nam
1795 3120 1922 3160 cum
1975 3104 2043 3160 ad
2081 3104 2252 3161 Deum
2277 3104 2684 3176 praedicandum
2703 3105 2894 3160 omnia
2937 3105 3032 3160 illa
3059 3112 3475 3176 provocassent,
3542 3103 3729 3158 statim

461 3197 564 3252 ista
600 3199 902 3270 subjiciunt
927 3215 943 3255 :
968 3202 1290 3269 Benedicite,
1354 3206 1534 3259 omnia
1578 3219 1740 3272 opera
1801 3203 2040 3271 Domini,
2071 3202 2341 3295 Domino;
2393 3203 2657 3258 nimirum
2705 3209 2769 3256 ut
2799 3200 3020 3258 Gabriel
3057 3209 3112 3256 et
3154 3198 3384 3256 Michael
3421 3197 3638 3254 Patrem
3677 3208 3728 3254 et

463 3291 658 3354 Filium
694 3296 1010 3352 collaudem
1043 3312 1108 3353 ac
1140 3298 1406 3370 Spiritum
1444 3308 1724 3356 sanctum.

531 3383 722 3442 XXVI.
761 3386 931 3442 Porro
972 3391 1314 3448 venerabiles
1366 3393 1545 3464 angeli
1604 3391 1936 3462 triumphale
1984 3393 2041 3448 in

2215 3389 2358 3456 KCf'.
2393 3388 2592 3460 Σεμνοὶ
2639 3387 2697 3442 δὲ
2745 3385 2967 3456 ἄγγελοι
3016 3386 3074 3440 ὲν
3103 3384 3317 3458 οὐρανῷ
3347 3384 3440 3439 τὸν
3469 3384 3730 3440 ὲπινίκι”ὁν

462 3477 603 3532 coelo
625 3492 842 3534 carmen
860 3481 1180 3549 concinunt,
1209 3498 1318 3538 una
1354 3499 1479 3538 cum
1515 3485 1823 3555 seraphinis
1840 3493 1895 3540 et
1913 3485 2047 3541 che-

464 3567 676 3622 rubinis
711 3568 814 3638 31
849 3570 1149 3626 trinitatem
1171 3573 1360 3628 eadem
1393 3574 1584 3645 gloria,
1608 3575 1797 3630 eodem
1831 3576 2044 3645 ordine,

463 3658 763 3729 eademque
793 3661 1100 3716 substantia
1132 3663 1491 3733 praedicantes
1554 3681 1619 3720 ac
1651 3667 2046 3735 vociferantes,

467 3749 723 3817 Sanctus,
757 3762 1006 3820 sanctus,
1048 3767 1267 3810 sanctus
1303 3758 1347 3812 ³.
1380 3759 1458 3813 Ac
1486 3766 1602 3814 tres
1637 3759 1856 3828 quidem
1886 3777 2048 3819 voces

465 3840 772 3912 proferunt,
808 3844 903 3899 sed
951 3859 1047 3901 eas
1113 3847 1486 3917 singulariter,
1527 3863 1636 3903 non
1677 3851 2051 3921 multipliciter

465 3933 798 4002 exprimunt.
846 3933 1032 4006 Neque
1077 3945 1296 4006 quarto,
1327 3936 1556 3992 Sanctus
1587 3939 1946 4007 addiderunt,
1981 3957 2050 3998 ne

467 4026 534 4079 ad
576 4024 862 4082 Trinitatis
914 4026 1334 4099 appellationem
1384 4031 1593 4101 aliquid
1639 4032 2045 4104 adiungerent:

466 4132 645 4188 neque
675 4119 759 4174 bis
793 4126 1026 4186 tantum,
1057 4119 1285 4177 Sanctus
1310 4123 1519 4190 dicunt,
1554 4139 1624 4178 ne
1655 4124 1910 4194 perfectae
1937 4127 2052 4197 glo-

469 4210 566 4264 rim
611 4210 889 4280 quidpiam
936 4212 1173 4268 deesset.
1208 4211 1316 4269 Sed
1362 4230 1482 4270 eam
1530 4231 1718 4272 vocem
1760 4224 1844 4272 ter
1886 4233 2052 4273 usur¢

470 4308 627 4369 pant,
662 4309 722 4354 ut
759 4299 995 4365 Patrem,
1045 4300 1241 4355 Filiqu
1278 4311 1332 4356 et
1369 4303 1634 4372 Spiritum
1669 4317 1920 4362 sanctum
1955 4322 2052 4361 e0-

470 4391 594 4445 dem
643 4391 851 4446 honore
892 4399 1304 4446 consecrarent.
1333 4392 1705 4461 Nondicunt,
1737 4395 1965 4451 Sanctus
1999 4403 2055 4451 et

473 4477 844 4544 semisanctus,
871 4494 1060 4533 verum
1092 4481 1375 4551 mqualiter
1402 4482 1605 4554 ubique
1623 4524 1639 4550 ,
1671 4485 1903 4540 Sanctus
1931 4501 2055 4556 pro-

481 4569 686 4634 ferunt,
727 4575 788 4623 ut
822 4583 930 4623 una
963 4585 1123 4638 voce,
1165 4587 1383 4644 unoque
1423 4590 1698 4640 sermone,
1747 4584 1912 4646 atque
1945 4592 2052 4632 una

475 4659 810 4730 perfectione
837 4668 891 4715 et
924 4658 1244 4718 Trinitatem
1270 4664 1326 4719 in
1357 4665 1565 4721 unitate
1615 4673 1671 4720 et
1703 4665 1964 4720 unitatem
1995 4666 2050 4720 in

2150 3481 2317 3552 ὕμνον
2342 3480 2548 3553 ᾄδουσι,
2579 3481 2678 3547 σὺν
2715 3479 2958 3551 σεραφὶμ
2983 3478 3077 3533 καὶ
3106 3477 3372 3548 χερουϐὶμ
3396 3476 3494 3548 τὴν
3525 3477 3731 3548 Τριάδα

2148 3571 2418 3643 ὁμοδόξως
2431 3573 2524 3626 καὶ
2535 3575 2562 3627 ό
2570 3572 2868 3644 μοστοίχως
2883 3572 2979 3626 καὶ
2999 3572 3162 3641 ὁμοου
3169 3570 3298 3632 σίως
3307 3567 3623 3632 δοξάζοντες
3639 3570 3731 3623 καὶ

2147 3663 2398 3733 λέγοντες
2441 3663 2503 3716 τὺ
2522 3703 2537 3727 ,
2585 3663 2780 3732 Ἄγιος
2803 3700 2818 3722 .
2844 3662 3072 3730 Ἄγιος,
3102 3660 3297 3728 Ἄγιος
3315 3698 3330 3722 ,
3368 3659 3518 3726 τρεῖς
3549 3659 3730 3726 φωνάς

2148 3752 2560 3816 ἀποτελοῦντες,
2592 3752 2651 3805 ὲν
2683 3749 2897 3819 ἑνότητι
2943 3749 3002 3802 δὲ
3045 3748 3315 3816 λέγοντες,
3348 3747 3444 3799 καὶ
3481 3746 3542 3798 ού
3577 3747 3736 3801 πολυ-

2148 3843 2401 3913 ωνύμως.
2443 3843 2518 3895 Οὐ
2547 3841 2656 3912 γὰρ
2688 3841 2941 3909 λέγουσιν
2980 3839 3174 3908 Ἄγιος
3203 3839 3491 3907 τέταρτον,
3533 3837 3622 3891 ἵνα
3656 3841 3732 3910 μὴ

2149 3933 2426 4005 προσθῶσι
2460 3933 2525 4002 τῇ
2559 3931 2659 4000 τῆς
2707 3927 2938 4000 Τριάδος
2977 3927 3279 3998 ὀνομασίᾳ·
3305 3927 3368 3979 οὐ
3397 3925 3614 3994 λέγουσι
3650 3927 3731 3991 δὶς

2147 4024 2210 4077 τὸ
2235 4024 2449 4093 Ἄγιος,
2492 4021 2578 4075 ἴνα
2615 4020 2690 4093 μὴ
2717 4019 2942 4091 ἐλλιπὴς
2985 4019 3072 4090 εῐη
3106 4019 3140 4090 ἡ
3179 4016 3306 4082 δόξα
3331 4017 3432 4087 τῆς
3470 4016 3728 4088 τελειότη-

2147 4133 2271 4181 τος·
2322 4115 2460 4170 me
2503 4115 2651 4186 τρὶς,
2701 4114 2790 4168 ἵνα
2841 4112 3066 4182 Πατέρα
3117 4111 3213 4164 καὶ
3264 4109 3393 4162 Υἱὸν
3436 4109 3531 4162 καὶ
3581 4109 3732 4178 ἆγιον

2151 4208 2377 4281 Πνεῦμα
2405 4210 2464 4262 ὲν
2489 4210 2555 4278 τῇ
2580 4207 2718 4279 αὐτῇ
2748 4209 2881 4278 τιμῇ
2912 4205 3205 4273 ἀγιάσωσι.
3239 4204 3350 4257 Καὶ
3375 4203 3436 4256 οὐ
3461 4202 3730 4271 λέγουσιν·

2159 4297 2351 4368 Ἄγιος
2403 4297 2497 4351 καὶ
2537 4297 2843 4368 ἡμιάγιος,
2892 4285 3165 4358 ἀλλ’ἴσως
3192 4293 3412 4362 λέγουσι
3438 4294 3519 4358 τὸ,
3540 4296 3733 4364 Ἄγιος

2155 4389 2253 4459 μιᾷ
2275 4389 2448 4456 φωνῇ,
2479 4385 2574 4438 καὶ
2601 4387 2682 4438 ἑνὶ
2716 4385 2886 4454 λόγῳ,
2922 4384 3014 4438 καὶ
3045 4385 3144 4456 μιᾷ
3175 4385 3496 4456 τελειότητι,
3515 4385 3740 4454 Τριάδα

2149 4479 2464 4546 δοξάζοντες
2495 4478 2631 4549 ὁμοῦ
2662 4480 2719 4532 ἐν
2748 4476 2996 4547 ὲνότητι,
3043 4477 3137 4531 καὶ
3175 4477 3403 4547 ἑνότητα
3431 4479 3491 4531 ὲν
3517 4476 3729 4548 Τριάδι.

2151 4569 2365 4642 Ταύτην
2392 4569 2500 4641 γὰρ
2532 4569 2634 4640 τὴν
2665 4567 2866 4637 γνῶσιν
2896 4563 3059 4640 ἦλθεν
3095 4570 3124 4622 ὁ
3146 4567 3455 4638 Μονογενὴς
3477 4567 3571 4620 τοῦ
3595 4567 3731 4620 Θεοῦ

2153 4665 2301 4734 ἡμᾶς
2336 4662 2574 4730 διδάξαι·
2609 4662 2816 4733 ταύτην
2845 4662 2944 4734 τὴν
2985 4662 3203 4716 σύνεσιν
3234 4663 3366 4732 ἡμῖν
3413 4659 3646 4731 ἐκήρυξε
3672 4660 3734 4713 τὸ

474 4752 741 4810 Trinitate
781 4756 1076 4812 celebrent.
1111 4755 1393 4825 Ejusmodi
1437 4757 1641 4828 quippe
1677 4757 1962 4811 scientiam
1992 4767 2046 4813 ut

2156 4758 2308 4825 ἆγιον
2353 4754 2614 4826 Πνεῦμα·
2663 4754 2867 4826 ταύτην
2895 4754 2994 4827 τὴν
3020 4754 3338 4823 τελειότητα
3381 4751 3734 4820 ἀπεκάλυψεν

475 4860 578 4900 nos
610 4845 824 4902 doceret
849 4847 1046 4902 unicus
1078 4846 1172 4901 Dei
1201 4845 1374 4903 Filius
1395 4847 1651 4901 accessit.
1696 4845 1849 4901 Hanc
1875 4848 2052 4918 ipsam

473 4937 636 4994 nobis
700 4939 1024 5009 sapientiam
1095 4946 1321 4994 sanctus
1402 4938 1645 5008 Spiritus
1715 4940 2049 5009 praedicavit.

476 5032 630 5087 Hanc
697 5030 1082 5102 perfectionem
1137 5031 1393 5102 patefecit
1434 5031 1615 5089 Pater.
1667 5032 1822 5088 Ilanc
1875 5035 2051 5104 ipsam

474 5123 640 5177 vitam
673 5122 1018 5178 incarnatum
1043 5121 1283 5176 Verbum
1309 5136 1498 5175 revera
1529 5120 1781 5195 largitum
1809 5132 1923 5189 est;
1948 5125 2052 5180 hoc

477 5213 768 5269 aedilicium
798 5212 1045 5283 Spiritus
1077 5220 1304 5270 sanctus
1329 5213 1489 5270 nobis
1510 5216 1817 5270 exstruxit:
1848 5213 1908 5269 Si
1931 5215 2049 5284 quis

476 5308 617 5362 enim
658 5323 814 5376 super
847 5308 944 5362 hoc
987 5307 1393 5377 fundamentum
1442 5308 1797 5362 construxerit
1834 5323 2047 5374 aurum,

480 5410 776 5472 argentum,
807 5400 1007 5471 lapides
1029 5401 1306 5469 pretiosos,
1342 5401 1506 5470 ligna,
1538 5400 1736 5468 fenum,
1775 5399 2048 5468 stipulam,

481 5496 559 5549 ait
598 5494 896 5564 Apostolus
919 5495 961 5549 ³.
989 5490 1415 5546 Fundamentum
1455 5492 1596 5546 enim
1640 5487 1847 5543 nullum
1897 5482 2044 5538 aliud

476 5595 580 5643 est.
622 5586 902 5658 Siquidem
931 5585 1327 5657 fundamentum
1356 5582 1503 5636 aliud
1524 5598 1689 5637 .nemo
1717 5597 1904 5652 ponere
1935 5590 2052 5650 pot-

560 5748 579 5781 ¹
619 5746 752 5808 Dan.
780 5765 864 5820 Ill,
902 5748 970 5806 52
999 5767 1121 5824 sqq.
1183 5751 1204 5782 ¹
1257 5747 1359 5804 lsa.
1396 5762 1471 5813 vi,
1512 5745 1564 5800 3.
1644 5742 1664 5774 ³
1702 5739 1874 5796 lCor.
1918 5741 2000 5805 in,
2045 5739 2131 5793 ιε.

2153 4851 2285 4921 ἡμῖν
2314 4850 2342 4901 ὁ
2371 4849 2589 4919 Πατήρ·
2633 4847 2692 4899 ὲν
2722 4845 2952 4918 ἀληθείᾳ
2992 4844 3198 4914 ταύτην
3239 4844 3340 4914 τὴν
3374 4844 3519 4912 ζωὴν
3554 4840 3734 4914 ἐχαρί-

2153 4958 2286 4995 σατο
2325 4943 2456 5013 ἡμῖν
2493 4940 2798 5012 σαρκωθεὶς
2837 4941 2866 4992 ὁ
2910 4938 3120 5006 Λόγος·
3156 4935 3363 5006 ταύτην
3394 4934 3493 5005 τὴν
3528 4933 3734 4987 οἰκοδο-

2155 5032 2261 5105 μὴν
2288 5031 2635 5103 ᾠκοδόμησεν
2665 5033 2798 5102 ἡμῖν
2830 5029 2892 5082 τὸ
2935 5029 3091 5096 ἅγιον
3115 5024 3364 5096 Πνεῦμα.
3396 5025 3471 5080 ΕΖ
3507 5042 3595 5089 τις
3622 5024 3732 5094 γὰρ

2149 5121 2530 5192 ἐποικοδομεῖ
2563 5121 2662 5175 ἐπὶ
2713 5121 2820 5175 τὸν
2872 5117 3148 5189 θεμέλιον
3188 5117 3405 5172 τοῦτον
3450 5117 3729 5184 χρυσίον,

2154 5213 2437 5285 ἄργυρον,
2466 5214 2679 5278 λίθους
2698 5212 2951 5281 τιμίους,
2975 5210 3151 5275 ξύλα,
3178 5211 3416 5280 χόρτον,
3431 5205 3728 5275 καλάμην.

2157 5306 2230 5358 Οὐ
2265 5305 2373 5376 γάρ
2408 5307 2555 5359 ἐστιν
2582 5303 2740 5367 ἄλλος
2776 5302 3046 5373 θεμέλιος.
3081 5301 3369 5371 Θεμέλιον
3393 5297 3503 5367 γὰρ
3539 5297 3732 5350 ἄλλον

2156 5397 2355 5463 οὐδεὶς
2373 5397 2622 5451 δύναται
2643 5396 2830 5450 θεῖναι
2848 5396 3010 5465 παρὰ
3033 5394 3138 5449 τὸν
3161 5393 3458 5461 κείμενον,
3478 5389 3545 5454 ὅς
3563 5391 3732 5442 ἐστιν

2170 5489 2397 5557 Ἰησοῦς
2423 5487 2696 5556 Χριστὸς,
2740 5491 2772 5542 ὁ
2810 5487 2943 5554 Υἱὸς
2974 5487 3081 5540 τοῦ
3121 5484 3297 5548 Θεοῦ,
3329 5478 3400 5538 οὗ
3431 5483 3619 5551 ἐσμεν
3651 5481 3732 5534 oi-

2160 5579 2387 5650 κοδομὴ
2409 5621 2425 5647 ,
2455 5581 2551 5633 καὶ
2588 5575 2659 5636 οὗ
2703 5580 2894 5649 ἐσμεν
2917 5577 3216 5648 γεώργιον,
3249 5571 3729 5644 οὶκοδομηθέντες
