4012 6210
1846 96 1889 111 ,μοι

1754 130 1807 143 ,μυ-ια

249 300 333 368 ηδε
1045 366 1049 368 _
1064 144 2078 357 Λεοιωτυε.
3452 292 3528 348 eo

258 403 359 461 ἐπὶ
387 403 496 458 τὸν
540 393 817 476 θεμέλιον
844 406 1167 477 προφητῶν
1205 424 1269 462 τε
1297 408 1394 462 καί
1444 408 1809 463 ἀποστόλων
1828 426 1841 441 ο

1947 420 2024 466 est
2052 420 2247 481 praeter
2270 412 2326 467 id
2346 412 2486 484 quod
2506 413 2738 481 positum
2768 420 2880 479 est,
2907 410 3048 483 quod
3080 421 3157 467 est
3194 408 3352 468 Iesus
3373 410 3531 469 Chri-

259 498 356 551 τοῦ
388 497 584 551 εἰδέναι
625 498 723 570 τὴν
768 500 925 571 ἡμῶν
956 500 1245 571 οἰκοδομὴν
1274 540 1290 566 ,
1329 501 1557 569 στερεὰν
1587 496 1752 555 οὖσαν
1785 503 1843 556 ὲν

1947 513 2062 558 stus
2092 501 2266 558 Filius
2289 504 2388 558 Dei
2414 508 2435 537 ’
2472 526 2485 560 :
2519 505 2670 574 cujus
2692 505 2977 571 aediﬁcatio
3008 521 3189 558 sumus
3214 512 3264 557 et
3299 516 3530 573 agricul-

257 587 528 660 ἀληθεία,
566 591 662 642 καὶ
702 589 795 643 τὸν
827 590 985 661 ήμῶν
1015 591 1266 662 θεμέλιον
1300 593 1387 646 ἀείΙ
1428 592 1581 659 ὄντα,
1633 595 1729 647 καὶ
1768 595 1841 666 μὴ

1951 604 2071 649 tura
2091 633 2106 660 ,
2138 595 2393 664 a'di/icati
2424 614 2586 667 supra
2634 597 3038 667 fundamentum
3082 595 3453 664 prophetarum
3481 604 3530 650 et

256 679 563 749 ἀρξάμενον
613 678 705 733 τοῦ
756 675 916 735 εἶναι.
961 682 1104 735 Ἀλλ’
1133 684 1233 737 οὐκ
1265 684 1323 737 ὲν
1355 684 1520 736 πᾶσιν
1567 686 1600 755 ἡ
1644 684 1840 753 γνῶσις

1949 686 2319 755 apostolorum
2355 684 2374 717 ³
2409 705 2422 741 :
2467 696 2525 740 ut
2559 696 2891 742 structuram
2928 696 3171 743 nostram
3206 687 3259 739 in
3304 688 3532 740 veritate

254 771 400 824 κατά
434 772 526 824 τὸν
557 771 915 829 ἀποστολικὸν
940 773 1120 841 λόγον,
1163 774 1277 827 ἀλλ’
1324 776 1382 827 ὲν
1422 777 1538 839 τοῖς
1580 774 1838 842 καταξιω-

1949 776 2191 845 firmam,
2225 791 2289 831 ac
2339 776 2757 833 fundamentum
2803 785 3050 832 nostrum
3089 784 3347 832 aeternum
3384 792 3528 840 esse,

256 862 397 917 θεῖσι
423 863 701 933 Πνεῦματι
737 864 881 935 ἁγίῳ
927 864 998 918 τά
1042 864 1144 935 τῆς
1185 865 1446 936 ἀληθείας
1490 865 1691 920 είδέναι
1746 882 1840 937 μυ-

1949 882 2051 923 nec
2080 868 2253 921 ullum
2296 868 2510 923 initium
2550 868 2806 924 habuisse
2855 869 3143 924 sciremus.
3186 866 3380 922 Verum
3416 884 3527 922 non

256 956 474 1024 στήρια.
512 956 707 1018 Αὑτοῖς
730 956 746 986 ¹
803 955 914 1028 γάρ
946 957 974 1009 ό
1011 956 1369 1026 ἀποκαλύψας
1400 956 1593 1012 ἑαυτὸν
1628 958 1723 1011 καὶ
1755 957 1840 1012 τὸν

1947 959 2091 1014 inest
2123 960 2379 1016 omnibus
2409 960 2663 1024 scientia,
2699 968 2759 1013 ut
2804 967 3039 1014 testatur
3080 959 3400 1030 Apostolus,
3430 961 3524 1035 sed

255 1043 448 1097 ἑαυτοῦ
480 1045 697 1115 Πατέρα
728 1046 820 1097 καὶ
853 1045 913 1098 τὸ
944 1046 1097 1114 ἅγιον
1123 1046 1369 1118 Πνεῦμα,
1398 1048 1839 1120 ἐπιμεμφόμενός

1949 1050 2020 1105 iis
2048 1050 2334 1117 duntaxat,
2371 1050 2464 1121 qui
2498 1051 2743 1106 veritatis
2789 1052 3045 1121 mysteria
3085 1053 3257 1105 sancti
3291 1050 3531 1121 Spiritus

254 1155 407 1201 τινας
452 1136 560 1191 τῶν
614 1139 673 1191 ὲν
724 1137 969 1207 ἀγνωσία
1021 1137 1241 1208 ἔλεγεν·
1295 1142 1416 1194 Οὐκ
1488 1140 1691 1195 οἴδατε
1738 1143 1838 1209 τὰς

1950 1142 2220 1198 beneficio
2268 1144 2554 1214 percipere
2596 1150 2937 1199 meruerunt.
2976 1143 3189 1196 Etenim
3238 1144 3327 1197 ille
3374 1144 3529 1213 ipse,

258 1231 523 1300 Γραερὰς,
563 1230 685 1283 οὐδὲ
724 1230 823 1302 τὴν
851 1230 1080 1301 δύναμιν
1107 1230 1288 1284 αὐτῶν
1308 1248 1321 1263 ·
1362 1232 1458 1286 καὶ
1489 1232 1653 1286 πάλιν
1684 1232 1842 1287 ἀλλα-

1948 1235 2042 1304 qui
2075 1249 2135 1289 se
2175 1249 2239 1289 ac
2287 1233 2502 1289 Patrem
2538 1242 2593 1290 et
2640 1233 2904 1304 Spiritum
2952 1242 3201 1289 sanctum
3242 1234 3530 1303 patefecit,

256 1323 378 1395 χόθι
397 1342 411 1354 ·
452 1325 506 1375 '0
534 1317 719 1393 έχων-⁵
731 1319 852 1377 ὦτα
884 1323 1148 1388 ἀκούειν,
1176 1324 1441 1379 ἀκουέτω
1463 1340 1479 1356 ο
1515 1325 1611 1379 καὶ
1649 1324 1840 1379 πάλιν·

1948 1326 2247 1380 nonnullos
2286 1326 2379 1397 qui
2414 1327 2719 1397 ignorantia
2750 1326 3114 1391 laborabant,
3149 1325 3484 1394 redarguens
3519 1343 3529 1377 :

259 1416 331 1468 Et
368 1414 536 1483 ᾕδεις
578 1415 672 1479 τίς
703 1414 876 1467 ἐστιν
904 1416 937 1467 ό
967 1412 1157 1482 ζητῶν
1188 1414 1349 1484 παρὰ
1384 1414 1502 1468 σοῦ
1542 1416 1731 1481 πιεῖν,
1765 1415 1843 1470 σὺ

1951 1413 2206 1476 Nescitis,
2246 1416 2445 1486 inquit,
2483 1414 2792 1484 Scripturas
2823 1423 2866 1483 ι,
2911 1432 3089 1485 neque
3119 1416 3226 1469 vim
3261 1415 3528 1485 ipsarum.

256 1504 335 1559 ἂν
366 1507 620 1575 ᾔτησας,
653 1508 716 1577 τῇ
753 1504 1107 1575 Σαμαρείτιδι
1142 1504 1323 1575 ἔλεγε·
1356 1506 1449 1559 καὶ
1482 1506 1644 1561 πάλιν
1666 1522 1679 1536 ο
1721 1509 1840 1561 Οὐκ

1949 1505 2088 1560 Tum
2123 1506 2233 1561 alio
2258 1507 2415 1561 loco:
2447 1505 2552 1572 Qui
2583 1506 2735 1560 habet
2771 1523 2925 1560 aures
2957 1505 3227 1571 audiendi,
3265 1505 3452 1559 audiat
3486 1504 3530 1558 '.

256 1594 458 1649 οῖδατε
496 1596 626 1649 οἵου
661 1594 1000 1664 πνεύματός
1040 1594 1201 1649 ἐστε.
1246 1596 1387 1668 Ἀρα
1428 1590 1522 1648 οὖν
1567 1597 1600 1667 ἡ
1647 1595 1840 1665 γνῶσις

1950 1598 2083 1653 Item
2116 1597 2517 1653 Samaritanam
2541 1601 2861 1668 alloquens:
2888 1598 2948 1653 Si
2978 1600 3163 1661 scires,
3197 1598 3392 1666 inquit,
3415 1596 3531 1667 quis

256 1685 358 1739 οὐκ
390 1687 449 1741 ὲν
479 1688 611 1741 πᾶσι
631 1703 645 1717 ’
686 1687 1005 1757 χαρίσματα
1037 1687 1145 1757 γὰρ
1170 1685 1283 1756 ἔχει
1326 1688 1390 1739 ὲκ
1423 1684 1558 1739 Θεοῦ
1590 1686 1840 1759 διάφορα,

1950 1690 2038 1755 sit,
2074 1691 2163 1761 qui
2189 1708 2221 1745 a
2252 1700 2299 1744 te
2328 1700 2509 1760 potum
2530 1692 2743 1762 flagitat
2763 1732 2778 1755 ,
2816 1700 2871 1743 tu
2904 1690 2968 1743 ab
3003 1691 3096 1744 illo
3119 1692 3355 1759 petiisses
3387 1691 3427 1743 θ.
3456 1688 3534 1742 Ac

264 1778 359 1831 καί
386 1794 553 1848 φησιν
584 1780 613 1831 ό
642 1777 797 1846 ἅγιος
826 1778 983 1844 λόγος
1000 1795 1015 1808 ·
1043 1772 1117 1847 Ὦ
1145 1776 1370 1831 δίδοται
1393 1778 1843 1846 περισσότερον,

1950 1795 2167 1834 rursum
2203 1799 2216 1836 :
2277 1781 2512 1837 Nescitis
2561 1782 2710 1851 cujus
2757 1783 2875 1836 sitis
2901 1784 3115 1850 spiritus
3141 1783 3183 1836 ".
3217 1782 3387 1853 Igitur
3426 1796 3534 1835 non

263 1871 702 1938 περισσότερον
732 1869 1185 1938 ἀπαιτήσουσιν
1212 1870 1400 1924 αὐτόν
1417 1887 1430 1900 ·
1456 1870 1532 1933 ὡς
1554 1869 1717 1923 τινῶν
1748 1871 1847 1941 μὲν

1952 1885 2143 1927 omnes
2183 1872 2411 1928 scientia
2438 1873 2652 1944 praediti
2685 1883 2833 1929 sunt.
2863 1872 2998 1926 Nam
3025 1872 3243 1929 diversa
3272 1872 3536 1927 divinitus

258 1960 645 2030 λαμϐανόντων
685 1961 880 2032 βραχὺ,
918 1961 1079 2015 τινῶν
1117 1960 1175 2014 δὲ
1217 1961 1326 2014 οὐδ’
1365 1962 1522 2026 ὅλως,
1568 1961 1743 2015 ἀλλων
1787 1963 1842 2016 δὲ

1952 1964 2096 2016 dona
2131 1966 2633 2028 communicantur,
2665 1972 2848 2034 atque,
2874 1974 2933 2017 ut
2957 1962 3243 2032 Scriptura
3264 1972 3533 2018 testatur:

256 2052 662 2125 περισσοτέρως
686 2052 1005 2123 εἰληφότων.

1951 2054 2053 2111 Cui
2093 2056 2322 2125 amplius
2369 2056 2555 2110 datum
2588 2066 2687 2121 est,
2728 2059 2955 2127 amplius
2996 2057 3061 2111 ab
3106 2073 3165 2111 eo
3204 2054 3432 2124 repetent
3466 2055 3532 2109 ἰ

258 2144 423 2213 quasi
500 2143 748 2198 nonnulli
802 2144 1059 2216 exiguum
1116 2145 1375 2215 quiddam
1427 2144 1723 2216 accipiant,
1780 2147 1874 2202 alii
1940 2150 2161 2220 penitus
2223 2149 2380 2215 nihil,
2426 2150 2518 2204 alii
2571 2150 2799 2207 uberius
2853 2157 2907 2205 et
2955 2149 3329 2205 abundantius
3391 2147 3537 2202 obti-

258 2244 445 2291 neant.
1164 2276 1169 2279 η

328 2329 454 2382 KZ'.
477 2328 590 2381 Καὶ
619 2328 700 2383 ὄτι
732 2330 830 2401 μὲν
860 2330 1031 2385 ταῦτα
1059 2330 1234 2394 οὕτως
1272 2329 1408 2402 ἔχει,
1436 2330 1494 2398 ἐξ
1525 2330 1638 2403 (26)
1669 2330 1848 2386 αὐτῶν

2025 2330 2132 2401 32
2175 2328 2385 2384 XXVII.
2427 2328 2581 2395 Quod
2614 2336 2796 2384 autem
2838 2328 2953 2384 haec
3002 2328 3077 2383 ita
3119 2343 3241 2384 sese
3275 2327 3535 2392 habeant,

255 2417 363 2471 τῶν
398 2418 458 2470 ὲν
493 2420 611 2481 ταῖς
648 2418 821 2483 θείαις
852 2422 1097 2491 Γραφαῖς
1124 2422 1432 2492 εἰρημένων
1464 2422 1613 2477 ἔστιν
1642 2424 1839 2495 εὑρεῖν.

1955 2438 2021 2480 ex
2056 2425 2143 2477 his
2176 2438 2298 2494 quae
2329 2423 2384 2477 in
2436 2424 2611 2479 sacris
2649 2421 2875 2477 Litteris
2909 2437 3169 2491 expressa
3218 2428 3368 2487 sunt,
3410 2420 3537 2474 licet

257 2510 372 2580 Τῆς
383 2511 494 2582 γὰρ
509 2511 659 2576 θείας
672 2513 711 2565 Γ
719 2514 896 2586 ραφῆς
911 2512 1292 2586 πνευματικῶς
1307 2515 1603 2588 λεγομένης
1614 2517 1682 2571 τὰ
1699 2517 1841 2570 πλεῖ-

1956 2516 2234 2586 colligere.
2266 2514 2402 2568 Nam
2432 2514 2715 2585 Scriptura
2749 2529 2908 2569 sacra
2940 2512 3173 2583 Spiritali
3202 2528 3367 2568 sensu
3400 2526 3537 2566 con-

258 2618 358 2655 στα
403 2603 638 2673 μάλιστα
684 2606 815 2674 περὶ
846 2606 947 2675 τῆς
979 2605 1258 2678 ἡμετέρας
1283 2608 1450 2678 ζωῆς,
1478 2604 1732 2677 γνώσεώς
1766 2624 1842 2674 τε,

1956 2617 2112 2677 cepta
2144 2607 2406 2677 pleraque
2448 2606 2513 2660 ad
2563 2606 2726 2659 vitam
2776 2605 3119 2674 salutemque
3180 2610 3423 2657 nostram
3474 2617 3538 2657 ac

256 2696 435 2764 φημὶ,
471 2695 566 2749 τοῦ
602 2696 806 2766 Κυρίου
827 2712 840 2726 ·
867 2697 967 2750 ὅσα
1009 2698 1115 2771 γάρ
1145 2700 1263 2752 ἐστι
1297 2699 1593 2771 βαθύτερα,
1628 2701 1723 2755 καὶ
1753 2717 1840 2753 πε-

1959 2698 2171 2753 Domini
2199 2698 2569 2764 cognitionem
2602 2698 2840 2751 maxime
2875 2694 3181 2765 spectantia
3214 2694 3539 2764 complecti-

257 2788 592 2861 ρισσοτέρως
652 2792 753 2862 τὴν
799 2792 1076 2863 ἡμετέραν
1122 2792 1303 2864 ψυχὴν
1361 2790 1841 2862 ἀπασφαλιςόμενα

1956 2798 2068 2845 tur.
2096 2790 2229 2856 Qum
2260 2790 2406 2845 enim
2458 2789 2835 2848 altiorasunt.
2873 2803 3103 2858 qumque
3151 2789 3396 2841 animum
3436 2801 3540 2841 no-

260 2881 505 2953 ρἠατα,
530 2879 702 2935 ταῦτα
725 2882 806 2945 είς
836 2882 1177 2953 πρόσκομμα
1206 2885 1320 2945 τοῖς
1343 2884 1444 2955 τὴν
1471 2882 1675 2953 γνῶσιν
1704 2881 1839 2935 Θεοῦ

1956 2890 2125 2937 strum
2163 2882 2380 2936 munire
2433 2896 2497 2935 ac
2552 2880 2800 2937 stabilire
2851 2880 3065 2934 firmius
3118 2888 3375 2949 possunt,
3423 2878 3540 2933 haec

258 2970 334 3039 μὴ
394 2969 753 3041 κατειληφόσι
806 2970 1190 3042 συμϐέϐηκενο
1243 2970 1319 3035 ὦς
1378 2989 1545 3043 φησιν
1609 2972 1767 3043 Ὠσηὲ
1814 2974 1842 3026 ό

1956 2972 2057 3029 illis
2093 2971 2385 3027 offensioni
2418 2986 2543 3027 esse
2573 2971 2754 3027 solent
2779 2970 2871 3040 qui
2910 2968 3004 3023 Dei
3036 2971 3325 3023 scientiam
3357 2968 3540 3038 adepti

256 3060 581 3130 προφήτης
632 3059 730 3122 Τίς
776 3060 1033 3127 συνετὸς
1059 3060 1157 3114 καὶ
1185 3062 1450 3130 συνήσει
1476 3062 1698 3127 ταῦτα;
1743 3062 1840 3115 καὶ

1953 3079 2061 3117 non
2100 3063 2345 3126 fuerint,
2385 3073 2444 3115 ut
2487 3060 2627 3115 Osee
2662 3060 2925 3129 pmplteta
2960 3066 3199 3113 testatur
3229 3077 3242 3113 :
3282 3058 3415 3124 Quis
3445 3076 3537 3111 sa-

253 3145 303 3219 ᾦ
327 3153 511 3222 λόγος
545 3149 825 3218 γνώσεως
864 3154 1087 3222 Κυρίου
1117 3152 1352 3207 δέδοται
1371 3193 1386 3217 ,
1419 3154 1517 3207 καὶ
1554 3154 1837 3224 γνώσεται

1956 3156 2098 3224 piens
2127 3164 2174 3208 et
2212 3153 2467 3223 intelliget
2499 3153 2647 3208 Iure?
2675 3162 2724 3207 et
2753 3153 2837 3205 cui
2858 3168 3029 3206 sermo
3055 3151 3288 3205 scientia:
3322 3149 3540 3203 Domini

253 3244 445 3307 aurci;
501 3244 591 3297 ὅτι
640 3243 862 3297 εὐθεῖαι
912 3245 972 3296 al
1022 3242 1148 3297 όδοὶ
1193 3244 1437 3312 Κυρίου,
1487 3244 1724 3311 ἀσεϐεῖς
1777 3243 1837 3297 δὲ

1956 3247 2107 3299 datus
2134 3256 2234 3306 est,
2274 3255 2323 3300 et
2356 3254 2630 3315 cognoscet
2656 3245 2761 3298 ista
2782 3246 2808 3300 ?
2839 3245 3090 3314 quoniam
3121 3250 3277 3296 recta:
3299 3251 3420 3296 sunt
3442 3240 3540 3295 via:

254 3336 722 3404 προσκόψουσιν
765 3334 837 3388 ἐν
864 3332 1095 3400 αὑταῖς.
1141 3333 1361 3387 Εὐθεῖαι
1408 3335 1507 3404 μὲν
1540 3333 1647 3405 γάρ
1681 3337 1838 3397 εἰσιν,

1957 3338 2195 3400 Domini,
2232 3348 2281 3393 et
2328 3338 2478 3406 impii
2532 3337 2601 3389 ad
2632 3354 2722 3391 eas
2755 3334 3019 3404 offendent
3046 3335 3088 3388 ’.
3116 3335 3327 3404 Quippe
3377 3341 3541 3389 rectae

252 3429 370 3483 ἀλλ’
425 3428 476 3481 οἱ
537 3425 757 3490 ἀσεϐεῖς
805 3425 1213 3497 προσκόπτουσι
1260 3428 1382 3488 ταῖς
1426 3426 1566 3490 όδοῖς
1614 3426 1836 3498 Κυρίου,

1952 3440 2101 3495 ευηι,
2135 3431 2228 3487 sed
2257 3430 2325 3484 ad
2356 3430 2471 3486 vias
2495 3429 2615 3485 illas
2650 3428 2863 3481 Domini
2894 3426 3176 3482 offendunt
3203 3426 3378 3496 impii,
3403 3441 3529 3481 cum

252 3518 511 3573 ἀναιτίων
557 3516 766 3571 τούτων
809 3516 986 3571 οὐσῶν
1032 3516 1344 3590 ἀνθρώποις
1395 3516 1836 3589 προσκόμματος.

1955 3524 2058 3578 illae
2094 3538 2192 3592 per
2222 3538 2345 3578 sese
2394 3521 2463 3576 ab
2506 3520 2629 3591 ejus
2661 3518 2983 3575 offensionis
3015 3518 3244 3573 crimine
3288 3518 3398 3573 sint
3438 3518 3539 3573 im-

254 3609 319 3664 Οί
350 3610 461 3681 γὰρ
494 3609 931 3681 προσκόπτοντες
959 3608 1038 3679 τῷ
1080 3609 1216 3679 λίθῳ
1257 3607 1352 3662 τοῦ
1383 3609 1838 3680 προσκόμματος,

1956 3631 2165 3670 munes.
2196 3613 2331 3667 Nam
2367 3613 2461 3684 qui
2493 3612 2561 3666 ad
2611 3612 2847 3683 lapidem
2896 3611 3050 3667 illum
3082 3610 3401 3666 offensionis
3435 3595 3540 3664 im-

253 3700 565 3771 ἀδιαφόρως
596 3700 1023 3772 προσκόπτουσι.
1068 3699 1424 3771 Προσεκοψαν
1454 3699 1565 3771 γὰρ
1605 3699 1684 3770 τῷ
1711 3699 1837 3771 λίθῳ

1953 3705 2212 3776 pingunt,
2263 3718 2361 3772 per
2418 3703 2681 3759 inertiam
2720 3716 2785 3755 ac
2840 3700 3191 3771 supinitatem
3232 3700 3532 3756 offendunt.

252 3793 347 3847 τοῦ
376 3794 810 3864 προσκόμματος
830 3835 845 3860 ,
874 3792 969 3845 καὶ
996 3792 1493 3864 ἐσκανδαλίσθησαν
1511 3811 1523 3824 ·
1553 3793 1716 3857 εὐθὺς
1745 3794 1836 3864 μὲν

1951 3794 2306 3850 Offenderunt
2335 3793 2481 3848 enim
2522 3792 2591 3847 ad
2626 3791 2944 3846 otl‘cnsionis
2981 3792 3213 3861 lapidem
3235 3833 3250 3857 ,
3283 3800 3336 3846 et
3368 3806 3532 3847 scan-

252 3884 364 3955 γάρ
400 3884 452 3937 oi.
502 3883 746 3936 Ἰουδαῖοι
808 3883 1041 3955 όρῶντες
1096 3883 1187 3936 τὸν
1240 3883 1504 3954 μονογενῆ
1555 3884 1684 3938 Υίὸν
1748 3877 1836 3937 τοῦ

1952 3887 2136 3941 dalum
2169 3886 2319 3955 passi
2359 3892 2518 3952 sunt;
2581 3884 2851 3955 imprimis
2892 3882 3099 3949 Judaei,
3147 3899 3272 3936 cum
3311 3883 3534 3937 unicum

252 3974 391 4028 Θεοῦ
424 3977 484 4028 ὲν
514 3975 681 4043 σαρκὶ⁸
720 3973 1038 4044 ἐληλυθότα,
1089 3974 1415 4045 θεοσημείας
1453 3974 1836 4046 ἐργαζόμενον,

1957 3975 2049 4030 Dei
2088 3975 2285 4030 Filium
2314 3989 2482 4030 carne
2512 3974 2800 4045 prmditum
2834 3975 3119 4029 advenisse
3147 3981 3457 4039 cernerent,
3483 3983 3538 4029 et

254 4067 350 4121 καὶ
392 4065 908 4137 μὴ.κατηξιωμένοι
945 4066 1044 4136 τῆς
1072 4065 1324 4134 γνώσεως
1370 4068 1467 4138 τῆς
1494 4067 1838 4138 ἐπουρανίου,

1953 4066 2218 4121 miracula
2256 4056 2603 4137 patrantem,
2664 4066 2875 4120 caelesti
2915 4065 3232 4136 cognitione
3287 4065 3534 4120 destituti

253 4157 458 4225 ἔλεγοψ
490 4158 585 4223 Τίς
601 4156 771 4210 ἐστιν
787 4160 819 4211 ό
834 4156 1143 4225 ἅνθρωπος
1158 4153 1356 4224 οὗτος,
1373 4158 1441 4223 ὃς
1461 4158 1837 4220 λαλεῖβλασ-

1952 4160 2027 4212 ita
2079 4158 2184 4212 sibi
2228 4165 2421 4212 mutuo
2449 4157 2752 4213 dicebant:
2799 4152 2933 4221 Quis
2966 4166 3043 4210 est
3075 4156 3230 4209 homo
3274 4157 3391 4221 iste,
3445 4157 3536 4224 qui

253 4250 520 4318 gnatae;
570 4249 665 4301 καὶ
722 4249 944 4302 ἄλλοτεο
992 4249 1063 4301 El
1118 4244 1198 4318 ἦν
1236 4250 1268 4302 ό
1314 4247 1624 4316 ἅνθρωπος
1666 4243 1837 4312 οὗτος

1955 4247 2188 4316 loquitur
2221 4244 2576 4313 blasphemia}
2612 4246 2696 4298 ‘°?
2730 4247 2882 4299 Alias
2930 4259 3061 4298 vero
3103 4263 3117 4299 :
3178 4243 3238 4298 Si
3264 4253 3399 4297 esset
3452 4243 3536 4295 hic

254 4342 322 4394 ἐκ
352 4339 525 4403 Θεοῦ,
558 4341 667 4393 οὐκ
710 4339 786 4393 ἂν
813 4338 961 4393 ἔλυε
996 4337 1063 4391 τὸ
1098 4338 1424 4393 Σάϐϐατον.
1462 4331 1605 4409 ’Ἆρα
1630 4333 1722 4391 οῦν
1744 4338 1838 4410 τὴν

1952 4335 2105 4390 homo
2142 4353 2175 4389 a
2220 4335 2346 4402 Deo,
2378 4351 2482 4390 non
2525 4335 2743 4389 solveret
2778 4332 3071 4388 Sabbatum
3097 4334 3160 4386 ¹¹.
3190 4331 3534 4385 Divinitatem

254 4432 497 4502 Θεὸτητα
544 4432 804 4501 ἠγνόουν,
845 4430 1130 4501 ἄνθρωπον
1173 4430 1230 4483 δὲ
1276 4429 1430 4500 ψιλὸν
1478 4430 1638 4500 μόνον
1682 4430 1838 4483 αὐτὸν

1955 4428 2122 4500 igitur
2177 4429 2527 4499 ignorantes,
2588 4428 2798 4481 nudum
2858 4426 3009 4480 illum
3083 4424 3356 4478 hominem
3412 4436 3536 4477 esse

256 4520 524 4591 ἐνόμιζον.
575 4520 637 4573 Οἱ
679 4519 737 4572 δὲ
784 4519 878 4573 καὶ
919 4519 1053 4573 Θεὸν
1081 4518 1245 4572 αὑτὸν
1283 4519 1603 4587 ἐγνωκότες,
1641 4520 1840 4591 ἀγνοή-

1950 4521 2392 4591 suspicabantur.
2459 4520 2528 4573 At
2582 4519 2674 4575 isti
2714 4518 2883 4573 Deum
2911 4532 3034 4573 esse
3072 4531 3195 4571 cum
3237 4516 3387 4569 illum
3425 4531 3534 4569 non

258 4629 450 4674 σαντες
481 4610 579 4680 τὴν
619 4609 830 4663 τελείαν
873 4610 1036 4664 αὐτοῦ
1069 4610 1256 4677 δόξαν,
1304 4610 1639 4674 ἀκούσαντες
1673 4611 1743 4664 τά
1781 4613 1838 4665 ὲν

1949 4613 2217 4675 nesciant,
2241 4611 2537 4682 perfectam
2569 4611 2741 4681 ipsius
2773 4610 3087 4680 ignorantes
3113 4608 3373 4679 gloriam,
3408 4622 3533 4663 cum

260 4701 412 4771 βάθει
446 4701 576 4771 περὶ
607 4699 771 4753 αὐτοῦ
818 4699 1083 4771 εἰρημένα
1128 4700 1382 4771 ῥήματα,
1422 4698 1516 4751 καὶ
1560 4697 1704 4751 κατὰ
1737 4697 1838 4768 τὴν

1951 4718 2012 4759 ea
2042 4718 2164 4772 quia
2210 4702 2277 4756 de
2320 4702 2414 4757 illo
2445 4701 2714 4757 altissimo
2771 4715 2940 4756 sensu
2980 4700 3129 4754 dicta
3164 4706 3295 4756 sunt
3343 4699 3534 4753 audie-

258 4795 338 4856 εἰς
391 4792 552 4864 ἡμῶν
600 4790 1124 4863 πραγματευθεῖσαν
1175 4791 1444 4862 σωτήριον
1506 4789 1841 4859 οἰκονομίαν,

1951 4794 2081 4862 rint,
2113 4795 2167 4849 in
2208 4794 2355 4849 illius
2404 4793 2691 4848 divinitate
2722 4793 3020 4848 titubantes
3058 4799 3113 4847 et
3148 4799 3393 4847 errantes
3414 4829 3431 4854 ,
3464 4790 3531 4845 ad

261 4884 617 4955 σφαλλόμενοι
654 4885 733 4948 είς
769 4885 868 4954 τὴν
896 4881 1064 4936 αὐτοῦ
1104 4882 1365 4952 Θεότητα,
1419 4880 1803 4947 κακοδοξοῦσιν
1826 4897 1840 4911 ο

1952 4885 2193 4942 nefarias
2219 4886 2512 4955 opiniones
2548 4883 2844 4940 deflectunt
2877 4904 2890 4939 :
2932 4900 3073 4955 quos
3110 4881 3327 4953 quidem
3376 4896 3530 4936 mens

260 4976 460 5048 ἔσφηλε
489 4977 601 5049 γάρ
630 4976 827 5039 αὐτοὺς
873 4977 907 5046 η
952 4974 1181 5028 διάνοια.
1219 4974 1309 5037 Ὠς
1340 4973 1449 5042 γὰρ
1491 4974 1540 5025 οἱ
1597 4971 1841 5026 Ἰουδαῖοι

1950 4978 2418 5048 intelligentiaque
2446 4991 2545 5032 sua
2591 4985 2939 5034 transversos
2987 4975 3042 5028 in
3093 4989 3334 5029 errorem
3380 4972 3530 5027 abri-

261 5071 585 5141 ἐσφάλησαν,
622 5068 975 5133 ἀκούσαντες,
1021 5066 1165 5120 οὕτω
1209 5067 1304 5120 καὶ
1356 5065 1510 5119 αὐτοὶ
1552 5064 1841 5128 ἀκούοντες

1948 5070 2087 5142 puit.
2117 5067 2252 5123 Nam
2285 5075 2345 5122 ut
2364 5067 2535 5124 Judaei
2559 5076 2916 5139 posteaquam
2942 5064 3253 5130 audierunt,
3278 5063 3532 5119 aberrare

267 5163 581 5232 ὲσφάλοντο.
642 5161 871 5214 Ἐκεῖνοι
915 5159 1025 5231 γάρ
1071 5158 1259 5230 ἐώρων
1312 5158 1382 5212 τὰ
1428 5159 1486 5212 έν
1532 5158 1841 5229 προφήταις

1947 5166 2273 5230 cmperunt:
2328 5158 2407 5213 sic
2438 5166 2492 5213 et
2522 5159 2599 5212 illi
2640 5157 2943 5214 secundum
2994 5155 3327 5211 auditionem
3368 5156 3423 5209 in
3452 5170 3530 5209 er-

263 5254 669 5326 προειρημένα,
718 5255 797 5314 εἰς
829 5251 887 5305 δὲ
929 5252 1025 5322 τὴν
1058 5251 1321 5322 ἐνσαρκον
1359 5251 1595 5323 Χριστοῦ
1632 5268 1838 5323 παρου-

1948 5269 2127 5315 rorem
2170 5250 2409 5322 prolapsi
2433 5258 2581 5305 sunt.
2608 5249 2781 5304 Judaei
2812 5263 2935 5318 quae
2967 5262 2996 5301 a
3030 5247 3308 5319 prophetis
3337 5244 3529 5316 pradi-

264 5346 381 5401 σίαν
408 5345 768 5418 πληρωθέντα
797 5342 1115 5412 ἀγνοοῦντες
1141 5342 1522 5415 ἐταράχθησαν
1541 5359 1555 5373 ⁶
1574 5343 1669 5395 καὶ
1694 5336 1838 5395 οῦτοι

1948 5352 2037 5398 cla
2069 5341 2287 5397 fuerant
2322 5341 2587 5408 videntes,
2629 5348 2683 5396 et
2722 5341 2778 5394 in
2813 5340 3032 5395 Christo
3071 5339 3137 5392 ad
3170 5338 3377 5393 exitum
3409 5352 3531 5408 per-

332 5503 434 5558 ‘F.
465 5504 651 5566 αὑτός.
726 5504 748 5534 ²
788 5500 953 5555 ICor.
986 5515 1070 5563 Ill,
1111 5500 1198 5553 ll.
1272 5500 1293 5533 ³
1332 5499 1529 5568 Ephes.
1573 5515 1635 5563 ll,
1678 5499 1767 5554 20.
1842 5499 1865 5531 ⁵
1906 5498 1916 5552 1

1940 5498 2095 5554 latth.
2139 5514 2275 5563 xxu,
2314 5499 2403 5553 29.
2481 5499 2504 5530 ⁸
2545 5496 2735 5553 Matth.
2778 5512 2860 5568 xl,
2891 5495 2986 5568 15.
3061 5495 3082 5528 ⁸
3120 5493 3282 5550 Joan.
3321 5505 3397 5556 ιν,
3439 5488 3524 5543 to.

266 5576 281 5607 ’
324 5575 455 5630 Luc.
501 5590 575 5640 Ix,
616 5573 703 5628 55.
793 5574 815 5604 ⁸
856 5571 990 5625 Luc.
1030 5585 1129 5634 xit,
1169 5569 1258 5624 48.
1370 5567 1390 5602 ⁵
1429 5568 1557 5625 Ose.
1602 5585 1715 5633 xlv,
1756 5570 1843 5622 10.

1370 5567 1390 5602 ⁵
1429 5568 1557 5625 Ose.
1602 5585 1715 5633 xiv,
1756 5570 1843 5622 10.
1922 5569 1966 5601 ³ο
2005 5568 2139 5624 Luc.
2181 5587 2233 5633 ν,
2274 5570 2365 5623 2|.
2444 5568 2485 5601 ¹¹
2527 5568 2683 5624 Joan.
2726 5583 2803 5634 ιι,
2846 5567 2930 5623 16.

332 5692 445 5764 (16)
490 5688 750 5746 Voculam
789 5686 867 5753 ἐξ,
914 5700 1035 5757 quae
1064 5682 1131 5740 de
1160 5698 1223 5739 eo
1254 5682 1375 5739 loco
1410 5681 1731 5750 exciderat,
1775 5682 1952 5737 cidem
1990 5680 2358 5739 rcstituimus.
