4012 6210
499 260 563 315 G7
1905 253 1962 310 ε..
2006 252 2077 310 EF

2182 253 2352 312 IAN"

3700 255 3768 314 σε

493 374 655 429 ducta
687 383 1019 446 neseienles,
1056 361 1472 442 perturbatione
1498 370 1756 426 commoti
1787 379 1949 438 sunt;
1981 371 2071 426 isti

2182 373 2342 427 πάλιν
2397 373 2487 428 διὰ
2530 374 2632 444 τὴν
2679 373 2846 427 αὑτοῦ
2901 373 3216 444 οἰκονομίαν
3249 352 3762 445 τέ”ςὲγθοεςρημένα

493 478 528 518 e
558 463 838 517 contrario
873 477 996 530 quae
1026 461 1094 515 ad
1127 460 1331 514 Christi
1387 459 1820 513 incarnationem
1852 461 2074 514 oracula

494 554 791 624 pertinent,
825 553 1127 618 audientes,
1167 551 1259 606 sed
1297 551 1484 620 jejune
1515 560 1680 620 atque
1732 551 1949 606 exiliter
1981 566 2074 606 ac-

495 647 784 716 cipientes,
819 660 1069 715 peraeque
1099 644 1408 706 turbantur,
1441 653 1638 713 etquae
1665 643 1730 696 ad
1761 643 2076 697 tediﬁealio-

497 753 623 791 nem
688 745 935 792 nostram
995 735 1202 805 scripta
1239 744 1389 800 sunt,
1448 749 1606 790 suam
1654 734 1722 787 ad
1779 735 2074 805 perniciem

497 830 837 901 exitiumque
877 827 1181 898 proferunt.
1219 827 1335 882 Hoc
1363 828 1508 883 enim
1543 827 1814 896 objiciunt
1846 845 1858 882 :
1911 827 2076 898 Atqui

496 921 753 977 Christus
791 921 931 976 dixit
962 940 975 974 :
1011 919 1122 990 Ego
1159 920 1291 974 vado
1321 923 1387 972 ad
1427 919 1591 973 Deum
1626 936 1796 973 meum
1823 928 1874 973 et
1913 919 2076 974 Deum

493 1022 746 1075 vestrum,
772 1011 988 1065 Patrem
1017 1027 1187 1064 meum
1205 1018 1253 1064 et
1283 1010 1500 1065 Patrem
1523 1020 1754 1066 vestrum
1774 1011 1815 1066 ί.
1843 1009 2078 1066 Videsne

495 1112 556 1158 ut
586 1106 730 1158 inter
779 1109 993 1156 creatas
1035 1117 1124 1156 res
1168 1103 1259 1157 ille
1293 1103 1626 1158 censeatur?
1661 1103 1754 1158 Sic
1801 1103 1946 1157 enim
1981 1116 2078 1171 per

494 1210 763 1252 summam
791 1195 845 1247 in
876 1193 1046 1248 Deum
1071 1196 1460 1250 contumeliam
1487 1195 1763 1265 jactitaut.

561 1287 670 1356 33
711 1283 956 1338 XXVIII.
999 1283 1191 1340 Jamnc
1214 1286 1378 1356 igitur
1409 1287 1799 1343 animadvertis
1818 1286 2079 1357 quemad-

495 1380 716 1434 modum
749 1378 1058 1432 Salvatoris
1091 1379 1400 1433 incarnatio
1431 1379 1640 1434 erroris
1679 1379 1786 1433 illis
1829 1379 2080 1434 occasio-

495 1487 618 1525 nem
641 1469 914 1541 praebeat?
943 1468 1210 1540 Repetant
1239 1473 1382 1527 enim
1406 1488 1528 1541 qua:
1549 1473 1616 1527 ab
1646 1471 1804 1526 initio
1831 1471 2075 1537 fuerunt,

496 1575 563 1614 ac
585 1561 654 1616 de
683 1565 1022 1633 temporibus
1051 1563 1134 1618 vel
1167 1563 1588 1632 tempestatibus
1628 1562 1930 1632 inquirant.
1956 1562 2080 1617 Exi-

496 1663 581 1706 tus
631 1656 790 1720 enim,
832 1656 1028 1726 inquit,
1065 1655 1233 1724 ipsius
1283 1654 1519 1710 adiebus
1557 1656 1870 1710 a’ternitatis
1900 1656 1942 1707 ².
1987 1656 2080 1708 Vi-

2175 463 2484 529 ἀκούοντες,
2508 463 2677 534 ψιλῶς
2709 465 2766 517 δὲ
2792 463 2931 516 αὐτὰ
2959 461 3225 528 νοοῦντες,
3259 463 3622 534 ταράσσονται
3666 465 3760 516 καὶ

2175 557 2574 630 προϐάλλονται
2619 559 2700 620 εἰς
2738 557 2836 624 τὴν
2874 555 3082 608 ἑαυτῶν
3120 555 3525 626 καταστροφὴν,
3575 555 3640 608 τὰ
3679 556 3760 618 εἰς

2175 650 2274 718 τὴν
2307 648 2466 720 ἡμῶν
2513 649 2802 718 οἰκοδομήν
2822 665 2834 676 ·
2867 648 2960 700 καί
2992 665 3153 716 φασιν
3173 663 3186 677 ο
3233 647 3369 699 Ἀλλ’
3397 643 3570 710 εἶπεν,
3612 645 3760 715 Ἑτὼ

2175 742 2506 812 ἀπέρχομαι
2532 741 2681 810 πρὸς
2709 742 2816 794 τὸν
2837 743 2984 794 Θεόν
3005 758 3124 810 μου
3150 739 3246 793 καί
3274 739 3424 794 Θεὸν
3445 738 3633 808 ὑμῶν,
3656 739 3758 794 καὶ

2177 833 2408 903 Πατέρα
2442 851 2560 902 μου
2610 833 2708 886 καί
2751 830 2983 900 Πατέρα
3013 830 3197 900 ὑμῶν.
3244 830 3406 902 Ὁρᾷς
3435 831 3515 884 ὅτι
3543 830 3635 883 καὶ
3669 829 3763 895 αὐ-

2176 926 2267 990 τὸς
2291 926 2350 980 ἓν
2378 927 2494 980 ἐστι
2519 925 2628 980 τῶν
2651 924 3000 996 κτισμάτωνς
3035 921 3488 994 βλασφημοῦντες
3518 920 3760 992 τολμῶσι

2176 1018 2374 1087 λέγειν.

2251 1285 2387 1340 KH'.
2429 1287 2657 1351 Βλέπεις
2682 1288 2863 1342 τοῖνυν
2900 1287 2981 1342 ὅτι
3017 1285 3239 1356 σφάλλει
3266 1283 3462 1347 αὖτοὺς
3486 1285 3518 1353 ἡ
3543 1281 3642 1352 τῆς
3673 1283 3759 1334 ὲν-

2182 1378 2386 1450 σάρκου
2427 1381 2727 1452 παρουσίας
2760 1379 3075 1451 οἰκονομίας
3117 1377 3512 1432 Ἀναλιὶιὸουσι⁶
3550 1375 3659 1446 γὰρ
3698 1375 3759 1441 ἐξ

2181 1470 2436 1541 ὑπαρχῆς
2471 1511 2485 1533 .
2564 1473 2660 1526 καὶ
2725 1474 3060 1544 ὲρωτήσουσι
3116 1472 3340 1543 χρόνους
3413 1468 3447 1539 ἢ
3510 1466 3755 1538 καιρούς.

2177 1566 2247 1617 Αἰ
2277 1560 2387 1631 γὰρ
2411 1563 2669 1628 διέξοδοι
2695 1565 2903 1631 αὐτοῦ,
2932 1562 3121 1636 φησὶν,
3148 1562 3250 1632 ἀφ’
3270 1558 3506 1630 ἡμερῶν
3523 1557 3755 1623 αἰῶνος.

2185 1657 2412 1730 Ἴδωμεν
2462 1657 2642 1711 τοίνυν
2683 1656 2752 1710 τὰ
2804 1657 2910 1727 πρὸ
2954 1655 3179 1709 τούτων.
3226 1653 3393 1722 Φησὶν
3455 1653 3484 1704 6
3532 1651 3756 1721 Πατήρο

497 1745 726 1800 deamus
780 1746 946 1817 igitur
988 1761 1050 1803 ea
1087 1763 1209 1816 quae
1242 1754 1401 1802 antea
1449 1753 1868 1816 praecesserunt.
1917 1745 2077 1801 Pater

2182 1749 2532 1818 Ποιήσωμεν
2567 1749 2879 1816 ἄνθρωπον
2909 1747 3037 1799 κατ’
3080 1744 3283 1800 εἰκόνα
3322 1740 3617 1811 ἡμετέραν
3659 1736 3758 1793 καὶ

500 1836 644 1890 hunc
676 1837 728 1890 in
759 1837 978 1891 modum
1012 1838 1227 1892 locutus
1255 1846 1339 1892 est
1374 1835 1700 1891 :Faciamus
1722 1837 1982 1890 hominem
2009 1835 2078 1889 ad

497 1927 780 1996 imaginem
813 1939 1049 1982 nostram
1087 1940 1140 1983 et
1173 1930 1240 1982 ad
1286 1927 1707 1982 similitudinem.
1740 1927 1856 1984 Non
1887 1927 2025 1982 dixit
2063 1945 2076 1979 :

496 2018 716 2075 Faciam
752 2022 1027 2076 hominem
1057 2021 1120 2074 ad
1153 2021 1443 2090 imaginem
1468 2033 1664 2074 meam.
1687 2017 1787 2074 Vel
1817 2020 1931 2074 haec
1962 2019 2078 2088 ipsa

497 2117 552 2164 te
592 2113 754 2165 verba
783 2114 1115 2183 redarguere
1141 2112 1373 2171 debent.
1411 2111 1724 2180 quicunque
1754 2111 2078 2166 obduratum

497 2216 595 2254 cor
627 2203 796 2257 babes
823 2205 898 2256 uti
929 2203 1195 2270 scriptum
1228 2208 1309 2255 est
1356 2219 1369 2254 :
1406 2199 1508 2254 Sed
1539 2199 1857 2254 obduratum
1883 2212 1959 2255 est
1991 2218 2082 2255 cor

495 2307 680 2345 eorum
712 2293 754 2344 ³.
802 2291 1150 2347 Πίεεειὶἰιὶηο
1187 2290 1382 2342 Filium
1429 2289 1573 2358 apud
1606 2289 1820 2345 Patrem
1866 2305 2081 2360 semper

497 2384 799 2440 exstitisse.
829 2383 963 2437 Nam
993 2383 1098 2438 hoc
1127 2383 1350 2437 verbum
1379 2400 1392 2436 :
1434 2379 1747 2446 Faciamus,
1775 2398 1884 2437 non
1910 2399 2079 2438 unum

497 2479 766 2532 duntaxat
813 2476 1127 2547 signiﬁcat,
1192 2475 1287 2530 sed
1320 2473 1538 2529 Patrem
1587 2489 1704 2529 eum
1749 2473 1886 2529 Filio
1915 2476 2082 2530 collo-

498 2577 760 2637 quentem
807 2567 1087 2636 exprimit.
1138 2563 1340 2619 Eadem
1381 2572 1434 2619 te
1473 2580 1579 2619 vox
1619 2565 1712 2619 illa
1748 2566 2077 2634 convincat,

491 2660 748 2730 quisquis
794 2658 942 2712 Patri
995 2656 1318 2712 dissimilem
1361 2672 1486 2712 esse
1526 2654 1726 2710 Filium
1779 2657 2078 2713 existimas.

496 2753 613 2806 Hoc
663 2753 808 2808 enim
857 2751 976 2820 ipso
1012 2750 1156 2820 quod
1197 2749 1349 2814 dicit,
1388 2749 1456 2804 ad
1486 2750 1765 2819 imaginem
1804 2759 2078 2814 nostram,

496 2841 621 2898 Filii
656 2841 1072 2899 similitudinem
1113 2855 1143 2894 a
1175 2838 1336 2894 Patre
1372 2855 1480 2894 non
1519 2839 1808 2909 disjunxit,
1835 2855 1937 2894 nec
1973 2840 2084 2893 ulla

495 2948 556 2987 re
586 2930 767 2988 Patris
800 2929 1137 2984 identitatem
1170 2944 1296 2984 cum
1322 2927 1462 2982 Filio
1487 2928 1759 2984 distinxit.
1796 2927 1929 2983 Nam
1971 2945 2080 2986 non

497 3022 662 3085 dixit,
687 3021 755 3076 ad
789 3021 1077 3090 imaginem
1110 3034 1309 3083 meam,
1333 3020 1441 3085 vel,
1472 3019 1540 3074 ad
1564 3019 1853 3091 imaginem
1888 3028 2037 3076 tuam
2065 3039 2080 3076 :

492 3113 594 3168 sed
627 3111 806 3167 Patris
835 3118 890 3166 et
927 3109 1049 3164 Filii
1073 3117 1128 3166 et
1158 3109 1397 3180 Spiritus
1423 3111 1600 3165 sancti
1628 3126 1791 3165 unam
1825 3112 2082 3166 substan-

495 3206 630 3258 tiam
691 3202 1146 3269 divinitatemque
1201 3200 1543 3256 monstravit.
1583 3200 1728 3254 Dixit
1778 3200 1958 3266 enim,
2011 3201 2079 3256 ad

493 3292 782 3361 imaginem
822 3299 1064 3344 nostram
1101 3299 1152 3342 et
1199 3289 1636 3353 similitudinem;
1687 3300 1746 3345 ut
1773 3290 1962 3346 eadem
1998 3292 2082 3346 in-

495 3383 774 3452 telligatur
811 3395 934 3436 esse
969 3379 1174 3444 Patris,
1209 3379 1330 3434 Filii
1359 3389 1414 3435 et
1443 3380 1680 3451 Spiritus
1727 3382 1898 3438 sancti
1952 3383 2085 3438 divi-

495 3476 664 3536 nitas,
700 3474 766 3528 ad
815 3472 975 3542 cujus
1010 3470 1301 3541 imaginem
1345 3471 1510 3529 homo
1548 3473 1620 3526 sit
1657 3487 1970 3542 expressus.
2007 3473 2083 3528 Te

494 3581 714 3636 quoque
747 3565 837 3619 hic
875 3563 965 3618 ille
1001 3563 1158 3618 locus
1183 3602 1198 3627 ,
1228 3562 1321 3615 Ari
1342 3602 1360 3627 ,
1394 3561 1688 3633 redarguat
1712 3581 1726 3618 :
1753 3579 1818 3619 ac
1862 3563 2079 3621 Patrem

495 3653 694 3708 Filium
726 3669 790 3708 ea
827 3667 964 3707 voce
1018 3651 1436 3721 compellantem
1492 3651 1714 3716 audias,
1770 3650 2078 3708 Faciamus.

497 3749 614 3816 Qua
646 3761 778 3802 voce
814 3745 1018 3816 opilicii
1075 3745 1394 3814 participem
1432 3744 1670 3814 appellat
1713 3743 1931 3801 Filium.
1969 3748 2081 3802 Sae-

495 3853 798 3910 penumero
837 3837 985 3893 enim
1017 3837 1314 3892 nonnullos
1342 3837 1448 3891 ista
1471 3837 1742 3906 jactantes
1771 3839 1955 3902 audio,
1985 3839 2080 3894 Fi-

493 3932 632 3985 lium
671 3929 897 3984 omnino
922 3928 1118 3983 fecisse
1145 3928 1316 3994 nihil;
1349 3927 1444 3983 sed
1477 3944 1573 3998 per
1603 3929 1778 3999 ipsum
1803 3930 2080 3985 nihilomi-

494 4039 602 4078 nus
645 4023 831 4076 omnia
870 4036 994 4077 esse
1050 4021 1212 4075 facta.
1252 4019 1452 4076 Verum
1499 4025 1546 4076 si
1597 4037 1694 4092 per
1723 4022 1897 4092 ipsum
1943 4022 2081 4079 facta

491 4121 647 4176 sunt,
680 4115 868 4185 utique
898 4122 954 4168 et
992 4114 1108 4183 ipse
1158 4111 1285 4167 fecit
1311 4153 1326 4178 ,
1368 4120 1428 4166 ut
1456 4121 1643 4184 aperte
1682 4114 2082 4170 demonstravi-

492 4224 635 4263 mus.
653 4208 865 4262 Etenim
903 4206 1201 4277 primarius
1230 4205 1323 4260 ille
1364 4205 1559 4262 artifex
1584 4205 1605 4237 ⁸
1625 4247 1640 4272 ,
1669 4205 1914 4261 divinum
1940 4207 2086 4264 vidc-

493 4301 622 4354 licet
653 4298 916 4361 Verbum,
947 4300 1331 4352 universorum
1363 4297 1589 4353 eﬂ‘ector
1625 4307 1744 4362 est,
1783 4315 1880 4369 per
1918 4315 2079 4368 quem

2183 1839 2312 1892 καθ’
2357 1839 2674 1906 ὁμοίωσιν·
2719 1837 2813 1890 καὶ
2841 1837 2941 1890 οὐκ
2971 1829 3090 1888 εἷπε
3110 1851 3124 1864 ο
3159 1833 3274 1903 (9.7)
3303 1832 3522 1901 Ποιήσω
3555 1829 3760 1901 ἄνθρω-

2181 1943 2281 1980 πον
2306 1927 2426 1980 κατ’
2453 1927 2637 1981 εἰκόνα
2663 1927 2820 1996 ἐμήν.
2866 1922 3182 1994 Ἐλέγχθητι
3203 1923 3232 1974 6
3253 1921 3392 1990 ἔχων
3429 1915 3759 1988 πεπωρωμέ-

2181 2035 2278 2086 νην
2344 2018 2442 2088 τὴν
2491 2018 2716 2088 καρδίαν
2773 2016 2914 2070 κατὰ
2973 2015 3036 2068 τὸ
3090 2012 3509 2086 γεγραμμένον·
3597 2008 3758 2062 Ἀλλ’

2181 2109 2458 2178 ἐπωρώθη
2487 2110 2526 2177 ἡ
2554 2109 2768 2176 καρδία
2798 2105 3027 2161 αὐτῶν
3052 2105 3145 2159 καὶ
3177 2104 3314 2175 μάθε
3350 2103 3436 2158 τὸν
3470 2101 3597 2154 Υἱὸν
3629 2099 3759 2152 ὅντα

2182 2202 2267 2252 ἀεὶ
2302 2200 2442 2271 πρὸςΔ
2476 2200 2570 2252 τὸν
2611 2201 2850 2269 Πατέρα.
2891 2195 2964 2249 Τὸ
2989 2196 3097 2268 γὰρ
3142 2198 3349 2259 εἰπεῖν,
3381 2195 3755 2262 Ποιήσωμεν,

2182 2295 2279 2363 οὐχ
2324 2269 2442 2356 ἑνός
2484 2296 2599 2346 ἐστι
2648 2292 3019 2362 σημαντικὸν,
3070 2290 3206 2344 ἀλλὰ
3253 2289 3468 2359 Πατρὸς
3511 2287 3758 2354 λέγοντος

2184 2384 2321 2455 πρὸς
2345 2384 2439 2438 τὸν
2473 2385 2619 2440 Υίόν.
2647 2383 2959 2453 Ἐλέγχθητι
2977 2384 3004 2437 ὁ
3033 2382 3204 2452 λέγων
3233 2382 3326 2435 τὸν
3354 2380 3484 2434 Υἱδν
3510 2379 3759 2451 ἀνόμοιον

2183 2477 2260 2547 τῷ
2304 2477 2498 2549 Πατρί.
2540 2478 2627 2529 Ἐν
2669 2476 2748 2546 τῷ
2780 2476 2888 2547 γὰρ
2935 2476 3110 2528 εἰπεῖν
3149 2473 3346 2535 αὑτὸν,
3397 2474 3526 2526 κατ’
3556 2472 3761 2526 εἰκόνα

2184 2568 2499 2638 ἡμετέραν,
2545 2570 2603 2622 οὐ
2629 2569 2896 2641 διέκρινεν
2927 2567 3186 2637 ὁμοίωσιν
3219 2564 3351 2618 Υίοῦ
3383 2564 3494 2617 ἀπὸ
3523 2563 3759 2634 Πατρδς,

2182 2660 2302 2713 οὐδὲ
2349 2659 2509 2713 διεῖλέ
2551 2677 2604 2711 τι
2631 2659 2731 2729 τῆς
2754 2658 3082 2728 ταυτότητος
3127 2656 3223 2711 τοῦ
3260 2654 3473 2727 Πατρὸς
3506 2655 3641 2726 πρὸς
3671 2654 3762 2708 τὸν

2183 2751 2336 2804 Υἱόν.
2363 2751 2438 2803 Οὐ
2467 2749 2576 2821 γὰρ
2616 2745 2762 2813 εἷπε,
2787 2751 2910 2804 κατ’
2933 2749 3117 2804 εἰκόνα
3159 2749 3318 2820 ἐμὴν,
3345 2748 3404 2818 ἢ,
3436 2747 3555 2801 κατ’
3581 2747 3762 2800 εἰκόνα

2186 2844 2305 2915 σὴν,
2336 2842 2473 2896 ἀλλὰ
2503 2841 2598 2895 τοῦ
2639 2841 2852 2912 Πατρὸς
2895 2841 3113 2894 καὶτοῦ
3148 2839 3280 2893 Υἱοῦ
3329 2839 3424 2893 καὶ
3465 2839 3560 2893 τοῦ
3605 2839 3762 2908 ἁγίου

2185 2934 2502 3006 Πνεύματος
2544 2934 2671 3005 μίαν
2724 2935 2911 2987 οὐσίαν
2939 2932 3172 3005 ἐδήλωσε
3203 2933 3298 2986 καὶ
3329 2933 3568 3004 Θεότητα
3587 2949 3600 2962 '
3632 2932 3764 3002 φησί

2188 3027 2318 3097 γὰρ,
2351 3026 2477 3080 κατ’
2507 3025 2712 3079 εἰκόνα
2758 3024 3053 3094 ἡμετέραν
3079 3023 3178 3077 καί
3207 3025 3336 3078 καθ’
3361 3025 3666 3092 ὁμοίωσιν,
3689 3021 3763 3085 ὥς

2183 3111 2322 3170 εἶναι
2371 3116 2469 3185 μὲν
2517 3115 2644 3186 μίαν
2695 3114 2789 3169 τοῦ
2824 3115 3037 3186 Πατρὸς
3080 3115 3176 3168 καὶ
3222 3113 3316 3167 τοῦ
3359 3112 3489 3166 Υἰοῦ
3537 3114 3632 3166 καὶ
3671 3112 3763 3165 τοῦ

2180 3209 2341 3278 ἁγίου
2370 3207 2695 3279 Πνεῦματος
2727 3208 2826 3279 τὴν
2872 3208 3123 3279 θεότητα,
3166 3206 3452 3278 ἄνθρωπον
3471 3205 3528 3258 δὲ
3553 3204 3762 3272 γεγονέ-

2181 3316 2269 3352 ναι
2300 3299 2417 3352 κατ’
2443 3299 2626 3353 εἰκόνα
2661 3298 2764 3368 τῆς
2799 3299 2928 3368 μιᾶς
2965 3295 3218 3368 θεότητος
3244 3295 3460 3367 Πατρὸς
3501 3295 3596 3349 καὶ
3631 3292 3762 3346 Υἱοῦ

2182 3390 2275 3442 καὶ
2309 3390 2465 3458 ἁγίου
2515 3389 2852 3460 Πνεύματος.
2903 3387 3225 3460 Ἑλέγχθητι
3259 3388 3354 3442 καὶ
3405 3387 3506 3450 σὺ,
3550 3387 3761 3455 Ἃρειε,

2181 3482 2276 3536 καὶ
2299 3483 2464 3537 ἄκουε
2491 3483 2583 3536 τὸν
2611 3482 2832 3553 Πατέρα
2857 3481 3088 3550 λέγοντα
3110 3481 3190 3551 τῷ
3219 3479 3354 3551 Υίῷ,
3382 3477 3758 3548 Ποιήσωμεν,

2183 3573 2612 3646 συνδημιουργὸν
2653 3573 2922 3628 καλοῦντα
2971 3572 3063 3627 τὸν
3111 3572 3258 3628 Υἰὸν.
3325 3570 3592 3634 Πολλάκις
3654 3569 3762 3640 γὰρ

2181 3666 2398 3738 ἀκήκοὰ
2438 3683 2591 3730 τινας
2633 3666 2913 3735 λέγοντας,
2952 3666 3033 3718 ὅτι
3069 3666 3098 3717 6
3131 3663 3260 3726 Υἱὸς
3297 3663 3554 3734 ἐποίησεν
3583 3661 3758 3724 οὐδὲν,

2179 3759 2319 3812 ἀλλὰ
2357 3760 2423 3812 δι’
2460 3760 2625 3813 αὑτοῦ
2675 3759 2891 3827 ἐγένετο
2939 3755 3008 3810 τὰ
3048 3756 3337 3826 γενόμενα.
3389 3756 3452 3808 Εἰ
3492 3756 3558 3808 δι’
3596 3754 3761 3808 αὑτοῦ

2181 3851 2393 3920 γέγονε,
2423 3851 2515 3904 καὶ
2539 3850 2700 3912 αὐτὸς
2731 3849 3006 3918 ἐποίησεν,
3040 3848 3116 3910 ὡς
3145 3847 3333 3914 σαφῶς
3357 3846 3755 3901 ἀποδέδεικται.

2194 3941 2252 3995 '0
2278 3942 2387 4010 γὰρ
2422 3940 2750 4012 ἀρχιτέχνης
2786 3938 2959 4006 Λόγος
2989 3937 3206 3991 πάντων
3237 3936 3354 3988 ἐστὶ
3381 3938 3630 4005 ποιητὴς,
3667 3937 3762 3990 καὶ

2181 4033 2247 4087 δι’
2282 4031 2446 4086 αὐτοῦ
2495 4031 2683 4100 Πατὴρ
2712 4029 3020 4101 ἐργάζεται.
3064 4028 3432 4081 ’Λκουέτωσαν
3460 4025 3570 4097 γὰρ
3593 4026 3759 4080 αὐτοῦ

2184 4125 2371 4195 σαφῶς
2421 4124 2700 4192 λέγοντος·
2767 4123 2824 4176 '0
2875 4122 3079 4189 Πατήρ
3131 4138 3251 4190 μου
3299 4118 3597 4189 ἐργάζεται
3647 4120 3760 4186 ἕως

2183 4221 2313 4287 ἄρτι
2332 4257 2347 4281 ,
2376 4217 2536 4286 κάγὼ
2560 4215 2871 4286 ἐργάζομαι
2892 4231 2906 4245 ’
2937 4215 3030 4269 καὶ
3060 4209 3161 4268 ὧδε
3197 4214 3289 4266 τὸν
3316 4211 3536 4282 Πατέρα
3563 4210 3756 4264 ἑαυτοῦ

2185 4309 2614 4380 συνδημιουργὸν
2663 4309 2820 4362 καλεῖ
2851 4311 2908 4360 ὲν
2939 4307 3018 4377 τῷ
3041 4307 3222 4374 λέγειν
3246 4304 3422 4358 τοῦτο.
3468 4303 3629 4356 Ἀλλὰ
3661 4302 3759 4356 πά·

491 4388 656 4442 Pater
683 4389 869 4442 omnia
898 4388 1140 4442 molitur.
1181 4387 1425 4441 Audiam
1465 4390 1613 4441 enim
1658 4390 1837 4457 ipsum
1875 4390 2077 4444 diserte

2182 4401 2264 4451 λιν
2294 4400 2367 4468 μή
2401 4415 2460 4450 σε
2495 4398 2760 4451 ἀπατάτω
2787 4399 2818 4468 ή
2841 4396 3071 4456 διάνοια.
3098 4395 3192 4448 καὶ
3221 4393 3528 4466 προσέλθῃς
3546 4392 3623 4464 τῷ
3644 4393 3758 4464 Υίῷ

495 4481 600 4533 ista
623 4479 892 4533 dicentem
928 4496 942 4533 :
978 4477 1140 4532 Pater
1172 4494 1316 4530 meus
1348 4488 1616 4545 operatur,
1639 4489 1688 4532 et
1710 4497 1802 4549 ego
1825 4495 2010 4548 operor
2029 4489 2073 4536 ³.

492 4569 708 4636 Quibus
762 4568 944 4623 verbis
995 4568 1362 4623 cowmuniter
1404 4582 1589 4622 secum
1645 4571 1855 4625 eﬂicere
1893 4573 2078 4625 omnia

491 4664 712 4716 Patrem
757 4660 1045 4731 signiﬁcat.
1081 4660 1280 4716 Verum
1325 4673 1458 4714 cave
1495 4676 1561 4715 nc
1608 4671 1658 4714 te
1705 4669 1795 4714 tua
1829 4677 1983 4717 mens
2019 4663 2072 4717 iu

491 4768 735 4808 errorem
758 4752 1017 4815 abducat,
1039 4760 1097 4805 ut
1124 4753 1188 4807 ad
1212 4750 1430 4817 Filium,
1454 4761 1712 4821 tanquam
1740 4752 1806 4806 ad
1833 4768 2072 4820 servum,

493 4860 604 4901 non
635 4851 822 4898 verum
855 4859 918 4899 ac
960 4844 1264 4915 legitimum
1306 4843 1596 4900 Dominum
1641 4845 1892 4902 accedas.
1937 4847 2073 4903 Nam

603 5027 619 5057 ¹
657 5023 817 5080 Joan.
859 5043 950 5088 xx,
994 5026 1078 5080 I7.
1164 5028 1184 5059 ²
1227 5024 1390 5080 Mich.
1433 5043 1486 5091 v,
1523 5025 1580 5080 2.

495 5111 569 5162 σι,
595 5105 648 5151 et
675 5097 1015 5168 ἐρωτήσωσι.

565 5251 677 5322 (‘27)
717 5251 1038 5307 Communis
1080 5259 1164 5322 est
1211 5251 1428 5304 Patrum
1489 5252 1758 5322 sententia
1820 5263 2062 5306 sanctam

494 5319 820 5376 Trinitatem
861 5323 953 5376 illo
989 5322 1110 5376 libri
1137 5320 1570 5381 Genescosloco,
1594 5319 1874 5376 Faciamus
1896 5325 2066 5376 hami-

495 5409 636 5454 nem,
679 5401 809 5458 etc.,
838 5391 1152 5446 adumbrari
1182 5392 1591 5462 signiﬁcatione
1618 5396 1852 5460 quadam
1902 5402 2068 5462 atque

493 5463 769 5518 deuotari.
816 5461 973 5526 Quod
1009 5462 1098 5515 hic
1131 5461 1414 5532 contendit
1457 5461 1816 5532 Epiphanius,
1873 5465 2070 5532 repetit

494 5534 692 5588 deinde
739 5533 794 5586 in
845 5532 1077 5585 Panario
1125 5541 1178 5586 et
1219 5533 1286 5585 de
1329 5531 1611 5586 Samarilre
1659 5548 1826 5599 agens
1873 5531 2067 5589 haeresi

493 5617 725 5658 numero
765 5603 818 5667 5,
849 5611 902 5657 et
935 5603 1001 5656 de
1047 5604 1237 5657 haeresi
1278 5602 1369 5665 25,
1417 5619 1645 5657 numero
1679 5603 1732 5655 2.
1769 5600 2072 5656 Videantur

495 5683 558 5727 ea
586 5671 653 5728 de
681 5688 736 5728 re
773 5673 915 5728 sacri
943 5674 1139 5727 divinae
1169 5673 1468 5741 Srripturw
1499 5675 1858 5740 interpretes;
1891 5683 1983 5726 aut
2023 5673 2070 5726 si

1668 5026 1688 5057 ³
1726 5025 1885 5082 Joan.
1929 5045 2028 5095 xu,
2063 5031 2153 5089 40.

2180 4488 2255 4550 ὡς
2278 4488 2470 4558 δούλῳ,
2510 4489 2604 4540 καὶ
2648 4489 2721 4558 μὴ
2749 4488 2825 4550 ὡς
2857 4485 3096 4557 ἀληθινῷ
3122 4485 3391 4556 Δεσπότῃ.
3417 4487 3481 4538 Εἰ
3508 4484 3618 4556 γὰρ
3646 4485 3758 4539 δοῦ-

2181 4576 2270 4639 λος
2315 4573 2404 4648 ἦν,
2451 4579 2547 4631 καὶ
2587 4579 2688 4631 οὐκ
2730 4577 2979 4648 ἀληθινὸς
3008 4579 3323 4648 Δεσπότης,
3368 4576 3487 4639 πῶς
3516 4575 3758 4645 μηρρὴν

2181 4669 2406 4724 δούλου
2439 4672 2733 4726 ἀνέλαϐεν
2780 4671 2950 4725 ἐλθὼν
2988 4674 3018 4726 6
3060 4672 3129 4724 ἐν
3154 4669 3360 4740 μορφῇ
3390 4668 3539 4724 Θεοῦ
3567 4668 3758 4736 ὑπάρ-

2181 4779 2341 4828 χων;
2389 4763 2506 4826 πῶς
2553 4763 2609 4816 δὲ
2655 4764 2863 4817 ἐκείνου
2916 4761 3345 4835 συνδημιουργὺν
3402 4760 3586 4814 ἐκάλει
3634 4763 3757 4814 ἐαυ-

2179 4853 2301 4918 τὸν,
2353 4854 2402 4906 εἰ
2457 4855 2530 4926 μὴ
2570 4851 2683 4925 εἶχε
2732 4856 2792 4908 τὸ
2843 4855 3079 4921 τέλειον;
3126 4854 3214 4919 Ὡς
3268 4852 3386 4922 Θεῷ
3433 4848 3528 4906 οὖν
3569 4851 3757 4918 τελείῳ

2233 5033 2253 5064 ⁸
2293 5033 2421 5104 Sap.
2465 5050 2562 5100 vn,
2598 5034 2685 5089 2|.
2763 5034 2960 5090 l‘Joan.
3000 5050 3054 5096 v,
3098 5035 3184 5089 I7.
3333 5032 3439 5087 “F.
3475 5029 3758 5087 ἀναλάϐω-

2170 5251 2494 5322 coinpend’lo
2545 5252 2690 5322 illam
2752 5250 3011 5322 expedire
3066 5265 3260 5315 areas,
3323 5251 3464 5322 inter
3500 5259 3749 5322 caeteros

2170 5319 2457 5377 consulere
2499 5321 2698 5386 poteris
2738 5319 3018 5374 Petavium
3065 5323 3117 5375 in
3165 5321 3258 5375 lib.
3310 5337 3324 5374 l
3386 5319 3458 5375 De
3494 5321 3756 5374 Trinirale

2172 5409 2292 5461 cap.
2322 5393 2372 5454 7,
2395 5409 2422 5444 a
2447 5406 2676 5445 numero
2703 5391 2736 5444 4
2762 5391 2827 5444 ad
2861 5391 2948 5444 l5.
2979 5387 3264 5445 Neminem
3294 5391 3428 5443 latet
3457 5393 3758 5446 catholicos

2171 5463 2459 5541 theologos
2484 5462 2536 5514 in
2565 5462 2858 5541 praesentia
2889 5462 3238 5541 adversarios
3263 5461 3499 5541 experiri
3532 5475 3758 5541 nou_sti-

2175 5533 2286 5652 llun'i
2321 5532 2558 5586 Ariauos
2585 5532 2699 5586 sive
2735 5539 2968 5596 veteres,
3013 5533 3125 5586 sive
3161 5533 3498 5587 recentiores
3521 5573 3535 5599 ,
3567 5531 3661 5586 sed
3702 5541 3753 5584 ct

2214 5619 2262 5652 Ut
2288 5618 2412 5652 :l'OS.

2214 5618 2412 5654 tltl;l'OS.
