4012 6210
324 299 392 355 69
1702 285 2147 352 auconarus.
3506 269 3573 332 το

333 417 598 489 πρόσελθε
656 414 733 486 τῷ
790 412 902 484 Υίῷ
975 413 1072 466 καὶ
1143 409 1256 482 Υίῷ
1310 410 1518 480 γνησίῳ
1569 407 1683 463 ὄντι
1746 407 1899 480 παρὰ

2035 406 2056 459 li
2091 420 2308 471 servus,
2341 421 2450 460 non
2491 420 2653 462 verus
2685 413 2830 460 esset
2869 403 3159 467 Dominus,
3190 403 3324 459 serui
3357 402 3588 472 formam

335 509 564 578 Πατρός.

2015 496 2287 568 quomodo
2327 498 2544 554 tandem
2600 498 2856 552 induisset
2904 499 2982 565 is,
3042 498 3218 566 quiin
3276 497 3448 566 [arma
3494 498 3594 553 Dei

331 609 446 654 erat
481 599 546 652 1‘i
584 605 676 651 aut
705 595 979 666 quomodo
1026 609 1086 649 se
1130 608 1257 646 cum
1298 591 1388 645 illo
1439 605 1622 646 rerum
1661 589 1905 645 omnium
1953 589 2202 658 Opiﬁcem
2235 604 2358 644 esse
2397 589 2625 655 diceret,
2657 591 2764 644 nisi
2802 589 3042 659 perlecta
3099 596 3246 644 esset
3304 586 3591 642 divinitate

336 689 628 761 praeditus?
675 687 863 757 Itaque
908 686 974 740 ad
1041 684 1238 739 Filium
1292 685 1372 738 sic
1422 691 1684 753 tanquam
1755 682 1821 736 ad
1869 680 2168 752 perfectum
2203 681 2370 737 Deum
2446 696 2511 736 ac
2568 683 2868 754 legitimum
2905 698 2934 736 a
2987 681 3149 736 Patre
3205 678 3587 751 procedentem

334 783 530 840 Filium
557 784 820 839 accedito.

402 874 531 930 KB’.
573 874 683 929 Kal
719 871 792 944 μὴ
820 872 908 925 διὰ
943 871 1230 926 κακόνοιαν
1265 870 1423 941 εἴπῃς
1445 887 1456 898 ·
1524 869 1686 922 Ἀλλὰ
1723 868 1752 921 6
1793 869 1909 922 Πα-

336 971 441 1041 τὴρ
472 965 591 1021 εἷπε
637 966 714 1038 τῷ
749 965 882 1036 Υιῷ,
932 964 1301 1033 Ποιήσωμεν,
1333 965 1361 1017 6
1405 964 1462 1016 δὲ
1496 963 1624 1024 Υἱὸς
1661 961 1761 1014 οὐκ
1791 956 1912 1013 εἷπε

338 1062 416 1132 τῷ
449 1060 646 1132 Πατρὶ,
695 1060 1079 1128 Ποιήσωμενο
1133 1058 1228 1111 καὶ
1267 1060 1296 1111 6
1330 1057 1455 1120 Υἱὸς
1507 1057 1568 1109 οὐ
1612 1057 1780 1125 λέγει,
1830 1057 1913 1109 ὅτι

352 1153 492 1221 Ἐγὼ
524 1153 826 1224 ἐργάζομαι
873 1151 968 1204 καλ⁵
1006 1154 1034 1204 6
1068 1151 1257 1222 Πατήρ
1299 1168 1399 1220 μου
1435 1147 1743 1221 ἐργάζεται,
1778 1149 1913 1203 ἀλλὰ

340 1247 430 1300 τὸν
466 1246 683 1315 Πατέρα
724 1243 909 1296 τάττει
944 1243 1159 1309 πρῶτον
1208 1243 1434 1310 λέγοντα
1467 1252 1561 1295 και
1606 1241 1912 1313 ἐργαζόμε-

342 1357 450 1394 νον.
504 1337 672 1390 Τοῦτο
712 1337 821 1407 γὰρ
865 1335 1087 1405 ἠλιθίως
1120 1334 1317 1402 λέγεις,
1351 1336 1445 1387 καὶ
1497 1334 1696 1398 πολλὰς
1742 1335 1915 1406 ἀρχὰς

345 1432 516 1494 θέλεις
544 1433 683 1484 νοεῖν
717 1430 776 1483 τὸ
804 1412 954 1482 De:th
976 1446 988 1459 ·
1026 1429 1122 1498 μία
1155 1428 1210 1480 δέ
1236 1430 1382 1482 ἐστιν
1408 1428 1550 1497 ἁρχὴ
1584 1427 1678 1480 καὶ
1725 1425 1916 1498 ήαύτὴ

348 1523 446 1594 μία
491 1522 722 1593 Θεότης·
775 1519 1010 1590 οὐδαμοῦ
1055 1520 1112 1572 δὲ
1151 1521 1210 1571 ὲν
1241 1519 1318 1588 τῷ
1367 1519 1485 1588 Θεῷ
1518 1521 1545 1571 6
1585 1518 1711 1580 Υἱὸς
1739 1518 1918 1585 λέγει·

348 1619 490 1683 Θεός
511 1634 652 1685 μου,
682 1615 782 1667 οὐκ
808 1612 1142 1684 ἀρνουμένου
1168 1611 1224 1664 δὲ
1247 1611 1342 1664 τοῦ
1376 1610 1506 1664 Υίοῦ
1535 1611 1634 1681 τὴν
1661 1611 1797 1682 πρὸς
1831 1610 1921 1663 τὸν

2087 858 2195 932 34
2232 856 2422 913 XXIX.
2462 857 2573 914 Nec
2622 859 2753 913 illud
2801 877 2866 913 ex
2915 861 3209 930 depravata
3256 863 3421 918 animi
3462 880 3588 919 sen-

2018 956 2188 1009 tentia
2217 954 2374 1008 nohis
2406 953 2627 1020 objicito
2658 971 2670 1008 :
2705 951 2920 1007 Patrem
2947 955 3164 1023 quidem
3197 955 3335 1010 Filio
3363 957 3588 1023 dixisse,

2020 1042 2348 1106 Faciamus;
2382 1040 2580 1096 Filium
2626 1050 2804 1097 autem
2836 1041 2979 1096 idem
3019 1044 3258 1098 vicissim
3291 1045 3439 1099 Patri
3481 1062 3587 1100 non

2018 1135 2248 1191 dixisse.
2306 1136 2776 1202 Quemadmodum
2827 1136 2968 1190 idem
3027 1136 3196 1192 Filius
3251 1153 3360 1191 non
3410 1139 3588 1194 dicit:

2021 1225 2133 1298 Ego
2175 1244 2390 1296 operor,
2424 1237 2477 1283 et
2517 1229 2676 1283 Pater
2719 1245 2872 1283 mens
2917 1236 3209 1298 operatur;
3250 1230 3344 1283 sed
3377 1230 3590 1285 Patrem

2023 1319 2204 1398 priore
2239 1321 2361 1375 loco
2399 1321 2668 1375 dicentem
2697 1329 3126 1391 operantemque
3162 1321 3417 1377 collocat.
3459 1322 3594 1375 Nam

2024 1409 2126 1462 hoc
2166 1409 2502 1477 ineptissime
2535 1408 2763 1474 dixeris,
2812 1417 2865 1465 et
2918 1411 2974 1464 in
3015 1411 3170 1479 plura
3202 1412 3468 1482 principia
3504 1411 3596 1466 Di-

2026 1499 2304 1556 vinitatem
2359 1501 2551 1570 partiri
2606 1502 2743 1556 velle
2805 1501 3096 1557 videberis.
3151 1500 3338 1556 'Unum
3396 1505 3597 1572 quippe

2025 1594 2353 1664 principium
2385 1601 2469 1648 est
2516 1603 2570 1648 et
2609 1593 2794 1648 eadem
2837 1609 2900 1647 ac
2956 1594 3254 1664 singularis
3302 1593 3594 1658 Divinitas,

348 1709 564 1779 Πατέρα
597 1706 762 1777 τιμὴν
801 1705 967 1772 λέγω,
1003 1703 1138 1757 ἀλλὰ
1181 1703 1299 1766 πῶς
1328 1702 1442 1773 ἔχει
1481 1704 1514 1774 ἡ
1544 1707 1643 1774 τῆς
1669 1702 1922 1772 Οεὸτητος

2035 1701 2297 1756 nusquam
2337 1701 2465 1740 vero
2504 1687 2808 1741 secundum
2850 1685 3191 1740 divinitatem
3223 1685 3395 1742 Filius
3425 1686 3598 1750 dixit,

348 1799 658 1854 ἀκολουθία.
720 1798 828 1851 Καὶ
880 1796 1074 1849 ιιτόιλιν⁹
1121 1797 1424 1850 Ἤκουσεν
1494 1794 1706 1864 Ἀδὰμ,
1762 1796 1917 1865 φησι,

346 1890 451 1944 τοῦ
507 1888 654 1942 Θεοῦ
703 1886 1174 1956 περιπατοῦντος
1225 1885 1294 1938 ἐν
1344 1883 1423 1950 τῷ
1468 1886 1810 1953 παραδείσῳ
1855 1886 1921 1939 τὸ

348 1980 643 2033 δειλινόν·
675 1979 768 2036 καὶ
800 1977 1039 2048 οὐδαμοῦ
1065 1995 1227 2048 φησιν
1267 1978 1295 2028 6
1327 1979 1473 2043 Υἱὸς,
1510 1981 1658 2032 Θεό-ν
1678 1997 1797 2048 μου
1825 1979 1923 2032 καὶ

351 2071 500 2125 Θεὸν
544 2070 738 2139 ὑμῶν,
787 2070 922 2123 ἀλλὰ
971 2069 1105 2122 Θεὸν
1155 2069 1419 2138 αὐτοτελῆ
1474 2069 1710 2124 ἐνταῦθα
1755 2070 1919 2137 λέγει.

349 2165 461 2217 Kal
507 2163 703 2218 πάλινο
753 2163 860 2216 Kal
913 2162 1226 2229 ἐλάλησεν
1275 2166 1308 2217 ὀ
1357 2162 1502 2228 Θεὸς
1534 2161 1613 2227 τῷ
1641 2161 1789 2222 Νῶε,
1830 2164 1924 2215 καὶ

348 2255 585 2325 οὐδαμοῦ
633 2255 932 2326 ἐμφέρεται
982 2256 1016 2324 ἡ
1070 2254 1294 2325 τοιαύτη
1345 2254 1510 2321 λέξις.
1567 2253 1680 2308 Kal
1733 2254 1922 2322 ὤφθη,

351 2348 536 2416 φησιν,
575 2349 608 2400 ὁ
654 2346 796 2412 Θεὸς
833 2345 913 2411 τῷ
971 2345 1261 2416 Ἀϐραὰμ,
1301 2343 1690 2414 καθεζομένου
1737 2345 1924 2398 αὐτοῦ

350 2441 502 2508 πρὸς
529 2439 605 2506 τῇ
644 2438 782 2506 δρυῒ
809 2438 884 2507 τῇ
911 2437 1187 2507 Μαμϐρῆ,
1218 2437 1316 2491 καὶ
1346 2437 1472 2491 ἰδοὺ
1501 2436 1658 2505 τρεῖς
1688 2435 1923 2503 ἄνδρες,

274 2583 282 2588 .
351 2531 447 2588 καὶ
489 2530 744 2603 ἑδίαμν
782 2532 870 2596 είς
903 2530 1304 2596 συνάντησιν,
1337 2529 1435 2582 καὶ
1465 2528 1928 2596 προσεκύνησεν

348 2625 447 2678 ἐπὶ
479 2624 594 2693 τὴν
620 2625 758 2696 γῆν,
794 2627 893 2679 καὶ
921 2617 1089 2679 εἶπεν
1108 2638 1121 2654 '
1155 2623 1223 2679 El
1251 2616 1431 2694 εὗρον
1463 2619 1638 2687 χάριν
1673 2620 1930 2674 ἐνώπιόν

349 2730 484 2770 σου.
541 2716 659 2769 ’Ἱνα
699 2715 788 2768 τὸν
831 2716 926 2768 ἕνα
963 2715 1112 2787 δείξῃ
1149 2715 1304 2778 Θεὸν,
1353 2716 1482 2778 τοὺς
1524 2709 1581 2767 δὲ
1628 2709 1927 2780 συνεπομέ-

350 2823 468 2868 νους
511 2805 659 2874 αὐτῷ
708 2805 898 2867 ἄλλους
944 2804 1038 2858 δύο
1083 2803 1352 2872 ἀγγέλους
1395 2800 1582 2856 αὐτοῦ.
1643 2797 1781 2868 Περὶ
1822 2796 1928 2867 γὰρ

348 2897 538 2950 τούτου
579 2898 690 2962 καὶ,
744 2897 951 2963 Ἀνέϐη
1003 2899 1035 2950 ό
1085 2895 1229 2961 Θεὸς
1269 2895 1386 2949 ἀπὸ
1432 2893 1719 2963 Ἀϐραάμ·
1765 2887 1929 2957 αὐτὸς

349 2992 445 3043 καὶ
474 2993 503 3042 ὀ
531 2989 702 3043 ἐλθὼν
736 2989 873 3058 πρὸς
916 2987 1078 3041 αὐτὸν
1118 2987 1300 3054 λέγει’
1334 2985 1431 3053 Μὴ
1470 2987 1678 3054 κρύψω
1707 3001 1764 3038 τι
1810 2983 1928 3038 ἀπὸ

2027 1780 2167 1834 Dens
2198 1795 2360 1833 meus.
2399 1778 2555 1844 Quod
2597 1793 2706 1832 non
2744 1794 2810 1832 eo
2849 1778 2994 1842 dico,
3026 1778 3180 1848 quasi
3211 1775 3385 1834 Filius
3438 1793 3603 1832 suum

2024 1871 2173 1926 Patri
2207 1872 2467 1926 honorem
2518 1872 2785 1940 deneget;
2835 1871 2927 1926 sed
2976 1871 3120 1939 quod
3149 1870 3420 1924 divinitati
3461 1886 3604 1924 eon-

2024 1972 2345 2019 sentaneum
2400 1969 2485 2016 est
2540 1976 2806 2032 propono.
2867 1963 3108 2016 Rursus:
3161 1960 3374 2014 Audiuit
3403 1962 3601 2028 Adam,

2023 2054 2236 2124 inquit,
2273 2053 2442 2107 Deum
2485 2053 2842 2108 ambulantem
2888 2053 2942 2106 in
2985 2054 3236 2125 paradiso
3283 2053 3377 2105 sub
3425 2069 3600 2121 uespe-

2025 2164 2138 2200 ram
2174 2150 2193 2178 ¹
2229 2165 2241 2200 :
2293 2163 2393 2202 nec
2433 2161 2663 2215 usquam
2709 2145 2908 2211 Filius,
2947 2145 3116 2198 Deum
3144 2161 3314 2199 meum
3343 2162 3404 2198 ac
3433 2145 3602 2198 Deum

2025 2250 2256 2294 vestrum
2290 2280 2307 2304 ,
2366 2239 2461 2294 sed
2521 2238 2689 2292 Deum
2722 2238 2972 2294 absolute
3015 2238 3176 2291 dixit.
3226 2237 3403 2291 Item:
3461 2215 3621 2294 Deus.

2029 2331 2232 2386 Noemo
2275 2331 2480 2384 locutus
2529 2339 2604 2384 est
2637 2331 2678 2395 ³,
2730 2345 2831 2384 nec
2874 2330 3084 2397 uspiam
3124 2344 3227 2382 vox
3258 2329 3352 2382 illa
3387 2329 3604 2398 legitur.

2028 2421 2097 2475 Et
2133 2423 2408 2490 apparuit,
2449 2423 2663 2491 inquit,
2699 2421 2835 2474 Deus
2868 2419 3171 2474 Abrahamo
3194 2459 3211 2483 ,
3240 2421 3450 2474 sedente
3492 2422 3609 2488 ipso

2029 2513 2098 2568 ad
2138 2531 2386 2583 quercum
2417 2512 2657 2567 Mambre
2688 2529 2705 2566 ε
2743 2522 2793 2567 et
2831 2529 2946 2567 ecce
2977 2521 3081 2566 tres
3120 2512 3248 2575 uiri;
3291 2523 3339 2566 et
3371 2513 3607 2566 cucurrit

2029 2606 2232 2660 obviam
2273 2605 2406 2668 illis,
2434 2613 2482 2658 et
2506 2604 2752 2658 adoravit
2779 2619 2976 2669 pronus
3005 2604 3059 2656 in
3087 2611 3284 2656 terram
3315 2618 3376 2655 ac
3424 2601 3562 2655 dixit
3588 2620 3606 2656 :

2029 2697 2088 2752 Si
2123 2697 2292 2750 inveni
2318 2697 2548 2767 gratiam
2586 2712 2768 2749 coram
2805 2706 2852 2748 te
2880 2694 2922 2749 ⁸.
2967 2693 3178 2760 Quibus
3213 2695 3397 2750 verbis
3436 2709 3608 2748 unum

2031 2788 2172 2842 inter
2201 2787 2324 2840 illos
2354 2801 2474 2840 esse
2493 2785 2682 2848 Deum,
2708 2786 2844 2840 alios
2872 2800 3000 2840 vero
3024 2783 3162 2838 duos
3183 2784 3412 2839 comites
3435 2784 3610 2852 ipsius

2032 2877 2253 2950 angelos
2273 2891 2416 2957 esse.
2448 2873 2582 2929 Nam
2613 2884 2666 2930 et
2692 2875 2882 2930 eodem
2912 2875 3168 2944 pertinet,
3197 2873 3342 2944 quod
3366 2875 3608 2928 dicitur:

2031 2967 2281 3027 Ascendit
2317 2967 2458 3027 Beas
2499 2965 2564 3025 ab
2608 2965 2932 3021 Abrahamo.
2987 2965 3094 3031 Qui
3138 2975 3321 3020 autem
3355 2966 3422 3019 ad
3456 2965 3611 3020 illum

349 3084 459 3138 τοῦ
491 3082 703 3147 παιδός
738 3055 859 3151 μόυ
916 3080 1209 3149 Ἀϐραὰμ;
1259 3077 1524 3147 Κραυτὴ,
1559 3078 1714 3148 φησὶ,
1744 3076 1926 3132 Σοδό-

2035 3071 2255 3121 venerat
2307 3064 2389 3120 sic
2439 3079 2564 3118 eum
2619 3059 2970 3127 alloquitur:
3018 3056 3164 3110 Nam
3207 3057 3377 3110 celare
3425 3066 3608 3124 potero

347 3192 476 3244 μων
505 3175 603 3227 καὶ
635 3173 946 3242 Γομόρρας
972 3169 1388 3238 πεπλήθυνται
1424 3167 1574 3235 πρὸς
1602 3167 1700 3236 μὲ,
1725 3167 1820 3220 καὶ
1861 3167 1930 3219 τὰ

351 3268 500 3337 ἑξῆς.
528 3265 659 3336 (Kal
681 3263 918 3335 οὐδαμοῦ
941 3263 1237 3334 ἐμφέρεται
1268 3262 1326 3314 ὲν
1352 3263 1464 3324 τοῖς
1492 3260 1703 3331 χρόνοις
1724 3258 1932 3321 τούτοις

351 3359 580 3428 τδ,Θεός
599 3375 719 3427 μου
747 3356 846 3410 καὶ
865 3355 1008 3422 Θεὸς
1035 3353 1256 3424 ὑμῶν.)
1279 3353 1386 3406 Καὶ
1419 3351 1710 3420 εἰσῆλθον
1737 3354 1790 3404 οἱ
1821 3350 1930 3405 δύο

351 3447 569 3516 ἄνδρες
598 3450 686 3514 είς
719 3445 953 3514 Σόδομα
974 3463 990 3476 ·
1026 3445 1099 3508 ὡς
1128 3443 1222 3497 τοῦ
1256 3441 1650 3513 ἀναϐεϐηκότος
1677 3442 1934 3513 ὑπεράνω

351 3540 449 3595 τοῦ
487 3538 740 3609 Ἀϐραὰμ
779 3535 1198 3604 ἀπολειφθέντος
1228 3535 1338 3589 ἀπὸ
1379 3532 1486 3587 τῶν
1529 3533 1623 3586 δύο
1665 3532 1934 3586 εἰσελθόν-

353 3652 462 3688 των
491 3637 570 3695 εἰς
617 3631 820 3702 Σόδομα
879 3631 968 3683 ἐπὶ
999 3632 1065 3700 τῇ
1116 3629 1495 3700 καταστροφῇ.
1542 3625 1677 3696 Περὶ
1731 3625 1788 3678 δὲ
1836 3624 1932 3677 τοῦ

353 3723 754 3794 ἀναϐεϐηκότος
787 3720 951 3791 φησὶν
995 3722 1027 3792 ὴ
1064 3720 1252 3791 Γραφή
1278 3735 1292 3750 ο
1323 3718 1434 3773 Kal
1473 3717 1679 3785 ἔϐρεξε
1717 3717 1935 3784 Κύριος

356 3818 453 3872 ἐπὶ
505 3816 740 3886 Σόδομα
783 3813 882 3868 καί
917 3813 1189 3882 Γόμορρα
1221 3812 1380 3879 παρὰ
1419 3811 1642 3879 Κυρίου
1682 3810 1802 3878 πῦρ
1836 3809 1936 3863 καὶ

356 3911 532 3966 θεῖον.
595 3910 705 3962 Καὶ
749 3908 850 3961 οὐκ
875 3903 942 3978 ἦν
990 3909 1089 3976 τῆς
1135 3902 1335 3970 λέξεως
1382 3905 1542 3975 χρεία
1596 3904 1692 3958 τοῦ
1736 3904 1933 3968 είπεῖν,

358 4003 506 4055 Θεόν
533 4020 651 4070 μου
682 3999 782 4052 καὶ
814 3999 961 4052 Θεὸν
990 3996 1176 4066 ὑμῶν.
1210 3996 1319 4048 Kal
1347 3996 1552 4066 Μωσῆς
1585 4012 1749 4065 φησιν
1781 3997 1840 4050 ὲν
1867 3996 1934 4066 τῇ

357 4095 467 4164 ᾠδῇ
490 4111 504 4124 ο
535 4093 643 4148 Kal
687 4087 1294 4158 προσκυνησάτωσαν
1320 4086 1480 4151 αὐτῷ
1507 4087 1730 4152 πάντες
1767 4087 1938 4156 ἄγγε-

356 4191 453 4240 λοι
479 4185 643 4240 Θεοῦ.
665 4184 789 4237 Ἐὰν
809 4182 866 4236 δὲ
889 4181 1020 4252 εἴπῃ
1044 4181 1284 4250 ἄγγελοι
1310 4178 1480 4241 Θεοῦ,
1501 4179 1620 4246 πῦρ
1650 4179 1808 4245 παρὰ
1821 4181 1936 4231 Κυο

355 4278 510 4345 ρίου,
552 4276 645 4328 καὶ
674 4275 748 4345 μὴ
780 4274 910 4344 εἴπῃ
953 4273 1192 4341 ἄγγελοι
1237 4268 1417 4340 μόνον,
1465 4269 1612 4337 λέγει
1644 4267 1821 4330 τοῦτο,
1857 4268 1942 4321 ἶνα

358 4368 504 4438 δείξῃ
541 4367 632 4420 τοῦ
665 4366 874 4436 [ἰατρὸς
905 4363 1113 4419 καὶτοῦ
1142 4363 1271 4416 Υἱοῦ
1303 4361 1360 4414 ἓν
1392 4361 1683 4432 βασίλειον,
1718 4360 1812 4414 καὶ
1842 4359 1941 4427 ἀγ-

357 4461 530 4530 γέλων
563 4459 636 4530 μὴ
669 4458 1038 4529 μεριζομένων
1060 4459 1138 4521 είς
1158 4454 1352 4527 ἀρχὰς,
1377 4453 1513 4507 ἀλλὰ
1535 4452 1780 4520 ἀγγέλων
1795 4451 1944 4506 Θεοῦ

358 4555 547 4615 ὄντων,
586 4551 1031 4623 προσκυνούντων
1057 4549 1115 4602 δὲ
1146 4548 1224 4620 τῷ
1256 4547 1371 4618 Υἱῷ
1393 4547 1488 4600 καὶ
1533 4545 1684 4615 Θεῷ·
1716 4543 1944 4612 ἄγγελος

359 4646 468 4717 γὰρ
489 4645 707 4714 ἀγγέλῳ
756 4645 818 4697 οὐ
867 4643 1182 4714 προσκυνεῖ.
1241 4642 1352 4696 Kal
1397 4638 1637 4710 οὐδαμοῦ
1687 4636 1940 4700 ἐνταῦθα,

360 4739 507 4806 Θεός
524 4753 645 4807 μου
673 4736 774 4791 καὶ
797 4737 940 4802 Θεὸς
969 4735 1157 4805 ὑμῶν.

433 4914 516 4969 A'.
550 4911 714 4965 Δαϐὶδ
754 4910 810 4964 δέ
866 4927 1000 4980 φησι
1046 4925 1060 4938 ·
1087 4904 1272 4962 Εἶπεν
1320 4908 1354 4959 ὁ
1397 4901 1609 4972 Κύριος
1633 4902 1715 4968 τῷ
1750 4901 1948 4969 Κυρίῳ

361 5023 502 5075 μου,
534 5003 730 5057 Κάθου
766 5004 833 5054 ἑκ
882 4998 1100 5066 δεξιῶν
1123 5016 1264 5066 μου,
1295 4996 1408 5061 ἕως
1452 4994 1529 5048 ἂν
1564 4992 1646 5048 θῶ
1675 4991 1817 5058 τοὺς
1845 4992 1945 5059 ἐχ-
1985 5019 1988 5026 -

365 5099 546 5168 ορούς
594 5113 712 5150 σου
759 5092 1092 5148 ὑποπόδιον
1145 5089 1264 5143 τῶν
1311 5086 1514 5141 ποδῶν
1565 5103 1700 5140 σου.
1733 5084 1948 5154 Κύριος

365 5191 497 5262 γὰρ,
539 5188 696 5261 φησι,
750 5186 828 5250 τῷ
866 5186 1060 5253 Κυρίῳ
1102 5198 1258 5252 μου·
1299 5182 1333 5251 ἡ
1377 5178 1485 5248 γὰρ
1529 5177 1813 5246 οἰκονομία
1851 5175 1948 5245 τῆς

368 5282 571 5354 σαρκὸς
610 5278 764 5333 οὔπω
794 5274 883 5348 ἦν,
932 5273 1001 5346 ἧς
1043 5276 1203 5346 χάριν
1253 5274 1413 5345 χρεία
1458 5267 1526 5342 ἦν
1560 5272 1734 5323 εἰπεῖν
1768 5267 1950 5331 αὐτὸν,

2031 3154 2315 3226 quidquam
2345 3170 2566 3222 puerum
2607 3165 2778 3208 meum
2815 3147 3179 3206 Abrahamum
3204 3151 3229 3206 ?
3251 3147 3490 3213 Clamor,
3521 3148 3608 3202 in-

2031 3247 2183 3318 quit,
2233 3245 2584 3302 Sodomorum
2641 3255 2691 3301 et
2749 3245 3055 3300 Gomorrhae
3098 3241 3485 3313 multiplicatus
3530 3249 3614 3296 ess

2033 3339 2172 3406 apud
2220 3354 2321 3391 me.
2371 3337 2453 3409 (In
2492 3337 2576 3394 his
2630 3339 2885 3392 omnibus
2941 3337 3280 3406 temporibus
3339 3347 3613 3404 nusquam

2033 3430 2182 3485 istud
2213 3430 2454 3501 legitur:
2502 3429 2644 3484 Deus
2682 3445 2827 3483 meus
2871 3437 2923 3483 et
2969 3427 3112 3482 Deus
3171 3426 3382 3494 vester.)
3423 3425 3492 3479 Et
3527 3427 3613 3479 in-

2032 3525 2205 3596 gressi
2232 3531 2354 3577 sunt
2394 3522 2498 3575 duo
2547 3521 2647 3575 viri
2692 3519 2948 3574 Sodoma.
2995 3517 3292 3588 Propterea
3333 3515 3478 3586 quod
3518 3513 3613 3585 qui

2036 3615 2321 3685 superiora
2363 3613 2744 3668 conscendens
2789 3612 2860 3667 ab
2901 3609 3216 3664 Abrahamo
3252 3607 3614 3668 discesserat.

2036 3707 2178 3763 duos
2217 3705 2344 3762 illos
2399 3705 2696 3774 reliquerat
2739 3702 2833 3773 qui
2877 3700 3117 3758 Sodoma
3161 3700 3228 3755 ad
3259 3697 3617 3755 evertendum

2039 3798 2277 3869 ingressi
2325 3796 2580 3863 fuerant;
2631 3795 2699 3850 de
2735 3810 2844 3864 quo
2885 3793 3164 3862 Scriptura
3193 3791 3279 3854 sic
3319 3790 3562 3860 loquitur
3597 3806 3615 3843 :

2039 3892 2107 3945 Et
2138 3891 2275 3960 pluit
2325 3888 2588 3942 Dominus
2638 3902 2793 3956 super
2832 3885 3123 3942 Sodamam
3169 3894 3218 3938 et
3267 3881 3617 3938 Gomorrham

2038 3986 2209 4056 ignem
2241 3990 2292 4037 et
2329 3969 2618 4050 sulphura
2645 3978 2891 4033 Domino.
2931 3975 3120 4045 Neque
3151 3975 3238 4031 his
3270 3973 3454 4030 verbis
3489 3971 3620 4026 atti-

2043 4077 2206 4131 nebat
2235 4073 2335 4138 uti,
2370 4071 2512 4128 Deus
2542 4086 2685 4124 meus
2711 4079 2761 4122 et
2787 4068 2923 4121 Deus
2945 4075 3132 4120 vester.
3171 4064 3278 4118 Sed
3313 4072 3367 4118 et
3403 4062 3620 4132 Moyses

2042 4168 2098 4220 in
2127 4163 2370 4218 carmine
2417 4176 2553 4216 suo:
2597 4159 2664 4212 Et
2699 4157 2950 4219 adorent,
2999 4156 3174 4224 inquit
3195 4194 3209 4218 ,
3237 4155 3408 4219 ipsum
3440 4167 3620 4205 omnes

2042 4255 2217 4326 angeli
2251 4253 2347 4306 Dei
2379 4252 2421 4307 ⁵.
2446 4249 2604 4316 Quod
2639 4255 2822 4302 autem
2873 4245 3086 4316 angelos
3119 4243 3215 4296 Dei
3259 4249 3315 4295 et
3353 4242 3522 4309 ignem
3586 4256 3621 4291 a

2049 4348 2274 4403 Domino
2300 4346 2474 4411 dicit,
2516 4356 2693 4411 neque
2730 4339 2906 4394 solum
2938 4335 3176 4407 angelos;
3235 4333 3339 4386 hoc
3363 4347 3430 4387 eo
3461 4331 3625 4401 perti-

2043 4450 2169 4507 net,
2199 4448 2261 4494 ut
2291 4454 2459 4494 unum
2496 4434 2678 4489 Patris
2705 4430 2938 4500 Filiique
2969 4442 3192 4497 regnum
3223 4439 3347 4480 esse
3385 4424 3623 4488 doceat;

2043 4547 2168 4589 eum
2199 4529 2380 4602 angeli
2409 4528 2635 4582 minime
2667 4524 2723 4578 in
2759 4522 2984 4592 imperia
3015 4517 3355 4579 dividantur,
3391 4513 3486 4570 sed
3520 4528 3622 4566 an-

2045 4623 2150 4694 geli
2182 4622 2278 4676 Dei
2301 4620 2412 4676 sint
2449 4631 2514 4672 ac
2569 4615 2740 4668 Deum
2773 4613 3003 4665 adorent
3029 4616 3083 4664 et
3121 4607 3318 4662 Filium
3348 4623 3362 4660 :
3395 4603 3628 4674 angelus

2045 4715 2248 4785 quippe
2272 4711 2524 4782 angelum
2556 4722 2665 4760 non
2695 4703 2906 4757 adorat.
2939 4700 3047 4755 Nec
3069 4699 3180 4752 ullo
3207 4704 3336 4752 sunt
3367 4695 3473 4750 ista
3503 4694 3630 4749 loco

2049 4806 2255 4876 posita:
2296 4803 2438 4856 Deus
2459 4815 2605 4853 meus
2632 4805 2682 4852 et
2721 4795 2863 4849 Deus
2894 4803 3080 4847 uester.

2118 4893 2226 4965 35
2262 4889 2433 4945 XXX.
2484 4885 2568 4941 Ad
2606 4886 2722 4940 haec
2760 4880 2970 4937 David:
3018 4878 3173 4931 Dixit
3206 4873 3464 4928 Dominus
3523 4869 3630 4924 Do-

2053 4963 2196 5041 mino
2230 4997 2385 5037 meo:
2423 4978 2557 5036 Sede
2600 4994 2634 5031 a
2673 4974 2877 5030 dextris
2929 4970 3081 5033 meis,
3110 4967 3273 5022 donec
3300 4979 3494 5035 ponam
3522 4963 3630 5014 ini-

2057 5079 2218 5132 micos
2263 5084 2378 5128 tuos
2427 5069 2714 5126 scabellum
2756 5065 2946 5136 pedum
3000 5071 3212 5115 tuorum
3239 5057 3282 5114 ⁸.
3335 5055 3636 5120 Dominus,

2056 5167 2257 5239 inquit,
2295 5162 2525 5218 Domino
2574 5177 2685 5214 meo
2711 5174 2730 5212 :
2760 5156 3002 5211 nondum
3053 5149 3198 5207 enim
3245 5148 3485 5203 hominis
3516 5152 3634 5199 erat

2059 5236 2314 5327 suscepta
2354 5264 2578 5318 natura,
2624 5252 2696 5306 ob
2726 5263 2890 5320 quam
2948 5258 3174 5300 necesse
3212 5241 3458 5302 haberet,
3496 5236 3642 5290 Deus

370 5332 534 5429 5.3.1
550 5332 1182 5442 ᾆιουκαιόὲὸοῗὺλὶᾱὶν.
1224 5332 1355 5430 ιὲὲὶι,
1399 5332 1554 5417 Ἰδοὺ
1587 5362 1626 5428 τί,
1658 5359 1930 5429 παρθένοι

2059 5369 2204 5407 meus
2235 5367 2297 5403 ac
2338 5347 2478 5402 Deus
2510 5355 2697 5409 vester,
2727 5343 2932 5397 dicere.
2959 5337 3090 5393 ltem
3123 5355 3137 5390 :
3180 5333 3314 5387 Ecce
3341 5332 3484 5400 virgo
3511 5345 3634 5382 cen-

2480 5441 2485 5442 '
2583 5439 2600 5442 ‘
2619 5435 2648 5442 “
3033 5429 3044 5442 ¹
3066 5429 3077 5441 ·
3368 5423 3469 5442 -3---
3517 5417 3630 5442 0...,

368 5466 437 5519 ἐν
464 5464 679 5536 γαστρὶ
722 5461 1000 5528 λήψεται,
1048 5457 1143 5510 καὶ
1172 5457 1401 5520 τέξεται
1433 5453 1567 5506 υἱόν
1588 5468 1600 5482 °
1629 5451 1729 5504 καὶ
1772 5448 1952 5503 καλέ-

463 5627 479 5656 ¹
508 5623 746 5692 Philipp.
786 5638 844 5674 ιι.
887 5619 940 5673 6.
1018 5620 1038 5649 ²
1081 5615 1218 5692 Gen.
1260 5631 1340 5688 Ill,
1373 5613 1426 5668 8.
1505 5577 1678 5668 3Gen.
1723 5625 1798 5674 vi,
1846 5608 1910 5662 l‘).
1953 5621 2072 5676 sqq.
2149 5606 2168 5636 ⁸
2206 5603 2339 5659 Gen.
2382 5613 2538 5666 xvut,
2594 5597 2615 5649 Ι
2663 5612 2785 5666 sqq.
2827 5593 2962 5648 Gen.
3005 5605 3116 5652 xix,
3157 5587 3177 5638 l
3219 5597 3339 5654 sqq.

380 5710 550 5758 xxxii,
591 5687 703 5746 63f
757 5694 775 5722 ⁸
813 5692 958 5745 l‘snl.
999 5704 1110 5752 eux,
1157 5687 1209 5739 l.

2059 5446 2236 5516 cipiet,
2283 5450 2331 5496 et
2370 5441 2537 5511 pariet
2568 5435 2771 5506 ﬁlium;
2811 5444 2860 5488 et
2897 5429 3105 5485 vocabis
3136 5442 3324 5481 nomen
3357 5423 3470 5491 ejus
3509 5417 3636 5472 Em-

3415 5577 3439 5610 ⁵
3480 5570 3641 5626 Dent.
