4012 6210
2905 217 2964 240 \u

1836 312 1849 324 .
1889 267 2224 324 EPlPllANtl
2973 245 3016 256 “’
3336 323 3339 324 ν
3587 241 3650 294 7'-’

1791 270 1849 326 S.
1889 270 1981 326 ΕΡ]

389 277 600 423 :lanuel
632 381 650 420 :
684 368 822 436 quod
854 374 931 419 est
967 364 1390 433 interpretatum,
1432 362 1727 418 Nobiscum
1758 361 1900 416 Deus
1926 362 1967 417 ¹’.

2082 270 2088 321 l
2137 270 2204 321 Νι
3590 270 3649 294 ’ί

2082 270 2296 425 νζιςιτὸ
2341 355 2530 426 ὄνομα
2575 353 2763 410 αὐτοῦ
2827 354 3206 425 Ἐμμανουήλ
3227 369 3242 385 ο
3292 323 3528 409 δ’ἐστιν
3556 352 3652 424 ἐρ-

389 458 631 513 Necdum
652 454 902 526 usurpari
929 465 1177 526 poterat:
1208 456 1347 510 Deus
1370 473 1511 511 meus
1540 466 1589 510 et
1619 455 1758 509 Deus
1783 462 1968 508 vester.

390 548 698 602 Pranerea:
728 546 1029 602 Betltlehem
1058 547 1246 602 domus
1283 547 1542 618 Epitrata,
1576 562 1639 600 ne
1669 545 1972 599 multesima

351 630 356 634 ’
390 637 601 709 quidem
634 655 688 692 es
723 647 780 690 ut
809 639 881 692 sis
913 640 967 692 in
996 639 1232 693 millibus
1269 639 1426 693 Judaz
1454 655 1472 692 :
1502 653 1566 691 ea:
1594 647 1642 692 te
1665 638 1805 691 enim
1844 636 1976 692 mihi

390 730 527 785 exist
569 730 623 783 in
661 731 952 798 principem
990 731 1130 799 apud
1177 729 1476 784 Israelem:
1509 738 1559 782 et
1597 730 1770 782 exitus
1808 728 1972 797 ipsius

391 821 458 873 ab
510 821 662 874 initio
712 838 746 875 a
797 823 980 878 diebus
1030 823 1345 878 saeculorum
1368 821 1412 875 ².
1465 819 1562 874 Vel
1615 827 1678 874 ut
1735 821 1791 875 in
1851 821 1974 877 aliis

391 913 798 982 exemplaribus
833 915 1032 985 legitur
1061 933 1074 969 :
1105 912 1172 966 Et
1203 921 1279 978 tu,
1305 910 1627 978 Bethlehem,
1647 929 1974 983 nequaquam

392 1006 616 1059 minima
639 1023 693 1061 es
723 1008 776 1062 in
799 1007 1020 1061 ducibus
1050 1005 1231 1068 Judaz,
1263 1020 1329 1058 ea:
1358 1012 1406 1058 te
1427 1005 1563 1059 enim
1599 1006 1735 1060 exiet
1763 1006 1971 1072 ductor,

390 1102 443 1150 et
484 1108 661 1165 pascet
694 1098 943 1166 populum
986 1112 1158 1149 meum
1195 1093 1390 1149 Israel.
1427 1093 1594 1149 Vides
1623 1095 1817 1149 borum
1862 1109 1976 1149 ver-

397 1189 591 1242 borum
636 1189 878 1242 nondum
939 1203 1097 1242 usum
1147 1184 1522 1241 necessarium
1574 1185 1781 1252 fuisse,
1838 1185 1976 1239 Deus

395 1296 542 1334 meus
591 1289 640 1332 ct
690 1278 832 1333 Deus
879 1281 1091 1335 uester?
1142 1277 1505 1348 Posteaquam
1551 1292 1686 1333 vero
1729 1275 1977 1332 Jeremiaa

393 1371 714 1426 vaticinium
764 1371 1047 1441 impletum
1091 1381 1200 1437 est,
1257 1387 1471 1428 necnon
1532 1376 1587 1425 et
1624 1368 1816 1436 Isaiae,
1867 1385 1976 1440 quo

394 1461 634 1516 Verbum
664 1476 695 1516 e
724 1458 954 1532 Virgine
998 1463 1244 1533 genitum
1280 1459 1372 1528 iri,
1419 1473 1755 1532 carnemque
1788 1477 1980 1518 susce-

393 1562 618 1624 pturum
657 1569 780 1609 esse
819 1554 1241 1622 praedicabatur,
1285 1561 1349 1606 ut
1377 1551 1645 1608 Jeremias
1679 1553 1927 1623 loquitur
1959 1572 1974 1610 :

394 1645 466 1700 Et
506 1645 659 1699 homo
702 1655 800 1712 est,
841 1655 891 1700 et
938 1647 1054 1716 quis
1101 1654 1374 1714 cognoscet
1413 1644 1570 1699 illum
1596 1645 1656 1697 εἳ
1687 1653 1802 1699 tum
1844 1659 1976 1700 vero

393 1737 486 1792 ubi
520 1738 706 1792 carnis
731 1739 1009 1808 particeps
1039 1736 1160 1801 fuit,
1188 1751 1252 1791 ac
1283 1736 1404 1792 sine
1433 1736 1575 1791 virili
1601 1747 1720 1792 satu
1753 1754 1783 1792 e
1805 1735 1974 1791 Maria

395 1826 490 1881 Dei
535 1835 710 1882 matre
757 1835 1176 1882 sacrosanctum
1230 1827 1336 1882 sibi
1375 1841 1579 1896 corpus
1623 1825 1848 1891 ellinxit,
1895 1827 1973 1880 uti

395 1917 659 1987 scriptum
726 1925 834 1981 est,
877 1917 1055 1986 factus
1094 1931 1159 1970 ea:
1191 1916 1454 1971 muliere‘
1487 1933 1502 1970 :
1545 1922 1684 1982 tum,
1728 1916 1973 1986 inquam,

395 2018 607 2065 natura:
639 2017 844 2066 nostra:
874 2017 1098 2080 propter
1137 2025 1240 2064 nos
1271 2009 1568 2078 particeps,
1604 2007 1772 2062 Deum
1807 2023 1976 2062 meum

395 2120 666 2176 usurpare
710 2103 896 2172 carpit.
956 2099 1027 2156 Ut
1071 2111 1248 2157 autem
1293 2108 1491 2155 natura
1555 2115 1878 2172 germanum
1918 2115 1978 2156 se

395 2211 460 2252 ac
491 2197 881 2266 sempiternum
917 2189 1192 2257 ostendat,
1239 2192 1457 2246 Patrem
1492 2208 1664 2246 meum
1703 2192 1872 2258 dixit;
1909 2193 1977 2247 ad

395 2288 530 2342 illud
562 2302 692 2342 vero
723 2284 1047 2341 beneﬁcium
1084 2282 1502 2356 significandum
1536 2298 1645 2352 quo
1675 2283 1978 2354 discipulos

399 2375 678 2440 allecerat,
707 2375 928 2429 Patrem
952 2383 1181 2429 vestrum
1211 2373 1440 2429 addidit.
1475 2373 1610 2427 Nam
1639 2373 1785 2443 quod
1816 2373 1976 2438 dixit,

404 2468 568 2521 Deum
617 2474 866 2531 vestrum,
912 2467 1017 2521 hoc
1063 2465 1211 2537 quod
1257 2465 1546 2536 discipulis
1597 2465 1665 2519 ad
1710 2480 1866 2521 suam
1915 2479 1980 2520 ac

397 2550 581 2614 Patris
611 2557 800 2612 ποιειηί
846 2556 1190 2611 divinitatem
1228 2555 1583 2626 comparatis,
1619 2563 1819 2610 natura
1846 2569 1981 2611 con-

399 2649 675 2713 veniebat,
707 2648 988 2704 declarare
1013 2649 1209 2703 voluit.
1240 2645 1382 2703 Deus
1409 2648 1558 2703 enim
1583 2647 1980 2718 discipulorum

399 2747 543 2797 est:
600 2739 765 2795 Pater
815 2753 946 2796 vero
993 2739 1248 2804 Domini,
1305 2745 1536 2804 natura;
1586 2739 1979 2809 discipulorum

402 2847 570 2902 porro
593 2830 786 2896 Pater,
814 2831 987 2902 gratia
1021 2849 1035 2886 :
1068 2831 1326 2902 idemque
1345 2829 1470 2885 Filii
1501 2837 1724 2901 propter
1759 2844 1982 2886 carnem

405 2922 584 2989 Deus;
639 2920 802 2976 Pater
831 2935 962 2976 vero
996 2929 1220 2992 propter
1260 2920 1648 2990 sempiternam
1679 2927 1734 2976 et
1772 2921 1982 2998 incom-

402 3013 731 3083 prehensam
756 3013 906 3069 illius
935 3014 1202 3084 originem
1235 3026 1298 3067 ac
1321 3013 1736 3082 germanitatem
1763 3032 1779 3070 :
1809 3029 1985 3085 quan-

402 3106 696 3177 doquidem
729 3122 857 3162 vere
896 3107 1070 3178 ipsius
1096 3101 1262 3162 Pater
1286 3113 1391 3172 est,
1421 3105 1516 3176 qui
1539 3106 1690 3160 illum
1712 3117 1986 3176 quatenus

402 3195 548 3253 Deus
577 3206 684 3262 est,
715 3198 836 3254 sine
861 3199 976 3254 ullo
1011 3206 1255 3268 tempore
1286 3198 1553 3266 initioque
1574 3197 1782 3266 genuit.
1812 3196 1985 3263 Quem

403 3291 628 3360 quidem
659 3290 828 3344 Deum
855 3306 1010 3344 suum
1047 3291 1323 3360 appellare
1350 3289 1540 3344 debuit
1587 3288 1658 3343 ob
1688 3289 1985 3344 humanam

403 3386 661 3434 naturam
706 3387 897 3432 nostra
947 3392 1116 3434 causa
1167 3386 1506 3447 susceptam,
1549 3391 1674 3431 cum
1724 3385 1987 3448 perpetuo

405 3471 551 3541 apud
575 3468 790 3523 Patrem
817 3469 1047 3526 exsistat
1095 3469 1338 3538 genitum
1377 3467 1497 3522 sine
1527 3466 1636 3520 ullo
1672 3454 1828 3522 initio
1855 3466 1988 3521 Ver-

405 3563 558 3626 bum,
594 3575 660 3616 ac
700 3553 1004 3616 secundum
1038 3573 1260 3614 carnem
1301 3551 1609 3628 postremis
1647 3559 1987 3628 temporibus

401 3669 436 3709 e
466 3654 636 3708 Maria
668 3651 894 3725 Virgine
914 3652 984 3708 de
1015 3650 1224 3722 Spiritu
1256 3661 1449 3709 sancto
1480 3652 1847 3722 progenitum.

477 3744 588 3816 36
622 3742 819 3800 XXXI.
859 3742 992 3809 Qua
1017 3758 1143 3799 cum
1178 3743 1254 3798 ita
1287 3745 1419 3810 sint,
1457 3745 1725 3800 altissima
1760 3728 1850 3800 illa
1891 3743 1986 3801 Dei

407 3837 670 3908 mysteria
716 3836 1030 3906 concipiant
1071 3836 1276 3900 animo,
1327 3851 1503 3906 neque
1544 3834 1772 3907 gratiam
1805 3836 1870 3891 ad
1906 3837 1990 3891 in-

406 3929 546 4000 grati
587 3927 757 3982 animi
790 3927 984 3982 vitium
1032 3935 1398 3993 convertant,
1444 3937 1506 3983 ut
1550 3927 1986 3982 administratam

408 4022 479 4075 ab
507 4020 604 4074 illo
635 4019 867 4075 salutem
899 4027 1147 4074 nostram
1177 4019 1244 4074 ad
1272 4019 1672 4090 inexplicabilis
1701 4029 1754 4074 et
1780 4020 1990 4075 incom-

405 4113 691 4183 prehensse
714 4111 809 4167 Dei
843 4121 1054 4166 naturae
1086 4111 1282 4168 cedere
1313 4113 1678 4183 ignominiam
1710 4114 1987 4170 arbitren-

406 4213 515 4258 tur.
551 4203 618 4257 At
647 4202 817 4267 enim,
851 4202 1126 4272 inquiunt,
1157 4202 1225 4256 de
1253 4201 1362 4257 Deo
1403 4202 1669 4271 scriptum
1691 4211 1776 4258 est
1806 4219 1821 4259 :
1863 4204 1990 4261 Non

405 4296 624 4358 esuriet,
651 4311 814 4364 neque
841 4295 981 4347 sitiet
1005 4309 1022 4346 :
1056 4309 1218 4362 neque
1238 4302 1316 4347 est
1343 4293 1674 4364 investigatio
1693 4281 1990 4361 prudentia:

2067 448 2505 519 μηνευόμενον,
2539 449 2682 501 Μεθ’
2715 444 2885 515 ήμῶν
2924 449 2959 500 ό
3012 447 3189 511 Θεός·
3238 447 3340 499 scal.
3385 446 3537 499 οὔπω
3581 441 3650 517 ἦν

2071 541 2266 605 εἰπεῖν,
2299 538 2443 604 Θεός
2467 554 2585 608 μου
2635 537 2733 593 καὶ
2769 537 2912 603 Θεὸς
2941 536 3129 606 ὑμῶν.
3159 567 3228 579 —-
3249 535 3358 590 Kal
3389 535 3491 597 σὺ,
3529 537 3644 604 Βη.

2073 627 2253 697 θλεὲμ
2285 623 2450 693 οἶκος
2474 626 2580 681 τοῦ
2629 625 2935 694 Εὑφραθᾶ,
2971 628 3085 680 οὐκ
3116 624 3430 696 ὀλιγοστὸς
3467 621 3526 681 εἷ
3544 625 3651 680 τοῦ

2081 716 2234 774 εἶναι
2268 720 2340 773 ἐν
2390 718 2662 788 χιλιάσιν
2707 718 2903 772 Ἰούδα
2927 734 2942 749 ’
2983 718 3052 772 ἐκ
3099 718 3215 773 σοῦ
3264 717 3377 787 γάρ
3403 736 3506 788 μοι
3556 716 3653 783 ἐξ-

2079 811 2394 865 ελεύσεται
2443 811 2532 876 είς
2578 809 2842 879 ἄρχοντα
2873 809 2943 864 ἐν
2989 809 3070 876 τῷ
3114 809 3393 880 Ἰσραὴλ,
3443 811 3542 864 καί
3592 813 3652 866 al

2073 900 2334 965 διέξοδοι
2377 901 2568 954 αὐτοῦ
2598 901 2701 954 ἀπ’
2734 899 2946 971 ἀρχῆς,
2975 901 3078 970 ἀφ’
3108 900 3345 970 ἡμερῶν
3389 900 3650 957 αἰώνων-⁸

2073 992 2168 1048 καὶ
2210 991 2354 1048 κατά
2386 993 2456 1046 τὰ
2507 992 2643 1046 ἀλλα
2691 993 3038 1066 ἀντίγραφα⁸
3082 993 3194 1048 Καὶ
3224 994 3328 1059 σὺ,
3359 994 3654 1065 Βηθλεὲμ,

2073 1085 2210 1154 οὐχί
2237 1084 2533 1154 ἐλαχίστη
2572 1084 2641 1138 ὲν
2674 1083 2798 1150 τοῖς
2831 1085 3123 1154 ἡγεμόσιν
3167 1084 3352 1140 Ἰούδα
3375 1100 3390 1116 ο
3438 1085 3508 1138 ἐκ
3536 1085 3654 1140 σοῦ

2073 1175 2185 1246 γὰρ
2240 1175 2625 1239 ἐξελεύσεται
2669 1175 3024 1244 ἡγούμενος,
3075 1176 3174 1230 καί
3230 1175 3510 1245 ποιμανεῖ
3549 1177 3656 1231 τόν

2073 1268 2228 1320 λαόν
2248 1283 2368 1335 μου
2397 1265 2505 1318 τὸν
2543 1263 2813 1332 Ἰσραήλ.
2850 1264 2960 1318 Kal.
2992 1266 3124 1336 ὁρᾷς
3145 1265 3225 1318 ὅτι
3251 1265 3461 1318 οὐδέπω
3498 1266 3655 1338 χρεία

2073 1353 2142 1428 ἦν
2189 1359 2384 1421 εἰπεῖν,
2431 1355 2580 1410 Θεόν
2605 1373 2725 1425 μου
2775 1353 2873 1408 καί
2921 1354 3070 1409 Θεὸν
3108 1355 3313 1426 ὑμῶν;
3365 1357 3495 1409 Ὅτε
3530 1357 3587 1410 δὲ
3617 1359 3652 1428 ἡ

2076 1448 2383 1520 προφητεία
2428 1446 2731 1519 ἐπληροῦτο
2772 1446 3034 1519 Ἰερεμίου
3078 1449 3172 1502 καὶ
3213 1448 3438 1504 Ἡσαΐου
3477 1450 3658 1504 ὡσαύ-

2074 1554 2184 1600 τως
2224 1537 2307 1603 τὸ,
2373 1539 2438 1590 ὲκ
2489 1534 2760 1608 παρθένου
2813 1535 3140 1606 γεννηθῆναι
3187 1537 3278 1591 τὸν
3315 1538 3507 1606 Λόγον,
3562 1540 3658 1592 καὶ

2078 1627 2257 1700 σάρκα
2290 1629 2457 1698 σχεῖν,
2503 1626 2756 1698 καθάπερ
2794 1626 3064 1698 Ἱερεμίας
3099 1627 3254 1698 φησι,
3285 1629 3392 1681 Kal
3435 1627 3659 1698 ἅνθρω-

2005 1709 2047 1765 Β
2076 1721 2191 1786 πός
2219 1719 2372 1787 ἐστι,
2402 1719 2500 1772 καὶ
2531 1719 2622 1784 τίς
2643 1716 2936 1788 γνώσεται
2967 1721 3190 1783 αὐτόν;
3218 1719 3338 1773 τότε
3373 1721 3658 1792 μετασχὼν

2073 1809 2174 1882 τῆς
2202 1811 2422 1881 σαρκὸς,
2457 1811 2549 1863 καὶ
2577 1811 2657 1874 είς
2683 1809 2874 1863 ἑαυτὸν
2905 1810 3075 1880 χωρὶς
3113 1811 3430 1882 σπέρματος
3462 1814 3660 1886 ἀνδρὸς

2075 1901 2185 1955 ἀπὸ
2233 1903 2332 1974 τῆς
2390 1899 2640 1955 θεοτόκου
2690 1901 2911 1972 Μαρίας
2964 1900 3285 1966 ἀναπλάσας
3331 1905 3430 1975 τὴν
3490 1906 3659 1976 αὐτὴν

2075 1993 2237 2062 ἁγίαν
2288 1993 2488 2065 σάρκα,
2538 1992 2680 2047 κατά
2729 1992 2790 2046 τὸ
2838 1993 3162 2066 εἰρημένον,
3225 1997 3545 2065 γενόμενος
3589 1998 3661 2051 ὲκ

2074 2085 2387 2156 γυναικὸς,
2437 2073 2535 2139 καὶ
2572 2082 2867 2156 ,μετασχὼν
2893 2085 2988 2138 τοῦ
3022 2086 3292 2158 ἡμετέρου
3320 2087 3407 2141 διὰ
3433 2087 3494 2140 τὸ
3527 2088 3663 2159 ἠμέ-

2075 2195 2254 2248 τερον,
2288 2176 2443 2247 φησὶ,
2483 2179 2632 2232 Θεόν
2663 2195 2803 2248 μου.
2837 2176 2936 2230 Διὰ
2975 2177 3033 2230 δὲ
3059 2177 3120 2230 τὸ
3150 2179 3317 2232 ἀΐδιον
3354 2179 3465 2250 (28)
3495 2179 3660 2232 αὑτοῦ

2078 2271 2178 2339 τῆς
2209 2268 2566 2338 γνησιότητος
2612 2267 2757 2321 κατὰ
2797 2267 2981 2337 φύσιν,
3015 2268 3181 2337 λέγει,
3228 2271 3462 2337 Πατέρα
3499 2288 3619 2340 μου
3643 2286 3657 2298 ·

2079 2359 2174 2412 καὶ
2209 2357 2295 2411 διὰ
2322 2358 2429 2427 τὴν
2457 2356 2624 2412 αὑτοῦ
2657 2358 2794 2428 πρὸς
2823 2358 2949 2420 τοὺς
2979 2358 3145 2411 αὑτοῦ
3195 2357 3442 2429 μαθητὰς
3480 2359 3660 2431 χάριν,

2079 2449 2314 2518 Πατέρα
2339 2449 2527 2518 ὑμῶν,
2561 2449 2648 2502 διά
2679 2449 2738 2502 δὲ
2765 2449 2826 2502 τὸ
2853 2449 2993 2503 κατά
3023 2449 3184 2519 φύσιν
3210 2451 3389 2504 αὐτῶν
3413 2451 3522 2504 τῶν
3555 2469 3663 2523 μα-

2081 2541 2261 2613 θητῶν
2294 2541 2433 2613 πρὸς
2461 2540 2558 2611 τὴν
2587 2539 2750 2593 αὑτοῦ
2782 2539 3014 2613 θεότητα
3041 2541 3137 2594 καὶ
3170 2539 3264 2594 τοῦ
3299 2542 3470 2595 ἀϊδίου
3499 2543 3664 2598 αὑτοῦ

2082 2634 2318 2708 Πατρὸς,
2365 2633 2515 2688 Θεὸν
2540 2632 2730 2703 ὑμῶν.
2759 2631 2892 2695 Θεὸς
2924 2633 3030 2704 γὰρ
3055 2633 3163 2686 τῶν
3213 2633 3503 2704 μαθητῶνο
3552 2636 3664 2688 Ila-

2082 2725 2187 2798 τὴρ
2234 2726 2291 2779 δὲ
2334 2727 2429 2778 τοῦ
2474 2724 2682 2798 Κυρίου
2735 2723 2880 2778 κατὰ
2923 2723 3104 2794 φύσιν,
3145 2725 3256 2778 τῶν
3309 2725 3366 2778 δὲ
3408 2724 3668 2796 μαθητῶν

2083 2818 2273 2890 Πατὴρ
2311 2817 2453 2872 κατά
2480 2817 2638 2889 χάριν
2659 2833 2674 2848 ο
2709 2816 2843 2879 Θεὸς
2871 2815 2927 2869 δὲ
2965 2815 3059 2869 τοῦ
3085 2815 3216 2869 Υἱοῦ
3249 2816 3397 2869 ἐστιν
3425 2817 3454 2868 ό
3479 2815 3666 2888 Πατὴρ

2083 2911 2171 2965 διὰ
2194 2911 2295 2983 τὴν
2329 2909 2530 2981 σάρκα,
2562 2908 2750 2981 Πατὴρ
2797 2909 2855 2962 δὲ
2898 2908 2986 2961 διὰ
3026 2909 3091 2962 τὸ
3119 2908 3288 2962 ἀΐδιον
3330 2910 3426 2963 καὶ
3462 2909 3687 2972 ἀκατάε

2084 3008 2288 3080 ληπτον
2318 3008 2419 3080 τῆς
2465 3005 2630 3061 αὐτοῦ
2677 3007 2984 3078 γεννήσεως
3011 3005 3108 3060 καὶ
3143 3007 3536 3078 γνησιότητος·
3585 3007 3669 3061 ὅτι

2087 3103 2146 3156 ὲν
2177 3100 2408 3171 ἀληθείᾳ
2435 3101 2582 3154 ἐστὶν
2603 3098 2768 3152 αὑτοῦ
2795 3098 3007 3168 Πατὴρ,
3041 3097 3309 3167 γεννήσας
3331 3097 3494 3151 αὐτὸν
3516 3098 3671 3168 ἀχρό-

2086 3210 2191 3256 νως
2218 3193 2312 3245 καὶ
2333 3191 2584 3263 ἀνάρχως
2613 3174 2754 3244 κατὰ
2786 3189 2887 3260 τὴν
2913 3189 3166 3260 θεότητα.
3193 3188 3325 3242 Θεὸν
3364 3188 3422 3241 δὲ
3451 3188 3672 3259 ἐδέησεν

2087 3286 2263 3338 εἰπεῖν
2303 3281 2494 3350 αὐτοῦ,
2535 3281 2602 3335 δι’
2629 3281 2698 3352 ἢν
2743 3281 2812 3334 δι’
2839 3282 2986 3352 ἡμᾶς
3030 3280 3289 3350 ἐποίησεν
3336 3280 3669 3350 οἰκονομίαν,

2086 3378 2162 3430 ὢν
2206 3377 2293 3431 ἀεὶ
2325 3374 2461 3448 πρὸς
2501 3373 2580 3444 τῷ
2626 3373 2804 3444 Πατρὶ
2851 3371 3133 3443 γεννηθεὶς
3182 3371 3436 3443 ἀνάρχως
3478 3371 3672 3440 Λόγος,

2085 3471 2145 3524 ὲν
2180 3471 2345 3540 σαρκὶ
2386 3468 2443 3521 δὲ
2489 3465 2597 3521 ἀπὸ
2644 3467 2866 3536 Μαρίας
2910 3467 2997 3519 ἐπ’
3025 3466 3261 3538 ἐσχάτου
3309 3466 3418 3520 τῶν
3449 3465 3674 3537 ἡμερῶν

2085 3559 2368 3631 γεννηθεὶς
2417 3557 2562 3628 κατά
2605 3556 2803 3629 σάρκα,
2858 3559 2924 3611 ὲκ
2968 3558 3189 3628 Μαρίας
3244 3557 3303 3611 δὲ
3349 3558 3451 3629 τῆς
3502 3555 3673 3626 αὐτῆς

2086 3643 2249 3720 ἁγίας
2278 3647 2557 3721 Παρθένου
2591 3649 2680 3703 διὰ
2713 3647 3032 3720 Πνεύματος
3057 3651 3236 3717 ἁγίου.

2155 3743 2280 3797 AA'.
2339 3742 2650 3795 Νοείτωσαν
2695 3741 2877 3795 τοίνυν
2920 3741 2990 3795 τὰ
3036 3741 3204 3812 βαθέα
3249 3742 3350 3812 τῆς
3394 3739 3489 3793 τοῦ
3537 3738 3674 3793 Θεοῦ

2088 3835 2492 3910 πραγματείας,
2517 3835 2612 3889 καὶ
2643 3834 2719 3905 μὴ
2747 3833 2846 3905 τὴν
2888 3832 3048 3905 χάριν
3095 3833 3176 3896 είς
3203 3831 3526 3904 ἀχαριστίαν
3551 3830 3676 3903 τρέ-

2085 3927 2280 3998 ψωσιν,
2331 3926 2548 3992 ἀδοξίαν
2591 3923 2935 3995 λογιζόμενοι
2993 3924 3075 3986 είς
3116 3922 3214 3993 τὴν
3263 3923 3541 3991 ἄφραστον
3583 3921 3674 3974 καὶ

2087 4020 2470 4090 ἀκατάληπτον
2503 4014 2596 4070 τοῦ
2647 4014 2782 4068 Θεοῦ
2836 4013 2996 4084 φύσιν
3033 4013 3134 4084 τὴν
3185 4014 3263 4076 είς
3309 4012 3460 4083 ἡμᾶς
3497 4029 3675 4082 σωτη-

2091 4109 2234 4182 ρίαν.
2293 4105 2474 4170 Ἀλλὰ,
2523 4104 2678 4172 φασὶ,
2719 4104 2852 4176 περὶ
2891 4104 2984 4158 τοῦ
3020 4103 3155 4157 Θεοῦ
3184 4102 3531 4174 γέγραπται·
3591 4105 3677 4158 Οὐ

2089 4199 2383 4265 πεινάσει,
2411 4198 2553 4254 οὐδὲ
2571 4197 2841 4267 διψήσει,
2870 4197 3013 4253 οὐδέ
3039 4197 3213 4251 ἐστιν
3235 4195 3544 4263 ἐξεύρεσις
3566 4194 3671 4264 τῆς

2090 4292 2442 4363 φρονήσεως
2473 4291 2659 4345 αὑτοῦ
2678 4305 2692 4320 ·
2725 4291 2858 4362 περὶ
2888 4289 2946 4343 δὲ
2970 4288 3064 4342 τοῦ
3096 4287 3250 4350 Υἱοῦ,
3281 4287 3362 4338 ὅτι
3392 4286 3680 4340 ἐπείνασεν

406 4387 657 4453 ipsius';
702 4393 897 4439 contra
951 4397 1084 4438 vero
1127 4383 1195 4437 de
1246 4382 1387 4438 Filio
1433 4385 1684 4455 legimus,
1732 4387 1885 4442 illum
1931 4389 1981 4442 in

2093 4386 2152 4436 ὲν
2185 4386 2253 4455 τῇ
2302 4384 2495 4454 ὲρήμω
2539 4382 2680 4435 κατά
2704 4383 2796 4434 τὸν
2850 4378 3176 4451 πειρασμόν.
3205 4376 3314 4431 Καί
3361 4393 3564 4447 φησιν*
3613 4378 3678 4430 '0

409 4475 707 4533 solitudine
765 4483 889 4545 post
948 4473 1300 4528 tentationem
1353 4475 1639 4532 esurisse‘.
1680 4477 1990 4534 Similiter:

409 4568 571 4631 Deus,
601 4565 802 4636 inquit,
835 4580 940 4618 non
974 4562 1350 4633 fatigabitur'.
1386 4564 1649 4622 Dominus
1680 4583 1807 4625 vero
1829 4569 1991 4626 Iesus

407 4659 462 4713 in
512 4659 709 4713 itinere
751 4656 1011 4727 fatigatus
1064 4664 1148 4711 est
1175 4655 1220 4710 ⁸.
1277 4659 1434 4724 item,
1488 4658 1610 4714 Non
1654 4659 1988 4726 dormitabit,

405 4766 569 4808 neque
607 4749 832 4802 dormiet
867 4748 958 4818 qui
991 4747 1222 4801 custodit
1256 4746 1432 4805 Israel
1455 4751 1498 4805 ⁸.
1529 4751 1602 4805 At
1637 4749 1901 4807 Dominus
1931 4752 1988 4806 in

408 4842 532 4895 navi
555 4838 824 4893 dormisse
863 4843 1124 4891 narratur
1152 4834 1279 4892 “.0
1313 4839 1506 4895 inanes
1540 4855 1732 4894 eorum
1772 4840 1985 4910 cogita-

407 4932 608 4995 tiones,
645 4931 738 5000 qui
776 4930 890 4983 bazc
924 4927 1112 4982 animo
1143 4943 1245 4983 suo
1275 4931 1643 5000 pertractant!
1684 4929 1803 4986 Non
1836 4930 1984 4987 enim

406 5038 574 5080 onera
597 5022 861 5080 duntaxat
891 5029 1078 5077 nostra
1112 5037 1210 5092 pro
1241 5024 1400 5080 nobis
1423 5023 1720 5080 adveniens
1743 5023 1983 5080 Verbum

495 5182 511 5212 ¹
556 5179 661 5236 lsa.
703 5195 801 5244 vn,
843 5182 942 5247 l4;
997 5181 1192 5237 Matth.
1236 5198 1273 5240 l.
1315 5181 1406 5234 25.
1497 5183 1517 5212 ¹
1559 5180 1721 5236 llic-lt.
1763 5197 1816 5243 ν,
1855 5181 1913 5236 2.

2082 5179 2264 5244 lerem.
2307 5196 2443 5247 xvu,
2484 5180 2538 5236 9.

411 5253 434 5284 ⁶
468 5250 662 5306 Matth.
707 5267 780 5315 Iv,
817 5251 872 5307 2.
965 5253 983 5283 ⁷
1025 5253 1132 5308 lsa.
1162 5267 1248 5317 XL,
1275 5252 1366 5304 ‘28.
1445 5249 1466 5280 ⁸
1497 5250 1658 5305 Joan.
1705 5266 1778 5315 Iv,
1817 5252 1872 5304 6.
1948 5251 1968 5280 ⁹
1994 5249 2141 5306 Psal.
2180 5266 2310 5319 cxx,
2358 5253 2406 5306 ί.

480 5460 732 5534 (ἳὸξ-Διὰ
759 5458 828 5512 δὲ
867 5461 931 5512 τὸ
959 5457 1174 5518 ἀΐδιον,
1207 5463 1314 5511 etc.
1357 5453 1614 5510 Petavius
1660 5453 1990 5534 interpreta-

407 5528 501 5587 tur
527 5549 538 5582 :
570 5528 637 5583 Ut
667 5539 839 5582 autem
869 5537 1061 5581 natura
1088 5541 1394 5597 germanam
1419 5542 1472 5597 se
1506 5539 1568 5576 ac
1617 5528 1990 5597 sempiternum

412 5598 678 5657 ostendat.
717 5598 928 5651 Patrem
961 5592 1139 5651 meum
1174 5594 1354 5649 dixit:
1389 5596 1527 5648 velut
1569 5593 1636 5647 ad
1671 5592 1804 5646 illud
1832 5593 1988 5646 bene-

420 5671 599 5740 ﬁcium
629 5665 1052 5736 signiﬁcandum,
1082 5682 1183 5736 quo
1222 5665 1486 5734 apostolos
1521 5665 1788 5736 affecerat,
1817 5663 1988 5719 Deum

2097 4475 2242 4541 Θεὸς
2268 4474 2435 4544 ὑμῶν
2464 4476 2534 4530 οὐ
2562 4471 2839 4527 κοπιὰσει
2863 4488 2877 4502 ο
2918 4473 2947 4524 ό
2973 4471 3030 4524 δὲ
3058 4462 3261 4541 Κύριος
3315 4469 3524 4540 Ἰησοῦς
3552 4471 3678 4522 ἐκο-

2093 4567 2289 4621 πίασεν
2339 4568 2396 4620 ὲν
2441 4568 2506 4637 τῇ
2554 4563 2855 4637 ὁδοιπορίᾳ.
2900 4563 3046 4627 Καὶ,
3085 4564 3168 4617 οὐ
3208 4559 3508 4629 νυστάζει,
3535 4558 3680 4614 οὐδὲ

2087 4655 2357 4712 ὐπνώσει
2401 4660 2434 4711 ό
2474 4656 2817 4726 φυλάσσων
2860 4655 2973 4708 τὸν
3019 4652 3292 4722 Ἰσραήλ·
3329 4651 3547 4705 ὕπνωσε
3597 4650 3676 4716 δὲ,

2105 4747 2293 4819 φησιν,
2330 4750 2358 4801 ό
2382 4747 2588 4818 Κύριος
2619 4747 2678 4801 ὲν
2708 4749 2774 4818 τῇ
2802 4747 2913 4818 νηῒ.
2948 4741 3018 4799 ’Ὦ
3052 4741 3280 4816 μάταιαι
3305 4743 3548 4796 ὑπόνοιαι
3572 4741 3682 4796 τῶν

2088 4841 2156 4894 τὰ
2187 4840 2414 4894 τοιαῦτα
2448 4838 2846 4909 λογιζομένωνι
2900 4836 2975 4890 Οὐ
3029 4836 3189 4907 μόνον
3246 4833 3356 4906 γὰρ
3399 4833 3468 4886 τὰ
3517 4831 3677 4903 ἡμῶν

2091 4931 2233 5004 βάρη
2279 4931 2564 4995 ἀνεδέξατο
2610 4930 2750 5002 ὑπὲρ
2797 4928 2954 5001 ἡμῶν
3002 4926 3173 4980 ἐλθὼν
3210 4927 3238 4979 ὁ
3282 4925 3438 4992 ἅγιος
3482 4924 3676 4991 Λόγος,

2091 5021 2226 5077 ἀλλὰ
2259 5023 2354 5077 κα)⁴
2397 5023 2501 5076 ὑπὸ
2527 5021 2670 5092 ἁφὴν
2716 5020 2950 5090 ἐγένετο,
3004 5019 3101 5072 καὶ
3154 5018 3336 5088 σάρκα
3367 5015 3551 5080 ἔλαϐε,
3585 5015 3681 5068 καὶ

2654 5179 2678 5212 ⁵
2714 5178 2892 5235 Galat.
2936 5194 3010 5236 iV.
3048 5177 3104 5236 4.
3191 5176 3212 5207 ⁸
3254 5173 3358 5230 lsa.
3429 5187 3519 5238 χι,
3586 5172 3677 5226 28.

2499 5254 2543 5284 ¹⁰
2587 5249 2783 5305 Matth.
2825 5265 2947 5316 νιιι,
2989 5248 3077 5302 24.

2098 5459 2342 5507 vestrum
2377 5453 2606 5507 addidit.
2651 5451 2824 5509 Graeci
2865 5461 3048 5510 textus
3077 5451 3208 5515 vim,
3249 5449 3584 5520 argumenti_
3601 5462 3682 5502 ro-

2098 5523 2200 5577 bur
2223 5536 2286 5606 ,ει
2333 5522 2624 5596 Epiphanii
2677 5532 2916 5582 mentem
2961 5524 3204 5596 apertius
3251 5517 3509 5592 exprimit
3543 5517 3684 5601 Th9:

2099 5609 2327 5652 masnus.
