4012 6210
290 347 366 404 77

1715 345 1891 401 ANCO

1999 346 2160 404 rus.
3185 347 3188 350 ν
3507 358 3577 414 73

369 468 472 525 Δι’
485 509 498 523 ,
528 465 600 522 Τὸ
615 466 700 529 δὲ.
731 463 1051 538 γενόμενος
1069 466 1139 522 ἐκ
1164 467 1468 537 γυναικὸς,
1494 467 1747 538 καθάπερ
1775 468 1888 522 ἄνω

2064 465 2300 521 XXXIII.
2342 471 2411 524 At
2429 470 2546 526 hme
2573 471 2760 536 verba,
2795 473 2974 542 factus
3005 488 3069 527 ea:
3112 473 3332 529 muliere
3355 475 3395 542 ¹,
3425 474 3575 544 ideo,

293 578 388 632 μοι
403 560 916 632 προδεδήλωται,ἴνα
929 561 986 612 ὲν
999 559 1078 630 τῷ
1091 559 1202 613 ἀπδ
1213 559 1474 628 γυναικὸς
1490 559 1552 614 τὸ
1567 561 1890 630 γενόμενος

293 649 579 722 πληρωθῇ.
609 650 638 703 ὁ
664 649 722 703 δὲ
759 649 930 717 Λόγος
963 649 1138 712 ἀΐδιος
1180 650 1315 702 πᾶσι
1356 647 1544 718 σαφῶς
1577 647 1887 719 ἀποφανθῇ.

293 745 358 798 Ei.
385 745 444 798 δὲ
478 742 574 796 καὶ
609 741 787 800 τδνού
815 741 1091 811 διψήσει,
1129 743 1258 814 περὶ¹
1291 742 1426 796 Θεοῦ
1459 742 1636 811 λόγος,
1673 743 1803 815 περὶ
1834 743 1891 797 δὲ

292 835 424 890 Υἱοῦ
448 837 530 890 δτι
551 834 810 894 ὲπείνσσε
829 835 925 888 καὶ
950 832 1224 903 ὲδίψησεν,
1257 834 1551 902 ἀναγκαῖον
1574 835 1707 905 ἡμῖν
1732 832 1891 886 τοῦτο

291 930 664 1002 ᾠκονόμηται.
711 926 842 990 Πῶς
887 926 997 998 γὰρ
1041 925 1356 999 εὑρίσκεται
1407 928 1441 998 ἡ
1492 925 1776 995 οἰκονομία
1832 927 1890 979 ὲν

292 1020 524 1093 ἀληθείᾳ
550 1015 708 1082 οὖσα,
753 1020 806 1072 εξ
855 1019 930 1090 μὴ
974 1015 1091 1089 εἶχε
1135 1017 1234 1088 τὴν
1277 1018 1379 1088 τῆς
1423 1017 1887 1090 ὲνανθρωπήσεως

291 1111 526 1186 χρειώδη
558 1112 883 1184 συνήθειανς
935 1111 1025 1165 Ἑν
1062 1110 1240 1182 τούτῳ
1274 1109 1555 1175 ἀπέδειξεν
1583 1112 1716 1182 ἡμῖν
1750 1111 1888 1165 πάν-

292 1223 406 1259 των
429 1205 540 1259 τῶν
573 1205 910 1276 ζητημάτων
938 1202 1046 1258 τῶν
1081 1202 1380 1274 αἱρετικῶν
1414 1202 1515 1266 τὰς
1542 1202 1748 1266 λύσεις.
1779 1203 1886 1256 Εὑο

294 1296 392 1358 οὺς
430 1296 539 1366 γὰρ
577 1295 768 1349 ἔλυσεν
798 1293 1056 1347 ὑπόνοιαν
1088 1293 1428 1364 Μανιχαίων·
1463 1293 1522 1346 ὲν
1557 1293 1636 1365 τῷ
1676 1295 1786 1365 γὰρ
1813 1295 1890 1347 εί-

294 1391 417 1442 πεϊν
449 1386 652 1440 ἐσθίειν
690 1386 786 1440 καὶ
824 1386 1025 1452 πίνειν,
1056 1386 1240 1458 σάρκα
1276 1385 1536 1457 ἀληθινὴν
1566 1385 1887 1438 ὑποδείκνυο

297 1495 401 1533 σιν.
442 1478 638 1532 Ἔλυσε
668 1477 1073 1532 Λουκιανιστῶν
1113 1477 1207 1530 τὸν
1256 1476 1480 1548 τρρπον,
1529 1476 1626 1530 καὶ
1677 1477 1892 1548 ’Λρείου

293 1572 393 1644 τὴν
419 1571 671 1642 δύναμιν·
697 1570 999 1635 Λουκιανδς
1017 1571 1126 1643 γὰρ
1156 1571 1251 1624 καὶ
1279 1571 1483 1635 πάντες
1500 1571 1888 1624 Λουκιανισταὶ

292 1666 586 1738 ἀρνοῦνται
613 1665 706 1719 τὸν
739 1664 867 1718 Υίὸν
899 1665 995 1718 τοῦ
1024 1662 1160 1718 Θεοῦ
1200 1663 1380 1734 ψυχὴν
1417 1663 1721 1734 ιιίλειιιιειένιιι⁹
1756 1661 1891 1733 σάρ-

291 1777 366 1812 κα
399 1759 498 1829 μὲν
531 1759 691 1832 μόνον
720 1757 886 1828 φασιν
911 1756 1228 1829 ἐσχηκέναι,
1259 1757 1347 1812 ἵνα
1373 1756 1539 1826 δῆθεν
1562 1755 1887 1828 προσάψωσι

1992 567 2054 613 ιιι
2084 566 2212 613 ante
2234 559 2370 627 dixi,
2413 562 2618 633 scripta
2643 572 2796 624 sunt,
2831 570 2893 618 ut
2923 578 3026 618 vox
3088 563 3200 628 illa,
3237 567 3434 636 factus,
3467 569 3575 622 vim

1993 648 2047 702 in
2073 663 2139 704 eo
2165 665 2326 705 suam
2363 649 2586 715 habeat,
2637 651 2782 723 quod
2813 667 2844 705 a
2877 655 3105 710 muliere
3146 655 3218 709 sit
3247 658 3486 728 genitus,
3519 670 3578 712 ut

1991 739 2231 804 interim,
2273 741 2668 811 sempiternum
2705 741 2940 798 Verbum
2984 745 3276 801 manifeste
3318 747 3577 802 omnibus

1989 846 2114 888 esse.
2133 832 2566 889 demonstretur.
2601 835 2736 890 Illud
2772 853 2922 899 vero,
2953 835 3077 892 Non
3105 840 3266 904 sitiet,
3301 842 3348 895 si
3375 842 3441 896 dc
3468 841 3577 896 Deo

1992 922 2405 995 intelligendum
2447 933 2570 994 est;
2608 941 2732 979 eum
2757 927 2825 982 de
2847 926 2986 982 Filio
3023 930 3288 1000 scriptum
3323 932 3416 996 sit,
3451 947 3578 987 esu-

1992 1013 2134 1069 risse
2183 1015 2334 1068 illum
2380 1030 2443 1070 ac
2479 1015 2688 1080 sitisse,
2739 1019 3058 1071 necessario
3099 1026 3271 1073 totum
3318 1019 3449 1074 illud
3493 1029 3578 1074 est

1991 1114 2182 1162 nostra
2238 1122 2403 1163 causa
2458 1117 2797 1179 susceptum.
2853 1109 2985 1164 Nam
3043 1113 3316 1181 quomodo
3360 1113 3574 1167 tandem

1992 1215 2120 1254 vera
2165 1215 2289 1256 esse
2339 1202 2674 1271 reperiretur
2721 1203 3058 1266 incarnatio,
3114 1203 3220 1258 nisi
3271 1207 3574 1260 naturalem

1993 1291 2200 1346 homini
2270 1295 2656 1348 necessitatem
2726 1295 3290 1365 consuetudinemque
3348 1311 3460 1365 prre
3519 1313 3579 1352 se

1994 1383 2207 1440 ferret?
2237 1383 2347 1439 llac
2393 1386 2537 1450 enim
2576 1385 2787 1441 ratione
2825 1387 3159 1457 qurestiones
3193 1403 3406 1453 omnes,
3458 1404 3580 1459 qum

1992 1475 2060 1529 ab
2106 1475 2382 1532 haereticis
2431 1475 2792 1544 objiciuntur,
2850 1476 3150 1532 dissolvere
3206 1493 3306 1531 nos
3366 1477 3575 1532 docuit.

1991 1567 2168 1638 Atque
2215 1569 2266 1621 in
2303 1567 2498 1638 primis
2548 1567 2741 1623 falsam
2783 1567 3210 1623 Manichazorum
3262 1569 3577 1639 opinionem

1992 1657 2281 1713 submovet
2309 1676 2324 1712 :
2369 1674 2495 1713 nam
2540 1659 2684 1729 quod
2722 1658 3085 1714 manducasse
3113 1673 3178 1713 ac
3203 1658 3411 1714 bibisse
3441 1659 3581 1714 diei-

1993 1758 2104 1814 tur,
2131 1764 2313 1804 veram
2349 1765 2573 1805 carnem
2612 1749 2782 1805 fuisse
2816 1749 3078 1804 declarat.
3113 1749 3194 1804 Ad
3231 1749 3346 1805 haec
3377 1748 3578 1805 Lucia-

291 1851 374 1921 τῷ
403 1851 522 1924 Θεῷ
559 1852 719 1922 Λόγῳ
752 1851 1094 1924 ἀνθρώπινον
1123 1850 1328 1915 πάθος,
1359 1849 1522 1920 δίψαν
1545 1849 1640 1903 καὶ
1678 1851 1889 1911 πεῖναν,

1997 1842 2267 1897 nistarum
2291 1858 2557 1906 errorem,
2591 1851 2756 1912 atque
2779 1841 2891 1895 Arii
2920 1842 3262 1898 firmamenta
3298 1845 3576 1899 convellit.

293 1943 388 1997 καὶ
413 1943 662 2016 κάματον
695 1944 789 1997 καὶ
814 1941 1115 2014 κλαυθμὸν,
1160 1942 1255 1997 καὶ
1283 1941 1462 2014 λύπην
1490 1943 1586 1996 καὶ
1614 1941 1883 2013 ταραχὴν,

293 2036 392 2090 καὶ
416 2037 625 2108 ὅσαπερ
655 2036 713 2089 ὲν
748 2037 813 2108 τῇ
859 2037 1110 2108 ἐνσάρκῳ
1141 2033 1307 2090 αὐτοῦ
1339 2034 1616 2106 παρουσίᾳ
1645 2033 1885 2105 ἐμφέρε-

291 2146 407 2182 ται.
441 2126 651 2199 Εΰηθες
670 2129 714 2182 δ’
735 2127 801 2182 ἂν
824 2128 911 2201 εἴη
931 2129 1106 2182 ταῦτα
1139 2129 1220 2192 είς
1242 2126 1340 2199 τὴν
1375 2126 1611 2197 θεότητα
1630 2125 1724 2179 τοῦ
1754 2126 1886 2180 Υἱοῦ

291 2220 388 2275 τοῦ
415 2221 552 2276 Θεοῦ
576 2220 909 2291 λογίζεσθαι.
953 2221 1136 2287 Ἀλλὰ,
1179 2221 1334 2291 φασὶ,
1367 2220 1506 2292 σὰρξ
1531 2219 1655 2275 καθ’
1687 2220 1887 2291 ἑαυτὴν

294 2311 428 2368 οὖσα
457 2313 583 2368 οὔτε
617 2315 809 2384 ἐσθίει,
837 2315 961 2370 οὕτε
988 2316 1153 2382 πίνει,
1181 2314 1304 2369 οὔτε
1331 2314 1554 2385 κάμνει,
1594 2315 1720 2368 οὒτε
1752 2313 1888 2368 ἄλλα

297 2405 548 2478 πράττει.
580 2408 692 2461 Καὶ
718 2406 882 2472 αὐτὸς
915 2406 1173 2480 σύμφημι
1209 2408 1389 2479 σάρκα
1417 2406 1542 2460 καθ’
1569 2405 1770 2476 ἑαυτὴν
1812 2405 1888 2477 μὴ

292 2499 446 2570 ἔχειν
478 2500 678 2556 ταῦτα.
708 2502 873 2574 Ἔσχε
897 2501 951 2555 δὲ
985 2503 1166 2556 πᾶσαν
1195 2501 1294 2571 τὴν
1321 2499 1635 2572 οἰκονομίαν
1662 2499 1832 2553 ἐλθὼν
1859 2501 1888 2552 ὁ

296 2588 488 2658 Λόγος,
519 2590 615 2644 καὶ
646 2575 943 2662 σάρκακαὶ
969 2591 1146 2665 ψυχὴν
1175 2593 1270 2646 καὶ
1303 2591 1516 2663 ὅσαπέρ
1537 2592 1686 2645 ἐστιν
1711 2592 1769 2643 ἐν
1791 2591 1888 2644 ἀν-

293 2678 521 2752 θρώπῳ·
557 2683 659 2754 τῆς
688 2683 745 2736 δὲ
769 2683 949 2755 ψυχῆς
977 2685 1071 2737 καὶ
1096 2682 1196 2754 τῆς
1227 2681 1430 2754 σαρκὸς
1451 2678 1519 2754 ἦν
1555 2681 1696 2755 μέρη
1728 2685 1890 2737 πεῖνα

298 2773 394 2828 καὶ
419 2775 449 2827 ὁ
482 2775 748 2846 κάματος,
784 2777 819 2847 ἥ
857 2794 917 2830 τε
949 2776 1081 2846 δίψα
1105 2777 1201 2830 καὶ
1228 2777 1261 2848 ἡ
1293 2775 1461 2846 λύπη,
1501 2777 1596 2830 καὶ
1625 2775 1696 2829 τὰ
1728 2777 1886 2833 ἄλλα.

296 2865 536 2938 Δακρύει
569 2868 666 2938 μὲν
698 2867 806 2939 γὰρ
832 2867 918 2920 ἴνα
947 2867 1144 2942 ἐλέγξῃ
1182 2869 1283 2939 τὴν
1317 2867 1526 2938 πλάνην
1557 2869 1886 2939 Μανιχαίου,

296 2958 382 3011 ὃτι
409 2958 472 3013 οὐ
499 2958 719 3030 δοκήσει
746 2958 1020 3030 ἠμφίεστο
1044 2959 1106 3013 τὸ
1135 2959 1316 3030 σῶμα,
1347 2957 1463 3012 ἀλλ’
1492 2958 1741 3030 ἀληθείᾳ.
1778 2959 1890 3013 Καὶ

297 3050 432 3122 διψᾷ
467 3050 543 3115 δὲ,
595 3051 681 3104 ἵνα
721 3032 872 3123 δείξῃ
904 3051 978 3122 μὴ
1007 3051 1167 3121 μόνον
1200 3051 1300 3122 τὴν
1334 3051 1513 3124 σάρκα
1551 3050 1718 3122 ἔχειν,
1755 3051 1890 3104 ἀλλὰ

299 3148 396 3201 καὶ
420 3145 520 3218 τὴν
548 3143 748 3216 ψυχήν.
777 3145 852 3197 Οὐ
884 3144 992 3215 γὰρ
1017 3145 1052 3214 ἡ
1092 3142 1257 3196 αὐτοῦ
1294 3141 1483 3212 θεότης
1511 3142 1731 3212 ἐδίψησέ
1760 3159 1886 3205 που,
1922 3177 1930 3182 -

1989 1936 2203 2008 Quippe
2230 1935 2511 1991 Lucianus
2543 1950 2607 1989 ae
2655 1933 2988 1990 Lucianislm
3015 1950 3206 1992 omnes
3248 1935 3447 1991 Filium
3481 1935 3576 1991 Dei

1989 2029 2230 2083 animam
2283 2029 2655 2098 assumpsisse
2701 2035 2943 2098 negant:
2992 2027 3357 2100 eumdemque
3401 2029 3575 2085 solam

1992 2122 2238 2178 induisse
2281 2138 2525 2187 carnem,
2580 2131 2640 2176 ut
2688 2122 2874 2177 divino
2903 2121 3083 2178 Verbo
3128 2123 3399 2178 humanas
3445 2123 3578 2179 alic-

1991 2215 2203 2271 ctiones
2221 2217 2487 2278 tribuant,
2511 2216 2678 2283 sitim,
2707 2215 2926 2284 famem,
2953 2215 3347 2287 fatigationem,
3369 2215 3577 2277 fletum,

1992 2321 2309 2376 man-orem,
2372 2308 2862 2378 perturbationem,
2919 2309 3185 2380 quidquid
3236 2309 3473 2381 denique
3524 2309 3576 2363 in

1992 2409 2253 2471 suscepta
2286 2399 2356 2454 ab
2386 2400 2481 2456 illo
2515 2407 2712 2455 natura
2760 2403 3054 2473 reperitur.
3088 2402 3251 2473 Atqui
3286 2404 3425 2458 nihil
3457 2419 3580 2460 esse

1993 2489 2250 2545 stolidius
2275 2498 2456 2559 potest
2485 2507 2651 2561 quam
2675 2489 2797 2545 Filii
2822 2491 2915 2547 Dei
2957 2492 3225 2549 divinitati
3261 2496 3375 2550 haec
3402 2497 3578 2551 ascri—

1993 2584 2122 2639 bere
2166 2585 2324 2639 velle.
2353 2586 2422 2638 At
2447 2587 2620 2650 enim,
2658 2587 2933 2657 inquiunt,
2987 2605 3118 2644 caro
3164 2607 3259 2663 per
3299 2607 3421 2648 sese
3467 2608 3577 2648 non

1995 2677 2234 2732 comedit
2285 2685 2379 2731 aut
2427 2678 2598 2745 bibit,
2653 2697 2830 2751 neque
2890 2681 3188 2754 fatigatur,
3257 2701 3358 2739 nec
3417 2685 3580 2742 istius

1995 2769 2211 2840 generis
2244 2779 2436 2825 caetera
2480 2779 2722 2841 praestat.
2774 2772 2888 2843 Ego
2934 2789 3062 2828 vero
3112 2775 3265 2829 carni
3314 2791 3413 2846 per
3457 2793 3580 2833 sese

1995 2864 2291 2918 convenire
2333 2864 2436 2917 ista
2475 2879 2581 2919 non
2629 2881 2792 2935 posse
2834 2867 3027 2922 fateor.
3059 2865 3259 2922 Verum
3313 2869 3579 2941 quidquid

1995 2954 2234 3009 hominis
2269 2956 2551 3025 proprium
2583 2965 2690 3020 est,
2721 2955 2962 3012 Verbum
3013 2958 3067 3011 in
3109 2974 3231 3014 sese
3272 2961 3576 3023 transtulit,

1997 3061 2245 3109 carnem,
2279 3048 2524 3116 inquam,
2553 3054 2607 3102 ct
2638 3048 2899 3111 animam,
2927 3057 2980 3103 et
3020 3065 3362 3120 quaecunque
3391 3049 3443 3104 in
3482 3051 3580 3105 ho-

1997 3139 2144 3194 mine
2167 3147 2490 3194 ccrnuutur.
2533 3138 2745 3193 Auinue
2798 3155 2962 3210 porro
2999 3141 3296 3212 carnisque
3345 3143 3582 3212 propria:

302 3237 395 3290 xui
520 3235 666 3305 ψυχῇ
686 3215 942 3304 ἐδίψησε,
977 3233 1071 3286 καὶ
1111 3232 1441 3286 κεκοπίακεν
1470 3231 1580 3286 ἀπὸ
1622 3233 1720 3302 τῆς
1750 3232 1886 3286 ὁδοι-

1996 3241 2179 3301 partes
2205 3238 2362 3286 erant
2397 3229 2593 3285 famem
2635 3241 2688 3286 et
2719 3231 3116 3302 fatigationem,
3153 3233 3301 3288 sitim
3337 3247 3402 3287 ac
3444 3247 3582 3286 moe-

301 3330 500 3402 πυρίας
529 3329 618 3382 διὰ
642 3329 742 3400 τὴν
766 3327 968 3399 σαρκὸς
996 3327 1089 3381 καὶ
1115 3326 1295 3397 ψυχῆς
1325 3325 1668 3379 ἀκολουθίαν.

1997 3341 2202 3390 rorem,
2255 3336 2562 3395 eteteraque
2604 3326 2906 3396 suscipere.
2947 3325 3134 3380 Plorat
3173 3329 3376 3398 itaque,
3409 3327 3583 3385 Mani-

300 3421 436 3476 chtei
465 3428 525 3476 ut
554 3435 794 3476 errorem
819 3420 1133 3484 convincat,
1159 3436 1327 3489 seque
1355 3436 1462 3476 non
1489 3421 1669 3492 specie
1693 3421 2225 3493 adumbratioueque
2259 3422 2376 3476 sola
2434 3438 2653 3477 carnem
2712 3422 2928 3488 doceat,
2961 3421 3055 3478 sed
3105 3438 3170 3478 ex
3216 3424 3291 3479 rei
3355 3425 3584 3479 veritate

302 3516 562 3586 erupisse.
592 3515 720 3570 Sitit
748 3528 898 3578 vero,
931 3521 1118 3568 utnon
1146 3515 1260 3569 sola
1297 3531 1354 3570 se
1381 3531 1548 3570 carne
1573 3515 1882 3586 prteditum,
1931 3517 2026 3572 sed
2087 3516 2255 3570 etiam
2307 3515 2492 3569 anima
2538 3515 2912 3580 demonstret;
2957 3529 3065 3567 non
3124 3514 3270 3569 enim
3312 3515 3457 3570 sitim
3499 3527 3585 3570 est

306 3607 454 3660 illius
495 3611 718 3675 experta
746 3604 1040 3672 divinitas;
1078 3606 1173 3661 sed
1216 3608 1399 3661 anima
1452 3608 1610 3674 sitiit,
1645 3618 1698 3663 et
1743 3625 1808 3664 ex
1845 3609 2042 3668 itinere
2101 3609 2344 3663 lassatus
2393 3618 2498 3675 est,
2554 3608 2699 3678 quod
2741 3613 2861 3662 erat
2891 3606 3040 3662 carni
3078 3595 3383 3679 animmque
3450 3623 3586 3662 con-

302 3706 649 3754 Sentaneum.

376 3794 493 3846 AA'.
529 3793 651 3845 Ὀτι
674 3789 731 3845 δὲ
755 3790 915 3863 σῶμα
940 3791 1080 3863 ἔχων
1116 3792 1211 3846 καὶ
1241 3793 1418 3866 ψυχὴν
1446 3790 1609 3866 ἦλθεν
1639 3797 1668 3848 ὁ
1696 3795 1887 3864 Λόγος.

305 3886 653 3938 πεισάτωσαν
683 3885 882 3948 αὐτοὺς
915 3885 969 3937 αἱ
1001 3884 1146 3939 θεῖαι
1181 3888 1393 3957 γραφαὶ
1427 3887 1672 3950 Παλαιᾶς
1710 3904 1768 3939 τε
1794 3887 1890 3939 καὶ

306 3977 534 4047 Καινῆς.
566 3977 738 4040 Εὐθὺς
767 3977 876 4047 γὰρ
913 3976 1078 4031 Δαϐὶδ
1112 3979 1241 4049 περὶ
1274 3979 1437 4032 αὐτοῦ
1471 3980 1642 4049 λέγει,
1668 3981 1760 4033 καὶ
1782 3980 1888 4032 Πέ-

305 4088 434 4143 τρος
459 4069 622 4124 Δαϐὶδ
643 4069 876 4140 συνῳδά’
909 4071 1032 4125 Οὐκ
1057 4070 1260 4138 ἐάσεις
1289 4073 1404 4140 τὴν
1424 4073 1638 4142 ψυχήν
1662 4091 1781 4142 μου
1802 4076 1889 4140 εἰς

305 4165 484 4232 ᾅδην,
513 4164 654 4218 οὐδὲ
683 4163 896 4230 δώσεις
915 4163 1022 4218 τὸν
1036 4163 1209 4217 ὅσιόν
1229 4180 1346 4219 σου
1368 4165 1516 4218 ἰδεῖν
1541 4165 1888 4234 διαφθοράν·

307 4257 395 4309 ἵνα
424 4256 484 4309 τὸ
509 4255 762 4310 σύνθετον
791 4257 886 4310 τοῦ
927 4253 1208 4326 Κυριακοῢ
1243 4255 1535 4326 ἀνθρώπου
1574 4259 1765 4319 νοοῖτο,
1797 4256 1892 4308 καὶ

307 4347 497 4418 σαφῶς
525 4349 652 4421 περὶ
671 4348 860 4402 τούτου
884 4346 1088 4417 γνῶσις
1104 4349 1237 4419 ἡμῖν
1263 4347 1507 4418 γένηται,
1537 4348 1625 4402 ἵνα
1649 4348 1890 4419 συστήσῃ

306 4439 486 4512 ψυχὴν
523 4441 621 4512 μὲν
660 4441 756 4495 σὺν
783 4440 998 4512 θεότητι
1028 4440 1107 4512 τῷ
1141 4440 1428 4513 τριημέρῳ
1471 4440 1894 4508 συγκατατεθεῖ-

2049 3774 2158 3864 39
2175 3789 2412 3846 XXXIV.
2429 3790 2584 3857 Quod
2609 3800 2788 3845 autem
2809 3805 3029 3844 carnem
3053 3790 3255 3860 pariter
3273 3797 3325 3845 et
3342 3793 3582 3845 animam

2001 3885 2256 3941 habuerit
2303 3883 2564 3949 Verbum,
2597 3893 2708 3938 tam
2750 3883 2963 3940 Veteris
2996 3900 3158 3956 quam
3200 3885 3335 3941 Novi
3388 3885 3584 3941 Testa-

1999 3979 2169 4036 menti
2202 3979 2532 4050 persuadeat
2572 3977 2683 4034 illis
2711 3977 3034 4033 auctoritas.
3070 3977 3281 4033 Etenim
3315 3978 3486 4034 David
3518 3973 3590 4034 de

1998 4073 2118 4142 ipso
2155 4074 2227 4126 ita
2261 4072 2602 4142 pronuntiat,
2635 4071 2722 4124 cui
2757 4079 2810 4125 et
2839 4068 3037 4149 Petrus
3063 4063 3429 4140 astipulatur:
3466 4070 3583 4126 Non

1996 4166 2256 4238 relinques
2285 4167 2519 4217 animant
2545 4179 2711 4216 meam
2736 4164 2789 4214 iu
2813 4163 3041 4231 inferno,
3078 4179 3237 4232 neque
3261 4164 3414 4238 dabis
3445 4164 3586 4219 San-

1996 4264 2137 4308 ctum
2177 4265 2324 4308 tuum
2362 4255 2531 4308 videre
2574 4255 3031 4324 corruptionem’.
3071 4254 3139 4309 Ut
3179 4253 3444 4310 Dominici
3483 4257 3583 4310 h0-

1998 4348 2162 4403 minis
2202 4349 2503 4418 composita
2541 4348 2875 4419 intelligatur
2913 4363 3035 4403 esse
3070 4358 3288 4414 natura,
3341 4364 3402 4404 ac
3434 4357 3583 4403 certa

1999 4441 2066 4495 de
2093 4455 2157 4495 eo
2180 4441 2341 4495 nobis
2377 4442 2449 4495 sit
2475 4441 2702 4496 scientia
2736 4441 3058 4501 constituta,
3095 4446 3154 4492 ut
3194 4439 3432 4494 animam
3457 4456 3581 4494 cum

311 4536 460 4597 σθαι,
479 4534 564 4586 ἵνα
593 4533 688 4604 τὴν
718 4534 898 4606 σάρκα
921 4534 1074 4587 ὁσίαν
1101 4531 1381 4604 ἀποδείξῃ,
1413 4535 1508 4587 καὶ
1530 4533 1628 4605 τὴν
1671 4534 1891 4604 θεότητσ

2003 4534 2291 4588 divinitate
2326 4535 2669 4589 demonstret
2698 4534 2791 4587 illo
2822 4533 3005 4587 triduo
3028 4547 3151 4588 esse
3179 4533 3498 4598 demissam,
3525 4545 3586 4587 ιιι

312 4622 410 4675 σὺν
431 4625 498 4694 τῇ
527 4621 673 4694 ψυχῇ
701 4623 1089 4694 ἀκατασχέτως
1114 4623 1172 4677 ὲν
1200 4624 1302 4697 ᾄδῃ
1330 4624 1389 4677 τὸ
1421 4626 1720 4696 μυστήριον
1744 4642 1891 4678 τετε-

1997 4642 2218 4680 carnem
2264 4641 2386 4681 esse
2439 4634 2684 4680 sanctam
2730 4624 3064 4690 ostenderet,
3116 4634 3170 4680 et
3222 4641 3346 4679 cum
3403 4627 3584 4680 anima

309 4713 615 4768 λειωκέναι.
647 4715 798 4785 Ἔχει
819 4714 927 4786 γάρ
961 4732 1062 4768 που
1091 4714 1185 4768 καὶ
1214 4715 1380 4788 ἄλλην
1416 4715 1724 4786 μαρτυρίαν
1752 4715 1895 4770 οὕτω

309 4806 595 4877 λέγουσαν·
632 4807 729 4862 Ἐν
750 4807 978 4876 νεκροῖς
1005 4808 1894 4877 ἑλεύθερος.Τὸ,ὲλεύοερον,τοῦ

314 4901 390 4973 μὴ
415 4899 692 4972 κυριεύειν
723 4899 886 4953 αὐτοῦ
920 4901 1012 4953 τὸν
1039 4899 1170 4972 ᾅδην
1210 4900 1565 4972 σημαντικὸν,
1606 4903 1673 4972 τῇ
1704 4900 1760 4953 δὲ
1791 4901 1897 4972 ἰδίᾳ

312 4995 532 5066 θελήσει
560 4994 669 5058 ἓως
702 4994 828 5066 ᾅδου
868 4993 1308 5066 καταϐεϐηκέναι
1344 4994 1440 5048 σὺν
1462 4995 1528 5064 τῇ
1567 4992 1735 5063 ψυχῇ.
1761 4994 1899 5062 Φησὶ

309 5089 368 5143 δὲ
409 5092 439 5144 ὁ
482 5089 708 5160 Πέτρος·
749 5089 964 5144 Καθότι
997 5089 1108 5143 οὐκ
1144 5085 1223 5158 ἦν
1261 5086 1524 5141 δυνατὸν
1555 5086 1900 5155 κρατεῖσθαι

310 5180 500 5235 αὐτὸν
536 5182 639 5237 ὐπ’
671 5182 880 5242 αὐτοῦ,
909 5181 1202 5245 τουτέστιν,
1239 5179 1344 5234 ὑπὸ
1374 5179 1467 5232 τοῦ
1493 5179 1638 5251 ᾅδου.
1665 5181 1776 5232 Καὶ
1802 5179 1900 5230 αὐ-

311 5272 402 5336 τὸς
429 5272 487 5326 δὲ
518 5274 547 5325 ὁ
576 5272 771 5342 Σωτήρ
819 5287 976 5342 φησιτ
1025 5271 1349 5336 Ἐξουσίαν
1386 5270 1504 5339 ἔχω
1542 5269 1750 5323 λαϐεῖν
1787 5269 1902 5336 τὴν

311 5363 527 5433 ψυχήν
565 5380 710 5433 μου,
758 5361 856 5416 καὶ
903 5360 1089 5415 θεῖναι
1139 5361 1351 5427 αὑτήν·
1396 5361 1509 5424 καὶ,
1554 5359 1695 5428 Ἐγώ
1725 5361 1841 5428 εἰμι
1869 5361 1902 5413 0'

313 5455 542 5524 ποιμὴν
574 5457 608 5508 ό
638 5443 846 5520 καλὸς,
896 5456 930 5506 ὁ
973 5453 1154 5520 τιθεὶς
1193 5453 1309 5520 τὴν
1345 5451 1559 5521 ψυχὴν
1595 5450 1748 5520 ὑπὲρ
1785 5451 1903 5505 τῶν

314 5547 645 5618 προϐάτων*
690 5550 806 5613 καὶ,
853 5547 916 5602 Ἠ
945 5547 1114 5616 ψυχή
1145 5565 1265 5616 μου
1315 5545 1684 5614 τετάρακται,
1737 5545 1894 5616 φησι,

313 5639 415 5694 καί
443 5640 500 5693 ’τί
525 5640 702 5708 εἵπω;
731 5640 807 5705 ὡς
831 5641 915 5693 ἐπ’
942 5638 1230 5710 ἀμφιϐόλῳ
1256 5637 1450 5706 λέγων·
1485 5638 1548 5692 Τί
1573 5638 1756 5703 simu;
1780 5638 1898 5691 Πιὶ-

389 5753 405 5783 ¹
442 5751 623 5807 Galat.
665 5768 740 5820 tv,
779 5753 835 5807 4.
928 5756 948 5786 ²
987 5751 1136 5809 Psal.
1178 5768 1269 5818 xv,
1312 5752 1413 5821 10;
1465 5753 1584 5806 Act.
1628 5765 1688 5815 ιι,
1755 5752 1844 5807 27.

324 5823 346 5856 ⁶
378 5821 512 5880 ibid.
557 5823 642 5878 ll.

1997 4719 2336 4773 divinitatem
2370 4718 2512 4788 apud
2542 4717 2749 4771 inferos
2785 4717 2876 4771 ubi
2910 4717 3151 4772 cohiberi
3192 4733 3300 4772 non
3339 4726 3584 4787 poterat,

1999 4811 2298 4882 perfecisse
2329 4811 2672 4881 mysterium.
2715 4809 2942 4864 Accedit
2968 4811 3112 4863 enim
3149 4817 3201 4863 et
3230 4807 3376 4863 aliud
3410 4809 3587 4879 quod-

1999 4905 2124 4957 dam
2161 4903 2432 4972 cjusmodi
2480 4903 2850 4957 testimonium
2885 4921 2899 4957 :
2932 4901 3080 4956 Inter
3113 4912 3349 4956 mortuos
3386 4901 3516 4955 liber
3542 4902 3585 4955 ³.

1999 4996 2133 5050 Nam
2168 5013 2270 5051 vox
2306 4997 2434 5055 ista,
2467 4996 2618 5060 liber,
2667 4997 2871 5052 inferos
2910 5011 3252 5066 nequaquam
3299 4995 3374 5050 illi
3411 4993 3588 5049 domi-

2000 5089 2121 5143 nari
2171 5089 2461 5160 significat,
2510 5089 2602 5144 sed
2636 5089 2700 5142 ad
2750 5088 2956 5144 inferos
3000 5105 3175 5158 usque
3208 5095 3402 5157 suapte
3432 5086 3583 5140 illum

2001 5198 2123 5238 esse
2153 5185 2436 5238 voluntate
2485 5199 2609 5237 cum
2662 5185 2843 5236 anima
2894 5182 3200 5251 delapsum.
3250 5179 3416 5232 Addit
3456 5192 3586 5231 vero
3631 5200 3634 5203 -

2002 5271 2198 5328 Petrus
2229 5292 2241 5327 :
2271 5272 2441 5325 Juxta
2469 5273 2607 5342 quod
2639 5272 2961 5340 impossibile
2992 5279 3106 5325 erat
3139 5270 3302 5324 teucri
3338 5267 3486 5321 illum
3520 5268 3583 5320 ab

2001 5384 2062 5422 eo
2088 5371 2129 5430 ⁵,
2149 5367 2253 5421 hoc
2280 5376 2384 5431 cst,
2418 5367 2488 5420 ab
2519 5365 2754 5419 inferno.
2783 5364 2924 5432 Quin
2949 5366 3112 5420 etiam
3143 5365 3396 5416 Salvator
3428 5361 3581 5430 ipse:

2007 5460 2356 5525 Potestatcm,
2395 5459 2594 5527 inquit,
2642 5458 2805 5514 habeo
2845 5459 3084 5513 sumendi
3121 5459 3356 5510 animam
3393 5469 3582 5513 meum,

2003 5563 2052 5606 et
2085 5553 2254 5620 ipsam
2293 5549 2581 5617 ponendi”.
2626 5549 2756 5605 Item
2787 5568 2799 5603 :
2839 5549 2950 5619 Ego
2991 5565 3109 5602 sum
3145 5546 3341 5599 Pastor
3376 5541 3541 5595 bonus
3569 5579 3583 5599 .

1943 5699 1951 5707 _
2004 5645 2094 5713 qui
2137 5659 2272 5712 pono
2314 5644 2549 5698 animam
2575 5661 2671 5714 pro
2707 5644 2888 5698 ovibus
2912 5644 2952 5696 ⁸.
2983 5641 3122 5694 Tum
3177 5635 3311 5691 illud
3344 5653 3356 5688 :
3397 5633 3589 5687 Anima
3638 5701 3641 5703 _

1975 5756 1996 5787 ⁸
2035 5755 2182 5812 Psal.
2225 5773 2469 5826 tuxvu,
2505 5758 2560 5813 6.
2675 5761 2696 5789 ⁵
2732 5758 2853 5812 Act.
2899 5772 2957 5821 ιι,
2996 5755 3086 5808 24.
3150 5751 3353 5808 l'Joan.
3395 5764 3451 5813 x,
3498 5749 3586 5806 i8.
