4012 6210
425 241 490 300 79
1820 234 1877 290 S.
1919 232 2262 290 EPlPllANII
3631 239 3702 296 80

423 377 538 418 mea
567 359 780 414 turbata
796 367 894 424 est,
931 355 1127 428 inquit,
1159 366 1208 411 et
1238 357 1363 429 quid
1387 357 1585 413 dicam'
1612 359 1637 414 ?
1671 355 1794 412 llaec
1821 363 2004 411 autem

2111 374 2230 426 τερ,
2270 357 2479 412 σῶσόν
2508 375 2586 428 με
2616 359 2732 414 ἀπὸ
2771 360 2883 429 τῆς
2917 360 3073 430 ὥρας
3109 361 3352 430 ταύτης.
3397 359 3575 417 Ἀλλὰ
3601 359 3702 415 διὰ

426 457 620 511 verba:
644 453 784 519 Quid
814 453 1030 509 dicant?
1057 452 1283 509 dubium
1312 461 1368 508 et
1395 453 1709 523 ambiguum
1743 450 2002 520 quiddam

423 561 538 619 prae
588 560 648 602 se
697 547 902 599 ferunt.
936 543 1122 610 Pater,
1153 562 1304 599 serva
1352 562 1432 599 me
1472 545 1536 598 ab
1575 544 1673 597 hac
1714 543 1867 598 hora.
1901 541 2004 597 Sed

405 648 695 709 propterea
734 639 849 693 ueni
885 639 938 692 in
970 639 1106 692 hanc
1137 638 1323 692 lteram
1359 638 1400 700 ',
1439 645 1498 690 ut
1527 635 1842 692 ostenderet
1868 635 2005 690 divi-

424 733 652 788 nitatem
684 731 861 802 ipsius
902 738 1099 802 sponte
1136 730 1204 784 ad
1237 731 1342 784 ista
1394 727 1632 782 venisse.
1682 725 1817 781 Nam
1871 726 2002 781 illud

424 821 675 886 verbum,
741 820 959 875 turbata
988 829 1100 884 est,
1147 823 1470 886 usurpatum
1524 815 1644 872 ideo
1687 826 1789 883 est,
1831 823 1891 870 ut
1937 832 2006 872 ne

424 921 694 983 suscepta:
738 912 977 967 hominis
1032 917 1242 964 natura:
1291 923 1418 962 vera
1465 923 1529 962 ac
1577 908 1798 978 propria
1832 907 2004 962 forma

424 1006 839 1078 perturbaretur
872 1022 885 1058 :
917 1002 1186 1070 siquidem
1235 1015 1345 1054 non
1381 1001 1564 1069 specie
1606 1007 1767 1056 tenus
1814 999 2006 1054 adum-

428 1097 583 1152 brata
612 1092 916 1148 incarnatio
950 1091 1039 1144 illa
1070 1087 1190 1143 fuit.
1234 1087 1340 1143 Sed
1375 1089 1832 1159 quemadmodum
1870 1104 2006 1159 prae-

425 1194 618 1255 potens
649 1182 922 1253 quispiam
963 1196 1058 1236 rex
1093 1196 1219 1235 cum
1266 1180 1530 1236 inferiore
1573 1180 1760 1250 aliquo
1800 1179 2004 1233 bellum

422 1290 638 1347 gerens,
684 1289 862 1343 neque
903 1272 1162 1330 dubitans
1201 1272 1332 1343 quin
1360 1273 1404 1326 si
1439 1288 1565 1326 cum
1598 1272 1773 1342 copiis
1796 1271 1914 1326 suis
1943 1285 2007 1326 ac

425 1367 638 1438 magnis
674 1367 883 1422 viribus
914 1367 1216 1421 irruentem
1253 1380 1378 1421 sese
1409 1364 1583 1420 hostis
1613 1364 1703 1419 ille
1739 1364 1998 1430 senserit,

423 1461 829 1516 detrectaturus
860 1459 932 1516 sit
974 1460 1220 1530 praelium
1242 1499 1256 1524 ,
1291 1473 1357 1514 ac
1387 1458 1552 1513 saluti
1583 1473 1698 1514 suae
1725 1456 1852 1528 fuga
1882 1472 2009 1512 con-

425 1553 704 1618 sulturus,
773 1552 1085 1621 multasque
1136 1550 1481 1606 subditorum
1537 1549 1641 1604 sibi
1695 1548 2007 1620 provincias

424 1650 741 1699 vastaturus
773 1661 783 1697 :
817 1657 941 1697 cum
974 1641 1111 1706 haec,
1147 1641 1391 1710 inquam,
1437 1639 1673 1704 noverit,
1709 1639 2008 1709 prudenter

2105 450 2284 506 τοῦτο
2316 447 2508 523 ἦλθον
2539 455 2628 520 εἰς
2660 453 2776 522 τὴν
2807 453 2969 523 ὤραν
3009 455 3256 522 ταύτην·
3300 455 3389 507 ῖνα
3424 453 3575 528 δείξῃ
3616 456 3702 510 ὅτι

2105 541 2308 595 ἑκοῦσα
2343 545 2376 614 ή
2407 542 2573 596 αὑτοῦ
2619 543 2810 616 θεότης
2839 547 2918 609 είς
2953 544 3110 600 τοῦτο
3134 544 3380 616 ἐλήλυθε.
3408 545 3482 598 Τὸ
3500 544 3578 610 δὲ,
3606 563 3701 600 τε·

2105 633 2413 702 τάρακται,
2456 635 2545 688 ἵνα
2586 634 2647 688 τὸ
2688 631 2828 700 εἶδος
2862 636 2961 707 τῆς
2990 635 3249 708 ἀληθείας
3289 635 3390 706 τῆς
3431 635 3700 708 ὲνσάρκου

2106 726 2272 780 αὐτοῦ
2313 727 2619 798 παρουσίας
2666 727 2740 799 μὴ
2780 727 3051 799 ταραχθῇ·
3085 727 3147 782 οὐ
3179 728 3288 798 γὰρ
3323 729 3546 800 δοκήσει
3567 725 3638 800 ἦν
3664 729 3701 800 ἡ

2106 819 2370 892 ἔνσαρκος
2417 820 2712 891 παρουσία.
2758 819 2920 874 Ἀλλά
2955 820 3112 892 δίκην
3147 820 3418 892 βασιλέως
3461 821 3700 892 μεγάλου

2108 912 2344 984 πόλεμον
2372 911 2584 982 ἔχοντος
2615 911 2750 983 πρὸς
2777 912 3184 985 ὑποδεέστερον,
3213 913 3310 967 καὶ
3333 911 3698 982 γινώσκοντος

2106 1006 2188 1060 ὅτι
2216 1008 2244 1059 6
2276 1003 2468 1078 ἐχθρὸς
2496 1003 2660 1058 αὑτοῦ
2696 1003 2856 1075 εἴπερ
2893 1003 2978 1076 ἴδῃ
3008 1003 3173 1057 αὑτὸν
3201 1004 3261 1058 ὲν
3284 1003 3513 1075 δυνάμει
3542 1003 3702 1074 ἐρχό-

2111 1115 2270 1168 μενον
2292 1096 2386 1150 καὶ
2414 1096 2558 1168 ίσχύῖ
2587 1096 2778 1167 πολλῇ,
2807 1097 3208 1167 παραιτήσεται
3242 1094 3337 1149 καὶ
3357 1095 3703 1166 τραπήσεται

2109 1190 2246 1260 πρὸς
2275 1188 2476 1261 φυγὴν,
2502 1189 2596 1244 καὶ
2627 1188 2830 1253 πολλὰς
2857 1187 3044 1260 χώρας
3077 1187 3184 1242 τῶν
3220 1187 3548 1259 ὑποχειρίων
3567 1188 3703 1258 ἀφα-

2108 1281 2268 1347 νίσει,
2299 1283 2393 1334 καὶ
2430 1280 2520 1334 διὰ
2565 1280 2724 1335 τοῦτο
2771 1280 3245 1351 σχηματιζομὲνου
3287 1282 3355 1351 τῇ
3395 1278 3503 1350 ἰδίᾳ
3536 1279 3703 1352 σοφίᾳ

2109 1373 2433 1445 προφάσεις,
2476 1375 2573 1427 καὶ
2609 1373 2756 1441 νῷτα
2796 1373 3030 1437 διδόντος
3066 1374 3162 1427 καὶ
3190 1372 3700 1444 ἀποδιδράσκοντος,

2107 1466 2212 1530 ἕως
2249 1465 2505 1538 ό.ὲχθρὸς
2537 1464 2718 1519 λαϐὼν
2751 1463 2953 1536 θάρσος
2992 1464 3378 1536 κατεπιθῆται,
3413 1464 3490 1529 ὼς
3524 1462 3701 1518 δειλοῦ

2109 1560 2205 1614 καὶ
2239 1558 2502 1614 ἀδυνάτου
2533 1558 2628 1613 τοῦ
2675 1557 2963 1629 βασιλέως,
3005 1558 3102 1612 καὶ
3144 1555 3326 1623 διώξει
3358 1557 3541 1612 αὐτόν·
3584 1559 3613 1612 6
3643 1557 3702 1611 δὲ

2112 1650 2365 1722 βασιλεὺς
2401 1650 2664 1721 στραφεὶς
2698 1648 2982 1718 αἰφνιδίως
3025 1647 3165 1720 μετά
3202 1648 3305 1719 τῆς
3341 1648 3508 1703 αὑτοῦ
3537 1648 3703 1705 δυνά-

426 1738 580 1792 illum
610 1735 822 1790 artibus
855 1731 972 1790 suis
1005 1747 1070 1788 ac
1100 1732 1283 1804 specie
1312 1731 1556 1798 deludit,
1605 1739 1758 1802 terga
1789 1742 2008 1786 vertens

2112 1761 2259 1814 μεως
2291 1743 2411 1798 ὅλον
2456 1741 2769 1813 ὑποχείριον
2797 1739 3010 1806 δέξεται
3040 1740 3134 1794 τὸν
3170 1740 3373 1812 ἀσθενῆ
3405 1741 3503 1794 καὶ
3542 1741 3705 1795 ὑπεν-

425 1837 479 1885 et
510 1826 745 1900 fugiens,
774 1825 948 1880 donec
975 1824 1148 1879 hostis
1176 1821 1503 1877 conﬁrmato
1527 1820 1711 1876 animo
1742 1819 1796 1875 in
1827 1820 2008 1892 ipsum

426 1923 575 1980 velut
621 1918 872 1976 timidum
903 1905 963 1974 et
997 1917 1332 1971 imbecillum
1379 1915 1799 1986 impressionem
1845 1912 2010 1967 faciat

429 2032 494 2072 ac
555 2021 956 2085 persequatur:
1009 2017 1123 2064 tum
1170 2024 1266 2064 rex
1313 2007 1405 2062 ille
1452 2014 1675 2076 repente
1710 2019 2010 2060 Conversus

426 2105 760 2162 imbecillum
796 2102 959 2158 istum
991 2108 1154 2171 atque
1181 2099 1392 2154 hostem
1421 2098 1541 2154 suis
1569 2097 1743 2168 copiis
1773 2096 2010 2151 circum-

427 2203 652 2253 ventum
694 2195 749 2250 in
781 2199 1107 2265 potestatem
1139 2191 1373 2261 redigit:
1414 2191 1488 2243 ita
1523 2188 1788 2243 Dominus
1825 2196 2012 2243 noster

430 2296 662 2344 mortem
694 2287 919 2343 minime
942 2283 1240 2356 pertimuit,
1272 2282 1366 2353 qui
1398 2281 1472 2347 id,
1506 2288 1798 2351 antequam
1825 2278 1891 2333 ad
1914 2293 2010 2350 pa-

428 2380 677 2437 tiendum
716 2379 1023 2445 accederet,
1056 2377 1112 2431 in
1143 2375 1342 2430 itinere
1375 2373 1733 2445 signiﬁcaret,
1763 2370 2010 2426 {riturum

430 2473 682 2527 videlicet
717 2479 776 2525 ut
817 2469 988 2526 Filius
1020 2466 1260 2523 hominis
1295 2465 1606 2521 traderetur
1638 2473 1692 2519 et
1725 2461 2006 2534 cruciﬁge-

430 2553 602 2629 retur,
635 2579 702 2618 ac
740 2563 901 2618 tertia
931 2561 1021 2617 die
1045 2564 1378 2632 resurgeret.
1416 2549 1582 2613 Petro
1611 2569 1742 2612 vero
1772 2554 2008 2619 dicente,

426 2657 539 2731 ω
575 2655 847 2726 Propitius
876 2652 971 2707 tibi
1001 2653 1091 2720 sit,
1129 2651 1382 2714 Domine;
1414 2649 1510 2704 hoc
1537 2646 1630 2702 tibi
1651 2647 1865 2700 minime
1886 2661 2013 2700 can-

431 2749 593 2819 tinget
623 2746 673 2814 ³;
703 2746 956 2802 Christus
1004 2744 1090 2800 his
1120 2743 1274 2798 illum
1307 2741 1486 2797 verbis
1517 2739 1762 2810 increpat
1793 2755 1810 2794 :
1868 2736 2012 2816 Vade

428 2848 545 2906 post
573 2855 676 2905 me,
715 2836 939 2904 Satana,
969 2837 1094 2908 quia
1122 2851 1226 2890 non
1257 2834 1399 2904 sapis
1445 2848 1561 2903 qua:
1591 2830 1689 2886 Dei
1728 2839 1886 2896 sunt,
1921 2828 2011 2884 sed

427 2949 545 3004 qua:
583 2941 707 2987 sunt
754 2930 1043 2984 hominum.
1101 2925 1205 2995 Qui
1253 2926 1369 2980 haec
1413 2923 1580 2996 igitur
1640 2921 1823 2977 futura
1872 2936 2012 2992 pra:-

429 3025 674 3086 dixcrat,
725 3021 818 3093 qui
873 3020 1037 3092 hujus
1087 3018 1164 3074 rei
1205 3031 1372 3074 causa
1423 3022 1681 3083 venerat,
1734 3013 2011 3086 quomodo

431 3124 617 3188 postea
645 3081 880 3169 transire
907 3081 1027 3168 a'se
1050 3111 1274 3166 calicem
1303 3115 1560 3178 precatur
1581 3114 1641 3161 ut
1668 3081 1738 3161 ne
1752 3081 2008 3162 biberet?
2037 3081 2084 3142 α

429 3210 533 3278 Qui
568 3209 634 3265 de
669 3215 843 3263 morte
886 3221 1010 3270 sua,
1059 3205 1380 3274 priusquam
1423 3206 1753 3264 moreretur,
1800 3212 2010 3253 sermo-

431 3318 553 3359 nem
585 3301 888 3364 habuerat,
931 3297 1014 3354 vel
1054 3298 1124 3352 ob
1161 3295 1212 3350 id
1258 3307 1428 3349 unum
1470 3307 1539 3348 ne
1572 3289 1846 3346 mendacii
1878 3305 2010 3344 con-

429 3393 574 3448 tinci
612 3399 819 3462 posset,
853 3399 912 3445 ut
939 3403 968 3444 a
997 3403 1057 3445 se
1093 3387 1236 3442 calix
1266 3385 1355 3441 ille
1384 3383 1682 3455 praeteriret
1713 3397 1872 3438 orare
1901 3398 2009 3438 non

432 3494 662 3560 poterat.
701 3486 899 3541 Verum
927 3482 1028 3536 hac
1056 3478 1432 3535 adversarium
1463 3491 1623 3532 suum
1654 3474 1868 3529 ratione
1890 3489 2012 3545 pro-

431 3588 612 3645 vocat,
645 3587 706 3633 ut
735 3592 860 3632 eum
891 3575 979 3629 ille
1008 3571 1348 3627 Salvatorem
1379 3576 1608 3623 mortem
1641 3575 1881 3622 metuere
1905 3567 2010 3624 sibi

427 3671 819 3745 persuasisset,
855 3667 997 3722 hanc
1031 3667 1136 3736 ipsi
1171 3662 1239 3718 ad
1266 3677 1455 3718 eorum
1488 3661 1581 3734 qui
1625 3662 1875 3717 morituri
1921 3679 2011 3718 es-

430 3775 572 3832 sent,
609 3764 840 3821 salutem
880 3760 1190 3831 inﬂigeret:
1221 3757 1273 3812 id
1301 3757 1446 3827 quod
1476 3754 1739 3827 singulari
1772 3754 2010 3826 quadam

427 3869 512 3916 est
554 3855 841 3930 prudentia
886 3852 1208 3924 perfectum.
1250 3849 1403 3918 Quod
1443 3849 1488 3905 si
1534 3848 1680 3904 istud
1714 3849 1878 3905 etiam
1907 3864 2009 3904 au-

429 3951 550 4008 dias
571 3957 848 4005 mortuum
866 3961 988 4002 esse
1013 3943 1324 4007 Dominum,
1356 3941 1506 3998 disce
1523 3941 1612 3996 ubi
1637 3941 1707 3996 sit
1736 3955 1884 3997 mors
1919 3941 2010 3997 illa

429 4041 841 4115 suscepta.Tibi
867 4039 1011 4097 enim
1049 4036 1416 4109 apostolorum
1436 4035 1690 4107 princeps
1717 4034 1906 4092 Petrus
1927 4043 2010 4090 to-

2107 1835 2309 1890 αντίον·
2341 1833 2517 1898 οὕτως
2549 1834 2645 1888 καὶ
2684 1834 2714 1887 6
2757 1832 2964 1904 Κύριος
3000 1831 3160 1904 ήμῶν
3192 1832 3294 1886 οὑκ
3330 1831 3573 1904 ἐφοϐήθη
3610 1832 3705 1886 τὸν

2109 1926 2361 1994 θάνατον,
2390 1927 2420 1980 6
2443 1924 2550 1997 πρὸ
2577 1923 2670 1979 τοῦ
2704 1923 2878 1978 ὲλθεῖν
2910 1923 3073 1979 αὑτὸν
3103 1925 3184 1987 εἰς
3207 1921 3270 1976 τὸ
3293 1923 3490 1978 παθεῖν
3523 1923 3706 1995 σημά-

2109 2035 2203 2082 νας
2230 2017 2290 2071 ὲν
2323 2019 2390 2088 τῇ
2418 2015 2700 2088 ὁδοιπορίᾳ
2727 2015 2810 2069 ὅτι
2847 2014 3031 2086 μέλλει
3060 2016 3090 2067 6
3123 2013 3255 2078 Υἱὸς
3284 2013 3379 2068 τοῦ
3406 2013 3704 2088 ἀνθρώπου

2109 2105 2500 2179 παραδίδοσθαι
2534 2106 2630 2161 καὶ
2660 2104 3064 2176 σταυρωθῆναι,
3096 2103 3192 2157 καὶ
3219 2106 3286 2176 τῇ
3326 2103 3484 2176 τρίτῃ
3519 2102 3704 2176 ἡμέρᾳ

2108 2197 2424 2268 ἀναστῆναν
2474 2195 2568 2250 καὶ
2612 2194 2709 2248 τοῦ
2761 2194 2968 2266 Πέτρου
3013 2193 3286 2262 λέγοντος·
3326 2193 3537 2261 Ἵλεώς
3578 2209 3702 2263 σοι,

2110 2290 2307 2356 Κύριε,
2338 2289 2410 2343 οὑ
2429 2287 2516 2358 μὴ
2543 2287 2716 2341 ἐσται
2744 2301 2844 2341 σοι
2872 2284 3073 2352 τοῦτο,
3098 2286 3453 2358 ἐπιτιμήσας,
3482 2287 3705 2359 Ὕπαγε

2109 2381 2305 2436 ὀπίσω
2331 2399 2476 2452 μου,
2510 2379 2767 2448 Σατανᾶ,
2806 2379 2996 2447 εἰπὼν,
3022 2381 3111 2435 ὅτι
3136 2383 3208 2436 οὐ
3231 2382 3472 2452 φρονεῖς
3499 2382 3571 2437 τὰ
3595 2381 3705 2438 τοῦ

2112 2472 2284 2537 Θεοῦ,
2315 2472 2478 2526 ἀλλὰ
2505 2472 2578 2527 τὰ
2610 2470 2730 2525 τῶν
2755 2469 3104 2542 ἀνθρώπων.
3159 2471 3216 2526 '0
3239 2467 3332 2526 οὖν
3366 2471 3540 2526 ταῦτα
3569 2491 3704 2546 προ⁶

2111 2564 2306 2634 λέγων,
2337 2565 2433 2618 καὶ
2460 2563 2549 2619 διὰ
2579 2562 2737 2618 τοῦτο
2767 2563 2902 2618 αὐτὸ
2926 2564 3100 2634 ἥκων,
3136 2564 3254 2629 πῶς
3289 2564 3518 2638 ὕστερον
3543 2566 3702 2638 εὑχε-

2110 2675 2202 2712 ται
2229 2655 2519 2730 παρελθεῖν
2535 2657 2597 2711 τὸ
2619 2657 2904 2729 ποτήριον,
2928 2657 3015 2711 ἵνα
3039 2658 3114 2730 μὴ
3143 2658 3240 2730 πίῃ
3262 2675 3276 2725 ;
3313 2657 3372 2712 '0
3399 2658 3569 2713 είπὼν
3597 2659 3706 2732 πρὸ

2109 2747 2206 2802 τοῦ
2233 2747 2414 2802 θανεῖν
2442 2748 2569 2820 περ)⁵
2603 2749 2698 2802 τοῦ
2743 2748 2995 2814 θανάτου,
3036 2749 3141 2804 κᾶν
3180 2749 3270 2804 διὰ
3306 2750 3368 2804 τὸ
3399 2751 3474 2824 μὴ
3498 2751 3704 2824 ὑπολη-

2114 2838 2315 2909 φθῆναι
2339 2838 2580 2911 ψεύστην
2606 2839 2792 2905 αὑτδν,
2819 2840 2921 2894 οὑκ
2949 2839 3181 2911 ἠδύνατο
3212 2840 3472 2908 εὔξασθαι
3495 2843 3706 2916 παρελ-

2113 2930 2225 2984 θεῖν
2245 2931 2308 2983 τὸ
2329 2931 2608 3003 ποτήριον.
2651 2930 2813 2985 Ἀλλὰ
2837 2932 3194 3004 προκαλεῖται
3219 2933 3309 2988 διὰ
3332 2935 3430 2998 ,τοῦ
3459 2937 3704 2992 τοιούτου

2113 3023 2317 3096 τρόπου
2339 3021 2431 3076 τὸν
2455 3022 2747 3090 ἀντίδικον,
2778 3023 2866 3077 ἵνα
2903 3023 3115 3077 ἐκείνου
3144 3025 3505 3091 ὑπολαϐόντος
3537 3028 3705 3082 δεδιέ-

2113 3131 2201 3168 ναι
2231 3113 2324 3168 τὸν
2357 3113 2588 3187 Σωτῆρα
2616 3113 2708 3168 τὸν
2737 3114 2990 3182 θάνατον,
3019 3116 3280 3191 ἐπαγάγῃ
3300 3100 3450 3190 αὑτῷ
3471 3117 3704 3173 θάνατον

2111 3208 2192 3270 εἰς
2223 3206 2494 3278 σωτηρίαν
2516 3207 2630 3270 τοῖς
2653 3205 2950 3276 θνήσκουσι
2981 3207 3072 3261 δια
3093 3209 3196 3279 τῆς
3223 3210 3555 3282 οἰκονομίας.
3593 3211 3704 3265 ’Δλ-

2112 3297 2179 3352 λὰ
2201 3299 2302 3353 κᾶν
2329 3299 2568 3371 ἀκούσῃς
2597 3300 2679 3354 ὅτι
2710 3299 2973 3371 τέθνηκεν
3002 3301 3030 3354 6
3060 3300 3290 3373 Κύριος,
3325 3303 3496 3372 γνῶθι
3520 3304 3581 3358 τὸ
3601 3305 3706 3359 πά-

2113 3389 2205 3455 θος
2243 3389 2337 3444 τοῦ
2373 3391 2602 3447 θανάτου
2647 3391 2752 3445 ποῦ
2803 3392 3180 3466 πεπλήρωται.
3231 3395 3556 3467 Ἐρμηνεύει
3596 3397 3704 3469 γάρ

2111 3500 2193 3536 σοι
2217 3485 2246 3538 6
2273 3483 2704 3554 κορυφαιότατος
2733 3485 2842 3539 τῶν
2874 3487 3191 3542 ἀποστόλων
3214 3487 3423 3561 Πέτρος
3449 3489 3548 3561 τὴν
3578 3494 3706 3562 περὶ

2108 3575 2201 3628 τοῦ
2250 3573 2480 3629 θανάτου
2530 3575 2696 3630 αὑτοῦ
2749 3576 3035 3644 ὑπόθεσιν,
3087 3577 3281 3648 λέγων’
3337 3583 3704 3653 Θανατωθεὶς

2108 3665 2311 3735 σαρκὶ,
2366 3665 2740 3735 ζωοποιηθεὶς
2790 3667 2859 3722 δὲ
2905 3670 3219 3740 πνεύματι.
3276 3669 3338 3725 Ἦ
3383 3673 3492 3745 γὰρ
3530 3675 3696 3731 αὐτοῦ

2109 3762 2300 3833 θεότης
2348 3761 2720 3834 ἀναδεξαμένη
2774 3763 2835 3815 τὸ
2887 3765 2946 3817 ἐν
3001 3765 3166 3836 σαρκὶ
3217 3765 3429 3830 παθεῖν,
3488 3769 3708 3842 ἀπαθής

2117 3853 2253 3915 ἐστι,
2286 3853 2377 3907 καὶ
2414 3853 2628 3924 ἀπαθὴς
2669 3848 2757 3923 ἦν,
2795 3853 2889 3906 καὶ
2924 3853 3141 3926 ἀπαθὴς
3165 3855 3422 3926 διέμεινε,
3459 3857 3536 3931 μὴ
3568 3877 3708 3929 τρα-

2119 3945 2312 4017 πείσης
2351 3947 2450 4016 τῆς
2489 3943 2777 4013 ἀπαθείας,
2807 3944 2944 4017 μηδὲ
2983 3947 3382 4020 ὰχρειωθείσης
3407 3953 3506 4023 τῆς
3550 3950 3710 4006 ἁῐδιὸ·

2117 4054 2297 4109 τητος.

429 4149 542 4193 tum
569 4137 699 4192 illud
729 4135 921 4190 mortis
949 4131 1224 4204 negotium
1277 4130 1362 4184 his
1386 4129 1566 4185 verbis
1616 4129 1839 4200 exponit
1886 4147 1900 4184 :
1949 4126 2308 4200 Mortiﬁcatus
2353 4145 2535 4199 carne,
2585 4129 2881 4202 vivificatus
2942 4134 3354 4204 autemspiritu
3400 4137 3442 4190 ⁸.
3489 4135 3704 4192 Etenim

428 4233 687 4289 divinitas
727 4230 900 4301 ipsius
935 4227 1342 4298 perpessionem
1379 4225 1564 4282 carnis
1595 4221 1844 4291 subiens,
1890 4226 2266 4303 perpessionis
2295 4225 2654 4282 nihilominus
2695 4234 2782 4282 est
2845 4241 3062 4295 expers,
3099 4234 3152 4280 et
3209 4241 3408 4297 expers
3469 4235 3610 4294 erat,
3653 4239 3708 4285 et

423 4341 623 4396 expers
665 4321 986 4394 permansit,
1020 4335 1143 4376 cum
1180 4335 1356 4392 neque
1394 4319 1466 4374 sit
1501 4320 1592 4374 illa
1619 4337 1730 4376 non
1759 4320 2005 4392 patiendi
2031 4329 2239 4376 mutata
2274 4321 2542 4386 conditio,
2571 4335 2674 4376 nec
2703 4319 2986 4376 aeternitas
3013 4321 3308 4376 exstincta.

497 4417 715 4473 XXXV.
759 4415 827 4470 At
870 4415 1015 4472 enim
1063 4414 1370 4470 inanissimi
1419 4415 1668 4472 homines
1694 4417 2006 4487 objiciunt:

2185 4418 2309 4471 AE'.
2357 4416 2532 4470 Πάλιν
2561 4433 2623 4468 τε
2662 4414 2758 4468 ἐὰν
2785 4415 3012 4468 εῐπωσιν
3041 4416 3090 4469 οἱ
3121 4417 3409 4482 κενόδοξοι·
3451 4420 3566 4474 Οὐκ
3599 4420 3706 4474 ἀπὸ

425 4511 710 4569 Christum
750 4508 930 4563 anima
976 4507 1146 4564 fuisse
1178 4508 1497 4578 praeditum,
1539 4508 1626 4564 his
1667 4510 1850 4565 verbis
1890 4524 2015 4580 per-

2121 4508 2230 4561 τῶν
2251 4507 2507 4561 τοιούτων
2545 4507 2656 4578 (55)
2681 4507 2906 4560 δύνασαι
2941 4508 3087 4578 ἡμᾶς
3135 4511 3318 4563 πεῖσαι
3351 4510 3443 4564 τὸν
3473 4511 3706 4582 Χριστὸν

431 4601 664 4658 suadere
735 4614 844 4654 non
920 4606 1097 4670 potes,
1152 4598 1418 4670 siquidem
1461 4600 1514 4654 in
1557 4602 1733 4656 sacris
1796 4599 2010 4656 Litteris

2123 4597 2300 4668 ψυχὴν
2326 4597 2636 4668 ἐσχηκέναι·
2673 4598 2987 4669 εὑρήκαμεν
3026 4599 3136 4670 γὰρ
3163 4599 3275 4654 ἀνω
3307 4602 3365 4655 ὲν
3395 4603 3514 4665 ταῖς
3537 4601 3706 4666 θείαις

431 4695 624 4751 Isaiam
652 4709 717 4748 ex
741 4691 835 4748 Dei
855 4708 917 4746 ac
941 4691 1116 4749 Patris
1143 4708 1375 4763 persona
1399 4693 1466 4748 de
1490 4693 1782 4763 Unigenito
1807 4693 2018 4747 dixisse

430 4787 697 4859 legimus:
735 4783 833 4839 Hic
860 4797 935 4839 est
967 4783 1141 4840 Filius
1167 4801 1310 4839 meus
1341 4783 1564 4838 dilectus
1589 4824 1602 4847 ,
1642 4785 1697 4837 in
1739 4799 1840 4852 quo
1883 4782 2011 4836 mihi

431 4880 608 4950 placui
635 4884 831 4948 :‘quem
856 4877 1040 4931 dilexit
1072 4877 1252 4930 anima
1292 4893 1406 4930 mea
1432 4876 1472 4928 ⁸.
1512 4873 1613 4929 Ubi
1645 4873 1776 4943 quid
1812 4875 1877 4929 de
1904 4873 2012 4928 Pa-

428 4981 512 5026 tre
554 4970 771 5025 tandem
820 4967 1291 5024 existimabimus?
1327 4975 1641 5019 ntrumnam
1690 4966 1923 5020 animam
1957 4967 2012 5021 in

430 5065 613 5134 seipso
652 5061 929 5126 habuisse,
976 5067 1069 5112 aut
1098 5061 1395 5114 etiamnum
1432 5056 1671 5110 habere?
1708 5057 1832 5128 quis
1877 5061 2012 5115 adeo

429 5157 651 5210 demens
685 5161 788 5218 cst,
822 5161 880 5207 ut
921 5153 1035 5207 haec
1064 5152 1131 5206 de
1157 5150 1316 5205 Patre
1359 5147 1708 5217 suspicetur?
1738 5149 1876 5215 Quid
1911 5153 2012 5221 igi-

503 5312 518 5340 ¹
544 5308 703 5363 Joan.
736 5324 831 5370 xtl,
861 5307 952 5362 27.
1015 5304 1208 5360 ’Joan.
1235 5319 1334 5367 xu,
1365 5303 1454 5357 27.
1536 5303 1554 5333 ³
1589 5303 1778 5360 Matth.
1823 5323 1932 5370 xvr,
1972 5306 2044 5360 22
2083 5324 2202 5378 sqq.

500 5465 614 5546 (δῇ)
660 5463 815 5519 Edita
862 5477 891 5516 a
941 5459 1163 5516 Petavio
1195 5459 1418 5527 habent,
1459 5460 1567 5514 ἀπὸ
1604 5461 1710 5514 τῶν
1752 5461 2008 5516 τοιούτων

431 5542 811 5671 ρηἐὲῗῖῢῖἶὲοιθ
835 5604 923 5660 hic
951 5603 1272 5660 emendatur
1293 5601 1484 5656 Latina
1515 5601 1718 5657 Petavii
1746 5603 2007 5671 interpre-

436 5677 590 5743 tatio,
629 5692 749 5745 qua:
797 5676 976 5742 habet,
1019 5691 1083 5730 ea:
1139 5674 1236 5730 Dei
1282 5691 1343 5728 ac
1375 5673 1558 5728 Patris
1590 5674 1846 5746 unigeniti
1881 5673 2018 5725 Filii

2126 4689 2387 4760 Γραφαῖς,
2419 4688 2494 4754 ὥς
2523 4706 2690 4759 φησιν
2728 4690 2954 4755 Ἡσαΐας
2982 4690 3092 4760 (54)
3139 4691 3246 4745 ἀπὸ
3286 4691 3578 4764 προσώπου
3611 4694 3705 4747 τοῦ

2129 4779 2266 4834 Θεοῦ
2293 4781 2382 4834 καὶ
2418 4781 2628 4854 Πατρὸς
2657 4781 2783 4854 περὶ
2811 4780 2905 4836 τοῦ
2926 4782 3284 4851 Μονογενοῦςο
3323 4778 3514 4851 Οὗτός
3537 4784 3708 4840 ἐστιν

2123 4875 2155 4926 ὀ
2194 4874 2325 4940 Υἱός
2349 4891 2467 4943 μου
2497 4876 2528 4928 ό
2555 4874 2882 4945 ἀγαπητός,
2913 4875 3000 4938 εἰς
3033 4873 3105 4928 ὃν
3130 4874 3245 4944 ἐγὼ
3274 4875 3610 4944 ηὑδόκησα,
3634 4876 3707 4930 ὃν

2119 4967 2437 5035 ἠγάπησεν
2463 4969 2500 5035 ἡ
2527 4967 2696 5037 ψυχή
2733 4986 2875 5038 μου.
2912 4967 2976 5020 Τί
3029 4969 3296 5039 νοήσομεν
3327 4971 3453 5041 περὶ
3472 4971 3704 5044 Πατρὸς,

2119 5059 2294 5131 ψυχὴν
2341 5061 2622 5130 εἰληφέναι
2669 5062 2725 5113 ὲν
2775 5058 2972 5128 ἑαυτῷ,
3021 5059 3053 5130 ἢ
3104 5059 3281 5132 ψυχὴν
3314 5060 3490 5130 ἕχειν;
3527 5063 3622 5126 Τίς
3647 5065 3706 5116 δὲ

2118 5153 2301 5222 ληρῶν
2335 5153 2491 5207 τοῦτο
2525 5155 2709 5224 νοήσει
2740 5153 2869 5222 περὶ
2892 5153 2983 5207 τὸν
3017 5155 3268 5224 Πατέρα;
3311 5154 3376 5208 Τί
3408 5152 3508 5210 οὖν
3541 5175 3704 5228 (pact;

2285 5307 2345 5360 Ι’1
2381 5309 2526 5365 Pctr.
2553 5312 2740 5375 m,l8.
2817 5312 2838 5342 ⁸
2873 5313 2976 5366 lsa.
3019 5329 3149 5377 XLII,
3186 5314 3250 5376 ις
3281 5311 3470 5369 Matth.
3509 5315 3702 5382 111,17.

2116 5479 2344 5530 persona
2388 5462 2609 5522 dixisse,
2659 5470 2790 5522 etc..
2837 5481 2945 5518 non
2994 5465 3139 5521 enim
3191 5467 3351 5522 habet
3393 5467 3503 5522 ullo
3544 5469 3706 5524 modo

2115 5533 2365 5607 Graecum
2397 5533 2834 5607 exctnpltrnum‘t
2869 5536 3082 5607 ῌατρὸς
3101 5535 3192 5590 τοῦ
3218 5538 3575 5607 Μονογενοῦς·
3608 5541 3704 5597 sed

2116 5604 2450 5672 solum,::spl
2483 5601 2576 5655 τοῦ
2599 5602 2956 5672 Μονογενοῦς.
