4012 6210
296 392 359 447 81
1721 397 2167 456 ANCORATUS.
3505 412 3572 466 82

295 505 717 579 Τροπικιῖντερον
758 507 1011 579 εἰρῆσθαι
1048 507 1108 562 τὸ
1143 509 1297 581 ῥῆμα
1326 509 1588 581 δηλονότι.
1622 512 1684 565 Ei
1710 512 1869 567 τοίνυε

1995 522 2083 570 tur
2108 515 2338 570 dicunt?
2376 515 2478 572 Per
2508 527 2720 591 tropum
2757 520 3014 578 nimirum
3064 525 3388 582 vocabulum
3423 528 3570 586 istud

295 602 428 668 περὶ
471 600 684 670 Πατρὺς
724 598 1135 673 τροπικώτερον
1172 602 1423 674 εἰρῆσθαι
1465 603 1736 673 λέγουσιν,
1778 605 1887 677 ἄρα

297 698 392 750 καὶ
430 696 561 767 περὶ
590 695 722 748 Υἱοῦ
755 696 816 749 τὸ
848 696 982 749 αὐτὸ
1030 697 1329 769 λαμϐάνειν
1370 702 1497 772 χρή.
1542 703 1659 756 Κᾶν
1692 720 1749 756 τε
1777 701 1886 773 γὰρ

295 789 449 862 εἴπῃ,
480 790 563 842 ὅτι
600 788 662 844 Ἡ
689 789 861 858 ψυχή
897 807 1018 858 μου
1066 790 1437 860 τετάρακται,
1484 794 1600 857 καὶ,
1642 793 1885 865 ῖἘξου-

294 877 443 931 alar
468 875 611 947 ἔχω]
638 876 753 945 τὴν
780 876 994 946 ψυχήν
1017 896 1139 948 μου
1162 879 1394 945 δοῦναι,
1426 882 1521 935 καὶ
1551 883 1761 936 λαϐεῖν
1780 884 1887 937 αὺ-

294 969 428 1036 τνιξν·
461 970 562 1023 οὐκ
598 963 735 1039 εἷχε,
781 971 936 1038 φασὶ,
975 970 1173 1042 ψυχὴν,
1210 972 1347 1026 ἀλλὰ
1372 973 1780 1045 τροπικώτερον
1809 976 1886 1027 εί-

298 1079 477 1132 ρηται.
522 1062 632 1115 Καὶ
666 1062 813 1117 δοκεί
853 1064 915 1118 τὸ
954 1050 1379 1133 συλλογιστικὸν
1403 1064 1568 1120 αὐτοῦ
1602 1068 1713 1138 (35)
1749 1069 1884 1139 φρό-

294 1171 444 1225 νημα
472 1153 651 1222 λέγειν
675 1173 748 1220 τι,
778 1159 875 1227 τῆς
907 1156 1166 1228 ἀληθείας
1196 1158 1597 1212 αὐτοσυστάτου
1628 1158 1795 1231 οὔσης
1819 1163 1885 1214 ὲκ

294 1244 507 1298 πολλῶν
537 1245 872 1317 τεκμηρίων.
919 1246 1053 1299 Ἀπὸ
1092 1248 1199 1318 γὰρ
1226 1246 1317 1301 τοῦ
1346 1248 1521 1312 εἴδους
1548 1248 1884 1321 λαμϐάνεται

293 1336 521 1400 ἕκαστος
551 1338 769 1409 τρόπος.
816 1336 938 1390 Ἐπὶ
970 1338 1070 1409 μὲν
1098 1338 1205 1411 γὰρ
1247 1338 1324 1410 τῷ
1362 1341 1537 1413 Πατρὶ
1580 1344 1641 1396 οὐ
1682 1342 1883 1415 τολμη-

289 1430 411 1484 τέον
446 1429 582 1493 ἐστὶ,
622 1429 755 1483 διότι
782 1430 901 1483 οὐδὲ
937 1431 1114 1501 σάρκα
1147 1432 1429 1505 ὲφόρεσεν.
1479 1434 1879 1508 Ὀμολογουμέ-

291 1532 391 1585 νης
429 1515 485 1568 δὲ
519 1518 616 1586 τῆς
646 1516 846 1587 σαρκὸς
882 1518 1044 1589 περὶ¹
1080 1522 1192 1583 τοῖς
1218 1521 1660 1590 Λουκιανισταῖς,
1692 1527 1741 1578 εἰ
1772 1525 1883 1581 τοί-

290 1622 385 1659 νυν
410 1607 430 1636 ³
467 1606 784 1677 Ἀρειανοῖς,
827 1606 927 1659 οὐκ
962 1607 1041 1660 ἔνι
1075 1609 1461 1680 ἀμφιϐολογία.
1509 1613 1690 1680 Ἀλλὰ,
1722 1615 1875 1686 φησὶ,

302 1698 366 1751 '0
396 1698 585 1768 Λόγος
623 1698 782 1768 σὰρξ
825 1700 1080 1771 ἐγένετο,
1124 1704 1215 1755 καὶ
1254 1705 1354 1757 οὐκ
1384 1701 1556 1773 εἶπεν,
1599 1709 1661 1760 '0
1688 1710 1879 1778 Λόγος

288 1790 447 1860 σὰρξ
494 1793 588 1846 καὶ
630 1792 778 1865 ψυχὴ
818 1793 1077 1863 ἐγένετο.
1127 1796 1271 1867 Πρὸς
1302 1798 1358 1851 δὲ
1391 1798 1490 1871 τὴν
1519 1800 1697 1856 αὐτῶν
1728 1801 1875 1874 ἅμα·

1995 618 2317 679 usurpatum
2383 610 2570 668 fuisse.
2621 614 2776 679 Quod
2819 616 2864 670 si
2907 631 3003 686 per
3044 624 3260 688 tropum
3301 618 3369 674 de
3410 616 3572 675 Patre

1989 698 2196 755 dictum
2228 700 2361 755 illud
2403 716 2514 770 est,
2555 705 2623 759 de
2649 704 2788 761 Filio
2817 723 3037 778 quoque
3080 710 3161 764 sic
3192 709 3568 780 accipiendum

1986 807 2110 850 esse
2148 794 2522 864 pronuntiant.
2587 797 2744 853 Unde
2789 801 3041 869 quamvis
3085 801 3160 855 ita
3214 803 3566 873 loqueretur:

1987 885 2184 955 Anima
2208 903 2322 941 mea
2347 887 2558 941 turbata
2580 898 2658 942 est
2681 889 2702 920 ‘
2730 906 2742 942 :
2768 897 2842 954 ct,
2868 888 3191 947 Potestalem
3218 894 3378 948 habeo
3405 894 3571 947 dandi

1988 980 2219 1033 animam
2261 998 2462 1045 meam,
2490 972 2545 1035 et
2585 983 2826 1037 sumendi
2873 1000 2989 1038 eam
3014 986 3034 1017 ³
3067 1000 3081 1040 :
3114 1001 3224 1040 non
3255 994 3568 1056 propterea,

1987 1069 2262 1139 inquiunt,
2299 1073 2538 1126 animam
2578 1073 2837 1129 habuisse
2885 1076 3159 1145 putandus
3206 1084 3323 1141 est,
3359 1079 3453 1133 sed
3502 1078 3572 1131 ad

1985 1170 2204 1232 tropum
2238 1172 2321 1219 est
2355 1180 2420 1219 ac
2477 1167 2849 1236 metaphoram
2890 1168 3261 1224 referendum.
3312 1169 3573 1224 Nonnihil

1984 1254 2348 1310 ratiocinandi
2404 1256 2493 1311 illa
2543 1259 2844 1315 subtilitate
2888 1276 2953 1315 ac
2991 1262 3337 1317 cavillatione
3390 1262 3575 1317 dicere

1983 1344 2272 1400 Videntur:
2307 1361 2432 1402 cum
2465 1356 2648 1405 tamen
2688 1352 2804 1421 ipsa
2838 1367 2897 1408 se
2928 1367 3022 1422 per
3050 1369 3171 1409 sese
3200 1354 3407 1409 veritas
3433 1353 3576 1406 mul-
3629 1427 3632 1431 ἢ

1983 1436 2055 1491 tis
2098 1439 2435 1509 argumentis
2467 1450 2697 1495 asserat.
2734 1440 2871 1498 Nam
2901 1459 2966 1498 ex
3011 1446 3229 1514 propria
3278 1446 3356 1499 rei
3398 1444 3573 1500 forma

1983 1541 2049 1583 ac
2090 1530 2272 1599 specie
2305 1547 2645 1602 unaquaeque
2682 1534 2937 1605 loquendi
2971 1536 3112 1591 ratio
3140 1537 3477 1593 desumenda
3508 1553 3573 1593 ac

1982 1621 2383 1677 consideranda
2426 1624 2661 1683 videtur.
2709 1626 2889 1693 Quare
2919 1628 2973 1682 in
3008 1626 3170 1684 Patre
3212 1630 3431 1700 quidem
3465 1630 3571 1685 hac

1983 1712 2061 1766 uti
2115 1712 2372 1784 loquendi
2422 1714 2652 1771 formula
2707 1734 2867 1774 nemo
2926 1718 3117 1790 debet,
3164 1723 3310 1792 quod
3346 1738 3575 1777 carnem

1980 1817 2262 1873 nunquam
2314 1804 2404 1859 ille
2469 1809 2793 1878 susceperit.
2861 1808 2997 1863 Cum
3050 1819 3232 1868 autem
3279 1828 3466 1868 veram
3513 1813 3573 1867 in

289 1878 356 1951 θῆ
408 1875 572 1934 οὖσαν
622 1882 930 1952 ἀντιλογίαν
977 1884 1132 1953 κάγὼ
1165 1885 1330 1955 λέγω,
1373 1888 1456 1941 ὅτι
1502 1890 1869 1945 Ἔπλασενε

1981 1893 2201 1950 Christo
2251 1894 2423 1952 fuisse
2472 1913 2693 1954 carnem
2738 1900 3070 1958 Lucianistze
3114 1903 3228 1959 sive
3271 1905 3461 1958 Ariani
3495 1903 3571 1957 fa-

289 1972 435 2037 Θεὸς
466 1972 575 2026 τὸν
624 1973 962 2042 ἄνθρωπον,
1018 1976 1174 2045 χοῦν
1205 1976 1408 2032 λαϐὼν
1451 1979 1567 2033 ἀπὸ
1602 1979 1713 2049 τῆς
1741 1981 1876 2051 γῆς’

286 2063 396 2117 ἀπὺ
422 2064 481 2117 δὲ
506 2062 602 2118 τοῦ
628 2066 858 2120 ἔπλασε
873 2067 942 2121 τὰ
972 2067 1148 2123 πάντα
1166 2070 1619 2143 συμπεριείληφε,
1650 2075 1744 2126 καὶ
1769 2074 1877 2128 ἀπὸ

285 2156 405 2224 τοῦ,
456 2158 521 2211 '0
565 2159 755 2228 Λόγος
791 2157 950 2228 σὰρξ
997 2159 1253 2231 ἐγένετο,
1302 2163 1369 2216 τὰ
1400 2164 1578 2218 πάντα
1609 2166 1874 2237 περιέχει.

287 2247 444 2301 Κατὰ
465 2246 574 2319 γὰρ
594 2248 686 2302 τὸν
706 2249 867 2303 αὐτὸν
898 2249 1056 2320 λόγον
1090 2253 1543 2325 ἁνθυποφέρομεν
1571 2255 1754 2321 αὐτοῖς
1780 2256 1875 2311 καὶ

286 2336 440 2389 αὐτοὶ
473 2335 741 2404 λέγοντες·
792 2335 920 2391 Ἰδοὺ
954 2338 1121 2407 λέγει,
1170 2342 1486 2395 Ἔπλασεν
1524 2346 1557 2397 ὀ
1597 2342 1741 2411 Θεὸς
1769 2346 1876 2399 τὸν

285 2426 622 2494 ἄνθρωπον,
650 2429 743 2482 καὶ¹
775 2430 875 2483 οὐκ
896 2424 1067 2497 εἶπεν,
1104 2431 1390 2504 Ἐποίησεν
1449 2430 1810 2509 αὐτῷ-ἧπαρ.
1839 2436 1872 2507 ἣ

286 2518 585 2589 πνεύμονα,
620 2521 650 2591 ἢ
685 2521 933 2592 καρδίαν,
970 2522 1002 2593 ἢ
1037 2522 1259 2591 φλέϐας,
1288 2526 1528 2598 ἢνεῦρα,
1565 2528 1597 2600 ἢ
1629 2529 1697 2584 τὰ
1738 2530 1873 2583 ἄλλα

286 2608 498 2679 ὅσαπέρ
532 2611 679 2664 ἐστιν
711 2610 767 2663 ἐν
791 2611 868 2681 τῷ
892 2610 1127 2682 adigam“
1160 2614 1313 2685 παρά
1338 2615 1497 2668 τοῦτο
1518 2617 1783 2687 νοήσομεν
1815 2619 1872 2672 ἓν

284 2716 340 2753 τι
364 2695 504 2755 εἶναι
526 2701 893 2774 ὁλοσφύρητον
918 2703 938 2733 ³
957 2703 1047 2757 τὸν
1067 2702 1162 2757 ἄνθ
1172 2721 1374 2775 ρωπον,
1401 2706 1490 2760 διὰ
1510 2707 1570 2761 τὸ
1594 2708 1669 2780 μὴ
1692 2709 1876 2765 λεπτο-

286 2791 472 2863 μερῶς
493 2792 592 2864 τὴν
625 2792 874 2848 σύνθεσιν
903 2794 996 2848 τοῦ
1030 2795 1230 2861 παντὸς
1257 2797 1395 2862 ζὼου
1420 2800 1519 2871 τὴν
1542 2801 1763 2873 Γραφὴν
1789 2803 1875 2858 λε-

280 2884 650 2955 πτολογῆσαι;
694 2887 770 2940 Οὐ
814 2887 1051 2953 πάντως.
1093 2890 1180 2955 Ὠς
1220 2891 1351 2958 γοῦν
1383 2892 1494 2947 ἀπὸ
1520 2892 1616 2946 τοῦ
1648 2895 1768 2960 ἐνὸς
1798 2896 1876 2952 ετ-

279 2975 403 3040 δους
434 2977 505 3029 τὰ
532 2977 631 3031 ὅλα
660 2981 1153 3061 συμπεριείληφεν,
1187 2982 1331 3037 οὕτω
1351 2985 1446 3039 καὶ
1479 2985 1587 3039 ἀπὸ
1614 2988 1713 3060 τῆς
1742 3007 1874 3061 σαρ-

280 3065 376 3131 κὸς
405 3068 506 3140 τὴν
533 3068 711 3141 ψυχὴν
732 3059 1011 3143 είληφὲναι
1037 3073 1128 3127 τὸν
1163 3076 1393 3147 Σωτῆρα
1417 3076 1593 3132 ἔνεστι
1616 3059 1797 3150 δῆλον.

1983 1994 2222 2052 teantur,
2254 1989 2403 2043 nulla
2435 2000 2616 2060 potest
2639 2008 2701 2047 ea
2730 1994 2797 2048 de
2827 2010 2887 2049 re
2921 2010 3043 2050 esse
3074 1995 3368 2052 dubitatio.
3402 1998 3570 2067 Atqui

1980 2078 2242 2148 scriptum
2260 2086 2365 2143 est,
2385 2079 2659 2149 inquiunt,
2694 2083 2913 2137 Verbum
2930 2100 3055 2138 caro
3074 2084 3275 2154 factum
3297 2084 3402 2157 41
3421 2095 3497 2139 est
3517 2087 3566 2150 6;

1979 2184 2090 2224 non
2117 2177 2322 2233 autem,
2374 2170 2601 2224 Verbum
2641 2188 2765 2226 caro
2799 2182 2852 2229 et
2888 2174 3069 2228 anima
3106 2176 3309 2244 factum
3337 2185 3435 2228 est.
3468 2173 3571 2229 Ad-

1979 2278 2177 2319 versus
2198 2263 2504 2334 imperitam
2532 2265 2676 2320 hanc
2713 2266 2933 2322 illorum
2968 2267 3334 2338 objectionem
3366 2268 3440 2321 ita
3469 2283 3570 2338 ego

1978 2356 2278 2425 pratscribo
2308 2376 2321 2412 :
2366 2357 2505 2411 Deus
2534 2357 2797 2413 hominem
2827 2360 3102 2429 formavit,
3148 2375 3266 2413 cum
3307 2360 3570 2428 pulverem

1977 2458 2183 2504 eterra
2231 2452 2559 2520 sumpsisset.
2605 2454 2723 2519 Qua
2787 2452 3057 2508 formandi
3112 2468 3246 2509 voce
3310 2452 3569 2507 universa
3682 2518 3688 2525 ⁸

1977 2542 2349 2597 continentur.
2409 2543 2675 2601 Similiter
2718 2561 2848 2615 ergo
2911 2560 3076 2601 voces
3120 2545 3278 2610 istae,
3340 2545 3565 2599 Verbum

1976 2649 2102 2686 caro
2152 2634 2350 2703 factum
2395 2647 2496 2703 est,
2542 2640 2726 2693 omnia
2760 2638 3255 2709 comprehendunt.
3314 2636 3449 2691 Nam
3499 2638 3565 2691 ad

1976 2724 2230 2781 eumdem
2260 2730 2482 2784 modum
2523 2747 2627 2786 nos
2672 2730 2803 2785 illud
2830 2731 2964 2802 ipsis
3012 2732 3380 2802 opponimus:
3427 2728 3570 2784 Ecce

1978 2815 2076 2871 tibi
2133 2816 2420 2888 Scriptura
2479 2819 2961 2877 dicitzFormavit
3019 2821 3281 2876 hominem
3342 2818 3481 2874 Deus
3522 2821 3565 2874 ⁷.

1986 2921 2164 2976 neque
2211 2908 2370 2978 dixit,
2394 2912 2557 2969 Jecur
2577 2913 2707 2969 huic
2732 2912 2956 2980 ellinxit,
2988 2920 3082 2968 aut
3108 2914 3441 2984 pulmonem,
3473 2920 3569 2966 aut

1976 3012 2096 3063 COI’,
2151 3008 2247 3054 aut
2298 3018 2503 3069 venas,
2559 3015 2656 3060 aut
2708 3020 2906 3062 nervos
2960 3014 3266 3075 caeteraque
3312 3004 3566 3075 COI‘pOI‘iS

1989 3094 2260 3150 membra.
2313 3096 2495 3164 Quare
2546 3108 2729 3155 utrum
2788 3100 3009 3156 tandem
3071 3108 3243 3155 totum
3289 3099 3566 3153 hominem

280 3158 430 3213 velut
475 3160 673 3216 molem
704 3165 999 3233 quamdam
1039 3165 1237 3221 malleo
1279 3168 1538 3224 ductilem
1589 3185 1654 3226 ac
1702 3173 1937 3234 solidam
1980 3182 2151 3241 fuisse
2189 3158 2529 3256 putabimus,
2568 3191 2713 3262 quod
2754 3192 3000 3263 singulas
3029 3199 3213 3263 partes
3270 3206 3335 3247 ex
3365 3190 3565 3261 quibus

277 3254 810 3360 condatumanimal
864 3268 970 3327 est,
1006 3262 1320 3361 minutatim
1384 3265 1669 3338 Scriptura
1724 3286 1837 3329 non
1884 3254 2258 3351 expresserit?
2304 3286 2423 3342 Non
2464 3254 2678 3360 opinor.
2750 3254 3046 3361 Ut'igitur-
3070 3289 3336 3360 singulari
3383 3254 3565 3358 aliqua

276 3348 460 3453 specie
495 3348 758 3453 universa
808 3354 1255 3425 comprehendit.
1294 3358 1377 3415 sic
1410 3373 1478 3415 ex
1521 3362 1639 3417 sola
1684 3366 1871 3424 carnis
1927 3377 2204 3434 mentione
2244 3382 2595 3453 perspicuum
2640 3392 2744 3450 est,
2787 3383 2950 3439 etiam
2993 3385 3230 3438 animam
3291 3398 3321 3436 a
3376 3380 3565 3437 Salvae

277 3450 397 3499 tore
431 3442 604 3499 fuisse
633 3456 966 3516 susceptam.

341 3534 481 3601 Λςι.
517 3534 583 3587 Ei
610 3534 790 3590 τοίνυν
834 3537 1013 3611 ψυχὴν
1047 3540 1236 3612 εἴληφε
1269 3544 1363 3597 καὶ⁵
1400 3545 1575 3618 σῶμα,
1608 3549 1860 3626 καθάπερ

2032 3560 2275 3619 XXXVI.
2317 3567 2591 3632 Quocirca
2618 3582 2744 3623 cum
2772 3567 3012 3622 animam
3040 3575 3095 3623 et
3123 3581 3326 3638 corpus
3355 3566 3565 3621 habue-

272 3625 671 3693 ἀποδέδεικται,
706 3628 814 3701 ἄρα
846 3630 944 3701 οὐχ
977 3633 1011 3703 ή
1055 3632 1245 3705 θεότης
1283 3630 1352 3707 ἦν
1380 3638 1737 3715 ὴλαττωμένη
1766 3625 1869 3716 τῆς

271 3717 366 3772 τοῦ
405 3719 623 3791 Πατρὺς
658 3719 845 3784 οὐσίας
883 3722 1016 3776 εῐσω
1056 3725 1248 3780 παοῶν
1294 3732 1682 3805 περιεχομένη,
1718 3735 1866 3801 ὅπως

270 3809 472 3881 διψήσῃ
518 3810 615 3863 καὶ
660 3811 901 3885 κοπιάσῃ
946 3806 1041 3868 κάι
1088 3817 1355 3889 πεινάσῃ,
1404 3822 1497 3874 καὶ
1539 3823 1747 3897 ὅσαπερ
1786 3825 1867 3897 τῷ

270 3900 546 3974 ἀνθρώπῳ
574 3903 682 3956 εἰσὶ
714 3903 969 3977 χρειώδη.
1012 3907 1124 3961 Καὶ
1150 3908 1254 3975 ὅτι,
1288 3912 1370 3965 Οὐ
1392 3913 1696 3981 κοπιάσει,
1728 3917 1861 3972 οὐδ’

270 3992 447 4047 ἐστιν
464 3993 776 4063 ἐξεύρεσις
806 3996 919 4067 τῆς
949 4000 1304 4070 φρονήσεως
1327 4005 1544 4075 αὐτοῦ,
1580 4024 1844 4063 κεκοπια-

272 4086 385 4149 κὼς
432 4085 490 4139 δὲ
532 4088 561 4139 ὀ
599 4087 792 4160 Σωτὴρ
836 4090 1187 4161 εὑρίσκεται,
1240 4094 1302 4147 οὐ
1359 4098 1514 4167 παρὰ
1559 4098 1718 4153 τοῦτο
1763 4102 1865 4155 οὐκ

270 4176 419 4230 ἐστιν
462 4178 526 4230 ὲκ
571 4178 669 4250 τῆς
715 4179 809 4233 τοῦ
849 4181 1063 4253 Πατρὸς
1097 4182 1308 4251 οὐσίας,
1341 4184 1548 4240 ἄνωθεν
1587 4189 1867 4245 κατελθὼν

267 4270 297 4322 ὁ
329 4269 519 4338 Λόγος.
585 4270 659 4323 Οὐ
707 4271 814 4344 γὰρ
852 4271 965 4327 ἄνω
1005 4274 1365 4345 κεκοπίακεν,
1418 4277 1532 4332 ἀλλ’
1578 4280 1637 4333 ὲν
1678 4280 1863 4352 σαρκί.

271 4359 419 4413 Ἔδει
448 4359 555 4432 γὰρ
579 4360 677 4433 τὴν
708 4362 887 4435 σάρκα
915 4365 1201 4433 κοπιάσαι,
1242 4369 1330 4423 ἵνα
1365 4369 1439 4442 μὴ
1467 4370 1684 4443 δοκήσει
1709 4373 1863 4444 νομί⁴

267 4452 430 4523 ζηται
450 4492 465 4518 ,
515 4452 629 4506 ἀλλ’
653 4454 917 4529 ἁληθείᾳ.’
965 4457 1071 4512 Καὶ
1108 4459 1177 4513 τὰ
1200 4460 1336 4515 ἀλλα
1366 4462 1573 4535 ὅσαπερ
1600 4463 1861 4535 τοιαύτην

267 4548 381 4618 ἔχει
427 4547 690 4621 δύναμιν,
724 4549 787 4603 τὸ
828 4549 1121 4615 νυστάξαι,
1153 4552 1216 4606 τὸ
1242 4552 1525 4618 ὐπνῶσαι,
1570 4553 1861 4626 ἀνθρώπου

266 4643 415 4696 ἐστὶν
437 4644 802 4714 ὐποφαντικά,
820 4642 1000 4698 καὶτὰ
1016 4643 1120 4697 ὑπὸ
1142 4644 1306 4715 ἁφήν.
1325 4644 1528 4699 Ἔλαδε
1542 4645 1651 4716 γὰρ
1665 4645 1858 4712 ταῦτα,

267 4735 361 4788 καὶ
399 4734 688 4808 ἄνθρωπος
729 4734 949 4807 εὑρέθη.
998 4734 1358 4805 Εὑρήκαμεν
1404 4735 1513 4808 γὰρ
1559 4737 1858 4804 Μεσσίαν,

265 4826 341 4879 ὃν
382 4827 609 4896 ἔγραψε
641 4825 926 4897 Μωῠσῆς.
977 4827 1038 4882 Οἱ
1065 4827 1125 4881 δὲ
1156 4828 1411 4900 εὑρόντες
1446 4827 1610 4883 αὐτὸν
1643 4828 1732 4883 διὰ
1762 4828 1862 4899 τῆς

266 4918 615 4991 καταληπτοῦ
640 4919 875 4990 φύσεως,
898 4919 1145 4974 τούτεστι
1173 4921 1272 4991 τῆς
1300 4922 1587 4995 ἐνσάρκου.
1638 4922 1857 4994 Ἐπειδὴ
1887 4914 1937 4973 D

268 5010 378 5082 γὰρ
416 5012 512 5065 ἐπὶ
537 5014 604 5084 τῇ
657 5012 1008 5087 ἀκαταληψίᾳ
1058 5014 1158 5085 οὐχ
1210 5014 1536 5086 ηὑρίσκετο,
1564 5015 1668 5069 διὰ
1703 5015 1862 5070 τοῦτο

270 5101 376 5155 ὐπὸ
424 5102 802 5173 Γῳμματέων
850 5103 1324 5176 συλλαμϐάνεται,
1382 5106 1477 5161 καὶ
1520 5105 1630 5160 τὸν
1669 5104 1863 5161 νῶτον

269 5192 458 5249 αὐτοῦ
495 5193 723 5248 ἔδωκεν
761 5195 850 5260 εις
897 5193 1243 5264 μάστιγας,
1280 5194 1381 5249 καὶ
1421 5194 1489 5249 τὸ
1535 5196 1862 5265 πρόσωπον

267 5282 457 5337 αὐτοῦ
493 5285 608 5339 οὐκ
642 5283 985 5353 ἀπέτρεψεν
1016 5285 1136 5339 ἀπὸ
1170 5288 1475 5357 αἰσχύνης
1510 5286 1860 5357 ἐμπτυσμά-

268 5390 408 5439 των,
449 5374 704 5439 ἔκλαυσε,
750 5374 846 5433 καὶ
877 5374 1085 5445 ὅσαπερ
1120 5376 1256 5433 ἄλλα
1285 5378 1416 5450 περὶ
1447 5378 1614 5432 αὐτοῦ
1648 5378 1855 5450 ᾄδεται.

269 5465 366 5529 Τίς
390 5466 448 5521 δὲ
477 5466 709 5537 ἠδύνατο
737 5467 833 5523 τὸν,
850 5467 993 5523 Θεοῦ.
1009 5468 1182 5537 Λόγον
1217 5472 1274 5524 ὲν
1311 5470 1525 5543 οὐρανῷ
1553 5470 1855 5542 μαστίζειν,

1972 3654 2065 3722 rit,
2099 3656 2178 3711 uti
2212 3656 2651 3714 demonstratum
2697 3668 2813 3726 est,
2868 3674 3218 3729 consequens
3262 3666 3345 3715 est
3394 3657 3560 3713 Verbi

1970 3744 2309 3801 divinitatem
2346 3762 2377 3803 a
2425 3747 2606 3805 Patris
2659 3749 2967 3804 substantia
3022 3749 3159 3802 nihil
3213 3748 3559 3802 imminutam

1969 3839 2137 3894 nullis
2166 3839 2552 3898 affectionibus
2583 3841 2875 3897 obnoxiam
2911 3840 3079 3897 fuisse
3106 3856 3120 3895 :
3151 3847 3208 3895 ut
3243 3840 3427 3908 sitim,
3460 3842 3563 3895 las-

1968 3932 2287 4001 situdinem,
2321 3934 2545 3999 famem,
2582 3951 2645 3991 ac
2675 3942 2904 3991 caeteras
2928 3934 3168 3989 hominis
3198 3933 3559 3989 necessitates

1966 4022 2197 4078 subiret.
2232 4022 2420 4094 Neque
2461 4025 2608 4096 quod
2638 4027 2900 4096 scriptum
2946 4025 3017 4080 sit
3047 4043 3059 4079 :
3096 4023 3218 4077 Non
3248 4022 3554 4091 laborabit,

1967 4131 2129 4184 neque
2182 4116 2514 4188 investigatio
2562 4126 2639 4172 est
2681 4117 2976 4185 prudentia:
3022 4118 3188 4185 ipsius
3215 4118 3269 4171 δε
3308 4116 3558 4172 Salvator

1968 4215 2149 4260 autem
2186 4206 2442 4277 fatigatus
2473 4208 2644 4263 fuisse
2675 4209 2948 4278 legatur’,
2985 4215 3274 4278 propterea
3317 4207 3554 4262 Verbum

1967 4297 2187 4353 coalitus
2234 4299 2502 4370 allapsum
2532 4315 2562 4354 e
2588 4299 2767 4354 Patris
2815 4299 3126 4355 substantia
3158 4299 3383 4354 minime
3433 4314 3558 4369 pro-

1968 4389 2160 4445 cessit.
2196 4388 2383 4460 Neque
2411 4390 2555 4446 enim
2593 4404 2835 4455 sursum,
2881 4389 2977 4445 sed
3010 4389 3063 4442 in
3093 4402 3261 4444 carne
3300 4388 3559 4458 fatigatus

1964 4487 2072 4537 est.
2108 4480 2282 4547 Quam
2314 4480 2439 4536 ideo
2466 4482 2665 4536 lassari
2689 4481 2953 4551 oportuit,
2980 4488 3038 4534 ut
3062 4495 3171 4536 non
3202 4479 3383 4550 specie
3413 4479 3553 4544 sola,

1967 4573 2062 4629 sed
2085 4573 2313 4628 veritate
2335 4582 2593 4629 constare
2614 4574 2956 4629 crederetur.
2986 4573 3398 4643 Ejusdemmodi
3425 4582 3555 4629 sunt

1964 4676 2160 4722 caetera
2194 4668 2408 4734 omnia;
2453 4669 2623 4723 veluti
2658 4667 2984 4732 dormitare,
3032 4682 3287 4723 somnum
3319 4682 3552 4737 capere;

1964 4770 2088 4826 qua:
2137 4756 2391 4811 humanae
2441 4756 2776 4812 conditionis
2828 4755 3030 4811 indicia
3067 4764 3218 4820 sunt,
3265 4763 3326 4810 ut
3358 4764 3413 4811 et
3461 4756 3553 4811 illa

1965 4865 2087 4921 quae
2115 4857 2265 4905 tactu
2301 4850 2703 4920 percipiuntur.
2745 4851 2878 4916 Quae
2907 4848 3127 4921 quidem
3174 4850 3265 4905 ille
3307 4849 3553 4919 suscepit

1962 4942 2169 5005 omnia,
2198 4949 2253 4996 et
2280 4942 2540 4997 inventus
2570 4951 2654 4997 est
2687 4941 2869 4996 homo.
2910 4941 3214 4996 Invenimus
3244 4942 3412 5009 enim,
3466 4943 3553 4996 in-

1972 5033 2112 5103 quit,
2143 5031 2419 5097 Messium,
2448 5032 2512 5087 de
2538 5049 2639 5103 quo
2655 5031 2865 5102 Moyses
2880 5034 3160 5101 scripserat
3179 5034 3241 5087 ¹⁰.
3265 5032 3423 5089 Hunc
3456 5047 3554 5087 au-

1964 5131 2072 5178 tem
2120 5138 2219 5193 per
2258 5139 2377 5179 eam
2413 5134 2691 5190 naturam,
2730 5140 2852 5195 quae
2894 5125 3282 5196 comprehendi
3334 5135 3552 5197 potest,

1964 5213 2069 5268 hoc
2098 5221 2217 5280 est,
2262 5229 2427 5269 carne
2464 5214 2753 5285 praeditam
2797 5214 3148 5280 invenerunt,
3184 5231 3310 5271 cum
3355 5217 3413 5271 in
3461 5217 3553 5273 illa

1962 5320 2087 5376 qua:
2137 5308 2527 5377 comprehendi
2597 5309 2825 5379 nequit,
2884 5309 3116 5364 inveniri
3172 5324 3281 5366 non
3341 5319 3551 5381 posset.

1967 5387 2140 5465 Quam
2169 5399 2239 5454 ob
2267 5414 2491 5456 causam
2514 5409 2568 5457 et
2593 5416 2623 5455 a
2654 5401 2864 5457 Scribis
2892 5410 3182 5471 correptus
3209 5412 3322 5471 est;
3353 5412 3407 5458 et
3429 5403 3549 5455 dor-

1968 5507 2085 5547 sum
2131 5508 2283 5547 suum
2326 5494 2555 5566 ﬂagellis
2590 5494 2808 5565 objecit,
2847 5505 2908 5550 et.
2943 5496 3143 5551 vultum
3193 5512 3225 5549 a
3277 5503 3548 5565 sputerum

335 5639 513 5723 ’.ϐοῐέ
546 5641 718 5723 παρά.
795 5641 907 5723 Ἀξ.
937 5628 1148 5723 simula.
1226 5644 1246 5675 ³
1276 5647 1775 5723 γρ.ὀᾼλοσφῄρ-ητον.
1850 5648 1869 5680 ⁸

1975 5665 2049 5708 in.
2068 5651 2277 5723 111,27.
2355 5654 2375 5685 ⁵
2407 5650 2565 5710 Joan.
2599 5668 2661 5719 x._
2697 5651 2791 5713 18.
2863 5654 2881 5685 ⁸
2916 5650 3080 5710 Ιοοιι..
3112 5665 3151 5718 ι,
3188 5648 3277 5702 14.
3353 5648 3372 5679 ⁷
3412 5644 3544 5707 Gen.

261 5725 332 5782 ιι,
369 5709 433 5769 7.
486 5712 509 5744 ⁸
550 5709 656 5768 18³⁷.
697 5728 787 5779 ιιι,
824 5712 915 5770 28.

329 5849 445 5923 ('55)
478 5849 690 5912 Forsan
724 5854 1013 5927 legendum
1046 5854 1252 5916 ιιιύτῶν.Δ
1280 5855 1441 5918 Eutr.

1016 5716 1036 5746 ’
1074 5711 1232 5769 Joan.
1276 5711 1352 5781 iv,
1392 5716 1446 5772 6.
1524 5711 1764 5775 ἰίΓῖΙὸιιιι.
1807 5734 1845 5789 ι,
1884 5720 1954 5776 45
