4012 6210
435 402 506 458 85
1850 412 1907 467 S.
1953 411 2294 468 EPlPllA-Nll
3643 418 3715 474 ει

436 523 729 591 ignominia
761 541 866 580 non
898 529 1086 581 avertit
1114 530 1153 593 ',
1187 531 1444 600 ploravit,
1481 532 1697 603 aliaque
1727 534 2010 600 sustinuit,

2130 535 2155 607 ἢ
2195 535 2469 606 ῥαπίζειν,
2499 537 2532 607 ἦ
2559 537 2894 592 καταπτύειν
2917 538 3009 592 τοῦ
3038 535 3282 593 τοιούτου
3309 535 3590 610 ἀφράστου
3616 543 3714 594 καὶ

437 629 560 683 quae
587 617 654 670 de
684 615 806 686 ipso
833 619 1076 673 omnium
1113 635 1208 676 ore
1238 622 1608 678 celebrantur.
1644 623 1849 695 Ecquis
1891 642 2018 682 vero

437 703 535 760 Dei
565 705 800 762 Verbum
835 708 1062 780 ﬂagellis
1089 711 1142 765 in
1173 713 1315 768 ccelo
1348 716 1692 770 concideret?
1723 720 1846 788 quis
1878 721 2020 775 cola-

440 797 581 866 phos
604 798 955 871 infringeret?
987 803 1114 872 quis
1147 805 1309 860 talem
1332 820 1396 861 ac
1416 813 1648 873 tantum,
1686 826 1846 880 quem
1870 813 2018 867 nulla

438 889 616 944 oratio
641 893 927 962 consequi,
951 893 1102 948 nulla
1129 895 1331 965 ingenii
1355 900 1634 969 perceptio
1661 904 2022 974 comprehen-

438 981 569 1036 dere
596 993 799 1051 posset,
834 987 1010 1055 sputis
1041 985 1401 1058 deturparet?
1443 989 1598 1056 Quod
1624 994 1671 1048 si
1700 996 1884 1050 omnia
1915 996 2021 1053 ista

440 1075 812 1144 perpessiouis
855 1093 1052 1148 expers
1081 1080 1135 1133 in
1180 1097 1303 1138 sese
1333 1081 1428 1138 Dei
1465 1083 1699 1141 Verbum
1731 1089 2018 1155 sustinuit,

439 1181 758 1236 corpoream
808 1167 916 1240 42
971 1172 1312 1228 atl'ectionem
1368 1175 1637 1245 ejusmodi
1689 1194 1916 1236 necesse
1941 1189 2026 1238 est

440 1259 916 1332 iuisse,etabejus
939 1280 1059 1336 qua:
1087 1267 1292 1336 perpeti
1325 1268 1458 1322 nihil
1476 1278 1676 1339 potest,
1710 1272 2023 1330 conditione

438 1359 732 1418 remotam,
784 1370 962 1426 neque
979 1366 1161 1413 tamen
1192 1359 1437 1416 funditus
1482 1362 1684 1432 alioqui
1713 1374 1974 1418 remotam
2004 1383 2018 1421 :

437 1442 880 1516 quandoquidem
929 1450 1003 1502 ita
1055 1449 1132 1504 illi
1186 1453 1410 1522 placuit,
1449 1462 1532 1518 ut,
1579 1455 1683 1510 etsi
1742 1466 2022 1526 pateretur

439 1533 599 1601 nihil,
637 1536 742 1590 sibi
776 1537 882 1608 ipsi
913 1547 1094 1595 tamen
1139 1544 1416 1611 perpessio
1463 1545 1554 1599 illa
1601 1546 1895 1603 tribuatur.
1943 1548 2021 1603 Ac

2126 627 2510 699 άκαταλήπτου
2537 645 2550 695 ;
2609 629 2673 682 El
2707 630 2764 682 δὲ
2793 629 2965 683 ταῦτα
2999 629 3266 683 πέπονθεν
3304 630 3333 681 ὁ
3371 629 3590 701 ἀπαθὴς
3615 629 3713 683 τοῦ

2127 718 2262 772 Θεοῦ
2287 719 2476 790 Λόγος,
2499 720 2610 792 ἄρα
2635 721 2696 774 τὸ
2720 722 2891 786 πάθος
2921 722 3231 793 σωματικόν
3261 724 3407 774 ἐστιν
3436 721 3590 785 ἐκτὸς
3613 722 3714 792 τῆς

2128 813 2292 866 αὐτοῦ
2318 813 2587 878 ἀπαθείας
2606 831 2619 845 ·
2655 815 2752 869 καὶ
2775 817 2874 870 οὐκ
2904 817 3062 879 ἐκτὸς
3085 816 3270 880 πάλιν,
3293 815 3381 868 διὰ
3411 813 3472 868 τὸ
3493 815 3716 886 εύδοκῆ·

2123 921 2235 968 σαι,
2298 905 2543 975 καίτοιγε
2590 906 2663 977 μὴ
2709 907 3013 978 πάσχοντος
3069 907 3265 974 αὑτοῦ,
3318 908 3397 971 εἰς
3438 906 3628 959 ἑαυτὸν
3651 907 3715 959 τὸ

2125 998 2295 1062 πάθος
2341 998 2709 1068 λελόγισταισ.
2762 1001 2872 1054 Καὶ
2905 1001 3154 1073 καθάπερ
3193 1002 3250 1055 ἐν
3293 1000 3493 1072 ἱματίῳ
3527 999 3716 1063 σπῦος

2129 1089 2252 1164 [sig]
2288 1091 2348 1145 τὸ
2383 1091 2542 1162 σῶμα
2569 1093 2663 1146 τοῦ
2695 1093 2988 1165 φοροῦντος
3017 1093 3079 1146 οὐ
3115 1093 3331 1163 φθάνει,
3372 1094 3400 1145 ό
3432 1092 3488 1146 δὲ
3522 1092 3717 1155 σπῖλος

2123 1183 2219 1238 τοῦ
2241 1185 2456 1255 ἱματίου
2483 1187 2562 1250 εἰς
2585 1185 2677 1240 τὸν
2700 1187 2968 1259 φοροῦντα
2994 1187 3266 1256 λογίζεται
3289 1202 3303 1218 ⁸
3339 1185 3513 1250 οὕτως
3536 1189 3564 1239 ό
3583 1184 3716 1249 Θεὸς

2131 1276 2399 1331 πέπονθεν
2423 1280 2482 1331 ὲν
2503 1280 2570 1349 τῇ
2621 1281 2804 1351 σαρκὶ,
2831 1281 2928 1351 τῆς
2953 1279 3204 1350 θεότητος
3229 1279 3394 1333 αὑτοῦ
3421 1277 3586 1349 μηδὲν
3612 1294 3718 1331 πα-

2131 1368 2362 1441 θούσηςο
2416 1371 2496 1434 είς
2539 1371 2598 1424 δὲ
2636 1373 2736 1439 τὴν
2783 1371 3014 1442 θεότητα
3057 1371 3118 1424 τὸ
3163 1371 3334 1435 πάθος
3383 1371 3478 1440 τῆς
3514 1369 3718 1438 σαρκὸς

2130 1459 2236 1512 ὑπὸ
2267 1460 2367 1531 τῆς
2406 1460 2658 1533 θεότητος
2694 1463 3038 1535 φορουμένης
3080 1463 3367 1535 ἐλογίσθη·
3419 1462 3507 1515 ἵνα
3549 1462 3606 1514 ὲν
3649 1463 3720 1531 τῇ

2130 1551 2345 1622 θεότητι
2375 1555 2506 1623 ἡμῖν
2531 1555 2564 1624 ἡ
2593 1555 2836 1626 σωτηρία
2863 1555 3112 1627 γένηται.

440 1630 896 1696 quemadmodum
933 1648 1054 1702 quae
1083 1634 1149 1687 ad
1182 1643 1386 1690 vestem
1424 1636 1654 1691 adlnesit
1713 1642 1948 1706 macula,
2007 1641 2132 1698 licet
2161 1645 2228 1699 ad
2284 1645 2430 1699 illius
2453 1646 2546 1716 qui
2572 1655 2774 1702 vestem
2807 1647 3003 1712 induit,
3034 1663 3236 1718 corpus
3264 1647 3490 1702 minime
3521 1662 3720 1718 perve-

442 1723 604 1788 nerit,
633 1725 682 1780 ei
713 1735 896 1782 tamen
927 1729 1083 1799 vulgo
1115 1728 1394 1796 tribuitur,
1433 1731 1508 1785 ita
1544 1731 1711 1799 Deus,
1744 1751 1866 1789 cum
1895 1736 1950 1789 in
1981 1751 2145 1793 carne
2174 1740 2247 1794 sit
2286 1755 2504 1810 passus,
2541 1755 2716 1810 neque
2744 1741 3040 1811 quidquam
3078 1742 3251 1813 ipsius
3309 1741 3583 1797 divinitati
3643 1741 3722 1796 sit

442 1816 706 1874 inﬂictum
734 1859 748 1884 ,
808 1822 1168 1878 nihilominus
1214 1825 1482 1894 quidquid
1531 1827 1584 1881 in
1638 1843 1702 1883 ea
1745 1844 1911 1884 carne
1948 1847 2109 1901 quam
2166 1832 2434 1888 divinitas
2478 1835 2807 1898 sustinebat,
2845 1851 3138 1906 perpessus
3167 1843 3269 1901 est,
3303 1837 3358 1891 id
3406 1837 3462 1890 in
3515 1835 3718 1891 divini-

439 1920 609 1968 tatem
662 1914 1065 1985 quodammodo
1127 1917 1469 1973 redundasse
1529 1920 1794 1986 creditur,
1851 1930 1909 1976 ut
1939 1938 2037 1993 per
2099 1924 2439 1982 divinitatem
2469 1928 2617 1982 salus
2645 1927 2805 1981 nobis
2836 1936 3150 1998 comparata
3183 1927 3454 1984 videatur.

511 2059 778 2115 XXXVII.
817 2060 928 2118 Nec
971 2063 1102 2118 illud
1156 2080 1188 2119 e
1233 2066 1499 2120 meritoria
1551 2076 1739 2121 nostra
1797 2065 2022 2134 excidit,

2197 2067 2318 2123 AZ'.
2365 2070 2670 2142 Μέμνημαι
2715 2070 2772 2124 δὲ
2816 2069 2906 2122 τοῦ
2964 2069 3129 2141 ῥητοῦ
3178 2069 3274 2123 τοῦ
3321 2066 3461 2122 κατά
3501 2071 3723 2124 Λουκᾶν

440 2153 590 2220 quod
639 2170 706 2207 ex
772 2152 933 2209 Lucae
993 2155 1286 2226 Eva‘ngelio
1344 2157 1641 2226 profertur,
1701 2159 1848 2229 quod
1905 2160 2026 2216 sine

2130 2164 2484 2232 Εύαγγε).ίου,
2526 2165 2620 2218 καὶ
2667 2166 2727 2218 οὐ
2779 2163 3041 2234 βούλομαι
3092 2162 3226 2217 αὐτὸ
3281 2164 3442 2216 ἐᾶσαι
3478 2164 3724 2236 ἀνερμή-

443 2246 900 2317 interpretatione
961 2251 1379 2320 praetermittere
1431 2252 1582 2304 nullo
1626 2252 1789 2305 modo
1829 2251 2023 2307 debeo.

445 2339 723 2409 Scriptum
777 2350 864 2397 est
913 2350 1136 2396 autem:
1175 2342 1238 2396 Et
1287 2344 1344 2396 in
1391 2347 1662 2398 anxietate
1706 2347 2026 2399 constitutus

443 2432 678 2498 sudavit,
706 2442 756 2487 et
779 2433 951 2502 factus
981 2443 1056 2488 est
1079 2435 1244 2490 sudor
1281 2435 1394 2504 ejus
1421 2437 1474 2489 in
1502 2442 1713 2490 modum
1755 2446 2028 2508 guttarum

444 2525 741 2594 sanguinis.
790 2527 1052 2596 Apparuit
1109 2537 1282 2580 autem
1319 2529 1366 2581 ei
1407 2529 1622 2598 angelus
1655 2528 1871 2584 Domini
1896 2546 2024 2584 con-

445 2618 666 2687 firmans
699 2619 868 2686 ipsum
889 2622 931 2673 ³.
964 2619 1254 2675 Enimvero
1283 2621 1554 2676 altissima
1597 2637 1878 2678 sacrarum
1911 2622 2026 2676 Lit-

445 2719 689 2764 terarum
741 2726 807 2765 ac
850 2713 1166 2766 necessaria
1223 2727 1453 2782 quaeque
1478 2715 1756 2785 mysteria,
1793 2714 1847 2770 id
1877 2715 2026 2786 quod

444 2818 590 2872 saepe
639 2803 902 2868 diximus,
947 2805 1039 2874 qui
1094 2805 1312 2859 illorum
1348 2807 1454 2861 vim
1489 2808 1765 2877 ignorant,
1810 2823 1917 2864 non
1957 2809 2026 2864 ad

446 2893 686 2950 fructum
719 2903 771 2950 et
800 2896 1093 2951 utilitatem
1127 2913 1306 2962 suam,
1355 2898 1451 2954 sed
1493 2899 1562 2954 ad
1606 2901 1904 2971 perniciem
1943 2902 2027 2955 iri-'-

445 2985 781 3056 teritumque
825 2993 1190 3052 convertunt;
1248 3002 1376 3041 nam
1419 2989 1557 3043 nihil
1592 3001 1677 3046 est
1720 2990 1823 3046 loci
1876 2991 2025 3046 illius

443 3076 776 3132 auctoritate
831 3077 1179 3147 praesentius.
1251 3078 1466 3149 Quippe
1527 3080 1632 3136 hoc
1693 3082 1818 3151 ipso
1878 3083 2025 3152 quod

443 3167 605 3232 dixit,
644 3168 699 3220 in
729 3166 995 3222 anxietate
1039 3169 1386 3222 constitutum
1434 3170 1623 3238 fuisse,
1679 3171 2024 3227 Dontinicum

445 3259 724 3313 hominem
804 3275 989 3314 verum
1065 3260 1342 3316 hominem
1413 3264 1693 3318 exstitisse
1755 3264 2023 3319 declarat.

447 3350 602 3417 Quod
642 3360 701 3404 ut
747 3352 926 3422 ipsum
958 3353 1294 3417 ostenderet,
1353 3369 1454 3421 nec
1492 3369 1523 3409 a
1570 3355 1857 3412 divinitate
1899 3373 2026 3428 pro-

2127 2272 2316 2310 νευτον
2341 2273 2355 2288 ο
2387 2256 2446 2308 τὸ
2477 2257 2883 2327 γεγραμμένον,
2911 2257 2993 2310 ὅτι
3023 2255 3120 2310 Ἐν
3147 2255 3370 2325 ἀγωνίᾳ
3399 2257 3720 2325 γενόμενος

2129 2347 2354 2419 ἵδρωσε,
2407 2347 2503 2401 καὶ
2543 2347 2782 2416 ἐγένετο
2829 2350 2862 2401 ό
2913 2346 3084 2417 ἱδρὼς
3121 2347 3307 2401 αὐτοῦ
3351 2347 3431 2414 ὠς
3476 2347 3717 2417 θρόμϐοι

2127 2441 2402 2510 αἵματος“
2445 2439 2610 2510 ὤφθη
2646 2440 2713 2493 δὲ
2738 2439 2991 2511 ἅγγελος
3020 2439 3243 2507 Κυρίου
3275 2439 3579 2508 ἐνισχύων
3609 2442 3718 2493 αὺ-

2126 2534 2253 2590 τόν.
2289 2535 2331 2586 Τ
2337 2534 2371 2586 ά
2397 2533 2669 2604 βαθύτερα
2695 2532 2755 2584 δὲ
2779 2532 2886 2586 τῶν
2903 2532 3096 2601 λόγων,
3123 2531 3198 2594 ὡς
3224 2529 3493 2600 εἰώθαμεν
3513 2528 3716 2598 λέγειν,

2129 2624 2222 2678 καὶ
2258 2623 2325 2677 τὰ
2358 2625 2659 2693 ἀναγκαῖα,
2705 2626 2754 2676 οἱ
2788 2623 2862 2695 μὴ
2911 2621 3006 2694 τὴν
3030 2621 3260 2691 δύναμιν
3291 2620 3560 2685 νοοῦντες,
3599 2620 3722 2674 ἀντὶ

2128 2716 2368 2785 ἀγαθῶν,
2405 2719 2473 2789 τῇ
2504 2717 2672 2788 κακίᾳ
2701 2716 3101 2787 ἀνατρέπουσιν
3135 2713 3382 2778 ἑαυτούς.
3418 2713 3583 2767 Οὐδὲν
3607 2711 3719 2783 γὰρ

2127 2808 2320 2862 τούτου
2352 2808 2728 2880 καιριώτερον.
2781 2807 2871 2860 Ἑν
2903 2807 2980 2878 τῷ
3007 2807 3117 2879 γάρ
3147 2809 3344 2872 εἰπεῖν,
3386 2804 3722 2875 τέτονενὲν

2127 2902 2372 2970 ἀγωνίᾳ,
2421 2901 2513 2954 τὸν
2554 2900 2831 2972 κυριακὸν
2868 2899 3156 2970 ἄνθρωπον
3223 2899 3476 2970 ἀληθινὸν
3510 2897 3717 2969 ἄνθρω-

2130 3009 2229 3044 πον
2286 2991 2416 3045 ὄντα
2452 2992 2712 3045 δείκνυσι.
2771 2993 2880 3045 Καὶ
2925 2992 3013 3046 ἵνα.
3041 2989 3189 3062 δείξῃ
3239 2992 3321 3044 ὅτι
3362 2990 3616 3061 ἀληθινὸς
3644 2985 3722 3061 ἦν

2129 3082 2225 3136 ἄνθ
2233 3099 2433 3154 ρωπος,
2459 3083 2553 3136 καὶ
2577 3084 2677 3136 ούκ
2693 3083 2800 3137 ἀπὸ
2821 3083 2920 3154 τῆς
2951 3081 3202 3154 θεότητος
3219 3085 3252 3152 ἡ
3275 3083 3484 3151 ἀγωνία
3501 3081 3564 3152 γέ
3574 3097 3725 3151 γονε,¹

2131 3176 2313 3248 φησῑνο
2327 3176 2586 3245 Ἵδρωσε,
2614 3177 2712 3230 καὶ
2739 3177 2976 3246 ἐγένετο
2996 3175 3156 3241 αὐτῷ
3187 3175 3362 3244 ἱδρὼς
3377 3175 3457 3240 ὡς
3476 3173 3716 3243 θρόμϐοι

2128 3267 2375 3335 αἵματος
2401 3282 2413 3296 ·
2462 3267 2772 3338 σωματικόν
2799 3267 2914 3319 ἐστι
2941 3265 3001 3320 τὺ
3025 3263 3183 3331 εἶδος,
3211 3265 3305 3318 καὶ
3327 3265 3447 3335 οὐχὶ
3471 3280 3602 3317 πνευ
3613 3281 3724 3334 μα·-

2127 3359 2297 3413 τικόν.
2335 3361 2521 3429 Ὠςςοη
2554 3359 2622 3413 δὲ
2649 3359 2904 3431 ἅγγελος
2932 3360 3156 3428 Κιερίου
3179 3359 3480 3427 ἐνισχύων
3507 3356 3719 3420 αὑτὸν,

451 3444 648 3501 ίέοιιιιιι
680 3446 1012 3502 anxietatem
1061 3445 1205 3500 illam
1249 3447 1513 3503 doceret:
1551 3447 1796 3512 Sudavit,
1826 3449 2022 3518 inquit,

2131 3449 2230 3520 οὐχ
2283 3451 2364 3502 ὅτι
2394 3423 2714 3521 τῆς-ἰσχύος
2736 3423 2852 3504 ⁷τοῦ
2878 3423 3132 3520 ’ἀγγέλου
3174 3423 3426 3504 ἐπεδέετο
3461 3449 3490 3502 ὁ
3519 3448 3728 3522 μείζων

448 3546 498 3592 et
547 3537 722 3607 [actus
768 3547 846 3593 est
888 3539 936 3593 ei
986 3537 1154 3592 sudor
1198 3550 1451 3610 tanquam
1505 3550 1670 3611 gutta:
1730 3542 2026 3611 sanguinis.

448 3631 728 3702 Corporea
763 3632 891 3699 ista,
928 3648 1038 3688 non
1078 3633 1345 3703 apii-italis
1375 3641 1460 3689 cst
1491 3633 1722 3703 species.
1768 3633 2030 3704 Apparuit

450 3735 628 3779 autem
660 3724 878 3795 angelus
910 3723 1124 3780 Domini
1146 3726 1468 3795 conﬁrmans
1504 3725 1697 3793 ipsum,
1731 3740 1840 3779 non
1885 3725 2032 3795 quod

447 3820 756 3892 angelicam
790 3820 896 3874 vim
926 3836 992 3875 ac
1021 3822 1191 3875 robur
1225 3820 1319 3876 ille
1343 3820 1668 3890 requireret,
1700 3820 1795 3890 qui
1823 3818 2032 3890 angelis

449 3913 770 3970 antecellit:
802 3910 999 3967 Coram
1045 3929 1148 3983 quo
1191 3915 1343 3966 onine
1390 3929 1524 3982 genu
1570 3912 1822 3980 ﬂectitur,
1879 3910 2020 3965 coale-

450 4007 634 4071 stium,
691 4005 1020 4060 terrestrium
1053 4014 1102 4059 et
1138 4003 1532 4073 infernorum’,
1591 4011 1777 4073 utpote
1828 4003 2035 4073 sempis

450 4107 609 4156 terno
639 4098 771 4163 Deo,
810 4107 975 4169 atque
1005 4096 1204 4162 Verbo,
1231 4095 1379 4168 quod
1411 4095 1556 4166 apud
1584 4095 1798 4152 Patrem
1843 4112 2036 4167 perpe-

450 4204 548 4248 tuo
591 4192 696 4259 sit,
743 4203 798 4248 et
842 4191 913 4246 ab
944 4191 1065 4260 ipso
1117 4189 1470 4260 processerit,
1528 4187 1625 4242 sed
1671 4195 1730 4242 ut
1782 4189 2035 4246 videlicet

450 4285 584 4340 illud
615 4285 888 4354 impleret,
921 4281 1069 4352 quod
1105 4282 1158 4335 in
1189 4297 1256 4336 eo
1283 4280 1528 4335 carmine
1560 4279 1775 4351 Moyses
1806 4279 2035 4348 scripse-

453 4387 560 4442 rat,
617 4376 763 4446 quod
818 4375 874 4426 in
932 4372 1229 4428 solitudine
1257 4379 1536 4428 cantatum
1566 4379 1686 4428 est:
1720 4370 2033 4425 Atlot'abunt

453 4472 629 4539 ipsum
682 4482 861 4522 omnes
906 4465 1006 4534 ﬁlii
1054 4464 1181 4526 Dei;
1219 4473 1267 4518 et
1306 4463 1643 4518 corroborent
1666 4466 1835 4532 ipsum
1856 4460 2036 4532 angeli

451 4562 552 4616 Dei
578 4561 618 4614 ’⁸.
638 4561 744 4632 43
768 4557 1138 4620 Corroborent,
1171 4557 1370 4627 inquit,
1403 4557 1575 4625 ipsum
1604 4572 1622 4610 :
1650 4571 1756 4610 non
1777 4565 2035 4623 tanquam

453 4657 622 4714 robur
662 4654 883 4724 aiiqund
929 4653 980 4708 ei
1022 4651 1479 4715 subministrent,
1537 4651 1633 4707 sed
1686 4649 1831 4720 quod
1867 4648 1934 4701 ah
1968 4648 2036 4704 iis

454 4756 720 4819 usurpata
765 4743 1082 4816 praedicatio
1123 4743 1469 4798 collaudandi
1525 4742 1618 4797 Dei
1655 4742 1764 4796 vim
1814 4739 2034 4801 habeat,

2080 3605 2083 3608 _
2133 3542 2413 3611 ἀγγέλων,
2463 3535 2512 3608 ᾧ
2545 3541 2796 3613 κάμπτει
2839 3541 2964 3599 πᾶν
3014 3545 3164 3614 γόνυ
3216 3544 3591 3613 ἐπουρανίων
3618 3542 3718 3596 καὶ

2131 3633 2408 3702 ἐπιγείων
2431 3633 2531 3687 καὶ
2555 3634 2983 3703 καταχθονίων,
3015 3633 3136 3705 Θεῷ
3165 3635 3276 3688 δντι
3306 3636 3394 3690 ἀεὶ
3416 3636 3593 3706 Λόγῳ,
3623 3634 3720 3688 καὶ

2133 3729 2270 3800 πρὸς
2295 3728 2373 3800 τῷ
2402 3727 2576 3800 Πατρὶ
2611 3729 2700 3783 ἀεὶ
2737 3728 2868 3790 ὄντι,
2905 3728 2999 3781 καὶ
3023 3727 3083 3792 ὲξ
3111 3726 3278 3781 αὐτοῦ
3310 3727 3718 3798 γεγεννημένῳ,

2131 3821 2248 3876 ἀλλ’
2281 3822 2368 3875 ἵνα
2394 3819 2657 3891 πληρώσῃ
2686 3822 2747 3873 τὸ
2775 3822 2830 3872 ὲν
2859 3821 2926 3889 τῇ
2965 3818 3073 3889 ᾠδῇ
3099 3821 3163 3889 τῇ
3193 3818 3405 3890 μεγάλῃ
3437 3818 3721 3882 Μωῠσέως

2133 3915 2190 3966 ὲν
2216 3915 2281 3984 τῇ
2309 3913 2500 3983 ἐρήμῳ
2527 3910 2773 3983 ᾁσθείσῃ,
2802 3912 2859 3963 ἐν
2946 3909 3100 3978 ἔλεγε
3122 3927 3135 3939 ·
3162 3907 3724 3976 Προσκυνήσουσιν

2131 4002 2292 4068 αὐτῷ
2322 4001 2543 4067 πάντες
2587 4001 2703 4056 υἱοὶ
2735 4001 2903 4065 Θεοῦ,
2938 4001 3037 4055 καὶ
3082 3999 3588 4070 ὲνισχυσάτωοναν
3613 4003 3726 4056 αὑ-

2135 4095 2242 4150 τὸν
2290 4093 2531 4164 ἄγγελοι
2573 4093 2742 4149 Θεοῦ.
2805 4092 2912 4156 Τὸ,
2961 4091 3470 4164 ἐνισχυσὰτωσαν
3511 4094 3721 4158 αὑτὸν,

2136 4187 2233 4255 οὐχ
2265 4185 2348 4239 ὅτι
2384 4184 2712 4257 παρέχοντες
2759 4183 2907 4256 αὐτῷ
2939 4185 3114 4255 ἰσχὺν,
3164 4183 3280 4236 ἀλλ’
3314 4182 3502 4254 ἐπειδὴ
3529 4184 3724 4253 ἴσχυεν

2136 4281 2168 4351 ἡ
2195 4279 2469 4348 δοξολογία
2515 4281 2572 4332 ἐν
2607 4279 2816 4344 τούτοις
2839 4279 3082 4344 δοξάζειν
3117 4278 3208 4331 τὸν
3235 4277 3385 4340 Θεὸν,
3423 4275 3528 4328 ὑπὸ
3551 4275 3722 4344 ἀγγέ-

2137 4371 2244 4424 λων
2273 4372 2368 4441 μὲν
2401 4372 2563 4435 εὐθὺς
2601 4372 2714 4425 ἄνω
2742 4373 2835 4425 καὶ
2865 4369 3251 4440 πνευματικῶν
3285 4367 3440 4431 ζώων
3470 4368 3720 4438 βοώντων

2139 4463 2232 4516 καὶ
2265 4462 2564 4529 λεγόντων·
2615 4461 2700 4527 Et}
2738 4462 2910 4514 ἐστιν
2947 4462 2986 4527 ἡ
3021 4460 3294 4529 δύναμις,
3338 4460 3456 4512 σόν
3481 4462 3616 4513 ἐστι
3650 4457 3722 4512 τὸ

2137 4550 2374 4622 κράτος,
2417 4551 2501 4619 σή
2554 4553 2726 4606 ἐστιν
2769 4553 2808 4620 ἡ
2851 4551 3064 4621 ἰσχύς·
3116 4553 3172 4607 ὲν
3208 4550 3383 4622 τούτῳ
3418 4550 3720 4606 δεικνύουσι

2138 4648 2197 4700 τὸ
2231 4648 2555 4718 προσκυνεῖν
2581 4647 2673 4700 καὶ
2723 4644 3016 4716 ἐνισχύειν,
3065 4645 3311 4699 τουτέστι
3345 4643 3540 4697 διδόναι
3569 4641 3720 4712 αὐτῷ

2137 4739 2196 4792 τὸ
2218 4737 2348 4792 ἴδιον
2368 4739 2465 4810 τῆς
2494 4738 2676 4809 ἰσχύος
2723 4740 2943 4811 κράτος.
3009 4739 3095 4802 Ὠς
3124 4739 3217 4792 καὶ
3244 4741 3273 4790 ό
3302 4736 3532 4805 ἄγγελος
3560 4735 3716 4808 ὤφθη

453 4850 585 4914 puta
619 4856 744 4896 cum
803 4840 871 4893 ab
905 4838 1112 4908 angelis
1153 4837 1209 4892 in
1253 4838 1394 4893 cmlo
1443 4853 1507 4891 ac
1546 4832 1886 4904 spiritalibus
1915 4833 2027 4885 ani-

2140 4826 2369 4882 ένώπιον
2397 4829 2508 4882 τῶν
2537 4829 2811 4901 μαθητῶν,
2847 4827 3167 4901 προσκυνῶν
3195 4828 3287 4880 τὸν
3317 4826 3482 4880 αὑτοῦ
3519 4827 3722 4878 Δεσπό-

455 4936 736 4990 tnantibus
783 4933 1034 4988 laudibus
1064 4931 1298 4986 aﬂieitur
1326 4971 1340 4994 ,
1387 4927 1818 4984 vociferantibus
1871 4932 2036 4995 atque

455 5030 562 5086 ista
589 5027 1012 5084 concinentibus
1045 5043 1059 5079 :
1094 5024 1211 5079 Tua
1238 5031 1316 5078 est
1344 5022 1533 5082 virtus,
1572 5029 1720 5072 tuum
1755 5028 1834 5072 est
1871 5019 2034 5086 impe-

455 5125 616 5188 rium,
654 5131 746 5175 tua
778 5129 854 5174 est
886 5119 1012 5174 τίδ’.
1065 5116 1121 5171 In
1154 5133 1264 5187 quo
1297 5115 1425 5185 quid
1473 5114 1700 5168 adorare
1742 5127 1806 5164 ae
1843 5125 2035 5165 corro-

454 5215 651 5269 borare
689 5213 760 5267 sit
799 5211 1134 5281 exprimunt,
1181 5205 1326 5276 quod
1365 5203 1506 5269 idem
1539 5209 1624 5257 cst
1654 5217 1717 5255 ac
1753 5200 2032 5271 preprium

454 5307 530 5361 illi
572 5303 770 5358 virium
811 5301 1178 5372 principatum
1224 5292 1457 5348 deferre.
1511 5290 1629 5356 Qua
1673 5289 1893 5360 quidem
1939 5305 2031 5343 ra—

451 5404 602 5457 tione
651 5412 682 5449 a
731 5391 1024 5460 discipulis
1069 5386 1298 5455 angelus
1346 5381 1637 5438 Dominum
1717 5397 1878 5437 suum
1933 5381 2033 5435 ad-

452 5506 615 5547 orare
641 5489 792 5541 visus
817 5491 940 5548 est;
975 5475 1489 5546 quibeniguissima:
1527 5475 1702 5545 ipsius
1744 5475 2034 5546 providen-

455 5583 543 5636 tie
570 5588 916 5649 nequaquam
959 5568 1337 5625 excellentiam
1391 5567 1689 5638 ignoraret.
1729 5565 1882 5621 Unde
1905 5583 2030 5621 cum

427 5677 567 5726 tun
615 5667 833 5738 egregie
880 5665 948 5719 ah
999 5663 1091 5718 illo
1142 5660 1444 5733 praestitum
1492 5660 1849 5716 humanitatis
1891 5676 2030 5731 opus

532 5809 546 5834 ³
590 5801 693 5856 Isa.
737 5819 786 5858 1..
827 5802 879 5854 {3.

940 5805 958 5833 ‘
1001 5801 1132 5859 Luc.
1177 5819 1310 5866 xxii,
1353 5803 1440 5869 iii,
1472 5803 1559 5858 43.

472 5873 489 5902 ⁶
518 5873 580 5931 1⁴“.
611 5871 939 5942 λελογίσθαι.

1640 5802 1659 5834 ³
1698 5801 1931 5872 Philipp.
1973 5818 2028 5869 ιι,
2079 5800 2158 5856 ιο.

2139 4937 2259 4991 την,
2291 4921 2365 4992 μὴ
2398 4921 2608 4990 ἀγνοῶν
2637 4921 2735 4993 τὴν
2766 4919 3068 4992 ὑπερϐολὴν
3090 4920 3191 4990 τῆς
3224 4917 3389 4972 αὐτοῦ
3421 4916 3722 4988 φιλανθρώ-

2141 5031 2244 5066 που
2269 5014 2580 5085 οἰκονομίας
2604 5030 2620 5045 ·
2662 5013 2956 5085 θαυμάζων
2983 5013 3041 5066 δὲ
3067 5013 3166 5084 τὴν
3188 5010 3458 5082 τοσαύτην
3485 5011 3542 5064 ὲν
3569 5008 3720 5078 αύτῷ

2139 5105 2437 5177 γενομένην
2465 5106 2770 5179 πραότητος
2790 5105 3194 5178 πραγματείαν,
3223 5104 3322 5175 τὴν
3347 5104 3439 5156 τὸν
3475 5103 3719 5158 διάϐολον

2142 5199 2473 5271 ἡττήσασαν,
2499 5199 2597 5271 τὴν
2624 5199 2685 5254 τὸ
2703 5198 2928 5270 κέντρον
2950 5197 3044 5251 τοῦ
3070 5195 3304 5252 θανάτου
3325 5195 3716 5267 συντρίψασαν,

2140 5291 2240 5362 τὴν
2271 5290 2371 5356 τάς
2402 5291 2575 5362 ἀρχάς
2603 5291 2695 5345 καὶ
2725 5289 2823 5353 τάς
2843 5290 3091 5356 ἐξουσίας
3121 5286 3587 5360 θριαμϐεύσασαν,
3619 5285 3720 5356 τὴν

2141 5384 2416 5457 ἁμαρτίαν
2442 5383 2778 5456 θραύσασαν,
2797 5385 2890 5437 καὶ
2909 5383 2999 5437 διὰ
3019 5383 3117 5454 τὴν
3139 5384 3239 5435 ὑπε
3249 5379 3441 5451 ρϐολὴν
3461 5379 3562 5449 τῆς
3585 5377 3719 5431 θαυ-

2143 5478 2486 5548 μασιότητος,
2514 5481 2570 5530 ὲν
2597 5479 2663 5548 τῇ
2687 5476 2963 5548 δοξολογίᾳ
2985 5477 3016 5528 ὁ
3042 5474 3272 5543 ἄγγελος
3297 5471 3450 5540 ἔλεγε
3477 5488 3719 5543 προσκυο

2138 5571 2244 5625 νῶν
2265 5589 2277 5602 ·
2310 5570 2392 5638 Et)
2418 5572 2591 5624 ἐστιν
2622 5572 2660 5638 ὴ
2691 5569 2893 5640 ἰσχὺς,
2932 5569 3221 5622 Δέσποτα.
3256 5567 3329 5619 Σὺ
3358 5563 3467 5635 γὰρ
3495 5564 3720 5634 ἴσχυσας

2127 5664 2279 5719 ’κατὰ
2303 5663 2564 5726 θανάτου,
2619 5663 2713 5716 καὶ
2755 5661 2895 5717 κατὰ
2939 5659 3099 5731 ᾅδου,
3150 5658 3244 5711 καὶ
3280 5655 3420 5710 κατὰ
3447 5655 3716 5720 διαϐόλου,

2242 5802 2262 5833 ⁸
2298 5799 2452 5859 Deut.
2499 5817 2672 5863 sxw,
2722 5799 2797 5853 15.
2911 5799 2930 5827 ³
2977 5798 2992 5850 l
3053 5795 3228 5851 Para‘.
3276 5813 3423 5862 arm,
3485 5795 3565 5862 ll,
3631 5794 3714 5849 lii.
