4012 6210
3311 282 3338 303 Γ

335 327 406 384 85
1759 331 2186 394 ANCORATUS.
3531 345 3610 402 80"

337 443 626 516 συντρῖψαι
665 444 726 497 τὸ
755 444 980 516 κέντρον
1027 445 1218 514 αὑτοῦ,
1266 448 1360 502 καὶ
1401 447 1654 504 ἐκϐαλεῖν
1694 451 1804 506 ἀπὸ
1828 453 1929 524 τῆς

2032 453 2384 511 vehementer
2424 457 2809 524 admiraretur,
2841 473 2952 529 quo
2980 467 3035 516 et
3061 459 3378 531 proﬂigatus
3407 461 3602 518 diabo-

337 537 784 608 ἅνθρωπότητος.

2031 544 2139 608 lus,
2167 551 2221 598 et
2255 546 2530 603 contritus
2558 551 2750 606 mortis
2781 549 3030 617 aculeus,
3060 557 3115 607 et
3148 551 3494 623 principatus
3536 568 3610 622 ae,

339 637 641 700 potestates
682 630 831 684 velut
880 630 938 685 in
986 632 1268 705 triumpho
1319 635 1580 701 traducti,-
1629 646 1684 692 et
1727 638 1939 708 peccati
1993 640 2079 695 vis
2134 638 2373 695 infracta
2412 641 2612 709 fuerat,
2642 660 2753 715 prae
2786 646 3030 716 stuporis
3077 648 3451 718 magnitudine
3503 650 3601 704 ad-

338 722 666 779 orabundus
718 723 944 793 angelus
1001 725 1054 779 in
1112 726 1205 781 illa
1254 743 1352 783 sua
1403 727 1786 799 praedicatione
1833 730 2106 787 clamabat

2155 749 2170 786 :
2237 732 2352 787 Tua
2412 734 2484 788 vis
2538 743 2649 801 est,
2702 736 2944 793 Domine.
3004 737 3085 792 Tu
3137 739 3281 794 enim
3314 750 3488 795 morte
3549 750 3610 797 et-

338 814 532 873 inferis
583 831 648 870 ae
693 817 918 872 diabolo
972 821 1226 889 superior
1282 819 1480 884 fuisti;
1539 820 1772 893 ejusque
1819 823 2103 880 stimulum
2140 823 2446 896 int‘registi,
2496 835 2551 882 et
2583 827 2923 885 ab'humano
2951 847 3148 902 genere
3181 831 3460 903 depulisti.

407 908 537 962 ΑΠ’.
593 907 720 962 Ἐὰν
759 908 817 962 δὲ
848 911 1010 966 πάλιν
1049 912 1209 984 εῑπῃ,
1257 913 1381 968 Ποῦ
1410 914 1708 969 τεθείκατε
1740 915 1927 976 Λάζα-

331 1017 480 1070 ρον;
520 1001 966 1073 ἀνθρωποπαθῶς
993 1020 1006 1036 ο
1057 1007 1151 1058 καὶ
1189 1006 1318 1078 περὶ
1355 1007 1454 1077 τῆς
1499 1008 1924 1080 αίμορροούσης,

2096 917 2383 974 XXXVIII.
2428 919 2585 986 Quod
2633 936 2762 975 vero
2809 923 2880 976 ab
2927 923 3038 978 illis
3087 924 3312 979 aﬂ'ertur
3365 925 3605 980 humano

2021 1025 2172 1066 more
2219 1011 2465 1066 dictum:
2498 1010 2598 1066 Ubi
2655 1013 2908 1080 posuistis
2950 1012 3304 1070 Lazarum”?
3373 1024 3484 1070 tum
3537 1017 3608 1072 de

345 1095 440 1162 Τίς
459 1113 578 1165 μου
602 1095 838 1165 inuata;
884 1096 954 1167 ἢ,
986 1098 1124 1152 Τίνα
1154 1097 1406 1167 Inscite;
1445 1099 1514 1170 ἢ,
1562 1101 1702 1155 Τίνα
1729 1118 1806 1171 με
1825 1101 1928 1156 λέ-

2032 1103 2256 1158 muliere
2316 1103 2603 1174 sanguinis
2652 1103 2920 1175 proﬂuvio
2970 1106 3298 1163 laborante:
3343 1109 3477 1174 Quis
3525 1126 3612 1170 me

339 1203 555 1256 τουσιν
585 1190 636 1242 οί
663 1186 959 1258 ἄνθρωποι
981 1186 1133 1244 εἶναι
1159 1191 1266 1246 τὸν
1291 1193 1428 1247 Υὶὸν
1452 1192 1558 1247 τοῦ
1578 1190 1891 1262 ἀνθρώπου
1905 1208 1926 1258 ;

341 1278 404 1345 ἢ,
444 1276 514 1332 Τὸ
552 1277 792 1334 παιδίον
826 1278 1058 1348 ηὔξανε
1084 1281 1182 1335 καί
1219 1282 1599 1351 ἐκραταιοῦτο
1623 1301 1635 1314 ·
1668 1284 1702 1355 ἢ
1729 1324 1742 1346 ,
1775 1288 1925 1353 Προ-

341 1368 595 1423 έκοπτεν
622 1371 825 1439 ἡλικίᾳ
858 1372 956 1426 καὶ
994 1374 1181 1442 σοφίᾳ
1205 1390 1219 1404 ⁸
1271 1374 1345 1446 ἢ,
1399 1374 1520 1443 Πρὸ
1551 1375 1659 1430 τοῦ
1699 1375 1922 1445 γνῶναι

342 1461 408 1515 τὸ
435 1462 676 1516 παιδίον
703 1463 912 1517 καλεῖν
938 1465 1165 1534 πατέρα
1199 1465 1234 1536 ἢ
1262 1465 1492 1536 μητέρα
1511 1483 1524 1498 ·
1551 1468 1650 1540 ούχ
1675 1469 1807 1540 ὁρᾷς
1827 1469 1922 1522 ἀπ’

343 1554 512 1623 αὐτῆς
557 1555 655 1624 τῆς
703 1554 1015 1619 ὑποθέσεως
1049 1557 1111 1610 τὸ
1151 1557 1487 1629 ὑπερϐάλλον
1519 1559 1618 1628 τῆς
1644 1558 1924 1628 γνώσεως,

341 1649 422 1702 ὅτι
478 1647 544 1700 ἐκ
585 1646 786 1718 σαρκὸς
844 1647 938 1701 καὶ
988 1647 1407 1720 ἀνθρωπότητος
1453 1650 1522 1704 τὰ
1574 1650 1918 1722 διηγήματας

347 1741 486 1793 Ὅσα
519 1739 626 1811 γὰρ
655 1741 712 1792 ἐν
743 1743 808 1812 τῇ
838 1740 1052 1813 Παλαιᾷ
1081 1741 1323 1814 Διαθήκῃ
1369 1741 1476 1796 ἀπὸ
1512 1742 1804 1814 προσώπου
1825 1742 1920 1798 τοῦ

2025 1194 2266 1264 tetigit’?
2300 1195 2403 1260 vel,
2448 1195 2612 1260 Quem
2643 1199 2880 1268 quieritis
2903 1197 2948 1251 ⁸2
2984 1199 3087 1262 vel,
3121 1198 3287 1264 Quem
3320 1216 3400 1253 nte
3423 1199 3606 1254 dicunt

2027 1285 2260 1340 homines
2293 1303 2404 1340 esse
2441 1286 2640 1341 Filium
2669 1288 2898 1362 hominis
2929 1288 2976 1342 l’?
3025 1288 3128 1352 vel,
3167 1287 3310 1342 Puer
3343 1289 3607 1343 crescebat

2025 1385 2075 1432 et
2115 1378 2574 1447 conﬁrmabatur°
2603 1397 2614 1433 :
2644 1381 2784 1446 sive,
2827 1380 3153 1436 Proeedebat
3210 1390 3366 1435 (etate
3417 1391 3466 1436 et
3519 1398 3608 1436 sa-

2027 1468 2226 1533 pientia
2252 1470 2310 1533 ⁷;
2365 1469 2481 1526 sive
2519 1471 2753 1543 denique
2787 1491 2800 1528 :
2833 1471 3127 1544 Antequam
3171 1474 3312 1528 norit
3361 1490 3489 1542 puer
3526 1491 3609 1528 vo-

2027 1575 2148 1615 care
2183 1570 2386 1629 patrem
2419 1572 2509 1616 aut
2550 1565 2845 1632 matrem";
2878 1579 3058 1620 nonne
3093 1565 3176 1620 vel
3201 1581 3267 1620 ex
3299 1566 3418 1636 ipso
3446 1581 3609 1636 argu-

2028 1662 2211 1708 mento
2235 1655 2592 1712 excellentem
2626 1657 2938 1725 scientiam,
2966 1673 3128 1730 quam
3165 1657 3253 1712 hie
3292 1658 3445 1714 locus
3475 1673 3608 1728 sup-

2029 1746 2258 1813 peditat,
2292 1748 2727 1815 animadvertis;
2769 1759 2936 1820 utque
2965 1750 3030 1805 ad
3069 1765 3292 1806 carnem
3324 1757 3377 1805 et
3407 1751 3606 1805 huma-

341 1824 506 1898 Θεοῦ,
537 1833 630 1886 καὶ
671 1832 885 1904 Πατρός
918 1833 1404 1905 ύποκατερχόμενά
1441 1835 1578 1888 εἰσιν
1627 1836 1706 1898 εις
1744 1834 1917 1889 πειθὼ

2036 1854 2142 1893 iam
2179 1845 2429 1892 naturam
2461 1841 2803 1896 narrationes
2834 1842 2938 1896 illm.
2968 1841 3279 1897 referantur
3302 1843 3328 1897 ἳ
3390 1841 3606 1897 Etenim

342 1922 448 1976 τῶν
501 1922 831 1994 ἀνθρώπιον,
892 1923 1167 1992 ἀγνωσίας
1216 1923 1483 1994 ἐχόμενα,
1537 1925 1638 1977 οὐκ
1687 1923 1818 1978 ὄντα
1865 1925 1924 1978 δέ

343 2012 598 2081 ἄγνωστα
622 2013 698 2084 τῷ
720 2013 857 2085 Θεῷ,
891 2014 1064 2070 ταῦτα
1090 2012 1259 2068 ἐλθὼν
1284 2017 1311 2068 ὁ
1337 2016 1507 2085 Λόγος
1539 2015 1922 2089 πεπλήρωκεν,

342 2104 430 2158 ἵνα
462 2104 724 2180 πληρώσῃ
752 2105 812 2160 τδ
836 2107 1125 2178 εἰρημένον
1154 2123 1167 2137 ·
1213 2107 1265 2161 '0
1281 2107 1484 2178 Πατήρ
1514 2126 1633 2179 μου
1661 2108 1772 2176 ἕως
1792 2108 1924 2178 ἄρτι

340 2194 655 2266 ἐργάζεται,
700 2195 860 2267 κάγὼ
884 2194 1210 2268 ἐργάζομαι.
1244 2225 1315 2238 -—
1342 2197 1468 2253 Ποῦ
1501 2199 1798 2252 τεθείκατε
1821 2197 1929 2252 τὸν

343 2287 645 2357 Λάζαρον;
685 2287 896 2360 ⁴ἠρώτα,
925 2289 1090 2358 ἐγγὺς
1129 2289 1224 2342 τοῦ
1257 2288 1423 2343 τόπου
1453 2289 1745 2360 γενόμενος
1768 2305 1782 2319 ·
1820 2286 1926 2361 πρὸ

341 2379 397 2444 δέ
438 2381 531 2434 τοῦ
569 2380 743 2435 ἐλθεῖν
786 2383 865 2445 εἰς
899 2380 988 2436 τὸν
1021 2381 1208 2447 τόπον,
1251 2381 1356 2436 ὑπὸ
1401 2381 1629 2453 μηδενὸς
1665 2377 1922 2446 ἀκούσας,

342 2470 494 2540 ἔλεγε
524 2472 637 2536 τοῖς
670 2471 936 2543 μαθηταῖς
967 2471 1132 2526 αὑτοῦ
1153 2489 1166 2502 ·
1208 2470 1471 2541 Λάζαρος
1499 2474 1531 2526 ό
1558 2471 1737 2540 φίλος
1758 2468 1928 2540 ἡμῶν

343 2561 710 2632 κεκοίμηται.
748 2563 808 2617 '0
843 2563 1023 2617 τοίνυν
1050 2563 1156 2617 ἀπὸ
1193 2562 1464 2618 τοσούτων
1489 2563 1590 2634 τῆς
1619 2562 1927 2632 ὁδοιπορίας

343 2651 567 2718 διεστὼς
628 2653 723 2708 τοῦ
774 2654 973 2721 τόπου,
1029 2655 1190 2724 γνοὺς
1244 2655 1326 2710 ὅτι
1380 2654 1608 2724 τέθνηκε
1657 2653 1925 2724 Λάζαρος,

345 2744 534 2818 παρὼν
557 2747 614 2800 ἐν
635 2746 714 2818 τῷ
736 2747 884 2819 τόπῳ
909 2749 1124 2818 ἡγνὸει;
1156 2746 1374 2802 οὔκουν.
1419 2747 1556 2800 Ἀλλ’
1579 2745 1736 2820 ἧθελε
1761 2746 1929 2812 δεῖξαι

242 2883 262 2892 -
345 2836 426 2890 ὅτι
465 2836 638 2890 ταῦτα
686 2839 862 2892 πάντα
913 2839 1105 2906 ἐποίει,
1156 2839 1250 2893 καὶ
1289 2837 1443 2892 οὔπω
1485 2838 1661 2902 οὐδεὶς
1705 2837 1930 2900 τελείως

346 2926 493 2998 αὐτῷ
517 2927 800 2982 ἐπίστευεν
818 2943 832 2958 ·
863 2928 950 2982 ἵνα
978 2927 1277 3000 ἐνδείξηται
1304 2927 1403 2999 τῆς
1424 2926 1589 2980 αὑτοῦ
1624 2924 1758 2997 πρὸς
1783 2925 1931 2996 ἡμᾶς

348 3015 560 3086 φειδοῦς
585 3017 684 3088 τὴν
717 3017 917 3089 πολλὴν
939 3017 1369 3090 φιλανθρωπίαν.
1403 3017 1551 3070 Ἔδει
1579 3016 1688 3088 γὰρ
1719 3015 1931 3078 ἐκείνας

352 3108 426 3180 μὴ
456 3109 658 3162 εἰπεῖν·
699 3109 1044 3177 Τεταρταῗός
1076 3109 1274 3174 ἐστιν,
1320 3107 1436 3176 ἤδη
1482 3107 1623 3172 ὄζει,
1654 3107 1788 3178 μηδέ
1823 3109 1931 3161 ἀπ-

348 3177 544 3266 ε).ί)¹εἶν,
580 3203 674 3255 καὶ
695 3201 860 3267 δεῖξαι
883 3217 897 3228 ·
931 3200 1045 3254 ἀλλ’
1073 3202 1245 3254 εἰπεῖν
1266 3217 1280 3232 ⁸
1312 3199 1495 3255 Πάντα
1529 3177 1695 3265 οἶδας,
1721 3199 1816 3252 καὶ
1837 3198 1932 3250 ἐὰν
1957 3177 2001 3238 C

349 3290 530 3364 οέλῃς,
569 3289 816 3363 ζήσεται.
872 3291 1072 3364 Διόπερ
1121 3291 1213 3345 καὶ
1258 3290 1557 3362 ἐδάκρυσεν
1595 3291 1688 3342 ἐπὶ
1724 3292 1790 3360 τῇ
1825 3289 1930 3341 τῶν

348 3382 651 3455 ἀνθρώπων
679 3381 955 3455 πωρώσει.
990 3383 1102 3438 Οὐκ
1124 3382 1332 3452 ἀγνοῶν
1364 3382 1543 3436 τοίνυν
1572 3381 1757 3454 ἠρώτα
1777 3398 1791 3413 θ
1817 3381 1931 3434 ἀλλ’

349 3473 558 3543 ἐλέγχει
607 3473 919 3546 πειράζων,
956 3474 1048 3526 καὶ
1084 3472 1608 3545 φιλανθρωπεύεται.
1659 3473 1788 3537 Καὶ,
1837 3472 1934 3537 Τίς

345 3581 462 3633 μου
485 3563 682 3632 ἥψατο
703 3580 722 3630 ;
749 3563 902 3636 φησὶ,
940 3564 1037 3634 οὐχ
1058 3565 1138 3618 ὅτι
1164 3564 1263 3617 οὐκ
1287 3563 1404 3636 ᾔδει
1430 3563 1512 3627 τίς
1535 3563 1699 3618 αὐτοῦ
1728 3563 1929 3636 ἥψατο·

350 3655 464 3708 ἀλλ’
513 3656 600 3710 ἵνα
646 3656 721 3729 μὴ
764 3657 893 3732 εἴπῃ
937 3656 1004 3710 δι’
1048 3654 1243 3709 ἑαυτοῦ
1279 3655 1340 3709 τὸ
1385 3656 1676 3726 γενόμενον
1715 3655 1930 3728 θαῦμα·

347 3747 462 3801 ἀλλ’
506 3749 654 3812 ὅπως
697 3746 878 3821 ἐκείνη
924 3747 1206 3802 ἀκούσασα
1244 3745 1616 3818 προσελθοῦσα
1656 3747 1799 3800 εἴποι
1833 3747 1933 3818 τὴν

349 3843 428 3902 εἰς
455 3838 624 3910 αὐτὴν
644 3839 944 3910 γενομένην
967 3839 1149 3910 χάριν,
1173 3838 1268 3892 καὶ
1294 3837 1677 3910 όμολογήσασα
1702 3836 1932 3911 ἀκούσῃ,

359 3933 418 3988 ’Π
452 3932 656 3997 πίστις
689 3947 806 3985 σου
840 3929 1076 3985 σέο-ωκέ
1109 3946 1214 3996 σε,
1255 3931 1402 3994 ὅπως
1435 3928 1812 4002 προτρέψηται
1844 3929 1935 3982 καὶ

349 4023 542 4086 ἄλλους
577 4022 872 4088 πιστεύειν,
903 4024 990 4076 ἵνα
1025 4023 1235 4076 ίαθῶσι.
1271 4023 1409 4077 Τίνα
1427 4039 1522 4091 με,
1545 4021 1701 4094 φησὶ,
1729 4020 1937 4091 λέγουσι

350 4130 455 4168 σιν
482 4111 634 4169 εἶναι
671 4116 776 4168 τὸν
814 4114 952 4169 Υίόν
983 4114 1091 4169 τοῦ
1121 4113 1435 4182 ἀνθρώπου
1454 4129 1473 4177 ;
1517 4112 1592 4176 ὡς
1642 4112 1738 4166 καὶ
1774 4113 1831 4166 ἐν
1865 4114 1934 4182 τῇ

350 4207 568 4278 Παλαιᾷ
594 4206 698 4259 ἀπὸ
729 4204 1021 4278 προσώπου
1045 4204 1141 4258 τοῦ
1165 4204 1376 4275 Πατρός
1403 4203 1572 4272 λέγει,
1607 4202 1799 4272 Ἀδὰμ,
1817 4202 1936 4255 ποῦ

349 4296 439 4363 ei;
490 4298 603 4369 ᾔδει
637 4297 694 4350 δέ
724 4297 888 4351 αὑτὸν
917 4296 1019 4350 ποῦ
1063 4297 1240 4361 ἐστιν,
1287 4296 1366 4349 διὸ
1409 4295 1500 4348 καὶ
1542 4294 1750 4365 ἐλέγχει
1775 4294 1936 4346 αὑτὸν

354 4391 650 4463 μετέπειτα
677 4390 884 4460 λέγων’
930 4391 1031 4444 Ἐκ
1064 4389 1169 4443 τοῦ
1205 4389 1396 4454 ξύλου
1428 4388 1666 4458 ἔφαγες.
1722 4385 1832 4439 Καὶ
1859 4383 1937 4456 τῷ

2023 1947 2360 2001 quaecunque
2386 1932 2440 1986 in
2471 1931 2662 1988 Vetere
2697 1932 3047 1989 Testamento
3082 1949 3146 1988 ex
3183 1932 3276 1989 Dei
3319 1949 3383 1988 ac
3424 1931 3606 1988 Patris

2025 2039 2256 2096 persona
2302 2024 2383 2079 sic
2425 2032 2786 2094 usurpantur,
2836 2032 2896 2078 ut
2945 2025 3013 2079 ad
3063 2024 3342 2079 hominum
3374 2040 3573 2094 persua

2025 2115 2235 2170 sionem
2287 2120 2341 2168 et
2389 2113 2704 2171 iIIccebram
2758 2112 2901 2167 infra
2950 2113 3042 2169 Dei
3089 2113 3434 2183 majestatem
3483 2127 3608 2167 esse

2029 2202 2340 2268 videantur,
2376 2211 2430 2257 et
2463 2201 2531 2256 ad
2561 2203 2956 2272 ignorationem
2988 2203 3268 2267 accedere,
3312 2218 3437 2257 cum
3473 2204 3608 2258 alio-

2026 2292 2118 2364 qui
2156 2293 2360 2347 nullam
2394 2293 2448 2347 in
2481 2292 2593 2349 Deo
2624 2293 2990 2364 ignorantiam
3021 2303 3285 2366 arguant;
3334 2294 3450 2350 haec
3480 2310 3606 2350 om-

2028 2385 2120 2438 nia
2176 2383 2424 2439 divinum
2471 2385 2527 2440 in
2571 2401 2695 2442 sese
2754 2385 2996 2442 Verbum
3052 2385 3319 2456 implevit,
3358 2395 3416 2442 ut
3461 2385 3609 2457 quod

2029 2477 2294 2546 scriptum
2323 2483 2427 2542 est,
2478 2493 2538 2534 re
2573 2479 2688 2549 ipsa
2736 2485 3062 2551 praestaret:
3098 2477 3262 2532 Pater
3304 2494 3448 2532 meus
3479 2477 3608 2532 huc-

2027 2576 2188 2630 usque
2240 2571 2505 2629 operatur,
2554 2571 2603 2616 et
2639 2579 2730 2632 ego
2759 2579 2942 2632 operor
2969 2563 3018 2620 ’.
3046 2594 3113 2604 —-
3159 2561 3384 2616 Ubinam
3431 2561 3608 2616 Laza-

2028 2668 2145 2704 rum
2181 2651 2493 2721 deposuistis
2515 2654 2596 2707 ‘°?
2623 2655 2868 2726 rogabat,
2921 2670 3044 2710 eum
3082 2654 3305 2726 propius
3335 2654 3400 2708 ad
3428 2654 3610 2709 locum

2030 2743 2330 2799 accederet.
2366 2745 2529 2815 Atqui
2558 2744 2878 2816 priusquam
2903 2761 2972 2801 eo
3000 2747 3262 2808 venisset,
3296 2753 3389 2799 aut
3417 2760 3448 2797 a
3476 2760 3612 2814 quo-

2030 2849 2191 2903 quam
2241 2833 2572 2900 inaudisset,
2605 2833 2894 2904 discipulis
2929 2835 3047 2889 suis
3081 2834 3294 2889 dixerat
3324 2853 3336 2889 :
3368 2831 3609 2886 Lazarus

2031 2925 2232 2979 amicus
2279 2933 2456 2978 noster
2487 2924 2682 2979 dormit
2714 2926 2778 2978 “.
2815 2924 2956 2995 Ergo
2990 2926 3082 2994 qui
3120 2931 3272 2978 tanto
3305 2924 3411 2977 loci
3444 2925 3611 2976 inter-

2034 3017 2180 3073 vallo
2227 3017 2458 3073 dissitus
2504 3015 2773 3070 Lazarum
2824 3024 3100 3070 mortuum
3146 3031 3271 3072 esse
3324 3025 3605 3086 cognorat,

2035 3118 2321 3179 postquam
2373 3109 2428 3162 in
2473 3124 2586 3164 rem
2633 3116 2956 3178 prmsentem
2993 3107 3158 3172 venit,
3217 3107 3468 3178 ignorare
3513 3123 3610 3178 p0-

2034 3201 2179 3255 tuit?
2243 3201 2618 3272 Nequaquam,
2653 3201 2870 3272 opinor.
2928 3199 3032 3255 Sed
3089 3201 3350 3254 nimirum
3393 3199 3615 3254 demono

2035 3300 2213 3349 strare
2275 3293 2408 3347 illud
2469 3293 2659 3357 voluit,
2721 3291 2993 3346 neminem
3051 3291 3250 3356 adhue,
3305 3305 3430 3345 cum
3495 3290 3613 3345 lucc

2033 3387 2217 3440 omnia
2263 3396 2370 3440 tam
2423 3384 2744 3440 admiranda
2797 3382 3022 3447 faceret,
3058 3386 3113 3436 in
3151 3383 3330 3453 ipsum
3363 3381 3606 3454 perfecte

2033 3478 2280 3544 credere,
2337 3478 2417 3533 uti
2483 3493 2594 3532 sua:
2629 3477 2683 3530 in
2731 3492 2834 3533 nos
2917 3475 3266 3546 indulgentia:
3325 3474 3611 3530 miriﬁcam

2034 3569 2324 3639 quamdam
2381 3567 2772 3639 benignitatem
2817 3575 2874 3623 et
2923 3567 3318 3622 humanitatem
3361 3567 3614 3624 ostende-

2037 3666 2161 3716 ret:
2200 3660 2405 3730 quippe
2435 3674 2657 3714 sorores
2711 3659 2833 3712 illas
2887 3657 3173 3728 oportebat
3213 3674 3322 3712 non
3381 3657 3486 3711 ista
3536 3658 3614 3726 ja-

2035 3762 2232 3808 ctare:
2272 3750 2676 3816 Quatriduanus
2728 3761 2826 3813 est,
2851 3749 2968 3818 jam
3013 3750 3135 3820 fetet
3163 3749 3242 3816 “;
3291 3764 3392 3803 nec
3439 3749 3610 3812 abire,

2036 3858 2100 3898 ae
2130 3849 2463 3906 monstrare;
2490 3839 2584 3896 sed
2617 3840 2689 3894 ita
2721 3841 2902 3911 potius
2937 3840 3142 3910 alloqui
3173 3837 3365 3895 :Nosti
3395 3839 3603 3902 omnia,
3701 3897 3718 3914 κ

2036 3941 2090 3990 et
2149 3935 2196 3990 si
2247 3933 2487 3989 volueris
2543 3932 2857 3989 reviviscet.
2903 3932 3115 4000 Quibus
3159 3931 3226 3987 de
3264 3930 3450 3986 causis
3502 3940 3612 3984 tam

2036 4026 2318 4081 obduratte
2379 4024 2661 4080 hominum
2720 4024 2956 4080 caecitati
3012 4023 3262 4080 Christus
3285 4023 3609 4095 illaerymat.

2037 4114 2152 4170 Non
2181 4116 2347 4187 igitur
2380 4115 2644 4185 ignorans
2674 4116 3010 4184 interrogat;
3056 4113 3152 4169 sed
3184 4114 3498 4184 periclitans
3529 4127 3611 4166 ar-

2036 4204 2171 4274 guit,
2202 4220 2266 4258 ae
2297 4204 2707 4274 perhumaniter
2738 4210 2960 4258 tractat.
2996 4201 3132 4255 Nam
3174 4203 3329 4266 illud,
3361 4203 3492 4268 Quis
3534 4219 3614 4256 me

2040 4293 2204 4362 tetigit
2235 4293 2317 4349 ".9
2348 4307 2458 4347 non
2496 4308 2561 4347 eo
2587 4292 2738 4358 dicit,
2793 4293 2937 4363 quod
2984 4307 3014 4346 a
3043 4291 3154 4364 44
3182 4308 3292 4363 quo
3332 4301 3615 4349 contactus

2038 4391 2188 4441 esset
2248 4384 2552 4456 ignoraret,
2607 4385 2704 4440 sed
2757 4393 2816 4439 ut
2867 4401 2935 4440 ne
2980 4385 3305 4439 miraculum
3345 4383 3488 4439 istud
3520 4399 3616 4455 per

349 4481 490 4535 Κάϊν
515 4497 529 4512 ο
560 4480 685 4534 Ποῦ
719 4482 890 4534 Ἅϐελ
923 4483 955 4534 ό
979 4480 1239 4550 ἀδελφός
1271 4495 1386 4534 σου
1405 4495 1424 4544 ;
1462 4480 1554 4533 καὶ
1594 4479 1694 4539 οὐκ
1721 4477 1930 4546 ἀγνοῶν

2039 4493 2159 4533 sese
2192 4477 2532 4549 divulgaret;
2561 4484 2727 4547 utque
2751 4476 2977 4532 audiens
3005 4477 3198 4532 mulier
3230 4484 3283 4532 et
3315 4477 3604 4540 accedens,

349 4572 556 4644 ἠρώτα.
599 4572 758 4640 Λέγει
781 4572 888 4642 γάρ
907 4589 920 4603 ·
964 4570 1420 4640 Ἐπικατάρατος
1439 4570 1520 4623 σὺ
1543 4570 1640 4623 ἐπὶ
1664 4569 1774 4637 τῆς
1789 4567 1921 4640 τῆς,

349 4663 388 4732 ἢ
427 4665 610 4732 ἔκανε
641 4662 928 4727 δέξασθαι
961 4661 1028 4716 τὸ
1071 4657 1215 4732 αἷμα
1251 4663 1358 4716 τοῦ
1396 4661 1664 4731 ἀδελφοῦ
1701 4677 1816 4716 σου
1855 4663 1925 4714 ἐκ

348 4753 458 4822 τῆς
497 4754 694 4822 χειρός
732 4766 868 4807 σου.
945 4752 1092 4806 Ἰδοὺ
1136 4753 1246 4823 γὰρ
1286 4751 1352 4805 τὸ
1397 4749 1542 4821 αἷμα
1589 4752 1776 4806 αὑτοῦ
1807 4751 1931 4818 βοᾷ

330 4845 498 4912 ’πρός
531 4860 628 4913 με.
671 4844 783 4897 Ούκ
826 4844 1011 4914 ἠγνόει
1047 4843 1226 4898 τοίνυν
1271 4845 1298 4898 ὁ
1329 4843 1523 4913 λέγων,
1567 4845 1648 4897 ὅτι
1684 4843 1753 4897 Τὸ
1791 4839 1933 4913 αᾶια

345 4935 467 5006 ,ϐοᾷ
483 4955 496 4967 ’
527 4936 644 4990 ἀλλ’
665 4937 810 4999 ὅπως
828 4935 948 4998 δοὺς
967 4937 983 4967 ⁸
1013 4935 1162 5006 αὐτῷ
1181 4935 1346 4990 τόπον
1376 4935 1664 5006 μετανοίας
1686 4936 1767 4999 είς
1794 4935 1928 4989 ἀπο-

349 5027 556 5095 λογίαν,
582 5025 670 5079 διὰ
695 5021 854 5080 τοῦτο
875 5025 1084 5098 ἠρώτα.

2035 4578 2146 4624 tam
2195 4569 2478 4640 singulare
2522 4569 2845 4624 beneﬁcium
2887 4584 2996 4638 quo
3025 4576 3143 4623 erat
3174 4567 3389 4631 allecto,
3431 4567 3619 4624 testiﬁ-

2033 4671 2274 4728 caretur,
2331 4676 2395 4716 ac
2448 4661 2750 4715 secundum
2794 4659 2913 4729 ejus
2957 4659 3357 4730 professionem
3403 4659 3615 4714 audiret

2037 4753 2264 4808 statim:
2301 4751 2461 4806 Fides
2513 4761 2602 4804 tua
2653 4761 2700 4804 te
2753 4751 2956 4805 salvam
3003 4751 3125 4820 fecit
3152 4752 3219 4817 ιδ,
3249 4767 3358 4822 quo
3388 4759 3616 4807 czeteros

2039 4845 2106 4900 ad
2139 4845 2469 4900 credendum
2517 4844 2788 4910 incitaret,
2837 4851 2898 4897 ut
2943 4843 3324 4912 aegritudinum
3377 4843 3615 4898 remedia

2033 4939 2519 5003 consequerentur.
2545 4931 2846 4986 Prmterea:
2879 4930 3046 4996 Quem
3073 4946 3170 4993 me,
3203 4931 3403 5000 inquit,
3432 4930 3616 4983 dicunt

2030 5042 2140 5080 esse
2204 5023 2405 5078 Filium
2464 5025 2689 5079 hominis
2721 5024 2799 5077 ‘5?
2839 5022 3296 5092 quemadmodum
3337 5025 3390 5076 in
3427 5021 3617 5077 Vetere

352 5117 703 5173 Testamento
761 5118 990 5188 loquens
1041 5116 1202 5172 Pater
1248 5116 1573 5172 inducitur:
1609 5117 1780 5172 Adam
1822 5116 1912 5170 ubi
1966 5132 2020 5171 es
2048 5117 2134 5170 “‘3
2195 5115 2331 5169 Nam
2394 5117 2484 5170 ubi
2539 5123 2685 5172 esset
2731 5120 2994 5178 noverat;
3043 5114 3187 5169 unde
3229 5113 3415 5169 statim
3464 5113 3616 5167 illum

352 5210 434 5263 his
462 5209 646 5264 verbis
693 5208 1012 5279 redarguit:
1049 5193 1123 5264 De
1159 5210 1299 5278 ligno
1328 5209 1600 5262 eomedisti
1638 5209 1704 5263 ιτ.
1745 5207 1854 5264 Sed
1894 5215 1948 5263 et
1982 5208 2213 5263 Cainum
2266 5207 2550 5276 alloquens
2609 5227 2622 5261 :
2685 5204 2784 5259 Ubi
2831 5215 2944 5270 est,
3009 5205 3213 5277 inquit,
3266 5204 3395 5259 Abel
3451 5205 3617 5275 frater

355 5308 472 5354 tuus
497 5299 580 5353 ‘3?
618 5297 808 5367 Neque
839 5314 968 5354 vero
1024 5316 1119 5370 per
1177 5299 1537 5371 ignorantiam
1579 5299 1992 5355 sciscitabatur.
2049 5295 2141 5356 Sie
2195 5297 2341 5352 enim
2389 5305 2578 5367 postea
2624 5297 2840 5350 loeutus
2893 5303 2977 5349 est
3020 5314 3033 5348 :
3085 5295 3406 5355 Maledictus
3457 5303 3513 5346 tu
3561 5295 3616 5348 in

355 5399 511 5459 terra,
543 5408 660 5463 qua:
683 5390 954 5447 dehiscens
991 5393 1297 5462 sanguinem
1337 5393 1524 5463 fratris
1553 5393 1628 5446 tui
1653 5392 1851 5460 excepit
1888 5407 1916 5446 e
1947 5406 2112 5445 manu
2136 5397 2249 5446 tua.
2298 5388 2431 5443 Ecce
2469 5393 2608 5444 enim
2659 5388 2876 5458 sanguis
2917 5387 3064 5442 illius
3086 5387 3286 5441 clamat
3336 5383 3404 5438 ad
3454 5384 3615 5440 nte".

416 5569 534 5642 ΣΕ.
574 5570 706 5642 δῴη.
789 5569 1032 5642 γ’νιῐοειι.
1075 5573 1319 5642 τινων
1375 5571 1404 5642 Α³
1445 5569 1578 5625 Luc.
1637 5587 1758 5636 vin,
1817 5570 1906 5642 45.

2039 5567 2197 5625 Joan.
2241 5584 2395 5642 XVIII,
2459 5565 2839 5642 inﬁtiatur.
2885 5565 3126 5642 xvi,__l_5_.
3183 5561 3496 5642 [μαλε.
3523 5557 3614 5620 52.

353 5641 377 5672 τ
417 5641 552 5702 ibid,
588 5625 702 5698 to."
780 5641 802 5674 ο
842 5625 943 5697 Isa.
984 5625 1210 5703 vim;
1269 5625 1325 5671 4
1364 5639 1521 5696 Joan.
1563 5659 1616 5700 v,
1660 5625 1757 5696 ιτ]
1833 5625 1899 5672 ίιο

2032 5656 2096 5695 .n.
2139 5658 2214 5706 χι,
2255 5639 2343 5694 54.
2382 5625 2394 5635 ’
2457 5639 2498 5668 ⁹¹
2543 5637 2673 5692 ibid.
2721 5637 2807 5706 II.
2923 5625 3335 5706 “ibid.__39_.__
3387 5625 3610 5706 ‘_‘_Lt_tc,

359 5725 472 5773 vui.
511 5697 599 5767 4'5.
678 5711 720 5745 ιι
758 5712 889 5769 ibid.
930 5713 1018 5768 ts.
1098 5697 1140 5744 ίε
1186 5710 1371 5765 Matth.
1415 5728 1523 5769 xvt.
1567 5697 1652 5768 ιδ.
1731 5714 1774 5744 ιε
1811 5710 1945 5766 Gen.
1990 5725 2072 5776 ιιι,
2113 5711 2166 5767 9.
2203 5697 2214 5706 '
2246 5711 2285 5742 ιτ
2329 5709 2458 5764 ibid.
2503 5709 2589 5800 ιι.
2668 5708 2710 5740 ιδ
2746 5705 2881 5762 Gen.
2917 5719 2988 5770 ιν,
3018 5703 3070 5758 9.
3153 5702 3195 5734 ιο
3226 5700 3358 5756 ibid.
3398 5699 3484 5765 tt,
3520 5697 3610 5760 to,
3649 5766 3652 5769 _
