  <div class='ocr_page' id='page_1' title='image "/cluster/home/n/w/nwhite01/storage/ocr_20150623/43/mdp.39015013284818/062.png"; bbox 0 0 4012 6210; ppageno 0'>
   <div class='ocr_carea' id='block_1_1' title="bbox 330 390 1916 454">
    <p class='ocr_par' dir='ltr' id='par_1_1' title="bbox 330 390 1916 450">
     <span class='ocr_line' id='line_1_1' title="bbox 330 390 1916 450; baseline 0.004 -7"><span class='ocrx_word' id='word_1_1' title='bbox 330 390 403 448; x_wconf 79' lang='lat'><strong><em>89</em></strong></span> <span class='ocrx_word' id='word_1_2' title='bbox 1753 392 1916 450; x_wconf 83' lang='lat' dir='ltr'><strong><em>ANC(</em></strong></span> 
     </span>
    </p>
   </div>
   <div class='ocr_carea' id='block_1_2' title="bbox 2021 390 3599 454">
    <p class='ocr_par' dir='ltr' id='par_1_2' title="bbox 2021 394 3599 454">
     <span class='ocr_line' id='line_1_2' title="bbox 2021 394 3599 454; baseline 0.003 -5"><span class='ocrx_word' id='word_1_3' title='bbox 2021 394 2195 452; x_wconf 66' lang='grc' dir='ltr'>ιΤυδ.</span> <span class='ocrx_word' id='word_1_4' title='bbox 3084 398 3085 401; x_wconf 58' lang='grc'><em>“</em></span> <span class='ocrx_word' id='word_1_5' title='bbox 3372 414 3377 439; x_wconf 74' lang='grc' dir='ltr'>ε</span> <span class='ocrx_word' id='word_1_6' title='bbox 3530 396 3599 454; x_wconf 78' lang='lat'><strong><em>90</em></strong></span> 
     </span>
    </p>
   </div>
   <div class='ocr_carea' id='block_1_3' title="bbox 333 503 1916 578">
    <p class='ocr_par' dir='ltr' id='par_1_3' title="bbox 333 503 1916 577">
     <span class='ocr_line' id='line_1_3' title="bbox 333 503 1916 577; baseline 0.003 -18"><span class='ocrx_word' id='word_1_7' title='bbox 333 505 444 577; x_wconf 67' lang='grc' dir='ltr'><strong><em>γὰρ</em></strong></span> <span class='ocrx_word' id='word_1_8' title='bbox 475 505 809 560; x_wconf 77' lang='grc' dir='ltr'>ἐκκενωοὲν</span> <span class='ocrx_word' id='word_1_9' title='bbox 842 505 1029 574; x_wconf 77' lang='grc' dir='ltr'>ὄνομά</span> <span class='ocrx_word' id='word_1_10' title='bbox 1070 519 1189 571; x_wconf 80' lang='grc' dir='ltr'>σοι,</span> <span class='ocrx_word' id='word_1_11' title='bbox 1233 503 1540 575; x_wconf 66' lang='grc' dir='ltr'>φησίνθοὺκ</span> <span class='ocrx_word' id='word_1_12' title='bbox 1582 503 1759 573; x_wconf 81' lang='grc' dir='ltr'>εἶπεν,</span> <span class='ocrx_word' id='word_1_13' title='bbox 1792 529 1808 561; x_wconf 81' lang='grc' dir='ltr'><strong><em>ι</em></strong></span> <span class='ocrx_word' id='word_1_14' title='bbox 1831 511 1916 563; x_wconf 77' lang='grc' dir='ltr'><strong><em>ἐκ-</em></strong></span> 
     </span>
    </p>
   </div>
   <div class='ocr_carea' id='block_1_4' title="bbox 2021 503 3604 578">
    <p class='ocr_par' dir='ltr' id='par_1_4' title="bbox 2027 506 3604 578">
     <span class='ocr_line' id='line_1_4' title="bbox 2027 506 3604 578; baseline -0.003 -11"><span class='ocrx_word' id='word_1_15' title='bbox 2027 512 2250 567; x_wconf 87' lang='lat' dir='ltr'><strong><em>coelitus</em></strong></span> <span class='ocrx_word' id='word_1_16' title='bbox 2282 508 2436 565; x_wconf 91' lang='lat' dir='ltr'><strong><em>illum</em></strong></span> <span class='ocrx_word' id='word_1_17' title='bbox 2484 510 2537 564; x_wconf 93' lang='lat' dir='ltr'><strong><em>in</em></strong></span> <span class='ocrx_word' id='word_1_18' title='bbox 2576 508 2827 565; x_wconf 81' lang='lat' dir='ltr'><strong><em>homines</em></strong></span> <span class='ocrx_word' id='word_1_19' title='bbox 2865 506 3097 563; x_wconf 68' lang='lat' dir='ltr'><strong><em>effusum</em></strong></span> <span class='ocrx_word' id='word_1_20' title='bbox 3153 516 3317 578; x_wconf 87' lang='lat' dir='ltr'><strong><em>atque</em></strong></span> <span class='ocrx_word' id='word_1_21' title='bbox 3355 508 3604 563; x_wconf 79' lang='lat' dir='ltr'><strong><em>exinani-</em></strong></span> 
     </span>
    </p>
   </div>
   <div class='ocr_carea' id='block_1_5' title="bbox 334 597 1914 670">
    <p class='ocr_par' dir='ltr' id='par_1_5' title="bbox 334 597 1914 670">
     <span class='ocr_line' id='line_1_5' title="bbox 334 597 1914 670; baseline 0.001 -19"><span class='ocrx_word' id='word_1_22' title='bbox 334 600 515 669; x_wconf 77' lang='grc' dir='ltr'>χυθὲν,</span> <span class='ocrx_word' id='word_1_23' title='bbox 542 617 561 651; x_wconf 70' lang='grc' dir='ltr'><strong><em>ι</em></strong></span> <span class='ocrx_word' id='word_1_24' title='bbox 595 597 709 651; x_wconf 85' lang='grc' dir='ltr'>ἀλλ’</span> <span class='ocrx_word' id='word_1_25' title='bbox 747 597 1103 664; x_wconf 79' lang='grc' dir='ltr'>ἐκκενωθὲν,</span> <span class='ocrx_word' id='word_1_26' title='bbox 1136 597 1231 651; x_wconf 86' lang='grc' dir='ltr'><strong><em>ἀπ’</em></strong></span> <span class='ocrx_word' id='word_1_27' title='bbox 1271 597 1505 668; x_wconf 72' lang='grc' dir='ltr'>οὐρανοῦ</span> <span class='ocrx_word' id='word_1_28' title='bbox 1547 600 1628 662; x_wconf 83' lang='grc' dir='ltr'><strong><em>είς</em></strong></span> <span class='ocrx_word' id='word_1_29' title='bbox 1655 599 1759 670; x_wconf 82' lang='grc' dir='ltr'>γῆν</span> <span class='ocrx_word' id='word_1_30' title='bbox 1782 617 1794 630; x_wconf 87' lang='grc'><strong>·</strong></span> <span class='ocrx_word' id='word_1_31' title='bbox 1827 600 1914 654; x_wconf 83' lang='grc' dir='ltr'><strong><em>ἴνα</em></strong></span> 
     </span>
    </p>
   </div>
   <div class='ocr_carea' id='block_1_6' title="bbox 331 690 1916 764">
    <p class='ocr_par' dir='ltr' id='par_1_6' title="bbox 331 690 1916 764">
     <span class='ocr_line' id='line_1_6' title="bbox 331 690 1916 764; baseline 0.002 -21"><span class='ocrx_word' id='word_1_32' title='bbox 331 691 442 743; x_wconf 77' lang='grc' dir='ltr'>ἀπὸ</span> <span class='ocrx_word' id='word_1_33' title='bbox 466 690 569 761; x_wconf 81' lang='grc' dir='ltr'>γῆς</span> <span class='ocrx_word' id='word_1_34' title='bbox 599 691 677 754; x_wconf 87' lang='grc' dir='ltr'><strong><em>είς</em></strong></span> <span class='ocrx_word' id='word_1_35' title='bbox 702 691 942 761; x_wconf 81' lang='grc' dir='ltr'><strong><em>Μαρίαν,</em></strong></span> <span class='ocrx_word' id='word_1_36' title='bbox 973 691 1068 743; x_wconf 79' lang='grc' dir='ltr'>καὶ</span> <span class='ocrx_word' id='word_1_37' title='bbox 1095 690 1203 744; x_wconf 74' lang='grc' dir='ltr'><strong><em>ἀπὸ</em></strong></span> <span class='ocrx_word' id='word_1_38' title='bbox 1223 690 1443 761; x_wconf 79' lang='grc' dir='ltr'>Μαρίας</span> <span class='ocrx_word' id='word_1_39' title='bbox 1464 692 1599 763; x_wconf 79' lang='grc' dir='ltr'>σὰρξ</span> <span class='ocrx_word' id='word_1_40' title='bbox 1626 693 1916 764; x_wconf 85' lang='grc' dir='ltr'>γενόμενος</span> 
     </span>
    </p>
   </div>
   <div class='ocr_carea' id='block_1_7' title="bbox 331 783 1916 858">
    <p class='ocr_par' dir='ltr' id='par_1_7' title="bbox 331 783 1916 858">
     <span class='ocr_line' id='line_1_7' title="bbox 331 783 1916 858; baseline 0.001 -21"><span class='ocrx_word' id='word_1_41' title='bbox 331 785 638 847; x_wconf 73' lang='grc' dir='ltr'>κυΐσκεται,</span> <span class='ocrx_word' id='word_1_42' title='bbox 674 785 754 847; x_wconf 84' lang='grc' dir='ltr'><strong><em>είς</em></strong></span> <span class='ocrx_word' id='word_1_43' title='bbox 784 783 1031 853; x_wconf 83' lang='grc' dir='ltr'>Βηθλεὲμ</span> <span class='ocrx_word' id='word_1_44' title='bbox 1077 785 1361 852; x_wconf 81' lang='grc' dir='ltr'>γεννᾶται,</span> <span class='ocrx_word' id='word_1_45' title='bbox 1403 785 1510 838; x_wconf 84' lang='grc' dir='ltr'>ἀπὸ</span> <span class='ocrx_word' id='word_1_46' title='bbox 1544 784 1791 858; x_wconf 83' lang='grc' dir='ltr'>Βηθλεὲμ</span> <span class='ocrx_word' id='word_1_47' title='bbox 1835 789 1916 851; x_wconf 89' lang='grc' dir='ltr'><strong><em>εἰς</em></strong></span> 
     </span>
    </p>
   </div>
   <div class='ocr_carea' id='block_1_8' title="bbox 331 872 1911 948">
    <p class='ocr_par' dir='ltr' id='par_1_8' title="bbox 331 872 1911 948">
     <span class='ocr_line' id='line_1_8' title="bbox 331 872 1911 948; baseline 0.002 -22"><span class='ocrx_word' id='word_1_48' title='bbox 331 872 587 945; x_wconf 79' lang='grc' dir='ltr'>Ναζαρὲτ</span> <span class='ocrx_word' id='word_1_49' title='bbox 619 874 956 945; x_wconf 75' lang='grc' dir='ltr'>μεταϐαίνει,</span> <span class='ocrx_word' id='word_1_50' title='bbox 987 875 1095 928; x_wconf 82' lang='grc' dir='ltr'>ἀπὸ</span> <span class='ocrx_word' id='word_1_51' title='bbox 1119 874 1376 947; x_wconf 79' lang='grc' dir='ltr'>Ναζαρὲτ</span> <span class='ocrx_word' id='word_1_52' title='bbox 1414 878 1492 938; x_wconf 82' lang='grc' dir='ltr'><strong><em>είς</em></strong></span> <span class='ocrx_word' id='word_1_53' title='bbox 1514 877 1911 948; x_wconf 79' lang='grc' dir='ltr'>Καπερναοὺμ,</span> 
     </span>
    </p>
   </div>
   <div class='ocr_carea' id='block_1_9' title="bbox 332 966 1915 1038">
    <p class='ocr_par' dir='ltr' id='par_1_9' title="bbox 332 966 1915 1038">
     <span class='ocr_line' id='line_1_9' title="bbox 332 966 1915 1038; baseline 0.001 -18"><span class='ocrx_word' id='word_1_54' title='bbox 332 967 439 1020; x_wconf 86' lang='grc' dir='ltr'>ἀπὸ</span> <span class='ocrx_word' id='word_1_55' title='bbox 466 966 848 1037; x_wconf 82' lang='grc' dir='ltr'>Καπερναοὺμ</span> <span class='ocrx_word' id='word_1_56' title='bbox 886 969 967 1030; x_wconf 83' lang='grc' dir='ltr'>εἰς</span> <span class='ocrx_word' id='word_1_57' title='bbox 1030 966 1386 1038; x_wconf 77' lang='grc' dir='ltr'>Ἰερουσαλὴμ</span> <span class='ocrx_word' id='word_1_58' title='bbox 1426 968 1521 1019; x_wconf 76' lang='grc' dir='ltr'>καὶ</span> <span class='ocrx_word' id='word_1_59' title='bbox 1553 966 1827 1021; x_wconf 83' lang='grc' dir='ltr'>θάλασσαν</span> <span class='ocrx_word' id='word_1_60' title='bbox 1856 970 1915 1021; x_wconf 85' lang='grc' dir='ltr'>ὲν</span> 
     </span>
    </p>
   </div>
   <div class='ocr_carea' id='block_1_10' title="bbox 330 1059 1911 1133">
    <p class='ocr_par' dir='ltr' id='par_1_10' title="bbox 330 1059 1911 1133">
     <span class='ocr_line' id='line_1_10' title="bbox 330 1059 1911 1133; baseline 0.001 -20"><span class='ocrx_word' id='word_1_61' title='bbox 330 1060 409 1130; x_wconf 80' lang='grc' dir='ltr'><strong><em>τῷ</em></strong></span> <span class='ocrx_word' id='word_1_62' title='bbox 455 1059 690 1130; x_wconf 77' lang='grc' dir='ltr'>βαδίζειν</span> <span class='ocrx_word' id='word_1_63' title='bbox 749 1060 909 1115; x_wconf 81' lang='grc' dir='ltr'>αὑτὸν</span> <span class='ocrx_word' id='word_1_64' title='bbox 944 1060 1039 1112; x_wconf 67' lang='grc' dir='ltr'>ἐπὶ</span> <span class='ocrx_word' id='word_1_65' title='bbox 1090 1060 1199 1113; x_wconf 89' lang='grc' dir='ltr'><strong><em>τῶν</em></strong></span> <span class='ocrx_word' id='word_1_66' title='bbox 1228 1060 1469 1126; x_wconf 80' lang='grc' dir='ltr'><strong><em>ὑδάτων,</em></strong></span> <span class='ocrx_word' id='word_1_67' title='bbox 1521 1060 1616 1114; x_wconf 74' lang='grc' dir='ltr'><strong><em>καὶ</em></strong></span> <span class='ocrx_word' id='word_1_68' title='bbox 1649 1061 1720 1115; x_wconf 77' lang='grc' dir='ltr'><strong><em>τὰ</em></strong></span> <span class='ocrx_word' id='word_1_69' title='bbox 1770 1061 1911 1133; x_wconf 83' lang='grc' dir='ltr'>μέρη</span> 
     </span>
    </p>
   </div>
   <div class='ocr_carea' id='block_1_11' title="bbox 330 1149 1910 1223">
    <p class='ocr_par' dir='ltr' id='par_1_11' title="bbox 330 1149 1910 1223">
     <span class='ocr_line' id='line_1_11' title="bbox 330 1149 1910 1223; baseline 0.001 -20"><span class='ocrx_word' id='word_1_70' title='bbox 330 1149 533 1220; x_wconf 80' lang='grc' dir='ltr'><strong><em>Τύρου,</em></strong></span> <span class='ocrx_word' id='word_1_71' title='bbox 557 1151 654 1203; x_wconf 74' lang='grc' dir='ltr'>καὶ</span> <span class='ocrx_word' id='word_1_72' title='bbox 682 1149 844 1214; x_wconf 70' lang='grc' dir='ltr'>Ναΐν,</span> <span class='ocrx_word' id='word_1_73' title='bbox 874 1152 970 1204; x_wconf 78' lang='grc' dir='ltr'>καὶ</span> <span class='ocrx_word' id='word_1_74' title='bbox 997 1150 1095 1221; x_wconf 80' lang='grc' dir='ltr'>τὴν</span> <span class='ocrx_word' id='word_1_75' title='bbox 1129 1150 1390 1204; x_wconf 80' lang='grc' dir='ltr'>Ἰουδαίαν</span> <span class='ocrx_word' id='word_1_76' title='bbox 1424 1152 1517 1205; x_wconf 77' lang='grc' dir='ltr'>καὶ</span> <span class='ocrx_word' id='word_1_77' title='bbox 1551 1151 1781 1223; x_wconf 81' lang='grc' dir='ltr'>’1εριχὼ,</span> <span class='ocrx_word' id='word_1_78' title='bbox 1817 1153 1910 1205; x_wconf 74' lang='grc' dir='ltr'><strong><em>καὶ</em></strong></span> 
     </span>
    </p>
   </div>
   <div class='ocr_carea' id='block_1_12' title="bbox 332 1242 1913 1314">
    <p class='ocr_par' dir='ltr' id='par_1_12' title="bbox 332 1242 1913 1314">
     <span class='ocr_line' id='line_1_12' title="bbox 332 1242 1913 1314; baseline 0.001 -19"><span class='ocrx_word' id='word_1_79' title='bbox 332 1244 412 1306; x_wconf 81' lang='grc' dir='ltr'><strong><em>είς</em></strong></span> <span class='ocrx_word' id='word_1_80' title='bbox 440 1244 706 1313; x_wconf 82' lang='grc' dir='ltr'><strong><em>Βηθφαγὴ</em></strong></span> <span class='ocrx_word' id='word_1_81' title='bbox 747 1243 840 1295; x_wconf 76' lang='grc' dir='ltr'>καὶ</span> <span class='ocrx_word' id='word_1_82' title='bbox 874 1242 1166 1312; x_wconf 82' lang='grc' dir='ltr'>Βηθανίαν,</span> <span class='ocrx_word' id='word_1_83' title='bbox 1212 1244 1293 1306; x_wconf 84' lang='grc' dir='ltr'><strong><em>είς</em></strong></span> <span class='ocrx_word' id='word_1_84' title='bbox 1334 1242 1689 1314; x_wconf 83' lang='grc' dir='ltr'>Ἰερουσαλήμ</span> <span class='ocrx_word' id='word_1_85' title='bbox 1728 1260 1788 1296; x_wconf 82' lang='grc' dir='ltr'><strong><em>τε</em></strong></span> <span class='ocrx_word' id='word_1_86' title='bbox 1816 1243 1913 1297; x_wconf 83' lang='grc' dir='ltr'>τὸν</span> 
     </span>
    </p>
   </div>
   <div class='ocr_carea' id='block_1_13' title="bbox 330 1333 1911 1408">
    <p class='ocr_par' dir='ltr' id='par_1_13' title="bbox 330 1333 1911 1408">
     <span class='ocr_line' id='line_1_13' title="bbox 330 1333 1911 1408; baseline 0 -18"><span class='ocrx_word' id='word_1_87' title='bbox 330 1335 476 1398; x_wconf 82' lang='grc' dir='ltr'>ναὸν,</span> <span class='ocrx_word' id='word_1_88' title='bbox 509 1335 605 1389; x_wconf 81' lang='grc' dir='ltr'>καὶ</span> <span class='ocrx_word' id='word_1_89' title='bbox 638 1335 698 1387; x_wconf 84' lang='grc' dir='ltr'>τὸ</span> <span class='ocrx_word' id='word_1_90' title='bbox 724 1334 849 1405; x_wconf 79' lang='grc' dir='ltr'>ὅρος</span> <span class='ocrx_word' id='word_1_91' title='bbox 877 1334 987 1387; x_wconf 91' lang='grc' dir='ltr'><strong><em>τῶν</em></strong></span> <span class='ocrx_word' id='word_1_92' title='bbox 1032 1333 1281 1400; x_wconf 82' lang='grc' dir='ltr'>Ἐλαιῶν,</span> <span class='ocrx_word' id='word_1_93' title='bbox 1308 1336 1403 1388; x_wconf 76' lang='grc' dir='ltr'>καὶ</span> <span class='ocrx_word' id='word_1_94' title='bbox 1440 1335 1787 1408; x_wconf 86' lang='grc' dir='ltr'>Γεθσημανῆ,</span> <span class='ocrx_word' id='word_1_95' title='bbox 1831 1338 1911 1401; x_wconf 80' lang='grc' dir='ltr'><strong><em>εἰς</em></strong></span> 
     </span>
    </p>
   </div>
   <div class='ocr_carea' id='block_1_14' title="bbox 330 1424 1909 1502">
    <p class='ocr_par' dir='ltr' id='par_1_14' title="bbox 330 1424 1909 1502">
     <span class='ocr_line' id='line_1_14' title="bbox 330 1424 1909 1502; baseline 0.001 -21"><span class='ocrx_word' id='word_1_96' title='bbox 330 1424 476 1481; x_wconf 73' lang='grc' dir='ltr'>οἷκον</span> <span class='ocrx_word' id='word_1_97' title='bbox 501 1427 746 1495; x_wconf 81' lang='grc' dir='ltr'>Καῖάφα,</span> <span class='ocrx_word' id='word_1_98' title='bbox 772 1429 852 1491; x_wconf 85' lang='grc' dir='ltr'><strong><em>εἰς</em></strong></span> <span class='ocrx_word' id='word_1_99' title='bbox 876 1426 936 1479; x_wconf 77' lang='grc' dir='ltr'>τὸ</span> <span class='ocrx_word' id='word_1_100' title='bbox 964 1426 1316 1499; x_wconf 82' lang='grc' dir='ltr'>πραιτώριον,</span> <span class='ocrx_word' id='word_1_101' title='bbox 1344 1428 1435 1481; x_wconf 76' lang='grc' dir='ltr'>καὶ</span> <span class='ocrx_word' id='word_1_102' title='bbox 1461 1429 1598 1501; x_wconf 85' lang='grc' dir='ltr'>πρὸς</span> <span class='ocrx_word' id='word_1_103' title='bbox 1629 1429 1909 1502; x_wconf 82' lang='grc' dir='ltr'>Ἡρώδην,</span> 
     </span>
    </p>
   </div>
   <div class='ocr_carea' id='block_1_15' title="bbox 330 1519 1907 1593">
    <p class='ocr_par' dir='ltr' id='par_1_15' title="bbox 330 1519 1907 1593">
     <span class='ocr_line' id='line_1_15' title="bbox 330 1519 1907 1593; baseline 0.001 -19"><span class='ocrx_word' id='word_1_104' title='bbox 330 1523 410 1584; x_wconf 77' lang='grc' dir='ltr'>εἰς</span> <span class='ocrx_word' id='word_1_105' title='bbox 442 1520 604 1573; x_wconf 84' lang='grc' dir='ltr'>τόπον</span> <span class='ocrx_word' id='word_1_106' title='bbox 630 1519 888 1588; x_wconf 80' lang='grc' dir='ltr'>Γολγοθᾶ,</span> <span class='ocrx_word' id='word_1_107' title='bbox 919 1520 999 1583; x_wconf 82' lang='grc' dir='ltr'><strong><em>είς</em></strong></span> <span class='ocrx_word' id='word_1_108' title='bbox 1030 1519 1090 1572; x_wconf 86' lang='grc' dir='ltr'>τὸ</span> <span class='ocrx_word' id='word_1_109' title='bbox 1130 1520 1339 1590; x_wconf 85' lang='grc' dir='ltr'>μνῆμα,</span> <span class='ocrx_word' id='word_1_110' title='bbox 1374 1522 1467 1575; x_wconf 73' lang='grc' dir='ltr'>καὶ</span> <span class='ocrx_word' id='word_1_111' title='bbox 1499 1521 1605 1584; x_wconf 77' lang='grc' dir='ltr'>ἓως</span> <span class='ocrx_word' id='word_1_112' title='bbox 1631 1519 1725 1574; x_wconf 79' lang='grc' dir='ltr'>τοῦ</span> <span class='ocrx_word' id='word_1_113' title='bbox 1757 1521 1907 1593; x_wconf 76' lang='grc' dir='ltr'>ᾅδου,</span> 
     </span>
    </p>
   </div>
   <div class='ocr_carea' id='block_1_16' title="bbox 330 1611 1912 1686">
    <p class='ocr_par' dir='ltr' id='par_1_16' title="bbox 330 1611 1912 1686">
     <span class='ocr_line' id='line_1_16' title="bbox 330 1611 1912 1686; baseline 0.001 -21"><span class='ocrx_word' id='word_1_114' title='bbox 330 1614 409 1675; x_wconf 85' lang='grc' dir='ltr'><strong><em>εἰς</em></strong></span> <span class='ocrx_word' id='word_1_115' title='bbox 432 1612 537 1682; x_wconf 83' lang='grc' dir='ltr'>γῆν</span> <span class='ocrx_word' id='word_1_116' title='bbox 566 1611 707 1683; x_wconf 79' lang='grc' dir='ltr'>μετὰ</span> <span class='ocrx_word' id='word_1_117' title='bbox 733 1612 833 1683; x_wconf 78' lang='grc' dir='ltr'>τὴν</span> <span class='ocrx_word' id='word_1_118' title='bbox 855 1612 1173 1675; x_wconf 82' lang='grc' dir='ltr'>ἀνάστασιν,</span> <span class='ocrx_word' id='word_1_119' title='bbox 1202 1612 1298 1665; x_wconf 79' lang='grc' dir='ltr'>καὶ</span> <span class='ocrx_word' id='word_1_120' title='bbox 1321 1613 1400 1675; x_wconf 84' lang='grc' dir='ltr'><strong><em>είς</em></strong></span> <span class='ocrx_word' id='word_1_121' title='bbox 1422 1611 1704 1683; x_wconf 79' lang='grc' dir='ltr'>οὐρανούς.</span> <span class='ocrx_word' id='word_1_122' title='bbox 1724 1614 1811 1669; x_wconf 62' lang='lat' dir='ltr'><strong><em>ML?</em></strong></span> <span class='ocrx_word' id='word_1_123' title='bbox 1821 1630 1912 1686; x_wconf 90' lang='grc' dir='ltr'><strong><em>ρον</em></strong></span> 
     </span>
    </p>
   </div>
   <div class='ocr_carea' id='block_1_17' title="bbox 330 1701 1912 1773">
    <p class='ocr_par' dir='ltr' id='par_1_17' title="bbox 330 1701 1912 1773">
     <span class='ocr_line' id='line_1_17' title="bbox 330 1701 1912 1773; baseline 0.003 -17"><span class='ocrx_word' id='word_1_124' title='bbox 330 1702 439 1773; x_wconf 78' lang='grc' dir='ltr'><strong><em>γὰρ</em></strong></span> <span class='ocrx_word' id='word_1_125' title='bbox 485 1702 785 1756; x_wconf 79' lang='grc' dir='ltr'>ὲκκενωθὲν</span> <span class='ocrx_word' id='word_1_126' title='bbox 837 1701 946 1755; x_wconf 81' lang='grc' dir='ltr'>ἀπὸ</span> <span class='ocrx_word' id='word_1_127' title='bbox 999 1701 1205 1771; x_wconf 83' lang='grc' dir='ltr'>ἀγγους</span> <span class='ocrx_word' id='word_1_128' title='bbox 1241 1702 1323 1767; x_wconf 80' lang='grc' dir='ltr'>εις</span> <span class='ocrx_word' id='word_1_129' title='bbox 1364 1702 1566 1772; x_wconf 82' lang='grc' dir='ltr'>ἄγγος,</span> <span class='ocrx_word' id='word_1_130' title='bbox 1614 1704 1793 1759; x_wconf 78' lang='grc' dir='ltr'>πάντα</span> <span class='ocrx_word' id='word_1_131' title='bbox 1842 1705 1912 1760; x_wconf 77' lang='grc' dir='ltr'><strong><em>τὰ</em></strong></span> 
     </span>
    </p>
   </div>
   <div class='ocr_carea' id='block_1_18' title="bbox 330 1796 1909 1869">
    <p class='ocr_par' dir='ltr' id='par_1_18' title="bbox 330 1796 1909 1869">
     <span class='ocr_line' id='line_1_18' title="bbox 330 1796 1909 1869; baseline 0.001 -18"><span class='ocrx_word' id='word_1_132' title='bbox 330 1796 475 1867; x_wconf 77' lang='grc' dir='ltr'>ἄγγη</span> <span class='ocrx_word' id='word_1_133' title='bbox 515 1796 751 1867; x_wconf 78' lang='grc' dir='ltr'>μυρίζει.</span> <span class='ocrx_word' id='word_1_134' title='bbox 786 1796 896 1849; x_wconf 70' lang='grc' dir='ltr'><strong><em>Καὶ</em></strong></span> <span class='ocrx_word' id='word_1_135' title='bbox 928 1796 1162 1868; x_wconf 81' lang='grc' dir='ltr'>Χριστοῦ</span> <span class='ocrx_word' id='word_1_136' title='bbox 1192 1797 1225 1867; x_wconf 79' lang='grc' dir='ltr'>ἡ</span> <span class='ocrx_word' id='word_1_137' title='bbox 1259 1797 1658 1868; x_wconf 76' lang='grc' dir='ltr'>παρουσίαάπ¹</span> <span class='ocrx_word' id='word_1_138' title='bbox 1679 1798 1909 1869; x_wconf 83' lang='grc' dir='ltr'>οὐρανοῦ</span> 
     </span>
    </p>
   </div>
   <div class='ocr_carea' id='block_1_19' title="bbox 2023 600 3598 672">
    <p class='ocr_par' dir='ltr' id='par_1_19' title="bbox 2023 600 3598 672">
     <span class='ocr_line' id='line_1_19' title="bbox 2023 600 3598 672; baseline -0.002 -13"><span class='ocrx_word' id='word_1_139' title='bbox 2023 614 2137 659; x_wconf 92' lang='lat' dir='ltr'><strong><em>tum</em></strong></span> <span class='ocrx_word' id='word_1_140' title='bbox 2174 602 2372 666; x_wconf 88' lang='lat' dir='ltr'><strong><em>fuisse,</em></strong></span> <span class='ocrx_word' id='word_1_141' title='bbox 2404 601 2509 656; x_wconf 91' lang='lat' dir='ltr'><strong><em>hoc</em></strong></span> <span class='ocrx_word' id='word_1_142' title='bbox 2532 609 2638 667; x_wconf 90' lang='lat' dir='ltr'><strong><em>est,</em></strong></span> <span class='ocrx_word' id='word_1_143' title='bbox 2690 601 2743 654; x_wconf 90' lang='lat' dir='ltr'><strong><em>in</em></strong></span> <span class='ocrx_word' id='word_1_144' title='bbox 2797 600 3087 671; x_wconf 81' lang='lat' dir='ltr'><strong><em>quamdam</em></strong></span> <span class='ocrx_word' id='word_1_145' title='bbox 3139 601 3321 655; x_wconf 73' lang='lat' dir='ltr'><strong><em>Marize</em></strong></span> <span class='ocrx_word' id='word_1_146' title='bbox 3372 601 3598 672; x_wconf 75' lang='lat' dir='ltr'><strong><em>virginis</em></strong></span> 
     </span>
    </p>
   </div>
   <div class='ocr_carea' id='block_1_20' title="bbox 2022 692 3600 764">
    <p class='ocr_par' dir='ltr' id='par_1_20' title="bbox 2022 692 3600 764">
     <span class='ocr_line' id='line_1_20' title="bbox 2022 692 3600 764; baseline -0.002 -14"><span class='ocrx_word' id='word_1_147' title='bbox 2022 695 2312 750; x_wconf 70' lang='lat' dir='ltr'><strong><em>ofﬁcinam.</em></strong></span> <span class='ocrx_word' id='word_1_148' title='bbox 2353 692 2685 764; x_wconf 82' lang='lat' dir='ltr'><strong><em>Unguentum</em></strong></span> <span class='ocrx_word' id='word_1_149' title='bbox 2720 694 2890 759; x_wconf 89' lang='lat' dir='ltr'><strong><em>enim,</em></strong></span> <span class='ocrx_word' id='word_1_150' title='bbox 2916 693 3114 763; x_wconf 78' lang='lat' dir='ltr'><strong><em>inquit,</em></strong></span> <span class='ocrx_word' id='word_1_151' title='bbox 3142 694 3469 747; x_wconf 75' lang='lat' dir='ltr'><strong><em>exinanitum</em></strong></span> <span class='ocrx_word' id='word_1_152' title='bbox 3511 710 3600 747; x_wconf 84' lang='lat' dir='ltr'><strong><em>no-</em></strong></span> 
     </span>
    </p>
   </div>
   <div class='ocr_carea' id='block_1_21' title="bbox 2023 782 3597 851">
    <p class='ocr_par' dir='ltr' id='par_1_21' title="bbox 2023 782 3597 851">
     <span class='ocr_line' id='line_1_21' title="bbox 2023 782 3597 851; baseline -0.003 -11"><span class='ocrx_word' id='word_1_153' title='bbox 2023 803 2140 840; x_wconf 86' lang='lat' dir='ltr'><strong><em>men</em></strong></span> <span class='ocrx_word' id='word_1_154' title='bbox 2178 796 2322 839; x_wconf 88' lang='lat' dir='ltr'><strong><em>tuum</em></strong></span> <span class='ocrx_word' id='word_1_155' title='bbox 2350 784 2392 840; x_wconf 80' lang='lat'><strong><em>&#39;.</em></strong></span> <span class='ocrx_word' id='word_1_156' title='bbox 2430 782 2547 837; x_wconf 87' lang='lat' dir='ltr'><strong><em>Non</em></strong></span> <span class='ocrx_word' id='word_1_157' title='bbox 2583 783 2721 838; x_wconf 80' lang='lat' dir='ltr'><strong><em>dixit</em></strong></span> <span class='ocrx_word' id='word_1_158' title='bbox 2753 802 2772 834; x_wconf 86' lang='grc'><em>‹</em></span> <span class='ocrx_word' id='word_1_159' title='bbox 2796 783 3080 845; x_wconf 65' lang='lat' dir='ltr'><strong><em>effusum,»</em></strong></span> <span class='ocrx_word' id='word_1_160' title='bbox 3123 783 3218 839; x_wconf 91' lang='lat' dir='ltr'><strong><em>sed</em></strong></span> <span class='ocrx_word' id='word_1_161' title='bbox 3247 786 3597 851; x_wconf 75' lang='lat' dir='ltr'><strong><em>exinanitum,</em></strong></span> 
     </span>
    </p>
   </div>
   <div class='ocr_carea' id='block_1_22' title="bbox 2022 876 3593 942">
    <p class='ocr_par' dir='ltr' id='par_1_22' title="bbox 2022 876 3593 942">
     <span class='ocr_line' id='line_1_22' title="bbox 2022 876 3593 942; baseline -0.006 -6"><span class='ocrx_word' id='word_1_162' title='bbox 2022 897 2052 936; x_wconf 92' lang='lat' dir='ltr'><strong><em>e</em></strong></span> <span class='ocrx_word' id='word_1_163' title='bbox 2077 879 2219 935; x_wconf 71' lang='lat' dir='ltr'><strong><em>caelo</em></strong></span> <span class='ocrx_word' id='word_1_164' title='bbox 2250 877 2508 933; x_wconf 77' lang='lat' dir='ltr'><strong><em>videlicet</em></strong></span> <span class='ocrx_word' id='word_1_165' title='bbox 2547 876 2601 931; x_wconf 92' lang='lat' dir='ltr'><strong><em>in</em></strong></span> <span class='ocrx_word' id='word_1_166' title='bbox 2632 883 2871 942; x_wconf 91' lang='lat' dir='ltr'><strong><em>terram;</em></strong></span> <span class='ocrx_word' id='word_1_167' title='bbox 2903 876 2995 931; x_wconf 90' lang='lat' dir='ltr'><strong><em>ubi</em></strong></span> <span class='ocrx_word' id='word_1_168' title='bbox 3023 884 3220 931; x_wconf 88' lang='lat' dir='ltr'><strong><em>eterra</em></strong></span> <span class='ocrx_word' id='word_1_169' title='bbox 3254 876 3306 929; x_wconf 95' lang='lat' dir='ltr'><strong><em>in</em></strong></span> <span class='ocrx_word' id='word_1_170' title='bbox 3343 876 3593 939; x_wconf 84' lang='lat' dir='ltr'><strong><em>Mariam,</em></strong></span> 
     </span>
    </p>
   </div>
   <div class='ocr_carea' id='block_1_23' title="bbox 2021 967 3599 1039">
    <p class='ocr_par' dir='ltr' id='par_1_23' title="bbox 2021 967 3599 1039">
     <span class='ocr_line' id='line_1_23' title="bbox 2021 967 3599 1039; baseline -0.006 -10"><span class='ocrx_word' id='word_1_171' title='bbox 2021 981 2075 1029; x_wconf 90' lang='lat' dir='ltr'><strong><em>et</em></strong></span> <span class='ocrx_word' id='word_1_172' title='bbox 2110 988 2173 1028; x_wconf 80' lang='lat' dir='ltr'><strong><em>ex</em></strong></span> <span class='ocrx_word' id='word_1_173' title='bbox 2235 970 2403 1025; x_wconf 80' lang='lat' dir='ltr'><strong><em>Maria</em></strong></span> <span class='ocrx_word' id='word_1_174' title='bbox 2448 983 2580 1025; x_wconf 87' lang='lat' dir='ltr'><strong><em>caro</em></strong></span> <span class='ocrx_word' id='word_1_175' title='bbox 2626 967 2829 1021; x_wconf 90' lang='lat' dir='ltr'><strong><em>factum</em></strong></span> <span class='ocrx_word' id='word_1_176' title='bbox 2871 969 2927 1021; x_wconf 90' lang='lat' dir='ltr'><strong><em>in</em></strong></span> <span class='ocrx_word' id='word_1_177' title='bbox 2963 976 3120 1023; x_wconf 82' lang='lat' dir='ltr'><strong><em>utero</em></strong></span> <span class='ocrx_word' id='word_1_178' title='bbox 3152 968 3411 1039; x_wconf 80' lang='lat' dir='ltr'><strong><em>gignitur,</em></strong></span> <span class='ocrx_word' id='word_1_179' title='bbox 3443 967 3599 1021; x_wconf 86' lang='lat' dir='ltr'><strong><em>Beth-</em></strong></span> 
     </span>
    </p>
   </div>
   <div class='ocr_carea' id='block_1_24' title="bbox 2020 1059 3595 1129">
    <p class='ocr_par' dir='ltr' id='par_1_24' title="bbox 2020 1059 3595 1129">
     <span class='ocr_line' id='line_1_24' title="bbox 2020 1059 3595 1129; baseline -0.004 -8"><span class='ocrx_word' id='word_1_180' title='bbox 2020 1064 2221 1121; x_wconf 90' lang='lat' dir='ltr'><strong><em>lehemi</em></strong></span> <span class='ocrx_word' id='word_1_181' title='bbox 2277 1063 2558 1127; x_wconf 87' lang='lat' dir='ltr'><strong><em>nascitur,</em></strong></span> <span class='ocrx_word' id='word_1_182' title='bbox 2607 1061 2734 1116; x_wconf 87' lang='lat' dir='ltr'><strong><em>inde</em></strong></span> <span class='ocrx_word' id='word_1_183' title='bbox 2789 1059 3117 1115; x_wconf 86' lang='lat' dir='ltr'><strong><em>Nazaretum</em></strong></span> <span class='ocrx_word' id='word_1_184' title='bbox 3171 1061 3595 1129; x_wconf 85' lang='lat' dir='ltr'><strong><em>transgreditur,</em></strong></span> 
     </span>
    </p>
   </div>
   <div class='ocr_carea' id='block_1_25' title="bbox 2018 1152 3596 1227">
    <p class='ocr_par' dir='ltr' id='par_1_25' title="bbox 2018 1152 3596 1227">
     <span class='ocr_line' id='line_1_25' title="bbox 2018 1152 3596 1227; baseline -0.004 -14"><span class='ocrx_word' id='word_1_185' title='bbox 2018 1157 2286 1214; x_wconf 87' lang='lat' dir='ltr'><strong><em>Nazareto</em></strong></span> <span class='ocrx_word' id='word_1_186' title='bbox 2316 1156 2724 1227; x_wconf 84' lang='lat' dir='ltr'><strong><em>Capharnaum,</em></strong></span> <span class='ocrx_word' id='word_1_187' title='bbox 2772 1154 2901 1209; x_wconf 90' lang='lat' dir='ltr'><strong><em>hinc</em></strong></span> <span class='ocrx_word' id='word_1_188' title='bbox 2944 1169 3109 1225; x_wconf 92' lang='lat' dir='ltr'><strong><em>porro</em></strong></span> <span class='ocrx_word' id='word_1_189' title='bbox 3140 1152 3596 1224; x_wconf 75' lang='lat' dir='ltr'><strong><em>Hierosolymam,</em></strong></span> 
     </span>
    </p>
   </div>
   <div class='ocr_carea' id='block_1_26' title="bbox 2017 1247 3599 1315">
    <p class='ocr_par' dir='ltr' id='par_1_26' title="bbox 2017 1247 3599 1315">
     <span class='ocr_line' id='line_1_26' title="bbox 2017 1247 3599 1315; baseline -0.007 -6"><span class='ocrx_word' id='word_1_190' title='bbox 2017 1261 2072 1309; x_wconf 93' lang='lat' dir='ltr'><strong><em>et</em></strong></span> <span class='ocrx_word' id='word_1_191' title='bbox 2100 1251 2165 1305; x_wconf 91' lang='lat' dir='ltr'><strong><em>ad</em></strong></span> <span class='ocrx_word' id='word_1_192' title='bbox 2196 1264 2347 1305; x_wconf 88' lang='lat' dir='ltr'><strong><em>mare</em></strong></span> <span class='ocrx_word' id='word_1_193' title='bbox 2374 1247 2732 1309; x_wconf 89' lang='lat' dir='ltr'><strong><em>transfertur,</em></strong></span> <span class='ocrx_word' id='word_1_194' title='bbox 2766 1254 2880 1301; x_wconf 93' lang='lat' dir='ltr'><strong><em>tum</em></strong></span> <span class='ocrx_word' id='word_1_195' title='bbox 2914 1262 3038 1301; x_wconf 89' lang='lat' dir='ltr'><strong><em>cum</em></strong></span> <span class='ocrx_word' id='word_1_196' title='bbox 3078 1261 3247 1315; x_wconf 84' lang='lat' dir='ltr'><strong>supra</strong></span> <span class='ocrx_word' id='word_1_197' title='bbox 3281 1261 3452 1315; x_wconf 84' lang='lat' dir='ltr'><strong>aquas</strong></span> <span class='ocrx_word' id='word_1_198' title='bbox 3483 1260 3599 1299; x_wconf 84' lang='lat' dir='ltr'><strong><em>am-</em></strong></span> 
     </span>
    </p>
   </div>
   <div class='ocr_carea' id='block_1_27' title="bbox 2018 1336 3596 1412">
    <p class='ocr_par' dir='ltr' id='par_1_27' title="bbox 2018 1336 3596 1412">
     <span class='ocr_line' id='line_1_27' title="bbox 2018 1336 3596 1412; baseline -0.006 -13"><span class='ocrx_word' id='word_1_199' title='bbox 2018 1344 2251 1410; x_wconf 83' lang='lat' dir='ltr'><strong><em>bulavit,</em></strong></span> <span class='ocrx_word' id='word_1_200' title='bbox 2279 1350 2333 1398; x_wconf 90' lang='lat' dir='ltr'><strong><em>et</em></strong></span> <span class='ocrx_word' id='word_1_201' title='bbox 2359 1341 2426 1397; x_wconf 88' lang='lat' dir='ltr'><strong><em>ad</em></strong></span> <span class='ocrx_word' id='word_1_202' title='bbox 2464 1347 2649 1412; x_wconf 91' lang='lat' dir='ltr'><strong><em>partes</em></strong></span> <span class='ocrx_word' id='word_1_203' title='bbox 2687 1338 2838 1412; x_wconf 87' lang='lat' dir='ltr'><strong><em>Tyri,</em></strong></span> <span class='ocrx_word' id='word_1_204' title='bbox 2878 1338 2943 1392; x_wconf 89' lang='lat' dir='ltr'><strong><em>ad</em></strong></span> <span class='ocrx_word' id='word_1_205' title='bbox 2976 1337 3137 1401; x_wconf 81' lang='lat' dir='ltr'><strong><em>Nain,</em></strong></span> <span class='ocrx_word' id='word_1_206' title='bbox 3172 1336 3415 1392; x_wconf 69' lang='lat' dir='ltr'><strong><em>Judzeam</em></strong></span> <span class='ocrx_word' id='word_1_207' title='bbox 3444 1336 3596 1401; x_wconf 90' lang='lat' dir='ltr'><strong><em>item,</em></strong></span> 
     </span>
    </p>
   </div>
   <div class='ocr_carea' id='block_1_28' title="bbox 2030 1427 3602 1503">
    <p class='ocr_par' dir='ltr' id='par_1_28' title="bbox 2030 1427 3602 1503">
     <span class='ocr_line' id='line_1_28' title="bbox 2030 1427 3602 1503; baseline -0.007 -11"><span class='ocrx_word' id='word_1_208' title='bbox 2030 1435 2432 1501; x_wconf 81' lang='lat' dir='ltr'><strong><em>Jerichuntem,</em></strong></span> <span class='ocrx_word' id='word_1_209' title='bbox 2486 1433 2862 1503; x_wconf 78' lang='lat' dir='ltr'><strong><em>Bethphagen,</em></strong></span> <span class='ocrx_word' id='word_1_210' title='bbox 2917 1430 3259 1494; x_wconf 83' lang='lat' dir='ltr'><strong><em>Bethaniam,</em></strong></span> <span class='ocrx_word' id='word_1_211' title='bbox 3305 1429 3372 1483; x_wconf 92' lang='lat' dir='ltr'><strong><em>ad</em></strong></span> <span class='ocrx_word' id='word_1_212' title='bbox 3416 1427 3602 1482; x_wconf 82' lang='lat' dir='ltr'><strong><em>Hiero-</em></strong></span> 
     </span>
    </p>
   </div>
   <div class='ocr_carea' id='block_1_29' title="bbox 2018 1521 3600 1599">
    <p class='ocr_par' dir='ltr' id='par_1_29' title="bbox 2018 1521 3600 1599">
     <span class='ocr_line' id='line_1_29' title="bbox 2018 1521 3600 1599; baseline -0.004 -17"><span class='ocrx_word' id='word_1_213' title='bbox 2018 1528 2409 1599; x_wconf 82' lang='lat' dir='ltr'><strong><em>solymitanum</em></strong></span> <span class='ocrx_word' id='word_1_214' title='bbox 2463 1524 2751 1595; x_wconf 91' lang='lat' dir='ltr'><strong><em>templum,</em></strong></span> <span class='ocrx_word' id='word_1_215' title='bbox 2803 1522 2869 1578; x_wconf 90' lang='lat' dir='ltr'><strong><em>ad</em></strong></span> <span class='ocrx_word' id='word_1_216' title='bbox 2918 1522 3197 1578; x_wconf 81' lang='lat' dir='ltr'><strong><em>Olivarum</em></strong></span> <span class='ocrx_word' id='word_1_217' title='bbox 3235 1531 3495 1587; x_wconf 86' lang='lat' dir='ltr'><strong><em>montem,</em></strong></span> <span class='ocrx_word' id='word_1_218' title='bbox 3542 1521 3600 1576; x_wconf 87' lang='lat' dir='ltr'><strong><em>in</em></strong></span> 
     </span>
    </p>
   </div>
   <div class='ocr_carea' id='block_1_30' title="bbox 2015 1614 3601 1686">
    <p class='ocr_par' dir='ltr' id='par_1_30' title="bbox 2015 1614 3601 1686">
     <span class='ocr_line' id='line_1_30' title="bbox 2015 1614 3601 1686; baseline -0.005 -11"><span class='ocrx_word' id='word_1_219' title='bbox 2015 1620 2203 1675; x_wconf 89' lang='lat' dir='ltr'><strong><em>villam</em></strong></span> <span class='ocrx_word' id='word_1_220' title='bbox 2242 1617 2618 1683; x_wconf 87' lang='lat' dir='ltr'><strong><em>Gethsemani,</em></strong></span> <span class='ocrx_word' id='word_1_221' title='bbox 2656 1616 2711 1670; x_wconf 91' lang='lat' dir='ltr'><strong><em>in</em></strong></span> <span class='ocrx_word' id='word_1_222' title='bbox 2743 1616 2965 1686; x_wconf 56' lang='lat' dir='ltr'><strong><em>Caiphae</em></strong></span> <span class='ocrx_word' id='word_1_223' title='bbox 3002 1616 3246 1679; x_wconf 87' lang='lat' dir='ltr'><strong><em>domum,</em></strong></span> <span class='ocrx_word' id='word_1_224' title='bbox 3292 1614 3359 1669; x_wconf 88' lang='lat' dir='ltr'><strong><em>ad</em></strong></span> <span class='ocrx_word' id='word_1_225' title='bbox 3403 1621 3601 1685; x_wconf 69' lang='lat' dir='ltr'><strong><em>praeto-</em></strong></span> 
     </span>
    </p>
   </div>
   <div class='ocr_carea' id='block_1_31' title="bbox 2014 1704 3631 1776">
    <p class='ocr_par' dir='ltr' id='par_1_31' title="bbox 2014 1704 3631 1776">
     <span class='ocr_line' id='line_1_31' title="bbox 2014 1704 3631 1776; baseline -0.005 -9"><span class='ocrx_word' id='word_1_226' title='bbox 2014 1712 2178 1775; x_wconf 89' lang='lat' dir='ltr'><strong><em>rium,</em></strong></span> <span class='ocrx_word' id='word_1_227' title='bbox 2206 1709 2272 1765; x_wconf 91' lang='lat' dir='ltr'><strong><em>ad</em></strong></span> <span class='ocrx_word' id='word_1_228' title='bbox 2304 1709 2594 1773; x_wconf 88' lang='lat' dir='ltr'><strong><em>llerodem,</em></strong></span> <span class='ocrx_word' id='word_1_229' title='bbox 2636 1708 2703 1763; x_wconf 90' lang='lat' dir='ltr'><strong><em>ad</em></strong></span> <span class='ocrx_word' id='word_1_230' title='bbox 2749 1707 3015 1762; x_wconf 67' lang='lat' dir='ltr'><strong><em>Calvarire</em></strong></span> <span class='ocrx_word' id='word_1_231' title='bbox 3061 1704 3265 1770; x_wconf 90' lang='lat' dir='ltr'><strong><em>locum,</em></strong></span> <span class='ocrx_word' id='word_1_232' title='bbox 3306 1706 3375 1760; x_wconf 91' lang='lat' dir='ltr'><strong><em>ad</em></strong></span> <span class='ocrx_word' id='word_1_233' title='bbox 3412 1705 3631 1776; x_wconf 79' lang='lat' dir='ltr'><strong><em>sepul—&#39;</em></strong></span> 
     </span>
    </p>
   </div>
   <div class='ocr_carea' id='block_1_32' title="bbox 2020 1795 3597 1869">
    <p class='ocr_par' dir='ltr' id='par_1_32' title="bbox 2020 1795 3597 1869">
     <span class='ocr_line' id='line_1_32' title="bbox 2020 1795 3597 1869; baseline -0.006 -12"><span class='ocrx_word' id='word_1_234' title='bbox 2020 1817 2198 1865; x_wconf 91' lang='lat' dir='ltr'><strong><em>crum,</em></strong></span> <span class='ocrx_word' id='word_1_235' title='bbox 2248 1800 2315 1855; x_wconf 92' lang='lat' dir='ltr'><strong><em>ad</em></strong></span> <span class='ocrx_word' id='word_1_236' title='bbox 2365 1796 2596 1864; x_wconf 89' lang='lat' dir='ltr'><strong><em>inferos,</em></strong></span> <span class='ocrx_word' id='word_1_237' title='bbox 2624 1806 2749 1869; x_wconf 90' lang='lat' dir='ltr'><strong><em>post</em></strong></span> <span class='ocrx_word' id='word_1_238' title='bbox 2775 1798 3239 1853; x_wconf 84' lang='lat' dir='ltr'><strong><em>resurrectionem</em></strong></span> <span class='ocrx_word' id='word_1_239' title='bbox 3272 1795 3338 1849; x_wconf 91' lang='lat' dir='ltr'><strong><em>ad</em></strong></span> <span class='ocrx_word' id='word_1_240' title='bbox 3372 1804 3597 1864; x_wconf 82' lang='lat' dir='ltr'><strong><em>terram,</em></strong></span> 
     </span>
    </p>
   </div>
   <div class='ocr_carea' id='block_1_33' title="bbox 329 1886 1916 1961">
    <p class='ocr_par' dir='ltr' id='par_1_33' title="bbox 329 1887 1913 1959">
     <span class='ocr_line' id='line_1_33' title="bbox 329 1887 1913 1959; baseline 0.002 -17"><span class='ocrx_word' id='word_1_241' title='bbox 329 1888 456 1959; x_wconf 80' lang='grc' dir='ltr'>ὅλην</span> <span class='ocrx_word' id='word_1_242' title='bbox 493 1889 593 1959; x_wconf 81' lang='grc' dir='ltr'>τὴν</span> <span class='ocrx_word' id='word_1_243' title='bbox 653 1888 755 1959; x_wconf 78' lang='grc' dir='ltr'>γῆν</span> <span class='ocrx_word' id='word_1_244' title='bbox 796 1887 1031 1959; x_wconf 86' lang='grc' dir='ltr'>ἡγίασε,</span> <span class='ocrx_word' id='word_1_245' title='bbox 1066 1890 1192 1953; x_wconf 74' lang='grc' dir='ltr'>τοὺς</span> <span class='ocrx_word' id='word_1_246' title='bbox 1226 1888 1388 1941; x_wconf 80' lang='grc' dir='ltr'>αὑτὸν</span> <span class='ocrx_word' id='word_1_247' title='bbox 1433 1888 1807 1959; x_wconf 74' lang='grc' dir='ltr'>λαμϐάνοντας</span> <span class='ocrx_word' id='word_1_248' title='bbox 1854 1891 1913 1945; x_wconf 79' lang='grc' dir='ltr'>ὲν</span> 
     </span>
    </p>
   </div>
   <div class='ocr_carea' id='block_1_34' title="bbox 2021 1886 3602 1961">
    <p class='ocr_par' dir='ltr' id='par_1_34' title="bbox 2021 1886 3602 1961">
     <span class='ocr_line' id='line_1_34' title="bbox 2021 1886 3602 1961; baseline -0.005 -13"><span class='ocrx_word' id='word_1_249' title='bbox 2021 1902 2066 1949; x_wconf 80' lang='lat' dir='ltr'><strong><em>et</em></strong></span> <span class='ocrx_word' id='word_1_250' title='bbox 2100 1894 2156 1947; x_wconf 91' lang='lat' dir='ltr'><strong><em>in</em></strong></span> <span class='ocrx_word' id='word_1_251' title='bbox 2188 1892 2389 1947; x_wconf 66' lang='lat' dir='ltr'><strong><em>caelum</em></strong></span> <span class='ocrx_word' id='word_1_252' title='bbox 2432 1890 2669 1961; x_wconf 83' lang='lat' dir='ltr'><strong><em>denique</em></strong></span> <span class='ocrx_word' id='word_1_253' title='bbox 2709 1896 3123 1959; x_wconf 83' lang='lat' dir='ltr'><strong><em>transportatus</em></strong></span> <span class='ocrx_word' id='word_1_254' title='bbox 3168 1894 3274 1943; x_wconf 90' lang='lat' dir='ltr'><strong><em>est.</em></strong></span> <span class='ocrx_word' id='word_1_255' title='bbox 3325 1886 3463 1941; x_wconf 79' lang='lat' dir='ltr'><strong><em>Nam</em></strong></span> <span class='ocrx_word' id='word_1_256' title='bbox 3496 1903 3602 1941; x_wconf 83' lang='lat' dir='ltr'><strong><em>un-</em></strong></span> 
     </span>
    </p>
   </div>
   <div class='ocr_carea' id='block_1_35' title="bbox 330 1978 1913 2053">
    <p class='ocr_par' dir='ltr' id='par_1_35' title="bbox 330 1978 1913 2053">
     <span class='ocr_line' id='line_1_35' title="bbox 330 1978 1913 2053; baseline 0.002 -20"><span class='ocrx_word' id='word_1_257' title='bbox 330 1979 590 2052; x_wconf 77' lang='grc' dir='ltr'>ἀληθείᾳ·</span> <span class='ocrx_word' id='word_1_258' title='bbox 624 1979 653 2033; x_wconf 83' lang='grc' dir='ltr'>ὃ</span> <span class='ocrx_word' id='word_1_259' title='bbox 680 1979 805 2051; x_wconf 73' lang='grc' dir='ltr'>ὅρος</span> <span class='ocrx_word' id='word_1_260' title='bbox 828 1981 843 2010; x_wconf 89' lang='grc'>¹</span> <span class='ocrx_word' id='word_1_261' title='bbox 876 1978 953 2033; x_wconf 85' lang='grc' dir='ltr'>ὣν</span> <span class='ocrx_word' id='word_1_262' title='bbox 982 2021 997 2045; x_wconf 93' lang='grc'><strong><em>,</em></strong></span> <span class='ocrx_word' id='word_1_263' title='bbox 1031 1980 1106 2045; x_wconf 84' lang='grc' dir='ltr'>ὡς</span> <span class='ocrx_word' id='word_1_264' title='bbox 1137 1982 1193 2033; x_wconf 75' lang='grc' dir='ltr'>ἐν</span> <span class='ocrx_word' id='word_1_265' title='bbox 1237 1979 1315 2051; x_wconf 78' lang='grc' dir='ltr'>τῷ</span> <span class='ocrx_word' id='word_1_266' title='bbox 1363 1980 1592 2052; x_wconf 79' lang='grc' dir='ltr'>Δανιὴλ,</span> <span class='ocrx_word' id='word_1_267' title='bbox 1637 1983 1732 2035; x_wconf 76' lang='grc' dir='ltr'>καὶ</span> <span class='ocrx_word' id='word_1_268' title='bbox 1771 1982 1913 2053; x_wconf 85' lang='grc' dir='ltr'>μέγα</span> 
     </span>
    </p>
   </div>
   <div class='ocr_carea' id='block_1_36' title="bbox 334 2070 1915 2147">
    <p class='ocr_par' dir='ltr' id='par_1_36' title="bbox 334 2070 1915 2147">
     <span class='ocr_line' id='line_1_36' title="bbox 334 2070 1915 2147; baseline 0 -21"><span class='ocrx_word' id='word_1_269' title='bbox 334 2072 464 2145; x_wconf 73' lang='grc' dir='ltr'>ὅρος</span> <span class='ocrx_word' id='word_1_270' title='bbox 485 2089 498 2102; x_wconf 87' lang='grc'><strong>·</strong></span> <span class='ocrx_word' id='word_1_271' title='bbox 524 2073 705 2139; x_wconf 85' lang='grc' dir='ltr'>Λίθος</span> <span class='ocrx_word' id='word_1_272' title='bbox 736 2072 1100 2141; x_wconf 79' lang='grc' dir='ltr'><strong><em>τεμνόμενος</em></strong></span> <span class='ocrx_word' id='word_1_273' title='bbox 1136 2071 1284 2126; x_wconf 79' lang='grc' dir='ltr'>ἄνευ</span> <span class='ocrx_word' id='word_1_274' title='bbox 1320 2070 1555 2140; x_wconf 81' lang='grc' dir='ltr'>χειρῶν,</span> <span class='ocrx_word' id='word_1_275' title='bbox 1584 2072 1714 2127; x_wconf 80' lang='grc' dir='ltr'>ἄνευ</span> <span class='ocrx_word' id='word_1_276' title='bbox 1747 2075 1915 2147; x_wconf 82' lang='grc' dir='ltr'>σπέρ-</span> 
     </span>
    </p>
   </div>
   <div class='ocr_carea' id='block_1_37' title="bbox 336 2159 1918 2236">
    <p class='ocr_par' dir='ltr' id='par_1_37' title="bbox 336 2159 1918 2236">
     <span class='ocr_line' id='line_1_37' title="bbox 336 2159 1918 2236; baseline 0.001 -19"><span class='ocrx_word' id='word_1_277' title='bbox 336 2181 506 2236; x_wconf 87' lang='grc' dir='ltr'>ματος</span> <span class='ocrx_word' id='word_1_278' title='bbox 529 2164 720 2236; x_wconf 80' lang='grc' dir='ltr'>ἀνδρὸς</span> <span class='ocrx_word' id='word_1_279' title='bbox 740 2163 1222 2234; x_wconf 85' lang='grc' dir='ltr'>ὑπαινιττόμενος·⁶</span> <span class='ocrx_word' id='word_1_280' title='bbox 1245 2163 1307 2217; x_wconf 82' lang='grc' dir='ltr'>τὸ</span> <span class='ocrx_word' id='word_1_281' title='bbox 1333 2162 1516 2234; x_wconf 78' lang='grc' dir='ltr'>μεῖζον</span> <span class='ocrx_word' id='word_1_282' title='bbox 1540 2159 1696 2228; x_wconf 79' lang='grc' dir='ltr'>αὖθις</span> <span class='ocrx_word' id='word_1_283' title='bbox 1721 2165 1918 2236; x_wconf 77' lang='grc' dir='ltr'>μικρὸν</span> 
     </span>
    </p>
   </div>
   <div class='ocr_carea' id='block_1_38' title="bbox 331 2255 1912 2328">
    <p class='ocr_par' dir='ltr' id='par_1_38' title="bbox 331 2255 1912 2328">
     <span class='ocr_line' id='line_1_38' title="bbox 331 2255 1912 2328; baseline -0.008 -8"><span class='ocrx_word' id='word_1_284' title='bbox 331 2255 719 2328; x_wconf 71' lang='grc' dir='ltr'>εὑρισκόμενον</span> <span class='ocrx_word' id='word_1_285' title='bbox 738 2271 753 2286; x_wconf 80' lang='grc'><strong>⁸</strong></span> <span class='ocrx_word' id='word_1_286' title='bbox 781 2256 950 2322; x_wconf 73' lang='grc' dir='ltr'>λίθος</span> <span class='ocrx_word' id='word_1_287' title='bbox 974 2255 1135 2309; x_wconf 86' lang='grc' dir='ltr'>πάλιν</span> <span class='ocrx_word' id='word_1_288' title='bbox 1156 2255 1559 2325; x_wconf 80' lang='grc' dir='ltr'>ἀναλαμϐάνων</span> <span class='ocrx_word' id='word_1_289' title='bbox 1585 2256 1645 2309; x_wconf 86' lang='grc' dir='ltr'>τὸ</span> <span class='ocrx_word' id='word_1_290' title='bbox 1664 2256 1912 2326; x_wconf 84' lang='grc' dir='ltr'>μέγεθος,</span> 
     </span>
    </p>
   </div>
   <div class='ocr_carea' id='block_1_39' title="bbox 331 2344 1915 2423">
    <p class='ocr_par' dir='ltr' id='par_1_39' title="bbox 331 2344 1915 2423">
     <span class='ocr_line' id='line_1_39' title="bbox 331 2344 1915 2423; baseline 0 -20"><span class='ocrx_word' id='word_1_291' title='bbox 331 2350 427 2403; x_wconf 72' lang='grc' dir='ltr'>καὶ</span> <span class='ocrx_word' id='word_1_292' title='bbox 458 2348 744 2420; x_wconf 84' lang='grc' dir='ltr'>γινόμενος</span> <span class='ocrx_word' id='word_1_293' title='bbox 769 2344 926 2413; x_wconf 77' lang='grc' dir='ltr'>αὖθις</span> <span class='ocrx_word' id='word_1_294' title='bbox 958 2348 1084 2421; x_wconf 75' lang='grc' dir='ltr'>ὄρος</span> <span class='ocrx_word' id='word_1_295' title='bbox 1115 2348 1258 2421; x_wconf 85' lang='grc' dir='ltr'>μέγα</span> <span class='ocrx_word' id='word_1_296' title='bbox 1279 2366 1294 2381; x_wconf 88' lang='grc'><strong>·</strong></span> <span class='ocrx_word' id='word_1_297' title='bbox 1327 2350 1423 2403; x_wconf 79' lang='grc' dir='ltr'>καὶ</span> <span class='ocrx_word' id='word_1_298' title='bbox 1448 2350 1529 2403; x_wconf 84' lang='grc' dir='ltr'>ὅτι</span> <span class='ocrx_word' id='word_1_299' title='bbox 1556 2350 1617 2403; x_wconf 84' lang='grc' dir='ltr'>τὸ</span> <span class='ocrx_word' id='word_1_300' title='bbox 1656 2350 1782 2423; x_wconf 79' lang='grc' dir='ltr'>ὅρος</span> <span class='ocrx_word' id='word_1_301' title='bbox 1815 2351 1915 2404; x_wconf 81' lang='grc' dir='ltr'><strong><em>οὐκ</em></strong></span> 
     </span>
    </p>
   </div>
   <div class='ocr_carea' id='block_1_40' title="bbox 332 2436 1912 2513">
    <p class='ocr_par' dir='ltr' id='par_1_40' title="bbox 332 2436 1912 2513">
     <span class='ocr_line' id='line_1_40' title="bbox 332 2436 1912 2513; baseline 0.003 -22"><span class='ocrx_word' id='word_1_302' title='bbox 332 2440 411 2491; x_wconf 70' lang='lat' dir='ltr'><strong><em>Iw.</em></strong></span> <span class='ocrx_word' id='word_1_303' title='bbox 469 2438 653 2509; x_wconf 86' lang='grc' dir='ltr'>τόπῳ,</span> <span class='ocrx_word' id='word_1_304' title='bbox 684 2436 821 2492; x_wconf 88' lang='grc' dir='ltr'><strong><em>ἀλλά</em></strong></span> <span class='ocrx_word' id='word_1_305' title='bbox 873 2438 1101 2509; x_wconf 85' lang='grc' dir='ltr'>πληρῶν</span> <span class='ocrx_word' id='word_1_306' title='bbox 1152 2438 1371 2493; x_wconf 76' lang='grc' dir='ltr'>ἃπασαν</span> <span class='ocrx_word' id='word_1_307' title='bbox 1414 2439 1512 2511; x_wconf 63' lang='grc' dir='ltr'>τὴν</span> <span class='ocrx_word' id='word_1_308' title='bbox 1564 2440 1912 2513; x_wconf 82' lang='grc' dir='ltr'>οἰκουμένην.</span> 
     </span>
    </p>
   </div>
   <div class='ocr_carea' id='block_1_41' title="bbox 332 2521 1915 2602">
    <p class='ocr_par' dir='ltr' id='par_1_41' title="bbox 332 2521 1915 2602">
     <span class='ocr_line' id='line_1_41' title="bbox 332 2521 1915 2602; baseline 0.002 -20"><span class='ocrx_word' id='word_1_309' title='bbox 332 2521 505 2592; x_wconf 74' lang='grc' dir='ltr'>Οὗτος</span> <span class='ocrx_word' id='word_1_310' title='bbox 535 2530 564 2583; x_wconf 87' lang='grc' dir='ltr'><strong>ὁ</strong></span> <span class='ocrx_word' id='word_1_311' title='bbox 613 2527 777 2598; x_wconf 82' lang='grc' dir='ltr'>σοφία</span> <span class='ocrx_word' id='word_1_312' title='bbox 813 2526 922 2593; x_wconf 84' lang='grc' dir='ltr'>ὢν,</span> <span class='ocrx_word' id='word_1_313' title='bbox 964 2529 1059 2583; x_wconf 69' lang='grc' dir='ltr'>καὶ</span> <span class='ocrx_word' id='word_1_314' title='bbox 1107 2529 1401 2601; x_wconf 84' lang='grc' dir='ltr'>γενόμενος</span> <span class='ocrx_word' id='word_1_315' title='bbox 1441 2530 1747 2602; x_wconf 75' lang='grc' dir='ltr'>ἄνθρωπος,</span> <span class='ocrx_word' id='word_1_316' title='bbox 1813 2532 1915 2585; x_wconf 75' lang='grc' dir='ltr'><strong><em>ἑπ-</em></strong></span> 
     </span>
    </p>
   </div>
   <div class='ocr_carea' id='block_1_42' title="bbox 332 2619 1916 2696">
    <p class='ocr_par' dir='ltr' id='par_1_42' title="bbox 332 2619 1916 2696">
     <span class='ocr_line' id='line_1_42' title="bbox 332 2619 1916 2696; baseline -0.001 -20"><span class='ocrx_word' id='word_1_317' title='bbox 332 2621 591 2676; x_wconf 73' lang='grc' dir='ltr'>εκτείνων</span> <span class='ocrx_word' id='word_1_318' title='bbox 608 2619 802 2676; x_wconf 75' lang='grc' dir='ltr'>ἑαυτοῦ</span> <span class='ocrx_word' id='word_1_319' title='bbox 832 2622 931 2693; x_wconf 82' lang='grc' dir='ltr'>τὴν</span> <span class='ocrx_word' id='word_1_320' title='bbox 950 2620 1179 2694; x_wconf 85' lang='grc' dir='ltr'>δύναμιν</span> <span class='ocrx_word' id='word_1_321' title='bbox 1197 2622 1274 2694; x_wconf 84' lang='grc' dir='ltr'>τῷ</span> <span class='ocrx_word' id='word_1_322' title='bbox 1303 2622 1515 2693; x_wconf 86' lang='grc' dir='ltr'>κόσμῳ,</span> <span class='ocrx_word' id='word_1_323' title='bbox 1539 2622 1627 2677; x_wconf 77' lang='grc' dir='ltr'>ἵνα</span> <span class='ocrx_word' id='word_1_324' title='bbox 1650 2622 1758 2695; x_wconf 85' lang='grc' dir='ltr'><strong><em>πλη</em></strong></span> <span class='ocrx_word' id='word_1_325' title='bbox 1766 2621 1916 2696; x_wconf 80' lang='grc' dir='ltr'>ρώσῃ</span> 
     </span>
    </p>
   </div>
   <div class='ocr_carea' id='block_1_43' title="bbox 332 2714 1917 2787">
    <p class='ocr_par' dir='ltr' id='par_1_43' title="bbox 332 2714 1917 2787">
     <span class='ocr_line' id='line_1_43' title="bbox 332 2714 1917 2787; baseline 0 -17"><span class='ocrx_word' id='word_1_326' title='bbox 332 2715 434 2787; x_wconf 79' lang='grc' dir='ltr'>τὴν</span> <span class='ocrx_word' id='word_1_327' title='bbox 482 2715 815 2786; x_wconf 70' lang='grc' dir='ltr'>οἰκουμένην</span> <span class='ocrx_word' id='word_1_328' title='bbox 860 2714 1119 2786; x_wconf 82' lang='grc' dir='ltr'>χάριτος,</span> <span class='ocrx_word' id='word_1_329' title='bbox 1171 2714 1545 2784; x_wconf 78' lang='grc' dir='ltr'>προέκοπτεν</span> <span class='ocrx_word' id='word_1_330' title='bbox 1575 2715 1784 2783; x_wconf 70' lang='grc' dir='ltr'>ἡλικίᾳ</span> <span class='ocrx_word' id='word_1_331' title='bbox 1816 2716 1917 2770; x_wconf 73' lang='grc' dir='ltr'><strong><em>καί</em></strong></span> 
     </span>
    </p>
   </div>
   <div class='ocr_carea' id='block_1_44' title="bbox 330 2803 1920 2877">
    <p class='ocr_par' dir='ltr' id='par_1_44' title="bbox 330 2803 1920 2877">
     <span class='ocr_line' id='line_1_44' title="bbox 330 2803 1920 2877; baseline -0.001 -17"><span class='ocrx_word' id='word_1_332' title='bbox 330 2806 537 2875; x_wconf 72' lang='grc' dir='ltr'>σοφίᾳ.</span> <span class='ocrx_word' id='word_1_333' title='bbox 575 2804 728 2858; x_wconf 77' lang='grc' dir='ltr'>Ἐπεὶ</span> <span class='ocrx_word' id='word_1_334' title='bbox 765 2803 926 2873; x_wconf 74' lang='grc' dir='ltr'>σοφία</span> <span class='ocrx_word' id='word_1_335' title='bbox 969 2803 1047 2857; x_wconf 84' lang='grc' dir='ltr'>ὢν</span> <span class='ocrx_word' id='word_1_336' title='bbox 1074 2803 1168 2859; x_wconf 80' lang='grc' dir='ltr'><strong><em>τοῦ</em></strong></span> <span class='ocrx_word' id='word_1_337' title='bbox 1225 2803 1459 2877; x_wconf 83' lang='grc' dir='ltr'>Πατρδς,</span> <span class='ocrx_word' id='word_1_338' title='bbox 1504 2806 1600 2859; x_wconf 74' lang='grc' dir='ltr'>καὶ</span> <span class='ocrx_word' id='word_1_339' title='bbox 1651 2805 1920 2860; x_wconf 81' lang='grc' dir='ltr'>διδάσκων</span> 
     </span>
    </p>
   </div>
   <div class='ocr_carea' id='block_1_45' title="bbox 330 2895 1919 2971">
    <p class='ocr_par' dir='ltr' id='par_1_45' title="bbox 330 2895 1919 2971">
     <span class='ocr_line' id='line_1_45' title="bbox 330 2895 1919 2971; baseline -0.001 -18"><span class='ocrx_word' id='word_1_340' title='bbox 330 2895 658 2971; x_wconf 76' lang='grc' dir='ltr'>ἀνθρώπους</span> <span class='ocrx_word' id='word_1_341' title='bbox 675 2896 879 2963; x_wconf 78' lang='grc' dir='ltr'>λαλεῖν,</span> <span class='ocrx_word' id='word_1_342' title='bbox 905 2896 1002 2951; x_wconf 71' lang='grc' dir='ltr'>καὶ</span> <span class='ocrx_word' id='word_1_343' title='bbox 1023 2896 1335 2971; x_wconf 85' lang='grc' dir='ltr'>ἀνθρώποις</span> <span class='ocrx_word' id='word_1_344' title='bbox 1364 2896 1713 2969; x_wconf 85' lang='grc' dir='ltr'>διαρθρώσας</span> <span class='ocrx_word' id='word_1_345' title='bbox 1738 2898 1919 2968; x_wconf 83' lang='grc' dir='ltr'>γλῶσ-</span> 
     </span>
    </p>
   </div>
   <div class='ocr_carea' id='block_1_46' title="bbox 332 2984 1921 3058">
    <p class='ocr_par' dir='ltr' id='par_1_46' title="bbox 332 2984 1921 3058">
     <span class='ocr_line' id='line_1_46' title="bbox 332 2984 1921 3058; baseline 0.001 -15"><span class='ocrx_word' id='word_1_346' title='bbox 332 3006 466 3054; x_wconf 89' lang='grc' dir='ltr'>σαν,</span> <span class='ocrx_word' id='word_1_347' title='bbox 497 2990 595 3042; x_wconf 88' lang='grc' dir='ltr'><strong><em>καί</em></strong></span> <span class='ocrx_word' id='word_1_348' title='bbox 634 2987 909 3058; x_wconf 80' lang='grc' dir='ltr'>φυτεύσας</span> <span class='ocrx_word' id='word_1_349' title='bbox 957 2988 1019 3042; x_wconf 80' lang='grc' dir='ltr'>τὸ</span> <span class='ocrx_word' id='word_1_350' title='bbox 1062 2984 1155 3053; x_wconf 76' lang='grc' dir='ltr'>οὖς</span> <span class='ocrx_word' id='word_1_351' title='bbox 1207 2990 1318 3053; x_wconf 82' lang='grc' dir='ltr'>τοῖς</span> <span class='ocrx_word' id='word_1_352' title='bbox 1351 2988 1645 3055; x_wconf 79' lang='grc' dir='ltr'>ἀκούουσι,</span> <span class='ocrx_word' id='word_1_353' title='bbox 1674 2988 1794 3053; x_wconf 88' lang='grc' dir='ltr'><strong><em>πῶς</em></strong></span> <span class='ocrx_word' id='word_1_354' title='bbox 1817 2989 1921 3044; x_wconf 80' lang='grc' dir='ltr'>οὐκ</span> 
     </span>
    </p>
   </div>
   <div class='ocr_carea' id='block_1_47' title="bbox 329 3081 1921 3156">
    <p class='ocr_par' dir='ltr' id='par_1_47' title="bbox 329 3081 1921 3156">
     <span class='ocr_line' id='line_1_47' title="bbox 329 3081 1921 3156; baseline -0.001 -19"><span class='ocrx_word' id='word_1_355' title='bbox 329 3081 448 3156; x_wconf 69' lang='grc' dir='ltr'>ᾔδει</span> <span class='ocrx_word' id='word_1_356' title='bbox 482 3082 665 3136; x_wconf 84' lang='grc' dir='ltr'>καλεῖν</span> <span class='ocrx_word' id='word_1_357' title='bbox 698 3081 911 3154; x_wconf 80' lang='grc' dir='ltr'>πατέρα</span> <span class='ocrx_word' id='word_1_358' title='bbox 948 3081 981 3152; x_wconf 79' lang='grc' dir='ltr'><strong>ἢ</strong></span> <span class='ocrx_word' id='word_1_359' title='bbox 1017 3081 1257 3154; x_wconf 83' lang='grc' dir='ltr'>μητέρα;</span> <span class='ocrx_word' id='word_1_360' title='bbox 1294 3081 1405 3154; x_wconf 81' lang='grc'><strong><em>(58)</em></strong></span> <span class='ocrx_word' id='word_1_361' title='bbox 1439 3082 1671 3153; x_wconf 76' lang='grc' dir='ltr'>λήψεται</span> <span class='ocrx_word' id='word_1_362' title='bbox 1692 3082 1921 3153; x_wconf 85' lang='grc' dir='ltr'>δύναμιν</span> 
     </span>
    </p>
   </div>
   <div class='ocr_carea' id='block_1_48' title="bbox 331 3170 1916 3244">
    <p class='ocr_par' dir='ltr' id='par_1_48' title="bbox 331 3170 1916 3244">
     <span class='ocr_line' id='line_1_48' title="bbox 331 3170 1916 3244; baseline 0.001 -18"><span class='ocrx_word' id='word_1_363' title='bbox 331 3172 623 3243; x_wconf 81' lang='grc' dir='ltr'>Δαμασκοῦ</span> <span class='ocrx_word' id='word_1_364' title='bbox 646 3211 660 3235; x_wconf 90' lang='grc'><strong><em>,</em></strong></span> <span class='ocrx_word' id='word_1_365' title='bbox 702 3172 797 3225; x_wconf 75' lang='grc' dir='ltr'>καὶ</span> <span class='ocrx_word' id='word_1_366' title='bbox 840 3170 913 3225; x_wconf 88' lang='grc' dir='ltr'><strong><em>τὰ</em></strong></span> <span class='ocrx_word' id='word_1_367' title='bbox 950 3170 1121 3224; x_wconf 87' lang='grc' dir='ltr'>σκύλα</span> <span class='ocrx_word' id='word_1_368' title='bbox 1151 3172 1495 3243; x_wconf 84' lang='grc' dir='ltr'>Σαμαρείας,</span> <span class='ocrx_word' id='word_1_369' title='bbox 1520 3173 1614 3226; x_wconf 81' lang='grc' dir='ltr'>καὶ</span> <span class='ocrx_word' id='word_1_370' title='bbox 1658 3172 1726 3227; x_wconf 86' lang='grc' dir='ltr'><strong><em>τά</em></strong></span> <span class='ocrx_word' id='word_1_371' title='bbox 1770 3173 1916 3244; x_wconf 77' lang='grc' dir='ltr'><strong><em>ἑξῆς.</em></strong></span> 
     </span>
    </p>
   </div>
   <div class='ocr_carea' id='block_1_49' title="bbox 2014 1977 3602 2057">
    <p class='ocr_par' dir='ltr' id='par_1_49' title="bbox 2014 1977 3602 2057">
     <span class='ocr_line' id='line_1_49' title="bbox 2014 1977 3602 2057; baseline -0.006 -18"><span class='ocrx_word' id='word_1_372' title='bbox 2014 1990 2279 2057; x_wconf 81' lang='lat' dir='ltr'><strong><em>guentum</em></strong></span> <span class='ocrx_word' id='word_1_373' title='bbox 2334 1984 2399 2037; x_wconf 89' lang='lat' dir='ltr'><strong><em>de</em></strong></span> <span class='ocrx_word' id='word_1_374' title='bbox 2420 1998 2531 2037; x_wconf 92' lang='lat' dir='ltr'><strong><em>uno</em></strong></span> <span class='ocrx_word' id='word_1_375' title='bbox 2575 1996 2707 2036; x_wconf 91' lang='lat' dir='ltr'><strong><em>vase</em></strong></span> <span class='ocrx_word' id='word_1_376' title='bbox 2732 1980 2788 2036; x_wconf 91' lang='lat' dir='ltr'><strong><em>in</em></strong></span> <span class='ocrx_word' id='word_1_377' title='bbox 2839 1979 2989 2034; x_wconf 84' lang='lat' dir='ltr'><strong><em>aliud</em></strong></span> <span class='ocrx_word' id='word_1_378' title='bbox 3041 1977 3410 2042; x_wconf 79' lang='lat' dir='ltr'><strong><em>exinanitum,</em></strong></span> <span class='ocrx_word' id='word_1_379' title='bbox 3472 1991 3602 2032; x_wconf 85' lang='lat' dir='ltr'><strong><em>vasa</em></strong></span> 
     </span>
    </p>
   </div>
   <div class='ocr_carea' id='block_1_50' title="bbox 2020 2068 3603 2144">
    <p class='ocr_par' dir='ltr' id='par_1_50' title="bbox 2020 2068 3603 2144">
     <span class='ocr_line' id='line_1_50' title="bbox 2020 2068 3603 2144; baseline -0.006 -14"><span class='ocrx_word' id='word_1_380' title='bbox 2020 2074 2208 2130; x_wconf 89' lang='lat' dir='ltr'><strong><em>omnia</em></strong></span> <span class='ocrx_word' id='word_1_381' title='bbox 2243 2072 2331 2129; x_wconf 91' lang='lat' dir='ltr'><strong><em>sui</em></strong></span> <span class='ocrx_word' id='word_1_382' title='bbox 2374 2072 2677 2144; x_wconf 77' lang='lat' dir='ltr'><strong><em>fragrantia</em></strong></span> <span class='ocrx_word' id='word_1_383' title='bbox 2708 2070 3020 2143; x_wconf 83' lang='lat' dir='ltr'><strong><em>perfundit;</em></strong></span> <span class='ocrx_word' id='word_1_384' title='bbox 3057 2070 3131 2123; x_wconf 90' lang='lat' dir='ltr'><strong><em>ita</em></strong></span> <span class='ocrx_word' id='word_1_385' title='bbox 3163 2068 3369 2125; x_wconf 79' lang='lat' dir='ltr'><strong><em>Christi</em></strong></span> <span class='ocrx_word' id='word_1_386' title='bbox 3400 2084 3431 2124; x_wconf 92' lang='lat' dir='ltr'><strong><em>e</em></strong></span> <span class='ocrx_word' id='word_1_387' title='bbox 3460 2068 3603 2123; x_wconf 69' lang='lat' dir='ltr'><strong><em>cmlo</em></strong></span> 
     </span>
    </p>
   </div>
   <div class='ocr_carea' id='block_1_51' title="bbox 2015 2160 3605 2234">
    <p class='ocr_par' dir='ltr' id='par_1_51' title="bbox 2015 2160 3605 2234">
     <span class='ocr_line' id='line_1_51' title="bbox 2015 2160 3605 2234; baseline -0.004 -13"><span class='ocrx_word' id='word_1_388' title='bbox 2015 2164 2296 2234; x_wconf 88' lang='lat' dir='ltr'><strong><em>delapsus.</em></strong></span> <span class='ocrx_word' id='word_1_389' title='bbox 2328 2170 2532 2217; x_wconf 89' lang='lat' dir='ltr'><strong><em>terram</em></strong></span> <span class='ocrx_word' id='word_1_390' title='bbox 2559 2176 2778 2216; x_wconf 91' lang='lat' dir='ltr'><strong><em>omnem</em></strong></span> <span class='ocrx_word' id='word_1_391' title='bbox 2803 2160 3039 2231; x_wconf 89' lang='lat' dir='ltr'><strong><em>quadam</em></strong></span> <span class='ocrx_word' id='word_1_392' title='bbox 3076 2160 3372 2216; x_wconf 84' lang='lat' dir='ltr'><strong><em>sanctitate</em></strong></span> <span class='ocrx_word' id='word_1_393' title='bbox 3406 2173 3605 2214; x_wconf 85' lang='lat' dir='ltr'><strong><em>conse-</em></strong></span> 
     </span>
    </p>
   </div>
   <div class='ocr_carea' id='block_1_52' title="bbox 2015 2252 3603 2326">
    <p class='ocr_par' dir='ltr' id='par_1_52' title="bbox 2015 2252 3603 2326">
     <span class='ocr_line' id='line_1_52' title="bbox 2015 2252 3603 2326; baseline -0.006 -11"><span class='ocrx_word' id='word_1_394' title='bbox 2015 2258 2213 2320; x_wconf 79' lang='lat' dir='ltr'><strong><em>cravit,</em></strong></span> <span class='ocrx_word' id='word_1_395' title='bbox 2246 2257 2350 2312; x_wconf 89' lang='lat' dir='ltr'><strong><em>hoc</em></strong></span> <span class='ocrx_word' id='word_1_396' title='bbox 2373 2264 2478 2323; x_wconf 87' lang='lat' dir='ltr'><strong><em>est,</em></strong></span> <span class='ocrx_word' id='word_1_397' title='bbox 2521 2270 2618 2311; x_wconf 88' lang='lat' dir='ltr'><strong><em>eos</em></strong></span> <span class='ocrx_word' id='word_1_398' title='bbox 2647 2254 2740 2326; x_wconf 89' lang='lat' dir='ltr'><strong><em>qui</em></strong></span> <span class='ocrx_word' id='word_1_399' title='bbox 2772 2254 2989 2309; x_wconf 86' lang='lat' dir='ltr'><strong><em>sincere</em></strong></span> <span class='ocrx_word' id='word_1_400' title='bbox 3020 2260 3076 2309; x_wconf 92' lang='lat' dir='ltr'><strong><em>et</em></strong></span> <span class='ocrx_word' id='word_1_401' title='bbox 3109 2268 3177 2308; x_wconf 81' lang='lat' dir='ltr'><strong><em>ex</em></strong></span> <span class='ocrx_word' id='word_1_402' title='bbox 3208 2253 3391 2307; x_wconf 91' lang='lat' dir='ltr'><strong><em>animo</em></strong></span> <span class='ocrx_word' id='word_1_403' title='bbox 3418 2252 3603 2323; x_wconf 91' lang='lat' dir='ltr'><strong><em>ipsum</em></strong></span> 
     </span>
    </p>
   </div>
   <div class='ocr_carea' id='block_1_53' title="bbox 2013 2342 3602 2421">
    <p class='ocr_par' dir='ltr' id='par_1_53' title="bbox 2013 2342 3602 2421">
     <span class='ocr_line' id='line_1_53' title="bbox 2013 2342 3602 2421; baseline -0.006 -15"><span class='ocrx_word' id='word_1_404' title='bbox 2013 2351 2353 2421; x_wconf 80' lang='lat' dir='ltr'><strong><em>exciperent.</em></strong></span> <span class='ocrx_word' id='word_1_405' title='bbox 2407 2346 2506 2402; x_wconf 86' lang='lat' dir='ltr'><strong><em>llic</em></strong></span> <span class='ocrx_word' id='word_1_406' title='bbox 2555 2357 2641 2403; x_wconf 93' lang='lat' dir='ltr'><strong><em>est</em></strong></span> <span class='ocrx_word' id='word_1_407' title='bbox 2688 2345 2780 2401; x_wconf 92' lang='lat' dir='ltr'><strong><em>ille</em></strong></span> <span class='ocrx_word' id='word_1_408' title='bbox 2801 2360 2985 2409; x_wconf 88' lang='lat' dir='ltr'><strong><em>mons,</em></strong></span> <span class='ocrx_word' id='word_1_409' title='bbox 3019 2342 3318 2414; x_wconf 83' lang='lat' dir='ltr'><strong><em>etquidem</em></strong></span> <span class='ocrx_word' id='word_1_410' title='bbox 3347 2356 3602 2412; x_wconf 76' lang='lat' dir='ltr'><strong><em>magnus.</em></strong></span> 
     </span>
    </p>
   </div>
   <div class='ocr_carea' id='block_1_54' title="bbox 2016 2433 3602 2511">
    <p class='ocr_par' dir='ltr' id='par_1_54' title="bbox 2016 2433 3602 2511">
     <span class='ocr_line' id='line_1_54' title="bbox 2016 2433 3602 2511; baseline -0.007 -14"><span class='ocrx_word' id='word_1_411' title='bbox 2016 2441 2176 2511; x_wconf 88' lang='lat' dir='ltr'><strong><em>cujus</em></strong></span> <span class='ocrx_word' id='word_1_412' title='bbox 2200 2440 2390 2496; x_wconf 83' lang='lat' dir='ltr'><strong><em>Daniel</em></strong></span> <span class='ocrx_word' id='word_1_413' title='bbox 2421 2439 2671 2495; x_wconf 90' lang='lat' dir='ltr'><strong><em>meminit</em></strong></span> <span class='ocrx_word' id='word_1_414' title='bbox 2697 2456 2710 2492; x_wconf 89' lang='lat'><strong>:</strong></span> <span class='ocrx_word' id='word_1_415' title='bbox 2736 2436 2903 2507; x_wconf 83' lang='lat' dir='ltr'><strong><em>Lapis</em></strong></span> <span class='ocrx_word' id='word_1_416' title='bbox 2929 2438 3044 2492; x_wconf 88' lang='lat' dir='ltr'><strong><em>sine</em></strong></span> <span class='ocrx_word' id='word_1_417' title='bbox 3064 2434 3306 2490; x_wconf 82' lang='lat' dir='ltr'><strong><em>manibus</em></strong></span> <span class='ocrx_word' id='word_1_418' title='bbox 3331 2434 3540 2489; x_wconf 72' lang='lat' dir='ltr'><strong><em>excisus</em></strong></span> <span class='ocrx_word' id='word_1_419' title='bbox 3559 2433 3602 2497; x_wconf 85' lang='grc'>³,</span> 
     </span>
    </p>
   </div>
   <div class='ocr_carea' id='block_1_55' title="bbox 2016 2523 3607 2604">
    <p class='ocr_par' dir='ltr' id='par_1_55' title="bbox 2016 2523 3607 2604">
     <span class='ocr_line' id='line_1_55' title="bbox 2016 2523 3607 2604; baseline -0.006 -18"><span class='ocrx_word' id='word_1_420' title='bbox 2016 2530 2129 2604; x_wconf 61' lang='grc' dir='ltr'>ω</span> <span class='ocrx_word' id='word_1_421' title='bbox 2159 2531 2265 2586; x_wconf 91' lang='lat' dir='ltr'><strong><em>hoc</em></strong></span> <span class='ocrx_word' id='word_1_422' title='bbox 2290 2538 2397 2595; x_wconf 89' lang='lat' dir='ltr'><strong><em>est,</em></strong></span> <span class='ocrx_word' id='word_1_423' title='bbox 2426 2530 2548 2586; x_wconf 85' lang='lat' dir='ltr'><strong><em>sine</em></strong></span> <span class='ocrx_word' id='word_1_424' title='bbox 2574 2529 2723 2584; x_wconf 78' lang='lat' dir='ltr'><strong><em>virili</em></strong></span> <span class='ocrx_word' id='word_1_425' title='bbox 2753 2537 2877 2583; x_wconf 84' lang='lat' dir='ltr'><strong><em>satu</em></strong></span> <span class='ocrx_word' id='word_1_426' title='bbox 2911 2527 3154 2601; x_wconf 75' lang='lat' dir='ltr'><strong><em>genitus.</em></strong></span> <span class='ocrx_word' id='word_1_427' title='bbox 3184 2523 3289 2591; x_wconf 85' lang='lat' dir='ltr'><strong><em>Qui</em></strong></span> <span class='ocrx_word' id='word_1_428' title='bbox 3324 2538 3449 2579; x_wconf 91' lang='lat' dir='ltr'><strong><em>cum</em></strong></span> <span class='ocrx_word' id='word_1_429' title='bbox 3480 2537 3607 2594; x_wconf 90' lang='lat' dir='ltr'><strong><em>par-</em></strong></span> 
     </span>
    </p>
   </div>
   <div class='ocr_carea' id='block_1_56' title="bbox 2018 2615 3607 2694">
    <p class='ocr_par' dir='ltr' id='par_1_56' title="bbox 2018 2615 3607 2694">
     <span class='ocr_line' id='line_1_56' title="bbox 2018 2615 3607 2694; baseline -0.004 -19"><span class='ocrx_word' id='word_1_430' title='bbox 2018 2638 2119 2680; x_wconf 78' lang='lat' dir='ltr'><strong><em>vus</em></strong></span> <span class='ocrx_word' id='word_1_431' title='bbox 2157 2631 2326 2691; x_wconf 84' lang='lat' dir='ltr'><strong><em>esset,</em></strong></span> <span class='ocrx_word' id='word_1_432' title='bbox 2359 2622 2537 2694; x_wconf 85' lang='lat' dir='ltr'><strong><em>major</em></strong></span> <span class='ocrx_word' id='word_1_433' title='bbox 2576 2628 2661 2678; x_wconf 86' lang='lat' dir='ltr'><strong><em>est</em></strong></span> <span class='ocrx_word' id='word_1_434' title='bbox 2708 2628 2896 2692; x_wconf 90' lang='lat' dir='ltr'><strong><em>postea</em></strong></span> <span class='ocrx_word' id='word_1_435' title='bbox 2940 2628 3224 2690; x_wconf 90' lang='lat' dir='ltr'><strong><em>repertus;</em></strong></span> <span class='ocrx_word' id='word_1_436' title='bbox 3281 2616 3421 2685; x_wconf 80' lang='lat' dir='ltr'><strong><em>lapis</em></strong></span> <span class='ocrx_word' id='word_1_437' title='bbox 3446 2656 3463 2680; x_wconf 91' lang='lat'><strong><em>,</em></strong></span> <span class='ocrx_word' id='word_1_438' title='bbox 3518 2615 3607 2669; x_wconf 88' lang='lat' dir='ltr'><strong><em>in-</em></strong></span> 
     </span>
    </p>
   </div>
   <div class='ocr_carea' id='block_1_57' title="bbox 2018 2710 3609 2789">
    <p class='ocr_par' dir='ltr' id='par_1_57' title="bbox 2018 2710 3609 2789">
     <span class='ocr_line' id='line_1_57' title="bbox 2018 2710 3609 2789; baseline -0.006 -16"><span class='ocrx_word' id='word_1_439' title='bbox 2018 2726 2208 2789; x_wconf 91' lang='lat' dir='ltr'><strong><em>quam,</em></strong></span> <span class='ocrx_word' id='word_1_440' title='bbox 2263 2716 2359 2788; x_wconf 90' lang='lat' dir='ltr'><strong><em>qui</em></strong></span> <span class='ocrx_word' id='word_1_441' title='bbox 2406 2715 2476 2771; x_wconf 92' lang='lat' dir='ltr'><strong><em>ad</em></strong></span> <span class='ocrx_word' id='word_1_442' title='bbox 2523 2712 2957 2787; x_wconf 75' lang='lat' dir='ltr'><strong><em>magnitudinem</em></strong></span> <span class='ocrx_word' id='word_1_443' title='bbox 3014 2718 3204 2784; x_wconf 86' lang='lat' dir='ltr'><strong><em>postea</em></strong></span> <span class='ocrx_word' id='word_1_444' title='bbox 3249 2710 3518 2783; x_wconf 84' lang='lat' dir='ltr'><strong><em>pervenit,</em></strong></span> <span class='ocrx_word' id='word_1_445' title='bbox 3552 2716 3609 2764; x_wconf 80' lang='lat' dir='ltr'><strong><em>et</em></strong></span> 
     </span>
    </p>
   </div>
   <div class='ocr_carea' id='block_1_58' title="bbox 2019 2798 3608 2878">
    <p class='ocr_par' dir='ltr' id='par_1_58' title="bbox 2019 2798 3608 2878">
     <span class='ocr_line' id='line_1_58' title="bbox 2019 2798 3608 2878; baseline -0.005 -10"><span class='ocrx_word' id='word_1_446' title='bbox 2019 2811 2075 2868; x_wconf 91' lang='lat' dir='ltr'><strong><em>in</em></strong></span> <span class='ocrx_word' id='word_1_447' title='bbox 2105 2818 2345 2867; x_wconf 90' lang='lat' dir='ltr'><strong><em>montem</em></strong></span> <span class='ocrx_word' id='word_1_448' title='bbox 2374 2798 2627 2866; x_wconf 73' lang='lat' dir='ltr'><strong><em>’arduum</em></strong></span> <span class='ocrx_word' id='word_1_449' title='bbox 2676 2807 2955 2865; x_wconf 88' lang='lat' dir='ltr'><strong><em>succrevit</em></strong></span> <span class='ocrx_word' id='word_1_450' title='bbox 2981 2851 2996 2875; x_wconf 91' lang='lat'><strong><em>,</em></strong></span> <span class='ocrx_word' id='word_1_451' title='bbox 3045 2806 3139 2878; x_wconf 91' lang='lat' dir='ltr'><strong><em>qui</em></strong></span> <span class='ocrx_word' id='word_1_452' title='bbox 3174 2804 3397 2877; x_wconf 90' lang='lat' dir='ltr'><strong><em>quidem</em></strong></span> <span class='ocrx_word' id='word_1_453' title='bbox 3446 2819 3608 2860; x_wconf 87' lang='lat' dir='ltr'><strong><em>mons</em></strong></span> 
     </span>
    </p>
   </div>
   <div class='ocr_carea' id='block_1_59' title="bbox 2019 2897 3608 2971">
    <p class='ocr_par' dir='ltr' id='par_1_59' title="bbox 2019 2897 3608 2971">
     <span class='ocr_line' id='line_1_59' title="bbox 2019 2897 3608 2971; baseline -0.006 -11"><span class='ocrx_word' id='word_1_454' title='bbox 2019 2920 2131 2960; x_wconf 90' lang='lat' dir='ltr'><strong><em>non</em></strong></span> <span class='ocrx_word' id='word_1_455' title='bbox 2164 2911 2316 2958; x_wconf 90' lang='lat' dir='ltr'><strong><em>certo</em></strong></span> <span class='ocrx_word' id='word_1_456' title='bbox 2362 2902 2483 2957; x_wconf 90' lang='lat' dir='ltr'><strong><em>loco</em></strong></span> <span class='ocrx_word' id='word_1_457' title='bbox 2518 2899 2978 2971; x_wconf 84' lang='lat' dir='ltr'><strong><em>circumscriptus</em></strong></span> <span class='ocrx_word' id='word_1_458' title='bbox 3016 2906 3123 2965; x_wconf 91' lang='lat' dir='ltr'><strong><em>est,</em></strong></span> <span class='ocrx_word' id='word_1_459' title='bbox 3157 2898 3251 2954; x_wconf 91' lang='lat' dir='ltr'><strong><em>sed</em></strong></span> <span class='ocrx_word' id='word_1_460' title='bbox 3284 2897 3608 2953; x_wconf 83' lang='lat' dir='ltr'><strong><em>universum</em></strong></span> 
     </span>
    </p>
   </div>
   <div class='ocr_carea' id='block_1_60' title="bbox 2022 2984 3595 3063">
    <p class='ocr_par' dir='ltr' id='par_1_60' title="bbox 2022 2984 3595 3063">
     <span class='ocr_line' id='line_1_60' title="bbox 2022 2984 3595 3063; baseline -0.006 -15"><span class='ocrx_word' id='word_1_461' title='bbox 2022 3000 2293 3048; x_wconf 90' lang='lat' dir='ltr'><strong><em>terrarum</em></strong></span> <span class='ocrx_word' id='word_1_462' title='bbox 2339 2993 2525 3049; x_wconf 90' lang='lat' dir='ltr'><strong><em>orbem</em></strong></span> <span class='ocrx_word' id='word_1_463' title='bbox 2574 2991 2938 3063; x_wconf 90' lang='lat' dir='ltr'><strong><em>amplitudine</em></strong></span> <span class='ocrx_word' id='word_1_464' title='bbox 2991 3005 3089 3046; x_wconf 88' lang='lat' dir='ltr'><strong><em>sua</em></strong></span> <span class='ocrx_word' id='word_1_465' title='bbox 3124 2988 3439 3058; x_wconf 84' lang='lat' dir='ltr'><strong><em>complevit.</em></strong></span> <span class='ocrx_word' id='word_1_466' title='bbox 3496 2984 3595 3039; x_wconf 88' lang='lat' dir='ltr'><strong><em>llle</em></strong></span> 
     </span>
    </p>
   </div>
   <div class='ocr_carea' id='block_1_61' title="bbox 2021 3082 3612 3157">
    <p class='ocr_par' dir='ltr' id='par_1_61' title="bbox 2021 3082 3612 3157">
     <span class='ocr_line' id='line_1_61' title="bbox 2021 3082 3612 3157; baseline -0.004 -16"><span class='ocrx_word' id='word_1_467' title='bbox 2021 3099 2147 3141; x_wconf 88' lang='lat' dir='ltr'><strong><em>cum</em></strong></span> <span class='ocrx_word' id='word_1_468' title='bbox 2189 3084 2461 3157; x_wconf 88' lang='lat' dir='ltr'><strong><em>sapientia</em></strong></span> <span class='ocrx_word' id='word_1_469' title='bbox 2513 3084 2607 3150; x_wconf 88' lang='lat' dir='ltr'><strong><em>sit,</em></strong></span> <span class='ocrx_word' id='word_1_470' title='bbox 2658 3084 2825 3139; x_wconf 88' lang='lat' dir='ltr'><strong><em>homo</em></strong></span> <span class='ocrx_word' id='word_1_471' title='bbox 2857 3082 3037 3139; x_wconf 90' lang='lat' dir='ltr'><strong><em>factus</em></strong></span> <span class='ocrx_word' id='word_1_472' title='bbox 3076 3082 3186 3137; x_wconf 90' lang='lat' dir='ltr'><strong><em>vim</em></strong></span> <span class='ocrx_word' id='word_1_473' title='bbox 3229 3095 3385 3135; x_wconf 90' lang='lat' dir='ltr'><strong><em>suam</em></strong></span> <span class='ocrx_word' id='word_1_474' title='bbox 3423 3092 3487 3133; x_wconf 91' lang='lat' dir='ltr'><strong><em>ac</em></strong></span> <span class='ocrx_word' id='word_1_475' title='bbox 3518 3093 3612 3149; x_wconf 91' lang='lat' dir='ltr'><strong><em>po-</em></strong></span> 
     </span>
    </p>
   </div>
   <div class='ocr_carea' id='block_1_62' title="bbox 2022 3176 3608 3249">
    <p class='ocr_par' dir='ltr' id='par_1_62' title="bbox 2022 3176 3608 3249">
     <span class='ocr_line' id='line_1_62' title="bbox 2022 3176 3608 3249; baseline -0.003 -16"><span class='ocrx_word' id='word_1_476' title='bbox 2022 3178 2251 3235; x_wconf 89' lang='lat' dir='ltr'><strong><em>tentiam</em></strong></span> <span class='ocrx_word' id='word_1_477' title='bbox 2300 3187 2415 3234; x_wconf 90' lang='lat' dir='ltr'><strong><em>toto</em></strong></span> <span class='ocrx_word' id='word_1_478' title='bbox 2456 3178 2646 3235; x_wconf 84' lang='lat' dir='ltr'><strong><em>mundi</em></strong></span> <span class='ocrx_word' id='word_1_479' title='bbox 2678 3179 2888 3235; x_wconf 88' lang='lat' dir='ltr'><strong><em>ambitu</em></strong></span> <span class='ocrx_word' id='word_1_480' title='bbox 2925 3176 3287 3249; x_wconf 80' lang='lat' dir='ltr'><strong><em>propagavit;</em></strong></span> <span class='ocrx_word' id='word_1_481' title='bbox 3327 3186 3385 3231; x_wconf 94' lang='lat' dir='ltr'><strong><em>ut</em></strong></span> <span class='ocrx_word' id='word_1_482' title='bbox 3415 3176 3608 3231; x_wconf 87' lang='lat' dir='ltr'><strong><em>orbem</em></strong></span> 
     </span>
    </p>
   </div>
   <div class='ocr_carea' id='block_1_63' title="bbox 342 3230 1916 3342">
    <p class='ocr_par' dir='ltr' id='par_1_63' title="bbox 342 3230 1916 3333">
     <span class='ocr_line' id='line_1_63' title="bbox 342 3230 1916 3333; baseline 0.001 -17"><span class='ocrx_word' id='word_1_483' title='bbox 342 3230 483 3316; x_wconf 79' lang='grc' dir='ltr'>Ἀλλ’</span> <span class='ocrx_word' id='word_1_484' title='bbox 515 3230 706 3333; x_wconf 75' lang='grc' dir='ltr'>ἐπειδὴ</span> <span class='ocrx_word' id='word_1_485' title='bbox 739 3260 1023 3332; x_wconf 74' lang='grc' dir='ltr'>γεννηθεις</span> <span class='ocrx_word' id='word_1_486' title='bbox 1052 3261 1160 3315; x_wconf 85' lang='grc' dir='ltr'><strong><em>ἀπδ</em></strong></span> <span class='ocrx_word' id='word_1_487' title='bbox 1187 3230 1417 3327; x_wconf 73' lang='grc' dir='ltr'>κοιλίας,</span> <span class='ocrx_word' id='word_1_488' title='bbox 1446 3230 1613 3327; x_wconf 51' lang='lat' dir='ltr'><strong><em>esse;</em></strong></span> <span class='ocrx_word' id='word_1_489' title='bbox 1640 3230 1916 3329; x_wconf 60' lang='grc' dir='ltr'>λαλῶνζῖι</span> 
     </span>
    </p>
   </div>
   <div class='ocr_carea' id='block_1_64' title="bbox 2021 3230 3607 3342">
    <p class='ocr_par' dir='ltr' id='par_1_64' title="bbox 2025 3265 3607 3342">
     <span class='ocr_line' id='line_1_64' title="bbox 2025 3265 3607 3342; baseline -0.004 -18"><span class='ocrx_word' id='word_1_490' title='bbox 2025 3278 2297 3326; x_wconf 88' lang='lat' dir='ltr'><strong><em>terrarum</em></strong></span> <span class='ocrx_word' id='word_1_491' title='bbox 2334 3270 2511 3342; x_wconf 78' lang='lat' dir='ltr'><strong><em>gratia</em></strong></span> <span class='ocrx_word' id='word_1_492' title='bbox 2553 3285 2655 3325; x_wconf 88' lang='lat' dir='ltr'><strong><em>sua</em></strong></span> <span class='ocrx_word' id='word_1_493' title='bbox 2694 3268 3016 3340; x_wconf 85' lang='lat' dir='ltr'><strong><em>compleret,</em></strong></span> <span class='ocrx_word' id='word_1_494' title='bbox 3049 3277 3205 3322; x_wconf 75' lang='lat' dir='ltr'><strong><em>aztate</em></strong></span> <span class='ocrx_word' id='word_1_495' title='bbox 3261 3284 3323 3320; x_wconf 87' lang='lat' dir='ltr'><strong><em>ac</em></strong></span> <span class='ocrx_word' id='word_1_496' title='bbox 3344 3265 3607 3335; x_wconf 83' lang='lat' dir='ltr'><strong><em>sapientia</em></strong></span> 
     </span>
    </p>
   </div>
   <div class='ocr_carea' id='block_1_65' title="bbox 331 3351 1914 3427">
    <p class='ocr_par' dir='ltr' id='par_1_65' title="bbox 331 3351 1914 3427">
     <span class='ocr_line' id='line_1_65' title="bbox 331 3351 1914 3427; baseline -0.003 -13"><span class='ocrx_word' id='word_1_497' title='bbox 331 3354 631 3420; x_wconf 76' lang='grc' dir='ltr'>ἐδείκνυτο,</span> <span class='ocrx_word' id='word_1_498' title='bbox 661 3354 757 3409; x_wconf 72' lang='grc' dir='ltr'>καὶ</span> <span class='ocrx_word' id='word_1_499' title='bbox 785 3354 1043 3427; x_wconf 82' lang='grc' dir='ltr'>καθαρῶς</span> <span class='ocrx_word' id='word_1_500' title='bbox 1082 3351 1170 3409; x_wconf 76' lang='grc' dir='ltr'>οἷα</span> <span class='ocrx_word' id='word_1_501' title='bbox 1200 3354 1264 3426; x_wconf 86' lang='grc' dir='ltr'>δὴ</span> <span class='ocrx_word' id='word_1_502' title='bbox 1304 3354 1565 3427; x_wconf 86' lang='grc' dir='ltr'>ἀρτίπαις</span> <span class='ocrx_word' id='word_1_503' title='bbox 1598 3356 1914 3426; x_wconf 80' lang='grc' dir='ltr'>ἐφθέγγετο,</span> 
     </span>
    </p>
   </div>
   <div class='ocr_carea' id='block_1_66' title="bbox 2022 3352 3610 3432">
    <p class='ocr_par' dir='ltr' id='par_1_66' title="bbox 2022 3352 3610 3432">
     <span class='ocr_line' id='line_1_66' title="bbox 2022 3352 3610 3432; baseline -0.004 -19"><span class='ocrx_word' id='word_1_504' title='bbox 2022 3377 2331 3432; x_wconf 82' lang='lat' dir='ltr'><strong><em>progressus</em></strong></span> <span class='ocrx_word' id='word_1_505' title='bbox 2379 3371 2456 3415; x_wconf 88' lang='lat' dir='ltr'><strong><em>est</em></strong></span> <span class='ocrx_word' id='word_1_506' title='bbox 2485 3400 2498 3413; x_wconf 95' lang='lat'><strong><em>.</em></strong></span> <span class='ocrx_word' id='word_1_507' title='bbox 2539 3359 2644 3427; x_wconf 85' lang='lat' dir='ltr'><strong><em>Qui</em></strong></span> <span class='ocrx_word' id='word_1_508' title='bbox 2690 3358 2837 3414; x_wconf 90' lang='lat' dir='ltr'><strong><em>enim</em></strong></span> <span class='ocrx_word' id='word_1_509' title='bbox 2884 3358 3087 3427; x_wconf 86' lang='lat' dir='ltr'><strong><em>alioqui</em></strong></span> <span class='ocrx_word' id='word_1_510' title='bbox 3115 3356 3396 3420; x_wconf 81' lang='lat' dir='ltr'><strong><em>convenit,</em></strong></span> <span class='ocrx_word' id='word_1_511' title='bbox 3428 3362 3488 3409; x_wconf 93' lang='lat' dir='ltr'><strong><em>ut</em></strong></span> <span class='ocrx_word' id='word_1_512' title='bbox 3516 3352 3610 3424; x_wconf 86' lang='lat' dir='ltr'><strong><em>qui</em></strong></span> 
     </span>
    </p>
   </div>
   <div class='ocr_carea' id='block_1_67' title="bbox 331 3447 1916 3525">
    <p class='ocr_par' dir='ltr' id='par_1_67' title="bbox 331 3449 1916 3524">
     <span class='ocr_line' id='line_1_67' title="bbox 331 3449 1916 3524; baseline 0.001 -20"><span class='ocrx_word' id='word_1_513' title='bbox 331 3449 603 3524; x_wconf 75' lang='grc' dir='ltr'>φαντασία</span> <span class='ocrx_word' id='word_1_514' title='bbox 636 3450 702 3503; x_wconf 84' lang='grc' dir='ltr'>ἂν</span> <span class='ocrx_word' id='word_1_515' title='bbox 753 3449 1051 3522; x_wconf 79' lang='grc' dir='ltr'>ἐνομίσθη,</span> <span class='ocrx_word' id='word_1_516' title='bbox 1090 3450 1183 3503; x_wconf 78' lang='grc' dir='ltr'>καὶ</span> <span class='ocrx_word' id='word_1_517' title='bbox 1222 3450 1323 3502; x_wconf 81' lang='grc' dir='ltr'>οὐκ</span> <span class='ocrx_word' id='word_1_518' title='bbox 1370 3449 1597 3523; x_wconf 85' lang='grc' dir='ltr'>ἀληθὴς,</span> <span class='ocrx_word' id='word_1_519' title='bbox 1638 3451 1671 3524; x_wconf 79' lang='grc' dir='ltr'><strong>ἥ</strong></span> <span class='ocrx_word' id='word_1_520' title='bbox 1718 3451 1916 3523; x_wconf 82' lang='grc' dir='ltr'>μᾶλλον</span> 
     </span>
    </p>
   </div>
   <div class='ocr_carea' id='block_1_68' title="bbox 2021 3447 3614 3525">
    <p class='ocr_par' dir='ltr' id='par_1_68' title="bbox 2026 3447 3614 3525">
     <span class='ocr_line' id='line_1_68' title="bbox 2026 3447 3614 3525; baseline -0.006 -16"><span class='ocrx_word' id='word_1_521' title='bbox 2026 3453 2208 3510; x_wconf 89' lang='lat' dir='ltr'><strong><em>Patris</em></strong></span> <span class='ocrx_word' id='word_1_522' title='bbox 2257 3453 2525 3525; x_wconf 89' lang='lat' dir='ltr'><strong><em>sapientia</em></strong></span> <span class='ocrx_word' id='word_1_523' title='bbox 2577 3454 2672 3518; x_wconf 83' lang='lat' dir='ltr'><strong><em>sit,</em></strong></span> <span class='ocrx_word' id='word_1_524' title='bbox 2720 3459 2776 3506; x_wconf 92' lang='lat' dir='ltr'><strong><em>et</em></strong></span> <span class='ocrx_word' id='word_1_525' title='bbox 2815 3450 3164 3506; x_wconf 86' lang='lat' dir='ltr'><strong><em>articulatam</em></strong></span> <span class='ocrx_word' id='word_1_526' title='bbox 3206 3449 3485 3503; x_wconf 86' lang='lat' dir='ltr'><strong><em>hominum</em></strong></span> <span class='ocrx_word' id='word_1_527' title='bbox 3517 3447 3614 3501; x_wconf 85' lang='lat' dir='ltr'><strong><em>lin-</em></strong></span> 
     </span>
    </p>
   </div>
   <div class='ocr_carea' id='block_1_69' title="bbox 331 3539 1916 3618">
    <p class='ocr_par' dir='ltr' id='par_1_69' title="bbox 331 3539 1916 3613">
     <span class='ocr_line' id='line_1_69' title="bbox 331 3539 1916 3613; baseline 0 -17"><span class='ocrx_word' id='word_1_528' title='bbox 331 3543 550 3613; x_wconf 84' lang='grc' dir='ltr'>δοκήσει</span> <span class='ocrx_word' id='word_1_529' title='bbox 603 3541 637 3611; x_wconf 84' lang='grc' dir='ltr'>ἡ</span> <span class='ocrx_word' id='word_1_530' title='bbox 684 3539 948 3611; x_wconf 76' lang='grc' dir='ltr'>ἔνσαρκος</span> <span class='ocrx_word' id='word_1_531' title='bbox 997 3539 1163 3593; x_wconf 82' lang='grc' dir='ltr'>αὐτοῦ</span> <span class='ocrx_word' id='word_1_532' title='bbox 1210 3541 1425 3613; x_wconf 82' lang='grc' dir='ltr'>κύησις.</span> <span class='ocrx_word' id='word_1_533' title='bbox 1474 3543 1573 3597; x_wconf 85' lang='grc' dir='ltr'>Διά</span> <span class='ocrx_word' id='word_1_534' title='bbox 1615 3560 1696 3595; x_wconf 89' lang='grc' dir='ltr'><strong><em>τοι</em></strong></span> <span class='ocrx_word' id='word_1_535' title='bbox 1759 3542 1916 3596; x_wconf 78' lang='grc' dir='ltr'>τοῦτο</span> 
     </span>
    </p>
   </div>
   <div class='ocr_carea' id='block_1_70' title="bbox 2021 3539 3612 3618">
    <p class='ocr_par' dir='ltr' id='par_1_70' title="bbox 2025 3542 3612 3618">
     <span class='ocr_line' id='line_1_70' title="bbox 2025 3542 3612 3618; baseline -0.004 -17"><span class='ocrx_word' id='word_1_536' title='bbox 2025 3562 2187 3618; x_wconf 83' lang='lat' dir='ltr'><strong><em>guam</em></strong></span> <span class='ocrx_word' id='word_1_537' title='bbox 2228 3545 2441 3612; x_wconf 81' lang='lat' dir='ltr'><strong><em>fecerit,</em></strong></span> <span class='ocrx_word' id='word_1_538' title='bbox 2489 3553 2545 3602; x_wconf 90' lang='lat' dir='ltr'><strong><em>et</em></strong></span> <span class='ocrx_word' id='word_1_539' title='bbox 2586 3544 2938 3599; x_wconf 81' lang='lat' dir='ltr'><strong><em>audientibus</em></strong></span> <span class='ocrx_word' id='word_1_540' title='bbox 2986 3559 3150 3599; x_wconf 90' lang='lat' dir='ltr'><strong><em>aures</em></strong></span> <span class='ocrx_word' id='word_1_541' title='bbox 3186 3542 3470 3605; x_wconf 80' lang='lat' dir='ltr'><strong><em>inseverit,</em></strong></span> <span class='ocrx_word' id='word_1_542' title='bbox 3508 3556 3612 3612; x_wconf 85' lang='lat' dir='ltr'><strong><em>pa-</em></strong></span> 
     </span>
    </p>
   </div>
   <div class='ocr_carea' id='block_1_71' title="bbox 332 3633 1916 3711">
    <p class='ocr_par' dir='ltr' id='par_1_71' title="bbox 332 3633 1916 3711">
     <span class='ocr_line' id='line_1_71' title="bbox 332 3633 1916 3711; baseline 0 -21"><span class='ocrx_word' id='word_1_543' title='bbox 332 3636 596 3707; x_wconf 81' lang='grc' dir='ltr'>ὐπομένει</span> <span class='ocrx_word' id='word_1_544' title='bbox 627 3634 688 3687; x_wconf 86' lang='grc' dir='ltr'>τὸ</span> <span class='ocrx_word' id='word_1_545' title='bbox 722 3633 903 3703; x_wconf 83' lang='grc' dir='ltr'>ὀλίγον</span> <span class='ocrx_word' id='word_1_546' title='bbox 944 3633 1046 3704; x_wconf 82' lang='grc' dir='ltr'>τῆς</span> <span class='ocrx_word' id='word_1_547' title='bbox 1080 3633 1318 3705; x_wconf 75' lang='grc' dir='ltr'>ἡλικίας,</span> <span class='ocrx_word' id='word_1_548' title='bbox 1348 3635 1435 3690; x_wconf 77' lang='grc' dir='ltr'>ἵνα</span> <span class='ocrx_word' id='word_1_549' title='bbox 1473 3634 1549 3707; x_wconf 84' lang='grc' dir='ltr'>μὴ</span> <span class='ocrx_word' id='word_1_550' title='bbox 1588 3636 1828 3711; x_wconf 72' lang='grc' dir='ltr'>ἀφανίσῃ</span> <span class='ocrx_word' id='word_1_551' title='bbox 1856 3638 1916 3691; x_wconf 84' lang='grc' dir='ltr'>τὸ</span> 
     </span>
    </p>
   </div>
   <div class='ocr_carea' id='block_1_72' title="bbox 2021 3633 3611 3711">
    <p class='ocr_par' dir='ltr' id='par_1_72' title="bbox 2024 3634 3611 3707">
     <span class='ocr_line' id='line_1_72' title="bbox 2024 3634 3611 3707; baseline -0.003 -15"><span class='ocrx_word' id='word_1_552' title='bbox 2024 3646 2163 3694; x_wconf 91' lang='lat' dir='ltr'><strong><em>trem</em></strong></span> <span class='ocrx_word' id='word_1_553' title='bbox 2194 3646 2289 3692; x_wconf 89' lang='lat' dir='ltr'><strong><em>aut</em></strong></span> <span class='ocrx_word' id='word_1_554' title='bbox 2311 3646 2537 3693; x_wconf 88' lang='lat' dir='ltr'><strong><em>matrem</em></strong></span> <span class='ocrx_word' id='word_1_555' title='bbox 2568 3652 2676 3692; x_wconf 90' lang='lat' dir='ltr'><strong><em>non</em></strong></span> <span class='ocrx_word' id='word_1_556' title='bbox 2700 3636 2853 3707; x_wconf 90' lang='lat' dir='ltr'><strong><em>prius</em></strong></span> <span class='ocrx_word' id='word_1_557' title='bbox 2873 3634 3148 3706; x_wconf 78' lang='lat' dir='ltr'><strong><em>appellare</em></strong></span> <span class='ocrx_word' id='word_1_558' title='bbox 3178 3634 3420 3695; x_wconf 88' lang='lat' dir='ltr'><strong><em>sciverit,</em></strong></span> <span class='ocrx_word' id='word_1_559' title='bbox 3445 3646 3611 3703; x_wconf 90' lang='lat' dir='ltr'><strong><em>quam</em></strong></span> 
     </span>
    </p>
   </div>
   <div class='ocr_carea' id='block_1_73' title="bbox 329 3719 1916 3798">
    <p class='ocr_par' dir='ltr' id='par_1_73' title="bbox 329 3725 1036 3798">
     <span class='ocr_line' id='line_1_73' title="bbox 329 3725 1036 3798; baseline 0 -18"><span class='ocrx_word' id='word_1_560' title='bbox 329 3727 529 3798; x_wconf 85' lang='grc' dir='ltr'>ἀληθὲς</span> <span class='ocrx_word' id='word_1_561' title='bbox 558 3726 661 3797; x_wconf 82' lang='grc' dir='ltr'>τῆς</span> <span class='ocrx_word' id='word_1_562' title='bbox 690 3725 1036 3789; x_wconf 85' lang='grc' dir='ltr'>ἀκολουθίας.</span> 
     </span>
    </p>
   </div>
   <div class='ocr_carea' id='block_1_74' title="bbox 2021 3719 3614 3798">
    <p class='ocr_par' dir='ltr' id='par_1_74' title="bbox 2029 3719 3614 3795">
     <span class='ocr_line' id='line_1_74' title="bbox 2029 3719 3614 3795; baseline -0.005 -13"><span class='ocrx_word' id='word_1_563' title='bbox 2029 3727 2284 3785; x_wconf 87' lang='lat' dir='ltr'><strong><em>Damasci</em></strong></span> <span class='ocrx_word' id='word_1_564' title='bbox 2312 3729 2424 3783; x_wconf 89' lang='lat' dir='ltr'><strong><em>vim</em></strong></span> <span class='ocrx_word' id='word_1_565' title='bbox 2449 3742 2512 3782; x_wconf 91' lang='lat' dir='ltr'><strong><em>ac</em></strong></span> <span class='ocrx_word' id='word_1_566' title='bbox 2541 3726 2805 3781; x_wconf 70' lang='lat' dir='ltr'><strong><em>Samaria:</em></strong></span> <span class='ocrx_word' id='word_1_567' title='bbox 2836 3726 3009 3795; x_wconf 90' lang='lat' dir='ltr'><strong><em>spolia</em></strong></span> <span class='ocrx_word' id='word_1_568' title='bbox 3045 3723 3341 3794; x_wconf 84' lang='lat' dir='ltr'><strong><em>diriperet?</em></strong></span> <span class='ocrx_word' id='word_1_569' title='bbox 3360 3730 3467 3777; x_wconf 90' lang='lat' dir='ltr'><strong><em>etc.</em></strong></span> <span class='ocrx_word' id='word_1_570' title='bbox 3492 3719 3614 3775; x_wconf 83' lang='lat' dir='ltr'><strong><em>Ve-</em></strong></span> 
     </span>
    </p>
   </div>
   <div class='ocr_carea' id='block_1_75' title="bbox 328 3815 3613 3893">
    <p class='ocr_par' dir='ltr' id='par_1_75' title="bbox 328 3815 3613 3893">
     <span class='ocr_line' id='line_1_75' title="bbox 328 3815 3613 3893; baseline -0.002 -17"><span class='ocrx_word' id='word_1_571' title='bbox 328 3837 451 3876; x_wconf 85' lang='lat' dir='ltr'><strong><em>rum</em></strong></span> <span class='ocrx_word' id='word_1_572' title='bbox 480 3820 739 3891; x_wconf 89' lang='lat' dir='ltr'><strong><em>quoniam</em></strong></span> <span class='ocrx_word' id='word_1_573' title='bbox 763 3819 809 3876; x_wconf 92' lang='lat' dir='ltr'><strong><em>si</em></strong></span> <span class='ocrx_word' id='word_1_574' title='bbox 842 3835 909 3876; x_wconf 85' lang='lat' dir='ltr'><strong><em>ex</em></strong></span> <span class='ocrx_word' id='word_1_575' title='bbox 942 3826 1097 3875; x_wconf 83' lang='lat' dir='ltr'><strong><em>utero</em></strong></span> <span class='ocrx_word' id='word_1_576' title='bbox 1118 3820 1310 3876; x_wconf 89' lang='lat' dir='ltr'><strong><em>matris</em></strong></span> <span class='ocrx_word' id='word_1_577' title='bbox 1333 3819 1515 3876; x_wconf 87' lang='lat' dir='ltr'><strong><em>editus</em></strong></span> <span class='ocrx_word' id='word_1_578' title='bbox 1544 3820 1731 3876; x_wconf 87' lang='lat' dir='ltr'><strong><em>statim</em></strong></span> <span class='ocrx_word' id='word_1_579' title='bbox 1761 3819 2103 3891; x_wconf 88' lang='lat' dir='ltr'><strong><em>loqueretur,</em></strong></span> <span class='ocrx_word' id='word_1_580' title='bbox 2130 3837 2193 3877; x_wconf 88' lang='lat' dir='ltr'><strong><em>ac</em></strong></span> <span class='ocrx_word' id='word_1_581' title='bbox 2219 3829 2478 3893; x_wconf 90' lang='lat' dir='ltr'><strong><em>tanquam</em></strong></span> <span class='ocrx_word' id='word_1_582' title='bbox 2519 3820 2744 3874; x_wconf 85' lang='lat' dir='ltr'><strong><em>adultus</em></strong></span> <span class='ocrx_word' id='word_1_583' title='bbox 2774 3834 2911 3890; x_wconf 90' lang='lat' dir='ltr'><strong><em>puer</em></strong></span> <span class='ocrx_word' id='word_1_584' title='bbox 2936 3818 3228 3873; x_wconf 85' lang='lat' dir='ltr'><strong><em>articulate</em></strong></span> <span class='ocrx_word' id='word_1_585' title='bbox 3258 3831 3321 3871; x_wconf 92' lang='lat' dir='ltr'><strong><em>ac</em></strong></span> <span class='ocrx_word' id='word_1_586' title='bbox 3349 3815 3613 3870; x_wconf 91' lang='lat' dir='ltr'><strong><em>distincte</em></strong></span> 
     </span>
    </p>
   </div>
   <div class='ocr_carea' id='block_1_76' title="bbox 330 3907 3610 3984">
    <p class='ocr_par' dir='ltr' id='par_1_76' title="bbox 330 3907 3610 3984">
     <span class='ocr_line' id='line_1_76' title="bbox 330 3907 3610 3984; baseline -0.001 -20"><span class='ocrx_word' id='word_1_587' title='bbox 330 3912 496 3965; x_wconf 79' lang='lat' dir='ltr'><strong><em>verba</em></strong></span> <span class='ocrx_word' id='word_1_588' title='bbox 548 3910 835 3974; x_wconf 84' lang='lat' dir='ltr'><strong><em>formaret,</em></strong></span> <span class='ocrx_word' id='word_1_589' title='bbox 870 3925 979 3965; x_wconf 89' lang='lat' dir='ltr'><strong><em>non</em></strong></span> <span class='ocrx_word' id='word_1_590' title='bbox 1005 3926 1133 3966; x_wconf 87' lang='lat' dir='ltr'><strong><em>vera</em></strong></span> <span class='ocrx_word' id='word_1_591' title='bbox 1167 3912 1353 3967; x_wconf 87' lang='lat' dir='ltr'><strong><em>carnis</em></strong></span> <span class='ocrx_word' id='word_1_592' title='bbox 1386 3911 1532 3967; x_wconf 89' lang='lat' dir='ltr'><strong><em>illius</em></strong></span> <span class='ocrx_word' id='word_1_593' title='bbox 1550 3912 1725 3984; x_wconf 80' lang='lat' dir='ltr'><strong><em>origo,</em></strong></span> <span class='ocrx_word' id='word_1_594' title='bbox 1754 3912 1849 3968; x_wconf 90' lang='lat' dir='ltr'><strong><em>sed</em></strong></span> <span class='ocrx_word' id='word_1_595' title='bbox 1886 3912 2214 3968; x_wconf 91' lang='lat' dir='ltr'><strong><em>adumbrata</em></strong></span> <span class='ocrx_word' id='word_1_596' title='bbox 2262 3912 2558 3984; x_wconf 85' lang='lat' dir='ltr'><strong><em>specieque</em></strong></span> <span class='ocrx_word' id='word_1_597' title='bbox 2603 3910 2720 3967; x_wconf 93' lang='lat' dir='ltr'><strong><em>sola</em></strong></span> <span class='ocrx_word' id='word_1_598' title='bbox 2767 3918 3032 3965; x_wconf 87' lang='lat' dir='ltr'><strong><em>constans</em></strong></span> <span class='ocrx_word' id='word_1_599' title='bbox 3080 3907 3254 3963; x_wconf 84' lang='lat' dir='ltr'><strong><em>videri</em></strong></span> <span class='ocrx_word' id='word_1_600' title='bbox 3312 3908 3610 3978; x_wconf 85' lang='lat' dir='ltr'><strong><em>potuisset;</em></strong></span> 
     </span>
    </p>
   </div>
   <div class='ocr_carea' id='block_1_77' title="bbox 329 4003 3541 4081">
    <p class='ocr_par' dir='ltr' id='par_1_77' title="bbox 329 4003 3541 4081">
     <span class='ocr_line' id='line_1_77' title="bbox 329 4003 3541 4081; baseline -0.002 -20"><span class='ocrx_word' id='word_1_601' title='bbox 329 4005 509 4062; x_wconf 69' lang='lat' dir='ltr'><strong><em>aetatis</em></strong></span> <span class='ocrx_word' id='word_1_602' title='bbox 556 4003 678 4062; x_wconf 81' lang='lat' dir='ltr'><strong><em>ideo</em></strong></span> <span class='ocrx_word' id='word_1_603' title='bbox 712 4005 1037 4076; x_wconf 83' lang='lat' dir='ltr'><strong><em>parvitatem</em></strong></span> <span class='ocrx_word' id='word_1_604' title='bbox 1072 4007 1331 4075; x_wconf 75' lang='lat' dir='ltr'><strong><em>Sustinet,</em></strong></span> <span class='ocrx_word' id='word_1_605' title='bbox 1361 4022 1431 4065; x_wconf 89' lang='lat' dir='ltr'><strong><em>ne</em></strong></span> <span class='ocrx_word' id='word_1_606' title='bbox 1457 4008 1575 4079; x_wconf 86' lang='lat' dir='ltr'><strong><em>ejus</em></strong></span> <span class='ocrx_word' id='word_1_607' title='bbox 1603 4009 1748 4080; x_wconf 91' lang='lat' dir='ltr'><strong><em>quod</em></strong></span> <span class='ocrx_word' id='word_1_608' title='bbox 1783 4019 2215 4067; x_wconf 88' lang='lat' dir='ltr'><strong><em>consentaneum</em></strong></span> <span class='ocrx_word' id='word_1_609' title='bbox 2248 4024 2313 4065; x_wconf 85' lang='lat' dir='ltr'><strong><em>ac</em></strong></span> <span class='ocrx_word' id='word_1_610' title='bbox 2341 4025 2690 4081; x_wconf 90' lang='lat' dir='ltr'><strong><em>consequens</em></strong></span> <span class='ocrx_word' id='word_1_611' title='bbox 2721 4014 2862 4075; x_wconf 88' lang='lat' dir='ltr'><strong><em>erat,</em></strong></span> <span class='ocrx_word' id='word_1_612' title='bbox 2901 4004 3186 4060; x_wconf 89' lang='lat' dir='ltr'><strong><em>veritatem</em></strong></span> <span class='ocrx_word' id='word_1_613' title='bbox 3211 4004 3541 4059; x_wconf 82' lang='lat' dir='ltr'><strong><em>destrueret.</em></strong></span> 
     </span>
    </p>
   </div>
   <div class='ocr_carea' id='block_1_78' title="bbox 402 4093 1916 4174">
    <p class='ocr_par' dir='ltr' id='par_1_78' title="bbox 402 4097 1916 4174">
     <span class='ocr_line' id='line_1_78' title="bbox 402 4097 1916 4174; baseline 0.003 -22"><span class='ocrx_word' id='word_1_614' title='bbox 402 4097 542 4152; x_wconf 81' lang='lat' dir='ltr'><strong><em>MA&#39;.</em></strong></span> <span class='ocrx_word' id='word_1_615' title='bbox 591 4097 814 4168; x_wconf 78' lang='grc' dir='ltr'>Ἐτέρας</span> <span class='ocrx_word' id='word_1_616' title='bbox 840 4097 898 4151; x_wconf 76' lang='grc' dir='ltr'>δὲ</span> <span class='ocrx_word' id='word_1_617' title='bbox 926 4097 1088 4153; x_wconf 83' lang='grc' dir='ltr'>πάλιν</span> <span class='ocrx_word' id='word_1_618' title='bbox 1126 4099 1403 4173; x_wconf 83' lang='grc' dir='ltr'>θηρῶνται</span> <span class='ocrx_word' id='word_1_619' title='bbox 1437 4102 1671 4172; x_wconf 89' lang='grc' dir='ltr'>ματαίας</span> <span class='ocrx_word' id='word_1_620' title='bbox 1710 4102 1916 4174; x_wconf 85' lang='grc' dir='ltr'>ὑπολή-</span> 
     </span>
    </p>
   </div>
   <div class='ocr_carea' id='block_1_79' title="bbox 2021 4093 3613 4174">
    <p class='ocr_par' dir='ltr' id='par_1_79' title="bbox 2095 4093 3613 4173">
     <span class='ocr_line' id='line_1_79' title="bbox 2095 4093 3613 4173; baseline -0.008 -15"><span class='ocrx_word' id='word_1_621' title='bbox 2095 4101 2233 4158; x_wconf 82' lang='lat' dir='ltr'><strong><em>XLI.</em></strong></span> <span class='ocrx_word' id='word_1_622' title='bbox 2275 4101 2515 4173; x_wconf 84' lang='lat' dir='ltr'><strong><em>Pergunt</em></strong></span> <span class='ocrx_word' id='word_1_623' title='bbox 2561 4100 2638 4155; x_wconf 89' lang='lat' dir='ltr'><strong><em>illi</em></strong></span> <span class='ocrx_word' id='word_1_624' title='bbox 2682 4112 2832 4161; x_wconf 88' lang='lat' dir='ltr'><strong><em>vero,</em></strong></span> <span class='ocrx_word' id='word_1_625' title='bbox 2886 4112 2951 4150; x_wconf 90' lang='lat' dir='ltr'><strong><em>ac</em></strong></span> <span class='ocrx_word' id='word_1_626' title='bbox 2998 4095 3202 4149; x_wconf 83' lang='lat' dir='ltr'><strong><em>divinis</em></strong></span> <span class='ocrx_word' id='word_1_627' title='bbox 3253 4094 3474 4149; x_wconf 90' lang='lat' dir='ltr'><strong><em>Litteris</em></strong></span> <span class='ocrx_word' id='word_1_628' title='bbox 3515 4093 3613 4147; x_wconf 76' lang='lat' dir='ltr'><strong><em>ah-</em></strong></span> 
     </span>
    </p>
   </div>
   <div class='ocr_carea' id='block_1_80' title="bbox 330 4188 1916 4265">
    <p class='ocr_par' dir='ltr' id='par_1_80' title="bbox 330 4189 1916 4263">
     <span class='ocr_line' id='line_1_80' title="bbox 330 4189 1916 4263; baseline 0.004 -21"><span class='ocrx_word' id='word_1_629' title='bbox 330 4189 454 4259; x_wconf 64' lang='grc' dir='ltr'>ψεις</span> <span class='ocrx_word' id='word_1_630' title='bbox 488 4189 868 4263; x_wconf 81' lang='grc' dir='ltr'>παραπλέκειν</span> <span class='ocrx_word' id='word_1_631' title='bbox 908 4192 1022 4252; x_wconf 86' lang='grc' dir='ltr'>τοῖς</span> <span class='ocrx_word' id='word_1_632' title='bbox 1057 4189 1223 4253; x_wconf 86' lang='grc' dir='ltr'>Θείοις</span> <span class='ocrx_word' id='word_1_633' title='bbox 1259 4189 1456 4258; x_wconf 85' lang='grc' dir='ltr'>λόγοις.</span> <span class='ocrx_word' id='word_1_634' title='bbox 1500 4192 1613 4245; x_wconf 76' lang='grc' dir='ltr'><strong><em>Καὶ</em></strong></span> <span class='ocrx_word' id='word_1_635' title='bbox 1658 4194 1916 4257; x_wconf 79' lang='grc' dir='ltr'>ἐναντίως</span> 
     </span>
    </p>
   </div>
   <div class='ocr_carea' id='block_1_81' title="bbox 2021 4188 3615 4265">
    <p class='ocr_par' dir='ltr' id='par_1_81' title="bbox 2028 4188 3615 4265">
     <span class='ocr_line' id='line_1_81' title="bbox 2028 4188 3615 4265; baseline -0.007 -14"><span class='ocrx_word' id='word_1_636' title='bbox 2028 4197 2227 4251; x_wconf 88' lang='lat' dir='ltr'><strong><em>surdas</em></strong></span> <span class='ocrx_word' id='word_1_637' title='bbox 2257 4193 2525 4265; x_wconf 89' lang='lat' dir='ltr'><strong><em>quasdam</em></strong></span> <span class='ocrx_word' id='word_1_638' title='bbox 2554 4191 2843 4260; x_wconf 88' lang='lat' dir='ltr'><strong><em>opiniones</em></strong></span> <span class='ocrx_word' id='word_1_639' title='bbox 2880 4188 3092 4255; x_wconf 80' lang='lat' dir='ltr'><strong><em>illigare</em></strong></span> <span class='ocrx_word' id='word_1_640' title='bbox 3123 4193 3419 4248; x_wconf 88' lang='lat' dir='ltr'><strong><em>conantur,</em></strong></span> <span class='ocrx_word' id='word_1_641' title='bbox 3450 4192 3615 4255; x_wconf 84' lang='lat' dir='ltr'><strong><em>atque</em></strong></span> 
     </span>
    </p>
   </div>
   <div class='ocr_carea' id='block_1_82' title="bbox 333 4275 1916 4353">
    <p class='ocr_par' dir='ltr' id='par_1_82' title="bbox 333 4275 1916 4353">
     <span class='ocr_line' id='line_1_82' title="bbox 333 4275 1916 4353; baseline 0.003 -18"><span class='ocrx_word' id='word_1_642' title='bbox 333 4279 695 4345; x_wconf 78' lang='grc' dir='ltr'>διανοοῦνται,</span> <span class='ocrx_word' id='word_1_643' title='bbox 735 4280 831 4334; x_wconf 88' lang='grc' dir='ltr'><strong><em>καί</em></strong></span> <span class='ocrx_word' id='word_1_644' title='bbox 877 4297 1045 4350; x_wconf 70' lang='grc' dir='ltr'>φασι*</span> <span class='ocrx_word' id='word_1_645' title='bbox 1077 4281 1202 4344; x_wconf 89' lang='grc' dir='ltr'>Πῶς</span> <span class='ocrx_word' id='word_1_646' title='bbox 1232 4275 1323 4335; x_wconf 77' lang='grc' dir='ltr'>οὖν</span> <span class='ocrx_word' id='word_1_647' title='bbox 1373 4282 1705 4353; x_wconf 82' lang='grc' dir='ltr'>γέγραπται,</span> <span class='ocrx_word' id='word_1_648' title='bbox 1736 4283 1916 4349; x_wconf 77' lang='grc' dir='ltr'>Δέξα-</span> 
     </span>
    </p>
   </div>
   <div class='ocr_carea' id='block_1_83' title="bbox 2021 4275 3611 4353">
    <p class='ocr_par' dir='ltr' id='par_1_83' title="bbox 2028 4275 3611 4353">
     <span class='ocr_line' id='line_1_83' title="bbox 2028 4275 3611 4353; baseline -0.008 -12"><span class='ocrx_word' id='word_1_649' title='bbox 2028 4285 2173 4342; x_wconf 91' lang='lat' dir='ltr'><strong><em>istud</em></strong></span> <span class='ocrx_word' id='word_1_650' title='bbox 2219 4283 2489 4353; x_wconf 87' lang='lat' dir='ltr'><strong><em>objiciunt</em></strong></span> <span class='ocrx_word' id='word_1_651' title='bbox 2520 4300 2533 4336; x_wconf 93' lang='lat'><strong>:</strong></span> <span class='ocrx_word' id='word_1_652' title='bbox 2563 4279 2699 4335; x_wconf 89' lang='lat' dir='ltr'><strong><em>lllud</em></strong></span> <span class='ocrx_word' id='word_1_653' title='bbox 2760 4295 2892 4350; x_wconf 82' lang='lat' dir='ltr'><strong><em>ergo</em></strong></span> <span class='ocrx_word' id='word_1_654' title='bbox 2940 4292 3047 4349; x_wconf 89' lang='lat' dir='ltr'><strong><em>qua</em></strong></span> <span class='ocrx_word' id='word_1_655' title='bbox 3101 4276 3313 4331; x_wconf 88' lang='lat' dir='ltr'><strong><em>ratione</em></strong></span> <span class='ocrx_word' id='word_1_656' title='bbox 3350 4275 3611 4347; x_wconf 90' lang='lat' dir='ltr'><strong><em>scriptum</em></strong></span> 
     </span>
    </p>
   </div>
   <div class='ocr_carea' id='block_1_84' title="bbox 334 4362 1916 4443">
    <p class='ocr_par' dir='ltr' id='par_1_84' title="bbox 334 4362 1916 4443">
     <span class='ocr_line' id='line_1_84' title="bbox 334 4362 1916 4443; baseline 0.003 -17"><span class='ocrx_word' id='word_1_657' title='bbox 334 4362 446 4427; x_wconf 80' lang='grc' dir='ltr'>σὸε</span> <span class='ocrx_word' id='word_1_658' title='bbox 475 4372 585 4425; x_wconf 83' lang='grc' dir='ltr'>τὸν</span> <span class='ocrx_word' id='word_1_659' title='bbox 613 4371 887 4441; x_wconf 82' lang='grc' dir='ltr'>ἀρχιερέα</span> <span class='ocrx_word' id='word_1_660' title='bbox 920 4373 1244 4442; x_wconf 78' lang='grc' dir='ltr'>ὁμολογίας</span> <span class='ocrx_word' id='word_1_661' title='bbox 1282 4372 1473 4443; x_wconf 75' lang='grc' dir='ltr'>ἡμῶν,</span> <span class='ocrx_word' id='word_1_662' title='bbox 1524 4376 1744 4429; x_wconf 77' lang='grc' dir='ltr'>πιστὸν</span> <span class='ocrx_word' id='word_1_663' title='bbox 1773 4375 1916 4431; x_wconf 83' lang='grc' dir='ltr'>ὄντα</span> 
     </span>
    </p>
   </div>
   <div class='ocr_carea' id='block_1_85' title="bbox 2021 4362 3615 4443">
    <p class='ocr_par' dir='ltr' id='par_1_85' title="bbox 2025 4366 3615 4443">
     <span class='ocr_line' id='line_1_85' title="bbox 2025 4366 3615 4443; baseline -0.008 -11"><span class='ocrx_word' id='word_1_664' title='bbox 2025 4384 2141 4433; x_wconf 86' lang='lat' dir='ltr'><strong><em>est:</em></strong></span> <span class='ocrx_word' id='word_1_665' title='bbox 2176 4374 2437 4443; x_wconf 83' lang='lat' dir='ltr'><strong><em>Suscipite</em></strong></span> <span class='ocrx_word' id='word_1_666' title='bbox 2461 4373 2761 4443; x_wconf 76' lang='lat' dir='ltr'><strong><em>pontiﬁcem</em></strong></span> <span class='ocrx_word' id='word_1_667' title='bbox 2788 4368 3132 4439; x_wconf 73' lang='lat' dir='ltr'><strong><em>caiifessionis</em></strong></span> <span class='ocrx_word' id='word_1_668' title='bbox 3162 4378 3377 4431; x_wconf 75' lang='lat' dir='ltr'><strong><em>nostrw,</em></strong></span> <span class='ocrx_word' id='word_1_669' title='bbox 3407 4366 3615 4436; x_wconf 84' lang='lat' dir='ltr'><strong><em>ﬁdelem</em></strong></span> 
     </span>
    </p>
   </div>
   <div class='ocr_carea' id='block_1_86' title="bbox 332 4458 1916 4561">
    <p class='ocr_par' dir='ltr' id='par_1_86' title="bbox 332 4462 1916 4537">
     <span class='ocr_line' id='line_1_86' title="bbox 332 4462 1916 4537; baseline 0.001 -17"><span class='ocrx_word' id='word_1_670' title='bbox 332 4462 414 4530; x_wconf 80' lang='grc' dir='ltr'>τῷ</span> <span class='ocrx_word' id='word_1_671' title='bbox 442 4465 767 4529; x_wconf 79' lang='grc' dir='ltr'>ποιήσαντι</span> <span class='ocrx_word' id='word_1_672' title='bbox 792 4466 1016 4531; x_wconf 89' lang='grc' dir='ltr'>αὺτόν;</span> <span class='ocrx_word' id='word_1_673' title='bbox 1054 4465 1187 4530; x_wconf 74' lang='grc' dir='ltr'>Καὶ,</span> <span class='ocrx_word' id='word_1_674' title='bbox 1227 4466 1518 4519; x_wconf 85' lang='grc' dir='ltr'>Γνωστὸν</span> <span class='ocrx_word' id='word_1_675' title='bbox 1558 4466 1700 4537; x_wconf 81' lang='grc' dir='ltr'>ὑμῖν</span> <span class='ocrx_word' id='word_1_676' title='bbox 1740 4468 1916 4534; x_wconf 79' lang='grc' dir='ltr'>ἔστω,</span> 
     </span>
    </p>
   </div>
   <div class='ocr_carea' id='block_1_87' title="bbox 2021 4458 3614 4561">
    <p class='ocr_par' dir='ltr' id='par_1_87' title="bbox 2024 4458 3614 4538">
     <span class='ocr_line' id='line_1_87' title="bbox 2024 4458 3614 4538; baseline -0.005 -17"><span class='ocrx_word' id='word_1_677' title='bbox 2024 4469 2072 4522; x_wconf 89' lang='lat' dir='ltr'><strong><em>ei</em></strong></span> <span class='ocrx_word' id='word_1_678' title='bbox 2098 4470 2185 4538; x_wconf 85' lang='lat' dir='ltr'><strong><em>qui</em></strong></span> <span class='ocrx_word' id='word_1_679' title='bbox 2222 4483 2276 4520; x_wconf 86' lang='lat' dir='ltr'><strong><em>se</em></strong></span> <span class='ocrx_word' id='word_1_680' title='bbox 2307 4465 2429 4536; x_wconf 80' lang='lat' dir='ltr'><strong><em>fecit</em></strong></span> <span class='ocrx_word' id='word_1_681' title='bbox 2454 4461 2506 4514; x_wconf 72' lang='lat'><strong><em>‘1’</em></strong></span> <span class='ocrx_word' id='word_1_682' title='bbox 2527 4463 2592 4517; x_wconf 87' lang='lat' dir='ltr'><strong><em>Et</em></strong></span> <span class='ocrx_word' id='word_1_683' title='bbox 2630 4482 2643 4518; x_wconf 88' lang='lat'><strong>:</strong></span> <span class='ocrx_word' id='word_1_684' title='bbox 2677 4462 2879 4516; x_wconf 86' lang='lat' dir='ltr'><strong><em>Notum</em></strong></span> <span class='ocrx_word' id='word_1_685' title='bbox 2916 4463 2984 4515; x_wconf 87' lang='lat' dir='ltr'><strong><em>sit</em></strong></span> <span class='ocrx_word' id='word_1_686' title='bbox 3014 4460 3182 4527; x_wconf 84' lang='lat' dir='ltr'><strong><em>vobis,</em></strong></span> <span class='ocrx_word' id='word_1_687' title='bbox 3217 4458 3386 4514; x_wconf 82' lang='lat' dir='ltr'><strong><em>omnis</em></strong></span> <span class='ocrx_word' id='word_1_688' title='bbox 3426 4458 3614 4513; x_wconf 81' lang='lat' dir='ltr'><strong><em>domus</em></strong></span> 
     </span>
    </p>
   </div>
   <div class='ocr_carea' id='block_1_88' title="bbox 334 4548 1916 4627">
    <p class='ocr_par' dir='ltr' id='par_1_88' title="bbox 334 4553 1916 4627">
     <span class='ocr_line' id='line_1_88' title="bbox 334 4553 1916 4627; baseline 0.004 -20"><span class='ocrx_word' id='word_1_689' title='bbox 334 4553 454 4620; x_wconf 78' lang='grc' dir='ltr'>πᾶς</span> <span class='ocrx_word' id='word_1_690' title='bbox 493 4554 662 4621; x_wconf 79' lang='grc' dir='ltr'>οἶκος</span> <span class='ocrx_word' id='word_1_691' title='bbox 701 4554 976 4624; x_wconf 68' lang='grc' dir='ltr'>Ἰσραὴλ,</span> <span class='ocrx_word' id='word_1_692' title='bbox 1024 4556 1113 4611; x_wconf 82' lang='grc' dir='ltr'>ὅτι</span> <span class='ocrx_word' id='word_1_693' title='bbox 1154 4558 1373 4612; x_wconf 86' lang='grc' dir='ltr'>τοῦτον</span> <span class='ocrx_word' id='word_1_694' title='bbox 1418 4558 1527 4613; x_wconf 84' lang='grc' dir='ltr'>τὸν</span> <span class='ocrx_word' id='word_1_695' title='bbox 1580 4559 1817 4627; x_wconf 85' lang='grc' dir='ltr'>Ἰησοῦν</span> <span class='ocrx_word' id='word_1_696' title='bbox 1847 4560 1916 4613; x_wconf 81' lang='grc' dir='ltr'>ὃν</span> 
     </span>
    </p>
   </div>
   <div class='ocr_carea' id='block_1_89' title="bbox 2021 4548 3606 4627">
    <p class='ocr_par' dir='ltr' id='par_1_89' title="bbox 2028 4548 3606 4627">
     <span class='ocr_line' id='line_1_89' title="bbox 2028 4548 3606 4627; baseline -0.006 -16"><span class='ocrx_word' id='word_1_697' title='bbox 2028 4556 2221 4620; x_wconf 82' lang='lat' dir='ltr'><strong><em>Israel,</em></strong></span> <span class='ocrx_word' id='word_1_698' title='bbox 2260 4555 2397 4627; x_wconf 86' lang='lat' dir='ltr'><strong><em>quod</em></strong></span> <span class='ocrx_word' id='word_1_699' title='bbox 2418 4550 2554 4608; x_wconf 80' lang='lat' dir='ltr'><strong><em>hunc</em></strong></span> <span class='ocrx_word' id='word_1_700' title='bbox 2574 4552 2757 4607; x_wconf 76' lang='lat' dir='ltr'><strong><em>Iesum</em></strong></span> <span class='ocrx_word' id='word_1_701' title='bbox 2783 4568 2935 4623; x_wconf 83' lang='lat' dir='ltr'><strong><em>quem</em></strong></span> <span class='ocrx_word' id='word_1_702' title='bbox 2968 4552 3022 4604; x_wconf 88' lang='lat' dir='ltr'><strong><em>in</em></strong></span> <span class='ocrx_word' id='word_1_703' title='bbox 3050 4565 3259 4604; x_wconf 86' lang='lat' dir='ltr'><strong><em>crucem</em></strong></span> <span class='ocrx_word' id='word_1_704' title='bbox 3286 4548 3606 4613; x_wconf 81' lang='lat' dir='ltr'><strong><em>sustulistis,</em></strong></span> 
     </span>
    </p>
   </div>
   <div class='ocr_carea' id='block_1_90' title="bbox 334 4638 1916 4720">
    <p class='ocr_par' dir='ltr' id='par_1_90' title="bbox 334 4647 1916 4720">
     <span class='ocr_line' id='line_1_90' title="bbox 334 4647 1916 4720; baseline 0.002 -16"><span class='ocrx_word' id='word_1_705' title='bbox 334 4647 504 4717; x_wconf 80' lang='grc' dir='ltr'>ὑμεῖς</span> <span class='ocrx_word' id='word_1_706' title='bbox 540 4648 981 4717; x_wconf 81' lang='grc' dir='ltr'>ἐσταυρώσατε,</span> <span class='ocrx_word' id='word_1_707' title='bbox 1017 4650 1239 4717; x_wconf 80' lang='grc' dir='ltr'>Κύριον</span> <span class='ocrx_word' id='word_1_708' title='bbox 1294 4648 1395 4704; x_wconf 80' lang='grc' dir='ltr'>καὶ</span> <span class='ocrx_word' id='word_1_709' title='bbox 1436 4650 1695 4720; x_wconf 76' lang='grc' dir='ltr'>Χριστὸν</span> <span class='ocrx_word' id='word_1_710' title='bbox 1738 4652 1916 4708; x_wconf 79' lang='grc' dir='ltr'>αὐτὸν</span> 
     </span>
    </p>
   </div>
   <div class='ocr_carea' id='block_1_91' title="bbox 2021 4638 3615 4720">
    <p class='ocr_par' dir='ltr' id='par_1_91' title="bbox 2026 4638 3615 4713">
     <span class='ocr_line' id='line_1_91' title="bbox 2026 4638 3615 4713; baseline -0.006 -9"><span class='ocrx_word' id='word_1_711' title='bbox 2026 4650 2313 4706; x_wconf 88' lang='lat' dir='ltr'><strong><em>Dominum</em></strong></span> <span class='ocrx_word' id='word_1_712' title='bbox 2339 4659 2387 4704; x_wconf 90' lang='lat' dir='ltr'><strong><em>et</em></strong></span> <span class='ocrx_word' id='word_1_713' title='bbox 2430 4647 2699 4702; x_wconf 80' lang='lat' dir='ltr'><strong><em>Christum</em></strong></span> <span class='ocrx_word' id='word_1_714' title='bbox 2728 4646 2900 4713; x_wconf 86' lang='lat' dir='ltr'><strong><em>ipsum</em></strong></span> <span class='ocrx_word' id='word_1_715' title='bbox 2937 4642 3077 4696; x_wconf 83' lang='lat' dir='ltr'><strong><em>Deus</em></strong></span> <span class='ocrx_word' id='word_1_716' title='bbox 3108 4642 3231 4712; x_wconf 78' lang='lat' dir='ltr'><strong><em>fecit</em></strong></span> <span class='ocrx_word' id='word_1_717' title='bbox 3253 4639 3309 4693; x_wconf 71' lang='lat'><strong><em>&#39;1’</em></strong></span> <span class='ocrx_word' id='word_1_718' title='bbox 3334 4638 3440 4694; x_wconf 89' lang='lat' dir='ltr'><strong><em>Sed</em></strong></span> <span class='ocrx_word' id='word_1_719' title='bbox 3481 4639 3615 4694; x_wconf 88' lang='lat' dir='ltr'><strong><em>illud</em></strong></span> 
     </span>
    </p>
   </div>
   <div class='ocr_carea' id='block_1_92' title="bbox 337 4728 1916 4813">
    <p class='ocr_par' dir='ltr' id='par_1_92' title="bbox 337 4738 1916 4813">
     <span class='ocr_line' id='line_1_92' title="bbox 337 4738 1916 4813; baseline 0.001 -20"><span class='ocrx_word' id='word_1_720' title='bbox 337 4743 369 4793; x_wconf 84' lang='grc' dir='ltr'><em>ὀ</em></span> <span class='ocrx_word' id='word_1_721' title='bbox 399 4738 545 4805; x_wconf 82' lang='grc' dir='ltr'>Θεὸς</span> <span class='ocrx_word' id='word_1_722' title='bbox 575 4740 866 4807; x_wconf 62' lang='lat' dir='ltr'><strong><em>exclude;</em></strong></span> <span class='ocrx_word' id='word_1_723' title='bbox 899 4740 1011 4798; x_wconf 79' lang='grc' dir='ltr'><strong><em>Καὶ</em></strong></span> <span class='ocrx_word' id='word_1_724' title='bbox 1053 4740 1240 4812; x_wconf 81' lang='grc' dir='ltr'>θαῦμά</span> <span class='ocrx_word' id='word_1_725' title='bbox 1280 4758 1371 4811; x_wconf 88' lang='grc' dir='ltr'><strong><em>μοι</em></strong></span> <span class='ocrx_word' id='word_1_726' title='bbox 1412 4740 1555 4811; x_wconf 75' lang='grc' dir='ltr'>μέγα</span> <span class='ocrx_word' id='word_1_727' title='bbox 1605 4741 1916 4813; x_wconf 74' lang='grc' dir='ltr'>ἐπέρχεται,</span> 
     </span>
    </p>
   </div>
   <div class='ocr_carea' id='block_1_93' title="bbox 2021 4728 3613 4813">
    <p class='ocr_par' dir='ltr' id='par_1_93' title="bbox 2028 4728 3613 4812">
     <span class='ocr_line' id='line_1_93' title="bbox 2028 4728 3613 4812; baseline -0.008 -16"><span class='ocrx_word' id='word_1_728' title='bbox 2028 4755 2359 4812; x_wconf 76' lang='lat' dir='ltr'><strong><em>magnopere</em></strong></span> <span class='ocrx_word' id='word_1_729' title='bbox 2388 4738 2519 4792; x_wconf 89' lang='lat' dir='ltr'><strong><em>mihi</em></strong></span> <span class='ocrx_word' id='word_1_730' title='bbox 2559 4733 2945 4791; x_wconf 84' lang='lat' dir='ltr'><strong><em>admirandum</em></strong></span> <span class='ocrx_word' id='word_1_731' title='bbox 2973 4733 3210 4797; x_wconf 78' lang='lat' dir='ltr'><strong><em>videtur,</em></strong></span> <span class='ocrx_word' id='word_1_732' title='bbox 3244 4729 3521 4801; x_wconf 87' lang='lat' dir='ltr'><strong><em>quomodo</em></strong></span> <span class='ocrx_word' id='word_1_733' title='bbox 3552 4728 3613 4794; x_wconf 88' lang='lat' dir='ltr'><strong><em>ii,</em></strong></span> 
     </span>
    </p>
   </div>
   <div class='ocr_carea' id='block_1_94' title="bbox 338 4830 1925 4904">
    <p class='ocr_par' dir='ltr' id='par_1_94' title="bbox 338 4830 1925 4904">
     <span class='ocr_line' id='line_1_94' title="bbox 338 4830 1925 4904; baseline 0.002 -21"><span class='ocrx_word' id='word_1_734' title='bbox 338 4832 455 4895; x_wconf 82' lang='grc' dir='ltr'><strong><em>πῶς</em></strong></span> <span class='ocrx_word' id='word_1_735' title='bbox 481 4830 532 4884; x_wconf 76' lang='grc' dir='ltr'>οἱ</span> <span class='ocrx_word' id='word_1_736' title='bbox 572 4831 681 4884; x_wconf 91' lang='grc' dir='ltr'><strong><em>τῶν</em></strong></span> <span class='ocrx_word' id='word_1_737' title='bbox 713 4831 1047 4885; x_wconf 85' lang='grc' dir='ltr'>ἀκολουθιῶν</span> <span class='ocrx_word' id='word_1_738' title='bbox 1079 4832 1469 4902; x_wconf 76' lang='grc' dir='ltr'>ἐφαπτόμενοι,</span> <span class='ocrx_word' id='word_1_739' title='bbox 1504 4833 1603 4904; x_wconf 84' lang='grc' dir='ltr'>τὴν</span> <span class='ocrx_word' id='word_1_740' title='bbox 1637 4834 1695 4887; x_wconf 79' lang='grc' dir='ltr'>ἐν</span> <span class='ocrx_word' id='word_1_741' title='bbox 1740 4834 1925 4897; x_wconf 81' lang='grc' dir='ltr'>αὐτοῖς</span> 
     </span>
    </p>
   </div>
   <div class='ocr_carea' id='block_1_95' title="bbox 339 4923 1925 4997">
    <p class='ocr_par' dir='ltr' id='par_1_95' title="bbox 339 4923 1925 4997">
     <span class='ocr_line' id='line_1_95' title="bbox 339 4923 1925 4997; baseline -0.008 -6"><span class='ocrx_word' id='word_1_742' title='bbox 339 4923 692 4997; x_wconf 68' lang='grc' dir='ltr'>φραζομένην</span> <span class='ocrx_word' id='word_1_743' title='bbox 738 4923 968 4993; x_wconf 82' lang='grc' dir='ltr'>δύναμιν</span> <span class='ocrx_word' id='word_1_744' title='bbox 1006 4923 1283 4992; x_wconf 84' lang='grc' dir='ltr'>ἀγνοοῦσι.</span> <span class='ocrx_word' id='word_1_745' title='bbox 1330 4924 1405 4978; x_wconf 82' lang='grc' dir='ltr'><strong><em>Τὸ</em></strong></span> <span class='ocrx_word' id='word_1_746' title='bbox 1445 4924 1555 4996; x_wconf 79' lang='grc' dir='ltr'><strong><em>γὰρ</em></strong></span> <span class='ocrx_word' id='word_1_747' title='bbox 1595 4927 1791 4991; x_wconf 77' lang='grc' dir='ltr'>εἰπεῖν,</span> <span class='ocrx_word' id='word_1_748' title='bbox 1825 4925 1925 4979; x_wconf 81' lang='grc' dir='ltr'><strong><em>Δέ-</em></strong></span> 
     </span>
    </p>
   </div>
   <div class='ocr_carea' id='block_1_96' title="bbox 337 5015 1924 5086">
    <p class='ocr_par' dir='ltr' id='par_1_96' title="bbox 337 5015 1924 5086">
     <span class='ocr_line' id='line_1_96' title="bbox 337 5015 1924 5086; baseline -0.001 -17"><span class='ocrx_word' id='word_1_749' title='bbox 337 5018 527 5081; x_wconf 66' lang='lat' dir='ltr'><strong><em>{uade</em></strong></span> <span class='ocrx_word' id='word_1_750' title='bbox 575 5015 683 5069; x_wconf 82' lang='grc' dir='ltr'>τὸν</span> <span class='ocrx_word' id='word_1_751' title='bbox 719 5016 997 5086; x_wconf 82' lang='grc' dir='ltr'>ἀρχιερέα</span> <span class='ocrx_word' id='word_1_752' title='bbox 1030 5017 1253 5071; x_wconf 80' lang='grc' dir='ltr'>πιστὸν</span> <span class='ocrx_word' id='word_1_753' title='bbox 1303 5016 1447 5071; x_wconf 81' lang='grc' dir='ltr'>ὄντα</span> <span class='ocrx_word' id='word_1_754' title='bbox 1490 5015 1569 5083; x_wconf 85' lang='grc' dir='ltr'>τῷ</span> <span class='ocrx_word' id='word_1_755' title='bbox 1602 5017 1924 5084; x_wconf 70' lang='grc' dir='ltr'>ποιήσαντι</span> 
     </span>
    </p>
   </div>
   <div class='ocr_carea' id='block_1_97' title="bbox 336 5108 1923 5181">
    <p class='ocr_par' dir='ltr' id='par_1_97' title="bbox 336 5108 1923 5181">
     <span class='ocr_line' id='line_1_97' title="bbox 336 5108 1923 5181; baseline 0 -19"><span class='ocrx_word' id='word_1_756' title='bbox 336 5110 628 5175; x_wconf 66' lang='grc' dir='ltr'>αἰτόν-,οὐ</span> <span class='ocrx_word' id='word_1_757' title='bbox 670 5111 800 5180; x_wconf 81' lang='grc' dir='ltr'>περὶ</span> <span class='ocrx_word' id='word_1_758' title='bbox 834 5110 932 5179; x_wconf 83' lang='grc' dir='ltr'>τῆς</span> <span class='ocrx_word' id='word_1_759' title='bbox 979 5110 1232 5181; x_wconf 84' lang='grc' dir='ltr'>θεότητος</span> <span class='ocrx_word' id='word_1_760' title='bbox 1264 5108 1502 5181; x_wconf 80' lang='grc' dir='ltr'>εἴρηται.</span> <span class='ocrx_word' id='word_1_761' title='bbox 1546 5110 1606 5163; x_wconf 88' lang='lat'><strong><em>&#39;0</em></strong></span> <span class='ocrx_word' id='word_1_762' title='bbox 1648 5108 1780 5173; x_wconf 79' lang='grc' dir='ltr'>Θεὸς</span> <span class='ocrx_word' id='word_1_763' title='bbox 1811 5109 1923 5180; x_wconf 84' lang='grc' dir='ltr'><strong><em>γὰρ</em></strong></span> 
     </span>
    </p>
   </div>
   <div class='ocr_carea' id='block_1_98' title="bbox 335 5197 1921 5277">
    <p class='ocr_par' dir='ltr' id='par_1_98' title="bbox 335 5197 1921 5277">
     <span class='ocr_line' id='line_1_98' title="bbox 335 5197 1921 5277; baseline -0.002 -22"><span class='ocrx_word' id='word_1_764' title='bbox 335 5197 589 5272; x_wconf 78' lang='grc' dir='ltr'>ἦλθε,καί</span> <span class='ocrx_word' id='word_1_765' title='bbox 608 5203 690 5263; x_wconf 88' lang='grc' dir='ltr'><strong><em>είς</em></strong></span> <span class='ocrx_word' id='word_1_766' title='bbox 710 5201 887 5254; x_wconf 85' lang='grc' dir='ltr'>πάντα</span> <span class='ocrx_word' id='word_1_767' title='bbox 905 5202 1035 5277; x_wconf 74' lang='grc' dir='ltr'>ἡμῖν</span> <span class='ocrx_word' id='word_1_768' title='bbox 1058 5201 1440 5272; x_wconf 78' lang='grc' dir='ltr'>σαφηνίζουσιν</span> <span class='ocrx_word' id='word_1_769' title='bbox 1460 5202 1517 5255; x_wconf 90' lang='grc' dir='ltr'>αἱ</span> <span class='ocrx_word' id='word_1_770' title='bbox 1531 5202 1671 5254; x_wconf 88' lang='grc' dir='ltr'>θεῖαι</span> <span class='ocrx_word' id='word_1_771' title='bbox 1688 5200 1921 5272; x_wconf 78' lang='grc' dir='ltr'>Γραφαί·</span> 
     </span>
    </p>
   </div>
   <div class='ocr_carea' id='block_1_99' title="bbox 338 5291 1921 5363">
    <p class='ocr_par' dir='ltr' id='par_1_99' title="bbox 338 5291 1921 5363">
     <span class='ocr_line' id='line_1_99' title="bbox 338 5291 1921 5363; baseline -0.001 -18"><span class='ocrx_word' id='word_1_772' title='bbox 338 5293 488 5345; x_wconf 78' lang='grc' dir='ltr'>οὐδὲν</span> <span class='ocrx_word' id='word_1_773' title='bbox 515 5293 625 5363; x_wconf 75' lang='grc' dir='ltr'><strong><em>γὰρ</em></strong></span> <span class='ocrx_word' id='word_1_774' title='bbox 665 5293 723 5344; x_wconf 81' lang='grc' dir='ltr'>ὲν</span> <span class='ocrx_word' id='word_1_775' title='bbox 762 5291 955 5353; x_wconf 78' lang='grc' dir='ltr'>αὐταῖς</span> <span class='ocrx_word' id='word_1_776' title='bbox 990 5294 1105 5345; x_wconf 78' lang='grc' dir='ltr'>ἐστι</span> <span class='ocrx_word' id='word_1_777' title='bbox 1141 5293 1352 5346; x_wconf 84' lang='grc' dir='ltr'>σκολιὸν</span> <span class='ocrx_word' id='word_1_778' title='bbox 1384 5292 1417 5363; x_wconf 77' lang='grc' dir='ltr'>ἢ</span> <span class='ocrx_word' id='word_1_779' title='bbox 1460 5292 1921 5363; x_wconf 83' lang='grc' dir='ltr'>στραγγαλιῶδες,</span> 
     </span>
    </p>
   </div>
   <div class='ocr_carea' id='block_1_100' title="bbox 340 5380 1925 5452">
    <p class='ocr_par' dir='ltr' id='par_1_100' title="bbox 340 5380 1925 5452">
     <span class='ocr_line' id='line_1_100' title="bbox 340 5380 1925 5452; baseline 0 -16"><span class='ocrx_word' id='word_1_780' title='bbox 340 5382 545 5436; x_wconf 81' lang='grc' dir='ltr'>Πάντα</span> <span class='ocrx_word' id='word_1_781' title='bbox 595 5382 652 5435; x_wconf 82' lang='grc' dir='ltr'>δὲ</span> <span class='ocrx_word' id='word_1_782' title='bbox 696 5381 921 5435; x_wconf 83' lang='grc' dir='ltr'>ἐνώπια</span> <span class='ocrx_word' id='word_1_783' title='bbox 963 5380 1088 5447; x_wconf 84' lang='grc' dir='ltr'>τοῖς</span> <span class='ocrx_word' id='word_1_784' title='bbox 1113 5384 1436 5450; x_wconf 80' lang='grc' dir='ltr'>συνιοῦσι,</span> <span class='ocrx_word' id='word_1_785' title='bbox 1469 5384 1569 5437; x_wconf 71' lang='grc' dir='ltr'><strong><em>καί</em></strong></span> <span class='ocrx_word' id='word_1_786' title='bbox 1621 5384 1765 5452; x_wconf 82' lang='grc' dir='ltr'>ὀρθὰ</span> <span class='ocrx_word' id='word_1_787' title='bbox 1801 5383 1925 5448; x_wconf 85' lang='grc' dir='ltr'>τοῖς</span> 
     </span>
    </p>
   </div>
   <div class='ocr_carea' id='block_1_101' title="bbox 342 5475 1922 5549">
    <p class='ocr_par' dir='ltr' id='par_1_101' title="bbox 342 5475 1922 5549">
     <span class='ocr_line' id='line_1_101' title="bbox 342 5475 1922 5549; baseline -0.003 -17"><span class='ocrx_word' id='word_1_788' title='bbox 342 5479 697 5547; x_wconf 73' lang='grc' dir='ltr'>εὑρίσκουσι</span> <span class='ocrx_word' id='word_1_789' title='bbox 728 5475 979 5547; x_wconf 73' lang='grc' dir='ltr'>γνῶσιν.</span> <span class='ocrx_word' id='word_1_790' title='bbox 1024 5475 1244 5531; x_wconf 77' lang='grc' dir='ltr'>Λάϐετε</span> <span class='ocrx_word' id='word_1_791' title='bbox 1276 5476 1407 5549; x_wconf 89' lang='grc' dir='ltr'>γὰρ,</span> <span class='ocrx_word' id='word_1_792' title='bbox 1439 5477 1595 5548; x_wconf 76' lang='grc' dir='ltr'>φησὶ,</span> <span class='ocrx_word' id='word_1_793' title='bbox 1623 5476 1922 5541; x_wconf 81' lang='grc' dir='ltr'>παιδείαν,</span> 
     </span>
    </p>
   </div>
   <div class='ocr_carea' id='block_1_102' title="bbox 413 5631 1916 5707">
    <p class='ocr_par' dir='ltr' id='par_1_102' title="bbox 413 5632 1916 5707">
     <span class='ocr_line' id='line_1_102' title="bbox 413 5632 1916 5707; baseline -0.001 -19"><span class='ocrx_word' id='word_1_794' title='bbox 413 5635 429 5667; x_wconf 92' lang='grc'>¹</span> <span class='ocrx_word' id='word_1_795' title='bbox 462 5633 521 5696; x_wconf 77' lang='lat' dir='ltr'><strong><em>F.</em></strong></span> <span class='ocrx_word' id='word_1_796' title='bbox 556 5637 584 5689; x_wconf 88' lang='grc' dir='ltr'>ὁ</span> <span class='ocrx_word' id='word_1_797' title='bbox 612 5635 756 5707; x_wconf 76' lang='grc' dir='ltr'>ὅρος.</span> <span class='ocrx_word' id='word_1_798' title='bbox 842 5638 862 5668; x_wconf 81' lang='grc'>³</span> <span class='ocrx_word' id='word_1_799' title='bbox 899 5634 1058 5691; x_wconf 86' lang='lat' dir='ltr'><strong><em>Cant.</em></strong></span> <span class='ocrx_word' id='word_1_800' title='bbox 1103 5649 1142 5697; x_wconf 93' lang='lat' dir='ltr'><strong><em>l,</em></strong></span> <span class='ocrx_word' id='word_1_801' title='bbox 1183 5633 1237 5688; x_wconf 73' lang='lat'><strong><em>2.</em></strong></span> <span class='ocrx_word' id='word_1_802' title='bbox 1318 5636 1339 5667; x_wconf 84' lang='grc'>⁸</span> <span class='ocrx_word' id='word_1_803' title='bbox 1380 5634 1514 5690; x_wconf 88' lang='lat' dir='ltr'><strong><em>Dan.</em></strong></span> <span class='ocrx_word' id='word_1_804' title='bbox 1559 5651 1620 5702; x_wconf 87' lang='grc' dir='ltr'><strong><em>ιι,</em></strong></span> <span class='ocrx_word' id='word_1_805' title='bbox 1664 5634 1754 5691; x_wconf 81' lang='grc'><strong><em>55.</em></strong></span> <span class='ocrx_word' id='word_1_806' title='bbox 1830 5633 1853 5665; x_wconf 73' lang='grc'><strong>⁸</strong></span> <span class='ocrx_word' id='word_1_807' title='bbox 1890 5632 1916 5686; x_wconf 68' lang='grc' dir='ltr'><strong><em>Ι⁴</em></strong></span> 
     </span>
    </p>
   </div>
   <div class='ocr_carea' id='block_1_103' title="bbox 2021 5631 2269 5707">
    <p class='ocr_par' dir='ltr' id='par_1_103' title="bbox 2021 5631 2269 5698">
     <span class='ocr_line' id='line_1_103' title="bbox 2021 5631 2269 5698; baseline -0.004 -14"><span class='ocrx_word' id='word_1_808' title='bbox 2021 5649 2052 5685; x_wconf 74' lang='lat' dir='ltr'><strong><em>r.</em></strong></span> <span class='ocrx_word' id='word_1_809' title='bbox 2092 5646 2175 5698; x_wconf 86' lang='lat' dir='ltr'><strong><em>Ill,</em></strong></span> <span class='ocrx_word' id='word_1_810' title='bbox 2220 5631 2269 5684; x_wconf 80' lang='grc' dir='ltr'><strong><em>Ι.</em></strong></span> 
     </span>
    </p>
   </div>
   <div class='ocr_carea' id='block_1_104' title="bbox 411 5790 1318 5867">
    <p class='ocr_par' dir='ltr' id='par_1_104' title="bbox 411 5790 1318 5867">
     <span class='ocr_line' id='line_1_104' title="bbox 411 5790 1318 5867; baseline -0.028 0"><span class='ocrx_word' id='word_1_811' title='bbox 411 5792 528 5867; x_wconf 72' lang='grc'><strong><em>(⁵8)</em></strong></span> <span class='ocrx_word' id='word_1_812' title='bbox 572 5790 767 5849; x_wconf 75' lang='lat' dir='ltr'><strong><em>Deesse</em></strong></span> <span class='ocrx_word' id='word_1_813' title='bbox 800 5795 1011 5853; x_wconf 77' lang='lat' dir='ltr'><strong><em>videtur</em></strong></span> <span class='ocrx_word' id='word_1_814' title='bbox 1049 5790 1318 5850; x_wconf 83' lang='lat' dir='ltr'><strong><em>nonnihil.</em></strong></span> 
     </span>
    </p>
   </div>
   <div class='ocr_carea' id='block_1_105' title="bbox 2030 4824 3617 4905">
    <p class='ocr_par' dir='ltr' id='par_1_105' title="bbox 2030 4824 3617 4905">
     <span class='ocr_line' id='line_1_105' title="bbox 2030 4824 3617 4905; baseline -0.006 -18"><span class='ocrx_word' id='word_1_815' title='bbox 2030 4834 2126 4905; x_wconf 92' lang='lat' dir='ltr'><strong><em>qui</em></strong></span> <span class='ocrx_word' id='word_1_816' title='bbox 2162 4833 2464 4901; x_wconf 65' lang='lat' dir='ltr'><strong><em>Scriptura:</em></strong></span> <span class='ocrx_word' id='word_1_817' title='bbox 2494 4831 2739 4883; x_wconf 90' lang='lat' dir='ltr'><strong><em>locorum</em></strong></span> <span class='ocrx_word' id='word_1_818' title='bbox 2788 4824 3238 4895; x_wconf 86' lang='lat' dir='ltr'><strong><em>consequentiam</em></strong></span> <span class='ocrx_word' id='word_1_819' title='bbox 3283 4830 3521 4878; x_wconf 87' lang='lat' dir='ltr'><strong><em>tractare</em></strong></span> <span class='ocrx_word' id='word_1_820' title='bbox 3556 4836 3617 4877; x_wconf 84' lang='lat' dir='ltr'><strong><em>se</em></strong></span> 
     </span>
    </p>
   </div>
   <div class='ocr_carea' id='block_1_106' title="bbox 2032 4915 3613 4992">
    <p class='ocr_par' dir='ltr' id='par_1_106' title="bbox 2032 4915 3613 4992">
     <span class='ocr_line' id='line_1_106' title="bbox 2032 4915 3613 4992; baseline -0.005 -17"><span class='ocrx_word' id='word_1_821' title='bbox 2032 4923 2378 4992; x_wconf 80' lang='lat' dir='ltr'><strong><em>proﬁtentur,</em></strong></span> <span class='ocrx_word' id='word_1_822' title='bbox 2416 4921 2527 4974; x_wconf 92' lang='lat' dir='ltr'><strong><em>vim</em></strong></span> <span class='ocrx_word' id='word_1_823' title='bbox 2560 4934 2623 4973; x_wconf 93' lang='lat' dir='ltr'><strong><em>ac</em></strong></span> <span class='ocrx_word' id='word_1_824' title='bbox 2657 4934 2880 4974; x_wconf 88' lang='lat' dir='ltr'><strong><em>sensum</em></strong></span> <span class='ocrx_word' id='word_1_825' title='bbox 2915 4916 3007 4987; x_wconf 91' lang='lat' dir='ltr'><strong><em>qui</em></strong></span> <span class='ocrx_word' id='word_1_826' title='bbox 3044 4916 3097 4971; x_wconf 93' lang='lat' dir='ltr'><strong><em>in</em></strong></span> <span class='ocrx_word' id='word_1_827' title='bbox 3131 4916 3239 4970; x_wconf 91' lang='lat' dir='ltr'><strong><em>illis</em></strong></span> <span class='ocrx_word' id='word_1_828' title='bbox 3276 4915 3613 4979; x_wconf 88' lang='lat' dir='ltr'><strong><em>continetur,</em></strong></span> 
     </span>
    </p>
   </div>
   <div class='ocr_carea' id='block_1_107' title="bbox 2029 5006 3613 5086">
    <p class='ocr_par' dir='ltr' id='par_1_107' title="bbox 2029 5006 3613 5086">
     <span class='ocr_line' id='line_1_107' title="bbox 2029 5006 3613 5086; baseline -0.006 -17"><span class='ocrx_word' id='word_1_829' title='bbox 2029 5016 2302 5086; x_wconf 79' lang='lat' dir='ltr'><strong><em>ignorent.</em></strong></span> <span class='ocrx_word' id='word_1_830' title='bbox 2368 5012 2491 5068; x_wconf 68' lang='lat' dir='ltr'><strong><em>llaec</em></strong></span> <span class='ocrx_word' id='word_1_831' title='bbox 2532 5012 2675 5067; x_wconf 91' lang='lat' dir='ltr'><strong><em>enim</em></strong></span> <span class='ocrx_word' id='word_1_832' title='bbox 2707 5011 2869 5066; x_wconf 75' lang='lat' dir='ltr'><strong><em>verba</em></strong></span> <span class='ocrx_word' id='word_1_833' title='bbox 2916 5028 2931 5064; x_wconf 91' lang='lat'><strong>:</strong></span> <span class='ocrx_word' id='word_1_834' title='bbox 2970 5008 3234 5077; x_wconf 86' lang='lat' dir='ltr'><strong><em>Suscipite</em></strong></span> <span class='ocrx_word' id='word_1_835' title='bbox 3292 5006 3613 5077; x_wconf 82' lang='lat' dir='ltr'><strong><em>pontiﬁcem,</em></strong></span> 
     </span>
    </p>
   </div>
   <div class='ocr_carea' id='block_1_108' title="bbox 2030 5101 3619 5179">
    <p class='ocr_par' dir='ltr' id='par_1_108' title="bbox 2030 5101 3619 5179">
     <span class='ocr_line' id='line_1_108' title="bbox 2030 5101 3619 5179; baseline -0.005 -18"><span class='ocrx_word' id='word_1_836' title='bbox 2030 5108 2235 5179; x_wconf 74' lang='lat' dir='ltr'><strong><em>ﬁdelem</em></strong></span> <span class='ocrx_word' id='word_1_837' title='bbox 2284 5108 2332 5161; x_wconf 89' lang='lat' dir='ltr'><strong><em>ei</em></strong></span> <span class='ocrx_word' id='word_1_838' title='bbox 2373 5106 2462 5176; x_wconf 85' lang='lat' dir='ltr'><strong><em>qui</em></strong></span> <span class='ocrx_word' id='word_1_839' title='bbox 2510 5122 2567 5160; x_wconf 84' lang='lat' dir='ltr'><strong><em>se</em></strong></span> <span class='ocrx_word' id='word_1_840' title='bbox 2611 5105 2755 5172; x_wconf 65' lang='lat' dir='ltr'><strong><em>fecit,</em></strong></span> <span class='ocrx_word' id='word_1_841' title='bbox 2800 5104 2937 5158; x_wconf 90' lang='lat' dir='ltr'><strong><em>nihil</em></strong></span> <span class='ocrx_word' id='word_1_842' title='bbox 2991 5102 3060 5157; x_wconf 89' lang='lat' dir='ltr'><strong><em>ad</em></strong></span> <span class='ocrx_word' id='word_1_843' title='bbox 3117 5101 3456 5156; x_wconf 86' lang='lat' dir='ltr'><strong><em>divinitatem</em></strong></span> <span class='ocrx_word' id='word_1_844' title='bbox 3492 5114 3619 5169; x_wconf 83' lang='lat' dir='ltr'><strong><em>spe-</em></strong></span> 
     </span>
    </p>
   </div>
   <div class='ocr_carea' id='block_1_109' title="bbox 2030 5191 3617 5267">
    <p class='ocr_par' dir='ltr' id='par_1_109' title="bbox 2030 5191 3617 5267">
     <span class='ocr_line' id='line_1_109' title="bbox 2030 5191 3617 5267; baseline -0.006 -13"><span class='ocrx_word' id='word_1_845' title='bbox 2030 5206 2203 5254; x_wconf 84' lang='lat' dir='ltr'><strong><em>ctant.</em></strong></span> <span class='ocrx_word' id='word_1_846' title='bbox 2244 5197 2526 5267; x_wconf 84' lang='lat' dir='ltr'><strong><em>Siquidem</em></strong></span> <span class='ocrx_word' id='word_1_847' title='bbox 2571 5195 2714 5250; x_wconf 92' lang='lat' dir='ltr'><strong><em>Deus</em></strong></span> <span class='ocrx_word' id='word_1_848' title='bbox 2769 5194 3012 5257; x_wconf 89' lang='lat' dir='ltr'><strong><em>advenit,</em></strong></span> <span class='ocrx_word' id='word_1_849' title='bbox 3068 5192 3364 5262; x_wconf 88' lang='lat' dir='ltr'><strong><em>omniaque</em></strong></span> <span class='ocrx_word' id='word_1_850' title='bbox 3403 5191 3617 5262; x_wconf 87' lang='lat' dir='ltr'><strong><em>perspi-</em></strong></span> 
     </span>
    </p>
   </div>
   <div class='ocr_carea' id='block_1_110' title="bbox 2032 5283 3616 5356">
    <p class='ocr_par' dir='ltr' id='par_1_110' title="bbox 2032 5283 3616 5356">
     <span class='ocr_line' id='line_1_110' title="bbox 2032 5283 3616 5356; baseline -0.006 -9"><span class='ocrx_word' id='word_1_851' title='bbox 2032 5309 2139 5347; x_wconf 89' lang='lat' dir='ltr'><strong><em>cue</em></strong></span> <span class='ocrx_word' id='word_1_852' title='bbox 2177 5291 2338 5346; x_wconf 85' lang='lat' dir='ltr'><strong><em>nobis</em></strong></span> <span class='ocrx_word' id='word_1_853' title='bbox 2371 5287 2546 5345; x_wconf 87' lang='lat' dir='ltr'><strong><em>sacris</em></strong></span> <span class='ocrx_word' id='word_1_854' title='bbox 2574 5289 2629 5344; x_wconf 90' lang='lat' dir='ltr'><strong><em>in</em></strong></span> <span class='ocrx_word' id='word_1_855' title='bbox 2662 5288 2885 5344; x_wconf 85' lang='lat' dir='ltr'><strong><em>Litteris</em></strong></span> <span class='ocrx_word' id='word_1_856' title='bbox 2919 5286 3264 5356; x_wconf 76' lang='lat' dir='ltr'><strong><em>explicantur</em></strong></span> <span class='ocrx_word' id='word_1_857' title='bbox 3290 5299 3304 5337; x_wconf 91' lang='lat'><strong>:</strong></span> <span class='ocrx_word' id='word_1_858' title='bbox 3332 5283 3387 5338; x_wconf 89' lang='lat' dir='ltr'><strong><em>in</em></strong></span> <span class='ocrx_word' id='word_1_859' title='bbox 3415 5283 3616 5353; x_wconf 87' lang='lat' dir='ltr'><strong><em>quibus</em></strong></span> 
     </span>
    </p>
   </div>
   <div class='ocr_carea' id='block_1_111' title="bbox 2032 5375 3617 5452">
    <p class='ocr_par' dir='ltr' id='par_1_111' title="bbox 2032 5375 3617 5452">
     <span class='ocr_line' id='line_1_111' title="bbox 2032 5375 3617 5452; baseline -0.008 -15"><span class='ocrx_word' id='word_1_860' title='bbox 2032 5384 2312 5452; x_wconf 86' lang='lat' dir='ltr'><strong><em>obliquum</em></strong></span> <span class='ocrx_word' id='word_1_861' title='bbox 2348 5382 2484 5435; x_wconf 88' lang='lat' dir='ltr'><strong><em>nihil</em></strong></span> <span class='ocrx_word' id='word_1_862' title='bbox 2521 5387 2607 5436; x_wconf 89' lang='lat' dir='ltr'><strong><em>est</em></strong></span> <span class='ocrx_word' id='word_1_863' title='bbox 2650 5390 2744 5435; x_wconf 89' lang='lat' dir='ltr'><strong><em>aut</em></strong></span> <span class='ocrx_word' id='word_1_864' title='bbox 2774 5379 3112 5450; x_wconf 77' lang='lat' dir='ltr'><strong><em>perplexum,</em></strong></span> <span class='ocrx_word' id='word_1_865' title='bbox 3146 5376 3241 5431; x_wconf 87' lang='lat' dir='ltr'><strong><em>sed</em></strong></span> <span class='ocrx_word' id='word_1_866' title='bbox 3270 5375 3449 5431; x_wconf 83' lang='lat' dir='ltr'><strong><em>omnia</em></strong></span> <span class='ocrx_word' id='word_1_867' title='bbox 3477 5388 3617 5441; x_wconf 65' lang='lat' dir='ltr'><strong><em>prae-</em></strong></span> 
     </span>
    </p>
   </div>
   <div class='ocr_carea' id='block_1_112' title="bbox 2032 5465 3614 5545">
    <p class='ocr_par' dir='ltr' id='par_1_112' title="bbox 2032 5465 3614 5545">
     <span class='ocr_line' id='line_1_112' title="bbox 2032 5465 3614 5545; baseline -0.008 -17"><span class='ocrx_word' id='word_1_868' title='bbox 2032 5474 2204 5528; x_wconf 86' lang='lat' dir='ltr'><strong><em>sentia</em></strong></span> <span class='ocrx_word' id='word_1_869' title='bbox 2238 5472 2650 5545; x_wconf 78' lang='lat' dir='ltr'><strong><em>intelligentibus</em></strong></span> <span class='ocrx_word' id='word_1_870' title='bbox 2673 5486 2693 5536; x_wconf 88' lang='lat'><strong><em>;</em></strong></span> <span class='ocrx_word' id='word_1_871' title='bbox 2736 5480 2786 5525; x_wconf 86' lang='lat' dir='ltr'><strong><em>et</em></strong></span> <span class='ocrx_word' id='word_1_872' title='bbox 2828 5478 2972 5525; x_wconf 84' lang='lat' dir='ltr'><strong><em>recta</em></strong></span> <span class='ocrx_word' id='word_1_873' title='bbox 3033 5466 3411 5524; x_wconf 76' lang='lat' dir='ltr'><strong><em>invenientibus</em></strong></span> <span class='ocrx_word' id='word_1_874' title='bbox 3441 5465 3614 5517; x_wconf 81' lang='lat' dir='ltr'><strong><em>scien-</em></strong></span> 
     </span>
    </p>
   </div>
   <div class='ocr_carea' id='block_1_113' title="bbox 2358 5628 2785 5694">
    <p class='ocr_par' dir='ltr' id='par_1_113' title="bbox 2358 5628 2785 5694">
     <span class='ocr_line' id='line_1_113' title="bbox 2358 5628 2785 5694; baseline 0.002 -10"><span class='ocrx_word' id='word_1_875' title='bbox 2358 5632 2378 5662; x_wconf 80' lang='lat'><strong>&quot;</strong></span> <span class='ocrx_word' id='word_1_876' title='bbox 2419 5630 2540 5684; x_wconf 79' lang='lat' dir='ltr'><strong><em>Act.</em></strong></span> <span class='ocrx_word' id='word_1_877' title='bbox 2586 5645 2657 5694; x_wconf 83' lang='lat' dir='ltr'><strong><em>Iv,</em></strong></span> <span class='ocrx_word' id='word_1_878' title='bbox 2702 5628 2785 5685; x_wconf 81' lang='grc'><strong><em>10.</em></strong></span> 
     </span>
    </p>
   </div>
  </div>
