4012 6210
358 379 430 438 95

1752 367 1810 424 S.
1853 367 2194 426 EPIPHANII

3573 370 3645 429 96

355 498 408 554 si
458 495 526 551 ad
578 493 840 551 asternam
894 493 1045 548 illam
1100 491 1436 563 Sapientiam
1479 489 1809 546 referantur.
1858 490 1950 546 Sic

2058 490 2295 558 λιοῦται;
2346 490 2460 554 πῶς
2512 489 2570 544 δέ
2612 489 2672 543 τὸ
2722 488 3044 561 κτιζόμενον
3092 490 3382 559 γεννᾶται;
3429 491 3491 548 Εί
3537 493 3646 566 γὰρ

359 590 508 646 enim
541 588 788 658 loquitur
819 605 830 641 :
873 584 1085 641 Creavit
1123 600 1203 638 me
1242 584 1560 654 principium
1586 583 1793 636 viarum
1824 599 1952 636 sua-

361 698 482 737 rum
529 682 584 734 in
632 695 793 749 opera
828 680 1016 748 ipsius,
1075 686 1198 732 ante
1249 676 1506 731 swcutum
1544 673 1789 744 fundavit
1826 689 1949 729 me:

359 783 482 830 ante
513 773 673 830 colles
703 789 885 828 omnes
933 771 1110 843 genuit
1150 786 1232 824 me
1256 770 1298 822 '.
1359 765 1481 821 Jam
1514 783 1646 823 vero
1693 767 1839 838 quod
1873 769 1954 838 gi-

357 869 563 939 gnitur,
613 881 723 938 qua
777 865 998 920 tandem
1048 863 1264 918 ratione
1308 858 1608 914 fundatur?
1667 858 1953 927 Quomodo

359 976 494 1016 vero
531 959 775 1031 gignitur
808 957 863 1012 id
894 955 1041 1027 quod
1073 953 1248 1008 creari
1275 951 1515 1007 dicitur?
1541 949 1678 1006 Nam
1707 951 1755 1007 si
1797 966 1953 1006 crea-

361 1061 476 1107 tum
503 1060 612 1117 est,
646 1067 756 1106 non
791 1059 876 1105 est
919 1046 1171 1118 profecto
1201 1044 1445 1116 genitum
1475 1063 1488 1100 :
1525 1059 1628 1100 nos
1654 1037 1799 1100 en’im
1829 1058 1951 1114 quae

360 1145 662 1217 gignimus,
720 1143 998 1203 creanius,
1064 1145 1120 1194 ct
1170 1154 1294 1208 quae
1340 1153 1717 1208 procreamus,
1773 1137 1952 1207 gigni-

363 1251 487 1292 mus
520 1256 534 1290 :
567 1235 769 1304 quippe
813 1231 983 1286 creati
1023 1245 1125 1286 nos
1163 1246 1379 1296 sumus,
1415 1238 1469 1284 ct
1495 1246 1618 1301 quae
1651 1231 1954 1301 gignuntur

364 1342 395 1380 a
429 1325 606 1391 nobis,
657 1334 842 1380 creata
891 1329 1044 1378 sunt.
1095 1321 1155 1376 In
1186 1322 1434 1379 increato
1487 1339 1619 1378 vero
1653 1321 1763 1377 Deo
1801 1321 1949 1392 quod

362 1419 625 1488 gignitur,
659 1425 903 1472 creatum
931 1431 1053 1471 esse
1081 1431 1192 1470 non
1225 1425 1436 1487 potest;
1471 1416 1519 1472 si
1549 1415 1698 1471 enim
1737 1415 1948 1486 genuit,

364 1525 475 1564 non
537 1511 763 1564 creavit.
797 1508 1005 1575 Quodsi
1049 1519 1338 1579 postquam
1373 1500 1582 1563 creavit
1622 1508 1818 1562 iterum
1859 1522 1952 1577 ge-

363 1600 553 1658 nuisse
585 1600 823 1664 dicatur,
860 1601 1138 1670 quomodo
1183 1601 1235 1655 id
1277 1599 1424 1672 quod
1478 1600 1748 1672 principio
1793 1615 1949 1654 crea-

362 1702 476 1747 tum
504 1699 609 1756 est,
648 1701 838 1762 postea
875 1692 1159 1763 gignitur?
1187 1691 1550 1758 Quamobrem
1609 1690 1656 1746 si
1702 1690 1770 1746 de
1797 1691 1953 1747 Chri-

362 1790 452 1837 sto
493 1799 615 1854 quae
650 1785 704 1837 in
742 1784 835 1839 illo
867 1785 988 1838 loco
1020 1785 1304 1848 dicuntur,
1337 1782 1660 1854 accipienda
1694 1794 1844 1850 sunt,
1881 1784 1950 1839 ad

2055 584 2309 650 κτιστὸν,
2357 581 2419 634 οὑ
2466 580 2757 652 γεννητόν·
2803 583 2970 652 ἡμεῖς
3009 582 3120 653 γὰρ
3163 579 3200 635 ἃ
3252 583 3532 656 γεννῶμεν
3581 586 3645 639 οὐ

2054 673 2313 746 κτίξομεν
2347 674 2484 746 (45),
2522 673 2619 729 καὶ
2651 672 2686 727 ἃ
2720 672 2980 743 κτίζομεν
3021 675 3083 726 οὐ
3117 675 3434 746 γεννῶμεν
3479 676 3648 747 ἐσμὲν

2052 766 2162 836 γὰρ
2183 765 2520 832 κτιστοὶ,καὶ
2566 764 2636 818 τὰ
2661 765 2750 834 ὑφ’
2771 765 2930 836 ἡμῶν
2951 764 3265 837 γεννώμενα
3295 767 3644 839 κτιστάμίῆ.

2066 859 2156 913 Ἐν
2183 858 2303 930 Θεῷ
2344 857 2400 912 δὲ
2431 856 2511 930 τῷ
2553 856 2817 927 ἀκτίστῳ,
2851 855 2913 909 τὸ
2943 856 3190 927 γέννημα
3219 857 3280 910 οὐ
3314 859 3562 912 κτιστόνο
3599 862 3650 914 εἰ

2051 951 2164 1023 γὰρ
2196 950 2490 1022 ἐγέννησεν
2511 988 2526 1014 ,
2564 949 2666 1002 οὐκ
2706 947 2957 1002 ἔκτισεν·
2992 949 3042 1000 εί
3096 936 3154 1002 δὲ
3188 948 3327 1019 μετά
3360 949 3420 1002 τὸ
3463 951 3649 1005 κτίσαι

2052 1043 2216 1098 πάλιν
2243 1043 2568 1115 γεγέννηκε,
2603 1040 2722 1105 πῶς
2749 1040 2858 1113 ἄρα
2881 1040 2946 1094 τὸ
2984 1041 3199 1113 πρῶτον
3231 1042 3452 1096 κτισθὲν
3487 1043 3648 1097 ὓστε-

2054 1153 2148 1208 ρον
2179 1137 2480 1207 γεννᾶται;
2525 1135 2589 1188 Εί
2630 1135 2812 1189 τοίνυν
2844 1136 2975 1208 περὶ
3005 1133 3172 1188 αὑτοῦ
3214 1135 3331 1187 ἐστι
3371 1135 3443 1189 τὰ
3489 1135 3646 1206 λεγόο

2056 1245 2213 1300 μενα,
2255 1230 2334 1292 εἰς
2362 1227 2463 1299 τὴν
2499 1226 2764 1297 ἔνσαρκον
2814 1227 3134 1299 οἰκονομίαν
3174 1226 3506 1300 πληροῦται.
3536 1229 3649 1282 Καὶ

2051 1323 2139 1377 διὰ
2169 1320 2328 1375 τοῦτο
2356 1321 2426 1375 τὰ
2453 1320 2726 1392 ἐγγύτερα
2759 1320 2977 1394 πρῶτον
3006 1321 3176 1391 λέγει,
3207 1323 3304 1374 καὶ
3336 1321 3404 1376 τὰ
3429 1322 3651 1395 ἀρχαιό-

2052 1429 2189 1485 τερα
2219 1413 2448 1487 ὖστερον
2479 1413 2770 1484 διηγεῖται.
2801 1414 2994 1467 Πεῖσαι
3027 1413 3138 1485 γὰρ
3168 1412 3488 1485 ἀνθρώπους
3519 1415 3648 1480 τοὺς

2052 1507 2337 1576 ἐγγυτάτω
2392 1506 2750 1578 βουλόμενος,
2798 1506 2907 1560 ἀπὸ
2950 1505 3153 1579 σαρκὸς
3191 1507 3452 1578 ᾶρχεται”
3501 1507 3648 1578 ἀρχὴ

2052 1600 2164 1670 γὰρ
2197 1599 2334 1652 ὁδῶν
2361 1599 2463 1670 τῆς
2503 1597 2854 1668 δικαιοσύνης
2881 1597 2974 1652 τοῦ
3005 1596 3342 1666 Εὑαγγελίου
3371 1596 3454 1665 τὸ,
3483 1597 3648 1666 Σὰρξ

2053 1691 2186 1760 ἡμῖν
2218 1692 2252 1743 ὀ
2304 1691 2497 1759 Λόγος
2547 1691 2604 1743 ἐν
2661 1688 2853 1760 Μαρίᾳ
2884 1687 3143 1758 ἐγένετο,
3184 1686 3332 1760 ψυχή
3367 1703 3429 1741 τε
3475 1689 3534 1742 ἐν
3576 1689 3645 1758 τῇ

2053 1782 2223 1852 αὐτῆς
2262 1781 2426 1854 σαρκὶ
2463 1779 2885 1850 τεθεμελίωται“
2933 1780 3019 1834 ἵνα
3051 1779 3120 1834 τὰ
3153 1779 3404 1852 ἀνώτερα
3443 1777 3649 1850 ὕστερα

362 1872 511 1929 illius
577 1873 1013 1928 incarnationem
1076 1871 1413 1928 referuntur.
1471 1871 1767 1943 Propterea
1829 1885 1952 1942 qua!I

2059 1874 2230 1948 δείξῃ.
2279 1873 2528 1946 Λέγομεν
2585 1873 2643 1927 δὲ
2686 1875 2752 1927 ἐκ
2803 1872 3022 1927 κόλπων
3067 1872 3340 1946 πατρῴων
3387 1872 3494 1927 ἀπὸ
3530 1873 3642 1928 τῶν

361 1965 756 2037 propinquiora
799 1974 951 2031 sunt,
983 1967 1162 2036 primo
1204 1967 1324 2021 loco
1361 1969 1760 2020 commemorat
1783 2002 1799 2027 ,
1833 1969 1950 2018 tum

2059 1963 2309 2036 οὐρανῶν
2341 1963 2597 2033 γενέσθαι
2644 1965 2738 2018 ἐπὶ
2797 1964 2898 2037 τὴν
2936 1964 3075 2036 γῆνο
3127 1965 3252 2018 ἐπεὶ
3303 1960 3467 2037 ἦλθεν
3515 1966 3652 2034 ἡμῖν

362 2055 674 2125 antiquiora
700 2055 946 2126 subiicit.
969 2055 1105 2110 Nam
1133 2072 1259 2110 cum
1283 2055 1490 2110 citimis
1508 2054 1826 2110 hominibus
1844 2053 1952 2126 49

2059 2055 2288 2129 ὕστερον
2331 2055 2433 2128 τὴν
2484 2057 2666 2111 πᾶσαν
2719 2056 3036 2128 οἰκονομίαν
3070 2056 3318 2121 τελέσας.
3365 2056 3481 2111 Οὐκ
3540 2055 3652 2127 ἄρα

362 2148 698 2216 persuadere
736 2147 890 2211 velit,
939 2162 970 2201 a
1010 2161 1178 2202 carne
1210 2146 1363 2201 ducit
1400 2145 1710 2201 exordium.
1742 2145 1952 2216 Quippe

2058 2147 2236 2203 τοίνυν
2283 2148 2501 2212 κτιστδς
2527 2149 2556 2201 ό
2589 2148 2784 2216 Λόγος,
2819 2149 2894 2221 μὴ
2921 2147 3162 2217 γένοιτοί
3211 2149 3304 2202 καὶ
3342 2148 3497 2203 οὐδὲν
3523 2165 3652 2201 σκο-

361 2237 693 2306 evangelicae
734 2237 963 2306 iustitiae
990 2239 1204 2291 viarum
1235 2235 1451 2290 initium
1486 2235 1631 2290 istud
1659 2245 1746 2294 est
1780 2253 1792 2291 :
1831 2235 1952 2290 Ver-

2058 2238 2170 2293 λιδν
2199 2241 2511 2311 γεννήσειεν
2558 2240 2592 2310 ἡ
2636 2239 2755 2294 Θεία
2797 2240 2993 2312 Γραφὴ
3045 2243 3125 2306 είς
3163 2241 3319 2298 οὐδὲν
3363 2241 3425 2295 τὸ
3470 2241 3650 2314 παρά-

364 2327 488 2381 bum
523 2345 650 2382 caro
687 2328 847 2386 nobis
879 2330 932 2384 in
966 2329 1136 2384 Maria
1164 2329 1368 2396 factum
1399 2339 1477 2383 est
1503 2331 1562 2395 ²;
1594 2330 1776 2383 anima
1823 2343 1956 2384 vero
2061 2347 2192 2386 παν.

364 2417 422 2472 in
477 2419 652 2489 ipsius
711 2436 882 2476 carne
932 2419 1184 2486 fundata,
1233 2429 1292 2476 ut
1351 2436 1473 2492 quae
1526 2421 1813 2492 superiora
1861 2430 2013 2488 sunt,
2066 2423 2372 2494 posteriora
2427 2423 2787 2482 demonstret.
2837 2425 3105 2482 Caeterum
3166 2443 3197 2484 c
3252 2434 3482 2499 paterno
3526 2427 3651 2481 sinu

363 2513 582 2572 coalitus
621 2515 888 2587 allapsum
937 2516 993 2572 in
1033 2524 1214 2573 terras
1243 2516 1416 2574 fuisse
1455 2517 1691 2581 dicimus
1739 2536 1753 2572 :

1811 2518 2256 2590 quandoquidem
2288 2519 2356 2574 ad
2401 2535 2502 2576 nos
2535 2525 2724 2590 postea
2758 2534 2819 2574 se
2843 2519 3094 2584 contulit,
3140 2535 3294 2576 suam
3333 2530 3391 2576 ut
3425 2536 3644 2577 omnem

363 2606 895 2663 administrationem
923 2607 1228 2678 perﬁceret.
1279 2606 1549 2674 Quocirca
1593 2605 1832 2663 Verbum
1874 2618 2120 2664 creatum
2164 2612 2284 2665 non'
2325 2608 2426 2665 fuit

2489 2628 2504 2666 :
2560 2609 2784 2666 minime
2827 2608 2880 2665 id
2925 2624 3086 2678 vero;
3137 2625 3314 2681 neque
3347 2612 3646 2683 quidquam

362 2707 671 2756 tortuosum
717 2709 773 2756 et
813 2700 1096 2772 obliquum
1126 2699 1295 2756 ullam
1336 2699 1392 2755 in
1444 2714 1558 2755 rem
1594 2699 1756 2756 nobis
1802 2699 2088 2772 Scriptura
2120 2702 2424 2773 pr0p05uit.

433 2817 621 2874 XLIV.
645 2817 775 2890 plmo
809 2833 939 2874 vero
977 2818 1200 2889 proprie
1243 2817 1393 2889 loqui
1423 2817 1471 2875 si
1505 2817 1761 2883 velimus,
1799 2816 1945 2889 apud

362 2908 693 2981 interpretes
742 2924 853 2964 non
918 2909 994 2964 ita
1055 2908 1218 2964 lectio
1266 2909 1373 2965 ista
1435 2909 1764 2982 concipitur.
1811 2907 1948 2965 Nam

362 3002 560 3073 Aquila
595 3002 678 3057 sic
705 3001 945 3057 reddidit
981 3019 996 3056 :
1027 3001 1288 3056 Dominus
1319 3003 1596 3075 acquisivit
1629 3019 1731 3059 me.
1761 3001 1950 3070 Quan-

2125 2816 2256 2874 MA'.
2295 2816 2456 2872 Ἀλλὰ
2480 2817 2574 2872 καὶ
2629 2816 2791 2888 φύσει
2831 2817 2984 2890 παρὰ
3011 2820 3125 2885 τοῖς
3159 2796 3522 2893 ἑρμηνευταϊς
3551 2824 3652 2898 οὐχ

2053 2909 2227 2975 οὕτως
2249 2909 2522 2964 ἐκδέδοται
2550 2911 2583 2982 ἡ
2616 2909 2784 2976 λέξις.
2819 2909 3055 2976 ’Λκύλας
3076 2914 3174 2982 μὲν
3199 2912 3308 2987 γάρ
3337 2931 3471 2986 φησι
3497 2933 3511 2947 ο
3539 2919 3653 2971 Κύ-

2047 3021 2182 3072 ριος
2213 3003 2500 3060 ἐκτίσατό
2525 3008 2544 3038 ⁸
2560 3024 2639 3078 με
2669 3007 2812 3080 (47)*
2843 3008 3143 3081 ἐπειδήπερ
3173 3010 3232 3064 ἐν
3261 3011 3339 3083 τῷ
3376 3012 3651 3085 Ἑϐραῖκῷ

363 3093 658 3164 doquidem
716 3094 772 3149 in
819 3093 1049 3150 Hebraeo
1097 3095 1179 3151 sic
1228 3096 1698 3168 legiturzAdonai
1733 3097 1949 3154 canani.

2058 3096 2239 3164 λέγει·
2283 3096 2525 3154 Ἆὸωνατ
2591 3102 2804 3156 καναΐ·
2859 3101 2997 3173 ὅπερ
3055 3100 3215 3156 τοῦτο
3263 3105 3648 3177 ἑρμηνεύεται,

363 3185 520 3252 Quod
551 3187 626 3241 ita
670 3186 750 3240 uti
793 3186 1052 3252 diximus,
1093 3187 1444 3256 interpretari
1477 3205 1798 3258 possumus.
1841 3189 1950 3245 Sed

365 3285 420 3332 ct
451 3292 554 3331 nos
580 3290 705 3330 cum
741 3275 809 3331 de
844 3276 1120 3347 susceptis
1162 3278 1351 3333 liberis
1380 3277 1617 3349 agimus.
1654 3281 1955 3349 acquisitos

367 3369 440 3424 ab
477 3369 665 3440 aliquo
705 3385 828 3425 esse
864 3371 1048 3428 dicere
1081 3373 1345 3430 solemus.
1374 3373 1478 3440 Qui
1500 3375 1722 3445 quidem
1757 3392 1954 3433 sensus

367 3461 474 3517 loci
504 3461 652 3518 illius
702 3464 1030 3520 sententiam
1083 3480 1191 3520 non
1233 3465 1314 3522 sic
1342 3466 1676 3537 obsignavit,
1708 3476 1765 3523 ut
1815 3470 1956 3526 alius

367 3555 774 3612 accommodari
821 3565 1076 3627 nequeat.
1121 3558 1335 3629 Quippe
1383 3560 1572 3616 eadem
1611 3561 1950 3625 illa,Adouai

373 3648 608 3712 canani,
681 3647 942 3717 explicari
1009 3649 1113 3703 hoc
1163 3650 1327 3704 modo
1391 3653 1950 3721 possuntzbominus

366 3737 524 3813 quasi
563 3737 768 3807 pullum
813 3740 991 3809 genuit
1041 3756 1140 3794 me.
1184 3738 1323 3795 llinc
1373 3741 1570 3798 Petrus
1613 3743 1817 3800 diserte
1865 3746 1951 3803 his

368 3826 558 3881 verbis
589 3826 722 3880 illud
759 3831 1032 3898 expressit
1065 3845 1081 3884 :
1113 3827 1270 3882 Hunc
1293 3829 1498 3897 Iesum,
1528 3848 1679 3903 quem
1714 3850 1802 3889 vos
1829 3851 1955 3888 cru-

367 3917 620 3986 eiﬁxistis
641 3918 684 3971 ³.
726 3917 847 3973 Non
895 3918 1032 3973 dixit
1062 3918 1230 3993 Deum
1260 3919 1497 3976 Verbum
1549 3925 1768 3980 cmlitus
1815 3927 1954 3980 alla-

369 4023 551 4080 psum,
593 4009 686 4065 sed
717 4025 844 4064 cum
887 4011 980 4081 qui
1017 4025 1187 4066 carne
1233 4020 1472 4077 constat,
1513 4030 1676 4085 quam
1717 4031 1782 4070 ex
1813 4016 1954 4071 coelo

368 4099 709 4157 descendens
753 4100 993 4157 Verbum
1039 4103 1094 4158 in
1130 4102 1336 4159 Maria:-
1363 4113 1519 4162 utero
1561 4106 1804 4178 genitam
1847 4105 1952 4164 sibi

363 4191 644 4262 copulavit
676 4211 690 4248 :
721 4193 892 4262 hunc,
926 4194 1150 4265 inquam
1174 4235 1190 4261 ,
1238 4196 1314 4251 ita
1346 4196 1551 4252 dictum
1592 4205 1818 4269 pr0pter
1855 4200 1955 4256 ho-

369 4287 538 4343 minis
571 4298 910 4358 assumptam
936 4301 967 4340 a
1004 4285 1238 4343 Domino
1273 4299 1550 4344 naturam.
1587 4290 1869 4362 Siquidem
1900 4299 1956 4348 et

450 4465 465 4495 ⁸
501 4462 657 4516 Prov.
688 4475 820 4532 vni.
847 4459 953 4532 2‘27
995 4475 1116 4530 sqq.
1194 4463 1220 4532 ’A
1249 4459 1406 4515 Joan.
1450 4479 1489 4530 ι,
1533 4463 1621 4519 14.
1693 4465 1716 4497 ³
1773 4466 1896 4520 Act.
1939 4478 2000 4532 ιι,

363 4537 385 4570 ⁵
407 4532 472 4591 F.
503 4530 717 4588 κανανί.
796 4530 818 4561 ⁸
843 4528 907 4586 F.
934 4528 1408 4603 ἀποκτεινόμενον.

372 4783 507 4840 diat.

444 4854 558 4928 (46)
587 4852 812 4928 Optima
847 4857 936 4911 illa
968 4856 1264 4928 Epiplianii
1297 4858 1683 4922 ratiocinatio,
1719 4867 1774 4915 et
1803 4859 1960 4916 tlico-

372 4924 531 5001 logige
577 4925 855 5001 studiosis
883 4924 1038 5001 valde
1074 4924 1264 4984 utilis:
1309 4929 1503 5001 nititur
1548 4937 1728 4985 tamen
1775 4945 1958 5001 gram-

373 4996 698 5072 maticorum
737 4997 914 5072 tricis.
944 5000 1036 5072 etii
1065 5000 1363 5054 iconstauti
1395 4999 1684 5072 verborum
1723 4996 1956 5072 us'urpa-

374 5067 541 5120 tione.
572 5065 644 5120 De
675 5065 869 5121 Latino
901 5071 1067 5123 verbo
1098 5085 1276 5122 creare
1323 5069 1522 5123 nemini
1548 5070 1801 5127 dubitare
1827 5065 1953 5128 licet

373 5137 504 5209 quin
543 5145 739 5209 praeter
777 5139 1054 5208 propriam
1103 5139 1563 5209 signiﬁcationem
1612 5157 1752 5196 vera:
1795 5158 1944 5198 crea-

376 5207 565 5279 tionis,
593 5207 708 5261 sive
738 5207 1119 5278 productionis
1145 5207 1244 5272 rei,
1275 5210 1344 5264 de
1373 5226 1478 5279 qua
1510 5211 1586 5266 nil
1618 5223 1774 5267 antea
1803 5215 1953 5269 exsi-

373 5278 552 5351 stebat
600 5293 864 5351 prorsus,
898 5279 1027 5333 illud
1052 5278 1420 5351 adhibuerim
1463 5281 1529 5334 ad
1579 5282 1950 5351 denotandum

373 5347 575 5420 facere.
609 5349 964 5420 constituere.
996 5349 1215 5420 eligere.
1253 5350 1326 5405 De
1375 5351 1565 5406 Graeco
1605 5361 1788 5408 autem
1826 5347 1952 5407 κτί-

373 5416 509 5492 ζειν,
541 5432 610 5473 ne
641 5418 794 5471 multi
829 5420 1003 5492 simus
1036 5416 1137 5492 hac
1167 5421 1226 5492 in
1263 5437 1342 5482 re,
1380 5430 1604 5492 praestat
1646 5424 1711 5477 ad
1748 5439 1952 5478 memo-

372 5487 510 5562 riam
551 5503 810 5562 revocare
852 5490 1031 5562 locum
1065 5487 1438 5562 S.Augustini
1470 5493 1523 5548 in
1563 5494 1705 5548 libro
1747 5492 1952 5562 Contra

371 5559 738 5633 adversarium
761 5559 888 5630 legis
915 5559 1506 5633 etprophetarumxap.
1527 5563 1617 5628 ‘35,
1657 5577 1779 5631 pag.
1840 5559 1943 5633 576

373 5627 510 5700 torni
556 5625 669 5700 VI_||
719 5625 877 5700 nova}
917 5625 1050 5686 edit.
1086 5625 1275 5688 'Paris.
1313 5633 1414 5688 Ubi
1447 5625 1570 5687 cum
1606 5625 1778 5700 plura
1809 5631 1942 5685 scri-

446 5697 578 5752 isset
599 5698 676 5771 de
709 5698 1106 5771 signiﬁcatione
1135 5703 1284 5759 vorbi
1319 5717 1500 5755 creare
1537 5697 1855 5771 denotantis
1894 5710 1949 5756 et

400 5769 581 5840 acere,
615 5769 859 5840 gignere,
895 5773 1262 5840 constituere,
1312 5779 1368 5824 et
1409 5771 1494 5840 liis
1533 5770 1768 5840 similia;
1815 5772 1948 5827 sub-

372 5834 556 5914 iungit
589 5834 803 5910 {Quod
846 5834 1022 5899 autem
1070 5834 1257 5899 erci—
1283 5839 1548 5910 appellant
1578 5834 1814 5908 κτίζειν,
1850 5841 1946 5901 hoc

2053 3188 2191 3262 ὅπερ
2225 3189 2547 3262 εἰρήκαμεν.
2615 3192 2726 3247 Καὶ
2759 3195 2923 3264 ἡμεῖς
2965 3194 3024 3248 δὲ
3053 3194 3196 3248 κατὰ
3227 3197 3328 3267 τὴν
3359 3199 3650 3270 συνήθειαν

2051 3279 2282 3353 λέγομεν
2316 3282 2576 3354 περὶτῶν
2600 3285 2930 3354 γενομένων,
2961 3288 3247 3342 Ἐκτίσατο
3277 3289 3465 3344 τέκνα.
3506 3291 3647 3346 Ἀλλ’

2051 3372 2172 3426 οὐδὲ
2223 3373 2368 3428 οὕτω
2399 3374 2500 3448 τὴν
2558 3375 2789 3449 δύναμιν
2828 3378 2932 3448 τῆς
2981 3381 3277 3453 ἑρμηνείας
3321 3383 3647 3456 ἐσφράγισε.

2052 3464 2128 3519 Τὸ
2148 3467 2257 3538 γὰρ
2299 3465 2551 3522 ’Λδωνατ
2597 3471 2778 3524 uarat
2809 3477 2852 3534 ⁵,
2901 3472 2995 3526 καὶ
3049 3472 3192 3527 οὕτω
3221 3474 3441 3529 δύναται
3473 3477 3650 3548 ἑρμη-

2055 3557 2328 3625 νεύεσθαι,
2365 3560 2580 3628 Κύριος
2602 3561 3032 3634 ἐνόσσευσέμε
3061 3562 3194 3634 (48).
3221 3566 3331 3619 Καὶ
3368 3566 3457 3621 διὰ
3483 3567 3650 3621 τοῦτο

2055 3650 2085 3704 ὁ
2141 3651 2350 3723 Πέτρος
2416 3652 2603 3721 σαφῶς
2668 3653 2975 3727 διαγορεύει
3016 3655 3225 3726 λέγων’
3273 3658 3499 3714 Τοῦτον
3544 3661 3650 3714 τὸν

2070 3741 2332 3811 Ἰησοῦν,
2391 3743 2465 3797 ὃν
2508 3745 2678 3814 ὑμεῖς
2727 3746 3171 3817 ἐσταιφώσατε.
3231 3750 3345 3804 Οὐκ
3395 3747 3518 3805 εἷπε
3560 3752 3651 3806 τὸν

2058 3837 2264 3892 ἄνωθεν
2313 3837 2447 3891 Θεὸν
2490 3839 2684 3908 Λόγον,
2734 3841 2890 3907 ἀλλὰ,
2963 3842 3182 3898 τοῦτον
3242 3845 3333 3897 τὸν
3377 3845 3505 3900 ὄντα
3551 3845 3650 3918 τὴν

2063 3929 2263 3999 σάρκα,
2322 3927 2422 4000 τὴν
2469 3929 2549 4000 τῷ
2599 3931 2805 3985 ἄνωθεν
2864 3933 3024 4006 Λόγῳ
3074 3936 3134 3990 ἐν
3181 3936 3380 4007 γαστρὶ
3428 3937 3650 4007 Μαρίας

2061 4020 2532 4091 συνειλημμένην·
2593 4020 2808 4077 τοῦτον
2848 4023 2906 4077 δὲ
2958 4025 3250 4098 λεγόμενον
3297 4025 3387 4081 διὰ
3421 4027 3512 4080 τὸν
3541 4028 3650 4082 ἀπὸ

2063 4109 2284 4181 Μαρίας
2319 4110 2597 4182 κυριακὸν
2660 4110 2982 4184 ἄνθρωπον
3024 4117 3081 4170 ἐν
3106 4117 3284 4189 τούτῳ
3319 4116 3429 4189 γὰρ
3460 4119 3551 4170 καὶ
3588 4117 3650 4170 τὸ

2060 4203 2492 4272 ἀποκτιζόμενον
2523 4204 2545 4236 ⁸
2575 4203 2901 4277 πληροῦται,
2929 4207 3004 4272 ὥς
3037 4227 3171 4281 φησι
3201 4210 3427 4280 Πέτρος
3461 4213 3649 4265 Θανα-

2060 4294 2269 4362 τωθεὶς
2298 4295 2501 4364 σαρκὶ,
2544 4295 2924 4367 ζωοποιηθεὶς
2952 4299 3021 4353 δὲ
3055 4301 3383 4370 πνεύματι·
3425 4302 3519 4355 καὶ
3545 4303 3648 4356 πά-

2059 4465 2152 4522 56.
2247 4467 2270 4498 ⁸
2302 4467 2366 4524 F.
2402 4470 2690 4545 ἐκτήσατο,
2722 4482 2784 4530 ιιι
2813 4481 2867 4532 et
2914 4483 3103 4546 postea
3159 4475 3430 4551 ἐκτήσατο
3455 4479 3643 4538 τέκνα.

446 4712 561 4802 (:45)
600 4711 891 4786 Negativas
943 4714 1248 4785 particulas
1298 4717 1574 4774 sententia
1628 4716 1749 4789 ipsa
1797 4733 1964 4791 repu-
1993 4729 2039 4786 ι)
2066 4723 2242 4802 nostri
2265 4725 2558 4802 aliquando
2578 4744 2796 4802 creare,
2843 4732 3134 4802 aliquando
3162 4735 3515 4800 constituere,
3544 4736 3646 4790 ali-

2060 4794 2274 4876 quando
2302 4794 2540 4876 condere
2569 4794 3004 4876 interpretantur,
3028 4794 3168 4876 quod
3188 4806 3478 4876 swpissﬁime
3503 4794 3645 4860 idem

2060 4867 2328 4935 signiﬁcat
2361 4869 2417 4920 in
2436 4868 2556 4944 _ill_is
2584 4867 2794 4944 (fueris,
2822 4867 3079 4944 quodest
3128 4867 3328 4930 facere.
3366 4875 3477 4930 llac
3505 4879 3642 4944 sola,

2057 4951 2233 5005 caque
2278 4938 2689 5008 expeditissima
2744 4938 3230 4998 animadversione
3287 4945 3433 5000 eludi
3487 4938 3643 5003 facile

2055 5018 2289 5075 possunt
2337 5024 2526 5078 omnes
2565 5009 2942 5066 cavillationes
2968 5055 2981 5078 ,
3019 5026 3155 5078 quas
3188 5014 3376 5068 Ariani
3410 5017 3646 5071 moliun-

2053 5086 2142 5159 tur
2164 5095 2227 5132 ex
2254 5093 2319 5132 eo
2352 5076 2768 5159 Proverbiorum
2811 5076 3076 5148 loco,’ubi
3107 5085 3372 5154 sapientia
3400 5087 3498 5152 ait,
3528 5087 3642 5141 Do—

2051 5157 2224 5201 minus
2245 5157 2441 5202 creavit
2468 5163 2567 5212 me,
2597 5157 2702 5204 etc.

2049 5218 2236 5341 39(47)
2291 5216 2494 5286 Repcte
2519 5234 2642 5289 qua:
2681 5219 2993 5277 monuimus
3021 5237 3187 5293 supra
3239 5225 3345 5280 col.
3393 5225 3484 5289 91,
3517 5233 3638 5283 not.

2123 5356 2247 5435 (48)_
2259 5357 2476 5424 Κύριος
2497 5357 2840 5435 ἐνόσᾳεοσέ
2867 5379 2963 5430 με.
2991 5363 3435 5435 ΕκῐηΕρίρΙιοηίἰ
3467 5364 3640 5422 inter-

2051 5429 2439 5506 pretationem,
2464 5444 2628 5506 quam
2663 5429 2929 5506 habemus
2955 5443 3008 5489 et
3032 5437 3086 5490 in
3111 5429 3346 5490 Pandrio
3369 5436 3434 5506 ad
3461 5435 3637 5506 biero-

2051 5497 2166 5577 sim.
2215 5496 2305 5561 69,
2357 5496 2510 5553 num'.
2540 5499 2632 5577 ἢὸ,
2676 5501 2858 5577 rejicit
2895 5502 3153 5577 Petavius
3193 5504 3638 5577 libroDelncar-

2051 5571 2363 5645 natione__t_l,
2396 5584 2519 5645 cap.
2550 5571 2602 5636 1,
2652 5571 2806 5645 num.
2831 5573 2885 5630 2.
2921 5575 3004 5630 An
3030 5578 3155 5645 jure
3175 5577 3261 5645 vel
3277 5575 3502 5645 injuria,
3522 5587 3636 5633 sta-

2051 5643 2208 5691 tuant
2230 5638 2342 5694 alii.
2395 5639 2542 5696 Satis
2585 5644 2745 5699 nobis
2775 5651 2897 5700 esto
2945 5638 3193 5701 sanctum
3243 5638 3632 5701 llie'ronvinum

2049 5710 2342 5788 consulere
2371 5710 2439 5788 in
2473 5728 2539 5788 co
2597 5715 2840 5788 epistolae
2875 5715 3024 5772 illius
3054 5716 3199 5781 loco,
3236 5731 3397 5782 quem
3447 5710 3630 5768 laud--

2047 5783 2230 5839 vimus
2259 5783 2528 5855 superiori
2555 5783 2924 5843 adnotatione.
