4012 6210
356 320 425 379 9-,
1775 315 2233 374 auconarus.
3574 326 3647 387 93

352 434 468 490 λιν·
518 433 778 505 Χριστοῦ
830 427 945 489 οὖν
972 434 1126 504 ὑπὲρ
1174 434 1344 505 ἡμῶν
1388 438 1690 503 παθόντος
1726 439 1911 506 σαρκί
1932 456 1946 471 ο

2054 438 2121 493 ad
2150 452 2271 492 eam
2303 438 2450 509 quod
2482 438 2837 496 interfectum
2875 439 3101 511 dicitur,
3130 443 3295 501 debet
3336 442 3554 511 referri,
3588 456 3647 503 ut

352 529 449 583 καὶ
481 528 641 581 πάλιν
666 545 677 557 ’
729 528 829 591 Ἐξ
854 521 942 581 ὧν
972 530 1004 581 ό
1030 528 1286 595 Χριστὸς
1321 530 1386 581 τὸ
1419 528 1572 582 κατὰ
1616 528 1836 598 σάρκα,
1872 529 1948 595 ὦς

292 652 301 661 ι
350 636 485 691 φησι
546 618 779 683 Παῦλος.
830 619 942 673 Καὶ
1000 620 1163 685 αὐτὸς
1204 622 1233 675 ὁ
1272 621 1464 694 Σωτὴρ
1526 623 1715 692 ἔλεγεν
1774 626 1832 677 ὲν
1873 625 1950 697 τῷ

349 712 669 783 Εὑαγγελίῳ
695 729 708 741 ·
733 711 864 765 Νῦν
896 711 965 765 δέ
992 729 1070 782 με
1104 710 1324 781 ζῆτεῒτε
1347 715 1701 769 ἀποκτεῖναι
1724 716 1949 785 ἅνθρω-

348 821 488 868 πον,
520 805 589 871 ὃς
608 806 725 873 τὴν
744 807 1040 874 ἀλήθειαν
1068 807 1212 877 ὑμῖν
1230 805 1572 877 λελάληκα,
1589 808 1691 862 καὶ
1709 808 1951 877 ἤκουσα

348 898 510 967 παρὰ
536 898 642 952 τοῦ
670 900 925 968 Πατρός,
956 901 1044 953 ἵνα
1078 899 1229 971 δείξῃ
1256 898 1318 951 τὸ
1352 898 1524 963 πάθος
1553 902 1659 956 ἀπὸ
1703 901 1805 972 τῆς
1853 903 1949 955 ἀν-

350 988 717 1062 θρωπότητος,
740 991 904 1044 αὑτὸν
938 990 1210 1044 δὲείδέναι
1247 991 1259 1021 ¹
1296 991 1521 1059 φυσικὸν
1564 992 1682 1047 Υῑὸν
1715 994 1807 1046 τοῦ
1835 996 1949 1047 Πα-

350 1081 480 1153 τρὸς
506 1082 615 1135 ἀπὸ
638 1082 752 1136 τῶν
778 1082 1006 1138 ἄνωθεν.
1042 1083 1267 1153 Συνᾲδει
1293 1081 1349 1134 δὲ
1369 1082 1464 1135 καὶ
1492 1082 1668 1153 τούτῳ
1700 1084 1776 1155 τῷ
1805 1083 1950 1155 λόγῳ

350 1175 575 1243 φάσκων
615 1177 643 1228 ὁ
705 1174 861 1244 ἅγιος
893 1174 1189 1237 ἀπόστολος
1230 1174 1477 1238 Παῦλος·
1525 1171 1627 1241 Εἷς
1655 1176 1820 1241 θεὸς,
1861 1172 1950 1241 εἷς

349 1265 447 1319 καὶ
467 1266 716 1335 μεσίτης
766 1266 916 1320 Θεοῦ
958 1264 1053 1319 καὶ
1088 1265 1436 1333 ἀνθρώπων,
1479 1266 1789 1334 ἄνθρωπος
1841 1267 1951 1335 ’1η-

349 1359 503 1425 σοῦς
562 1359 851 1427 Χριστός·
913 1358 973 1424 ὃς
1035 1359 1148 1425 οὐχ
1202 1356 1521 1427 ἁρπαγμὸν
1565 1357 1837 1426 ἡγήσατο
1882 1358 1949 1412 τὸ

348 1446 499 1505 εἶναι
527 1451 633 1504 ἴσα
660 1448 803 1515 Θεῷ,
822 1450 959 1503 ἀλλ’
990 1448 1210 1502 ἑαυτὸν
1234 1449 1519 1510 ἑκένωσε,
1546 1446 1792 1518 μορφὴν
1812 1447 1951 1502 δού-

346 1542 703 1599 λουλαϐών.
755 1543 919 1613 Ὁρᾷς
960 1540 1037 1605 ὼς
1074 1540 1364 1611 ἄνθρωπον
1406 1540 1572 1594 αὑτὸν
1607 1541 1946 1612 ἀπεφήνατο,

348 1634 465 1690 ἀλλ’
492 1636 553 1688 οὐ
583 1633 775 1704 ψιλόν;
823 1634 897 1687 Τὸ
940 1633 1071 1707 γὰρ,
1111 1635 1381 1702 Μεσίτης
1418 1633 1568 1687 Θεοῦ
1592 1634 1689 1687 καὶ
1723 1633 1949 1702 ἀνθρώ-

348 1744 497 1792 πων,
534 1727 755 1781 ἐπειδὰν
772 1730 887 1790 τοῖς
916 1726 1196 1797 ἑκατέροις
1228 1724 1505 1796 μεσιτεύει
1540 1726 1674 1799 πρὸς
1706 1727 1799 1780 τὸν
1828 1728 1945 1781 Ila-

2055 527 2249 583 Petrus
2294 536 2525 585 testatur
2557 549 2569 585 :
2603 531 2986 602 Morti/iratus,
3017 534 3215 605 inquit,
3249 553 3408 591 carne
3431 576 3445 601 ,
3476 537 3645 607 vivi/i-

2054 630 2205 673 catus
2236 628 2411 674 autent
2448 624 2640 690 spiritu
2661 623 2703 676 ³.
2734 622 2865 679 Item
2900 643 2912 678 :
2941 624 3154 679 Christo
3181 627 3344 696 igitur
3371 644 3466 697 pro
3497 628 3645 682 nobis

2053 728 2210 767 carne
2248 713 2471 781 passo".
2509 713 2648 768 Tum
2682 715 2814 771 illud
2848 736 2861 771 :
2896 716 2943 770 E
2969 718 3157 787 quibus
3182 717 3427 773 Christus
3457 734 3646 772 secun-

2060 806 2186 857 dum
2218 821 2451 872 carnem,
2485 805 2559 859 ait
2596 805 2891 875 Apostolus
2915 809 2958 861 ⁸.
2998 809 3140 875 Quin
3173 820 3225 863 et
3255 808 3505 863 Salvator
3528 811 3647 880 ipse

2054 898 2108 952 in
2166 896 2460 968 Evangelio
2507 898 2720 953 dicebat
2760 898 2961 953 :Nunc
3017 914 3191 956 autem
3225 902 3518 971 inter/icere
3565 917 3647 954 me

2050 991 2232 1054 vultis,
2276 991 2537 1045 hominem
2579 993 2667 1061 qui
2713 1009 2833 1046 vera
2869 992 2984 1046 dixi
3030 995 3171 1049 vobis
3199 995 3239 1048 ⁸.
3299 993 3369 1048 Et
3404 994 3583 1048 audivi
3612 1012 3645 1047 α

2053 1082 2275 1137 Patre".
2324 1084 2536 1150 Quibus
2592 1085 2774 1140 verbis
2849 1094 2903 1140 et
2958 1087 3365 1156 perpessionem
3411 1087 3481 1141 ab
3536 1085 3644 1139 bu-

2052 1190 2215 1229 mana
2270 1191 2393 1232 esse
2438 1186 2659 1240 natura,
2706 1185 2760 1230 et
2805 1177 3111 1232 naturalem
3159 1175 3341 1232 Patris
3371 1174 3566 1231 Filium
3613 1192 3645 1231 e

2050 1267 2192 1321 caalo
2252 1267 2488 1337 lapsum,
2546 1269 2689 1322 scire
2736 1283 2795 1323 se
2852 1267 3217 1322 demonstrat.
3270 1266 3370 1321 Cui
3417 1266 3640 1338 quidem

2051 1361 2337 1415 sententia:
2382 1361 2666 1431 apostolus
2698 1359 2901 1415 Paulus
2937 1359 3269 1432 sullragatur
3296 1360 3381 1415 his
3416 1357 3640 1413 verbis:

2055 1450 2200 1506 Unus
2252 1451 2415 1516 Deus,
2457 1469 2591 1507 unus
2623 1451 2890 1506 Mediator
2918 1452 3017 1506 Dei
3068 1461 3118 1505 et
3163 1451 3455 1517 hominum,
3488 1448 3644 1504 homo

2047 1541 2205 1597 Jesus
2253 1541 2503 1599 Christus
2526 1543 2569 1598 ⁸.
2648 1544 2754 1611 Qui
2797 1562 2901 1599 non
2934 1544 3177 1615 rapinam
3231 1542 3522 1597 arbitratus
3565 1548 3645 1596 est

2049 1636 2304 1705 wqualem
2330 1653 2383 1691 se
2407 1654 2517 1691 esse
2547 1635 2649 1692 Deo
2669 1679 2683 1696 .
2710 1636 2798 1691 sed
2823 1639 3055 1707 seipsum
3078 1637 3391 1699 exinanivit,
3410 1634 3643 1704 formam

2048 1728 2183 1782 servi
2243 1730 2568 1797 accipiens’.
2627 1728 2867 1785 Videsne
2927 1729 3002 1783 uti
3056 1745 3117 1785 se
3175 1728 3449 1783 hominem
3496 1740 3642 1792 esse,

350 1820 481 1890 τέρα
514 1819 701 1886 αὐτοῦ,
738 1817 871 1881 Θεὸς
928 1817 1005 1870 ὣν
1049 1818 1210 1886 φύσει
1256 1818 1479 1888 γνήσιος
1522 1819 1944 1890 γεγεννημένος.

2052 1836 2161 1876 non
2220 1829 2401 1875 tamen
2461 1822 2667 1876 nudum
2708 1822 3126 1893 simplicemque
3170 1820 3460 1875 docuerit?
3504 1816 3643 1872 Nam

350 1911 495 1983 Πρὸς
531 1911 588 1963 δὲ
618 1911 745 1975 τοὺς
800 1908 1145 1980 ἀνθρώπους,
1194 1908 1484 1981 ἄνθρωπος
1523 1909 1771 1979 φυσικὸς,
1808 1910 1943 1982 γνή-

2052 1913 2192 1983 quod
2224 1913 2319 1967 Dei
2350 1923 2399 1967 et
2442 1916 2715 1968 hominum
2744 1914 3010 1971 Mediator
3052 1914 3279 1979 dicitur,
3318 1912 3526 1967 idcirco
3562 1911 3644 1966 di-
3734 1974 3737 1975 ν

352 2021 466 2067 ato;
502 2004 567 2056 ὲκ
611 2002 829 2075 Μαρίας
871 2002 996 2073 δίχα
1032 2001 1348 2074 σπέρματος
1384 2001 1577 2075 ἀνδρὸς
1609 2001 1945 2074 γεγεννημέ-

2052 2006 2214 2073 citur,
2252 2006 2395 2077 quod
2426 2007 2713 2077 utriusque
2744 2007 2915 2075 partis
2944 2006 3017 2059 ita
3046 2015 3334 2076 sequester
3362 2004 3455 2068 sit,
3483 2009 3542 2057 ut
3570 2002 3640 2057 ad

349 2113 460 2160 νος.
489 2094 646 2149 Οὕτω
677 2094 786 2167 γάρ
839 2095 1241 2162 ὲστιΜεσίτης
1280 2093 1430 2149 Θεοῦ
1469 2094 1566 2147 καὶ
1590 2094 1942 2163 ἀνθρώπων,

2052 2096 2267 2153 Patrem
2303 2107 2682 2170 comparatus,
2722 2109 2921 2154 natura
2964 2099 3105 2155 Deus
3162 2097 3233 2154 sit
3268 2113 3333 2152 ac
3363 2096 3642 2168 legitimus

350 2186 482 2251 Θεὸς
522 2186 618 2252 ὢν,
672 2186 765 2241 καὶ
799 2186 1085 2259 ἄνθρωπος
1117 2185 1393 2254 γεγονὼς,
1438 2185 1501 2238 οὐ
1558 2187 1787 2257 τραπεὶς
1849 2186 1947 2258 τὴν

2054 2192 2122 2245 ab
2150 2207 2215 2246 eo
2247 2192 2465 2263 genitus
2494 2212 2507 2247 :
2541 2193 2606 2247 ad
2642 2194 2890 2248 homines
2926 2207 3091 2263 porro
3128 2191 3174 2247 si
3216 2190 3507 2255 referatur,
3543 2204 3643 2243 na-

351 2279 531 2350 φύσιν,
572 2279 711 2334 ἀλλὰ
751 2278 893 2336 κατὰ
944 2279 1184 2349 ἑκάτερα
1215 2278 1351 2349 πρὸς
1374 2277 1443 2331 τὰ
1470 2278 1762 2349 ἀμφότερα
1793 2296 1947 2349 μεσι-

347 2372 536 2427 τεύων.
1648 2400 1653 2407 .

2052 2284 2249 2338 turalis
2303 2284 2468 2339 homo
2522 2287 2616 2347 sit,
2653 2283 2761 2355 50
2783 2292 2838 2338 et
2881 2299 2946 2337 ex
2989 2282 3158 2337 Maria
3204 2284 3477 2353 legitimus
3523 2281 3644 2336 sine

2054 2378 2166 2431 ullo
2197 2378 2299 2431 viri
2335 2387 2459 2433 satu
2506 2385 2819 2447 susceptus.
2853 2375 2933 2429 lta
2977 2376 3176 2446 quippe
3217 2376 3312 2433 Dei
3338 2375 3634 2430 hominum-

349 2486 450 2539 que
483 2468 744 2524 Mediator
771 2480 870 2545 est,
915 2468 1010 2538 qui
1040 2482 1167 2523 cum
1192 2473 1341 2522 esset
1371 2465 1538 2535 Deus,
1564 2465 1731 2520 homo
1755 2463 1934 2523 factus
1971 2479 2089 2540 est;
2136 2489 2244 2527 non
2291 2483 2488 2527 natura
2534 2478 2801 2535 mutatus,
2853 2468 2950 2524 scd
3021 2477 3259 2539 utraque
3308 2479 3463 2539 parte
3530 2477 3645 2517 me-

349 2562 476 2616 dius
503 2563 698 2617 ambos
738 2560 902 2624 inter,
934 2574 999 2613 ac
1029 2560 1177 2616 velut
1215 2560 1511 2630 interpres.

420 2655 556 2710 ME'.
603 2654 766 2708 Ἀλλὰ
804 2655 899 2709 καὶ
946 2655 1110 2709 πάλιν
1158 2652 1390 2726 ἀμαθῶς
1428 2670 1625 2723 φασιν
1677 2654 1842 2726 Ὁρᾷς
1867 2655 1950 2709 ὅτι

349 2750 464 2819 οὐχ
524 2747 842 2818 ἁρπαγμὸν
895 2747 1173 2816 ἡγήσατο
1223 2748 1290 2801 τὸ
1316 2742 1473 2800 εἶναι
1520 2747 1627 2801 ἴσα
1663 2746 1950 2813 Θεῷ;καὶ

351 2840 473 2898 οὐδὲ
502 2839 602 2911 τὴν
636 2839 828 2909 κλῆσιν
858 2837 1061 2892 οἴδασιν
1089 2839 1137 2891 oi
1174 2838 1491 2907 φιλόνεικοι.
1520 2838 1595 2891 Οὐ
1630 2837 1739 2909 γὰρ
1770 2833 1945 2905 εἶπεν,

351 2934 467 2988 Οὐκ
523 2931 757 3003 ἠθέλησε
818 2929 1077 3000 γενέσθαι
1138 2930 1252 2994 ῐσος
1312 2927 1432 2998 Θεῷ
1481 2928 1548 2982 δι’
1607 2928 1949 3001 ἀρπαγμοῦο

351 3026 489 3092 ἀλλ’,
524 3026 648 3094 Οὐχ
694 3023 1013 3094 ἁρπαγμὸν
1048 3021 1323 3090 ἡγήσατο
1366 3016 1519 3074 εἶναι
1568 3020 1675 3073 ἴσα
1714 3019 1856 3086 Θεῷ,
1889 3018 1950 3072 τὸ

352 3118 490 3174 Θεοῦ
522 3121 543 3151 ’
575 3112 719 3171 εἶναι
746 3117 930 3187 φύσει,
965 3117 1048 3171 ὅτι
1075 3110 1164 3185 ἦν.
1200 3115 1264 3168 El
1299 3113 1375 3186 μὴ
1408 3112 1517 3184 γὰρ
1546 3107 1636 3185 ἧν,
1669 3112 1785 3176 πῶς
1813 3132 1954 3186 μορ·

349 3209 476 3279 φὴν
488 3207 711 3264 δούλου
726 3210 939 3276 ἔλαϐες
964 3210 1070 3263 Καὶ
1099 3205 1160 3259 τὸ
1204 3205 1527 3277 πρόσφατον
1556 3204 1823 3275 ὲσήμανε,
1853 3202 1947 3256 καὶ

350 3302 417 3355 ἐκ
438 3299 628 3355 τούτου
667 3302 765 3373 τὴν
795 3280 1104 3371 ὑπερϐολὴν
1141 3296 1440 3369 θαυμάζων
1476 3297 1784 3351 ἐδείκνυτο’
1821 3296 1944 3350 καί-

353 3408 461 3463 περ
504 3390 579 3445 ὢν
642 3392 755 3456 ἴσος
806 3390 947 3461 Θεῷ,
983 3388 1177 3442 ἑαυτὸν
1220 3388 1477 3452 ὲκένωσε,
1514 3388 1726 3459 μορφὴν
1762 3386 1946 3439 δούλου

353 3483 555 3548 λαϐὼν,
612 3482 711 3553 οὐχ
780 3484 866 3537 ἵνα
903 3482 963 3536 τὸ
1022 3481 1306 3553 ἐλεύθερον
1358 3480 1620 3551 δουλώσῃ,
1652 3479 1766 3533 ἀλλ’
1819 3480 1876 3531 ἐν

356 3576 537 3645 μορφῇ
568 3572 727 3627 ἐλαὸε
749 3574 874 3637 τοὺς
911 3571 1286 3634 ὑπακούοντας
1318 3569 1539 3635 δούλους
1579 3567 1943 3643 ἐλευθερώσῃ.

353 3669 465 3723 Καὶ
514 3667 880 3740 μαρτυροῦσιν
921 3668 1164 3721 Ἰουδαῖοι
1230 3666 1313 3719 ὅτι
1369 3666 1470 3720 οὐκ
1528 3665 1709 3737 ᾐδεῖτο
1765 3662 1947 3733 λέγειν

358 3758 471 3823 ἴσος
504 3757 647 3829 Θεῷ,
685 3758 807 3811 οὐδὲ
864 3755 1166 3823 ἐδίσταζεν,
1213 3756 1349 3811 ἀλλὰ
1375 3756 1596 3811 ἀπὸτοῦ
1632 3754 1948 3830 θαρραλεώ-

354 3870 512 3925 τερον
537 3851 681 3906 οὖτω
720 3850 989 3905 δεικνύειν
1014 3852 1072 3906 ὲν
1105 3849 1184 3921 τῷ
1220 3849 1431 3919 λέγειν’
1482 3850 1625 3904 Ἐὰν
1660 3849 1747 3919 μὴ
1778 3850 1944 3915 εἴπω,

354 3948 568 4018 ἔσομαί.
598 3946 728 3998 καθ’
759 3943 916 4014 ὑμᾶς
948 3945 1222 4012 ψεύστης
1243 3956 1261 3973 ⁶
1308 3942 1402 3997 καὶ
1465 3940 1553 3996 διὰ
1588 3940 1746 3994 τοῦτό
1815 3956 1947 4008 φασι

355 4041 492 4114 πρὸς
516 4039 712 4093 αὐτόν·
758 4038 840 4092 Δι’
879 4036 1108 4107 ἀγαθὸν
1147 4037 1325 4107 ἔργον
1357 4035 1470 4089 οὐκ
1507 4030 1948 4102 ἀποκτείνομέν

355 4151 451 4197 σε,
497 4133 635 4188 ἀλλ’
676 4132 771 4201 ὅτι,
815 4131 1131 4201 ἄνθρωπος
1174 4126 1259 4181 ὢν
1292 4127 1555 4181 σεαυτὸν
1594 4126 1782 4191 ποιεῖς
1808 4126 1949 4178 ἴσον

358 4225 481 4292 Θεῷ
546 4225 702 4279 Ἀλλά
757 4240 948 4294 φασιν·
982 4223 1046 4276 El
1078 4220 1366 4291 ὀφείλομεν
1394 4217 1465 4271 τὰ
1494 4217 1731 4288 τροπικὰ
1780 4214 1947 4270 αὑτοῦ

357 4314 660 4384 ὁμολογεῖν,
701 4314 795 4367 καὶ
827 4310 998 4366 πολλὰ
1032 4310 1272 4383 τροπικὰ
1301 4309 1524 4380 εἴρηκεν
1549 4309 1582 4379 ἡ
1608 4306 1821 4378 Γραφὴ,
1854 4306 1948 4360 καὶ

2125 2651 2289 2708 XLV.
2334 2651 2441 2708 Sed
2473 2651 2726 2723 imperite
2765 2667 2963 2708 rursus
2996 2651 3263 2720 objiciunt
3298 2669 3311 2706 :
3344 2649 3512 2707 Vides
3539 2667 3644 2706 non

2056 2747 2303 2815 rapinam
2335 2744 2658 2799 arbitratum
2687 2761 2799 2799 esse
2824 2743 3078 2814 aequalem
3111 2760 3165 2798 se
3205 2760 3318 2798 esse
3349 2742 3497 2800 Deo?
3536 2741 3644 2798 Sed

2053 2836 2368 2894 inauissimi
2428 2836 2680 2891 homines
2733 2835 3115 2904 appellationis
3181 2833 3356 2904 ipsius
3414 2848 3645 2904 prorsus

2053 2932 2234 3001 ignari
2287 2938 2438 2987 sunt.
2491 2928 2627 2982 Nam
2682 2942 2790 2982 non
2838 2927 3014 2981 dixit:
3071 2925 3256 2981 Noluit
3308 2927 3500 2996 rapina
3551 2924 3643 2980 illa

2051 3021 2282 3093 aequalis
2308 3036 2432 3077 esse
2466 3021 2606 3088 Deo;
2637 3020 2754 3087 sed,
2794 3019 2915 3074 Non
2952 3020 3198 3087 rapinam
3238 3016 3531 3071 arbitratus
3563 3025 3645 3070 est

2051 3129 2165 3167 esse
2201 3129 2255 3167 se
2279 3110 2537 3182 (aqualem
2572 3110 2681 3166 Deo
2704 3151 2719 3176 ,
2749 3110 2853 3165 hoc
2884 3117 2969 3166 est
2990 3117 3187 3164 natura
3214 3123 3274 3164 se
3302 3104 3471 3161 Deum
3492 3120 3641 3175 esse,

2051 3203 2201 3275 quod
2234 3211 2353 3258 erat
2385 3218 2443 3257 re
2474 3203 2621 3273 ipsa.
2655 3200 2771 3256 Nisi
2820 3200 2965 3256 enim
2998 3205 3168 3262 esset,
3202 3195 3478 3266 quomodo
3505 3194 3643 3249 servi

2045 3297 2275 3364 formam
2317 3294 2597 3350 indueret?
2627 3292 2996 3359 Quamobrem
3028 3288 3326 3360 Apostolus
3366 3288 3515 3359 quod
3550 3301 3642 3343 ree

2049 3390 2267 3443 centius
2308 3402 2373 3443 ac
2420 3385 2703 3457 posterius
2750 3391 2890 3447 erat,
2940 3381 3184 3435 indicare
3214 3378 3410 3443 voluit,
3454 3392 3519 3432 ac
3560 3377 3641 3435 rei

2050 3478 2481 3550 magnitudinem
2512 3492 2623 3532 non
2665 3476 2786 3531 sine
2832 3473 3043 3544 ingenti
3084 3470 3449 3526 admiratione
3483 3482 3642 3547 mon-

2050 3570 2266 3627 stravit.
2308 3567 2521 3639 Quippe
2556 3565 2777 3621 tametsi
2806 3563 2920 3618 Deo
2950 3568 3095 3618 esset
3120 3559 3366 3631 aequalis,
3395 3558 3638 3629 seipsum

2049 3660 2412 3717 nihilominus
2443 3658 2768 3723 exinanivit,
2796 3655 2941 3712 servi
2976 3653 3206 3708 formam
3236 3651 3492 3716 induens,
3526 3665 3638 3705 non

2051 3762 2109 3808 ut
2138 3753 2286 3824 quod
2330 3753 2564 3808 liberum
2602 3760 2744 3814 erat,
2796 3747 3045 3805 servituti
3079 3744 3400 3814 subjiceret,
3442 3742 3539 3798 sed
3577 3750 3640 3797 ut

2051 3845 2106 3901 in
2139 3862 2201 3902 ea
2237 3845 2412 3900 forma
2439 3860 2603 3915 quam
2635 3843 2856 3898 sibimet
2886 3841 3244 3910 imposuerat,
3273 3836 3638 3905 obsequentes

2051 3938 2157 3995 sibi
2206 3953 2397 3995 servos
2439 3938 2491 3990 in
2541 3935 2846 3989 libertatem
2888 3939 3183 3985 assereret.
3232 3928 3375 3983 Sane
3412 3925 3637 3998 quidem

2049 4030 2135 4086 vel
2175 4027 2490 4084 Judaeorum
2552 4022 2943 4079 testiﬁcatione
2994 4026 3229 4084 constat,
3291 4017 3427 4072 nihil
3482 4015 3634 4070 illum

2050 4123 2282 4176 veritum
2321 4118 2512 4182 fuisse,
2567 4131 2748 4183 neque
2790 4111 3076 4165 dubitasse
3120 4108 3384 4179 aequalem
3429 4122 3488 4161 se
3524 4105 3636 4160 Deo

2052 4208 2312 4280 proﬁteri.
2340 4207 2599 4273 Adeoque
2622 4199 2986 4255 conﬁdentius
3012 4198 3177 4252 etiam
3205 4195 3258 4250 id
3278 4196 3432 4250 hisce
3452 4193 3635 4249 verbis

2051 4298 2324 4356 ostendit:
2361 4296 2407 4349 Α
2420 4296 2484 4348 isi
2515 4294 2720 4357 dixero,
2746 4308 2833 4345 ero
2862 4289 3075 4361 perinde
3108 4305 3170 4342 ac
3200 4303 3286 4343 vos
3312 4287 3538 4340 mendax
3566 4283 3633 4339 ¹⁶.

355 4378 416 4461 ού
445 4378 834 4479 δείνάρνεῖσθαι
875 4407 946 4461 τὰ
995 4378 1081 4470 εἰς
1116 4404 1278 4458 αὐτὸν
1318 4378 1733 4472 αίνιγματωδῶς
1780 4402 1944 4472 εἰρη-

2052 4390 2189 4446 Ι-Ιίηο
2235 4387 2313 4443 illi
2359 4386 2439 4443 sic
2494 4386 2674 4456 ipsum
2725 4384 3081 4452 alloquuntur
3118 4399 3132 4435 :
3176 4378 3399 4447 Propter
3442 4378 3634 4431 bonum

360 4499 519 4570 μένα,
551 4500 634 4553 ὅτι
658 4501 751 4553 καὶ
782 4498 923 4568 θύρα
957 4497 1239 4568 κέκληται,
1282 4495 1377 4548 καὶ
1404 4492 1550 4557 λίθος
1588 4492 1825 4565 εἴρηται,
1855 4492 1951 4545 καὶ

360 4592 575 4657 στύλος,
627 4592 723 4645 καὶ
774 4592 992 4661 νεφέλη,
1044 4590 1138 4644 καὶ
1172 4588 1330 4651 λέων,
1383 4586 1478 4640 καὶ
1512 4585 1804 4657 πρόϐατον,
1856 4585 1950 4639 καὶ

358 4685 573 4758 λύχνος,
634 4685 729 4738 καὶ
776 4683 1021 4753 λαμπὰς,
1071 4682 1167 4736 καὶ
1216 4681 1389 4752 ἥλιος,
1432 4680 1525 4733 καὶ
1572 4678 1823 4747 ἄγγελος,
1856 4678 1951 4731 καὶ

361 4776 599 4848 σκώληξ,
632 4777 727 4831 καὶ
754 4777 952 4847 πέτρα,
982 4776 1076 4829 καὶ
1122 4770 1660 4844 ἀκρογωνιαίος,⁷καὶ
1685 4770 1823 4833 ὁδὸς,
1855 4771 1949 4824 καλ⁵

358 4869 583 4942 ταῦρος,
635 4871 728 4923 καὶ
776 4868 994 4939 μόσχος,
1037 4866 1129 4920 καὶ
1166 4865 1235 4917 τὰ
1276 4862 1501 4917 τοιαῦτα
1546 4862 1809 4933 δηλονότι.
1840 4861 1950 4913 Καὶ

359 4965 521 5035 ἡμεῖς
570 4961 671 5016 οὒκ
724 4960 1038 5032 ἀρνούμεθα
1091 4956 1160 5012 τὰ
1209 4958 1289 5021 εἰς
1331 4956 1493 5010 αὐτὸν
1536 4952 1949 5024 αἰνιγματωδῶς

361 5052 768 5126 πεπληρωμένα
790 5068 804 5082 ⁸
841 5052 1063 5118 οἴδαμεν
1118 5048 1175 5103 δὲ
1211 5048 1277 5102 δι’
1327 5048 1393 5119 ἢν
1427 5044 1605 5100 αἰτίαν
1642 5045 1816 5097 ταῦτα
1862 5045 1954 5111 γέ-

361 5162 638 5219 γραπται·
666 5146 806 5209 ὁδὸς,
839 5146 921 5198 ὅτι
951 5144 1017 5197 δι’
1050 5141 1214 5196 αὐτοῦ
1243 5139 1532 5211 βαδίζομεν
1562 5138 1697 5208 πρὸς
1726 5138 1824 5207 τὴν
1856 5136 1952 5206 βα-

366 5240 589 5302 σιλείαν,
619 5237 756 5310 πρὸς
811 5236 995 5299 αὐτὸν,
1029 5234 1123 5289 καὶ
1157 5234 1247 5287 τὸν
1292 5231 1514 5302 Πατέρα
1538 5248 1552 5261 ο
1584 5229 1724 5299 θύρα
1759 5227 1835 5292 δὲ,
1868 5227 1948 5280 ὅτι

360 5333 428 5387 δι’
460 5329 626 5386 αὑτοῦ
676 5325 1073 5399 εἰσερχόμεθα·
1109 5325 1320 5389 στύλος,
1374 5324 1456 5376 ὃτι
1504 5320 1665 5383 αὑτός
1708 5321 1823 5372 ἐστι
1854 5317 1951 5387 τῆς

363 5422 639 5494 ἡμετέρας
674 5418 911 5479 πίστεως
940 5414 1223 5485 ἑδραίωμα
1244 5430 1259 5445 ο
1294 5412 1490 5482 πέτρα,
1523 5408 1611 5462 διὰ
1643 5408 1705 5461 τὸ
1746 5409 1952 5478 ἀμετα-

368 5515 618 5585 κίνητον⁶
653 5510 821 5578 λίθος,
864 5508 925 5563 τὸ
965 5505 1457 5577 τεθεμελιωμένοψ
1494 5502 1641 5574 ἥλιος
1680 5498 1955 5555 δικαιοσύ-

442 5697 460 5729 ί
495 5692 557 5750 F.
591 5688 751 5748 εἶναι.
831 5694 850 5723 ²
886 5689 948 5746 F.
1003 5690 1156 5744 Θεόν.

1236 5685 1313 5738 ³1
1388 5686 1532 5742 Petr.
1596 5698 1678 5745 III,
1746 5681 1832 5735 l8.
1912 5678 1990 5731 ⁸1
2051 5674 2194 5730 Petr.
2270 5688 2344 5735 tv,
2414 5672 2460 5725 l.
2507 5669 2881 5745 _f_Ro_m._tx.
2924 5666 2977 5719 5.

2049 4502 2177 4556 opus
2215 4500 2317 4537 non
2365 4479 2710 4548 inter/icimus
2754 4487 2821 4543 te,
2861 4475 2952 4529 sed
2991 4474 3129 4543 quod
3171 4471 3324 4526 homo
3370 4487 3487 4524 cum
3533 4471 3633 4535 sis,

2049 4578 2269 4644 teipsum
2304 4574 2438 4643 facis
2464 4570 2716 4642 aqualem
2736 4568 2843 4622 Deo
2869 4568 2931 4619 “.
2959 4565 3175 4621 Rursus
3204 4565 3411 4620 instant
3437 4563 3635 4617 adver-

2050 4668 2179 4726 sm'ii
2212 4686 2224 4721 :
2258 4667 2313 4722 Si
2351 4680 2471 4735 qum
2519 4678 2615 4732 per
2660 4670 2875 4729 tropum
2906 4658 2971 4712 de
3003 4658 3096 4711 illo
3136 4656 3281 4710 dicta
3316 4662 3443 4710 sunt
3474 4654 3634 4709 fateri

2048 4760 2339 4821 convenit,
2401 4756 2571 4810 multa
2622 4753 2829 4823 tropice
2887 4749 3173 4820 Scriptura
3228 4746 3630 4818 pronuntiavit,

2048 4866 2224 4922 neque
2253 4863 2374 4919 quae
2411 4844 2715 4915 aetnigmatis
2736 4856 2885 4896 more
2902 4840 2969 4895 de
2989 4854 3054 4893 eo
3082 4838 3228 4893 dicta
3251 4844 3380 4891 sunt
3399 4834 3633 4890 inﬁciari

2048 4949 2263 5014 Oportet
2282 4960 2294 4995 ε
2316 4938 2462 5009 quod
2481 4938 2648 5006 janua
2678 4942 2927 4995 vocatur,
2956 4931 3115 5000 lapis,
3136 4930 3410 4992 columna,
3437 4927 3631 4992 nubes,

2050 5037 2154 5101 leo,
2184 5034 2322 5101 ovis,
2356 5032 2601 5092 lucerna,
2637 5028 2745 5093 lax,
2781 5026 2885 5089 sol,
2920 5024 3167 5095 angelus,
3196 5020 3421 5084 vermis,
3448 5026 3627 5090 petra,

2053 5123 2339 5197 angularis
2383 5120 2545 5191 lapis,
2590 5119 2699 5185 via,
2746 5125 2960 5178 taurus,
2999 5114 3225 5179 vitulus,
3270 5119 3324 5167 et
3366 5110 3417 5165 id
3462 5122 3634 5181 genus

2050 5220 2177 5274 alia.
2210 5215 2320 5272 Nos
2352 5222 2534 5269 autem
2570 5226 2691 5281 quae
2722 5210 2777 5263 in
2808 5208 2900 5262 illo
2932 5205 3163 5277 ﬁgurate
3185 5203 3331 5258 dicta
3362 5211 3492 5257 sunt
3531 5200 3634 5254 im-

2050 5314 2192 5383 pleta
2218 5325 2327 5364 non
2358 5320 2659 5378 negamus:
2696 5301 2788 5359 sed
2819 5314 3083 5370 quorsum
3112 5305 3372 5366 usurpata
3398 5294 3490 5347 illa
3522 5293 3634 5347 sint

2051 5403 2430 5473 intelligimus.
2466 5399 2603 5452 Nam
2636 5398 2722 5451 via
2764 5402 3051 5465 propterea
3094 5390 3318 5453 dicitur,
3357 5385 3503 5457 quod
3538 5398 3634 5452 per

2054 5496 2206 5550 illum
2238 5494 2305 5549 ad
2341 5506 2590 5562 regnum,
2637 5496 2691 5543 et
2725 5488 2791 5542 ad
2842 5488 3020 5556 ipsum
3065 5482 3388 5549 Patremque
3443 5488 3632 5544 perve-

3080 5662 3100 5693 ⁸
3138 5660 3299 5714 Joan.
3374 5672 3495 5725 vui,
3539 5657 3627 5712 ιο.

368 5767 389 5803 τ
427 5731 847 5830 102871735.
886 5731 948 5796 ,δ
1232 5731 1407 5828 πίε..
1432 5731 1871 5823 *δ’-Ριέίίῖρρξ-ιι,
1913 5749 1946 5805 6

2052 5748 2091 5825 ξο
2133 5744 2289 5800 Joan.
2334 5731 2456 5809 vm,
2504 5741 2589 5796 55.
2673 5742 2710 5771 ¹¹
2755 5736 2912 5792 Joan.
2958 5750 3011 5801 ι,
3050 5731 3138 5786 33.

356 5884 395 5895 Δ
782 5884 1040 5902 σοιια..
1104 5884 1235 5901 κι-οο-ο
