4012 6210
408 319 480 421 99'
1817 347 1876 404 s.
1918 344 1991 400 Et

2097 341 2261 398 iANlI

3579 328 3697 387 mo.

404 479 621 542 nimus;
669 474 869 546 ianua,
912 472 1167 543 quoniam
1208 483 1302 540 per
1347 468 1499 523 illum
1543 465 1852 530 intramus;
1896 479 1984 519 co-

2097 478 2206 532 νης,
2256 460 2287 513 δ
2339 457 2692 526 καταυγάσας
2719 454 2816 519 τὰς
2856 452 3134 526 ἡμετέρας
3164 446 3536 512 σκοτισθείσας
3566 446 3683 501 δια-

405 568 623 634 lumna,
665 567 810 637 quod
863 566 978 637 ipse
1015 564 1427 619 fundamentum
1476 560 1545 614 sit
1583 558 1703 612 ﬁdei
1746 566 1984 623 nostra;

2093 554 2263 618 νοίας.

405 660 580 732 petra,
633 635 777 732 quod
829 635 1124 714 immobilis
1159 656 1271 723 sit;
1309 656 1470 725 lapis,
1526 651 1815 707 fundatum
1867 666 1990 707 esse
2015 650 2306 722 signiﬁcat.
2357 646 2500 704 Idem
2540 659 2671 701 vero
2704 640 2936 715 iustitia:
3009 639 3093 695 sol
3158 645 3264 701 est,
3316 635 3409 706 qui
3470 639 3684 689 mentes

407 761 629 808 nostras
653 752 896 807 tenebris
925 749 1195 805 obductas
1225 765 1321 807 sua
1359 749 1483 803 luce
1511 746 1819 801 collustrat.
1921 821 1925 825 ν

476 843 661 900 XLVI.
704 842 839 899 Tum
892 840 1329 916 ita‘colligunt:
1381 842 1509 898 Cum
1564 843 1825 912 scriptum
1891 838 1983 903 sit,

407 946 712 993 creaturam
750 936 901 990 illum
940 952 1084 1003 esse,
1138 936 1302 991 etiam
1345 936 1413 989 de
1448 943 1699 988 creatura
1740 929 1987 986 conﬁteri

409 1035 685 1097 oportere.
716 1024 921 1081 Verum
954 1041 1061 1096 ego,
1095 1034 1302 1094 partem
1348 1024 1587 1093 aliquam
1635 1038 1831 1079 usuum
1869 1020 1989 1074 illo-

409 1134 529 1172 rum
558 1117 808 1188 exposui,
842 1117 934 1186 qui
976 1133 1041 1169 ex
1074 1116 1198 1172 istis
1223 1116 1569 1185 aenigmatum
1601 1112 1897 1167 involucris
1933 1111 1987 1165 in

410 1225 516 1265 nos
546 1208 947 1262 redundarunt.
986 1205 1086 1276 51
1121 1205 1315 1260 Dicant
1355 1206 1520 1277 igitur
1552 1205 1741 1275 ecquis
1770 1202 1986 1258 tandem

306 1308 311 1311 ‘
412 1302 693 1356 translata:
742 1301 890 1355 illius
932 1300 1349 1371 signiﬁcationis
1391 1316 1527 1355 usus
1561 1314 1685 1355 esse
1714 1298 1907 1369 possit,
1943 1297 1989 1351 si

410 1399 665 1447 creatura
716 1391 1096 1447 nominetur?’
1127 1391 1263 1446 Nam
1319 1392 1486 1462 janua
1541 1392 1759 1463 quidem
1810 1402 1992 1444 nonne

413 1484 610 1540 merito
637 1484 858 1549 dicitur,
886 1485 1040 1556 quasi
1065 1486 1223 1540 nobis
1248 1485 1529 1539 introitum
1588 1483 1992 1553 utilitatemque

414 1576 686 1647 praebeat;
731 1577 816 1632 via
848 1593 1034 1648 porro,
1083 1585 1141 1631 ut
1191 1593 1286 1648 per
1328 1578 1474 1631 illam
1533 1576 1851 1631 incedentes
1898 1590 1995 1629 ne-

413 1685 688 1741 quaquam
739 1670 1059 1727 aberremus
1086 1671 1109 1724 ?
1136 1671 1402 1725 (lreatura
1445 1683 1577 1723 vero
1627 1682 1728 1722 cur
1773 1666 1990 1721 tandem

2163 835 2316 902 Μετ’.
2350 825 2486 884 Εἶτά
2504 843 2666 898 φασιν
2687 841 2701 856 ο
2740 825 2861 877 Ὀτι
2893 822 3209 892 γέγραπται
3248 819 3376 892 περὶ
3404 817 3569 872 αὑτοῦ
3601 817 3685 874 ὅτι

2095 926 2303 997 κτίσμα
2353 925 2521 988 ἐστὶν,
2572 920 2855 993 ὁμολογεῖν
2913 917 3120 971 δεῖκαὶ
3158 915 3223 969 τὸ
3269 913 3501 985 κτίσμα.
3548 913 3683 967 Ἰδοὺ

2095 1016 2251 1088 κάγὼ
2278 1015 2624 1088 διηγησάμην
2684 1013 2849 1084 μέρος
2894 1029 2947 1064 τι
3004 1008 3114 1063 τῶν
3150 1008 3400 1080 χρήσεων
3444 1004 3556 1058 τῶν
3596 1005 3687 1059 διὰ

2095 1111 2204 1166 τῶν
2254 1106 2594 1180 αἰνιγμάτων
2652 1104 2819 1159 αὑτοῦ
2879 1104 2962 1167 είς
3018 1102 3166 1173 ἡμᾶς
3214 1096 3684 1171 πεπληρωμένων.

2095 1204 2336 1258 Εἷπωσιν
2362 1203 2496 1273 ἡμῖν
2520 1202 2578 1253 ὲν
2605 1198 2682 1270 τῷ
2727 1197 2909 1266 λέγειν
2939 1193 3101 1248 αὑτὸν
3127 1190 3358 1262 κτίσμα,
3402 1189 3456 1243 τί
3492 1204 3687 1260 χρησι-

2100 1296 2292 1370 μεύει;
2324 1294 2398 1348 Οὑ
2429 1292 2568 1365 θύρα
2593 1290 2818 1353 εἰκότως
2846 1289 3060 1359 εἴρηται
3089 1283 3389 1358 τροπικῶς,
3417 1282 3506 1336 ἵνα
3530 1280 3690 1351 γένη-

2095 1404 2186 1441 ται
2206 1385 2410 1448 εἴσοδος
2436 1383 2594 1455 ἡμῶν
2625 1382 2719 1436 καὶ
2748 1380 3024 1449 ὠφέλειας
3078 1378 3173 1432 καὶ
3200 1375 3341 1440 ὁδὸς,
3371 1374 3460 1429 ἴνα
3494 1374 3562 1427 δι’
3590 1373 3690 1427 αὑ-

2097 1479 2192 1533 τοῦ
2213 1477 2517 1550 βαδίζοντες
2549 1474 2624 1547 μὴ
2657 1472 3059 1544 πλανηθῶμεν;
3089 1470 3314 1540 κτίσμα
3354 1468 3444 1521 διὰ
3468 1466 3523 1521 τί
3552 1467 3690 1538 ἡμῖν

2098 1569 2309 1642 γίνεται
2330 1587 2344 1636 ;
2368 1570 2433 1623 Τί
2450 1570 2598 1643 ἡμᾶς
2612 1567 2842 1638 ὠφελεϊ;
2867 1564 2997 1630 Ναὶ,
3021 1564 3185 1634 φησὶν
3200 1563 3229 1616 δ
3244 1559 3523 1626 κενόδοξος
3538 1557 3690 1626 φιλο-

2099 1661 2296 1717 νεικῶν
2312 1678 2327 1692 ·
2352 1662 2400 1714 εἰ
2425 1662 2499 1732 μὴ
2512 1659 2621 1732 γάρ
2636 1658 2798 1712 αὑτὸν
2823 1655 2985 1729 εἴπῃς
3018 1653 3246 1726 κτίσμα,
3281 1651 3359 1723 τῷ
3379 1648 3554 1722 Πατρὶ
3581 1648 3685 1702 πά-

406 1756 575 1817 nobis
607 1758 787 1818 factus
816 1777 940 1818 esse
966 1762 1213 1816 dicitur?
1244 1769 1338 1816 aut
1365 1761 1494 1832 quid
1530 1774 1592 1815 ea
1628 1775 1715 1815 res
1742 1758 1991 1813 utilitatis

2098 1755 2190 1818 θος
2209 1753 2521 1827 περιτίθης’
2540 1754 2649 1816 πᾶς
2672 1750 2784 1822 γὰρ
2807 1748 3012 1819 γεννῶν
3029 1744 3223 1818 (πάθη)
3252 1743 3399 1815 πάθη
3426 1744 3448 1774 ⁸
3466 1741 3690 1814 περισέ-

416 1846 647 1907 aﬁeret?
677 1848 791 1908 lmo
825 1869 955 1908 vero
984 1868 1250 1926 arr0gans
1282 1854 1373 1909 ille
1398 1868 1461 1909 ac
1495 1853 1744 1924 pertinax
1773 1850 1951 1923 inquit
1978 1869 1992 1905 :

408 1943 530 2001 Nisi
566 1945 711 2000 enim
747 1954 1058 2000 creaturam
1099 1946 1253 2001 illum
1285 1961 1408 2001 esse
1444 1944 1704 2011 fatebere,
1758 1943 1999 1999 affectio-

413 2036 540 2094 nem
560 2038 851 2106 quamdam
876 2037 1025 2093 Patri
1048 2037 1277 2093 tribues.
1304 2035 1566 2107 Quisquis
1587 2036 1731 2092 enim
1750 2042 1993 2106 generat,

415 2128 802 2184 affectionibus
833 2136 918 2183 est
966 2127 1277 2193 obnoxius;
1316 2143 1443 2183 nam
1496 2126 1861 2193 contrahitur,
1903 2134 1997 2182 aut

335 2246 341 2261 ι
415 2219 731 2283 collatatur,
777 2227 873 2272 aut
912 2218 1265 2287 expanditur,
1313 2225 1407 2270 aut
1445 2215 1687 2287 proﬂuit,
1726 2225 1821 2271 aut
1854 2218 1998 2273 mole

414 2308 772 2376 distenditur,
803 2315 897 2363 aut.
926 2308 1197 2378 ejusmodi
1238 2307 1445 2378 aliquid
1478 2307 1778 2377 experitur.
1817 2308 1998 2380 Apage

406 2394 523 2454 tam
560 2402 878 2456 sceleratam
929 2400 1231 2471 falsamque
1270 2400 1599 2454 sententiam
1628 2400 1641 2453 ι
1673 2398 1809 2466 Quis
1849 2400 1994 2456 enim

394 2480 533 2548 haec
576 2491 643 2547 de
677 2492 788 2548 Deo
832 2492 1075 2562 cogitare
1123 2492 1360 2547 audeat?
1409 2499 1504 2545 aut
1550 2507 1671 2562 quae
1717 2492 1996 2562 opinionis

426 2584 710 2643 temeritas
739 2599 805 2639 eo
838 2584 1017 2655 possit
1043 2582 1396 2654 pertingere?
1430 2582 1510 2638 Ne
1531 2581 1838 2637 daemonum
1874 2584 1997 2654 qui-

414 2678 540 2733 dem
592 2676 739 2747 nlIus
792 2676 938 2743 hate,
990 2676 1207 2746 opinor,
1268 2674 1553 2746 cogitabit.
1613 2675 1692 2730 Ac
1743 2675 1997 2746 quisquis

414 2766 636 2823 Patrem
663 2762 978 2833 conﬁtetur,
1018 2781 1209 2823 revera
1250 2765 1451 2822 Filium
1480 2766 1549 2822 ab
1575 2780 1641 2823 eo
1669 2768 1846 2825 credit
1875 2784 1998 2826 esse

415 2862 679 2932 genitum.
707 2859 826 2915 Non
860 2861 1007 2915 enim
1050 2862 1193 2917 mole
1225 2869 1392 2931 atque
1428 2860 1787 2933 amplitudine
1819 2861 1999 2932 porri-

415 2940 564 3021 gitur
601 2951 991 3023 Deus,'neque
1022 2966 1258 3024 Corpore
1289 2952 1542 3027 parturit,
1577 2958 1636 3007 ut
1680 2952 1862 3007 omnia
1905 2953 1996 3008 illa

392 3024 681 3101 quslineat
708 3064 722 3105 ;
748 3041 982 3113 Spiritus
1015 3043 1153 3099 Deus
1182 3053 1261 3099 est
1287 3024 1326 3098 '5.
1361 3043 1602 3116 Spiritus
1628 3058 1757 3100 vero
1784 3044 1994 3102 nullum

2100 1845 2295 1918 ὄληται
2314 1865 2326 1877 ·
2346 1845 2379 1917 ἢ
2399 1846 2510 1918 γὰρ
2528 1843 2895 1907 συστέλλεται,
2914 1842 2947 1914 ἢ
2964 1840 3315 1902 πλατύνεται,
3335 1838 3370 1909 ἢ
3386 1835 3655 1891 ἁπλοῦται
3670 1874 3686 1897 ,

2097 1939 2131 2010 ἢ
2156 1938 2426 2013 ἀπορροίη
2453 1938 2497 2004 ³,
2526 1936 2559 2009 ἢ
2587 1932 2865 2006 δγκοῦται,
2911 1934 2946 2005 ἡ
2989 1950 3044 1987 τι
3070 1932 3181 1989 τῶν
3205 1930 3481 1987 τοιούτων.
3513 1926 3689 1996 Φεῦγε

2096 2030 2196 2102 τῆς
2230 2028 2488 2101 τοιαύτης
2513 2028 2753 2092 διανοίας
2767 2025 3013 2099 πονηρᾶς
3040 2023 3226 2095 οὔσης,
3244 2024 3341 2077 καὶ
3368 2022 3470 2076 οὑκ
3492 2019 3691 2093 ἀληθε-

2100 2124 2321 2196 στάτης.
2358 2123 2456 2188 Τίς
2474 2121 2650 2177 ταῦτα
2671 2123 2802 2194 περὶ
2824 2121 2962 2175 Θεοῦ
2989 2117 3440 2191 διανοηθήσεται;
3468 2116 3597 2170 ποία
3630 2115 3689 2169 δὲ

2101 2218 2327 2272 ὑπόνοια
2358 2216 2585 2272 τοιαῦτα
2621 2214 2922 2288 τολμήσει;
2951 2213 3206 2286 Δηλονότι
3237 2210 3415 2274 οὐδεὶς
3430 2209 3553 2264 οὑδὲ
3577 2209 3688 2263 τῶν

2098 2310 2368 2382 δαιμόνων
2419 2308 2658 2363 τοιοῦτον
2702 2307 3137 2379 διανοηθήσεται.
3171 2306 3290 2361 Κᾶν
3318 2322 3404 2370 τις
3435 2303 3689 2375 ὁμολογεῖ

2098 2404 2191 2459 τὸν
2247 2402 2487 2475 Πατέρα,
2540 2401 2790 2455 πιστεύει
2845 2399 3010 2454 αὐτὸν
3062 2399 3155 2453 τὸν
3197 2398 3327 2452 Υίὸν
3364 2398 3422 2451 ἐν
3457 2396 3688 2468 ἀληθείᾳ

2099 2496 2522 2568 γεγεννηκέναιο
2552 2494 2615 2549 οὑ
2645 2493 2755 2567 γὰρ
2806 2494 2994 2563 δγκοις
3018 2491 3378 2565 περιφέρεται
3418 2490 3481 2544 τὸ
3506 2489 3687 2552 Θεῖον,

2098 2587 2219 2641 οὑδὲ
2247 2586 2412 2658 σῶμά
2452 2586 2602 2640 ἐστιν
2653 2584 2872 2656 ἔγκυον,
2908 2584 2996 2638 ἵνα
3028 2584 3295 2657 ὑπομείνῃ
3324 2582 3397 2638 τὰ
3425 2598 3689 2655 προειρηο

2103 2662 2281 2751 μέναο
2317 2662 2563 2748 Πνεῦμα
2606 2678 2717 2749 γὰρ
2763 2681 2799 2733 ό
2840 2678 3020 2745 Θεὸς·
3066 2676 3290 2747 πνεῦμα
3318 2675 3377 2729 δὲ
3400 2674 3557 2747 ῥύσιν
3588 2675 3688 2746 οὑχ

2100 2770 2414 2845 ὑφίσταται,
2439 2773 2499 2825 οὑ
2531 2771 2724 2843 τομὴν,
2784 2770 2846 2823 οὑ
2900 2768 3093 2840 στολὴν
3119 2769 3162 2834 β,
3194 2769 3258 2823 οὑ
3302 2768 3548 2839 μείωσιν,
3588 2769 3688 2839 οὑχ

2096 2861 2368 2930 ἆπλωσιν,
2400 2864 2523 2919 οὑτε
2546 2883 2604 2919 τι
2625 2864 2737 2918 τῶν
2767 2861 3045 2917 τοιούτων.
3073 2862 3224 2917 Καοὸ
3248 2863 3470 2921 τοίνυνὸ
3499 2861 3688 2934 Πατὴρ

2086 2948 2325 3028 ’πνεῦμά
2358 2958 2493 3023 ἐστι,
2524 2959 2616 3012 τὸν
2671 2957 2800 3015 Υἱὸν
2827 2958 2963 3012 θεὸν
2988 2959 3163 3029 Λόγον
3188 2957 3494 3028 ,γεγέννηκε
3525 2973 3688 3010 πνευ-

2107 3046 2374 3118 ματικῶς,
2399 3050 2666 3123 ἀχρόνως,
2693 3050 3091 3125 ἀκαταλήπτως
3113 3053 3209 3106 καὶ
3240 3051 3513 3122 ἁνάρχως.

390 3136 634 3192 'omuino
683 3134 1031 3205 profluvium,
1083 3136 1616 3207 ueque'sectionem,
1646 3150 1831 3223 neque
1876 3140 2346 3211 contractiunem,
2393 3154 2488 3199 aut
2528 3142 2993 3214 imminutionem,
3042 3136 3223 3216 neque
3270 3141 3684 3216 expensiouem,

388 3222 498 3311 :ch
557 3232 705 3286 aliud
755 3230 1054 3303 quidquam
1102 3232 1270 3302 hujus
1309 3222 1821 3303 generis’admittit.
1854 3230 2000 3306 Ergo
2038 3242 2311 3308 quatenus
2341 3241 2566 3311 spiritus
2607 3249 2693 3298 est
2747 3240 2948 3311 Pater,
3004 3241 3173 3298 Deum
3229 3239 3427 3296 Filium
3468 3240 3686 3315 spirita-

412 3331 539 3385 liter
564 3328 882 3415 progenuit,
936 3328 1056 3384 sine
1107 3328 1220 3383 ullo
1274 3336 1539 3417 tempore,
1590 3343 1656 3384 eo
1700 3331 1864 3386 modo
1936 3333 2030 3403 qui
2101 3337 2485 3407 comprehendi
2536 3352 2646 3395 non
2692 3344 2891 3411 potest,
2938 3339 3142 3410 quique
3184 3338 3323 3393 initii
3370 3338 3444 3394 sit
3505 3336 3685 3391 omnis

413 3440 631 3496 expers.
672 3486 675 3489 η

486 3520 692 3575 XLVII.
734 3519 839 3576 Sed
869 3529 928 3575 ut
952 3521 1018 3578 iis
1046 3521 1137 3590 qui
1162 3522 1347 3579 animo
1378 3523 1479 3578 ista
1508 3531 1751 3588 versant,
1780 3522 1991 3580 facilius

2168 3523 2423 3579 ΜΖ’.Ἵνα
2438 3522 2493 3577 δὲ
2510 3522 2733 3586 τούτους
2759 3522 3038 3593 πείσωμεν
3060 3524 3186 3586 τοὺς
3206 3522 3381 3578 ταῦτα
3405 3524 3684 3595 νοοῦντας,

414 3611 751 3685 persuadere
780 3611 1084 3681 possimus,
1112 3610 1292 3666 dicam
1331 3612 1561 3682 aliquid,
1596 3614 1738 3682 quod
1767 3613 1869 3671 etsi
1900 3616 1997 3672 ne-

415 3717 690 3779 quaquam
731 3703 909 3757 simile
949 3703 1040 3767 sit,
1092 3703 1144 3756 in
1180 3703 1450 3760 similibus
1498 3713 1677 3760 tamen
1726 3706 1891 3763 rebus
1931 3709 1994 3763 ad

415 3794 727 3869 improbam
802 3792 1020 3869 illorum
1079 3792 1586 3862 tergiversationem
1644 3793 1994 3851 refellendam

415 3885 599 3939 valet:
632 3880 829 3938 Creata
860 3881 1060 3952 quippe
1104 3897 1193 3936 res
1230 3881 1408 3937 omnis
1442 3882 1655 3939 inﬁnite
1681 3885 1750 3940 ab
1780 3885 1996 3941 Domini

414 3977 501 4032 sui
544 3961 847 4045 majestate.
874 3975 1066 4031 distat.
1108 3974 1281 4046 Igitur
1318 3974 1565 4046 plerique
1613 3978 1667 4032 in
1703 3978 1997 4035 solitudine

413 4068 535 4141 igne
579 4076 831 4123 carentes
889 4068 1125 4122 vitreum
1172 4082 1269 4122 vas
1313 4084 1456 4137 aqua
1508 4068 1828 4141 complent:
1881 4078 1994 4125 tum

384 4163 697 4229 ,materiam
754 4163 996 4237 aliquam
1046 4161 1372 4217 adhibentes
1435 4178 1557 4233 quae
1607 4164 1786 4235 ignem
1838 4163 1997 4220 facile

383 4253 674 4325 _concipit,
703 4261 834 4322 puta
870 4269 901 4308 e
944 4252 1081 4323 lino,
1113 4252 1193 4305 vel
1242 4260 1435 4322 stuppa
1505 4254 1824 4320 conflatam,
1867 4255 1999 4310 solis

420 4342 592 4397 radiis
621 4352 924 4411 exponunt.
963 4344 999 4398 li
1035 4357 1130 4410 per
1153 4342 1355 4395 vitrum
1403 4343 1457 4395 in
1486 4344 1786 4412 subjectam
1819 4354 1996 4398 mate-

413 4434 551 4487 riam
592 4433 775 4485 lumeu
826 4431 1165 4484 immittunt:
1216 4447 1339 4501 quae
1382 4432 1568 4484 statim
1614 4448 1645 4488 e
1693 4434 1828 4488 solis
1873 4434 1998 4503 igne

410 4523 684 4578 ﬂammam
724 4521 965 4593 concipit
1012 4528 1067 4577 et
1130 4522 1461 4578 exardescit.
1506 4519 1827 4577 Utrumnam
1867 4539 1998 4593 ergo

411 4614 506 4668 illa
535 4613 863 4669 substantia:
891 4614 1315 4685 participatione
1346 4612 1553 4684 aliquid
1598 4614 1666 4668 de
1697 4614 1812 4670 sole
1849 4630 1991 4684 prae—

410 4707 650 4762 ciditur?
693 4723 763 4762 an
799 4723 929 4763 vero
965 4706 1188 4762 deﬁcit?
1233 4723 1302 4760 an
1350 4706 1734 4760 imminuitur?
1774 4705 1995 4776 Nequa.

411 4814 597 4870 quam,
636 4782 914 4870 inquiunt.
948 4799 1151 4866 Quare,
1196 4799 1243 4853 si
1281 4799 1417 4853 nihil
1444 4806 1712 4853 creatura:
1749 4799 1994 4855 detrahi-

2097 3616 2196 3688 οὐχ
2217 3616 2379 3687 ὃμοια
2416 3614 2515 3687 μὲν
2564 3615 2886 3684 φάσκοντες,
2923 3614 3017 3685 ἀφ’
3047 3613 3249 3686 ὁμοίων
3290 3616 3347 3669 δὲ
3373 3615 3480 3670 τῶν
3503 3618 3685 3673 αὑτῶν

2098 3708 2531 3780 ἀποστρέφοντες
2584 3706 2762 3779 κακὴν
2789 3707 3108 3776 ἀπολογίαν,
3157 3708 3402 3781 εἴπωμεν
3422 3727 3437 3741 ·
3462 3712 3684 3784 κτίσμα

2077 3790 2213 3852 “sua
2256 3799 2319 3852 τὸ
2372 3799 2617 3870 ἀπείρως
2674 3799 2768 3852 καὶ
2828 3797 3338 3872 μυριονταπλασίως
3378 3799 3472 3854 τοῦ
3514 3802 3681 3856 αὑτοῦ

2096 3892 2363 3944 Δεσπότου
2421 3891 2670 3945 ἀποδέον.
2718 3890 2830 3944 Καὶ
2881 3890 3065 3944 πολλοί
3100 3906 3245 3954 τινες
3280 3890 3340 3946 ἐν
3368 3891 3558 3965 ἐρήμῳ
3593 3895 3683 3947 ὲν-

2096 3982 2339 4054 δεὸμενοι
2367 3981 2559 4054 πυρὸς,
2601 3981 2933 4052 γεμίσαντες
2977 3981 3123 4053 ὕδωρ
3166 3984 3226 4036 ὲν
3258 3982 3418 4052 ἄγγει
3462 3982 3692 4056 ὑελίνῳ,

2097 4075 2192 4128 καὶ
2223 4071 2357 4145 ὓλην
2389 4071 2858 4144 προσενέγκαντες
2901 4072 3323 4143 εύθυφλὸγιστον
3370 4076 3437 4129 ὲκ
3465 4074 3612 4130 λίνου
3644 4077 3678 4149 ἢ

2098 4169 2162 4221 ὲκ
2205 4166 2506 4221 στυππείου
2565 4163 2964 4237 πεποιημένην,
3007 4166 3253 4220 ἵστανται
3300 4167 3528 4240 ἀντικρὺ
3583 4169 3680 4222 τοῦ

2097 4257 2248 4328 ἡλίου
2278 4257 2379 4327 τῆς
2427 4256 2818 4329 μαρμαρυγῆς,
2853 4256 2962 4310 ἀπὸ
2985 4256 3084 4331 τῆς
3126 4256 3280 4311 ὑέλου
3313 4258 3683 4326 καταυγαζού-

2098 4365 2199 4420 σης
2234 4350 2315 4412 είς
2353 4348 2457 4419 τὴν
2507 4349 2874 4421 ὑποκειμένην
2909 4347 3063 4421 ὕλην,
3102 4348 3196 4403 καὶ
3235 4349 3397 4414 εὐθὺς
3432 4350 3542 4403 ἀπὸ
3583 4351 3679 4404 τοῦ

2097 4438 2268 4508 πυρὸς
2304 4435 2400 4489 τοῦ
2461 4436 2612 4508 ἡλίου
2662 4438 3019 4510 λαμϐάνεται,
3061 4439 3155 4492 καλ⁸
3195 4439 3417 4504 ἐξάπτει
3448 4439 3508 4493 τὸ
3544 4440 3676 4510 πῦρ.

2095 4524 2243 4599 ’Ἆρα
2267 4528 2525 4599 τέμνεται
2560 4531 2588 4584 ὁ
2634 4530 2786 4601 ἥλιος
2807 4531 2897 4586 διὰ
2926 4532 3027 4603 τῆς
3062 4530 3297 4603 μετοχῆς
3326 4532 3428 4603 τῆς
3448 4532 3677 4598 auctae;

2095 4612 2247 4690 Ἀρα
2300 4618 2611 4690 ένέλειψεν;
2657 4616 2805 4693 ’Λρα
2844 4619 3121 4691 ἰμειώθης
3181 4619 3336 4690 Οὑχὶ,
3395 4619 3579 4690 φασίν.
3613 4619 3677 4673 Et

2095 4709 2273 4764 τοίνυν
2300 4710 2506 4783 κτίσμα
2551 4709 2629 4766 ὣν
2671 4712 2771 4765 οὑκ
2818 4709 3076 4781 ὲμειώθη,
3124 4711 3275 4781 πόσῳ
3318 4726 3381 4779 γε
3411 4709 3611 4781 μᾶλλον
3638 4712 3677 4763 ὁ

2096 4804 2321 4875 ἄπειρος
2350 4804 2444 4857 καὶ
2486 4803 2868 4874 ἀκατάληπτος
2908 4803 3002 4856 καὶ
3031 4801 3298 4874 ἄχραντος
3325 4801 3400 4855 ὢν
3437 4802 3588 4865 Θεὸς,
3616 4802 3676 4869 ἐξ

412 4901 504 4947 tur
524 4935 539 4956 ,
572 4903 778 4965 quanto
808 4896 981 4964 magis
1008 4893 1387 4958 inﬁnitusille,
1418 4893 1905 4964 ineomprehensus
1934 4902 1989 4950 et

2097 4896 2287 4950 ἑαυτοῦ
2323 4898 2611 4968 γεννήσας,
2636 4897 2852 4967 πνεῦμα
2881 4894 2976 4960 ὣν,
3009 4895 3141 4949 Θεὸν
3169 4896 3362 4964 Λόγον,
3397 4895 3674 4966 ἄφραστον

383 4984 881 5059 ,ἱιιοοηιιιηιίιιιιιιιε
931 4985 1095 5052 Deus,
1143 5000 1173 5040 e
1220 5000 1279 5040 se
1319 4985 1438 5055 ipso
1481 4986 1730 5057 gignens,
1760 5003 1883 5041 eum
1919 4986 1991 5043 sit

409 5078 658 5148 spiritus,
689 5077 860 5133 Deum
885 5076 1148 5140 Verbum,
1173 5078 1266 5148 qui
1301 5094 1401 5133 nec
1423 5079 1671 5134 oratione
1697 5079 1987 5146 declarari,

406 5182 512 5225 nec
543 5171 892 5242 intelligentia
924 5171 1312 5240 comprehendi
1338 5180 1532 5242 potest,
1558 5181 1611 5229 ct
1635 5172 1988 5246 incorruptus

406 5267 512 5325 est,
553 5263 803 5317 eumdem
853 5263 1031 5332 ipsum
1073 5264 1191 5319 sine
1220 5264 1311 5318 illa
1342 5266 1650 5337 corruptela
1702 5267 1890 5339 genuit
1924 5283 1989 5323 ac

406 5352 528 5409 sine
566 5352 855 5409 aﬁ‘ectione
905 5354 989 5409 vel
1038 5355 1281 5410 sectione
1315 5357 1399 5410 vel
1453 5356 1835 5422 diminutione,
1889 5360 1982 5414 sed

402 5445 686 5521 perfectus
738 5445 1035 5517 perfectum
1074 5447 1421 5520 perfecteque
1449 5449 1743 5520 produxit?
1775 5453 1853 5505 Ae
1887 5468 1985 5507 na-

406 5548 530 5594 tura
571 5534 789 5609 quidem
830 5539 971 5609 ignis
1006 5542 1192 5611 plurcs
1234 5541 1303 5597 ab
1337 5557 1444 5596 una
1493 5542 1748 5599 lucernas
1783 5558 1983 5597 accen—

296 5693 305 5701 _
403 5630 517 5700 dit;
571 5630 677 5701 52
736 5648 914 5703 neque
965 5635 1142 5704 prima
1194 5635 1488 5700 minuitur;
1554 5651 1742 5690 verum
1802 5643 1984 5703 potest

2096 4990 2189 5044 καὶ
2226 4990 2612 5062 ἀκατάληπτον
2657 4990 2751 5043 καὶ
2792 4988 3067 5060 ἄφθαρτον
3100 4990 3162 5041 ἐν
3203 4988 3485 5060 ἀφθαρσίᾳ
3519 4988 3674 5058 ὲγέν·

2095 5099 2279 5154 νησεν,
2311 5084 2371 5136 οὑ
2403 5083 2491 5136 διὰ
2517 5082 2741 5147 πάθους,
2774 5082 2836 5135 οὑ
2869 5082 2956 5134 διὰ
2977 5081 3169 5152 τομῆς,
3199 5082 3261 5135 οὑ
3277 5080 3669 5152 δι’ὲλλείψεως.

2097 5175 2234 5230 ἀλλὰ
2264 5175 2469 5238 τέλειος
2504 5174 2708 5227 τέλειον
2745 5174 2803 5228 ὲν
2838 5172 3169 5245 τελειότητι;
3206 5174 3313 5227 Καὶ
3351 5176 3383 5245 ἠ
3438 5175 3535 5245 μὲν
3576 5174 3671 5231 τοῦ

2097 5265 2269 5338 πυρὸς
2304 5264 2463 5336 φύσις
2483 5263 2713 5326 πολλοὺς
2736 5264 2961 5335 λύχνους
2988 5265 3148 5319 ἆπτει
3180 5266 3291 5319 ἀπὸ
3323 5266 3457 5329 ἑνὸς,
3504 5264 3597 5319 καὶ
3645 5267 3672 5318 ὁ
3754 5309 3765 5313 -

2092 5358 2307 5428 πρῶτος
2339 5356 2600 5428 ὑπάρχων
2628 5356 2728 5409 οὑκ
2779 5357 3040 5429 ἐμειώθη.
3080 5358 3250 5413 Πάλιν
3295 5358 3351 5412 δὲ
3382 5357 3604 5411 δύναται
3634 5360 3671 5430 ἡ

2091 5447 2229 5519 αὑτὴ
2256 5446 2412 5500 οὑσία
2442 5449 2506 5499 ἐκ
2518 5446 2727 5501 πολλῶν
2753 5448 2993 5519 μερικῶν
3016 5444 3177 5511 εἶναι,
3205 5449 3433 5521 φημἰδὴ
3462 5447 3670 5519 λύχνων

2090 5540 2123 5610 ἢ
2185 5538 2500 5608 λαμπάδων.
2546 5539 2686 5592 Ἀλλ’
2713 5541 2811 5613 οὑχ
2842 5541 2983 5596 οῦτω
2998 5542 3059 5596 τὸ
3080 5542 3259 5604 Θεῖον,
3290 5542 3366 5613 μὴ
3412 5541 3625 5611 γένοιτο
3652 5540 3664 5593 I

2090 5630 2165 5683 os
2195 5629 2355 5685 πάλιν
2411 5631 2517 5702 γὰρ
2569 5627 2732 5704 ἦλθεν
2767 5635 2795 5687 ὁ
2841 5635 3033 5704 Λόγος,
3072 5635 3167 5688 καὶ
3208 5633 3536 5705 συναλοιφὴν
3588 5629 3669 5720 τῷ

477 5804 498 5842 ¹
535 5804 712 5898 10311,.
741 5825 814 5897 ty,
854 5808 944 5866 24.
1024 5811 1205 5889 ’.Il(;g.
1248 5808 1417 5878 πάθη,
1444 5808 1605 5861 πάθε.
1682 5807 1702 5838 ³
1737 5807 1865 5863 Cor.
1898 5807 1991 5860 ara

2097 5811 2178 5866 ai’.
2228 5807 2249 5840 ’⁸
2276 5807 2338 5861 F.
2380 5808 2665 5882 συστολήν.
