4012 6210
337 347 431 403 101

1756 334 2205 399 ANCOMTUS.

3331 298 3377 329 ’τι

3510 336 3615 404 lt)!

335 467 512 538 ιΙατρὶ
572 464 899 538 εἰργάσατοο
949 465 1065 520 ἀλλ’
1120 469 1150 520 ὀ
1194 462 1382 538 Πατὴρ
1423 466 1614 536 Πατήρ
1648 465 1783 529 ἐστι,
1834 464 1927 517 καὶ

2045 464 2218 518 :adem
2267 464 2576 518 substantia
2630 463 2881 534 pluribus
2932 478 2963 517 c
3012 464 3439 534 particular-ibus
3485 478 3620 520 cou-

333 560 364 611 ὁ
397 560 523 621 Υίὸς
574 559 721 623 Υἱὸς,
755 560 937 613 καὶτὸ
981 560 1135 628 ἆγιον
1192 560 1418 629 Πνεῦμα
1480 558 1703 628 Πνεῦμα
1749 557 1925 625 ἅγιον.

2038 556 2176 619 flari,
2226 566 2356 625 puta
2407 558 2671 622 lucernis,
2712 568 2806 611 aut
2848 558 3083 615 facibus.
3132 559 3236 615 Sed
3278 576 3387 615 non
3430 556 3617 615 eadem

330 651 642 706 divinitatis
667 659 753 706 est
779 653 960 717 ratio;
1002 668 1113 707 non
1147 653 1293 707 enim
1333 661 1524 722 poStea
1558 649 1792 705 Verbum
1826 650 2084 714 accessit,
2117 658 2172 704 et
2211 664 2338 704 cum
2403 648 2566 705 Patre
2603 652 2829 718 coaluit,
2900 652 2997 708 sed
3054 651 3217 709 Pater
3274 652 3437 709 Pater
3503 659 3615 711 cst.

334 757 389 803 et
418 745 589 802 Filius
616 746 788 804 Filius
808 791 821 814 ,
853 756 907 804 et
943 746 1180 818 Spiritus
1210 758 1433 804 sanctus
1457 748 1693 818 Spiritus
1722 756 1969 803 sanctus.

405 845 546 897 Mll'.
578 844 780 916 Μωρὸν
820 845 932 917 γὰρ
956 845 1018 898 τὸ
1062 846 1212 917 παρὰ
1258 848 1370 909 τοῖς
1410 845 1736 917 Μανιχαίοις
1780 846 1933 916 εἰρη-

338 935 497 1005 μένον
558 936 695 1007 (49),
739 939 825 990 ὅτι
874 939 932 990 ὲν
966 937 1045 1008 τῷ
1081 937 1160 991 νοτ
1188 934 1285 991 τοῦ
1333 939 1494 1008 Μάνη
1534 940 1587 990 αἱ
1625 937 1795 1008 ψυχαὶ
1822 935 1931 989 ἀπὸ

334 1028 429 1082 τοῦ
461 1029 655 1082 στόλου
694 1029 789 1083 τοῦ
844 1031 1023 1100 φωτὸς
1072 1029 1363 1102 γενόμεναι
1390 1029 1447 1083 ἓν
1482 1029 1642 1099 σῶμά
1663 1029 1802 1093 ἐστι,
1834 1027 1930 1081 καὶ

328 1120 596 1192 λυόμεναι
644 1122 755 1176 ἀπὸ
800 1122 909 1175 τῶν
967 1123 1258 1193 σωμάτων,
1304 1122 1461 1187 αὖθις
1496 1122 1928 1176 ἀναπλάττονται

340 1216 407 1284 τῇ
430 1215 530 1284 μιᾷ
559 1214 719 1286 οὐσίᾳ
741 1214 817 1277 ὡς
846 1216 926 1278 εἰς
952 1214 1044 1268 τὸν
1072 1214 1168 1267 ἕνα
1194 1214 1404 1279 στύλον,
1436 1215 1577 1269 κατὰ
1597 1214 1658 1267 τὸ
1688 1213 1931 1283 μυθῶδες

336 1305 516 1359 αὐτῶν
532 1305 629 1357 τοῦ
646 1305 982 1376 πλάσματος.
1022 1305 1159 1359 Ἀλλ’
1176 1306 1273 1376 οὐχ
1288 1306 1460 1369 οὕτως
1482 1306 1649 1371 ἔδειξε
1665 1304 1724 1357 τὸ
1756 1303 1935 1373 Εὐαγ-

336 1396 515 1465 γὲλιον
536 1412 550 1426 ο
586 1396 701 1450 ἀλλ’
724 1397 951 1450 ἔκλασεν
974 1398 1084 1451 ἀπὸ
1110 1398 1271 1451 πέντε
1298 1400 1501 1469 ἄρτων,
1537 1400 1633 1452 καὶ
1671 1398 1932 1469 ἐχόρτασε

338 1488 833 1559 πεντακισχιλίους,
893 1490 988 1543 καὶ
1025 1489 1121 1542 οὐκ
1158 1490 1371 1559 ἀφῆκεν
1416 1489 1599 1543 αὐτῶν
1631 1489 1701 1543 τὰ
1735 1506 1930 1560 περισ-

336 1579 611 1650 σεύματα,
643 1579 801 1646 ἀλλὰ,
835 1581 1233 1652 Συναγάγετε,
1262 1582 1417 1652 φησι,
1451 1580 1549 1634 καί
1566 1580 1765 1650 μηδὲν
1789 1581 1934 1635 ἀπο-

336 1674 559 1742 λιπητε
596 1672 716 1728 τῶν
743 1674 1138 1743 κλασμάτων·
1178 1676 1277 1729 καί
1314 1674 1675 1744 συνήγαγον
1706 1672 1937 1727 δώδεκα

335 1768 658 1835 κοφίνους·
694 1767 790 1820 καὶ
846 1769 924 1830 είς
970 1768 1071 1831 τὰς
1108 1769 1205 1838 μὲν
1234 1767 1407 1839 θήκας
1437 1767 1571 1838 ὁμοῦ
1608 1767 1935 1839 συνήγαγον,

338 1858 408 1912 τὰ
433 1858 490 1912 δὲ
518 1858 811 1929 κλάσματα
857 1855 1015 1924 αὖθις
1066 1861 1169 1915 οὐκ
1203 1863 1284 1925 είς
1314 1862 1610 1930 συνάφειαν
1641 1862 1822 1935 ἄρτων
1860 1861 1937 1924 ὡς

338 1946 481 2021 ἦσαν
527 1951 775 2022 ἐποίησε.
834 1953 1149 2023 Συνήγαγον
1202 1954 1301 2024 μὲν
1350 1952 1411 2007 τὸ
1445 1952 1669 2025 πλῆθος,
1695 1952 1815 2009 ἀλλ’
1856 1954 1937 2017 είς

339 2041 513 2095 πολλὰ
570 2042 886 2113 κλάσματα,
918 2045 999 2107 είς
1042 2044 1171 2114 μίαν
1203 2044 1260 2097 δὲ
1300 2046 1627 2117 συναγωγὴν
1643 2044 1813 2110 ἔδειξε
1840 2061 1936 2097 κο-

340 2133 529 2203 φίνων.
555 2134 670 2188 Καὶ
724 2134 787 2187 οὐ
843 2133 967 2188 καθ’
1003 2134 1263 2189 ὑπόθεσιν
1324 2136 1556 2208 θεωρίας
1588 2137 1752 2208 ἡμεῖς
1776 2135 1937 2190 τοῦτο

337 2225 821 2298 ὴλληγορήσαμεν,
854 2228 951 2280 καὶ
979 2227 1042 2281 τὸ
1071 2228 1474 2300 προειρημένον
1499 2227 1593 2281 τοῦ
1617 2228 1770 2299 ἡλίου
1805 2226 1940 2281 ὑπό-

340 2319 560 2389 δειγμα.
596 2320 673 2373 Οὐ
705 2321 814 2392 γὰρ
866 2320 994 2384 τοὺς
1043 2321 1241 2393 ἄρτους
1280 2319 1463 2393 ψυχὰς
1514 2320 1768 2393 λέγομεν,
1809 2319 1935 2374 οὔτε

338 2408 653 2481 κλάσματα,
688 2409 763 2480 μὴ
817 2409 1059 2478 γένοιτοί
1090 2406 1216 2462 οὔτε
1241 2409 1333 2462 τὸν
1374 2408 1508 2461 Θεὸν
1548 2407 1833 2477 ἐξισοῦμεν
1860 2407 1939 2478 τῷ

338 2501 481 2572 ἡλίῳ
510 2503 603 2554 ὑπ’
638 2500 802 2555 αὑτοῦ
831 2502 1155 2573 ὲκτισμένῳ,
1190 2499 1316 2554 οὗτε
1335 2500 1431 2554 τὸν
1454 2500 1740 2570 Μονογενῆ
1774 2498 1937 2569 αἴγλῃ

341 2595 410 2663 τῇ
438 2593 542 2665 ὑπὸ
572 2593 668 2658 τοῦ
685 2592 841 2664 ἡλίου
861 2593 1022 2663 είςιτὸ
1058 2596 1365 2663 στυππεῖον
1400 2592 1753 2664 πεμπομένη.
1779 2591 1938 2646 Κατὰ

344 2684 408 2756 δὴ
436 2684 497 2737 τὸ
518 2685 704 2755 ὅμοιον
745 2687 840 2739 καὶ
867 2686 1039 2756 ψυχαὶ
1070 2687 1127 2740 αἱ
1154 2685 1499 2756 γεννηθεῖσαι
1544 2686 1604 2738 οὐ
1642 2684 1939 2738 συνάπτον-

344 2792 434 2827 ται
457 2777 536 2838 είς
561 2776 691 2846 μίαν
723 2777 1071 2849 συναλοιφὴν,
1096 2778 1169 2849 μὴ
1199 2778 1444 2846 γένοιτοί
1478 2776 1593 2830 ἀλλ’
1610 2779 1691 2841 είς
1717 2777 1817 2841 τὰς
1843 2776 1937 2830 τοῦ

339 2866 482 2920 Θεοῦ
515 2868 683 2938 μονὰς
742 2868 841 2933 τὰς
898 2870 1314 2941 γεγραμμένας,
1364 2870 1446 2923 ὃτι
1488 2868 1720 2923 Πολλαί
1754 2869 1937 2938 μοναί

336 2962 509 3027 παρὰ
539 2958 631 3024 τῷν
652 2962 868 3030 Πατριο
920 2956 1027 3015 οὐκ
1068 2958 1149 3025 είς
1192 2956 1288 3016 ἕνα
1317 2962 1376 3015 δὲ
1405 2961 1593 3032 βουνὸν
1621 2962 1937 3031 γενόμεναι,

340 3047 467 3102 ἀλλ’
485 3049 714 3104 ἑκάστου
736 3050 1056 3116 ιίδιαζόντως
1072 3053 1514 3125 ἀριθμουμένους
1544 3053 1582 3108 ⁸.
1609 3054 1743 3109 Οὐδὲ
1773 3057 1832 3108 ὲν
1858 3054 1939 3125 τῷ

2110 838 2337 897 XLVIII.
2375 840 2610 896 Stultum
2662 843 2807 897 enim
2881 853 2967 901 est
3012 847 3157 917 quod
3203 863 3230 901 a
3306 846 3619 902 Maniclia‘is

2038 936 2392 1005 proponitur.
2446 935 2660 989 animas
2694 952 2760 990 ex
2800 937 3057 1006 opinione
3089 939 3264 995 Manis
3296 955 3324 993 a
3362 942 3615 994 columna

2039 1028 2182 1097 ignis
2228 1036 2450 1083 exortas
2496 1045 2664 1082 unum
2720 1043 2921 1100 corpus
2968 1031 3202 1101 efficere,
3250 1050 3313 1089 ac
3359 1035 3619 1105 deinceps

2036 1122 2360 1190 corporibus
2385 1123 2664 1176 exsolutas
2689 1137 2793 1175 una
2826 1139 3020 1179 rursus
3048 1125 3332 1181 reformari
3362 1128 3621 1184 substan-

2040 1210 2113 1263 tia
2149 1212 2202 1265 in
2240 1228 2402 1266 unam
2454 1214 2601 1266 illam
2650 1214 2961 1268 columnam
2997 1215 3229 1281 scilicet,
3282 1226 3339 1271 ut
3382 1234 3621 1288 nugaces

2038 1303 2256 1359 illorum
2289 1304 2486 1360 fabula:
2515 1315 2970 1362 commemorant.
3008 1306 3111 1363 Sed
3148 1308 3308 1380 longe
3344 1311 3621 1366 contraria

2040 1394 2225 1448 omnia
2263 1395 2424 1451 docet
2472 1394 2845 1468 Erangclium,
2895 1401 2984 1456 ubi
3029 1402 3272 1471 quinque
3301 1417 3471 1472 panes
3511 1402 3623 1456 fre-

2038 1488 2186 1559 gisse
2216 1487 2436 1559 legitur,
2475 1504 2540 1544 ac
2565 1491 2793 1547 totidem
2830 1504 3107 1550 saturasse
3136 1495 3329 1563 millia,
3367 1511 3469 1551 nec
3497 1495 3628 1551 reli-

2042 1582 2201 1653 quias
2231 1582 2537 1653 abjecisse;
2568 1584 2684 1652 sed,
2725 1584 2988 1657 Colligite,
3027 1587 3225 1658 inquit,
3259 1597 3315 1642 ut
3352 1590 3485 1643 nihil
3512 1590 3627 1659 fra-

2041 1682 2371 1743 gmentorum
2431 1675 2801 1746 relinquatur;
2862 1687 2911 1731 et
2978 1678 3298 1749 collegerunt
3353 1680 3623 1735 duodenos

2044 1763 2293 1832 cophinos
2331 1765 2373 1819 ⁸.
2407 1763 2594 1836 Itaque
2634 1768 2687 1820 in
2749 1768 2944 1824 corbes
3010 1771 3395 1839 contulerunt;
3450 1788 3627 1843 neque

2044 1865 2226 1911 tamen
2275 1856 2580 1929 fragmenta
2611 1875 2801 1914 rursus
2850 1861 3091 1932 integros
3141 1863 3193 1917 in
3242 1878 3412 1933 panes
3439 1864 3627 1934 cujus-

2041 1948 2187 2003 modi
2217 1961 2375 2004 erant
2416 1959 2578 2006 antea
2639 1950 2878 2007 conflare
2910 1954 3082 2008 voluit
3110 1974 3122 2009 :
3154 1964 3345 2021 totam,
3376 1957 3623 2027 inquam,

2041 2040 2188 2095 illam
2233 2044 2446 2113 copiam
2495 2056 2915 2116 congesserunt,
2962 2048 3055 2103 sed
3110 2057 3169 2102 ut
3205 2049 3389 2119 piures
3437 2058 3625 2105 essent

2045 2134 2293 2202 reliquim
2323 2136 2375 2188 in
2411 2150 2573 2189 unam
2606 2136 2964 2205 copliinorum
3012 2142 3322 2209 congeriem
3358 2141 3619 2196 collectae.

2040 2220 2366 2293 Quanquam
2407 2224 2679 2294 ejusmodi
2724 2227 3039 2297 allegoriam
3090 2230 3163 2282 ita
3215 2231 3624 2301 proposuimus,

2040 2330 2150 2370 non
2177 2324 2237 2369 ut
2269 2332 2395 2371 cum
2426 2334 2493 2374 eo
2533 2319 2602 2374 de
2634 2335 2744 2390 quo
2775 2322 2937 2376 modo
2973 2322 3207 2391 agimus,
3243 2339 3466 2393 prorsus
3495 2340 3628 2379 con-

2040 2411 2245 2463 veniat.
2276 2409 2431 2476 Quod
2458 2412 2599 2467 idem
2627 2420 2679 2466 et
2703 2412 2772 2468 de
2799 2416 3084 2483 superiore
3104 2415 3197 2470 illo
3221 2418 3354 2472 solis
3379 2418 3628 2488 exemplo

2041 2500 2387 2555 sentiendum
2420 2512 2505 2557 est
2535 2520 2549 2556 :
2581 2517 2689 2557 non
2718 2504 2864 2559 enim
2894 2504 3067 2575 'panes
3091 2505 3306 2561 animas
3334 2522 3459 2562 esse
3491 2507 3629 2561 dici-

2041 2608 2164 2648 mus
2205 2602 2299 2648 aut
2344 2594 2671 2667 fragmenta.
2716 2596 2876 2652 Absit
2921 2605 2979 2650 ut
3020 2597 3152 2651 illud
3205 2598 3625 2654 existimemus!

2040 2684 2136 2739 sed
2170 2700 2349 2755 neque
2384 2685 2550 2741 Deum
2580 2702 2703 2741 eum
2738 2686 2853 2741 sole
2881 2702 3042 2756 quem
3091 2688 3182 2743 ille
3238 2688 3504 2750 condidit,
3542 2705 3630 2744 ex-

2021 2792 2257 2847 aequare
2286 2778 2561 2842 volumus,
2584 2793 2687 2833 nec
2716 2777 3068 2846 Unigeuitum
3104 2795 3227 2834 cum
3260 2781 3393 2835 solis
3420 2782 3508 2835 illo
3526 2780 3630 2834 ful-

2042 2884 2173 2941 gore
2200 2869 2294 2939 qui
2335 2869 2390 2923 in
2431 2877 2685 2940 stuppam
2725 2870 3057 2925 immittitur.
3106 2868 3210 2925 Sed
3249 2870 3303 2924 in
3350 2886 3415 2925 eo
3447 2882 3629 2925 tamen

2021 2960 2292 3015 nonnihil
2343 2968 2429 3015 est
2478 2960 2675 3025 simile,
2732 2961 2875 3030 quod
2934 2961 3128 3014 animae
3182 2961 3289 3016 illa:
3336 2963 3631 3033 progenita)

2042 3068 2387 3124 nequaquam
2441 3054 2493 3108 in
2540 3069 2711 3107 unum
2765 3052 3009 3108 confusa:
3048 3054 3383 3118 coalescunt,
3429 3055 3521 3108 sed
3576 3055 3630 3108 iu

346 3141 528 3211 λέγειν
584 3145 975 3215 γεγεννηκέναι
1032 3145 1124 3199 τὸν
1158 3144 1299 3199 Θεὸν·
1340 3147 1432 3199 τὸν
1466 3147 1729 3218 μονογενῆ
1772 3147 1938 3200 αὑτοῦ

2045 3145 2230 3215 plures
2278 3142 2372 3199 Dei
2426 3145 2746 3198 mansiones
2789 3144 3198 3199 distribuuntur
3240 3164 3253 3199 :
3310 3144 3378 3198 de
3433 3145 3631 3214 quibus

353 3234 504 3302 Υίὸν,
531 3235 703 3301 πάθος
744 3236 896 3309 αὐτῷ
931 3238 1345 3310 προσάπτομεν,
1385 3239 1526 3293 κατὰ
1576 3240 1675 3311 τὴν
1718 3239 1943 3293 ἐκείνων

346 3329 530 3401 κακὴν
569 3328 935 3401 βλασφημίαν.
987 3330 1103 3395 Πᾶς
1147 3332 1258 3405 γὰρ
1309 3334 1515 3402 γεννῶν
1545 3332 1809 3403 ἐμπαθῶς
1843 3331 1944 3386 κά-

348 3433 475 3487 μνει
507 3434 522 3450 ο
554 3420 648 3473 καὶ
666 3420 727 3473 οὐ
758 3420 865 3491 χρὴ
898 3418 1023 3474 οὔτε
1068 3421 1276 3493 κτίσμα
1306 3422 1485 3492 λέγειν
1516 3422 1639 3477 οὔτε
1677 3422 1945 3495 γέννημα,

353 3509 492 3567 κατὰ
515 3510 607 3565 τὸν
650 3512 872 3567 ἐκείνων
887 3513 1066 3582 λόγον,
1101 3514 1186 3568 ἵνα
1211 3514 1285 3586 μὴ
1307 3515 1487 3586 δῶμεν
1516 3515 1648 3569 Θεὸν
1672 3515 1947 3586 κάμνοντα

352 3599 387 3671 ἧ
418 3601 720 3671 πάσχοντα.
757 3602 928 3657 Πόθεν
981 3598 1076 3657 οῦν
1108 3604 1353 3677 εὕραμεν
1390 3606 1483 3660 τὸν
1522 3607 1670 3673 Υίὸν,
1706 3606 1738 3678 ἢ
1774 3606 1863 3659 διὰ
1894 3606 1947 3659 τί

350 3689 525 3761 ὄνομα
539 3690 676 3745 Θεοῦ
696 3692 809 3764 ἔχει
830 3710 844 3758 ;
870 3687 1029 3749 Οὗτοι
1046 3695 1102 3749 δὲ
1122 3696 1476 3767 συλλογισμοὶ
1498 3697 1823 3769 ἀνθρώπων,
1854 3699 1949 3751 καὶ

353 3779 463 3833 άπὸ
490 3781 697 3851 γηΐνων
755 3784 1121 3855 φρονημάτων
1159 3784 1495 3856 ὁρμώμενοι.
1541 3788 1625 3841 Τὰ
1654 3786 1765 3858 γὰρ
1790 3787 1948 3858 ἡμῶν

354 3872 503 3942 πάθη
531 3872 641 3926 τῶν
696 3873 998 3946 ἀνθρώπων
1031 3877 1112 3941 είς
1157 3877 1291 3933 Θεὸν
1335 3877 1599 3948 ἀθέμιτόν
1650 3880 1769 3932 ἐστι
1804 3878 1950 3947 λογί-

356 3962 565 4029 ζεσθαι,
621 3964 714 4019 τοῦ
752 3964 887 4020 Θεοῦ
926 3965 1113 4033 cacpfo;
1158 3967 1427 4036 λέγοντος
1471 3970 1595 4038 Οὐχ
1620 3969 1703 4035 ὠς
1727 3972 1788 4023 al
1821 3968 1949 4023 διὰ-

354 4072 510 4112 νοιαι
532 4057 697 4128 ὑμῶν
728 4059 767 4127 ἡ
796 4058 1031 4115 διὰνοιά
1054 4078 1196 4130 μου.
1226 4060 1337 4115 Καὶ
1362 4061 1526 4116 πάλιν
1544 4078 1561 4096 ο
1592 4064 1713 4131 Οὐχ
1739 4063 1818 4129 ὡς
1846 4063 1952 4116 ἆν-

358 4156 609 4220 θρωπος,
637 4140 793 4208 οὕτω
810 4154 909 4208 καί
934 4157 1100 4222 Θεός.

2042 3236 2306 3305 scriptum
2334 3247 2413 3291 est
2446 3254 2462 3289 :
2500 3235 2687 3289 Multae
2711 3236 3010 3289 mansiones
3028 3236 3170 3305 apud
3201 3236 3455 3291 Patrem‘
3477 3253 3495 3289 :
3532 3253 3630 3292 nec

2045 3330 2100 3383 in
2142 3344 2310 3383 unum
2347 3329 2551 3383 clivum
2586 3338 2922 3383 coacervatis
2958 3342 3118 3394 sunt;
3171 3328 3265 3383 sed
3315 3330 3631 3399 singillatim

2044 3436 2276 3491 quaeque
2303 3428 2645 3474 numeratur.
2676 3422 2753 3474 lla
2785 3437 2911 3475 cum
2942 3421 3109 3476 Deum
3146 3422 3381 3477 dicimus
3410 3424 3632 3476 unicum

2044 3513 2303 3582 genuisse
2341 3511 2565 3577 Filium,
2612 3528 2721 3567 non
2772 3512 2983 3567 idcirco
3031 3513 3371 3568 affectionem
3411 3514 3488 3567 illi
3534 3513 3630 3567 tri-

2046 3604 2288 3667 buimus,
2353 3612 2415 3658 ut
2465 3607 2867 3660 contumeliosa
2926 3606 2980 3659 in
3032 3604 3202 3661 Deum
3256 3607 3474 3661 illorum
3530 3606 3633 3661 fert

2046 3696 2254 3766 opinio.
2289 3696 2617 3767 Quicunque
2652 3706 2901 3768 generat,
2951 3698 3239 3753 aﬂectioue
3269 3700 3449 3769 aliqua
3482 3698 3632 3753 labo-

2048 3794 2156 3841 rat.
2186 3787 2345 3843 Unde
2370 3803 2435 3842 ex
2471 3788 2689 3841 illorum
2716 3789 3126 3844 asseveratione
3153 3803 3330 3859 neque
3356 3799 3633 3851 creatura,

2047 3890 2226 3946 neque
2264 3875 2445 3947 genita
2481 3878 2699 3933 soboles
2736 3879 3180 3948 pronuntiandus
3218 3888 3304 3935 est
3337 3877 3533 3944 Filius,
3577 3887 3633 3931 ut

2050 3983 2119 4023 ne
2162 3969 2417 4024 laborare
2460 3969 2650 4035 Deum,
2690 3978 2785 4025 aut
2828 3971 3035 4041 aliquid
3080 3972 3289 4042 perpeti
3341 3970 3633 4026 fateamur.

2053 4060 2337 4117 Undenam
2366 4062 2535 4131 igitur
2562 4061 2758 4116 Filium
2784 4063 3093 4119 invenimus
3122 4078 3248 4119 esse
3276 4065 3507 4131 dictum,
3541 4074 3634 4118 aut

2054 4170 2157 4210 cur
2218 4154 2313 4208 Dei
2367 4156 2473 4210 sibi
2532 4154 2953 4225 appellationem
3009 4155 3289 4209 vindicat?
3351 4155 3485 4209 Nam
3541 4157 3632 4210 isti

356 4262 552 4303 omnes
574 4248 641 4303 ab
675 4247 989 4303 hominibus
1026 4247 1323 4319 excogitati
1367 4248 1672 4320 syllogismi
1705 4257 1853 4314 sunt,
1891 4254 1947 4302 et
1986 4248 2056 4301 ab
2083 4248 2319 4301 humana
2353 4247 2622 4316 sapientia
2658 4246 2912 4316 profecti.
2962 4246 3293 4301 Aﬂ'ectiones
3361 4264 3492 4303 vero
3533 4263 3634 4303 no-

357 4347 507 4395 stras
541 4338 599 4393 in
640 4337 810 4394 Deum
860 4338 1165 4394 transferre
1202 4339 1475 4395 nefarium
1513 4355 1578 4395 ac
1610 4339 1939 4410 sacrilegum
1983 4346 2089 4403 est,
2132 4352 2255 4392 eum
2289 4336 2433 4392 Deus
2470 4337 2695 4393 disertis
2734 4337 2917 4393 verbis
2952 4345 3206 4394 asserat;
3255 4336 3382 4392 Non
3451 4340 3633 4410 quales

355 4441 480 4486 sunt
508 4432 849 4502 cogitationes
876 4441 1084 4496 vestris,
1123 4434 1375 4502 cogitatio
1414 4450 1530 4488 mea
1567 4442 1645 4487 est
1669 4432 1713 4489 ³.
1755 4435 1889 4488 Item
1925 4452 1937 4487 :
1982 4430 2103 4487 Non
2129 4432 2265 4485 sicut
2297 4431 2473 4495 homo,
2509 4431 2585 4484 ita
2613 4440 2662 4485 et
2690 4430 2831 4485 Deus
2850 4430 2891 4485 ⁸.

428 4523 565 4577 MO’.
606 4522 796 4578 Τοίνυν
827 4523 1229 4578 παυσάσθωσαν
1262 4525 1371 4578 ἀπὸ
1426 4525 1519 4595 τῆς
1567 4525 1938 4606 βλασερημίας,

2119 4523 2225 4594 53
2278 4522 2464 4577 XLIX.
2526 4522 2792 4578 Desinant
2850 4523 3036 4594 itaque
3100 4522 3450 4579 contumeliis
3512 4523 3636 4579 istis

358 4614 452 4669 καὶ
481 4614 803 4686 μαθέτωσαν
836 4616 987 4687 παρὰ
1020 4616 1111 4670 τοῦ
1148 4617 1360 4687 Πατρὸς
1387 4618 1483 4670 τοῦ
1517 4617 1797 4685 λέγοντος
1843 4614 1950 4673 Οὗ-

358 4708 461 4774 τός
491 4707 664 4760 ἐστιν
704 4711 738 4762 ό
800 4710 932 4775 Υἱός
960 4727 1081 4777 μου
1126 4713 1160 4764 ὁ
1208 4710 1550 4781 ἀγαπητὸς,
1587 4711 1658 4763 ἐν
1681 4703 1731 4776 ᾧ
1754 4710 1949 4777 ἠὐδό-

359 4815 541 4868 κησα.
566 4799 733 4854 Πάλιν
765 4801 840 4864 ὡς
868 4802 961 4854 ἐπὶ
995 4802 1297 4872 μελλόντων
1334 4803 1448 4873 (50)
1480 4802 1659 4871 λέγει’
1692 4804 1765 4856 El
1792 4805 1812 4834 ¹
1836 4801 1947 4870 γὰρ

358 4892 394 4944 ό
427 4891 561 4956 Υίός
582 4908 702 4959 μου
730 4893 762 4943 ό
792 4890 1117 4960 ἀγαπητὸς,
1152 4891 1226 4946 ὃν
1252 4890 1649 4960 ἐξελεξάμην.
1688 4892 1796 4944 Καὶ
1827 4892 1948 4944 τότε

361 4981 419 5033 ἐν
450 4982 562 5046 τοῖς
589 4982 886 5053 ’ᾼσμασιν,
928 4984 1457 5054 Ἐκλελογισμένος
1482 4984 1601 5039 ἀπὸ
1619 4983 1944 5054 μυριάδων.

433 5136 547 5210 ξιτ.
580 5138 1006 5210 ἀριθμουμένου.
1081 5141 1103 5171 ⁹
1132 5137 1191 5192 F-
1221 5141 1284 5194 σὺ
1322 5135 1388 5196 εἶ-

362 5209 383 5241 ’
426 5208 862 5274 Μσιιιιζινιιῶ.
954 5211 977 5242 ⁸
1003 5210 1109 5266 lsa.
1151 5226 1295 5278 πων,
1335 5212 1389 5265 2.

434 5367 547 5438 (49)
568 5367 688 5434 Quo
733 5366 858 5438 jure
913 5367 1020 5423 dici
1051 5370 1225 5438 possit
1252 5369 1503 5424 insanam
1541 5368 1690 5422 illam
1726 5368 1942 5438 opinio-

364 5515 546 5589 potest
561 5508 642 5589 vel
664 5524 729 5563 ex
765 5508 887 5577 ipso
914 5508 1220 5589 Epiphanio
1247 5510 1314 5589 de
1345 5508 1647 5589 haeresim.
1680 5510 1943 5589 in_P_am_z-

367 5579 447 5631 rio
476 5587 688 5650 agente,
724 5580 969 5633 numeris
993 5578 1026 5631 8
1048 5585 1101 5650 et
1127 5578 1200 5641 9.,
1229 5580 1309 5634 vel
1334 5596 1396 5633 ex
1428 5579 1486 5632 S.
1522 5580 1814 5650 Augustini
1845 5580 1940 5632 ad-

366 5663 560 5702 versus
603 5648 927 5705 Manielueos
992 5647 1234 5718 scriptis,
1285 5666 1349 5701 ex
1388 5651 1509 5703 aliis
1550 5647 1777 5718 insuper
1809 5659 1949 5704 νιιο·

2047 4620 2292 4674 divinum
2337 4633 2569 4673 onerare
2604 4633 2847 4673 numen:
2898 4625 2951 4671 et
2976 4616 3107 4686 quid
3154 4614 3500 4671 sentiendum
3538 4617 3632 4681 sit,

2046 4728 2110 4768 ex
2148 4729 2214 4769 eo
2255 4712 2436 4767 Patris
2482 4725 2738 4766 sermone
2782 4710 3110 4765 condiscant
3144 4708 3289 4762 :Ilic
3327 4715 3405 4761 est
3460 4705 3633 4761 Filius

2047 4822 2189 4859 meus
2234 4805 2478 4869 dilectus,
2525 4805 2578 4857 in
2621 4819 2725 4873 quo
2776 4803 2907 4855 mihi
2958 4802 3140 4871 placui
3161 4803 3202 4853 ⁷.
3244 4800 3453 4855 liursus
3501 4816 3634 4854 vero

2049 4901 2309 4964 tauquam
2362 4894 2505 4964 apud
2546 4900 2875 4947 cunctantes
2913 4909 2927 4945 :
2973 4891 3055 4946 Tu
3092 4907 3169 4952 es,
3211 4891 3409 4960 inquit,
3456 4888 3633 4943 Filius

2047 5002 2193 5039 meus
2231 4985 2456 5040 dilectus
2488 5002 2638 5056 quem
2673 4984 2808 5055 elegi
2829 4984 2888 5051 ⁸;
2934 4992 2990 5038 et
3029 4990 3088 5036 ut
3133 4982 3188 5036 in
3223 4981 3467 5037 Canticis
3500 4980 3640 5052 legi-

1496 5140 1516 5172 ²
1554 5138 1713 5196 Joan.
1745 5153 1833 5208 γι,
1873 5139 1941 5192 i9.

2045 5140 2081 5197 5.
2184 5142 2205 5173 ”
2242 5140 2399 5195 Joan.
2443 5157 2555 5205 xiv,
2596 5140 2651 5195 2.
2730 5141 2751 5172 ⁸
2778 5138 2881 5195 lsa.
2922 5154 3010 5203 ιν,
3053 5137 3107 5193 9.
3188 5137 3209 5168 ⁸
3248 5137 3424 5209 tReg.
3460 5137 3634 5196 3m.7.

493 5367 526 5422 9
568 5367 688 5434 Quo
733 5366 858 5436 jure
913 5367 1020 5423 dici
1051 5370 1225 5438 possit
1252 5369 1503 5424 insanam
1541 5368 1690 5422 illam
1726 5368 1942 5438 opinio-
2039 5366 2280 5422 articulo
2324 5367 2506 5437 primo
2533 5366 2602 5421 de
2640 5364 2958 5420 Manicheeis
3000 5363 3195 5420 iisdem
3252 5377 3421 5435 agens
3468 5360 3534 5413 Η.
3569 5359 3634 5415 Ε.

513 5378 771 5492 «locuisse
817 5437 1108 5492 Manetem.
1140 5454 1315 5492 uuove
1357 5456 1545 5492 sensu.
1570 5440 1750 5492 eolliei
1782 5440 1942 5492 facile
2038 5448 2187 5492 tomo
2213 5436 2302 5492 IV.
2328 5453 2451 5492 nae.
2479 5438 2580 5490 567
2621 5448 2675 5491 et
2712 5443 2965 5492 seuuent.
3018 5434 3228 5492 llisoue
3277 5434 3416 5487 adde
3466 5432 3514 5485 si
3556 5432 3634 5484 Iu‘

364 5432 487 5493 nem
513 5432 775 5509 docuisse
817 5432 1108 5509 Manetem.
1140 5454 1315 5509 quove
1357 5456 1545 5501 sensu,
1570 5432 1942 5509 colligi'facile
2038 5448 2187 5509 tomo
2213 5436 2302 5500 IV,
2328 5432 2451 5509 pag.
2479 5438 2580 5509 567
2621 5443 2965 5509 etsequent.
3018 5432 3416 5509 llisquemadde
3466 5432 3514 5485 si
3556 5432 3639 5484 Iu-

2038 5508 2183 5571 beat,
2223 5503 2342 5577 qua;
2373 5508 2644 5562 Itaronius
2678 5503 2841 5561 habet
2870 5507 2935 5559 ad
2970 5520 3175 5577 annum
3213 5503 3341 5557 ΤΠ.

2114 5570 2464 5649 (ἕθΪΠίὶλΝ
2494 5578 2574 5642 ὡς
2601 5577 2700 5629 ἐπὶ
2724 5579 3099 5649 μελλόντων.
3130 5571 3249 5649 Non
3288 5570 3426 5626 satis
3455 5570 3631 5649 expli:

2041 5638 2165 5705 cata
2209 5638 2295 5706 est
2334 5650 2463 5702 mihi
2509 5638 2674 5715 hujus
2721 5638 2822 5703 loci
2862 5644 3157 5715 sententia.
3203 5642 3324 5715 Mox
3360 5655 3496 5715 pro,
3539 5638 3639 5694 καὶ

369 5718 523 5801 ribus
544 5719 645 5801 qui
659 5734 778 5801 eam
823 5711 1213 5801 impugnarunt
1240 5717 1641 5801 llml‘PSllih'IYCl
1674 5711 1859 5801 etiam,
1887 5730 1941 5801 et

2045 5723 2163 5776 τότε
2196 5721 2254 5775 ἐν
2280 5722 2393 5784 τοῖς
2425 5711 2691 5791 ᾊσμασι,
2721 5717 2825 5773 for.
2850 5715 2996 5787 ¹κατὰ
3023 5711 3086 5764 τὸ
3117 5713 3175 5763 ὲν
3204 5714 3338 5778 τοῖς.
3366 5712 3575 5765 Ρετιν.

358 5786 590 5858 quidem
620 5788 861 5857 facilius,
889 5786 952 5846 ex
981 5786 1057 5846 iis
1088 5803 1211 5860 qua:
1261 5790 1438 5860 coegit
1472 5786 1860 5846 Tillemontius
1887 5790 1943 5845 iu
1990 5817 1995 5821 ·
