4012 6210
343 285 483 356 ἰυὸ

1767 281 1830 341 S.
1873 280 2218 341 EPIPHANII

3553 273 3658 334 ιιι

374 432 521 488 mus,
553 415 766 472 Electus
790 430 818 470 e
847 412 1083 468 millibus
1115 410 1153 465 '.
1184 406 1466 465 Undenam
1494 421 1629 478 ergo
1657 405 1846 461 habita
1877 407 1969 462 illa

2083 405 2253 460 Πόθεν
2296 397 2390 459 οὖν
2440 363 2640 474 ἐκλογὴ
2687 401 2928 472 γίνεται,
2973 399 3306 470 λεγέτωσαν.
3356 396 3662 470 Νομίζουσι
3761 453 3765 456 ,

373 522 461 566 est
500 505 738 565 electio?
771 505 961 562 dicant
1005 504 1052 560 si
1097 507 1351 574 possunt.
1419 498 1555 554 Nam
1601 497 1772 570 quod,
1814 497 1967 569 elegi,

377 601 537 665 dixit,
577 599 803 656 absurdi
837 597 1089 653 homines
1124 593 1446 650 existimant
1481 599 1542 646 ut
1570 590 1745 646 Filius
1785 589 1968 660 appel-

380 694 608 759 laretur,
641 690 878 762 quadam
918 688 1012 744 Dei
1059 687 1238 758 gratia
1261 700 1325 738 ac
1359 683 1630 739 benelicio
1673 697 1816 746 esse,
1860 695 1972 735 non

369 793 578 855 natura
609 788 986 839 consecutum.
1026 776 1332 836 Ostendant
1357 775 1618 846 aliquem,
1653 774 1745 844 qui
1771 773 1972 830 similis

380 877 545 946 hujus
575 873 870 938 exstiterit,
904 881 963 927 ut
1015 869 1262 941 probatis
1315 882 1378 921 ac
1420 866 1745 937 periclitatis
1794 865 1974 920 omni.

378 968 482 1022 bus
554 968 706 1021 illum
769 964 1054 1036 delegerit.
1110 960 1367 1016 Proiecto
1419 959 1467 1015 si
1525 959 1844 1029 unigenitus
1887 965 1974 1013 est

382 1059 579 1126 Filius,
607 1058 836 1129 aequalis
871 1057 997 1110 huic
1038 1069 1162 1109 esse
1193 1068 1356 1109 nemo
1387 1060 1591 1124 potest,
1623 1059 1717 1106 aut
1749 1065 1874 1105 cum
1905 1063 1973 1105 eo

381 1151 691 1222 comparari
723 1149 819 1220 qui
859 1146 1050 1202 similis
1083 1143 1226 1199 Filio
1253 1146 1322 1199 sit
1355 1146 1412 1199 in
1438 1145 1565 1214 ﬁliis
1601 1143 1702 1198 Dei
1733 1147 1774 1198 ².
1811 1143 1976 1215 Ejus-

383 1243 533 1298 modi
576 1242 777 1312 quippe
826 1241 1002 1311 gratia
1041 1240 1179 1294 ﬁlios
1229 1235 1514 1307 Scriptura
1555 1245 1970 1300 commemorat,

373 1347 617 1407 quorum
679 1345 840 1386 nemo
893 1344 1018 1384 cum
1066 1328 1161 1382 illo
1207 1326 1302 1398 qui
1355 1325 1629 1380 naturalis
1678 1323 1853 1380 Filius
1886 1333 1974 1380 est

384 1425 659 1495 adaequari
709 1423 903 1494 possit.
973 1419 1253 1492 Siquidem
1304 1418 1657 1475 manifestum
1702 1427 1788 1474 est
1831 1417 1975 1474 unde

384 1521 592 1574 electus
614 1517 708 1582 sit,
747 1522 804 1568 et
837 1513 983 1569 unde
1009 1514 1206 1568 electio
1248 1511 1538 1568 habeatur.
1574 1511 1794 1566 inﬁnita
1825 1510 1973 1566 enim

387 1610 641 1666 erantin
687 1607 852 1663 terris
892 1606 1104 1661 millia:
1155 1621 1223 1660 ex
1261 1605 1463 1676 quibus
1493 1603 1666 1658 Maria
1700 1605 1816 1659 sola
1852 1621 1977 1675 gra-

2073 500 2184 570 γάρ
2227 500 2278 552 οἱ
2309 497 2576 570 ληρώδεις
2609 499 2666 552 ὲν
2715 495 2794 568 τῷ
2843 497 3039 560 εἰπεῖν,
3084 491 3481 562 ἐξελεξάμην,
3516 490 3665 546 κατὰ

2074 592 2236 662 χάριν
2287 591 2450 644 αὑτὸν
2504 589 2633 644 Υίὸν
2678 588 2985 653 καλεῖσθαι,
3031 588 3127 642 καὶ
3174 587 3236 640 οὺ
3286 584 3430 640 κατά
3475 582 3658 655 φύσιν.

2072 683 2417 750 Δειξάτωσαν
2449 683 2536 747 τίς
2561 681 2710 753 αὐτῷ
2747 683 2968 753 ὅμοιος,
2988 681 3089 751 θῖνα
3116 679 3243 743 τοὺς
3273 677 3486 740 πάντας
3523 678 3664 730 δοκι-

2077 776 2290 847 μάσας,
2323 776 2531 830 ἐκεῖνον
2576 773 2882 847 ἐκλέξηται.
2927 775 2992 827 El
3029 772 3139 846 γὰρ
3180 771 3309 836 Υἱός
3339 771 3458 824 ἐστι
3507 785 3661 841 μονο-

2073 865 2260 937 γενὴς,
2297 865 2398 919 οὐκ
2429 865 2546 919 ἔστι
2575 882 2661 929 τις
2691 865 2804 928 ἴσος
2834 862 3003 917 αὐτοῦ
3025 903 3040 930 ,
3077 861 3201 916 οὔτε
3232 857 3664 932 ἀντιπαράοετος

2073 960 2260 1030 ὅμοιος
2301 956 2377 1012 ὣν
2405 957 2484 1028 τῷ
2516 957 2633 1028 Υἱῷ
2668 959 2726 1010 ὲν
2754 957 2892 1020 υἱοῖς
2932 955 3089 1010 Θεοῦ.
3140 953 3378 1018 Τούτους
3417 954 3528 1023 γὰρ
3555 949 3664 1005 οἶδε

2075 1051 2217 1105 κατά
2243 1050 2426 1122 χάριν,
2451 1050 2648 1121 ἐκείνῳ
2671 1049 2728 1102 δὲ
2761 1050 2837 1121 μὴ
2857 1049 3156 1120 δυνάμενόν
3182 1065 3305 1102 τινα
3330 1043 3662 1114 ἐξισοῦσθαι,

2073 1143 2153 1215 τῷ
2203 1139 2343 1197 εἶναι
2390 1143 2556 1197 αὑτὸν
2591 1141 2838 1213 φυσικῶς
2878 1143 3028 1196 Υίόν.
3069 1140 3309 1212 Φανερὸν
3351 1139 3463 1211 γὰρ
3500 1137 3664 1193 πόθεν

2059 1237 2522 1309 ,ὲκλελογισμένον
2541 1237 2582 1302 ⁸,
2614 1237 2708 1291 καὶ
2747 1235 2910 1290 πόθεν
2947 1235 3147 1307 ἐκλογή
3169 1251 3182 1266 ·
3227 1235 3306 1289 ὅτι
3344 1233 3536 1287 πολλαὶ
3566 1250 3668 1303 μυ-

2075 1330 2259 1403 ριάδες
2283 1331 2377 1384 ἐπὶ
2403 1330 2503 1400 τῆς
2536 1329 2642 1400 γῆς
2671 1325 2835 1400 ἦσαν,
2873 1327 2969 1382 καὶ
2999 1327 3191 1398 Μαρία
3232 1326 3370 1398 μόνη
3405 1320 3532 1395 εὗρε
3565 1325 3667 1395 χά-

2080 1441 2192 1495 ριν,
2238 1423 2334 1476 καὶ
2377 1424 2434 1476 ὲν
2481 1425 2621 1493 αὐτῇ
2663 1421 2949 1487 ἐξελέξατο
2992 1422 3092 1492 τὴν
3139 1419 3302 1488 ἁγίαν
3333 1418 3547 1490 σάρκα,
3578 1417 3668 1472 διά

2075 1515 2257 1580 τοῦτο,
2310 1515 2397 1585 ἐφ’
2447 1515 2516 1586 ἣν
2573 1515 2896 1586 ηὐδόκησεν,
2937 1513 3014 1577 ὼς
3058 1513 3153 1566 καὶ
3203 1510 3368 1565 Δαὸὶδ
3405 1510 3552 1580 λέγει
3601 1510 3670 1563 ἐκ

2078 1605 2375 1679 προσώπου
2406 1605 2516 1659 τῶν
2543 1605 2860 1661 ἀποστόλων
2887 1604 2996 1661 τῶν
3024 1606 3104 1668 εἰς
3133 1604 3225 1659 τὸν
3259 1603 3466 1677 Κύριον
3503 1620 3669 1657 πεπι-

389 1706 520 1758 tiam
578 1700 867 1756 invenit‘:
919 1714 984 1754 ex
1045 1713 1154 1769 qua
1213 1705 1504 1768 propterea
1561 1695 1972 1754 sanctissimam

2083 1701 2415 1765 στευκότων,
2458 1699 2553 1753 καὶ
2599 1698 2742 1752 κατά
2777 1699 2953 1770 χαρᾶς
2989 1700 3101 1761 τοῖς
3144 1696 3323 1752 ἔθνεσι
3361 1695 3460 1768 τὴν
3499 1695 3669 1750 αὑτοῦ

388 1811 545 1853 suam
577 1807 798 1850 carnem
837 1791 1024 1861 elegit,
1066 1791 1121 1844 in
1164 1807 1271 1860 qua
1308 1790 1412 1844 sibi
1444 1789 1668 1858 placuit.
1699 1787 1976 1855 Quemad-

2083 1793 2243 1863 χάριν
2284 1761 2943 1856 ὑποόεικνυόντωνίλότι
2967 1789 3230 1856 ὑπέταξε
3272 1761 3464 1856 λαοῦς
3503 1789 3668 1860 ἡμῖν,

387 1888 613 1944 modum
639 1885 813 1942 David
841 1901 905 1941 ex
932 1885 1311 1956 apostolorum
1341 1898 1579 1954 persona
1609 1883 1853 1952 loquitur
1879 1882 1976 1954 qui

2083 1884 2184 1938 καὶ
2210 1883 2356 1952 ἔθνη
2392 1884 2512 1939 ὑπὸ
2546 1883 2690 1950 τοὺς
2728 1882 2922 1950 πόδας
2963 1882 3155 1954 ἡμῶν,
3196 1883 3314 1952 τὴν
3354 1881 3672 1951 acqu

385 1981 443 2035 in
473 1979 764 2035 Dominum
799 1977 1171 2043 crediderant,
1215 1977 1447 2047 ejusque
1470 1975 1704 2045 gratiam
1736 1974 1978 2030 nationi-

2096 1976 2309 2034 Ἰακὼϐ
2351 1975 2432 2046 ἦν
2473 1976 2787 2048 ἠγάπησε,
2820 1976 3070 2031 τουτέστι
3118 1976 3179 2030 τὸ
3226 1974 3531 2048 ἀκραιφνὲς
3570 1973 3671 2044 τῆς

387 2070 491 2126 bus
520 2068 724 2125 exteris
755 2068 1129 2139 praedicabant
1161 2084 1173 2120 :
1206 2066 1474 2133 Quoniam
1502 2065 1725 2134 subjecit
1751 2066 1976 2136 populos

2085 2071 2349 2144 καλλονῆς
2374 2069 2566 2135 αὑτοῦ,
2599 2070 2723 2124 ὅλου
2758 2069 2854 2124 τοῦ
2894 2067 3101 2124 Ἰακὼὸ
3129 2071 3232 2142 τὴν
3257 2067 3544 2139 καλλονὴν,
3572 2067 3672 2138 τὴν

389 2161 563 2226 nobis,
591 2169 640 2214 et
671 2170 848 2229 gentes
882 2157 976 2212 sub
1011 2157 1229 2226 pedibus
1274 2158 1511 2222 nostris;
1554 2157 1773 2226 speciem
1806 2155 1975 2212 Iacob

2086 2164 2268 2235 σάρκα
2296 2162 2394 2235 τὴν
2421 2163 2530 2217 ἀπὸ
2559 2162 2779 2235 Μαρίας
2811 2162 2902 2218 διὰ
2941 2161 3266 2234 Πνεύματος
3311 2163 3469 2231 ἀγίου
3517 2160 3672 2216 ἐκλε-

388 2269 550 2324 quam
590 2251 776 2306 dilexit
804 2251 847 2318 δ,
885 2250 992 2304 hoc
1035 2258 1121 2306 est
1164 2249 1435 2305 sinceram
1465 2249 1586 2322 ejus
1616 2249 1874 2321 speciem,
1913 2265 1980 2306 ac

2083 2256 2378 2328 λεγμὲνην.
2412 2257 2486 2312 Τὸ
2518 2257 2810 2328 γενόμενον
2841 2257 2943 2329 τῆς
2984 2257 3296 2328 οἰκονομίας
3334 2257 3435 2327 τῆς
3467 2254 3674 2325 σαρκὸς

390 2346 558 2400 totius
586 2342 776 2400 Jacobi
820 2342 1306 2414 pulchritudinem,
1329 2357 1524 2414 nempe
1551 2357 1772 2398 carnem
1805 2342 1976 2409 illam,

391 2452 558 2508 quam
600 2452 631 2493 e
662 2437 828 2489 Maria
865 2450 960 2505 per
1003 2433 1270 2505 Spiritum
1313 2442 1566 2490 sanctum
1616 2434 1719 2491 sibi
1753 2435 1975 2506 delegit.

392 2528 680 2601 Ejusmodi
709 2527 1112 2585 incarnationis
1141 2528 1462 2598 mysterium
1491 2527 1690 2584 Joanni
1718 2527 1981 2599 Baptistae

391 2639 423 2679 e
458 2623 600 2678 coelo
633 2621 798 2677 Pater
839 2620 1128 2676 ostendit:
1161 2619 1322 2676 Pater
1358 2622 1504 2678 enim
1551 2623 1609 2677 in
1641 2621 1847 2677 Christi
1881 2621 1981 2678 ad-

392 2723 559 2772 ventu
591 2715 646 2768 in
695 2729 862 2770 carne
905 2713 1010 2770 sibi
1042 2714 1271 2785 placuit.
1316 2711 1452 2768 Nam
1509 2712 1768 2771 divinitas
1794 2712 1982 2771 inlini-

394 2816 506 2861 tam
537 2805 831 2876 quamdam
860 2811 1070 2859 naturae
1099 2804 1268 2875 habet
1294 2803 1730 2874 amplitudinem.

465 2899 529 2954 L.
570 2898 840 2954 Caeterum
895 2895 1199 2968 Apostolus
1247 2895 1519 2962 eumdem
1548 2896 1847 2952 dilectionis
1891 2911 1984 2970 ap-

396 2992 560 3064 pellat
582 2989 789 3045 Filium
811 3005 832 3044 :
867 2987 973 3055 Qui
998 2987 1246 3044 liberavit
1274 3005 1394 3054 nos,
1429 2987 1631 3059 inquit,
1673 3006 1701 3053 _e
1724 2998 1984 3059 potestate

396 3086 754 3152 tenebrarum,
779 3094 830 3139 et
857 3085 1138 3140 transtulit
1167 3085 1224 3139 in
1257 3099 1482 3155 regnum
1519 3081 1652 3137 Filii
1679 3082 1982 3137 dilectionis

393 3198 508 3236 sua:
530 3181 574 3234 ⁸.
602 3179 778 3250 Cujus
803 3179 1065 3234 dictionis
1089 3178 1198 3232 vim
1226 3177 1565 3247 ignorantes,
1592 3175 1830 3247 quadam
1861 3190 1989 3246 pro-

396 3274 686 3344 gressione
714 3270 1004 3326 charitatis
1037 3268 1134 3325 Dei
1164 3267 1366 3324 Filium
1399 3268 1682 3325 exstitisse
1714 3276 1942 3324 censent
1971 3287 1986 3324 :

399 3377 582 3432 neque
609 3360 715 3416 loci
750 3360 899 3414 illius
934 3374 1060 3414 cum
1090 3359 1266 3413 altero
1299 3359 1769 3429 comparationem
1816 3359 1990 3430 impe-

398 3455 490 3509 riti
524 3453 776 3510 homines
807 3452 1139 3525 intelligunt.
1169 3451 1306 3506 Nam
1335 3452 1445 3507 alio
1478 3452 1534 3508 in
1563 3453 1686 3508 loco
1722 3453 1804 3508 sic
1840 3453 1988 3524 Apo-

399 3547 578 3604 stolus
617 3547 898 3618 loquitur:
928 3544 1077 3610 Deus
1105 3544 1292 3601 dilexit
1325 3561 1421 3601 nos
1453 3545 1510 3601 in
1541 3543 1753 3601 Christo
1773 3546 1817 3600 ⁸.
1848 3544 1990 3602 Vere

399 3639 549 3694 enim
585 3637 760 3694 Filius
813 3637 1048 3695 dilectus
1086 3647 1172 3694 est
1225 3637 1544 3709 unigenitus
1573 3637 1685 3704 ille,
1725 3637 1988 3708 quoniam

400 3731 623 3787 dilectio
655 3738 742 3787 est
781 3729 965 3796 Pater,
1016 3730 1241 3786 dilectio
1285 3730 1481 3797 Filius,
1525 3740 1582 3787 et
1624 3745 1654 3785 a
1693 3729 1990 3786 dilectione

400 3832 485 3881 est
511 3833 632 3879 orta
675 3824 914 3880 dilectio.
957 3823 1323 3890 Quamobrem
1369 3823 1667 3879 dilectionis
1698 3821 1873 3876 Filius
1905 3830 1990 3877 est

402 3925 512 3972 tam
540 3925 763 3988 propter
793 3932 917 3980 nos,
950 3933 1113 3988 quam
1152 3917 1223 3974 ob
1249 3918 1460 3988 ipsum;
1495 3914 1644 3987 quod
1671 3916 1727 3969 in
1750 3915 1845 3968 illo
1885 3929 1992 3971 nos

402 4010 674 4077 dilexerit,
720 4020 780 4067 et
811 4011 1031 4068 unicum
1067 4010 1265 4066 Filium
1297 4025 1458 4066 suum
1491 4023 1591 4080 pro
1617 4007 1780 4063 nobis
1812 4007 1988 4062 tradi-

400 4103 559 4159 derit.
592 4103 708 4159 Non
730 4105 902 4178 igitur
931 4107 985 4160 in
1004 4120 1172 4176 opere
1194 4103 1472 4176 moliendo
1501 4101 1784 4173 fatigatur,
1809 4115 1989 4172 neque

400 4195 509 4269 55
535 4199 762 4269 gignens
795 4201 1022 4270 patitur.
1064 4197 1329 4254 Desinant
1367 4195 1678 4252 istiusmodi
1702 4203 1990 4251 contume-

400 4289 504 4344 lias
543 4291 598 4343 in
627 4291 925 4359 perniciem
967 4304 1124 4344 suam
1165 4288 1370 4342 frustra
1400 4286 1696 4356 conjicere.
1744 4285 1802 4340 Si
1831 4301 1990 4342 crea-

400 4390 493 4433 tus
523 4388 607 4434 est
638 4379 832 4444 Filius,
864 4395 976 4434 non
1002 4388 1086 4434 est
1115 4378 1427 4434 adorandus
1451 4395 1466 4443 ;
1495 4394 1615 4447 quae
1641 4386 1725 4434 est
1755 4379 1987 4434 istorum

2086 2350 2224 2421 πρὸς
2263 2349 2516 2422 Ἰωάννην
2541 2350 2635 2406 τὸν
2666 2349 2982 2422 Βαπτιστὴν
3015 2350 3216 2417 ἔδειξεν
3258 2348 3467 2404 ἀνωθεν
3501 2350 3532 2402 6
3561 2347 3675 2400 Ila.-

2083 2442 2228 2516 τήρ·
2284 2443 2553 2514 ηὑδόκησε
2595 2444 2704 2516 γὰρ
2743 2443 2773 2496 6
2821 2441 3011 2513 Πατὴρ
3060 2442 3120 2496 ὲν
3168 2443 3236 2513 τῇ
3287 2439 3538 2512 ὲνσάρκῳ
3574 2436 3672 2492 τοῦ

2065 2535 2329 2611 ςΧριστοῠ
2369 2537 2674 2610 παρουσίᾳα
2705 2538 2743 2609 ἡ
2789 2535 2849 2590 δὲ
2891 2535 3084 2608 θεότης
3131 2533 3376 2607 ἀπείρως
3423 2532 3539 2606 ἔχει
3572 2530 3675 2603 τῆς

2069 2665 2072 2669 -
2088 2647 2327 2701 φυσεως.

2090 2895 2092 2897 ’
2158 2891 2242 2948 N'.
2282 2891 2447 2961 Λέγει
2477 2891 2536 2945 δὲ
2575 2892 2738 2949 αὑτὸν
2775 2893 2806 2948 ὁ
2855 2893 3177 2960 ’Δπόστολος
3219 2894 3317 2951 καὶ
3357 2894 3494 2957 Υιὸγ
3537 2893 3676 2966 ἀγόν

2067 3003 2212 3056 ,πης
2235 3003 2251 3018 ’
2283 2988 2382 3053 Ὃς
2411 2987 2710 3056 ἐῤῥύσατο
2739 2986 2901 3058 ἡμᾶς
2919 3027 2934 3052 ,
2961 2988 3118 3058 φησὶ,
3157 2988 3228 3043 ἐκ
3251 2988 3366 3059 τῆς
3386 2988 3674 3057 ἐξουσίας

2090 3081 2199 3135 τοῦ
2223 3081 2489 3147 σκότους
2506 3117 2523 3145 ,
2559 3080 2660 3135 καὶ
2686 3080 3067 3150 μετέστησεν
3095 3083 3184 3148 είς
3207 3081 3324 3150 τὴν
3344 3083 3677 3148 ,βασιλείαν

2090 3172 2199 3227 τοῦ
2251 3172 2389 3228 Υίοῦ
2434 3171 2545 3242 τῆς
2576 3172 2818 3242 ἀγάπης
2852 3174 3064 3230 αὐτοῦ.
3116 3176 3224 3228 Καὶ
3259 3174 3345 3245 (οι
3381 3172 3675 3242 νοοῦντες)

2091 3264 2360 3331 ἐνταῦθα,
2407 3265 2482 3338 μὴ
2533 3266 2783 3331 νοοῦντες
2827 3267 2930 3337 τὴν
2971 3267 3151 3336 λέξιν,
3197 3269 3343 3324 κατά
3388 3270 3676 3340 προκοπὴν

2089 3359 2313 3431 ἀγάπης
2343 3359 2480 3413 Θεοῦ
2507 3355 2647 3414 εἶναι
2675 3360 2768 3414 τὸν
2804 3361 2935 3415 Υίόν
2964 3379 3098 3432 φασι
3119 3381 3133 3395 ·
3162 3365 3258 3418 καὶ
3282 3363 3385 3416 οὐκ
3418 3364 3598 3417 ἴσασιν
3626 3364 3675 3417 οἱ

2089 3453 2324 3524 ἀμαθεῖς
2372 3451 2473 3524 τὴν
2527 3453 2965 3526 ἀντιπαράθεσιν
3010 3455 3107 3509 τοῦ
3156 3455 3342 3526 λόγου.
3397 3450 3490 3509 Ἐν
3527 3454 3676 3526 ἄλλῳ

2090 3544 2202 3614 γὰρ
2229 3543 2401 3616 τόπῳ,
2435 3543 2658 3614 φησὶνῤ
2694 3544 3037 3610 ’Δπόστολος,
3071 3545 3318 3614 ὅτιθεὸς
3353 3548 3674 3618 ἠγάπησεν

2091 3633 2250 3704 ἡμᾶς
2281 3637 2354 3690 ἐν
2394 3637 2646 3706 Χριστῷ.
2705 3637 2949 3710 Ἀληθῶς
2990 3639 3101 3711 γὰρ
3148 3639 3274 3703 Υἱὸς
3316 3640 3600 3711 ἀγαπητὸς
3648 3643 3675 3695 6

2095 3731 2647 3804 μονογενής·’ὲπειδὴ
2689 3731 2879 3803 ἀγάπη
2916 3735 2945 3786 6
2979 3734 3191 3804 Πατὴρ,
3231 3732 3422 3805 ἀγάπη
3462 3735 3492 3786 6
3524 3733 3673 3797 Υίδς,

2091 3823 2282 3894 ἐπειδὴ
2344 3823 2534 3895 ἀγάπη
2600 3825 2660 3891 ἑξ
2709 3820 2940 3898 ἀγάπης
2976 3826 3146 3880 ἐστίν.
3205 3825 3338 3893 mc
3386 3821 3481 3881 οὖν
3526 3827 3674 3879 ἐστιν

2073 3914 2330 3986 ιὰ-γάπης
2356 3915 2423 3969 δι’
2454 3918 2601 3988 ἡμᾶς
2636 3919 2731 3971 καὶ
2758 3910 3046 3985 eodem,
3079 3921 3161 3973 ὅτι
3194 3922 3252 3973 ὲν
3279 3919 3429 3990 αὐτῷ
3451 3919 3674 3991 ⁴ὴγάπηω

2094 4025 2186 4064 σεν
2215 4011 2386 4082 ἡμᾶς,
2431 4011 2528 4065 καὶ
2570 4011 2662 4066 τὸν
2692 4011 2824 4066 Υίὺν
2864 4013 3032 4068 αὑτοῦ
3079 4013 3172 4067 τὸν
3220 4011 3486 4085 μονογενῆ
3533 4031 3674 4086 παρ-

2091 4103 2292 4158 έδωκεν
2324 4104 2464 4176 ὑπὲρ
2491 4105 2670 4177 ἡμῶν.
2716 4105 2855 4161 Οὔτε
2897 4103 2992 4161 οὖν
3020 4108 3219 4178 κάμνει
3264 4107 3631 4179 ἐργαςόμενος
3656 4146 3673 4172 ,

2089 4195 2215 4250 οὔτε
2254 4197 2452 4269 πάσχει
2494 4201 2717 4268 γεννῶν.
2763 4201 2875 4256 Καὶ
2926 4201 3000 4272 μὴ
3046 4201 3222 4272 μάτην
3265 4203 3675 4273 ὲπισωρεύωσιν

2091 4287 2306 4352 ἑαυτοῖς
2353 4289 2723 4363 βλασφημίας.
2774 4294 2838 4347 Εἰ
2877 4291 2987 4363 γάρ
3021 4292 3238 4354 κτιστός
3279 4293 3430 4345 ἐστιν
3461 4294 3490 4345 6
3524 4292 3673 4356 Υἱὸς,

2091 4381 2153 4433 οὐ
2192 4385 2595 4455 προσκυνητὸς,
2652 4385 2792 4440 κατὰ
2843 4386 2937 4438 τὸν
2980 4386 3201 4440 ἐκείνων
3243 4385 3422 4454 λόγον.
3476 4385 3676 4456 Μωρὸν

401 4473 601 4525 oratio.
646 4471 862 4541 Quippe
903 4472 1132 4527 stultum
1192 4479 1276 4527 est
1337 4478 1646 4526 creaturam
1688 4471 1852 4525 ullam
1893 4472 1982 4527 ad-

2096 4472 2206 4544 γάρ
2233 4475 2380 4528 ὲστιν
2403 4472 2580 4530 κτίσιν
2599 4478 2641 4510 ¹⁰
2671 4480 3017 4550 προσκυνεῖν,
3048 4477 3144 4531 καὶ
3169 4477 3385 4532 ἀθετεῖν
3413 4466 3510 4548 τὴν
3527 4477 3674 4548 πρώ-

402 4576 583 4627 orare,
609 4577 673 4617 ac
711 4562 948 4632 primum
999 4563 1131 4618 illud
1173 4562 1384 4617 violare
1429 4567 1759 4631 praeceptum
1790 4561 1989 4630 :Audi,

405 4653 620 4710 Israel:
649 4655 928 4724 .Dominus
971 4655 1112 4714 Deus
1169 4665 1290 4710 tuus
1355 4654 1617 4710 Dominus
1669 4670 1804 4708 unus
1842 4656 1988 4712 est'.

403 4745 645 4803 Proinde
669 4756 920 4803 sanctum
951 4746 1046 4802 Dei
1077 4746 1338 4808 Verbum,
1371 4762 1497 4802 cum
1523 4747 1596 4802 sit
1624 4745 1989 4814 adorandum,

404 4849 654 4896 creatum
703 4856 828 4896 esse
876 4857 986 4896 non
1033 4847 1233 4911 potest.
1278 4840 1579 4896 Adoratum
1618 4849 1703 4897 est
1738 4849 1919 4898 autem
1955 4858 1989 4897 a

407 4931 727 5000 discipulis...
759 4931 830 4986 ab
873 4931 1083 5003 angelis
1129 4931 1392 5000 adoratur
1444 4933 1499 4987 in
1540 4933 1720 4988 caelo:
1771 4933 1841 4987 Et
1889 4934 1990 4988 ad-

404 5034 573 5084 orent,
602 5024 798 5092 inquit,
839 5041 957 5078 eum
981 5041 1156 5079 omnes
1176 5027 1346 5102 angeli
1383 5025 1475 5098 Dei
1503 5027 1544 5080 ⁸.
1583 5026 1752 5083 Item:
1791 5029 1990 5083 Adoret

407 5124 474 5177 te,
514 5112 759 5176 Domine,
808 5116 975 5169 virtus
1015 5113 1154 5171 mea.
1203 5101 1464 5188 Superest
1501 5112 1683 5172 unum
1731 5120 1990 5190 quiddam

408 5206 474 5259 ad
519 5205 840 5271 dicendum,
882 5206 1046 5278 idque
1088 5209 1370 5280 perbreve,
1415 5211 1502 5266 cui
1547 5210 1849 5267 contradici
1881 5227 1993 5264 non

403 5299 600 5369 possit.
633 5297 922 5354 Proferam
949 5302 1096 5357 enim
1133 5304 1178 5357 si
1218 5305 1362 5374 quod
1398 5304 1642 5359 habeant
1679 5303 1867 5358 hostes
1911 5303 1989 5356 illi

407 5388 532 5442 Filii
585 5387 680 5444 Dei
729 5393 1143 5463 testimonium,
1193 5397 1598 5466 ostendantque
1636 5408 1875 5466 quonam
1932 5394 1987 5446 in

407 5483 529 5537 loco
564 5481 723 5538 Pater
747 5483 984 5543 dixerit:
1019 5486 1310 5547 Procreavi
1347 5490 1481 5544 mihi
1519 5487 1742 5545 Filium.
1785 5485 1900 5540 sive
1930 5485 1986 5538 in

2087 4583 2190 4637 την
2215 4569 2433 4642 ὲντολὴν
2456 4571 2556 4642 τὴν
2581 4571 2847 4638 λέγουσαν
2864 4586 2878 4601 ο
2915 4572 3141 4635 Ἄκουε,
3183 4571 3442 4639 Ἰσραὴλ,
3461 4573 3674 4639 Κύριος

2089 4660 2122 4711 ό
2154 4659 2297 4725 Θεός
2329 4675 2445 4714 σου
2471 4662 2688 4729 Κύριος
2718 4655 2807 4726 εἷς
2845 4660 3036 4714 ἐστιν.
3077 4661 3151 4713 Οὐ
3187 4660 3405 4725 κτιστὸς
3433 4661 3612 4716 τοίνυν
3645 4663 3674 4715 6

2089 4751 2244 4819 ἅγιος
2283 4752 2478 4821 Λόγος,
2509 4754 2589 4805 ὅτι
2634 4753 3028 4824 προσκυνητός.
3066 4753 3495 4824 Προσεκύνησαν
3525 4754 3674 4826 αὐτῷ

2088 4844 2139 4896 οῖ
2170 4843 2412 4916 μαθηταί
2432 4862 2446 4877 ο
2475 4844 2874 4916 προσκυνοῦσιν
2902 4843 3051 4916 αὑτῷ
3083 4844 3304 4914 ἄγγελοι
3331 4847 3390 4900 ὲν
3421 4846 3670 4919 οὐρανῷο

2090 4937 2201 4992 Καὶ
2260 4937 2868 5004 προσκυνησάτωσαν
2934 4936 3094 5002 αὐτῷ
3149 4937 3375 5004 πάντες
3434 4939 3673 5010 ἄγγελοι

2095 5028 2246 5083 Θεοῦ
2269 5047 2284 5062 ο
2316 5032 2433 5089 καὶ,
2475 5029 2966 5098 Ιζροσκυνησάτω
3004 5045 3112 5096 σε,
3149 5035 3324 5100 Κύριε
3347 5073 3362 5098 ,
3410 5035 3449 5102 ἠ
3494 5035 3677 5102 laxi-gr

2087 5138 2228 5189 μου.
2268 5121 2362 5172 Ἓν
2412 5121 2469 5174 δὲ
2512 5120 2746 5191 πρᾶγμά
2788 5123 2903 5173 ὲστι
2947 5123 3112 5193 ῥητὸν
3140 5125 3234 5178 καὶ
3281 5125 3546 5196 σύντομον
3582 5127 3677 5179 καὶ

2094 5211 2461 5275 ἀναντίθετον,
2497 5204 2542 5278 ᾧ
2587 5227 2672 5272 τις
2719 5211 2990 5265 ἀντειπεῖν
3015 5214 3076 5265 οὐ
3109 5214 3354 5269 δύναται.
3396 5218 3459 5269 El
3492 5217 3674 5288 ἔχουσι

2096 5301 2402 5371 μαρτυρίαν
2438 5304 2487 5353 οι
2521 5300 2896 5371 ἐχθραίνοντες
2923 5303 3000 5374 τῷ
3035 5305 3152 5375 Υίῷ
3177 5296 3272 5357 τοῦ
3312 5306 3448 5359 Θεοῦ
3481 5307 3673 5375 δεῖξαι,

2088 5391 2193 5442 ποῦ
2229 5387 2379 5442 εἶπεν
2401 5393 2430 5443 6
2456 5391 2666 5461 Πατὴρ,
2698 5391 2780 5443 ὅτι
2811 5393 3040 5448 Ἐκτισά
3072 5411 3160 5464 μοι
3195 5395 3343 5460 Υίὺν,
3374 5399 3431 5450 ὲν
3461 5399 3676 5468 Παλαιᾷ

2088 5481 2184 5533 καὶ
2217 5483 2275 5533 ὲν
2304 5482 2479 5552 Κοινῇ
2505 5481 2749 5552 Διαθήκῃ
2775 5499 2788 5546 ;
2819 5482 2852 5552 ἦ
2881 5485 2984 5538 ποῦ
3015 5480 3172 5550 εἶπεν,
3193 5489 3223 5540 6
3252 5488 3398 5555 Υἱὸς,
3425 5489 3510 5543 ὃτι
3540 5489 3676 5546 Ἐκ-

470 5613 508 5691 ξ-
529 5613 688 5670 Cant.
728 5634 778 5681 v,
825 5620 908 5676 10.
997 5622 1180 5678 'Psal.
1222 5638 1486 5683 Lxxxvm,
1527 5621 1578 5674 7.
1633 5620 1653 5651 ³
1694 5619 1840 5691 ιλιοη
1866 5633 1904 5691 ι,
1944 5617 1982 5691 ξπ

2103 5615 2132 5675 3
2169 5611 2317 5691 _Psal.
2359 5632 2506 5691 Il.le
2549 5617 2612 5691 5.
2679 5617 2700 5648 ⁵
2734 5617 2946 5691 Coloss.
2993 5620 3138 5685 I,i5.
3218 5622 3238 5651 ⁸
3274 5621 3480 5691 Ephes.
3520 5639 3582 5682 ιι.
3616 5624 3676 5682 ι.

408 5692 432 5724 τ
475 5683 628 5740 Deut.
666 5704 740 5752 vr,
778 5691 830 5744 4.

394 5769 530 5843 ,ωας
555 5773 655 5828 pro
684 5777 849 5819 τισιν.

968 5694 988 5726 ⁸
1021 5693 1175 5750 Deut.
1227 5709 1400 5759 xxxii,
1442 5691 1535 5746 45.

1657 5691 1678 5721 ⁹
1717 5685 1780 5740 F.
1825 5683 2295 5753 ὲκλελογισμένος.

2413 5686 2456 5718 ⁸ο
2482 5685 2543 5742 ln
2574 5686 2708 5758 Reg.
2741 5689 2972 5757 κτίστιν,
3027 5705 3096 5746 ex
3141 5705 3250 5762 quo
3318 5685 3500 5751 Ξιτίσιν
3543 5695 3680 5751 ieci-
