4012 6210
368 373 474 428 δὶὓὸ

1792 370 2234 429 ANCORATUS.

3536 375 3637 431 l06

366 490 486 545 τισέ
527 505 594 559 με
636 490 666 541 6
712 488 935 561 Πατήρ;
980 485 1238 560 Τέσσαρα
1282 489 1418 542 εἰσιν
1464 488 1773 557 Εὑαγγέλια
1814 489 1941 560 (51)1

2057 486 2252 541 Vetere
2275 487 2390 539 sive
2430 484 2581 539 Novo
2613 484 2996 550 Testamento;
3032 495 3124 540 aut
3158 486 3248 540 ubi
3285 485 3458 544 Filius
3482 485 3637 541 dixe-

367 580 677 650 κεφαλαίων
698 580 884 650 χιλίων
913 581 1107 633 ἑκατὸν
1126 581 1142 609 ¹
1177 579 1552 651 ἑξηκονταδύο,
1580 580 1674 633 καὶ
1701 582 1953 651 ἀπαρχῆς

366 673 472 735 ἕως
502 670 692 734 τέλους
719 671 982 741 ἐλάλησεν
1023 674 1052 725 6
1084 672 1231 737 Υἱὸς,
1269 673 1361 726 καὶ
1395 672 1531 741 πρὸς
1567 672 1727 725 αὐτὸν
1769 674 1798 725 6
1845 673 1955 724 Πα-

368 764 505 835 τὴρ,
540 764 634 816 καὶ
664 762 905 833 οὐδαμοῦ
942 757 1116 829 εἶπεν,
1148 763 1371 816 Ἕκτισέ
1415 780 1482 834 με
1519 765 1547 816 6
1590 764 1801 835 Πατὴρ,
1830 763 1953 817 οὐδὲ

368 856 396 907 6
440 854 665 926 Πατὴρ,
698 854 930 910 Ἔκτισά
969 873 1061 926 μοι
1108 855 1270 920 Υἱὸν,
1317 856 1390 925 ἢ,
1422 858 1656 911 ’Ἑκτισα
1693 857 1783 909 τὸν
1824 856 1951 910 Υίόν

368 963 498 1017 μου.

438 1120 566 1178 NA'.
618 1121 781 1178 Ἀλλά
815 1137 977 1194 φησιν
1010 1122 1038 1177 o'
1072 1121 1371 1193 φιλόνεικος
1404 1124 1497 1176 καὶ
1545 1123 1838 1193 φιλόδοξος·
1883 1125 1948 1177 Τί

364 1211 460 1269 οὖν
488 1215 698 1283 λέγεις;
730 1216 791 1267 τὸ
816 1215 977 1283 σῶμα
1014 1216 1123 1268 ἀπὸ
1168 1214 1387 1285 Μαρίας
1414 1215 1656 1285 δηλονότι
1684 1216 1946 1285 ἀνειλημ-

368 1309 562 1381 μένον;
597 1308 789 1379 Μαρία
834 1308 890 1360 δὲ
938 1308 1026 1373 τί;
1076 1307 1274 1378 φησὶν,
1321 1307 1575 1372 ἄκτιστος
1620 1307 1654 1379 ἢ
1698 1310 1947 1377 κτιστός;

365 1401 599 1466 Κτιστὺς
625 1400 888 1472 δηλονότι,
932 1399 1027 1453 καὶ
1050 1399 1206 1453 αὐτοὶ
1242 1399 1494 1470 λέγομεν,
1525 1400 1851 1470 γεννηθεῖσα
1888 1399 1947 1465 ἐξ

363 1493 559 1565 ἀνδρὸς
600 1493 693 1547 καὶ
719 1490 995 1561 γυναικός.
1032 1488 1106 1545 Τὸ
1136 1488 1245 1544 ἀπὸ
1285 1490 1502 1561 Μαρίας
1534 1485 1627 1543 οὖν
1652 1489 1708 1543 τί
1738 1489 1944 1557 λέγεις;

366 1586 693 1655 προσκυνεῖς
716 1583 808 1638 τὸν
833 1584 1060 1654 Σωτῆρα
1081 1584 1140 1636 ὲν
1170 1581 1406 1653 σώματι,
1429 1578 1462 1652 ἢ
1489 1583 1551 1635 οὐ
1585 1584 1943 1653 προσκυνεϊς;

365 1676 493 1741 Πῶς
530 1672 623 1731 οὖν
672 1676 747 1748 μὴ
794 1675 1190 1747 προσκυνήσω;
1250 1674 1377 1727 Ἐὰν
1419 1674 1527 1745 γὰρ
1582 1674 1658 1746 μὴ
1709 1691 1949 1745 προσκυ-

363 1772 547 1841 νήσω,
576 1768 676 1823 οὐκ
708 1768 817 1839 ἔχω
861 1766 1029 1838 ζωήν.
1077 1765 1211 1819 Ἰδοὺ
1258 1761 1351 1820 οὖν
1385 1765 1589 1836 κτίσμα
1619 1766 1947 1835 προσκυνεῖς

2058 577 2131 629 rit
2159 594 2170 630 :
2207 574 2523 629 Procrcavit
2552 590 2638 629 me
2669 574 2847 628 Pater.
2882 574 3129 640 Quatuor
3160 574 3451 645 Evangelia
3484 584 3634 639 sunt,

2055 668 2110 722 in
2152 667 2329 737 iisque
2380 667 2558 735 capita
2604 667 2752 719 mille
2774 677 2988 720 centum
3014 674 3067 737 ει
3094 667 3375 736 sexaginta
3405 665 3515 720 duo
3539 686 3550 720 :
3578 666 3636 721 in

2053 722 2256 825 quibus
2292 755 2359 809 ab
2392 722 2549 808 initio
2583 754 2649 807 ad
2682 754 2841 809 ﬁnem
2876 722 3192 809 tannﬁilius
3226 722 3345 825 ipse
3368 755 3633 823 loquitur,

2052 860 2220 915 quam
2252 860 2377 900 cum
2418 845 2556 899 Filio
2602 846 2779 900 Pater.
2823 845 2934 901 Nec
2964 862 3193 915 usquam
3244 856 3424 902 tamen
3466 845 3637 902 Filius

2052 937 2211 1000 dixit,
2260 937 2478 992 Creavit
2516 953 2601 992 me
2642 937 2834 1002 Pater;
2867 954 3042 1007 neque
3077 938 3234 992 Pater
3269 940 3404 1008 ipse,
3440 938 3636 993 Creavi

2051 1030 2185 1084 mihi
2222 1029 2444 1093 Filium,
2473 1032 2577 1095 vel,
2610 1029 2803 1084 Crcavi
2836 1028 3034 1083 Filium
3063 1046 3265 1084 meum.

2124 1119 2208 1173 LI.
2253 1120 2421 1192 Urget
2446 1136 2574 1176 vero
2604 1122 2853 1191 pertinax
2876 1128 2929 1176 et
2958 1122 3144 1191 gloriae
3177 1122 3410 1191 cupidus
3439 1121 3636 1175 adver-

2051 1214 2256 1268 sarius.
2287 1212 2430 1279 Quid
2466 1213 2631 1283 igitur
2658 1212 3049 1268 dicis?Nonne
3081 1228 3283 1282 corpus
3317 1212 3572 1267 videlicet
3603 1228 3636 1266 e

2052 1304 2223 1359 Maria
2278 1312 2555 1375 sumptum
2612 1306 2858 1361 asseris?
2912 1304 3223 1375 cujusmodi
3279 1319 3408 1357 vero
3460 1304 3633 1357 Maria

2050 1394 2197 1449 fuit?
2236 1396 2501 1459 increata,
2534 1409 2602 1447 an
2637 1393 2988 1450 creata‘lNos
3030 1410 3158 1450 vero
3188 1402 3428 1448 creatam
3467 1392 3638 1447 fuisse

2048 1487 2394 1551 conﬁtemur,
2427 1496 2591 1558 atque
2620 1503 2651 1543 e
2674 1487 2797 1542 viro
2826 1487 3137 1557 feminaque
3171 1487 3430 1557 genitam.
3476 1486 3635 1553 Quod

2048 1580 2214 1650 igitur
2254 1580 2524 1649 originem
2559 1595 2590 1635 a
2624 1580 2792 1635 Maria
2833 1582 3030 1646 traxit,
3062 1580 3373 1650 cuiusmodi
3416 1581 3635 1635 tandem

2047 1688 2170 1729 esse
2208 1674 2451 1730 statuis?
2480 1689 2614 1728 num
2660 1673 2997 1729 Salvatorem
3045 1673 3243 1729 adoras
3278 1674 3334 1728 in
3365 1688 3597 1744 corpore
3618 1712 3634 1737 ,

2049 1779 2118 1818 an
2142 1780 2250 1819 non
2276 1764 2512 1821 adoras?
2539 1765 2659 1832 Quo
2682 1765 2899 1821 tandem
2922 1774 3084 1837 pacto
3111 1782 3221 1822 non
3241 1766 3503 1821 adorem?
3528 1766 3637 1822 nisi

362 1860 425 1914 τὸ
459 1860 637 1931 σῶμα.
671 1857 849 1928 Πολλὴ
868 1854 924 1910 δὲ
946 1855 1341 1927 φρενοϐλάϐεια
1369 1855 1480 1908 τῶν
1512 1855 1581 1908 τὰ
1608 1855 1833 1907 τοιαῦτα
1859 1856 1941 1908 λε-

2050 1857 2193 1912 enim
2235 1857 2556 1924 adoravero,
2610 1860 2775 1913 vitam
2824 1875 2933 1913 non
2978 1874 3307 1929 consequar.
3342 1860 3501 1931 Ergo,
3552 1859 3639 1913 in-

363 1950 592 2019 τόντων.
638 1945 751 2003 Καὶ
793 1949 902 2019 γὰρ
946 1946 1199 2017 βασιλεὺς
1243 1945 1530 2017 πορφύραν
1575 1946 1944 2016 ἐνδεδυμένος,

363 2041 472 2093 ὑπὸ
503 2040 722 2093 πάντων
755 2041 1166 2110 προσκυνεῖται,
1206 2034 1316 2111 ἆρα
1345 2042 1378 2111 ή
1416 2039 1674 2111 πορφύρα
1707 2057 1948 2111 προσκυ-

362 2133 561 2195 νεῖται,
607 2133 641 2203 ἦ
667 2134 696 2186 6
732 2130 1018 2202 βασιλεύς;
1060 2131 1297 2203 Εὔδηλον
1331 2134 1411 2187 ὅτι
1439 2134 1467 2185 ό
1499 2134 1774 2204 βασιλεὺς,
1805 2151 1945 2203 συμ-

363 2224 751 2291 προσκυνεῖται
781 2218 840 2274 δὲ
879 2218 1029 2291 αὐτῷ
1073 2221 1169 2274 καὶ
1213 2223 1247 2292 ἡ
1294 2220 1551 2295 πορφύρα
1599 2220 1943 2293 φορουμένηο

362 2312 731 2383 ἑκδυσαμένου
762 2311 820 2365 δὲ
852 2310 1059 2382 ταύτην
1091 2311 1184 2365 τοῦ
1219 2311 1506 2381 βασιλέως,
1537 2312 1630 2366 καὶ
1662 2314 1742 2375 εἰς
1783 2312 1948 2365 τόπον

362 2404 613 2475 θεμένου,
632 2405 817 2459 οὐκέτι
848 2409 1236 2476 προσκυνεῖται
1262 2409 1297 2477 ἡ
1327 2406 1622 2477 πορφυρίς.
1642 2404 1946 2469 Καθέξεται

362 2497 458 2549 καὶ
482 2497 540 2548 έν
568 2495 681 2566 ναῷ
712 2496 828 2567 (52)
860 2497 1121 2562 πολλάκις
1153 2497 1407 2569 βασιλεὺς
1436 2497 1529 2550 ἐπὶ
1560 2495 1752 2567 θρόνου
1792 2495 1945 2561 ἰδίου,

362 2586 461 2640 καὶ
508 2586 559 2639 οῖ
605 2589 1039 2659 προσκυνοῦντες
1070 2589 1439 2663 προσκυνοῦσι
1486 2588 1577 2643 τὸν
1628 2588 1850 2659 βασιλέα
1889 2591 1947 2643 ὲν

361 2674 443 2743 τῷ
472 2674 586 2747 ναῷ
616 2675 693 2747 τῷ
725 2676 842 2749 ἰδίῳ
870 2679 967 2732 καὶ
992 2679 1072 2751 τῷ
1105 2679 1301 2751 θρόνῳ.
1344 2678 1754 2752 Ἐξεγερθέντος
1774 2680 1830 2733 δὲ
1850 2679 1947 2733 τοῦ

365 2765 654 2836 βασιλέως,
686 2767 864 2831 οὐδεὶς
891 2767 1015 2822 οὔτε
1054 2770 1146 2823 τὸν
1169 2769 1297 2825 ναὸν
1328 2770 1441 2843 (55)
1474 2771 1600 2825 οὔτε
1632 2770 1727 2825 τδν
1754 2770 1947 2843 θρόνον

364 2859 682 2928 προσκυνεῖ.
715 2858 907 2923 Οὐδεὶς
952 2859 1009 2913 δὲ
1060 2862 1319 2932 μεμηνὼς
1362 2861 1532 2915 θέλων
1570 2861 1947 2935 προσκυνῆσαι

363 2947 456 3001 τὸν
505 2948 727 3018 βασιλέα
780 2950 841 3003 ιν
886 2950 966 3022 τῷ
1004 2951 1118 3023 ναῷ
1160 2952 1348 3017 αὑτοῦ,
1397 2952 1546 3023 λέγει
1587 2953 1667 3025 τῷ
1712 2955 1944 3026 βασιλεῖ,

366 3039 591 3107 Ἔξελθε
618 3043 682 3095 ἑκ
707 3041 803 3095 τοῦ
834 3043 964 3097 ναοῦ
998 3060 1092 3097 σου
1129 3044 1217 3097 ἴνα
1257 3062 1317 3097 σε
1359 3050 1747 3118 προσκυνήσω.
1786 3046 1944 3102 Οὕτω

2047 1950 2273 2019 quiunt,
2327 1958 2661 2014 creaturam,
2710 1950 2816 2005 hoc
2862 1958 2967 2014 cst,
3012 1966 3215 2020 corpus
3266 1952 3483 2006 adoras.
3528 1950 3636 2005 Sed

2049 2056 2263 2106 eorum,
2287 2042 2382 2112 qui
2420 2043 2496 2096 ita
2536 2042 2837 2112 disputant,
2874 2042 3216 2098 admirabilis
3262 2042 3509 2112 quaedam
3551 2053 3637 2098 est

2046 2133 2324 2187 vecordia.
2386 2131 2597 2186 Etenim
2644 2148 2766 2186 cum
2816 2140 3153 2202 purpuratus
3210 2134 3511 2203 imperator
3560 2134 3633 2187 ab

2048 2221 2305 2276 omnibus
2324 2221 2609 2285 adorat’ur,
2632 2231 2811 2277 utrum
2839 2237 3103 2293 purpura,
3125 2237 3192 2277 an
3222 2224 3519 2292 imperator
3539 2223 3636 2276 ad-

2046 2313 2276 2367 oratur?
2311 2312 2565 2369 Profecto
2597 2315 2899 2385 imperator
2925 2315 3060 2383 ipse,
3098 2330 3223 2369 cum
3250 2330 3360 2385 quo
3392 2330 3636 2385 purpura

2046 2403 2163 2470 illa,
2184 2418 2347 2474 quam
2371 2412 2572 2476 gestat,
2608 2406 2889 2459 adoratur.
2910 2405 3064 2460 Hanc
3098 2420 3221 2460 cum
3248 2406 3461 2459 exuerit
3483 2407 3636 2476 prin-

2045 2511 2177 2566 ceps
2201 2505 2257 2551 et
2284 2511 2385 2552 suo
2419 2497 2543 2551 loco
2573 2498 2905 2567 reposuerit,
2938 2513 3045 2551 non
3073 2498 3311 2569 amplius
3358 2511 3635 2568 purpurea

2046 2588 2218 2643 vestis
2246 2587 2528 2643 adoratur.
2571 2587 2724 2658 Smpe
2766 2605 2998 2647 numero
3028 2590 3266 2652 accidit,
3301 2598 3361 2644 ut
3402 2592 3637 2659 impera-

2048 2686 2137 2733 tor
2165 2679 2218 2733 in
2249 2681 2545 2751 augustali,
2579 2695 2682 2735 suo
2713 2681 2766 2734 in
2799 2682 2942 2735 solio
2971 2682 3254 2737 consideat
3275 2719 3291 2746 ,
3328 2682 3515 2752 ibique
3540 2682 3633 2751 qui

2051 2768 2440 2840 imperatorem
2486 2781 2840 2833 venerantur,
2880 2777 2992 2824 tam
3036 2771 3216 2841 ipsum
3249 2772 3303 2825 in
3337 2771 3633 2841 augustali,

2049 2875 2215 2930 quam
2262 2862 2463 2916 solium
2512 2862 2687 2931 ipsius
2734 2863 2986 2917 adorent.
3037 2863 3155 2916 κιαι
3196 2863 3288 2917 ubi
3337 2863 3638 2933 imperator

2048 2954 2419 3009 assurrexerit
2447 2968 2511 3008 ac
2540 2954 2877 3016 discesserit,
2906 2969 3067 3009 nemo
3088 2955 3374 3024 augustale
3398 2954 3635 3023 amplius

2047 3053 2143 3098 aut
2174 3045 2372 3099 solium
2400 3044 2610 3098 adorat.
2640 3044 2814 3100 Nemo
2846 3060 2977 3099 vero
3004 3047 3144 3100 adeo
3174 3046 3405 3100 insanus
3434 3053 3542 3108 est,
3573 3052 3635 3098 ut

362 3130 496 3200 γοῦν
522 3132 698 3194 οὐδεὶς
726 3134 855 3205 εῖπῃ
894 3133 972 3205 τῷ
1000 3133 1315 3205 Μονογενεῖ,
1352 3138 1523 3207 ’Ἄφες
1562 3137 1624 3191 τὸ
1659 3138 1818 3209 σῶμα
1857 3140 1941 3193 ἴνα

2051 3137 2436 3206 imperatorem
2480 3136 2712 3193 adorare
2755 3138 3011 3207 cupiens,
3053 3138 3101 3192 ei
3149 3138 3334 3192 dicere
3382 3136 3582 3191 audeat
3617 3155 3631 3190 :

361 3235 427 3277 σε
462 3225 829 3297 προσκυνήσω
849 3242 862 3255 ο
885 3226 1023 3279 ἀλλὰ
1050 3231 1350 3299 προσκυνεῖ
1382 3229 1477 3282 σὺν
1500 3228 1578 3300 τῷ
1611 3197 1822 3301 σώματι
1850 3232 1941 3285 τὸν

2054 3228 2347 3300 Digredere
2380 3244 2447 3283 ex
2486 3229 2581 3284 illo
2619 3238 2714 3283 tuo
2747 3230 3021 3300 augustali
3061 3238 3121 3284 ut
3161 3230 3384 3285 adorem
3423 3237 3494 3283 te.
3528 3229 3635 3299 55

363 3310 642 3385 Μονογενῆ
674 3313 926 3368 ἇκτιστον
961 3318 1057 3371 σὺν
1082 3317 1194 3389 ναῷ
1225 3316 1304 3388 τῷ
1344 3318 1505 3390 ἁγιῳ,
1537 3319 1598 3371 δν
1631 3318 1820 3374 ἐλαϐεν
1859 3321 1946 3374 ὲλ-

366 3401 493 3459 δῶν.
530 3404 643 3457 Καὶ
672 3404 847 3468 οὐδεὶς
892 3405 1041 3475 λέγει
1086 3406 1164 3478 τῷ
1193 3407 1435 3478 βασιλεῖ,
1478 3408 1710 3463 Ἀνάστα
1749 3412 1812 3465 ὲκ
1849 3412 1942 3466 τοῦ

362 3491 554 3564 θρόνου
607 3510 721 3558 σου,
769 3494 856 3547 ῖνα
893 3512 952 3547 σε
1000 3498 1362 3568 προσκυνήσω
1405 3497 1528 3569 δίχα
1572 3498 1668 3551 τοῦ
1716 3499 1940 3571 θρόνουο

361 3583 498 3637 ἀλλὰ
529 3588 827 3655 προσκυνεῖ
851 3585 943 3639 τὸν
972 3586 1198 3656 βασιλέα
1217 3588 1315 3642 σὺν
1335 3587 1413 3658 τῷ
1443 3587 1619 3659 θρόνῳ
1642 3606 1656 3621 ο
1690 3591 1785 3643 καὶ
1809 3590 1942 3659 γοῦν

362 3677 457 3730 καὶ
484 3679 514 3731 6
544 3678 777 3748 Χριστὸς
810 3684 1199 3751 προσκυνεῖται
1249 3682 1347 3737 σὺν
1378 3681 1459 3753 τῷ
1487 3681 1701 3754 σώματι
1737 3682 1816 3755 τῷ
1845 3702 1942 3739 τα·-

362 3768 517 3837 dim
552 3769 647 3824 καὶ
673 3771 1051 3843 ἐγηγερμένῳ.

434 4036 558 4092 NB'.
612 4037 773 4091 Ἀλλά
813 4054 971 4107 φασι·
1022 4037 1087 4091 Τί
1123 4034 1216 4094 οὖν
1246 4041 1453 4109 λέγεις,
1492 4042 1672 4097 Θέλων
1718 4045 1941 4117 ἐγέννη-

362 4142 456 4183 cev
483 4129 597 4200 (δι)
636 4132 665 4182 6
696 4130 885 4202 Πατὴρ
927 4132 1019 4185 τὸν
1057 4131 1207 4196 Υἱὸν,
1257 4132 1290 4203 ἢ
1341 4134 1414 4203 μὴ
1468 4134 1673 4201 θέλων,
1720 4137 1939 4206 Ἐπειδὴ

438 4288 453 4318 ¹
491 4304 580 4356 ‘no.
611 4288 864 4344 ἕκαστον.

2052 3319 2126 3373 lta
2154 3336 2283 3391 ergo
2306 3318 2598 3391 Unigenito
2623 3316 2759 3375 Filio
2795 3336 2955 3375 nemo
2988 3321 3190 3375 dixerit
3219 3339 3233 3374 :
3266 3319 3485 3389 Depone
3511 3336 3638 3374 cor-

2050 3427 2153 3480 pus
2193 3420 2253 3466 ut
2305 3412 2526 3469 adorem
2567 3420 2640 3468 te.
2688 3413 2795 3468 Sed
2847 3412 3202 3483 Unigenitum
3256 3413 3449 3467 adorat
3507 3427 3635 3467 cum

2050 3518 2303 3573 corpore,
2337 3504 2440 3558 hoc
2466 3513 2572 3566 est,
2607 3505 2910 3561 increatum
2944 3505 3096 3559 illum
3121 3519 3245 3559 eum
3280 3505 3636 3560 sanctissimo

2049 3597 2271 3664 templo,
2303 3596 2448 3665 quod
2492 3598 2596 3653 sibi
2631 3597 2929 3654 adveniens
2971 3599 3239 3668 adiunxit.
3278 3600 3451 3652 Nemo
3502 3598 3631 3652 item

2049 3686 2365 3756 imperatori
2395 3687 2528 3742 dicit
2556 3706 2570 3741 :
2602 3688 2775 3757 Surge
2807 3703 2873 3743 ex
2901 3689 2994 3743 illo
3020 3696 3117 3743 tuo
3146 3689 3305 3751 solio,
3331 3696 3391 3742 ut
3422 3696 3474 3742 te
3492 3690 3629 3742 citra

2049 3778 2251 3835 solium
2284 3778 2537 3841 adorem;
2573 3780 2667 3835 sed
2694 3794 2819 3834 cum
2843 3780 2982 3835 solio
3004 3781 3387 3851 imperatorem
3417 3780 3631 3833 adorat.

2052 3867 2133 3920 Ad
2163 3868 2415 3923 eumdem
2448 3870 2632 3939 itaque
2668 3869 2890 3924 modum
2936 3885 3062 3925 cum
3106 3870 3323 3940 sepulto
3362 3869 3633 3924 excitato-

2048 3972 2158 4027 que
2184 3973 2415 4028 corpore
2444 3960 2698 4017 Christus
2738 3960 3017 4015 adoratur.

2119 4047 2233 4103 LII.
2278 4051 2344 4103 At
2371 4053 2519 4105 enim
2549 4053 2818 4122 objiciunt
2847 4072 2860 4107 :
2894 4053 3033 4118 Quid
3063 4052 3282 4106 tandem
3310 4053 3487 4107 dicis?
3518 4050 3632 4107 Vo-

2046 4139 2168 4196 lens
2198 4139 2360 4197 Pater
2387 4141 2587 4198 Filium
2616 4144 2826 4215 genuit,
2857 4158 2925 4197 an
2955 4143 3178 4197 minime
3201 4142 3636 4208 volens?Quan-

428 4442 542 4563 S5”
591 4441 865 4525 Τέσσᾳρά
891 4443 1051 4497 εἰσιν
1084 4443 1439 4525 Εὑαγγέλιεα.
1473 4440 1721 4499 Totidem
1755 4446 1811 4499 in
1842 4459 1935 4497 κε-

361 4514 439 4581 φὰ
474 4528 568 4566 αια
601 4513 894 4568 distributa
927 4523 1085 4569 erant
1132 4514 1422 4581 Evangelia
1472 4524 1729 4581 quatuor,
1766 4524 1826 4569 ut
1864 4531 1931 4569 ex

2050 4454 2125 4503 est
2163 4459 2283 4501 eam
2340 4443 2803 4514 similitudinem,
2853 4461 2961 4516 qua
3012 4445 3101 4499 hic
3151 4445 3323 4500 utitur
3375 4444 3432 4501 S.
3498 4445 3630 4516 Epi-

2050 4517 2308 4581 phanius,
2354 4516 2411 4568 in
2441 4530 2508 4570 eo
2557 4516 2813 4581 deﬁcere,
2850 4516 2995 4581 quod
3052 4515 3431 4571 admirabilem
3479 4517 3630 4572 illam

474 4528 568 4584 αια
601 4513 894 4568 distributa
927 4523 1085 4569 erant
1132 4513 1422 4583 Evangelia
1458 4524 1729 4584 quatuor,
1766 4524 1826 4569 ut
1864 4531 1931 4569 ex

364 4583 673 4655 Eusebiano
706 4598 916 4638 canone
949 4592 1196 4649 constat,
1239 4600 1399 4652 quem
1433 4583 1800 4655 Hieronymus
1838 4601 1932 4640 ex-

360 4653 596 4724 pressit,
642 4668 953 4722 quanquam
984 4670 1094 4708 uno
1133 4655 1365 4724 amplius
1402 4655 1544 4724 apud
1592 4653 1791 4724 ipsum;
1818 4656 1929 4721 sit;

362 4720 489 4776 nam
530 4720 772 4793 _Matt'hazi
810 4720 991 4793 capita
1038 4732 1168 4778 sunt
1211 4720 1335 4784 355,
1384 4720 1547 4778 Marci
1591 4720 1719 4785 235,
1773 4720 1934 4778 Luca:

361 4792 487 4855 545,
523 4789 750 4848 Joannis
783 4789 907 4847 252'.
943 4793 1287 4863 Collithnlur
1317 4795 1491 4863 capita
1526 4794 1683 4847 “(33.
1721 4793 1929 4849 Psnv.

358 4849 698 4935 -—Percurre
729 4877 849 4933 qua:
896 4865 1037 4935 apud
1058 4849 1418 4935 fﬁemasium
1454 4872 1702 4917 nostrum
1746 4866 1934 4935 legun-

358 4939 452 4986 tur
490 4932 545 4984 in
600 4932 885 4988 sacrorum
928 4932 1233 4988 Bibliorum
1281 4936 1556 4988 veteribus
1602 4932 1817 4997 titulis,‘
1848 4951 1934 4988 se-

360 5002 641 5084 ctionibus
674 5014 735 5084 et.
759 5003 1174 5084 .stichometriis
1198 5004 1316 5084 ,Ainn
1339 5012 1486 5057 tomo
1514 5005 1692 5084 primo
1717 5013 1933 5084 nostras

358 5070 811 5144 editionisaVidc
856 5075 1019 5127 etiam
1061 5088 1184 5143 pag.
1218 5074 1325 5127 204
1397 5068 1531 5127 tomi
1563 5068 1654 5126 Vll
1683 5074 1932 5144 ejusdem

361 5153 565 5197 nostra:
597 5142 874 5196 editionis.

432 5213 546 5281 (52)
586 5209 893 5282 Καθέζεται
913 5213 1008 5265 καὶ
1041 5214 1104 5265 ἐν
1141 5211 1485 5282 ναῷεΝαός,
1517 5220 1574 5265 ιιι
1602 5212 1817 5282 opinor,
1845 5214 1933 5269 hic

358 5280 447 5337 est
488 5281 785 5351 augustale,
817 5280 898 5334 vel
925 5282 1199 5352 quidpiam
1230 5280 1699 5352 :rdiculaaiusta'r,
1728 5284 1782 5336 in
1821 5300 1930 5352 quo

359 5349 625 5422 principis
656 5352 852 5406 solium
889 5349 1256 5422 punitur,Sic
1282 5352 1442 5413 ναούς
1468 5351 1640 5422 Graeci
1692 5349 1932 5406 arma—ria

359 5421 598 5475 vocant:
626 5422 935 5490 cuiusmodi
965 5421 1209 5491 iniatriis
1243 5430 1398 5491 erant
1426 5422 1480 5474 in
1510 5421 1714 5490 quibus
1755 5424 1932 5491 genti-

360 5492 488 5545 litize
521 5488 787 5561 imagines
819 5490 1246 5561 collocabantur.
1281 5488 1404 5561 Haec
1429 5488 1574 5545 enim
1623 5488 1798 5543 ναῖδια
1834 5491 1933 5545 Po-

356 5561 541 5682 lgybius
561 5559 816 5641 appellat.
846 5559 965 5642 Qua
994 5561 1213 5613 notione
1237 5560 1459 5628 quidam
1493 5561 1625 5614 illud
1662 5563 1780 5615 Act.
1811 5578 1928 5625 xxx,

394 5630 450 5682 τι.
482 5638 748 5682 scriptum
781 5638 1059 5682 accipiunt
1081 5647 1094 5682 :
1115 5631 1424 5682 Δημήτριος
1461 5629 1568 5682 γάρ
1596 5645 1682 5682 τις
1706 5631 1928 5682 ὀνόματι

394 5630 450 5691 τι,
482 5629 748 5702 scriptum
781 5630 1094 5702 accipiunt:
1115 5631 1424 5702 Δημήτριος
1461 5629 1568 5700 γάρ
1596 5645 1682 5702 τις
1706 5631 1929 5702 ὀνόματι

358 5701 736 5777 ἀργυροκόπος
768 5699 938 5752 ποιῶν
964 5700 1139 5777 vacui
1174 5699 1444 5777 ἀργυροῦς
1500 5699 1813 5777 Ἀρτέμιδι,
1850 5702 1930 5755 Ωιι-

358 5767 520 5824 ciens
561 5768 698 5823 cedes
744 5777 1034 5840 argenteas
1084 5767 1285 5822 Dianae.
1323 5767 1927 5826 ‘Peravﬁ-JPlanum

562 5861 837 5923 ΡΔτιιοι..
871 5862 985 5925 Gn.
1024 5863 1244 5925 XLIII.

2043 4517 2308 4588 phanius,
2354 4516 2411 4568 in
2441 4530 2508 4570 eo
2557 4516 2813 4581 deﬁcere,
2850 4515 2995 4588 quod
3051 4515 3431 4588 admirabilem
3479 4515 3630 4572 illam

2040 4586 2272 4655 duplicis
2328 4594 2580 4650 naturze,
2646 4590 2847 4642 divinae
2901 4586 3156 4641 videlicet
3219 4596 3273 4641 et
3330 4586 3628 4648 humana).

2039 4660 2333 4716 unionem,
2379 4671 2489 4708 non
2536 4658 2807 4726 explicet,
2843 4672 2949 4725 qua
2983 4657 3107 4726 illa:
3154 4656 3535 4719 ὑποστατικῶς
3573 4657 3629 4708 in

2037 4743 2202 4781 unam
2257 4740 2549 4795 personam
2612 4725 2899 4781 uniuntur.
2963 4725 3095 4791 Quae
3162 4741 3294 4781 sane
3356 4726 3487 4779 unio
3543 4735 3630 4778 est

2037 4799 2179 4850 ratio
2214 4811 2355 4850 vera:
2384 4795 2745 4862 adorationis,
2794 4811 2916 4867 quae
2945 4804 2999 4851 et
3032 4796 3232 4851 Christi
3275 4795 3497 4865 corpori
3533 4795 3631 4850 de-

2036 4867 2215 4921 betur.

2108 4935 2235 5005 (55),
2268 4930 2477 4999 Οὐδεὶς
2506 4935 2644 4988 οὒτε
2676 4935 2784 4989 τὸν
2816 4938 2986 4991 ναόν.
3024 4934 3099 4989 De
3134 4933 3271 4991 Filio
3306 4934 3399 4989 Dei
3442 4936 3624 4991 simile

2035 5004 2241 5075 aliquid
2283 5004 2467 5075 dicere
2515 5022 2624 5059 non
2675 5021 3004 5075 possumus,
3053 5021 3117 5060 co
3154 5006 3298 5074 quod
3347 5021 3621 5075 nusquam

2034 5071 2277 5145 divinum
2309 5071 2547 5145 Verbum
2583 5071 2810 5145 dimisit,
2847 5076 2991 5145 quod
3028 5071 3194 5130 semel
3225 5071 3543 5145 assumpsit.

2106 5144 2218 5215 (54)
2262 5142 2463 5215 Θέλῳν
2499 5142 3005 5213 ἐγέννησεν-[εις.
3064 5146 3248 5201 Inanis
3283 5156 3367 5202 est
3400 5142 3463 5200 ac
3515 5148 3620 5199 im~

2033 5212 2273 5285 portuna
2306 5212 2674 5276 Arianorum,
2710 5212 2855 5270 'Aetii
2903 5215 3247 5285 potissimum
3279 5222 3332 5270 et
3361 5215 3617 5270 Eunomii

2034 5283 2564 5354 cavillatio,rquam
2600 5292 2654 5337 et
2697 5283 2983 5354 explicare
3030 5295 3079 5339 et
3125 5285 3373 5341 refellere
3424 5288 3618 5354 incipit

2034 5355 2122 5425 hic
2153 5351 2232 5425 Δ8..
2283 5351 2641 5421 Epiphanius.
2695 5351 3208 5425 Eaindemiegregie
3258 5357 3512 5409 refellunt
3538 5351 3616 5407 _et

2035 5423 2093 5478 S.
2137 5422 2472 5495 Athanasius
2506 5425 2756 5495 oratione
2774 5426 2834 5495 ,4,
2856 5433 2928 5495 _et
2963 5422 3352 5495 SfGregorius
3384 5425 3615 5477 Nazian-

2034 5508 2203 5565 zenus
2237 5492 2488 5565 o_ratioo_e
2519 5492 2625 5565 55‘,
2663 5503 2715 5548 et
2747 5494 2805 5548 S.
2841 5493 3078 5565 Cyrillus
3110 5492 3516 5565 Arlexalnlrinus
3558 5494 3614 5546 in

2034 5564 2131 5632 lib.
2163 5577 2202 5616 ιι
2249 5560 2557 5632 Πὶαιοθὶνάε
2582 5562 2843 5618 Trinitate
2877 5560 2974 5629 {et
3007 5568 3060 5620 in
3096 5563 3353 5618 Thesauri
3383 5563 3477 5616 lib.
3507 5577 3607 5632 vn,

2035 5630 2094 5687 S.
2167 5630 2797 5702 insuper‘Augustinus
2849 5643 2962 5688 tum
3015 5635 3221 5702 capite,
3254 5632 3433 5701 primo
3482 5630 3612 5702 l_i_hri

2034 5702 2237 5757 Contra
2267 5699 2564 5781 _serntoqes'
2614 5699 3105 5781 ArianorumApag}
3154 5699 3272 5781 .652
3313 5699 3611 5781 ιοιιιί-Ϋω

2035 5719 2237 5757 (έοηιτα
2292 5719 2557 5755 sermones
2614 5719 2941 5757 Ananorum
2985 5719 3105 5827 83$.
3159 5719 3265 5755 002
3313 5719 3443 5755 loml
3503 5719 3610 5753 νιιι

2035 5788 2189 5829 novae
2216 5771 2348 5827 edit.
2378 5770 2560 5829 Paris.
2589 5780 2703 5828 tum
2731 5773 2908 5844 capite
2948 5772 2984 5826 9.
3046 5771 3171 5825 libri
3221 5789 3290 5826 xv
3337 5771 3409 5824 De
3445 5774 3610 5825 Triui-

3216 5866 3251 5925 lo
