4012 6210
439 291 542 346 1ϋῖ

1821 285 1877 340 S.
1921 286 2259 343 EPIPHANH

3580 299 3676 358 l08

431 407 722 480 doquidcm
763 406 907 462 istud
941 405 1138 460 asseris
1173 426 1184 460 :
1216 401 1450 458 Verbum
1492 415 1705 470 semper
1739 402 1946 455 exstitit
1977 443 1986 466 ,

2099 405 2295 474 λέγεις,
2325 401 2430 459 7Hv
2471 407 2556 460 an
2603 371 2792 476 Λόγος,
2849 409 2942 460 καὶ⁵
2969 406 3073 462 οὑκ
3099 407 3175 460 ἔνι
3215 405 3402 479 χρόνος
3436 408 3546 480 πρὸ
3585 407 3680 464 τοῦ

432 515 607 569 neque
632 506 847 568 tempus
878 496 1115 553 Verbum
1148 491 1459 552 antecessit.
1490 494 1652 564 Atqui
1683 494 1766 548 vel
1807 492 1998 548 Ariani

428 591 556 661 ipsi,
593 606 702 662 quo
732 589 945 644 facilius
978 589 1284 653 illuderent,
1326 589 1443 644 sine
1474 587 1584 641 ullo
1621 593 1862 655 tempore
1901 600 1994 654 ge-

427 681 601 734 nitum
623 695 742 734 esse
765 678 960 732 Filium
990 677 1277 746 dixerunt;
1319 692 1494 746 neque
1518 684 1700 730 tamen
1733 686 1996 729 aeternum

430 771 585 826 fateri
639 773 951 834 voluerunt,
1005 771 1099 826 scd
1141 771 1397 825 dixerunt
1453 769 1620 823 fuisse
1671 766 1998 837 quandoque

426 879 551 917 cum
584 879 691 916 non
727 869 905 928 esset;
943 861 1074 916 illud
1119 871 1299 915 autem
1339 859 1666 930 quandoque,
1719 873 1828 912 non
1876 874 1998 913 esse

428 964 639 1021 tempus
667 952 912 1006 arbitrati
945 960 1092 1006 sunt.
1129 949 1331 1005 Verum
1368 950 1413 1004 si
1457 950 1512 1002 in
1545 964 1663 1003 eam
1697 948 1990 1003 dictionem

424 1043 740 1112 diligentius
784 1043 1052 1111 inquiras,
1105 1040 1260 1095 facile
1303 1040 1583 1110 imperitos
1613 1041 1748 1096 istos
1802 1041 1994 1095 redar-

423 1147 578 1202 guas.
609 1131 819 1200 Quippe
850 1131 1017 1185 dictio
1056 1133 1190 1194 haec,
1235 1129 1541 1199 aliquando,
1576 1141 1791 1200 tempus
1824 1131 1996 1201 signi-

421 1224 549 1278 ﬁcat
573 1241 588 1277 :
615 1238 853 1292 cumque
886 1230 1100 1292 tempus
1131 1222 1299 1276 ullum
1325 1237 1384 1276 se
1406 1223 1742 1276 constituere
1772 1229 1992 1294 negent,

421 1328 691 1368 summam
716 1314 770 1367 in
804 1312 1078 1383 Opinionis
1104 1311 1496 1368 absurditatem
1521 1328 1645 1366 cum
1679 1313 1996 1368 infidelitate

421 1402 774 1470 coniunctam
811 1401 1080 1455 incidunt.
1122 1398 1257 1453 Nam
1294 1401 1517 1456 vocibus
1556 1401 1664 1456 illis
1708 1417 1804 1471 per
1833 1403 1996 1456 cavil-

421 1493 676 1546 lationem
697 1499 750 1546 et
771 1491 1094 1546 calumniam
1125 1490 1456 1557 abutuntur;
1487 1498 1541 1545 et
1563 1491 1782 1546 interim
1813 1499 1995 1546 mente

421 1598 485 1637 ac
511 1598 672 1640 sensu
713 1598 814 1638 suo
851 1582 946 1637 Dei
990 1580 1186 1637 Filium
1235 1583 1588 1638 vehementer
1637 1578 1989 1654 oppugnant:

420 1691 581 1746 quem
620 1690 649 1728 a
683 1675 862 1730 Patris
906 1674 1190 1729 divinitate
1233 1673 1448 1744 penitus
1499 1675 1735 1729 alienum
1787 1673 1990 1744 perab-

2101 499 2301 568 Λόγου·
2326 529 2396 539 -
2423 500 2664 568 καίτοιγε
2722 502 2817 554 κοιλ⁸
2847 499 3024 554 αὑτῶν
3061 500 3169 553 τῶν
3211 497 3507 572 ’Λρειανῶν
3545 499 3680 571 πρὸς

2101 589 2316 660 ἀπάτην
2345 589 2504 643 τινῶν
2531 591 2776 662 ἀχρόνως
2807 591 2897 644 τὸν
2928 591 3058 644 Υἱὸν
3081 591 3172 644 τοῦ
3199 590 3333 644 Θεοῦ
3359 591 3677 660 φασκόντων

2099 681 2475 749 γεγεννῆσθαι,
2511 683 2585 753 μὴ
2619 682 2958 753 βουλομένων
2990 683 3046 735 δὲ
3078 683 3240 736 αὑτὸν
3275 682 3444 735 ἀΐδιον
3473 682 3676 752 λέγειν,

2099 769 2233 823 ἀλλά
2265 770 2549 838 λεγόντων,
2579 767 2686 823 Ἦν
2724 788 2854 824 ποτε
2883 773 2972 824 ὅτε
3007 773 3108 824 οὑκ
3157 767 3256 842 ἦν’
3302 772 3585 844 νομίζουσι
3619 773 3677 827 δὲ

2097 860 2157 913 τὸ
2186 862 2330 914 ποτὲ
2366 863 2438 931 μὴ
2493 857 2630 915 εἶναι
2661 862 2870 933 χρόνον.
2913 863 3335 933 Ἀνεταζομένης
3366 863 3422 916 δὲ
3447 864 3548 932 τῆς
3582 864 3675 916 λέ-

2104 951 2239 1016 ξεως
2263 992 2277 1015 ,
2313 951 2555 1021 ἐλέγχεις
2595 954 2722 1015 τοὺς
2751 952 3000 1023 ἀμαθεῖς.
3037 954 3109 1005 Τὺ
3142 953 3286 1006 ποτὲ
3312 953 3420 1024 γὰρ
3449 954 3676 1020 λεξικῶς

2098 1041 2406 1112 λεγόμενον,
2437 1045 2628 1114 χρόνου
2665 1045 2782 1095 ἐστὶ
2819 1044 3170 1116 σημαντικῖη,
3206 1044 3302 1098 καὶ
3331 1044 3576 1112 λέγοντες
3614 1044 3676 1098 τὸ

2100 1136 2173 1206 μὴ
2198 1135 2374 1202 λέγειν
2402 1135 2611 1206 χρόνον,
2637 1139 2716 1199 εἰς
2739 1137 2966 1189 ἀτοπίαν
2996 1137 3330 1206 ἐμπίπτουσι
3363 1137 3454 1189 τοῦ
3486 1137 3671 1190 αὑτῶν

2097 1227 2442 1296 φρονήματος
2471 1228 2527 1279 ἐν
2555 1227 2899 1298 κακοπιστεᾳ.
2929 1227 3195 1298 Εἱρωνείᾳ
3226 1227 3334 1298 γὰρ
3359 1230 3480 1290 ταῖς
3498 1226 3675 1293 λέξεσι

2096 1317 2421 1386 κέχρηνται,
2454 1316 2532 1387 τῷ
2565 1322 2872 1388 φρονήματι
2905 1318 3094 1381 δεινῶς
3117 1319 3259 1372 κατὰ
3288 1319 3382 1372 τοῦ
3415 1320 3546 1373 Υἱοῦ
3580 1319 3674 1374 τοῦ

2097 1405 2234 1457 Θεοῦ
2266 1408 2685 1476 ἐστρατευμένοι
2708 1448 2722 1471 ,
2767 1407 3044 1478 ἀλλότριον
3087 1408 3402 1461 παντάπασι
3437 1409 3537 1480 τῆς
3580 1409 3674 1462 τοῦ

2096 1495 2307 1565 Πατρὸς
2353 1495 2603 1565 θεότητος
2666 1497 3194 1569 ἀπηλλοτριωμένως
3243 1498 3577 1564 δοξάζοντες.
3603 1527 3676 1540 -·

2095 1585 2275 1640 Θέλων
2317 1583 2408 1641 οὖν
2458 1589 2775 1658 ἐγέννησεν,
2817 1590 2849 1659 ἥ
2898 1590 2972 1660 μὴ
3006 1590 3206 1654 θέλων;
3251 1589 3378 1644 Ἐὰν
3407 1592 3672 1662 εἴπωμεν,

2095 1676 2186 1746 Μὴ
2221 1676 2412 1740 θέλων,
2460 1678 2670 1750 ἀνάγκη
2717 1679 3114 1750 περιϐάλλομεν
3155 1680 3214 1733 τὸ
3241 1681 3423 1734 Θεϊον·
3459 1683 3554 1735 καὶ
3579 1683 3674 1736 ἐὰν

421 1764 586 1820 surde
620 1763 844 1818 faciunt.
887 1761 990 1816 Sed
1019 1761 1149 1815 illud
1179 1769 1468 1832 quaerunt:
1493 1759 1766 1816 Volensne
1796 1776 1986 1832 genue-

2096 1766 2359 1837 εἴπωμεν,
2386 1770 2468 1822 ὅτι
2496 1749 2694 1836 Θέλων,
2721 1749 2972 1841 διδόαμεν
3004 1749 3084 1824 ὅτι
3130 1767 3198 1843 ἦν
3225 1773 3286 1827 τὸ
3315 1773 3526 1845 θέλημα
3567 1775 3674 1846 πρὸ

420 1858 510 1920 rit,
542 1872 610 1910 an
643 1857 864 1912 minime
893 1849 1125 1910 voTe'rtS?
1156 1854 1212 1910 Si
1253 1855 1475 1910 minime
1496 1855 1762 1909 volentem
1798 1853 1995 1908 dixeri-

418 1963 565 2013 mus,
610 1945 777 2001 Deum
821 1945 1136 2001 necessitati
1185 1946 1545 2013 subiicimus;
1592 1945 1677 1999 sin
1719 1944 1992 1999 volentem

417 2036 688 2099 dicamus,
719 2035 1055 2090 voluntatem
1092 2034 1268 2103 ipsam
1300 2032 1481 2089 Verbo
1515 2033 1749 2104 priorem
1795 2032 1994 2087 statui-

418 2143 568 2193 mus;
605 2141 668 2180 ac
700 2125 915 2180 tametsi
953 2125 1037 2179 vel
1085 2133 1346 2194 punctum
1393 2123 1689 2194 temporis,
1735 2131 1827 2177 aut
1873 2138 1992 2178 mo-

419 2228 660 2274 mentum
694 2219 839 2272 horae
872 2217 1216 2280 deliniamus,
1247 2231 1376 2286 pars
1397 2216 1486 2269 illa
1506 2215 1758 2285 quamvis
1789 2215 1987 2284 exigua

418 2323 632 2384 tempus
662 2313 880 2382 aliquod
922 2311 1156 2366 Verbum
1189 2309 1553 2364 antecessisse
1583 2308 1888 2378 significat,
1921 2315 1996 2363 at-

417 2420 524 2473 que
572 2405 641 2456 ita
687 2404 741 2456 in
793 2402 1004 2456 illorum
1055 2400 1365 2469 opinionem
1417 2398 1814 2469 compellimur.
1848 2397 1916 2450 At
1946 2398 1992 2452 si

419 2493 642 2546 minime
665 2493 930 2545 volentem
966 2489 1220 2559 genuisse
1249 2491 1499 2552 velimus,
1532 2503 1878 2558 consequens
1908 2496 1993 2542 est

419 2591 629 2638 naturae
652 2582 980 2636 necessitate
1011 2580 1177 2636 Deum
1205 2595 1349 2647 esse,
1380 2595 1490 2633 non
1517 2580 1767 2634 libertate
1797 2579 1993 2634 volun-

418 2675 552 2729 tatis
591 2673 897 2729 inductunt.
949 2673 1111 2744 Atqui
1172 2673 1366 2730 horum
1422 2681 1677 2728 neutrum
1724 2673 1779 2732 in
1823 2671 1992 2728 Deum

416 2769 712 2820 convenire
757 2773 953 2835 potest,
1003 2763 1288 2836 quidquid,
1335 2764 1497 2818 homo
1535 2763 1852 2827 vanissime,
1908 2779 1994 2818 su-

417 2855 818 2928 spiceris.Nam
847 2855 991 2926 apud
1019 2855 1186 2910 Deum
1214 2869 1557 2925 nequaquam
1587 2854 1701 2908 haac
1724 2869 1846 2910 esse
1864 2869 1992 2924 pos-

418 2954 565 3002 sunt.
603 2946 970 3013 Quamobrem
1008 2962 1185 3017 neque
1211 2945 1402 3000 volens
1433 2945 1640 3017 genuit.
1674 2959 1853 3014 neque
1884 2944 1985 2998 mi-

417 3039 561 3093 nime
581 3039 791 3102 volens,
812 3037 907 3093 sed
927 3037 1159 3107 quadam
1189 3044 1398 3090 natura:
1426 3036 1739 3106 praestantia
1757 3049 1773 3088 :
1789 3034 1990 3104 quippe

415 3128 600 3184 divina
645 3138 842 3184 natura
897 3129 1127 3183 consilio
1168 3135 1252 3184 est
1295 3127 1443 3182 omni
1483 3126 1765 3196 superior,
1807 3139 1984 3194 neque

413 3227 660 3288 tempore
680 3218 1172 3285 circumscribitur,
1195 3232 1375 3287 neque
1399 3217 1724 3272 necessitate
1746 3215 1979 3285 cogitur.

415 3311 472 3365 ln
503 3311 661 3364 nobis
699 3310 916 3379 quidem
942 3316 1252 3378 promptum
1280 3309 1416 3364 nihil
1445 3315 1532 3364 est
1557 3316 1612 3362 et
1653 3305 1989 3376 expeditum,

417 3407 702 3467 propterea
747 3396 891 3466 quod
920 3397 1211 3465 aliquando
1244 3411 1350 3450 non
1398 3395 1622 3450 fuimus.
1665 3394 1820 3449 Unde
1852 3393 1989 3448 deli-

415 3489 610 3544 berare
640 3497 800 3543 antea
826 3487 1088 3552 solemus,
1117 3486 1314 3541 deinde
1341 3485 1488 3556 quod
1523 3484 1702 3540 facere
1730 3484 1983 3539 volumus

2093 1857 2187 1910 τοῦ
2217 1859 2389 1928 Λόγου
2411 1877 2426 1892 ο
2465 1861 2565 1914 κάν
2592 1877 2643 1913 τι
2689 1860 2889 1931 ἄτομον
2923 1863 3017 1915 καὶ
3043 1864 3174 1934 ῥιπὴ
3209 1864 3673 1936 πολλοστημόριον

2095 1945 2243 2018 ὥρας
2273 1948 2378 2019 εἴη,
2405 1949 2465 2002 τὸ
2497 1949 2957 2021 πολλοστημόριον
2981 1953 3174 2022 χρόνου
3195 1954 3312 2006 ἐστὶ
3342 1956 3673 2025 σημαντικὸν

2095 2039 2201 2109 πρὸ
2234 2039 2428 2106 Λόγου,
2460 2041 2559 2092 καὶ
2598 2041 2758 2094 πάλιν
2808 2044 3270 2114 παρεμπίπτομεν
3299 2045 3376 2116 τῷ
3402 2046 3545 2118 λόγῳ
3583 2047 3674 2101 αὑ-

2092 2130 2223 2183 τῶν.
2276 2132 2384 2184 Καὶ
2419 2132 2514 2184 ἐὰν
2541 2133 2782 2202 εἴπωμεν
2815 2134 2897 2188 ὃτι
2931 2135 2990 2186 οὑ
3024 2133 3190 2188 θέλων
3223 2137 3531 2207 ἐγέννησεν,
3563 2137 3673 2210 ἄρα

2093 2221 2304 2292 ἀνάγκῃ
2351 2222 2564 2290 φύσεως
2594 2220 2759 2294 ἦκται
2792 2226 2853 2278 τὸ
2893 2226 3066 2292 Θεϊον,
3115 2228 3211 2282 καὶ
3239 2229 3338 2282 οὒκ
3370 2229 3672 2300 ἐλευθεριό-

2093 2326 2215 2378 τητι
2253 2309 2584 2382 θελήματος.
2619 2313 2732 2366 Οὐκ
2771 2315 2963 2369 ἔστιδὲ
2990 2318 3195 2372 τούτων
3224 2319 3374 2372 οὐδὲν
3404 2321 3484 2383 εἰς
3513 2321 3666 2384 Θεὸν,

2093 2398 2168 2460 ὡς
2201 2398 2619 2469 ὑπολαμϐάνεις,
2656 2395 2700 2454 ὦ
2743 2403 2984 2470 κενόδοξε
3003 2421 3016 2434 ο
3047 2407 3198 2476 παρὰ
3220 2406 3340 2477 Θεῷ
3368 2408 3478 2479 γάρ
3500 2408 3671 2462 ταῦτα

2095 2488 2194 2539 οὑκ
2225 2486 2390 2540 ἐστιν.
2415 2488 2552 2542 Οῠτε
2579 2489 2746 2543 θέλων
2779 2492 2955 2545 τοίνυν
2985 2493 3294 2565 ἐγέννησεν,
3327 2495 3451 2549 οὗτε
3481 2497 3555 2569 μὴ
3589 2498 3670 2551 θέ-

2093 2577 2219 2643 λων,
2249 2577 2362 2630 ἀλλ’
2395 2578 2666 2650 ὑπερϐολῇ
2717 2579 2930 2648 φύσεως
2957 2581 3102 2653 (55)°
3133 2585 3452 2656 ὑπερϐαίνει
3485 2586 3594 2658 γὰρ
3631 2590 3666 2658 ἡ

2094 2667 2211 2720 θεία
2254 2667 2413 2737 φύσις
2464 2668 2680 2740 βουλὴν,
2724 2671 2818 2725 καὶ
2863 2673 2960 2742 οὑχ
2992 2674 3288 2727 ὑποπίπτει
3317 2676 3513 2747 χρόνῳ,
3544 2676 3668 2729 οὔτε

2093 2761 2304 2831 ἀνάγκῃ
2353 2760 2565 2828 ἄγεται.
2617 2763 2703 2816 Ἐν
2745 2765 2874 2834 ἡμῖν
2916 2764 3025 2835 γὰρ
3059 2766 3211 2819 οὐδέν
3248 2768 3395 2821 ἐστιν
3428 2769 3664 2839 ἕτοιμον,

2091 2851 2173 2904 ὅτι
2222 2851 2322 2904 οὑκ
2374 2846 2516 2921 ἦμέν
2563 2869 2728 2906 ποτετ
2789 2855 2879 2907 καὶ
2923 2855 3136 2926 πρῶτόν
3179 2874 3232 2911 τι
3278 2857 3664 2928 βουλευόμεθα,

2093 2941 2282 2995 ἔπειτα
2330 2941 2590 3012 ποιοῦμεν
2615 2942 2643 2995 ὃ
2673 2944 3007 3015 πράττομεν,
3041 2945 3074 3018 ἢ
3109 2947 3183 3018 μὴ
3219 2946 3666 3018 βουλευσαμένων

2093 3031 2247 3102 ἡμῶν
2285 3032 2384 3084 οὐκ
2417 3031 2562 3087 ἐστιν
2603 3032 2631 3086 ὃ
2671 3033 2896 3104 μηδέπω
2935 3038 3065 3108 παρ’
3109 3037 3266 3108 ἡμῶν
3312 3040 3662 3109 πέπρακταιο

2093 3123 2242 3193 παρὰ
2265 3122 2320 3174 δὲ
2352 3123 2470 3194 Θεῷ
2493 3124 2670 3179 πάντα
2697 3124 2878 3178 τέλεια
2923 3127 3018 3180 καὶ
3059 3127 3193 3192 λ;ῖα,
3245 3131 3340 3182 καὶ
3384 3130 3561 3184 πάντα
3605 3131 3666 3185 ιν

2091 3211 2239 3282 αὑτῷ
2285 3213 2671 3284 πεπλήρωται,
2724 3215 2818 3268 καὶ
2862 3215 2986 3269 οὔτε
3037 3218 3110 3288 μὴ
3158 3218 3365 3271 θέλων¹
3407 3220 3666 3290 ἐγέννησα

2089 3302 2180 3356 τὸν
2208 3304 2392 3367 ἀϊδίως
2415 3304 2542 3358 ὄντα
2566 3307 2960 3377 γεγεννημένον
2995 3308 3055 3373 ἐξ
3084 3292 3251 3363 αὑτοῦ
3303 3310 3458 3380 ἆγιον
3489 3313 3662 3382 Λόγον

2089 3393 2182 3446 καὶ
2209 3394 2360 3462 Θεὸν,
2395 3394 2509 3448 ἀλλ’
2537 3398 2593 3448 ὲν
2623 3400 2689 3467 τῇ
2725 3399 3057 3472 ὑπερϐολικῇ
3081 3403 3176 3454 καὶ
3202 3402 3471 3474 ἀφράστφ
3494 3403 3662 3459 αὑτοῦ

2091 3499 2161 3551 φυ
2172 3499 2270 3536 σει.

414 3578 1022 3650 exsequimurzalioqui
1048 3577 1152 3631 nisi
1180 3578 1468 3632 consilium
1495 3577 1826 3647 ceperimus,
1896 3572 2136 3628 nondum
2181 3575 2388 3629 exstitit
2433 3575 2487 3630 id
2557 3577 2702 3647 quod
2764 3582 3006 3635 nondum
3053 3581 3162 3653 56
3197 3599 3228 3638 a
3273 3587 3430 3642 nobis
3471 3594 3556 3642 est
3585 3590 3665 3642 fa-

416 3680 586 3726 ctum.
629 3670 784 3742 Apud
815 3668 1318 3724 Deumecontrario
1354 3669 1593 3738 perfecta
1651 3668 1833 3723 omnia
1897 3667 2167 3736 planaque
2214 3675 2367 3734 Sunt,
2421 3671 2712 3740 omniaque
2763 3673 2816 3726 in
2856 3673 2976 3742 ipso
3022 3677 3308 3747 completa.
3348 3680 3426 3734 Ac
3491 3696 3666 3751 neque

417 3765 639 3818 minime
707 3764 894 3818 volens
953 3778 1129 3834 neque
1191 3763 1377 3819 volens
1442 3770 1693 3818 sanctum
1749 3759 1986 3840 Verbum
2028 3756 2302 3830 Deumque
2338 3763 2482 3832 quod
2531 3764 2600 3816 ab
2660 3776 2862 3820 aeterno
2906 3775 2991 3823 est
3042 3776 3098 3823 et
3161 3785 3193 3824 a
3231 3786 3290 3826 se
3350 3773 3472 3842 ipso
3513 3775 3665 3843 geni-

415 3873 554 3926 tum,
591 3860 868 3930 produxit,
916 3860 1010 3914 sed
1045 3859 1332 3914 excellenti
1367 3857 1601 3928 quadam
1630 3866 1685 3912 et
1715 3835 2086 3926 inexplicabili
2116 3862 2327 3910 natura:
2349 3857 2663 3914 conditione
2691 3874 2755 3914 ac
2784 3863 3117 3930 praestantia.

485 3949 617 4004 Llll.
661 3949 773 4019 Ego
813 3965 944 4004 vero
976 3949 1316 4004 vehementer
1353 3949 1486 4004 illud
1525 3949 1783 4004 admirari
1813 3948 1985 4010 soleo,

419 4058 453 4096 ο
478 4041 600 4096 fidei
629 4051 682 4096 et
721 4040 978 4096 Ecclesia:
1009 4040 1102 4094 lilii
1121 4081 1137 4107 ,
1177 4040 1308 4096 dum
1335 4041 1467 4096 illud
1490 4041 1633 4111 apud
1659 4055 1746 4096 me
1769 4042 1948 4113 cogito
1967 4083 1982 4106 ,

411 4148 576 4204 quam
627 4142 830 4188 temere
874 4147 938 4187 ea
982 4147 1103 4202 qua:
1145 4145 1268 4187 vera
1329 4132 1656 4203 propriaque
1715 4141 1878 4198 sunt,
1927 4134 1985 4190 in

487 4295 500 4322 ¹
545 4291 705 4347 Deest
735 4289 859 4344 οὔτε
895 4289 1081 4341 θέλων.

2162 3947 2283 4000 NI".
2327 3948 2524 4020 Θαῦμά
2563 3969 2653 4021 μοι
2707 3951 2959 4022 μέγιστον
2996 3955 3285 4026 ἐπέρχεται
3307 3997 3321 4020 ,
3350 3949 3395 4010 ὦ
3423 3959 3530 4012 υἱοὶ
3566 3960 3663 4032 τῆς

2094 4040 2328 4103 πίστεως
2355 4041 2448 4094 καὶ
2473 4040 2815 4113 Ἐκκλησίας,
2842 4043 2958 4106 πῶς
2993 4044 3059 4097 τὰ
3086 4044 3315 4116 ἀληθινὰ
3336 4045 3664 4118 ὲξέστρεψαν

2090 4137 2140 4188 οἱ
2171 4133 2461 4201 φιλόνεικοι
2505 4133 2584 4195 εἰς
2618 4131 2889 4203 ἀλλότρια,
2939 4134 3034 4186 καὶ
3086 4139 3159 4188 τά
3201 4138 3478 4208 τροπικῶς
3521 4141 3665 4212 εἰρη-

414 4407 866 4496 595€1_P?5:_??§
882 4406 1739 4496 ξίῖῗθῗἮΕῗὶ91δὲ932Ψέ
1775 4412 1984 4496 9ἮὶΨὲ
2017 4415 2061 4468 D
2091 4406 2787 4496 T95392931339-???”“333‘.
2801 4405 3066 4496 είθὲῖίὶίέίοε
3097 4409 3164 4464 ad
3199 4411 3395 4468 ί¹¹⁰ίι³⁸
3433 4413 3659 4496 τὲδθέόο·

413 4489 594 4531 tamen
635 4477 773 4532 inter
804 4477 938 4531 istos
976 4477 1232 4545 opinione
1262 4485 1450 4530 nostra
1489 4485 1746 4545 praestare
1772 4477 1984 4531 videtur

412 4546 812 4607 Nazianzenus.
838 4545 930 4614 Qui
953 4560 1016 4600 ea
1042 4545 1094 4598 in
1125 4546 1391 4610 oratione,
1418 4561 1579 4614 quam
1617 4545 1979 4611 laudavimus,

414 4619 655 4685 ineptum
685 4615 819 4670 illud
858 4613 1098 4685 σόφισμα
1129 4615 1377 4685 pluribus
1414 4613 1718 4668 submovet.
1772 4613 1982 4685 Princi-

413 4683 832 4767 ρξοένστάσεις,
869 4683 1157 4767 instantias
1175 4685 1514 4767 adversariis
1545 4683 1912 4767 opponendo,
1928 4692 1981 4738 et

412 4752 543 4809 illud
590 4757 911 4824 praesertim,
937 4754 1141 4824 quodra
1175 4753 1232 4808 S.
1264 4752 1592 4824 Augustino
1616 4752 1867 4806 laudatur
1901 4753 1982 4806 in-

411 4822 792 4902 dicato—nuper
820 4824 874 4877 in
907 4824 1025 4902 loco
1055 4823 1175 4902 libri
1202 4839 1268 4876 xv
1291 4822 1374 4902 __D_e
1390 4823 1695 4902 Irinitate;
1728 4837 1758 4875 e
1793 4838 1849 4876 re
1881 4838 1980 4877 sua

412 4891 782 4964 repetitur'in
812 4893 1007 4964 “capite
1063 4893 1236 4964 primo
1291 4891 1417 4964 libri
1463 4891 1663 4944 Contra
1718 4907 1977 4964 sermones

411 4960 756 5019 Arianorum.
798 4960 1076 5017 Celebrcm
1128 4960 1263 5015 adeo
1301 4960 1478 5014 locum
1526 4969 1830 5029 opportune
1881 4963 1976 5015 de-

411 5035 603 5089 scribit
637 5033 892 5087 Petavius
921 5048 1018 5086 sua
1051 5031 1104 5083 in
1133 5030 1604 5099 animadversione
1636 5031 1701 5083 ad
1737 5038 1977 5099 praesen-

409 5112 516 5157 tem
555 5105 612 5157 S.
639 5101 927 5172 Epiphanii
956 5103 1155 5172 locum.
1181 5099 1372 5172 Aiebat
1404 5099 1547 5172 enim
1578 5098 1973 5172 Nazianzenus,

409 5181 464 5227 et
489 5182 608 5242 post
637 5168 1038 5242 Nazianzenum
1067 5169 1402 5242 A_ug_ustinus
1423 5208 1437 5227 .
1469 5168 1597 5242 dum
1627 5178 1852 5242 uterque
1883 5171 1978 5224 ad-

409 5237 684 5297 versarios
732 5241 995 5310 urgebant
1028 5256 1041 5310 ξ
1080 5237 1188 5310 Sed
1233 5247 1289 5290 ut
1329 5239 1562 5310 nouerint
1590 5237 1975 5310 quaminania

409 5313 709 5381 loquantur,
745 5307 904 5364 etiam
940 5308 1048 5381 ipsi
1071 5307 1428 5381 interrogandi
1453 5307 1800 5381 sunt,’utr_um
1833 5308 1973 5381 Deus

411 5374 574 5436 Pater
603 5382 797 5441 volens.
846 5396 914 5431 an
959 5374 1137 5430 nolens
1181 5374 1455 5430 sit'Deus.
1489 5376 1609 5430 Non
1637 5379 1776 5431 enim
1809 5379 1974 5432 aude-

409 5454 537 5506 bunt
573 5451 776 5511 dicere,
814 5448 950 5501 nolle
979 5463 1034 5499 se
1072 5462 1182 5499 esse
1226 5445 1413 5501 Deum.
1447 5445 1506 5500 Si
1538 5463 1660 5513 ergo
1692 5449 1974 5514 responde-

407 5525 545 5586 rint,
588 5519 726 5589 quod
775 5518 950 5572 volens
984 5517 1049 5568 sit
1086 5515 1251 5589 Deus,
1287 5533 1347 5571 eo
1379 5517 1530 5570 modo
1558 5517 1664 5589 illis
1699 5518 1972 5586 inferenda

407 5602 485 5646 est
514 5585 717 5646 uanitas
764 5603 883 5650 sua,
931 5585 1168 5656 quadici
1210 5595 1377 5655 potest
1407 5589 1556 5654 prior
1588 5586 1683 5656 illo
1725 5585 1837 5656 esse
1885 5603 1973 5639 vo-

408 5662 586 5716 luntas
615 5661 767 5732 ejus;
805 5673 905 5729 quo
930 5654 1056 5727 quid
1087 5657 1283 5710 dicitur
1313 5657 1576 5710 stultius!
1607 5654 1766 5710 llisce
1801 5655 1970 5710 inter-

2089 4475 2179 4530 rat
2235 4475 2616 4538 adversarios,
2674 4476 2974 4530 orationem
3028 4493 3180 4532 suam
3230 4485 3498 4536 convertit
3555 4475 3662 4539 Na-

2083 4547 2378 4617 zianzenus
2429 4544 2502 4617 ad
2537 4545 2655 4599 illas
2678 4546 2964 4617 rationes,
2996 4549 3196 4617 quibus
3227 4552 3432 4608 directe
3469 4569 3657 4609 eorum

2081 4615 2293 4684 impetit
2329 4614 2620 4686 insaniam.
2678 4613 2851 4686 Etiam
2888 4617 2969 4686 sig
2987 4613 3332 4686 permittatur
3381 4624 3658 4680 voluntate

2080 4683 2320 4754 genitum
2354 4699 2475 4737 esse
2515 4700 2544 4736 a
2578 4684 2684 4739 Deo
2715 4683 2873 4740 Patre
2935 4683 3152 4751 Filium,
3189 4706 3295 4743 non
3348 4700 3526 4747 tamen
3568 4709 3660 4748 se--

2080 4755 2266 4823 quitur
2299 4755 2632 4829 voluntatem
2669 4755 2813 4829 illam
2851 4757 3020 4829 fuisse
3051 4759 3237 4828 aliquo
3267 4770 3535 4829 tempore,
3571 4765 3657 4818 vel

2083 4832 2400 4888 momento,
2435 4826 2515 4878 vel
2574 4825 2799 4879 instanti
2852 4827 3112 4894 p'iorem.
3146 4825 3232 4882 ’At
3279 4825 3442 4885 Verbi
3482 4834 3654 4888 divini

2079 4895 2358 4966 generatio
2421 4894 2830 4957 inscrutabilis,
2894 4897 3185 4954 ineli‘abilis
3243 4908 3361 4966 est;
3438 4917 3656 4956 onmem

2077 4963 2247 5040 vincit
2288 4963 2536 5017 humanae
2561 4967 2774 5040 mentis
2818 4965 2924 5018 vim
2958 4981 2969 5015 :
3010 4966 3190 5040 ipsum
3237 4963 3400 5022 etiam
3435 4981 3656 5040 superat

2077 5035 2436 5108 angelorum,
2489 5035 2914 5108 sublimiumque
2970 5036 3234 5108 virtutum
3293 5035 3516 5108 captum
3591 5055 3657 5094 ac

2073 5105 2327 5182 eximiam
2383 5103 2508 5157 licet
2561 5103 2893 5173 intelligendi
2954 5107 3085 5176 vim.
3136 5105 3318 5175 Ipsum
3361 5103 3492 5165 'vide
3547 5109 3656 5164 Na-

2074 5187 2415 5226 zranzenum.

2152 5242 2263 5313 (55)
2283 5239 2601 5314 'Tnepb’oxﬁ
2627 5242 2883 5314 ggiaewc.
2902 5240 2951 5294 Ν
2959 5253 3126 5299 atura:
3146 5247 3460 5314 prwstantia
3483 5247 3652 5302 Deum

2072 5308 2288 5388 Patrem
2336 5312 2592 5378 genuisse
2635 5308 2833 5388 Filium
2868 5308 3173 5388 dicendum
3226 5324 3315 5388 est
3353 5333 3477 5370 cum
3523 5318 3653 5388 Epi-

2072 5379 2304 5460 phanio,
2349 5383 2798 5460 {fluctuﬁsequitur
2851 5385 3252 5460 Alexandrinus
3280 5387 3519 5460 Cyrinus
3559 5379 3653 5460 su-

2072 5450 2652 5524 periorihadnotatione
2679 5465 3042 5524 memoratus.
3075 5450 3342 5524 Sequitur"
3381 5465 3434 5511 et
3465 5455 3523 5509 S.
3553 5455 3652 5510 Jo—

2071 5533 2246 5595 annes
2276 5517 2646 5595 Datttas«:et_ttts
2678 5522 2816 5578 libro
2847 5526 3024 5595 primo
3053 5525 3129 5578 De
3165 5517 3212 5578 Γ
3217 5527 3301 5582 ide
3328 5527 3648 5593 orthodoxa,

2071 5601 2193 5657 cap.
2217 5588 2281 5655 8;
2314 5601 2454 5657 quos
2485 5590 2627 5644 vide.
