4012 6210
375 337 476 392 Mil

1774 329 2210 387 ANCORATUS.

3507 333 3606 393 no

375 451 512 525 μένα
535 454 614 516 εις
636 452 703 506 τά
731 453 960 524 ἀληθινὰ
985 452 1319 524 λαμϐάνουσι
1347 450 1724 520 σφαλλόμενοι.
1743 450 1816 502 Τὸ
1844 450 1941 520 μὲν

2060 449 2221 503 iliena
2245 490 2257 512 ,
2297 457 2347 502 et
2381 464 2498 518 qua:
2545 464 2638 518 per
2669 457 2888 518 tropum
2927 461 2978 506 et
3013 449 3321 519 allegoriam
3351 459 3610 520 usurpata

370 543 479 615 γὰρ
506 546 890 615 γεγεννῆσθαι,
923 547 1058 614 ὅπερ
1094 546 1240 597 ἐστὶν
1271 543 1418 613 αὐτῷ
1451 543 1589 597 κατά
1627 542 1807 612 φύσιν,
1838 545 1938 613 ἀρ-

380 634 606 697 νοῦνται,
653 636 901 704 λέγοντες
931 639 1028 706 οὐχ
1061 636 1171 706 (56)
1215 635 1288 698 ὡς
1333 635 1390 688 ἓν
1431 653 1484 687 τι
1529 633 1636 687 τῶν
1667 635 1939 704 γεννημά·

379 741 496 778 των.
514 725 586 777 Τὸ
613 727 668 778 δὲ
695 727 964 794 ἐκτίσθη,
996 729 1134 798 ὅπερ
1165 727 1310 778 ἐστὶν
1344 726 1621 796 ἀλλότριον
1651 728 1751 796 τῆς
1775 725 1939 779 αὐτοῦ

374 814 642 886 θεότητος,
677 818 792 886 εἴγε
824 819 918 871 καὶ
948 819 1005 871 ἐν
1037 817 1333 888 ἀλληγορία
1356 817 1484 870 ποτὲ
1512 819 1745 888 εἴρηται,
1769 820 1944 870 ἐκεῖνο

371 905 622 976 ἀληθινὸν
645 907 884 976 λέγουσι.
925 908 998 960 Τὸ
1028 910 1085 961 δὲ
1110 907 1362 978 ἀληθινὸν
1393 908 1743 976 ἀφανίζουσιν
1777 910 1834 960 ὲν
1867 907 1944 977 τῷ

374 998 546 1048 εἰπεῖν
587 997 840 1050 Ἡσαΐαν·
877 994 1056 1051 Εἶδον
1100 997 1207 1050 τὸν
1247 999 1468 1066 Κύριον
1495 999 1768 1052 σαϐιιὼθ’
1828 999 1942 1064 καὶ,

378 1081 568 1156 Ὠφθη
617 1090 832 1156 Κύριος
873 1088 953 1153 τῷ
1001 1087 1254 1155 Μωϋσῇ·
1307 1089 1434 1152 καὶ,
1495 1091 1680 1158 Ὠφθη
1729 1090 1946 1157 Κύριος

387 1179 662 1248 Ἇὸραάμ·
711 1180 840 1246 καὶ,
895 1176 1069 1232 Οἶδεν
1107 1179 1320 1247 ὅρασιν
1369 1180 1592 1247 Δανιὴλ
1637 1181 1942 1235 παλαιῶνί

374 1268 627 1336 ἡμερῶν,
671 1267 770 1320 καὶ
808 1268 877 1320 τὰ
917 1267 1139 1320 τοιαῦτα
1165 1285 1178 1297 ·
1226 1270 1319 1322 καὶ
1359 1267 1512 1340 ὤφθη
1550 1269 1750 1340 Κύριος
1792 1270 1950 1335 Ἰεζε-

375 1359 520 1428 κιὴλ,
565 1358 657 1410 καὶ
684 1354 839 1411 εἶπεν
859 1375 871 1388 ’
907 1354 1090 1412 Εἶδον
1120 1355 1276 1425 εἶδος
1308 1362 1475 1415 Θεοῦ.
1506 1364 1642 1414 Φασὶ
1671 1363 1843 1417 ταῦτα
1872 1365 1946 1435 μὴ

377 1444 534 1513 εἶναι,
562 1447 637 1511 ὼς
656 1447 765 1500 τῶν
796 1449 1086 1520 προφητῶν
1116 1444 1574 1518 καταψεύδεσθαι,
1605 1452 1818 1522 (μηδὲν)
1841 1453 1948 1506 ἀπὸ

375 1538 466 1591 τοῦ
498 1538 661 1609 ῥητοῦ
696 1539 787 1590 τοῦ
820 1536 1175 1606 Εὑαγγελίου,
1229 1533 1289 1592 οὗ
1323 1537 1473 1592 εἶπεν
1513 1543 1540 1593 ὁ
1586 1542 1773 1612 Σωτὴρ
1802 1542 1947 1594 διδά-

381 1640 543 1691 σκων,
585 1629 666 1680 ὅτι
701 1629 847 1700 Θεὸν
875 1628 1073 1693 οὐδεὶς
1118 1628 1352 1683 πώποτε
1393 1629 1631 1698 ἑώρακε.
1667 1632 1947 1703 Προφῆται

377 1717 436 1782 δὲ
483 1717 728 1785 λέγουσιν
789 1720 1119 1786 ἑωρακέναι·
1172 1721 1384 1790 ἀνάγκη
1433 1721 1721 1789 ψεύδεσθαι
1771 1723 1802 1793 ἢ
1855 1725 1948 1776 τὸν

2047 548 2194 604 sunt,
2234 539 2286 594 in
2321 541 2537 611 propria
2581 558 2674 611 per
2709 557 2981 597 summum
3021 557 3261 598 errorem
3305 543 3610 610 pertinaces

2047 633 2284 686 haeretici
2313 641 2647 688 couunutarc
2677 635 2907 689 soleant.
2951 634 3161 689 Etenim
3193 635 3334 704 quod
3369 635 3611 704 genitum

2049 735 2170 778 esse
2206 721 2445 779 Verbum
2487 725 2707 789 dicitur,
2749 729 3001 798 quodque
3032 728 3246 798 preprie
3274 728 3400 781 huic
3426 737 3480 781 et
3523 741 3616 781 na-

2051 822 2173 878 tura
2202 817 2476 883 convenit,
2504 816 2556 869 id
2589 818 2767 886 ipsum
2798 829 3016 889 negant,
3042 835 3104 872 ac
3137 820 3461 888 productum
3493 833 3617 874 esse

2050 904 2274 968 dicunt,
2332 916 2588 973 tanquam
2637 920 2826 960 eorum
2871 923 2990 976 quae
3035 909 3369 978 gignuntur,
3411 923 3614 974 unum;

2052 995 2372 1065 procreandi
2403 1012 2531 1050 vero
2559 997 2881 1050 vocabulum
2908 999 3050 1066 quod
3074 1015 3102 1050 a
3128 998 3415 1052 divinitate
3447 998 3620 1067 ipsius

2052 1086 2290 1140 alienum
2329 1093 2431 1151 est,
2465 1086 2511 1139 si
2545 1087 2742 1140 alicubi
2783 1085 3016 1140 fortasse
3054 1102 3150 1156 per
3195 1087 3505 1156 allegoriam
3538 1088 3620 1139 di-

2053 1185 2198 1229 ctum
2226 1184 2331 1238 cst,
2365 1176 2580 1245 proprie
2611 1191 2846 1244 vereque
2875 1175 3246 1244 accipiendum
3277 1176 3618 1230 existimant.

2053 1265 2206 1330 Quod
2225 1275 2402 1320 autem
2427 1282 2610 1321 verum
2638 1275 2741 1330 est,
2771 1266 2824 1318 id
2852 1266 3170 1321 subtrahere
3201 1273 3488 1328 conantur,
3513 1256 3624 1319 vel-

2056 1355 2135 1410 uti
2161 1354 2307 1424 quod
2333 1355 2503 1410 Isaias
2545 1356 2680 1410 dixit
2708 1375 2721 1409 :
2757 1355 2876 1409 Vidi
2907 1355 3189 1409 Dominum
3213 1356 3536 1410 exercituum
3564 1357 3621 1417 ἐ

2056 1445 2181 1498 item
2213 1463 2224 1496 :
2261 1446 2523 1514 Apparuit
2565 1445 2822 1499 Dominus
2866 1445 3040 1515 Moysi
3065 1447 3118 1513 ³;
3165 1457 3278 1500 tum
3317 1465 3330 1500 :
3365 1447 3625 1514 Apparuit

2054 1532 2312 1586 Dominus
2357 1533 2733 1600 Abrahamo“;
2770 1543 2859 1599 et,
2919 1535 3060 1588 Vidit
3105 1536 3294 1590 Daniel
3329 1548 3418 1603 per
3456 1538 3626 1591 visum

2053 1625 2338 1695 Antiquam
2377 1626 2581 1679 dierum
2618 1626 2658 1679 ⁸.
2699 1628 2964 1697 Apparuit
3011 1627 3273 1683 Dominus
3314 1628 3622 1690 Ezechieli,

2054 1723 2107 1769 et
2134 1715 2304 1769 dixit:
2346 1715 2465 1769 Vidi
2488 1719 2711 1786 speciem
2735 1718 2831 1772 Dei
2855 1721 2895 1774 °.
2935 1719 3060 1774 llaec
3082 1720 3262 1772 omnia
3297 1736 3468 1791 usque
3489 1720 3626 1775 adeo

376 1809 689 1878 Μονογενῆ,
733 1809 765 1880 ἢ
816 1811 939 1873 τοὺς
978 1813 1283 1880 προφήτας.
1332 1813 1444 1864 Καὶ
1485 1813 1626 1866 κατά
1659 1814 1747 1866 τὸν
1790 1815 1946 1882 λόγον

2060 1817 2288 1876 negant,
2329 1815 2390 1861 ut
2430 1811 2724 1879 prophetas
2761 1811 3028 1864 mendacii
3063 1819 3389 1880 coarguant,
3432 1813 3497 1865 ad
3548 1812 3630 1866 id-

377 1898 484 1949 τῶν
515 1899 657 1950 οὕτω
687 1898 949 1966 λεγόντων
979 1903 1071 1953 καλ⁴
1100 1901 1209 1954 τῶν
1256 1903 1569 1972 Μανιχαίων
1599 1903 1752 1957 ἔσται
1789 1905 1854 1957 τὰ
1893 1906 1950 1957 ὲν

379 1989 683 2059 προφήταις
712 1989 903 2060 ψευδῆ.
958 1991 1022 2043 Ei
1061 1986 1117 2043 δὲ
1159 1992 1217 2043 οὑ
1250 1991 1533 2060 ψεύδονται
1575 1995 1625 2046 oi
1654 1995 1949 2065 προφῆται,

379 2078 494 2130 ἀλλ’
543 2078 864 2148 ἀληθεύουσι
921 2080 1063 2133 κατὰ
1109 2081 1198 2132 τὸν
1246 2082 1494 2152 Σωτῆρος
1537 2081 1724 2150 λόγον,
1779 2083 1858 2135 ὅτι
1900 2084 1952 2135 Ὀ

378 2169 586 2222 λαλῶν
611 2171 679 2222 ἐν
711 2171 1042 2239 προφήταις
1065 2210 1078 2233 ,
1111 2169 1239 2224 ἰδοὺ
1264 2173 1502 2241 πάρειμι
1521 2189 1534 2202 ’
1564 2173 1797 2242 νοήσεώς
1837 2175 1952 2226 ἐστι

379 2262 438 2313 τὸ
485 2262 735 2331 πρᾶγμα,
779 2262 872 2314 καὶ
903 2261 1232 2331 ἀλληγορίας
1273 2262 1451 2334 χρεία.
1512 2265 1621 2316 Kal.
1663 2264 1770 2334 γάρ
1813 2264 1954 2317 οὕτω

383 2351 641 2413 πολλάκις
712 2350 870 2404 τοῦτο
927 2351 1264 2422 πληροῦται·
1327 2351 1540 2422 ὁρῶμεν
1593 2353 1693 2423 τὴν
1757 2353 1956 2406 θάλασ·

387 2457 485 2491 σαν
519 2435 628 2510 (57)
655 2440 719 2492 ὲκ
750 2440 948 2510 μέρους
981 2441 1124 2502 τινὸς
1151 2439 1308 2510 ὅρους
1338 2440 1372 2509 ἢ
1403 2440 1666 2504 πεδιάδος,
1695 2442 1789 2493 καὶ
1820 2441 1953 2512 ἀλη-

385 2522 613 2601 θεύομεν
649 2532 706 2583 ὲν
747 2531 824 2601 τῷ
853 2531 1151 2602 ἑωρακέναι
1173 2548 1185 2562 ·
1232 2532 1335 2585 κᾶν
1361 2533 1416 2584 δέ
1451 2549 1533 2595 τις
1567 2534 1706 2585 εἴποι
1739 2533 1820 2585 ὅτι
1857 2533 1956 2602 οὐχ

392 2623 668 2692 ἑώρακεν,
697 2623 755 2675 οὐ
788 2622 1076 2692 ψεύδεται,
1105 2621 1217 2675 ἀλλ’
1253 2621 1531 2693 ἀληθεύει’
1577 2623 1676 2676 οὐκ
1708 2618 1816 2674 οἶδε
1849 2622 1956 2693 γὰρ

387 2714 489 2766 ποῦ
537 2715 597 2766 τὸ
647 2713 847 2784 βάθος,
896 2713 998 2766 ποῦ
1037 2713 1148 2783 (58)
1205 2712 1266 2766 τὸ
1325 2713 1517 2783 μῆκος,
1567 2715 1667 2766 οὐκ
1712 2709 1818 2766 οἶδε
1867 2714 1956 2767 τὸν

385 2805 568 2874 ὄγκον,
587 2805 685 2857 οὐκ
719 2801 826 2857 οἶδε
847 2805 906 2858 τὸ
931 2798 1111 2868 κῦτος.
1145 2804 1254 2857 Καὶ
1279 2803 1384 2857 ἀπὸ
1406 2805 1545 2874 ὀπῆς
1571 2821 1715 2868 τινος
1741 2804 1956 2875 ὁρῶμεν

388 2896 671 2968 ἄνθρωπον
691 2896 822 2964 (59),
840 2896 936 2967 τὴν
958 2897 1016 2949 δὲ
1037 2895 1327 2949 ὲπὲκτασιν
1346 2896 1444 2949 οὐκ
1465 2895 1800 2966 ἐπιστάμεθα
1817 2912 1831 2926 °
1854 2895 1958 2948 κᾶν

392 2988 534 3041 εἴποι
569 3005 685 3053 τις,
719 2981 893 3050 Εἶδον,
921 2983 1055 3038 εἶδεν
1078 3003 1094 3017 ·
1127 2985 1228 3039 κᾶν
1263 2985 1420 3048 ἄλλος
1449 2986 1574 3055 εἴπῃ
1595 3025 1608 3047 ,
1654 2987 1764 3038 Οὐκ
1797 2981 1956 3050 εἶδον,

388 3078 488 3131 οὐκ
533 3073 706 3131 εἶδενο
741 3077 954 3146 εἴδομεν
987 3075 1096 3146 γὰρ
1134 3075 1348 3147 ἀληθῶς
1385 3067 1460 3136 ὡς
1508 3067 1812 3146 χωρθῦμεν,
1858 3076 1958 3128 οὐκ

2053 1912 2158 1965 que
2205 1896 2480 1967 Evangelii
2528 1901 2844 1954 testimonio
2892 1901 3168 1964 nituntur,
3217 1917 3326 1970 quo
3378 1901 3630 1956 Salvator

2052 1989 2170 2058 ipse
2210 1989 2346 2042 dixit
2382 1990 2626 2046 docens:
2656 1991 2818 2045 Deum
2851 2009 2998 2045 uerno
3035 1993 3162 2046 vidit
3202 2009 3432 2061 unquam
3457 1993 3498 2044 '.
3531 1991 3630 2044 At-

2054 2079 2144 2148 qui
2177 2080 2450 2148 prophetaa
2481 2081 2686 2136 vidisse
2715 2098 2774 2136 se
2801 2090 3048 2137 narrant.
3079 2081 3315 2137 Necesse
3344 2093 3426 2137 est
3459 2083 3627 2151 igitur

2055 2179 2147 2226 aut
2176 2173 2398 2224 unicum
2432 2171 2527 2226 Dei
2571 2171 2790 2238 Filium,
2820 2184 2914 2227 aut
2947 2175 3240 2242 prophetas
3284 2189 3408 2227 esse
3423 2172 3625 2250 menti-

2056 2271 2162 2317 tos.
2190 2261 2550 2328 Quamobrem
2575 2279 2640 2318 ex
2690 2264 2921 2318 istorum
2953 2262 3482 2331 Manichaeorumque
3508 2276 3628 2315 sen-

2055 2353 2248 2416 tentia,
2285 2352 2419 2406 falsa
2457 2360 2620 2406 erunt
2661 2353 2840 2406 omnia
2877 2369 2996 2421 qua}
3029 2368 3058 2406 a
3105 2352 3382 2421 prephetis
3433 2352 3632 2407 dicun-

2055 2450 2164 2495 tur.
2195 2440 2401 2506 Quodsi
2447 2441 2722 2510 propheta:
2747 2442 2970 2496 minime
2996 2442 3352 2502 mentiuntur,
3382 2441 3477 2496 sed
3502 2457 3630 2496 vera

2059 2531 2358 2601 praedicant
2391 2550 2404 2585 :
2438 2532 2490 2587 id
2533 2533 2677 2601 quod
2723 2531 2971 2587 Salvator
3013 2533 3127 2602 ipse
3169 2548 3268 2587 sua
3303 2537 3632 2589 auctoritate

2059 2624 2406 2693 comprobat,
2451 2624 2639 2678 dicens
2667 2642 2679 2677 :
2708 2623 2819 2693 Ego
2851 2625 2941 2694 qui
2969 2625 3152 2694 loquor
3192 2642 3280 2693 per
3317 2627 3628 2694 prophetas,

2059 2733 2171 2770 ecce
2212 2719 2357 2770 venio
2386 2716 2407 2747 ⁸
2431 2757 2446 2779 ,
2473 2715 2754 2770 recondito
2792 2716 3028 2786 quodam
3079 2733 3242 2772 sensu
3289 2727 3342 2772 et
3372 2719 3630 2787 allegoria

2059 2807 2313 2862 videlicet
2340 2823 2478 2876 opus
2514 2808 2635 2861 erit.
2666 2805 2946 2876 Ejusmodi
2977 2823 3109 2861 sane
3131 2807 3387 2877 quiddam
3421 2825 3520 2864 usu
3549 2823 3636 2864 vso

2060 2897 2180 2952 nire
2213 2898 2456 2967 quotidie
2484 2898 2778 2952 cernimus.
2822 2897 3064 2967 Exempli
3097 2913 3284 2964 causa,
3322 2915 3444 2953 cum
3481 2914 3632 2954 mare

2062 3004 2128 3044 ex
2162 2988 2396 3057 alicujus
2424 2976 2642 3042 montis:
2669 2989 2944 3057 crepidine
2974 2989 3054 3042 vel
3089 2989 3314 3057 planitie
3361 2990 3634 3059 prospici-

2065 3096 2209 3143 mus,
2248 3091 2358 3134 tam
2385 3095 2485 3136 nos
2511 3096 2638 3134 vera
2668 3081 2900 3136 dicimus
2927 3081 3054 3135 dum
3089 3082 3293 3158 vidisse
3322 3096 3635 3145 narramus.

390 3169 601 3240 εἴδομεν
643 3168 778 3223 καθό
810 3172 976 3222 ἐστιν.
1023 3160 1178 3221 Οὕτω
1221 3168 1316 3221 καὶ
1356 3169 1404 3220 οἱ
1457 3169 1728 3240 προφῆται
1772 3165 1846 3230 ὡς
1896 3169 1956 3220 δι¹

2068 3187 2230 3242 quam
2258 3171 2351 3242 qui
2393 3187 2499 3226 non
2532 3172 2734 3228 vidisse
2779 3189 2837 3227 se
2871 3172 3143 3226 fateatur:
3175 3172 3263 3226 hic
3300 3173 3444 3227 enim
3489 3173 3639 3227 nullo

389 3261 530 3330 ὀπῆς
562 3260 654 3313 τοῦ
699 3258 974 3313 στενωποῦ
1022 3259 1116 3311 τοῦ
1157 3258 1286 3312 ἰδίου
1327 3257 1576 3330 σώματος
1622 3257 1961 3330 κατηξιώθη-

391 3371 490 3409 σαν
523 3354 667 3416 ἰδεῖν,
696 3354 789 3406 καὶ
816 3347 1071 3424 ἀλήθειαν
1099 3346 1259 3418 εἶδον,
1283 3353 1381 3422 οὐχ
1405 3352 1486 3416 ὡς.
1505 3351 1617 3422 ἔχει
1641 3350 1702 3405 τὸ
1733 3353 1960 3422 ἄπειρον

390 3443 489 3513 τῆς
546 3441 809 3513 θεωρίαςο
863 3442 958 3495 καὶ
1006 3436 1148 3494 οὕτω
1199 3440 1583 3511 πεπλήρωνται
1642 3440 1960 3510 συνᾴδουσαι

393 3529 529 3605 πρῦς
557 3532 794 3603 ἀλλήλας
835 3533 891 3584 αἱ
921 3529 1061 3585 θεῖαι
1099 3529 1311 3614 Γραφαὶ
1343 3531 1402 3582 τό
1431 3549 1487 3584 τε
1520 3532 1644 3594 τοὺς
1673 3531 1959 3600 προφήτας

392 3624 568 3691 λέγειν
596 3622 929 3693 ἑωρακέναι,
962 3618 1098 3675 εἶδον
1127 3621 1237 3692 γὰρ
1280 3621 1338 3674 ὲν
1365 3621 1619 3692 ἀληθείᾳ·
1655 3622 1749 3674 καὶ
1776 3619 1837 3673 τὸ
1868 3620 1958 3672 τὸν

393 3707 620 3786 Σωτῆρα
667 3713 881 3782 λέγειν,
933 3711 1081 3766 Θεὸν
1134 3711 1332 3776 οὐδεὶς
1383 3709 1618 3764 πώποτε
1673 3709 1953 3776 ἑώρακεν,

2069 3261 2230 3315 modo
2261 3262 2538 3328 mentitur,
2574 3262 2842 3330 siquidem
2880 3277 3056 3330 neque
3095 3260 3423 3331 profundum
3461 3262 3637 3328 illius,

2067 3367 2243 3420 neque
2287 3352 2699 3422 longitudinem,
2742 3369 2919 3422 neque
2959 3353 3178 3417 molem,
3223 3369 3288 3408 ac
3330 3355 3640 3410 vastitatem

2068 3440 2370 3510 prospexit.
2424 3439 2514 3494 Sic
2561 3439 2878 3512 plerumque
2923 3457 3020 3511 per
3064 3453 3350 3512 angustum
3395 3445 3642 3500 foramen

2069 3532 2340 3588 hominem
2367 3531 2687 3601 aspicimus,
2711 3533 2870 3602 cujus
2899 3537 3269 3591 extensiouem
3293 3537 3635 3606 ignoramus.

2065 3614 2268 3687 Quodsi
2316 3622 2438 3690 quis
2486 3623 2687 3679 vidisse
2739 3639 2798 3680 se
2855 3624 3015 3689 dicat,
3091 3627 3277 3696 utique
3325 3628 3490 3695 vidit;
3556 3630 3641 3684 sin

2065 3712 2204 3765 alius
2237 3711 2438 3768 vidisse
2471 3724 2649 3784 neget,
2682 3730 2792 3769 non
2823 3715 2978 3769 vidit.
3009 3716 3219 3786 Quippe
3251 3725 3516 3787 quantum
3548 3734 3638 3774 ca-

469 3869 486 3900 ²
511 3868 687 3923 Scrib.
722 3864 988 3939 παλαιόν.Δ
1041 3867 1062 3896 ¹
1102 3866 1202 3920 lsa.
1234 3877 1310 3932 Vl,
1337 3865 1386 3918 5.
1466 3864 1487 3895 ⁸
1525 3861 1696 3917 Exod.
1731 3878 1810 3926 ιιι,
1841 3863 1896 3915 2.

2060 3863 2156 3918 ὶοη.
2193 3879 2288 3928 xu,
2330 3860 2381 3919 7.
2457 3867 2480 3899 ⁵
2515 3865 2651 3921 Dan.
2691 3879 2786 3934 vn,
2807 3869 2859 3924 9.
2939 3870 2960 3902 ⁸
2995 3866 3191 3925 Ezech.
3232 3883 3271 3939 ι,
3301 3872 3356 3926 4.
3429 3873 3451 3905 τ
3481 3869 3642 3929 Joan.

397 3955 440 4006 ι,
479 3939 562 3992 i8.
635 3941 657 3969 ⁸
697 3939 800 3992 lsa.
836 3953 928 3989 LII.
959 3935 1011 3990 6.

471 4054 582 4123 (56)
623 4050 800 4106 Locus
828 4050 1077 4104 vitiosus.
1121 4047 1204 4102 An
1236 4047 1518 4118 legendmu
1557 4047 1639 4100 ὃτι
1685 4062 1784 4116 pro
1821 4043 1966 4117 οὗχῖ

397 4123 556 4176 Eutr.

471 4186 579 4262 ('57)
595 4183 849 4262 ξΟρῶμεν
861 4188 976 4256 τὴν
994 4187 1334 4262 θάλιςιοδονανἶ
1357 4178 1563 4262 Eadem
1576 4181 1960 4262 similitudine,

399 4273 448 4314 et
478 4253 699 4328 quidem
729 4253 792 4312 ad
823 4253 932 4313 rem
958 4257 1229 4328 eamdem,
1263 4254 1511 4328 utitur
1535 4253 1882 4328 Epiphanius
1908 4255 1963 4308 in

404 4322 640 4383 Panario
679 4329 744 4381 ad
783 4329 1028 4382 haeresim
1055 4322 1142 4391 70,
1176 4341 1322 4378 num.
1361 4325 1412 4378 8.
1446 4322 1547 4377 Ubi
1584 4322 1816 4378 et’illam
1845 4331 1960 4377 trs--

400 4395 551 4454 ducit
581 4400 647 4452 ad
689 4410 845 4461 eum,
897 4398 986 4465 qui
1035 4406 1128 4464 per
1154 4399 1444 4462 angustum
1481 4391 1721 4448 foramen
1759 4395 1959 4465 coelum

2072 4047 2170 4112 tis,
2225 4049 2487 4118 apostolis
2534 4049 2700 4120 Deum
2754 4065 2813 4120 se
2862 4049 3151 4120 videndum
3205 4053 3521 4120 praebuisse.
3583 4053 3641 4110 1ι1

2071 4125 2322 4188 astruunt
2384 4120 2581 4188 divina,
2630 4119 2876 4188 eloquia;
2925 4119 3122 4188 refelli,
3151 4119 3249 4173 nec
3297 4130 3491 4188 potest.
3547 4123 3639 4177 Dei

2069 4181 2339 4239 voluntati
2394 4187 2610 4240 obsistit
2644 4181 2777 4239 nihil
2814 4206 2826 4240 :
2863 4181 3127 4255 quidquid
3169 4189 3258 4241 ille
3287 4181 3420 4250 vult,
3460 4191 3642 4246 facere

2073 4257 2270 4324 potest.
2300 4255 2384 4308 Nil
2411 4257 2672 4324 hactenus
2699 4257 2963 4310 astruitur
2982 4257 3123 4324 quod
3153 4257 3220 4309 ab
3249 4259 3506 4314 omnibus
3528 4276 3638 4315 non

2072 4321 2406 4394 admittatur.
2450 4321 2717 4394 Viderunt
2746 4325 2909 4394 igitur
2945 4321 3111 4380 Deum
3147 4327 3394 4381 homines
3429 4339 3638 4382 morta-

2073 4393 2172 4448 les.
2223 4393 2289 4465 At
2333 4393 2639 4465 quomodo?
2671 4395 2746 4448 nil
2772 4393 2916 4465 certi
2951 4395 3016 4450 de
3059 4396 3162 4450 hac
3197 4413 3288 4460 re;
3341 4393 3406 4451 de
3457 4399 3640 4464 modo,

403 4471 660 4538 inspicit,
713 4477 766 4522 et
805 4456 1148 4538 inspiciendo
1196 4456 1336 4538 videt
1382 4465 1562 4538 aliquo
1610 4465 1800 4538 modo,
1853 4463 1960 4516 alio
1996 4456 2038 4508 D
2063 4479 2172 4532 quo
2199 4456 2471 4527 viderunt,
2499 4467 2738 4538 molitur.
2771 4464 2888 4519 Non
2918 4467 2994 4538 ait
3025 4465 3223 4538 vidisse
3265 4456 3432 4520 Deum
3467 4468 3520 4520 in
3553 4456 3640 4524 sui

404 4533 563 4592 modo
594 4547 699 4591 n0n
734 4533 877 4591 videt
891 4533 914 4600 ξ
942 4549 1115 4603 neque
1140 4535 1281 4588 enim
1311 4535 1591 4603 oculorum
1626 4533 1963 4603 aciem_pro-

404 4609 624 4663 tendere
654 4607 795 4660 valet
819 4607 883 4659 ad
914 4600 1128 4658 omnem
1169 4604 1291 4657 coeli
1329 4602 1762 4670 amplitudinem.
1800 4600 1872 4654 Ea
1903 4603 1954 4654 in

407 4678 596 4732 haeresi
627 4676 714 4737 70,
741 4691 889 4729 num.
918 4673 972 4737 6,
998 4674 1028 4726 7
1057 4683 1109 4728 et
1145 4674 1197 4736 8,
1228 4681 1481 4736 mentem,
1510 4685 1832 4738 onlnemque
1863 4672 1963 4724 d0-

404 4749 632 4813 ctrinam
679 4758 832 4799 suam
886 4744 1133 4813 pluribus
1179 4744 1352 4812 aperit
1400 4739 1454 4793 S.
1519 4741 1852 4813 Epiphanius
1898 4741 1965 4813 de

404 4811 798 4886 disceptatione
824 4809 936 4877 illa,
967 4824 1073 4883 qua
1102 4809 1389 4886 disserunt
1409 4811 1666 4886 theologi,
1690 4826 1757 4862 an
1787 4809 1963 4861 hoan

404 4903 503 4941 nes
561 4880 817 4937 mort—ales
875 4880 1071 4943 adhuc,
1138 4881 1459 4949 patriarchae
1509 4880 1964 4949 nimirum,pro—

404 4958 578 5024 pheta:
619 4955 815 5024 veteris
857 4948 1324 5024 legis,_apost_ol_i,
1365 4948 1530 5001 Deum
1558 4948 1852 5024 aliquando
1888 4949 1968 5000 vi-

406 5018 621 5086 derint,
654 5023 735 5076 vel
767 5018 1005 5076 minime.
1041 5019 1165 5072 Tria
1211 5021 1376 5087 igitur
1405 5018 1596 5071 statuit
1637 5030 1702 5071 eo
1733 5018 1786 5069 in
1821 5018 1963 5079 loco,

405 5110 524 5164 qua:
567 5110 595 5145 a
632 5108 690 5146 se
735 5093 968 5164 invicem
1009 5091 1416 5164 distinguantur
1447 5089 1640 5164 velim,
1677 5092 1731 5164 et
1759 5095 1964 5164 attente

406 5155 819 5217 considerenlur
858 5163 927 5214 ob
954 5175 1015 5214 ea
1035 5200 1049 5224 ,
1081 5155 1202 5226 (μιτιῖ
1245 5159 1332 5211 hic
1363 5157 1523 5226 paulo
1558 5156 1783 5210 inferius
1811 5155 1965 5226 idem

410 5175 819 5217 COIISIUCI'BDIUI‘
858 5175 927 5214 01)
954 5175 1049 5224 ea,
1081 5177 1093 5207 l
1121 5175 1200 5211 ure
1248 5175 1332 5211 1110
1363 5175 1523 5226 pallio
1559 5175 1783 5210 llllel'llls
1824 5175 1965 5208 IUCIII

410 5232 740 5301 Epiphanius
798 5230 1044 5301 afﬁrmat.
1099 5175 1372 5296 i’rincipio
1421 5227 1611 5301 Deu_m__
1639 5240 1735 5279 nec
1765 5225 1966 5301 videri,

411 5293 523 5354 ἠέρ’
546 5298 930 5370 comprehendi
956 5314 1136 5370 posse
1160 5310 1174 5365 ;
1200 5293 1335 5370 esse
1377 5295 1724 5370 invisibilem.
1765 5293 1970 5370 Deinde

411 5380 499 5425 res
543 5363 755 5424 creaias
779 5409 794 5430 ,
826 5363 1070 5422 homines
1102 5363 1443 5435 potissimum
1490 5364 1766 5435 mortales,
1797 5363 1874 5435 ad
1899 5364 1972 5416 vi-

411 5440 646 5494 deudmn
690 5439 857 5492 Deum
910 5433 1145 5506 impares
1190 5450 1342 5506 esse;
1393 5433 1537 5506 quod
1579 5433 1970 5506 enimuvisibile

412 5509 575 5563 esuid
610 5508 807 5562 intueri
854 5521 962 5561 non
988 5500 1173 5574 potest
1200 5503 1344 5572 quod
1386 5500 1470 5558 est
1515 5502 1804 5574 invisibile.
1847 5500 1970 5557 Haec

411 5573 520 5632 duo
550 5593 680 5632 sane
717 5578 791 5631 nil
840 5571 1068 5640 prorsus
1101 5571 1409 5634 involvunt,
1441 5571 1587 5640 quod
1629 5571 1901 5640 discrepet
1939 5587 1971 5625 a

412 5593 520 5632 auo
550 5593 680 5632 sane
717 5593 791 5631 [Ill
881 5593 1068 5630 rorsus
1101 5593 1409 5634 Invowunt,
1441 5593 1587 5640 (μιοα
1629 5593 1901 5640 utscrcpet
1939 5593 1968 5625 a

412 5648 782 5716 receptissima
825 5593 1047 5700 [fati-um
1089 5651 1256 5716 atque
1286 5643 1659 5716 theologorum
1699 5641 1968 5716 doctrina.

415 5711 596 5773 Tertio
638 5717 693 5772 in
728 5717 846 5772 loco
884 5718 960 5772 ait
992 5711 1331 5788 Epiphanius
1362 5711 1704 5782 patriarehis,
1738 5712 1972 5782 prophe-

2062 4539 2260 4587 natura
2317 4543 2372 4589 et
2432 4535 2736 4588 substantia
2768 4574 2781 4598 ,
2822 4544 2914 4588 aut
2950 4535 3004 4588 in
3060 4536 3240 4604 aliqua
3283 4552 3546 4604 corporea
3586 4547 3642 4590 et

2064 4604 2344 4674 spectabili
2382 4605 2814 4674 specievidisse.
2859 4605 2947 4656 Ait
2981 4603 3183 4659 vidisse
3219 4603 3460 4674 quidem,
3498 4603 3641 4659 εἶδον

2063 4672 2154 4736 δέ,
2192 4673 2285 4726 sed
2321 4674 2455 4726 καθὸ
2490 4673 2780 4740 ἠδύναντο,
2824 4675 2966 4726 sicut
3012 4672 3341 4742 potuerunt:
3380 4677 3471 4728 καὶ
3505 4677 3642 4729 καθὸ

2064 4742 2340 4815 ενεχῴρε-ι,
2376 4753 2432 4815 et
2455 4753 2714 4815 quantum
2755 4743 2887 4811 ipsis
2919 4744 3070 4796 licuit
3097 4764 3110 4797 :
3148 4745 3239 4796 καὶ
3267 4743 3421 4815 ᾧφθη
3454 4746 3640 4808 αὐτοῖς

2064 4813 2092 4862 ὁ
2124 4811 2252 4881 Θεὸς
2278 4813 2353 4875 ὡς
2375 4811 2638 4881 ἠθέλησεν
2669 4827 2683 4863 :
2716 4815 2864 4866 visus
2903 4818 2987 4865 est
3029 4815 3096 4866 ab
3128 4815 3233 4868 illis
3269 4811 3442 4876 Deus',
3487 4825 3540 4867 at
3573 4832 3640 4869 eo

2067 4880 2260 4951 modo,
2317 4880 2653 4940 ea'ratione.
2703 4897 2807 4950 qua
2857 4881 2995 4935 Deus
3048 4885 3218 4937 videri
3269 4885 3473 4951 voluit.
3515 4884 3640 4938 "rec

2067 4947 2352 5020 Epiphanii
2399 4947 2878 5020 rdoctriuafquaa
2925 4951 3140 5007 videndi
3193 4952 3357 5007 Deum
3417 4948 3640 5008 modum

2067 5019 2274 5091 nullum
2311 5019 2521 5080 definit,
2570 5037 2690 5091 quae
2735 5019 2960 5091 liberam
2997 5021 3266 5091 latamque
3303 5023 3425 5077 aliis
3475 5026 3641 5078 relin-

2069 5089 2187 5162 quit
2234 5091 2373 5162 via_m
2413 5090 2689 5162 opinandi,
2730 5089 3012 5145 dicendive
3057 5089 3380 5160 quo’modo,
3415 5093 3507 5162 qui
3559 5097 3640 5147 vi-

2069 5159 2266 5210 derunt
2313 5158 2479 5213 Deutn
2529 5159 2775 5214 homines
2827 5158 3116 5225 mortales,
3153 5162 3406 5216 viderint.
3434 5158 3636 5216 ’Notari

2069 5227 2233 5295 igitur
2279 5228 2879 5301 aut_r_eprehendi_illa
2948 5245 3054 5283 non
3117 5240 3387 5301 meretur,
3453 5241 3641 5301 utpote

2069 5311 2201 5376 quae.
2234 5312 2334 5354 nec
2379 5298 2552 5352 hilum
2595 5298 2840 5353 discedat
2878 5314 2909 5352 a
2944 5301 3218 5354 communi
3249 5299 3472 5355 Patrum
3513 5298 3642 5355 sen-

2071 5374 2258 5419 tentia.

2071 5505 2112 5558 Ε
2127 5434 2252 5520 ,(58)
2284 5435 2407 5489 Ποῦ
2432 5476 2446 5490 .
2468 5475 2482 5490 .
2505 5476 2520 5490 .
2538 5477 2552 5492 .
2572 5478 2586 5492 .
2611 5437 2749 5492 ποῦ.
2774 5435 3025 5506 Forsitan
3049 5439 3333 5508 legendum
3357 5438 3440 5493 bis
3463 5441 3636 5493 ποῖον.

2119 5521 2231 5558 Dl'l'.

2119 5521 2231 5558 ΜΤ.

2141 5574 2251 5645 (59)
2265 5573 2595 5647 _Legen_dum
2623 5575 2849 5647 οὐρανόν
2876 5585 3081 5647 monet_
3099 5575 3404 5647 Cotelerius
3437 5575 3492 5630 in
3525 5573 3642 5630 Μοι-

2141 5591 2251 5645 tua)
2287 5591 2595 5698 Legenaum
2623 5591 2849 5647 οῡρανον
2876 5591 3059 5654 monet
3099 5591 3252 5629 uolet

2074 5656 2219 5698 num.
2256 5643 2358 5699 Ecc
2387 5685 2400 5701 .
2433 5642 2627 5714 Gram,
2664 5653 2705 5701 t.
2734 5645 2825 5711 Ill,
2860 5663 2982 5716 pag.
3020 5645 3143 5700 533.
3177 5643 3256 5701 lo.
