4012 6210
398 341 490 400 1H

1782 348 1836 403 S.
1887 347 2226 404 EPlPllANll

3549 353 3650 413 ΗΞ

391 469 519 526 pere
569 473 892 528 possumus,
941 476 997 514 re
1044 462 1158 530 ipsa
1199 460 1475 516 vidimus:
1539 471 1810 534 quatenus
1865 464 1939 534 51

2075 470 2174 520 οὐκ
2199 463 2335 520 εἶδον
2377 469 2431 522 δὲ
2459 468 2592 521 καθὸ
2632 470 2798 524 ἐστιν.
2839 467 2997 525 ’Λλλά
3027 471 3119 525 καὶ
3145 470 3307 535 αὐτὸς
3345 465 3521 526 εῐδεν⁸
3560 473 3652 526 ἀο-

391 556 574 602 autem
604 549 656 602 in
681 565 802 606 sese
827 560 932 616 est,
966 569 1070 606 non
1102 551 1360 608 vidimus.
1406 553 1669 610 Similiter
1695 555 1970 624 propheta

390 653 486 708 per
524 651 810 712 angustum
863 644 1024 698 veluti
1067 647 1314 714 corporis
1366 647 1448 700 sui
1504 646 1749 701 foramen
1795 646 1965 702 Deum

389 729 574 786 videre
618 742 955 794 meruerunt,
1000 743 1054 789 et
1098 738 1276 806 reipsa
1311 737 1596 804 viderunt;
1639 753 1747 792 non
1789 754 1964 809 quan-

2090 558 2266 629 ράτως
2308 560 2407 630 τὴν
2450 560 2630 628 φύσιν,
2667 561 2864 616 δέδωκε
2891 563 2949 614 δὲ
2982 563 3060 633 τῷ
3091 564 3166 634 μὴ
3206 563 3488 636 δυναμένῳ
3524 566 3654 638 δρᾷν

2073 649 2301 718 δύναμιν
2355 652 2693 722 χαρίσματος
2731 653 2810 716 εἰς
2855 654 2917 705 τὸ
2973 655 3101 706 ἰδεῖν
3148 653 3246 724 τὴν
3292 653 3518 726 δύναμιν
3556 656 3655 728 τῆς

2075 740 2326 812 Θεωρίας.

388 831 503 877 tum
536 824 743 880 inﬁnita
776 827 896 895 ejus
929 829 1315 897 contemplatio
1362 831 1620 897 postulat.
1659 829 1838 899 Atque
1865 831 1968 886 hoc
2010 842 2167 900 pacto
2205 833 2614 888 consentientes
2679 832 2820 888 inter
2859 849 2998 897 sese,
3036 834 3445 901 concordesque
3513 833 3654 890 Scri'

385 919 558 982 pturae
598 916 880 970 veritatem
927 918 1130 988 ubique
1168 927 1458 986 praestant;
1511 921 1624 974 sive
1669 921 1968 990 prophetas
2008 922 2175 977 Deum
2202 923 2406 977 vidisse
2438 931 2726 989 testentur,
2785 939 2908 977 nam
2969 925 3149 994 rcipsa
3183 925 3466 990 viderunt;
3535 925 3650 980 sive

383 1007 526 1076 quod
569 1005 817 1063 Salvator
849 1011 1063 1076 asserit,
1107 1009 1268 1064 Deum
1333 1027 1481 1065 nemo
1536 1013 1662 1066 uidit
1728 1017 2035 1084 unquam‘,
2073 1032 2183 1071 non
2222 1019 2366 1072 enim
2413 1029 2682 1086 quatenus
2726 1028 2809 1074 est
2859 1020 2910 1074 in
2961 1035 3100 1084 sese,
3153 1021 3426 1076 viderunt.
3479 1024 3651 1083 Porro

383 1102 472 1158 ille
514 1103 631 1172 ipse
659 1104 872 1158 ratione
900 1105 1138 1173 quadam
1169 1121 1288 1175 quae
1320 1115 1602 1176 aspectum
1636 1123 1852 1162 omnem
1885 1118 2130 1180 superat,
2200 1121 2453 1166 naturam
2496 1120 2580 1167 est
2631 1113 2800 1183 ipsam
2847 1115 3112 1180 intuitus;
3151 1121 3205 1169 et
3269 1117 3318 1170 ei
3352 1117 3444 1187 qui
3515 1132 3648 1173 con-

382 1193 522 1247 tueri
567 1208 677 1246 non
722 1201 955 1262 poterat,
1000 1195 1108 1249 vim
1141 1197 1431 1264 quamdam
1479 1197 1740 1268 elargitus
1769 1206 1883 1264 est,
1923 1208 1983 1253 ut
2031 1203 2383 1270 contemplari
2425 1203 2616 1272 possit.

449 1281 583 1335 LIV.
628 1281 826 1338 Verum
872 1299 941 1338 ne
975 1285 1217 1338 cavillari
1255 1300 1320 1340 ac
1355 1300 1550 1340 novam
1583 1288 1753 1342 ordiri
1793 1286 1952 1342 labu-

379 1375 485 1428 larn
520 1375 676 1438 velis,
704 1390 767 1430 ac
796 1376 1090 1445 prophetas
1122 1376 1275 1433 dicas
1302 1393 1408 1432 non
1439 1379 1612 1434 oculis
1639 1395 1954 1450 usurpasse,

377 1466 474 1522 sed
506 1476 709 1530 mente,
739 1469 809 1522 ita
841 1478 898 1522 ut
942 1469 1303 1540 intelligerent
1352 1471 1745 1541 prOpemodum
1780 1487 1843 1527 ac
1876 1472 1960 1526 vi-

376 1559 569 1614 derent
598 1574 612 1612 :
638 1558 808 1616 Isaias
851 1563 1124 1616 accuratis
1176 1563 1326 1618 hisce
1368 1563 1593 1619 vocibus
1634 1565 1958 1634 tergiversa-

377 1652 580 1706 tionem
603 1651 842 1706 excludit
876 1667 1095 1707 omnem
1125 1671 1135 1705 :
1170 1652 1372 1720 Infelix
1403 1671 1516 1724 ego,
1551 1656 1800 1725 quoniam
1823 1671 1958 1708 com-

2129 1291 2252 1346 NA’.
2281 1271 2440 1344 Ἀλλά
2463 1293 2536 1362 μὴ
2556 1291 2714 1345 πάλιν
2735 1291 3162 1362 δραματουργῶν
3178 1271 3290 1362 (60)
3313 1291 3492 1361 λέγεις
3509 1293 3590 1364 (61
3599 1299 3638 1365 γ

2060 1376 2214 1435 Εἶδον
2267 1382 2363 1452 μὲν
2393 1383 2440 1435 οἱ
2483 1385 2758 1454 προφῆται
2787 1383 2887 1436 οὐκ
2927 1381 3209 1453 ὀφθαλμῷ,
3244 1381 3379 1436 ἀλλά
3415 1382 3644 1454 διανοίᾳ,

2062 1472 2331 1534 συνιέντες
2361 1474 2640 1542 μονονουχὶ
2659 1473 2754 1525 καὶ
2780 1471 3033 1542 δρῶντες.
3065 1471 3164 1524 Διά
3182 1470 3339 1524 τοῦτο
3357 1471 3464 1543 γὰρ
3487 1473 3643 1544 ἀκριο

2059 1562 2168 1626 ὁῶς
2200 1563 2348 1630 λέγει
2381 1564 2608 1626 Ἡσαΐας
2628 1581 2641 1594 ο
2682 1562 2872 1628 Τάλας
2896 1561 3033 1632 ἐγὼ,
3057 1562 3147 1616 ὅτι
3184 1562 3641 1632 κατανένυγμαι,

2059 1657 2146 1709 ὅτι
2175 1655 2481 1724 ἅνθρωπος
2513 1655 2615 1718 ὢν,
2669 1655 2769 1710 καὶ
2805 1656 3109 1724 ἀκάθαρτα
3153 1655 3328 1723 χείλη
3358 1654 3536 1723 ἔχων,
3574 1657 3645 1708 ἐν

374 1752 596 1812 punctus
634 1759 787 1808 sum;
825 1746 1075 1813 quoniam
1121 1761 1240 1798 cum
1291 1746 1443 1800 homo
1487 1747 1608 1810 sim,
1656 1756 1705 1799 et
1750 1748 1939 1814 impun

2059 1745 2138 1810 τῷ
2163 1744 2290 1809 λαῷ
2314 1737 2617 1812 ἀκάθαρτα
2640 1746 2812 1814 χείλη
2837 1745 3039 1814 ἔχοντι
3075 1745 3190 1815 ἐγὼ
3222 1743 3382 1807 οικῶ,
3409 1745 3506 1798 καὶ
3528 1745 3642 1799 Κύ-

374 1833 506 1886 mihi
533 1835 639 1887 sint
668 1833 834 1901 labia,
861 1835 918 1887 in
942 1833 1110 1888 medio
1135 1835 1317 1902 populi
1348 1837 1557 1902 impura
1589 1835 1734 1889 labia
1761 1837 1956 1890 haben-

373 1927 441 1992 tis
478 1942 571 1995 ego
609 1925 790 1979 habito
816 1942 836 1981 :
866 1935 915 1980 et
941 1926 1226 1980 Dominum
1271 1927 1595 1980 exercituum
1630 1927 1735 1980 vidi
1765 1929 1807 1990 ⁸,
1840 1944 1950 1981 non

369 2016 528 2081 dixit,
561 2015 738 2072 Mente
766 2018 895 2082 vidi,
921 2016 1038 2081 sed,
1082 2018 1249 2071 oculis
1284 2018 1434 2072 meis.
1465 2016 1654 2087 Itaque
1677 2017 1950 2082 viderunt,

367 2120 423 2163 et
459 2125 566 2164 non
600 2110 855 2164 viderunt
890 2109 1168 2179 prophetae
1207 2109 1508 2164 :nimirum
1562 2121 1825 2179 quantum
1873 2111 1954 2164 vi-

370 2197 485 2251 deri
523 2206 771 2266 poterat,
803 2201 980 2266 reipsa
1013 2199 1305 2262 viderunt;
1342 2215 1453 2253 non
1494 2199 1749 2254 viderunt
1774 2208 1953 2256 autem

368 2294 633 2357 quantum
671 2288 1139 2357 incomprehensa:
1178 2289 1300 2359 ejus
1328 2298 1540 2344 naturae
1571 2291 1813 2347 infinitas
1844 2307 1944 2362 po-

369 2377 627 2432 stulabat.
654 2377 737 2432 Ad
777 2377 1028 2432 eumdem
1076 2378 1296 2432 modum
1324 2380 1570 2449 plerique
1600 2381 1668 2435 de
1695 2381 1953 2450 paradiso

368 2467 662 2536 allegorice
689 2465 996 2536 diSputant,
1038 2475 1203 2537 atque
1241 2468 1386 2523 inter
1428 2477 1658 2525 caeteros
1707 2471 1952 2528 furiosus

366 2555 631 2628 Origenes
658 2558 1037 2613 adumbratam
1065 2559 1254 2615 nescio
1279 2574 1444 2630 quam
1467 2561 1706 2630 speciem
1740 2577 1838 2632 pro
1863 2578 1953 2618 ve-

366 2649 530 2705 ritate
567 2649 623 2703 in
655 2648 918 2704 mundum
957 2649 1180 2706 invexit.
1221 2651 1314 2706 Sic
1345 2651 1490 2707 enim
1535 2652 1755 2709 disserit
1788 2673 1803 2709 :
1832 2653 1953 2709 Non

364 2748 455 2794 est
481 2739 768 2810 paradisus
802 2740 858 2794 in
888 2740 1076 2806 terris;
1126 2748 1181 2795 et
1221 2741 1324 2796 hoc
1361 2740 1606 2812 Apostoli
1641 2745 1954 2800 testimonio

365 2833 592 2890 nititur:
623 2832 741 2887 Vidi
765 2835 1026 2888 hominem
1056 2844 1177 2889 ante
1200 2850 1365 2888 annos
1401 2834 1799 2904 quatuordecim
1823 2837 1952 2904 (sive

365 2928 422 2982 in
443 2942 664 2996 corpore
705 2926 899 2992 nescio,
941 2927 1045 2980 sive
1088 2935 1240 2980 extra
1282 2942 1508 2996 corpus,
1556 2928 1764 2990 nescio;
1805 2927 1950 2982 Deus

364 3019 496 3088 scit)
521 3027 732 3088 raptum
773 3017 1073 3087 hujusmodi
1115 3035 1278 3089 usque
1321 3018 1389 3072 ad
1433 3019 1647 3072 tertium
1679 3019 1945 3074 caalum’.

2049 1855 2188 1906 ριον
2217 1837 2455 1892 σαϐαὼθ
2489 1834 2685 1900 εἶδον,
2745 1837 2837 1890 καὶ
2865 1838 2964 1890 οὐκ
2998 1832 3149 1889 εἷπεν
3172 1877 3187 1899 ,
3239 1832 3392 1889 Εἶδον
3431 1839 3498 1907 τῇ
3528 1837 3639 1890 δια-

2057 1929 2197 1999 νοίᾳ,
2229 1928 2385 1993 ἀλλὰ,
2410 1929 2533 1993 τοῖς
2560 1927 2888 1997 ὀφθαλμοῖς
2900 1945 3040 1998 μου.
3084 1924 3235 1980 Εἶδον
3260 1927 3370 1996 (62)
3399 1922 3514 1991 οὖν,
3545 1928 3638 1980 καὶ

2056 2022 2155 2074 οὐκ
2189 2017 2326 2074 εἶδον
2353 2039 2365 2052 ·
2397 2021 2510 2075 ἀλλ’
2540 2021 2615 2083 ὡς
2640 2020 2891 2090 ἠδύνατο,
2928 2021 2983 2072 ἐν
3013 2019 3242 2090 ἀληθείᾳ
3270 2020 3326 2072 δὲ
3350 2015 3509 2084 εἶδον,
3539 2019 3640 2074 οὐκ

2056 2107 2192 2164 εἶδον
2224 2111 2280 2164 δὲ
2309 2113 2382 2175 ὡς
2411 2111 2521 2181 ἔχει
2550 2111 2608 2164 τὸ
2641 2110 2866 2181 ἄπειρον
2896 2111 2994 2180 τῆς
3028 2109 3424 2181 ἀκαταληψίας.
3453 2109 3639 2176 Οὕτως

2055 2203 2102 2254 oi
2136 2201 2320 2254 πολλοὶ
2359 2203 2452 2254 καὶ
2495 2202 2622 2271 περὶ
2679 2200 3007 2272 παραδείσου
3050 2199 3462 2272 ἀλληγοροῦσιν,
3504 2201 3580 2266 ὡς
3609 2203 3639 2256 ὁ

2057 2293 2314 2364 θεήλατος
2355 2293 2636 2363 Ὠριγένης
2675 2291 2910 2362 ἠθέλησε
2944 2292 3243 2360 φαντασίαν
3274 2293 3472 2364 μᾶλλον
3495 2293 3637 2366 ἥπερ

2056 2385 2313 2455 ἀλήθειαν
2363 2383 2441 2454 τῷ
2512 2382 2610 2454 βίῳ
2673 2383 3220 2452 συνεισενέγκασθαυ
3276 2384 3371 2437 καί
3428 2400 3634 2456 φησιν·

2056 2477 2171 2530 Οὐκ
2210 2476 2324 2530 ἔστι
2353 2475 2681 2546 παράδεισος
2711 2474 2823 2544 (65)
2873 2475 2965 2529 ἐπὶ
3010 2474 3112 2545 τῆς
3161 2475 3286 2546 γῆς,
3330 2475 3492 2546 δῆθεν
3521 2475 3628 2529 ἀπὸ

2052 2569 2146 2623 τοῦ
2177 2568 2341 2642 ῥητοῦ
2369 2568 2462 2622 τοῦ
2487 2567 2636 2638 παρά
2663 2565 2756 2620 τοῦ
2779 2566 2936 2636 ἁγίου
2975 2567 3298 2620 Ἀποστόλου
3321 2567 3634 2638 εἰρημένου,

2052 2661 2135 2713 ὅτι
2188 2657 2372 2714 Εἶδον
2430 2659 2744 2728 ἄνθρωπον
2787 2659 2900 2726 πρὸ
2964 2657 3116 2712 ἐτῶν
3174 2657 3636 2726 δεκατεσσάρων

2055 2750 2193 2820 (εἴτε
2217 2751 2286 2803 ἐν
2313 2748 2537 2819 σώματι
2562 2751 2675 2803 οὐκ
2706 2745 2860 2813 οῖδα,
2883 2749 3002 2802 εἴτε
3033 2748 3207 2815 ἐκτὸς
3233 2748 3338 2802 τοῦ
3364 2749 3635 2818 σώματος

2053 2845 2164 2900 οὐκ
2200 2838 2353 2907 οἶδα,
2391 2844 2423 2894 ό
2454 2839 2598 2906 Θεὸς
2631 2835 2818 2908 οἶδεν)
2853 2838 3198 2908 ἁρπαγέντα
3227 2839 3333 2893 τὸν
3363 2838 3634 2893 τοιοῦτον

2052 2935 2162 3002 ἕως
2189 2935 2387 3002 τρίτου
2416 2931 2695 3001 οὐρανοῦ.
2763 2931 2921 2984 Ἀλλά
2955 2930 3030 3002 μὴ
3070 2929 3492 3001 παραγίνωσκε,
3538 2929 3635 2982 καὶ⁹

2053 3027 2178 3096 λέγε
2215 3028 2296 3080 ὅτι
2341 3026 2401 3078 τὸ
2443 3024 2661 3096 τρίτον⁵
2704 3022 2798 3077 τοῦ
2836 3022 3014 3094 ἀέρος.
3067 3021 3142 3074 Οὐ
3183 3021 3291 3095 γάρ
3323 3018 3492 3074 εἰπὼν
3524 3019 3634 3086 ἕως

362 3111 443 3165 Ac
480 3125 546 3165 ne
585 3109 725 3165 forte
754 3124 1038 3180 perperam
1080 3111 1285 3166 sentias
1339 3124 1403 3165 ac
1435 3110 1610 3178 dicas,
1645 3126 1822 3181 usque
1871 3110 1938 3166 ad

2054 3120 2251 3188 τρίτου
2285 3116 2571 3185 οὐρανοῦ,
2611 3115 2740 3184 περὶ
2786 3114 2984 3185 μέρους
3041 3113 3223 3186 τρίτου
3273 3111 3441 3181 λέγει,
3496 3110 3633 3165 ἀλλά

364 3204 580 3258 tertiam
619 3202 744 3256 coeli
776 3213 982 3272 partem
1017 3201 1259 3259 dixisse:
1291 3217 1418 3258 cum
1455 3202 1592 3258 dixit
1621 3203 1689 3256 ad
1731 3204 1944 3267 tertium

366 3309 528 3364 usque
567 3294 788 3356 costum,
825 3294 1027 3347 nullam
1066 3295 1238 3348 tertiae
1273 3295 1445 3364 partis
1492 3295 1825 3350 mentionem
1875 3294 1947 3350 fe-

367 3385 464 3447 cit,
493 3383 588 3438 sed
619 3385 722 3438 tria
749 3384 994 3452 quaedam
1027 3400 1254 3439 numero
1290 3386 1606 3455 complexus
1634 3392 1738 3440 est.
1775 3385 1941 3439 Addit

367 3491 497 3532 vero
529 3495 542 3529 :
573 3475 694 3530 Scio
735 3473 1035 3543 hujusmodi
1069 3475 1329 3531 hominem
1376 3487 1586 3544 raptum
1628 3478 1682 3530 in
1715 3475 1942 3545 paradi-

365 3585 482 3622 sum
511 3608 525 3631 ,
566 3577 615 3621 et
644 3568 856 3620 audisse
884 3565 1060 3631 verba,
1105 3584 1221 3638 qua:
1259 3585 1363 3623 non
1401 3568 1520 3622 licet
1549 3568 1745 3623 homini
1773 3569 1934 3639 loqui.

365 3657 566 3714 Verum
587 3659 771 3728 gratiae
791 3659 1148 3728 omnipotenti
1178 3659 1285 3714 Deo
1306 3659 1464 3716 nobis
1496 3659 1756 3714 habenda:
1786 3667 1935 3726 sunt,

363 3751 455 3820 qui
486 3752 898 3806 accuratissime
927 3752 1110 3806 omnia
1153 3752 1318 3806 etiam
1352 3752 1560 3806 minuta
1589 3767 1818 3822 quasque
1851 3751 1939 3807 de-

363 3843 574 3897 clarare
616 3841 806 3908 voluit,
849 3847 908 3894 ut
945 3857 1013 3895 ne
1056 3841 1298 3896 veritatis
1348 3841 1578 3896 studiosi
1629 3841 1939 3912 deciperen-

439 3999 452 4027 ¹
496 3995 652 4050 Joan.
689 4013 725 4059 ι,
762 3997 845 4049 13.
947 3998 966 4026 ²
1009 3995 1190 4059 lsa.vt,
1233 3997 1283 4050 5.

428 4154 759 4225 (ϐω-Ἀλλὰ
784 4154 871 4224 μὴ
898 4154 1085 4209 πάλιν
1113 4152 1589 4225 δραματουργῶν.
1625 4152 1680 4206 1η
1709 4167 1770 4207 ea
1805 4165 1930 4207 sen-

357 4223 523 4282 tentia
550 4223 886 4295 Epiphanius
909 4241 1038 4295 esse
1071 4223 1304 4288 videtur,
1341 4232 1399 4276 ut
1433 4223 1708 4295 pr0phetm
1737 4237 1800 4295 ac
1834 4237 1930 4295 pa-

355 4292 608 4350 triarcha:
655 4292 868 4348 veteres
907 4294 1072 4349 Deum
1120 4295 1294 4362 ipsum
1323 4294 1601 4362 corporeis
1635 4292 1810 4362 oculis
1843 4293 1926 4362 vi-

355 4365 554 4424 derint,
591 4364 692 4416 etsi
729 4363 951 4416 minime
991 4361 1520 4429 comprehenderint.
1556 4361 1688 4426 Qua:
1717 4361 1923 4430 opinio,

2050 3209 2177 3278 περὶ
2204 3205 2368 3278 τριῶν
2393 3203 2664 3275 ἀριθμῶν,
2696 3201 2789 3256 καί
2819 3218 2984 3274 φησιν
3004 3219 3018 3233 ’
3050 3198 3193 3256 Οἶδα
3220 3201 3327 3255 τὸν
3360 3200 3632 3256 τοιοῦτον

2047 3297 2361 3365 ἄνθρωπον
2414 3293 2754 3363 ἁρπαγέντα
2810 3294 2896 3358 εἷς
2939 3291 3047 3346 τὸν
3088 3290 3476 3360 παράδεισον,
3530 3288 3631 3344 και

2045 3390 2394 3445 ἀκούσαντα
2411 3386 2670 3455 ῥήματα,
2700 3383 2739 3438 d
2777 3386 2890 3438 οὐκ
2925 3383 3070 3448 ἐξὸν
3111 3381 3400 3451 ἀνθρώπῳ
3419 3381 3628 3436 εἰπεῖν.

2045 3482 2182 3548 Δόξα
2231 3479 2309 3550 τῷ
2357 3477 2760 3549 παντοκράτορι
2799 3475 2913 3544 (6i)
2959 3474 3098 3545 Θεῷ,
3145 3473 3222 3543 τῷ
3270 3473 3412 3528 κατά
3453 3473 3632 3528 πάντα

2045 3570 2245 3640 τρόπον
2286 3564 2661 3637 διατρανοῦντι
2704 3565 2797 3618 καὶ
2826 3561 3261 3631 λεπολογοῦντι,
3307 3562 3394 3615 ἵνα
3423 3563 3472 3614 οἱ
3499 3562 3632 3631 ἀλη-

2048 3659 2183 3712 θινοὶ
2227 3658 2301 3728 μὴ
2331 3656 2691 3725 σφάλλωνται.
2747 3655 2820 3708 Οὐ
2867 3653 2977 3725 γάρ
3024 3657 3080 3706 ὲν
3111 3654 3214 3724 μιᾷ
3245 3653 3508 3724 συντομία
3538 3653 3630 3706 τὸν

2045 3748 2274 3818 οὐρανὸν
2289 3748 2382 3800 καὶ
2410 3745 2501 3799 τὸν
2531 3745 2860 3816 παράδεισον
2889 3744 3142 3816 συνῆψεν,
3173 3745 3327 3813 ἀλλὰ,
3359 3739 3502 3798 Οἶδα
3527 3743 3631 3798 ἆν-

2046 3842 2301 3908 θρωπον,
2348 3836 2532 3907 φησὶν,
2566 3836 2907 3907 ἁρπαγέντα
2944 3835 3055 3903 ἕως
3101 3836 3302 3904 τρίτου
3345 3834 3626 3904 οὐρανοῦ,

1364 3995 1454 4048 ³11
1489 3995 1616 4050 Cor.
1653 4011 1752 4059 xu,
1779 3995 1832 4048 2.
1912 3995 1934 4026 ⁸

2048 4011 2098 4065 g.
2129 3991 2288 4046 οἶδεν.
2364 3993 2384 4024 ⁵
2406 3989 2534 4047 Cor.
2566 3990 2626 4044 τὸ
2655 3991 2838 4063 τρίτον
2874 3989 3038 4062 μέρος
3075 3992 3220 4062 legit.

2099 4149 2210 4222 (65)
2245 4150 2368 4204 οὐκ
2402 4148 2956 4222 ἐστι.,παράδεισος2
2996 4159 3105 4222 etc.
3132 4151 3318 4222 Quam
3342 4146 3440 4222 hic
3474 4145 3624 4222 refu-

2026 4215 2245 4275 tandam
2286 4220 2516 4290 suscipit
2539 4215 2874 4289 Epiphanius
2908 4215 3174 4290 ’Origenis
3205 4218 3521 4290 opinionem
3555 4215 3625 4290 de

2025 4291 2273 4359 terrestri
2318 4287 2606 4359 paradiso,
2638 4287 2878 4359 iconstat
2925 4287 3185 4354 reiecisse
3238 4287 3530 4359 deinde__et
3567 4287 3620 4340 in

2025 4354 2458 4422 Panario,num.
2499 4358 2570 4411 47
2652 4357 2924 4414 haereseos
2963 4359 3065 4426 64,
3119 4374 3242 4430 qua:
3300 4366 3385 4413 est
3431 4354 3625 4427 Orige-

356 4435 402 4507 si
436 4433 601 4487 Deum
644 4431 821 4507 ipsum
859 4432 1033 4485 oculis
1062 4439 1380 4507 usurpatum
1415 4431 1709 4507 exis-timet,
1747 4430 1926 4485 l'alsis-
1960 4453 2004 4507 υ
2033 4430 2340 4507 triariorum.

355 4504 493 4558 sima
518 4508 620 4555 εει.
655 4497 976 4569 Quanquam
1002 4499 1118 4554 scio
1137 4497 1438 4569 dubitatum
1464 4513 1492 4551 a
1515 4497 1772 4569 Patrtbus
1791 4514 1919 4552 non-

357 4573 562 4632 nullis,
633 4567 946 4624 utrumnam
1003 4569 1144 4624 beati
1198 4568 1476 4636 corporeis
1531 4569 1706 4622 oculis
1759 4567 1928 4622 Deum

354 4644 725 4708 intuerentur:
776 4647 836 4693 ut
879 4639 948 4693 ab
979 4639 1303 4708 Augustino.
1352 4637 1521 4703 Quem
1569 4637 1794 4691 consule
1831 4637 1924 4691 lib.

355 4656 663 4697 tntuerentu
713 4659 725 4693 :
776 4656 836 4693 ut
879 4656 948 4693 at)
979 4656 1303 4708 ﬂugusuno.
1352 4656 1521 4703 quem
1569 4656 1760 4691 consul

355 4728 466 4766 xxu
505 4711 582 4764 De
602 4656 744 4764 cidit.
775 4709 888 4770 Dei,
917 4723 1038 4778 cap.
1071 4708 1216 4767 ‘29,et
1247 4708 1522 4778 epist.§xi
1552 4714 1605 4760 et
1625 4721 1760 4760 cxu.

423 4781 533 4852 (6i)
563 4780 868 4852 Legendum
899 4777 1065 4852 λέγῃς
1095 4777 1577 4852 εἰνολλέγεᾏΕοιτ.

421 4845 532 4921 (62)
577 4845 839 4921 Viderunt
879 4845 1356 4921 oculi's‘prophetm
1393 4845 1581 4921 Deum,
1617 4853 1671 4900 et
1701 4860 1806 4898 non
1836 4845 1924 4921 vi-

351 4916 568 4976 derunt.
601 4919 867 4975 Viderunt
896 4933 1028 4972 sane
1058 4916 1210 4972 illum
1240 4925 1503 4986 quantum
1533 4916 1612 4986 las
1639 4924 1722 4970 est
1747 4917 1924 4972 oculis

351 4992 567 5046 carneis
588 5031 600 5054 ,
655 5005 845 5058 nempe
877 5003 1196 5058 corporean
1230 4985 1285 5058 et
1317 4985 1701 5058 aspectabilem
1735 4987 1925 5058 imagi-

350 5076 472 5114 nem
508 5076 572 5114 ar.
607 5055 1019 5115 similitudinem
1050 5057 1146 5111 Dei
1178 5057 1230 5109 in
1261 5055 1483 5123 ﬁguram
1512 5055 1748 5124 aliquam
1780 5055 1921 5109 divi-

352 5133 498 5195 nitus
532 5131 840 5192 formatam,
891 5135 944 5181 et
979 5142 1166 5181 eorum
1203 5128 1376 5180 oculis
1404 5125 1703 5192 objectam:
1734 5127 1922 5195 sicque

351 5194 474 5271 ipsi,
503 5202 871 5272 qualicunque
916 5199 1201 5272 oculorum
1250 5197 1440 5272 obtutu
1483 5196 1648 5248 videri
1687 5194 1917 5272 poterat,

348 5265 535 5341 r'eipsa'
561 5271 726 5326 Deum
763 5265 1036 5341 viderunt.
1085 5266 1202 5319 Non
1239 5267 1505 5341 viderunt
1538 5276 1716 5341 autem
1751 5265 1917 5341 Deu_u_t

347 5336 523 5410 ipsum
548 5349 815 5411 quatenus
834 5346 917 5411 est
940 5339 995 5411 in
1012 5351 1155 5399 sese,
1176 5336 1251 5388 uti
1279 5337 1366 5388 hic
1383 5337 1675 5411 superiore
1695 5351 1807 5411 cap.
1836 5336 1921 5411 _55

347 5404 552 5466 dictum
567 5404 655 5466 'est
674 5428 686 5463 :
704 5408 836 5464 Cum
862 5409 1068 5474 ubique,
1086 5417 1142 5460 ut
1170 5413 1354 5460 noster
1382 5406 1558 5474 inquit
1584 5404 1919 5474 Epiphanius

345 5484 400 5536 in
437 5481 672 5535 Panurio
727 5482 909 5550 (quem
940 5478 1135 5530 librum
1162 5476 1375 5550 duobus
1408 5476 1575 5550 lenne
1609 5475 1767 5527 annis
1797 5479 1920 5541 post

342 5555 667 5606 Ancoratum
704 5543 1148 5618 scripsit),sacrae
1181 5545 1392 5600 Littera:
1415 5545 1476 5598 de
1509 5543 1611 5618 Deo
1645 5553 1916 5618 testentur,

344 5633 506 5691 neque
531 5622 696 5676 oculis
726 5612 896 5688 ipsum
921 5612 1140 5691 percipi,
1169 5632 1329 5684 neque
1354 5612 1736 5691 eoirtprehendi,
1759 5627 1920 5691 neque

343 5682 521 5745 animo
543 5682 761 5761 cogitari
779 5682 948 5758 posse,
974 5682 1070 5761 sed
1086 5686 1140 5739 id
1155 5682 1314 5761 unum
1331 5685 1393 5736 de
1417 5683 1510 5736 illo
1527 5697 1591 5734 ea:
1613 5684 1686 5734 rei
1705 5682 1919 5761 veritate

340 5762 556 5832 percipi,
585 5757 722 5833 quod
747 5762 835 5827 sit,
878 5758 1118 5830 quodque
1154 5757 1428 5824 diligentes
1458 5768 1512 5805 se
1536 5759 1912 5803 remuneretur.

2102 4497 2217 4563 (δι)
2241 4495 2406 4567 ,Δόξα
2444 4493 2524 4560 τῷ
2552 4497 3004 4567 παντοκράτορι.
3045 4497 3104 4552 1η
3135 4496 3230 4552 illo
3259 4495 3508 4566 Apostoli
3539 4507 3621 4555 te—

2030 4565 2310 4622 stimonio.
2343 4581 2451 4635 quo
2472 4580 2532 4619 se
2551 4566 2772 4637 tertium
2792 4568 2845 4620 in
2871 4565 3070 4623 cdelum
3097 4582 3269 4637 usque
3291 4565 3620 4624 translatum

2030 4638 2262 4698 asserit,
2305 4645 2432 4690 sunt
2474 4635 2567 4704 qtti
2611 4636 2926 4703 paradisum
2974 4654 3004 4692 a
3040 4635 3617 4704 cmlddiscernentcs,

2027 4705 2279 4760 eumdem
2306 4705 2476 4778 _illum
2527 4705 2704 4760 locum
2754 4722 2876 4778 esse
2909 4709 3170 4769 sentiant,
3198 4723 3229 4762 e
3258 4722 3368 4778 quo
3404 4711 3616 4778 primus

2028 4789 2226 4847 parens
2271 4775 2478 4847 eiectus
2523 4785 2624 4841 est,
2675 4785 2728 4830 et
2794 4777 2850 4831 in
2894 4775 3415 4847 quemlutro,'pro'
3459 4794 3526 4834 eo
3553 4793 3619 4833 ac

2027 4844 2279 4919 Christus
2297 4845 2645 4919 promiserat,
2667 4844 2927 4915 receptus
2943 4855 3045 4919 e_st.
3062 4846 3140 4901 lta
3155 4844 3616 4919 Theophylartus,

2025 4923 2081 4986 et
2114 4914 2204 4969 alii
2239 4914 2456 4986 quidam
2502 4914 2826 4986 interpretes
2861 4931 2923 4971 ac
2959 4915 3174 4982 Patres,
3235 4914 3438 4986 quibus
3477 4914 3618 4973 lavet

2026 4983 2384 5054 Epiphanius.
2422 4983 2528 5039 Sed
2554 4983 2862 5054 communis
2901 4986 3130 5041 aliorum
3165 4983 3438 5042 sententia
3471 4991 3617 5044 veri—

2025 5053 2256 5109 siinilior
2289 5063 2370 5109 est
2398 5097 2410 5119 ,
2455 5053 2765 5126 paradisum
2804 5071 2902 5123 pro
2945 5057 3155 5112 etelesti
3194 5058 3368 5126 gloria
3399 5068 3452 5111 et
3485 5076 3618 5114 sua-

2025 5127 2250 5178 vissima
2301 5126 2533 5193 quadam
2581 5125 2858 5194 voluptate
2898 5134 3080 5180 suml:
3152 5125 3328 5192 neque
3378 5137 3615 5184 veterem

2026 5195 2176 5269 illum
2202 5203 2517 5247 amonntate
2547 5209 2610 5246 ac
2645 5195 2857 5269 deliciis
2884 5197 3144 5251 refertum
3174 5198 3353 5252 locum
3379 5199 3618 5269 amplius

2025 5265 2081 5317 in
2113 5281 2290 5316 rerum
2320 5280 2441 5317 esse
2483 5275 2696 5316 natura.
2733 5263 2938 5320 Penv.

2099 5333 2227 5387 Vide
2259 5333 2314 5385 S.
2356 5332 2713 5404 Epiphaniam
2752 5344 2998 5388 nostrum
3032 5336 3082 5389 in
3122 5352 3220 5390 sua
3262 5336 3500 5404 Epistola
3543 5338 3617 5390 ad

2020 5401 2279 5474 Joannem
2302 5405 2595 5470 episcopum
2623 5402 3188 5474 Ilierosolymitunum,
3216 5401 3314 5461 ubi
3340 5408 3612 5472 eamdem,

2022 5487 2187 5544 qua!!!
2216 5473 2267 5524 ίιι
2297 5474 2547 5544 ριἐιδςοιιιί
2584 5475 2823 5538 exhibet,
2850 5473 3165 5544 opinionem
3201 5489 3446 5531 renovat.
3475 5475 3614 5530 Vide

2021 5552 2072 5613 et
2099 5542 2400 5613 Ealmetum
2436 5541 2501 5595 ad
2542 5558 2663 5611 cap.
2694 5560 2768 5597 λιι
2825 5541 2996 5613 Epist.
3026 5545 3066 5598 ll
3122 5545 3188 5600 ad
3215 5546 3489 5607 Corintln,
3516 5545 3611 5600 ubi

2022 5610 2336 5688 indicantur
2369 5613 2580 5688 Patres,
2607 5610 2945 5688 quaGrazci.
2970 5631 3076 5684 qua
3101 5615 3306 5682 Latini,
3335 5618 3431 5688 qui
3460 5615 3516 5670 in
3547 5633 3605 5674 re

2021 5681 2276 5751 praesenti
2311 5697 2434 5737 cum
2466 5681 2770 5754 Epiphanio
2809 5681 3080 5741 sentiunt.
