4012 6210
399 404 499 461 11⁸5

1801 393 2239 449 ANCORATUS.

3535 394 3632 449 ιιι

393 515 489 570 καὶ
510 512 690 575 πάλιν,
737 509 1077 581 ἁρπαγέντα
1119 513 1205 575 εἰς
1239 510 1344 563 τὸν
1372 511 1757 578 παράδεισον.
1814 509 1886 560 Τὸ
1910 509 1965 560 δὲ

2073 515 2178 564 tur.
2220 506 2335 561 Non
2389 524 2529 561 emm
2580 508 2729 562 brevi
2771 510 2951 576 aliquo
3006 507 3274 563 sermonis
3318 508 3633 578 compendio

393 604 533 677 μετά
559 602 649 656 τοῦ
674 604 896 673 ἄρθρου,
926 603 1112 673 ἑτέρου
1142 601 1428 672 προσώπου
1454 602 1568 653 ἐστὶ
1593 599 1960 669 διαληπτικδν,

390 696 485 749 καὶ
510 695 694 765 ἑτέρου
735 694 933 761 τρόπου
972 693 1345 763 μεταθετικόν·
1396 693 1470 755 ὡς
1504 694 1555 744 εἴ
1588 710 1671 753 τις
1703 691 1813 760 ἔχει
1842 691 1966 761 ὅρος

391 787 487 840 καὶ
518 785 761 846 πεδιάδα,
790 786 888 854 τὴν
919 785 975 837 δὲ
1007 784 1227 838 πεδιάδα
1275 782 1708 853 ὲγκυκλεύουσαν
1733 781 1792 833 τὸ
1821 782 1961 852 ὅρος,

391 877 681 948 βουληθείη
727 878 784 931 δὲ
826 877 905 939 εἰς
947 876 1008 928 τὸ
1045 874 1218 945 πέραν
1268 874 1360 927 τοῦ
1410 874 1569 946 ὅρους
1610 876 1665 926 ὲν
1696 877 1763 944 τῇ
1802 872 1964 925 αὑτοῦ

392 968 605 1021 πεδιάδι
640 964 1067 1037 παραγενέσθαι,
1109 965 1205 1018 καὶ
1251 966 1341 1018 ὅτε
1384 964 1481 1034 μὲν
1510 964 1728 1033 θελήσει
1758 962 1845 1016 διά
1868 952 1967 1033 τῆς

395 1058 645 1120 πεδιάδος
689 1058 789 1127 τὴν
832 1055 1139 1126 ὁδοιπορίαν
1174 1053 1525 1124 ποιήσασθαι,
1569 1054 1647 1115 εἰς
1684 1052 1775 1105 τὸν
1806 1052 1968 1105 τόπον

390 1150 527 1212 ὃπου
569 1148 613 1202 δ’
657 1147 723 1200 ἂν
747 1146 873 1220 ἔλθῃ
898 1144 992 1199 τοῦ
1036 1147 1195 1217 ὅρους
1244 1145 1504 1210 ἀνελθεῖν,
1551 1144 1773 1198 δυνατὸν
1817 1142 1967 1196 ἔσται

392 1238 543 1309 αὐτῷ
565 1236 722 1290 τοῦτο
744 1253 757 1269 ·
790 1238 839 1289 εἰ
864 1236 918 1288 δὲ
943 1235 1158 1306 θελήσει
1185 1234 1400 1305 πρῶτον
1426 1234 1526 1304 μὲν
1553 1234 1788 1305 ἐμϐῆναι
1813 1235 1891 1297 εἰς
1907 1233 1968 1286 τὸ

392 1330 538 1401 ὅρος,
588 1328 682 1382 καὶ
713 1327 820 1381 ἀπὸ
868 1326 959 1380 τοῦ
1009 1326 1167 1397 ὅρους
1214 1325 1372 1379 πάλιν
1419 1327 1501 1388 εἰς
1541 1325 1633 1377 τὸν
1680 1326 1843 1377 τόπον
1870 1324 1968 1395 τῆς

395 1417 641 1481 πεδιάδος
688 1417 786 1486 τῆς
827 1415 1084 1469 ἐπέκεινα
1109 1412 1203 1467 τοῦ
1240 1414 1397 1484 ὅρους
1430 1412 1704 1481 γενέσθαι,
1750 1412 1844 1465 καὶ
1875 1411 1968 1465 οὖ-

391 1526 500 1573 τως
533 1508 679 1578 αὐτῷ
712 1507 936 1562 δυνατόν
958 1524 973 1537 ο
1027 1505 1171 1559 οὕτω
1223 1524 1313 1576 μοι
1338 1506 1448 1558 νόει
1485 1506 1577 1558 δια)⁸
1605 1504 1666 1557 τὸ
1710 1505 1837 1575 περὶ
1874 1504 1966 1557 τοῦ

408 1599 726 1653 Ἀποστόλου
759 1597 1044 1669 εἰρημένον
1063 1613 1079 1628 °
1130 1595 1341 1667 πρῶτον
1378 1596 1475 1666 μὲν
1507 1596 1583 1658 εἰς
1624 1594 1715 1647 τὸν
1744 1593 1967 1664 οὐρανὸν

394 1689 813 1760 ἀναϐεϐηκέναι,
850 1689 993 1742 κατὰ
1016 1688 1079 1741 τὸ
1110 1687 1396 1757 εἰρημένον
1415 1702 1427 1714 ·
1475 1685 1701 1753 Κατέὄη
1731 1689 1763 1739 ό
1792 1686 1967 1741 ἀδελ-

390 1781 604 1850 φιδοῦς
621 1798 741 1850 μου
783 1782 871 1846 εἰς
908 1779 1015 1833 τὸν
1060 1775 1260 1845 κῆπον
1292 1776 1495 1831 αὑτοῦ.
1550 1777 1661 1830 Καὶ
1705 1779 1733 1830 ό
1778 1777 1968 1846 Σωτήρ

393 1886 558 1943 φησι·
587 1871 856 1941 Σήμερον
869 1869 997 1940 μετ’
1015 1867 1162 1923 ἐμοῦ
1184 1867 1297 1936 ἔσῃ
1323 1867 1393 1921 ἐν
1422 1866 1502 1932 τῷ
1534 1866 1891 1934 παραδείσῳ.

464 2125 596 2180 NE'.
635 2127 698 2179 Εἰ
720 2126 775 2179 δὲ
803 2126 904 2179 οὑκ
931 2125 1079 2180 ἔστιν
1108 2127 1199 2179 ἐπὶ
1228 2126 1333 2195 γῆς
1362 2126 1709 2196 παράδεισος,
1745 2128 1839 2180 καὶ
1869 2127 1970 2179 οὐκ

393 2217 622 2289 ἀληθινά
650 2217 717 2270 τὰ
744 2219 802 2271 ὲν
832 2218 1047 2270 Γενέσει
1079 2218 1460 2288 γεγραμμένα,
1492 2217 1626 2270 ἀλλὰ
1652 2218 1969 2288 ἀλληγορεῖ-

391 2327 502 2373 ται,
528 2310 678 2363 οὐδὲν
709 2310 788 2364 ἔνι
833 2313 931 2381 τῆς
960 2309 1277 2374 ἀκολουθίας
1298 2349 1311 2373 ,
1368 2310 1503 2383 ἀλλὰ
1533 2310 1711 2363 πάντα
1744 2310 1971 2380 ἀλληγο-

395 2401 633 2473 ροῦνται.
670 2402 775 2455 Ἕν
800 2401 959 2471 ἀρχῇ
984 2401 1091 2471 γὰρ
1116 2402 1404 2469 ἐποίησεν
1431 2405 1463 2455 ό
1494 2403 1635 2465 Θεὸς
1659 2401 1767 2455 τὸν
1794 2405 1972 2469 οὐρα-

392 2493 506 2546 νὸν
544 2492 643 2546 καὶ
673 2491 788 2561 τὴν
829 2491 975 2563 γῆν·
1030 2494 1124 2547 καὶ
1160 2494 1262 2545 οὐκ
1302 2484 1454 2547 ἔστιν
1499 2494 1969 2566 ἀλληγορούμενα,

392 2581 507 2636 ἀλλ’
555 2583 754 2655 ὁρατά·
798 2585 894 2637 καὶ
942 2584 1266 2655 στερέωμα,
1315 2586 1483 2654 φησὶ,
1535 2585 1629 2639 καί¹
1669 2585 1966 2653 θάλασσαν,

390 2672 595 2744 βλαστή
606 2674 751 2745 ματά
780 2690 840 2727 τε
870 2675 967 2739 καὶ,
1000 2674 1131 2739 ξύλα
1173 2676 1267 2731 καὶ
1314 2675 1562 2746 βοτάνας,
1591 2677 1805 2748 χόρτον,
1833 2678 1967 2744 ζῶα,

397 2758 606 2829 ἰχθύας,
642 2759 825 2831 ὄρνεα,
853 2762 1032 2817 πάντα
1070 2765 1140 2817 τὰ
1166 2764 1423 2835 ὁρώμενα
1459 2768 1517 2820 ὲν
1550 2766 1780 2839 ἀληθείᾳ
1810 2785 1970 2837 γεγο-

393 2852 555 2918 νότα,
608 2852 896 2923 ἄνθρωπον
941 2857 1000 2909 ὲν
1047 2855 1278 2927 ἀληθείᾳ
1326 2857 1385 2911 ὃν
1429 2858 1704 2930 ἐποίησεν.
1737 2859 1971 2930 Ἔθηκει

388 2943 571 2998 τοίνυν
614 2944 803 2999 τοῦτον
850 2946 909 3000 ὃν
962 2946 1200 3002 ἔπλασεν
1236 2950 1295 3002 ὲν
1340 2948 1419 3019 τῷ
1459 2949 1772 3022 παραδείσῳ
1791 2990 1805 3016 ,
1853 2952 1972 3004 κατ’

393 3036 577 3090 εἰκόνα
630 3038 859 3109 ποιήσας
906 3038 998 3092 τὸν
1046 3039 1210 3093 αὑτὸν
1263 3040 1578 3112 ἄνθρωπον,
1626 3045 1749 3097 κατ’
1788 3044 1973 3099 εἰκόνα

2066 598 2261 654 omium
2296 612 2417 649 cum
2455 597 2708 665 paradiso
2748 598 3053 652 confundit.
3096 598 3257 661 Novi,
3297 599 3496 667 inquit,
3537 599 3634 651 ho-

2065 690 2253 741 minem
2301 700 2505 755 raplum
2539 690 2593 740 in
2629 691 2838 742 tertium
2874 706 3032 760 usque
3060 691 3280 752 ca’lum,‘
3313 700 3366 743 ct
3409 695 3635 754 iterum,

2067 793 2275 849 raptum
2300 783 2352 834 in
2374 781 2706 848 paradisum.
2736 782 2871 835 Nam
2894 784 2981 835 cui
3007 784 3271 836 articulus
3300 782 3635 852 adjnngitur,

2067 873 2118 927 id
2162 872 2474 926 distinctam
2510 872 2799 942 quamdam
2836 888 3121 941 personam
3163 874 3435 944 exprimit,
3477 883 3531 928 et
3569 873 3637 927 ad

2068 963 2233 1016 alium
2285 962 2506 1017 modum
2561 962 2670 1032 58
2721 964 2979 1018 traducit.
3034 964 3264 1019 Perinde
3312 979 3374 1018 ac
3423 966 3469 1019 si
3515 966 3640 1035 quis

2068 1060 2304 1108 montem
2339 1061 2392 1107 et
2423 1053 2698 1123 planitiem
2734 1053 3027 1124 possideat,
3061 1070 3180 1123 quae
3214 1055 3382 1109 monti
3414 1056 3644 1111 circum~

2070 1141 2191 1197 fusa
2221 1144 2321 1206 sit;
2349 1143 2419 1209 is,
2441 1144 2485 1199 si
2523 1143 2663 1197 ultra
2689 1151 2927 1199 montem
2958 1144 3024 1197 ad
3053 1160 3302 1213 campum
3332 1161 3491 1199 suum
3516 1160 3640 1214 per-

2068 1252 2194 1307 gere
2224 1237 2373 1299 vel't,
2426 1243 2601 1305 potest
2630 1235 2869 1304 quidem,
2911 1235 2956 1290 si
2990 1233 3229 1300 libuerit,
3262 1235 3365 1289 iter
3394 1249 3488 1303 per
3526 1236 3642 1304 pla-

2068 1328 2254 1382 nitiem
2292 1327 2463 1396 ipsam
2506 1327 2777 1397 progredi,
2809 1336 2863 1380 et
2888 1326 2953 1380 ad
2989 1341 3373 1396 quamcunque
3414 1324 3646 1380 voluerit

2070 1417 2233 1471 menti
2263 1415 2560 1485 subjectam
2597 1415 2879 1485 pervenire
2911 1423 3117 1485 partem
3153 1434 3164 1469 :
3199 1415 3281 1469 sin
3308 1414 3459 1484 prius
3491 1427 3647 1467 mon-

2069 1517 2175 1563 tem
2209 1509 2577 1563 conscendere
2601 1515 2654 1563 et
2674 1522 2703 1561 e
2728 1514 2910 1561 monte
2940 1507 2992 1560 in
3025 1506 3323 1592 planitiem,
3351 1521 3472 1575 qua:
3504 1502 3642 1559 ultra

2070 1606 2309 1652 montem
2348 1605 2453 1660 est,
2488 1596 2824 1651 descendere
2873 1596 3126 1659 voluerit,
3166 1610 3276 1649 non
3321 1595 3500 1650 minus
3544 1594 3649 1647 hoc

2071 1698 2330 1761 praestare
2361 1690 2579 1760 poterit.
2615 1689 2697 1742 Ad
2746 1688 2893 1742 hunc
2926 1688 3111 1757 itaque
3150 1704 3370 1743 sensum
3405 1686 3547 1742 refer
3594 1685 3647 1738 id

2070 1782 2213 1851 quod
2246 1782 2313 1836 de
2339 1782 2599 1851 Apostolo
2622 1782 2827 1836 dictum
2857 1788 2960 1847 est,
2986 1789 3043 1834 ut
3062 1781 3152 1846 ille
3183 1779 3417 1850 primum
3450 1781 3504 1833 in
3532 1792 3647 1835 cce-

2074 1875 2183 1927 lum
2218 1873 2633 1928 conscenderit:
2664 1887 2763 1941 pro
2783 1888 2847 1927 eo
2874 1887 2936 1926 ac
2963 1874 3228 1941 scriptum
3261 1878 3343 1925 est
3371 1889 3384 1925 :
3420 1870 3648 1923 Bascau-

2072 1964 2150 2017 dit
2187 1963 2460 2033 fratruelis
2496 1979 2646 2016 meus
2674 1963 2729 2016 in
2769 1964 2980 2015 hortum
3010 1978 3163 2015 suum
3187 1963 3229 2015 ¹.
3260 1963 3325 2015 At
3355 1960 3644 2014 Salvator:

2080 2054 2267 2118 Hodie,
2304 2054 2501 2123 inquit,
2538 2069 2738 2106 mecum
2767 2054 2871 2105 eris
2904 2054 2957 2106 in
2994 2050 3245 2121 paradiso
3276 2049 3316 2103 ³.

2145 2144 2254 2198 LV.
2295 2143 2498 2210 Quodsi
2557 2157 2825 2212 nusquam
2856 2150 2938 2197 est
2966 2145 3018 2196 in
3048 2150 3189 2195 terra
3224 2140 3529 2209 paradisus,
3557 2153 3651 2194 ne-

2071 2250 2177 2304 que
2212 2249 2336 2288 vera
2371 2242 2517 2295 sunt,
2549 2249 2669 2303 quae
2703 2234 2755 2305 in
2792 2231 2985 2285 Genesi
3017 2232 3387 2294 continentur,
3427 2231 3524 2285 sed
3568 2230 3650 2283 al—

2071 2321 2307 2391 legorice
2340 2320 2629 2375 dicuntur:
2657 2320 2789 2373 nihil
2817 2319 3076 2388 deinceps
3102 2334 3443 2389 consequens
3458 2334 3522 2373 ac
3560 2334 3651 2374 νο-

2073 2413 2222 2467 ritati
2269 2422 2700 2467 consentaneum
2743 2412 2865 2477 erit,
2914 2411 3006 2465 sed
3055 2410 3121 2463 ad
3170 2410 3485 2479 allegoriam
3531 2408 3652 2463 uni-

2071 2518 2229 2558 versa
2261 2502 2686 2557 transferuntur.
2736 2501 2801 2555 In
2844 2502 3104 2570 principio
3160 2501 3305 2554 enim
3356 2500 3477 2567 fecit
3509 2498 3652 2554 Deus

2075 2594 2257 2649 coelum
2292 2603 2342 2648 et
2379 2603 2574 2647 terram
2597 2596 2654 2661 *;
2688 2609 2808 2663 quae
2839 2608 2946 2646 non
2980 2592 3267 2662 allegorice
3300 2590 3607 2659 signiﬁcata
3633 2629 3648 2655 ,

2074 2685 2170 2742 sed
2203 2686 2555 2757 aspectabilia
2601 2693 2750 2741 sunt.
2788 2684 2929 2739 Tum
2963 2683 3386 2748 ﬁrmamentum,
3433 2682 3651 2753 inquit,

2074 2786 2128 2833 et
2168 2792 2336 2843 mare,
2386 2778 2630 2848 germina
2653 2818 2667 2842 ,
2707 2778 2954 2841 arbores,
2999 2776 3218 2842 herbas,
3256 2790 3499 2846 gramen,
3535 2775 3654 2829 ani-

2075 2868 2269 2934 malia,
2318 2868 2531 2938 pisces,
2583 2884 2742 2932 aves,
2791 2875 2986 2923 caetera
3035 2866 3272 2936 denique
3309 2882 3430 2936 quae
3477 2866 3653 2921 oculis

2074 2966 2413 3028 usurpantur
2447 2975 2511 3013 ac
2535 2976 2597 3014 re
2619 2974 2746 3014 vera
2776 2959 3035 3029 producta
3066 2967 3224 3021 sunt,
3279 2967 3441 3027 atque
3473 2958 3655 3011 homi-

2075 3064 2232 3113 nem,
2291 3065 2451 3119 quem
2503 3065 2689 3104 revera
2739 3050 3012 3119 produxit.
3069 3047 3226 3102 llnne
3272 3049 3440 3118 igitur
3489 3063 3652 3117 quem

391 3124 529 3179 Θεοῦ
557 3126 636 3180 δέ.
663 3127 755 3199 Μὴ
779 3128 1144 3199 περιεργάζου
1158 3129 1269 3199 (65)
1293 3130 1352 3183 δὲ
1379 3130 1473 3184 τοῦ
1495 3132 1629 3185 Θεοῦ
1650 3134 1969 3205 δωρήματα,

2079 3136 2361 3201 formarat,
2398 3139 2450 3192 in
2481 3138 2737 3208 paradiso
2774 3139 3083 3203 collocavit,
3125 3153 3249 3192 cum
3287 3138 3433 3191 hunc
3470 3139 3651 3207 ipsum

392 3216 461 3270 τὰ
485 3216 627 3271 κατὰ
657 3219 815 3291 χάριν
858 3218 937 3290 τῷ
972 3219 1245 3292 ἀνθρώπῳ
1288 3221 1567 3292 δεδομένα.
1619 3224 1734 3275 Ούκ
1772 3224 1969 3294 ἀρνού-

397 3306 537 3375 μεθα
562 3305 673 3376 (66)
699 3307 906 3372 πάντας
930 3309 1249 3381 ἀνθρώπους
1272 3306 1416 3364 εἰναι
1437 3313 1557 3364 κατ’
1581 3311 1765 3365 εἰκόνα
1796 3311 1933 3365 Θεοῦ
1955 3328 1966 3342 ·

393 3396 458 3451 τὺ
482 3398 538 3450 δὲ
563 3398 682 3463 πῶς
714 3399 775 3452 ού
809 3402 1286 3472 περιεργαζόμεθα
1314 3403 1375 3455 τὸ
1404 3406 1533 3457 κατ’
1566 3404 1791 3457 εἰκόνα.
1834 3402 1970 3456 Οὔτε

393 3487 505 3560 γὰρ
532 3488 594 3541 τὸ
620 3490 845 3562 πλάσμα
870 3492 1097 3563 νοοῦμεν
1123 3496 1241 3547 κατ’
1267 3493 1471 3558 εἰκόνα,
1495 3493 1618 3548 οὗτε
1645 3494 1742 3565 τὴν
1771 3494 1968 3565 ψυχὴν,

395 3578 521 3632 οὔτε
545 3579 637 3634 τδν
664 3581 813 3646 νοῦν,
845 3582 968 3636 οὔτε
1011 3583 1109 3654 τὴν
1141 3585 1342 3656 ἀρετήν
1363 3602 1377 3616 ·
1431 3584 1603 3638 πολλά
1627 3585 1737 3657 γάρ
1756 3590 1877 3640 ἐστι
1902 3584 1974 3638 τὰ

397 3671 675 3727 κωλύοντά
702 3692 769 3745 με
802 3674 980 3743 λέγειν
1002 3692 1016 3706 ι
1053 3677 1169 3729 ἀλλ’
1202 3677 1327 3730 οὔτε
1352 3675 1583 3747 λέγομεν
1613 3677 1675 3730 τὸ
1703 3676 1862 3746 σῶμα
1897 3677 1971 3747 μὴ

396 3760 536 3819 εἶναι
564 3769 685 3820 κατ’
708 3767 911 3831 εἰκόνα,
931 3767 1055 3820 οὔτε
1082 3768 1181 3839 τὴν
1204 3768 1399 3838 ψυχήν.
1429 3768 1644 3821 Πιστῶν
1669 3767 1725 3820 δὲ
1753 3768 1814 3821 τὸ
1845 3770 1974 3837 ὁμο-

396 3854 575 3923 λογεῖν
602 3855 699 3925 τὴν
728 3856 970 3928 Γραφὴν,
993 3858 1088 3910 καί¹
1112 3857 1188 3927 μὴ
1220 3857 1500 3927 ἀρνεῖσθαι
1524 3875 1537 3889 ο
1558 3857 1803 3911 ἀπίστων
1830 3857 1886 3911 δὲ
1910 3858 1971 3910 τὸ

395 3942 608 3998 ἀθετεῖν
634 3944 733 4015 τὴν
759 3945 939 4015 χάριν.
971 3946 1155 3999 Ἔστιν
1175 3942 1267 3999 οὖν
1297 3948 1354 3998 ὲν
1376 3945 1454 4015 τῷ
1478 3946 1573 3999 ἀνθ
1584 3946 1747 4016 ρώπῳ
1767 3946 1827 3999 τὸ
1850 3948 1970 4000 κατ’

394 4035 599 4101 εἰκόνα,
631 4035 790 4099 αὐτὸς
820 4035 876 4089 δὲ
900 4033 1038 4089 οἶδεν
1058 4039 1085 4090 ὁ
1105 4036 1237 4099 Θεὸς
1265 4037 1324 4089 τὸ
1357 4036 1475 4099 πῶς
1508 4036 1673 4090 ἔστιν.
1711 4038 1835 4091 Ἐὰν
1862 4038 1971 4108 γὰρ

394 4126 573 4199 εῐπῃς,
604 4126 715 4180 Τὸν
741 4126 1054 4195 ἄνθρωπον
1083 4128 1332 4195 ἐποίησε
1359 4128 1482 4179 κατ’
1512 4129 1733 4193 εἰκόνα,
1766 4129 1861 4180 καὶ
1887 4146 1972 4181 νο-

398 4216 562 4290 μίσῃς
576 4212 788 4271 εἶναιτὸ
810 4218 991 4289 σῶμα,
1017 4219 1045 4270 ὁ
1065 4219 1121 4271 δὲ
1141 4219 1272 4281 Θεὸς
1291 4219 1540 4289 ἀόρατος,
1566 4220 1970 4288 ἀκατάληπτος,

394 4308 778 4381 ἀπερινόητος·
810 4311 925 4381 (ὡς)
954 4311 1014 4365 τὸ
1032 4310 1226 4381 ὁρατὸν
1252 4311 1344 4363 καὶ
1369 4311 1714 4379 κατειληπτὸν
1746 4313 1839 4364 καὶ
1867 4311 1971 4363 ὑπὸ

397 4400 541 4471 ἁφὴν
570 4402 861 4471 ἐμπίπτον,
894 4402 1057 4455 εἰκὼν
1086 4401 1238 4455 ἔσται
1269 4401 1617 4472 τοῦάοράτου
1650 4402 1744 4454 καὶ
1768 4402 1972 4455 ἀκατα-

2077 3227 2352 3281 hominem
2388 3243 2542 3282 suam
2588 3228 2653 3281 ad
2692 3228 2980 3297 imaginem
3029 3227 3267 3291 fecisset,
3320 3227 3608 3296 imaginem
3636 3266 3651 3290 ,

2075 3316 2319 3387 inquam,
2354 3317 2469 3372 Dei.
2504 3317 2584 3371 Tu
2615 3333 2745 3372 vero
2778 3316 2921 3370 dona
2956 3315 3049 3371 Dei
3079 3316 3354 3371 curiosius
3383 3330 3516 3371 cave
3539 3331 3656 3385 per-

2074 3408 2359 3472 scruteris,
2407 3423 2529 3477 quae
2577 3408 2780 3462 homini
2831 3407 2925 3462 Dei
2977 3407 3147 3478 gratia
3182 3423 3447 3463 concessa
3501 3414 3652 3463 sunt.

2073 3495 2190 3551 Non
2239 3512 2500 3567 negamus
2551 3497 2801 3553 homines
2848 3512 3041 3551 omnes
3087 3497 3155 3551 ad
3210 3497 3501 3566 imaginem
3559 3495 3657 3550 Dei

2072 3604 2193 3643 esse
2242 3587 2434 3643 factos.
2475 3588 2761 3653 Quomodo
2805 3604 2934 3643 vero
2976 3588 3155 3657 imago
3203 3590 3292 3642 illa
3338 3589 3659 3658 accipienda

2074 3679 2166 3742 sit,
2197 3694 2303 3732 non
2337 3678 2627 3733 admodum
2664 3681 3016 3749 inquirimus.
3054 3678 3238 3749 Neque
3267 3681 3413 3734 enim
3448 3680 3620 3732 forma
3642 3710 3655 3718 -

2075 3779 2188 3824 tum
2220 3771 2398 3841 ipsum
2431 3786 2630 3839 corpus
2665 3770 2732 3825 ad
2771 3772 3063 3840 imaginem
3107 3786 3231 3825 esse
3260 3771 3528 3835 dicimus;
3559 3784 3654 3823 ne-

2074 3876 2179 3929 que
2207 3859 2347 3915 hanc
2376 3862 2430 3914 in
2461 3861 2643 3914 anima
2676 3901 2689 3925 ,
2715 3862 2801 3915 vel
2833 3870 3034 3923 mente,
3071 3863 3152 3917 vel
3184 3862 3382 3917 virtute
3411 3864 3651 3915 colloca-

2074 3967 2240 4007 mus:
2296 3952 2463 4005 multa
2506 3952 2705 4021 quippe
2744 3961 2873 4007 sunt
2920 3969 3040 4021 qua:
3081 3953 3133 4005 id
3182 3968 3429 4007 asserere
3478 3951 3654 4020 prohi-

2074 4042 2253 4107 beant,
2286 4042 2383 4097 sed
2429 4057 2604 4111 neque
2636 4058 2836 4111 corpus
2860 4080 2872 4104 ,
2909 4058 3084 4110 neque
3118 4043 3352 4095 animam
3398 4042 3465 4095 ad
3513 4042 3652 4095 ima«

2073 4130 2251 4199 ginem
2282 4145 2404 4184 esse
2430 4146 2713 4199 negamus.
2745 4129 3010 4183 Fidelimn
3042 4144 3203 4195 porro
3232 4138 3317 4182 est
3348 4130 3655 4197 Scriptura-

2076 4236 2196 4273 rum
2230 4221 2510 4274 veritatem
2544 4235 2648 4273 non
2678 4220 2928 4283 inliciari,
2983 4220 3077 4274 sed
3120 4220 3354 4290 ingenue
3386 4221 3649 4289 proﬁteri,

2075 4309 2532 4379 quemadmodum
2594 4310 2893 4364 inﬁdelium
2933 4319 3017 4365 est
3066 4312 3356 4381 repudiare
3396 4313 3650 4382 gratiam.

2077 4402 2420 4472 Quapmpter
2467 4403 2608 4457 inest
2649 4402 2865 4472 quidem
2908 4403 2961 4455 in
3010 4404 3226 4456 homine
3264 4403 3395 4457 illud
3434 4404 3650 4472 ipsum,
3726 4472 3729 4475 _

394 4493 616 4562 λήπτου.
648 4494 755 4547 Καὶ
776 4494 872 4548 ἐὰν
891 4494 1072 4565 εἴπῃς,
1096 4493 1213 4548 Οὐκ
1235 4493 1433 4547 ἔστιτὸ
1456 4494 1614 4562 σῶμα
1629 4495 1746 4546 κατ’
1766 4493 1967 4546 εἰκόνα·

2077 4493 2221 4563 quod
2268 4493 2335 4548 ad
2378 4493 2665 4563 imaginem
2708 4509 3024 4562 expressum
3070 4494 3266 4548 dicitur
3296 4514 3306 4549 :
3339 4492 3651 4562 cuiusmodi

399 4586 632 4649 Ἕλαϐε,
665 4587 818 4657 φησὶ,
851 4587 1003 4656 χοῦν
1031 4586 1138 4656 (67)
1160 4586 1279 4641 ἀπὸ
1302 4586 1412 4655 τῆς
1440 4586 1573 4655 τῆς,
1610 4587 1708 4639 καὶ
1735 4586 1969 4639 ἔπλασε

393 4676 502 4731 τὸν
529 4678 873 4746 ἄνθρωπονο
922 4680 1017 4730 καὶ
1052 4678 1337 4750 ἄνθρωπον
1369 4678 1523 4731 καλεῖ
1557 4679 1614 4731 τὸ
1643 4678 1842 4749 χοῖκὸν,
1879 4679 1971 4731 καὶ

466 4836 483 4868 ⁸
524 4853 612 4905 γρ.
646 4835 726 4889 ἔτι
756 4836 867 4888 καί.
946 4838 965 4866 ¹
994 4834 1152 4889 Cant.
1186 4851 1257 4900 γι,
1291 4836 1336 4887 l.

463 4991 577 5061 (65)
612 4990 708 5058 Μὴ
740 4991 1150 5061 περιεργάζου,
1183 5000 1289 5047 etc.
1340 4990 1617 5058 Superiori
1651 5005 1879 5061 numero
1908 4990 1973 5061 18

392 5058 534 5118 idem
579 5058 963 5115 documentum
998 5063 1283 5116 insinuans
1326 5062 1572 5122 dixerat,
1630 5060 1705 5130 μὴ
1731 5058 1882 5129 ζήτει
1906 5058 1974 5112 τὰ

397 5132 474 5213 μὴ
498 5129 982 5213 ζητούμεναπγιιίθ
1006 5148 1124 5200 qua:
1150 5133 1343 5213 de_hac
1371 5131 1574 5213 ingenii
1600 5129 1972 5183 moderatione

394 5200 647 5257 in’rebus
692 5201 975 5270 theologia:
1003 5203 1287 5257 versandis
1332 5200 1622 5255 utilissima
1670 5214 1822 5265 sane,
1861 5215 1970 5254 non

394 5271 558 5327 semel
593 5272 646 5322 in
670 5271 1045 5337 superioribus
1074 5273 1403 5324 monuimus.

466 5342 575 5407 (66)
611 5341 732 5392 Οὐκ
748 5336 1114 5408 ἀρνούμεθα,
1141 5351 1249 5395 etc.
1277 5341 1556 5393 Hominem
1580 5338 1645 5392 ad
1680 5336 1967 5408 imaginem

399 5410 488 5465 Dei
519 5425 641 5465 esse
666 5409 872 5463 factum
903 5407 1158 5464 Ecclesia:
1189 5412 1480 5464 traditione
1509 5415 1848 5476 compertum
1873 5407 1969 5459 ha-

398 5481 606 5545 bemus,
626 5480 1085 5548 quemadmodum
1110 5480 1492 5533 animadvertit
1521 5490 1713 5548 noster
1730 5476 1970 5546 Epipha-

397 5550 521 5604 nius
559 5552 611 5603 in
645 5546 832 5603 haeresi
871 5550 958 5610 τι»,
1003 5565 1124 5616 qum
1159 5559 1243 5602 est
1280 5550 1674 5613 Andiamn'nm,
1703 5546 1793 5600 Dei
1838 5548 1971 5599 ima-

399 5620 575 5686 ginem
604 5621 655 5672 in
685 5620 920 5673 hominis
946 5634 1173 5687 corpore
1196 5620 1625 5686 agnoscentinm,
1650 5618 1794 5685 quod
1817 5617 1969 5687 gravi

398 5684 750 5757 Estipericulo
779 5684 1094 5745 obnoxium.
1146 5684 1315 5743 Eo'in
1356 5690 1476 5742 loco
1509 5688 1611 5742 sub
1641 5684 1883 5740 numeris
1911 5684 1965 5749 2,

400 5761 454 5827 '5,
477 5756 587 5814 {et
609 5758 665 5825 5,
690 5760 933 5829 pluribus
965 5776 1130 5832 quam
1181 5760 1268 5814 hic
1304 5758 1363 5814 in
1386 5758 1651 5813 Ancorato
1688 5771 1800 5813 rem
1832 5770 1970 5824 prae-

2079 4600 2208 4640 vero
2240 4585 2312 4640 sit
2337 4585 2486 4649 illud,
2523 4586 2623 4639 soli
2666 4586 2777 4641 Deo
2805 4586 3082 4655 cognitum
3114 4594 3217 4640 est.
3261 4586 3397 4639 Nam
3430 4586 3477 4640 si
3509 4584 3668 4638 dixe-

2079 4680 2157 4732 ris
2195 4678 2469 4733 hominem
2501 4678 2566 4732 ad
2602 4678 2890 4749 imaginem
2931 4695 3054 4734 esse
3100 4678 3189 4733 Dei
3230 4677 3456 4742 factum,
3506 4691 3657 4733 eam-

1417 4837 1436 4865 ³
1477 4834 1608 4889 Luc.
1640 4850 1797 4898 χχιιι,
1832 4835 1920 4889 45.
1998 4835 2019 4867 δ
2050 4832 2185 4889 Gen.
2220 4853 2255 4901 ι,
2290 4837 2312 4888 1
2351 4852 2471 4906 sqq.

2075 4998 2281 5045 sentem
2320 4996 2538 5062 tractat.
2591 4989 2714 5043 Vult
2744 4992 3008 5045 sollicitos
3044 5006 3143 5046 nos
3179 5008 3299 5047 esse
3336 5009 3442 5046 non
3490 5010 3653 5062 opor-

2073 5068 2208 5122 tere,
2242 5066 2307 5130 ut
2339 5060 2726 5127 investigemus
2766 5062 2816 5113 in
2855 5078 2984 5129 quo,
3017 5070 3112 5114 aut
3150 5063 3422 5130 quomodo
3451 5060 3538 5118 siti
3558 5064 3651 5119 Dei

2072 5130 2250 5198 imago
2298 5129 2351 5182 in
2398 5130 2617 5183 homine
2656 5132 2975 5184 constituta.
3035 5131 3101 5183 Et
3153 5129 3273 5185 ideo
3315 5149 3505 5187 omnes
3543 5135 3653 5188 fere

2064 5206 2337 5253 memorat
2367 5200 2653 5267 opiniones
2682 5216 2801 5268 qua:
2827 5215 2889 5254 ea
2914 5201 2991 5255 de
3010 5216 3066 5255 re
3092 5218 3189 5255 sua
3225 5212 3383 5255 auate
3409 5204 3650 5257 circum-

2068 5269 2403 5341 ierebantur,
2458 5284 2755 5338 omnesque
2786 5271 3012 5334 refellit;
3047 5272 3192 5339 quod
3224 5274 3347 5327 licet
3378 5274 3650 5341 pauciori-

2068 5336 2168 5392 bus
2201 5345 2254 5392 et
2293 5339 2379 5391 hic
2416 5348 2634 5407 prtestat
2665 5336 2717 5392 in
2746 5340 3031 5393 Ancorato.

2144 5407 2254 5477 (67)
2291 5409 2532 5472 νΕλαϐε,
2568 5410 2741 5475 φησί,
2770 5410 2941 5477 χοῦν,
2978 5421 3081 5463 etc.
3118 5410 3194 5464 ΕΟ
3226 5412 3516 5465 utebantur
3542 5410 3647 5461 Ge-

2071 5493 2264 5533 neseos
2317 5478 2627 5531 testimonio
2660 5478 2916 5537 Audiani.
2956 5488 3011 5533 ut
3040 5488 3337 5534 statuerent
3377 5479 3466 5529 Dei
3508 5480 3644 5529 ima-

2071 5548 2249 5614 ginem
2286 5564 2407 5602 csse
2436 5547 2593 5601 sitam
2622 5550 2674 5600 in
2702 5550 2935 5602 hominis
2965 5566 3213 5615 corpore.
3253 5550 3381 5599 Vide
3413 5547 3646 5613 Enimn--

2071 5617 2221 5670 nium
2249 5627 2546 5671 memorata
2583 5635 2754 5686 nuper
2781 5618 2833 5669 in
2865 5619 3055 5671 lian'esi
3089 5617 3174 5668 70.
3234 5619 3521 5686 Explorato
3559 5633 3645 5669 res

2069 5686 2368 5757 esl,eodem_
2385 5685 2695 5757 testimonio
2720 5688 2868 5740 abuti
2897 5687 3266 5752 consuevissc,
3293 5685 3387 5756 qui
3410 5687 3644 5740 errando

2068 5755 2320 5812 dicebant
2354 5755 2520 5812 Deum
2551 5774 2670 5811 esse
2701 5770 3039 5823 corporeum.
