4012 6210
350 403 454 459 115

1746 418 1803 472 S.
1846 418 2187 490 EPlPilANll

3461 438 3590 495 silli

340 536 449 588 que
473 535 705 591 corpore
731 521 1042 592 definieris;
1079 543 1201 583 cum
1227 526 1370 585 Deus
1396 545 1573 601 neque
1597 532 1766 588 videri
1790 549 1915 589 ocu—

2022 538 2301 609 ἄνθρωπον
2332 541 2489 596 καλεῖ
2511 543 2573 597 τὸ
2604 542 2831 614 ψυχικόν
2849 561 2863 575 °
2921 546 3293 616 Ἐνεφύσησε
3321 549 3453 622 γὰρ,
3483 569 3590 624 φη.

342 610 437 672 lis,
465 627 640 683 neque
665 616 1072 687 comprehendi,
1115 636 1293 689 neque
1321 621 1673 693 intelligentia
1699 627 1915 697 concipi

339 705 516 775 possit
547 722 561 760 :
592 705 737 775 quod
765 709 933 779 aspici
975 710 1470 781 comprehendique
1525 723 1703 784 potest
1752 724 1915 787 atque

337 802 488 852 tat-tu
538 797 778 868 percipi,
845 799 966 868 ejus
1010 800 1155 868 quod
1203 802 1374 856 videri
1418 807 1914 878 comprehendique

339 889 549 956 nequit.
569 889 747 962 imago
762 892 1039 946 statuitur.
1060 893 1125 944 At
1143 893 1186 947 si
1205 892 1433 956 dixeris,
1455 909 1565 948 non
1584 911 1704 951 esse
1717 913 1913 968 corpus

339 978 409 1032 ad
454 978 742 1049 imaginem
790 997 1133 1054 expressum,
1177 985 1359 1039 statim
1401 984 1534 1039 illud
1588 987 1736 1055 quod
1776 990 1914 1044 scri-

337 1076 490 1137 ptum
536 1079 633 1142 est.
667 1081 961 1127 occurret:
993 1072 1237 1141 Accepit,
1288 1074 1503 1145 inquit,
1541 1077 1804 1146 pulverem
1849 1080 1914 1134 de

2022 625 2126 694 alti,
2160 633 2248 697 εἰς
2284 632 2351 686 τὸ
2380 634 2703 702 πρόσωπον
2733 636 2939 703 αὐτοῦ,
2978 638 3075 691 καί
3109 637 3343 708 ἐγένετο
3374 640 3594 710 ἄνθρω-

2021 735 2134 788 πος
2178 725 2265 789 εἰς
2305 723 2517 793 ψυχὴν
2545 722 2757 785 ζῶσαν.
2806 726 3043 796 Κτιστὴν
3063 726 3121 779 δὲ
3152 727 3249 800 τὴν
3276 728 3477 801 ψυχὴν,
3500 732 3593 785 καὶ

2020 815 2082 867 τὸ
2110 813 2267 884 σῶμα
2291 815 2540 886 νοοῦμεν.
2589 815 2713 880 Πῶς
2736 818 3006 888 -κτιστήν;
3055 820 3432 889 Ἕνεςρύσησε
3461 822 3588 894 γὰρ,

2020 903 2151 972 φησι
2170 919 2184 934 ’
2216 906 2309 957 καὶ
2333 904 2457 958 οὔτε
2490 906 2652 978 μέρος
2682 905 2818 960 Θεοῦ
2840 907 3072 979 λέγομεν
3095 905 3234 963 εἶναι
3261 909 3359 980 τὴν
3391 909 3588 980 ψυχὴν,

2018 991 2140 1045 οὔτε
2165 993 2441 1065 ἀλλότριον
2460 995 2553 1048 τοῦ
2593 997 3000 1066 ὲμφυσήματος.
3039 998 3165 1062 Πῶς
3194 998 3252 1051 δὲ
3299 999 3360 1053 τὸ
3399 998 3592 1054 λεπτὸν

2018 1080 2177 1136 τοῦτο
2205 1086 2428 1148 νοεῖται,
2462 1085 2580 1156 Θεῷ
2609 1087 2754 1157 μόνῳ
2779 1088 3060 1155 ἔγνωσται.

342 1174 506 1228 terra,
534 1173 584 1218 et
610 1163 1156 1234 formavithominem
1181 1167 1222 1220 ¹.
1251 1165 1431 1232 Quare
1459 1175 1566 1222 tam
1597 1169 1649 1223 id
1678 1171 1822 1240 quod
1851 1186 1917 1226 ex
1949 1171 2116 1227 humo
2151 1173 2467 1239 formatum,
2499 1194 2661 1247 quam
2701 1177 2847 1248 quod
2887 1180 3068 1232 anima
3130 1176 3413 1248 praeditum
3472 1188 3588 1244 est,

339 1261 574 1331 appellat
619 1259 914 1313 hominem.
949 1257 1240 1328 Inspiravit
1280 1260 1447 1325 enim,
1490 1263 1696 1333 inquit,
1737 1264 1793 1317 in
1826 1264 2017 1334 faciem
2049 1268 2197 1336 ejus,
2231 1278 2278 1323 et
2303 1269 2477 1338 factus
2507 1281 2584 1324 est
2635 1271 2787 1325 homo
2854 1272 2909 1326 in
2967 1274 3201 1325 animam
3264 1274 3509 1327 viventem
3543 1273 3588 1328 ¹.

336 1349 513 1405 Porro
558 1362 795 1408 creatam
832 1353 1069 1408 animam
1124 1356 1294 1426 ipsam
1342 1356 1568 1426 perinde
1611 1372 1676 1412 ac
1721 1373 1921 1428 corpus
1961 1363 2334 1432 intelligimus.
2368 1362 2651 1429 Quomodo
2684 1367 2968 1421 creatam?
2999 1367 3324 1437 Inspiravit,
3387 1367 3583 1436 inquit.

335 1439 522 1511 Neque
550 1457 679 1497 vero
712 1452 916 1514 partem
947 1460 1067 1499 esse
1097 1444 1192 1500 Dei
1228 1455 1482 1517 putamus
1511 1449 1768 1513 animam,
1799 1465 1973 1519 neque
2002 1452 2073 1506 ab
2129 1453 2248 1521 ejus
2269 1453 2420 1508 modi
2453 1455 2809 1524 inspiratione
2877 1465 3134 1528 tanquam
3198 1457 3429 1513 alienam
3498 1470 3590 1512 re-

334 1533 580 1603 jicimus.
604 1532 1071 1601 Quemadmodum
1094 1552 1225 1592 vero
1254 1538 1450 1593 subtile
1475 1539 1617 1595 istud
1646 1540 2022 1610 accipiendum
2056 1544 2149 1608 sit,
2179 1544 2281 1598 soli
2320 1553 2403 1600 est
2434 1543 2543 1599 Deo
2571 1553 2937 1616 perspectum.

409 1646 519 1717 59
539 1645 672 1700 LVI.
713 1645 824 1702 Nos
852 1654 1033 1701 autem
1069 1648 1187 1703 sine
1213 1650 1533 1709 curiositate
1562 1661 1725 1722 atque
1756 1653 1901 1717 fuco,

342 1740 450 1793 Deo
466 1738 559 1808 qui
581 1738 780 1808 ubique
799 1753 962 1792 verus
980 1745 1085 1799 est,
1108 1738 1429 1793 adhibemus
1453 1740 1631 1795 tidem.
1655 1741 1734 1795 'l‘u
1756 1757 1906 1806 vero,

2084 1655 2230 1722 Νςν.
2278 1655 2467 1726 Ἡμεῖς
2505 1656 2562 1709 δὲ
2607 1658 2954 1730 ἀπεριέργως
2974 1659 3085 1730 (68)
3118 1661 3213 1715 καὶ
3249 1662 3593 1736 άκακουργήη

2015 1759 2124 1806 τως
2153 1743 2478 1816 πιστεύομεν
2492 1744 2571 1815 τῷ
2594 1745 2714 1816 Θεῷ
2739 1746 3058 1816 άληθεύοντι
3084 1753 3142 1805 ἐν
3166 1753 3321 1806 πᾶσι.
3367 1755 3476 1807 Kal
3494 1754 3591 1809 ἐὰν

338 1829 387 1883 si
414 1830 651 1882 animam
673 1830 741 1884 ad
764 1828 1052 1899 imaginem
1077 1829 1165 1884 Dei
1194 1845 1317 1885 esse
1335 1832 1611 1896 statueris,
1628 1846 1751 1903 cum
1776 1834 1913 1904 Apo-

2022 1833 2172 1905 εἴπῃς
2184 1833 2266 1886 ὅτι
2285 1836 2320 1904 ἡ
2337 1834 2482 1906 ψυχή
2504 1837 2620 1888 ἐστι
2644 1836 2705 1889 τὺ
2724 1838 2842 1890 κατ’
2855 1837 3060 1904 εἰκόνα,
3073 1839 3320 1909 λέγοντος
3332 1842 3424 1896 τοῦ
3438 1843 3594 1897 Ἀπο-

337 1919 515 1974 stolus
555 1926 795 1983 asserat,
845 1916 1025 1974 Vivum
1051 1934 1163 1973 esse
1199 1917 1298 1973 Dei
1336 1937 1627 1975 sermonem
1667 1932 1717 1976 et
1752 1924 1914 1993 enica-

337 2027 469 2075 eem,
502 2028 564 2064 ac
590 2011 1045 2079 penetrabiliorem
1070 2014 1212 2066 omni
1237 2014 1416 2083 gladio
1448 2016 1687 2085 ancipiti,
1714 2027 1764 2071 et
1793 2033 1914 2086 per-

342 2104 619 2173 tingentem
639 2120 802 2173 usque
817 2102 885 2157 ad
902 2104 1180 2159 divisiones
1198 2107 1392 2159 anima:
1406 2105 1426 2136 ³
1448 2125 1460 2160 :
1486 2107 1529 2162 si
1554 2108 1720 2178 igitur
1733 2111 1913 2163 anima

341 2193 640 2249 divisiones
671 2194 852 2259 habet,
898 2193 1040 2250 Deus
1064 2211 1193 2249 vero
1237 2194 1504 2251 indivisus
1529 2206 1612 2252 est
1636 2215 1651 2264 ;
1679 2198 1745 2252 ad
1778 2200 1944 2280 ἰιῐιίι-⁸

340 2286 522 2357 ginem
554 2286 736 2339 anima
764 2300 888 2342 esse
907 2286 998 2356 qui
1024 2286 1237 2355 potest?
1263 2285 1381 2340 Non
1411 2288 1554 2343 enim
1582 2304 1703 2358 quae
1733 2289 1914 2344 futura

340 2385 472 2434 sunt
506 2376 659 2431 novit
708 2378 921 2443 anima;
972 2375 1113 2431 Deus
1155 2384 1335 2432 autem
1380 2379 1564 2433 omnia
1611 2383 1911 2451 cognoscit.

340 2469 476 2526 item
503 2469 753 2539 corporis
779 2469 1052 2523 anteriora
1075 2469 1371 2535 cernimus,
1402 2474 1708 2541 posteriora
1736 2476 1914 2528 nesci-

340 2574 487 2616 mus.
515 2559 678 2629 Atqui
704 2559 751 2612 si
777 2558 1013 2613 animam
1041 2558 1109 2612 ad
1141 2559 1429 2629 imaginem
1459 2575 1585 2615 esse
1602 2563 1910 2631 negaveris,

339 2651 668 2721 repugnabit
694 2649 826 2704 illud
854 2649 995 2719 quod
1029 2649 1265 2702 animam
1294 2651 1581 2719 appellarit
1615 2653 1912 2722 hominem,

340 2750 537 2799 actam
564 2744 742 2798 anima
762 2757 924 2813 quam
951 2757 1147 2810 corpus
1172 2742 1333 2798 homo
1355 2747 1444 2800 sit.
1475 2743 1545 2798 At
1565 2747 1709 2802 enim
1737 2763 1912 2813 mens,

340 2834 586 2906 inquies,
628 2834 694 2888 ad
735 2833 1021 2903 imaginem
1054 2834 1157 2888 erit
1184 2849 1464 2903 expressa.
1509 2834 1712 2890 Verum
1762 2837 1912 2893 Scri-

339 2935 501 2999 ptura
539 2926 620 2981 sic
654 2924 894 2994 loquitur
922 2942 934 2977 :
973 2923 1131 2979 Video
1160 2924 1315 2994 legem
1350 2926 1511 2979 aliam
1541 2938 1914 2997 repugnantem

337 3020 394 3072 in
426 3017 674 3073 membris
705 3018 833 3072 meis
857 3056 872 3081 ,
907 3026 957 3071 et
1004 3017 1056 3070 in
1103 3017 1454 3084 captivitatem
1494 3017 1805 3089 redigentem
1837 3037 1916 3074 me

337 3115 396 3167 in
424 3121 589 3167 mente
616 3129 731 3166 mea
759 3112 854 3165 sub
889 3112 1090 3179 peccati
1131 3112 1291 3181 legem
1323 3127 1441 3180 quae
1465 3122 1545 3165 est
1588 3114 1641 3166 in
1670 3113 1915 3167 membris

339 3204 468 3256 meis
492 3203 532 3258 ’⁵.
569 3201 724 3266 Quod
759 3201 922 3270 igitur
961 3200 1015 3253 in
1061 3201 1431 3269 captivitatem
1475 3200 1759 3269 redigitur,
1804 3216 1915 3255 non

341 3293 409 3347 ad
449 3292 735 3360 imaginem
768 3290 874 3344 dici
902 3297 1097 3359 potest.
1128 3290 1209 3343 Ad
1234 3291 1348 3345 hare
1374 3308 1387 3343 :
1415 3288 1683 3355 Psallam,
1715 3292 1912 3361 inquit,

340 3394 528 3447 mente,
561 3385 790 3454 psallam
823 3384 1008 3451 spiritu
1042 3383 1083 3436 ³.
1123 3381 1242 3437 Jam
1278 3384 1324 3438 si
1357 3384 1411 3437 in
1452 3384 1649 3438 virtute
1683 3386 1915 3454 positam

341 3476 488 3530 illam
513 3476 799 3545 imaginem
823 3490 945 3529 esse
973 3474 1197 3537 dixeris,
1228 3489 1337 3528 non
1365 3482 1516 3529 recte
1540 3476 1765 3531 senties.
1793 3475 1913 3530 Tibi

341 3571 485 3621 enim
518 3566 662 3621 istud
699 3566 953 3634 objiciam
982 3584 997 3620 :
1023 3564 1119 3621 Dic
1148 3567 1309 3621 sodes
1340 3566 1549 3634 ecquod
1583 3567 1801 3622 virtutis
1834 3567 1919 3621 of-

344 3659 525 3713 ficium
564 3658 876 3728 praestiterit
909 3656 1168 3723 Adamus,
1208 3666 1497 3728 antequam
1542 3672 1572 3711 a
1604 3657 1716 3712 Deo
1753 3658 1919 3729 linge-

342 3748 534 3803 retur?
578 3763 753 3818 neque
791 3747 934 3802 enim
977 3746 1248 3816 principio
1284 3746 1422 3809 fuit.
1468 3746 1562 3802 sed
1613 3754 1800 3817 postea
1847 3747 1916 3802 ad

343 3841 635 3912 imaginem
679 3840 947 3895 formatus
985 3846 1089 3895 est.
1129 3840 1330 3894 Contra
1373 3854 1507 3893 vero
1536 3840 1581 3895 si
1628 3840 1915 3910 imaginem

345 3935 403 3989 in
430 3936 627 3987 virtute
662 3933 893 4003 positam
917 3947 1039 3987 esse
1066 3931 1369 4000 negaveris,
1401 3946 1509 3986 non
1536 3940 1683 3987 recte
1706 3932 1921 4001 judica-

344 4027 466 4082 bis:
506 4025 594 4082 cui
624 4026 770 4079 enim
808 4026 989 4095 potius
1025 4040 1187 4095 quam
1235 4026 1423 4080 virtuti
1455 4025 1728 4088 convenit,
1764 4028 1823 4077 ut
1850 4021 1916 4076 ad

343 4117 633 4188 imaginem
656 4132 778 4174 esse
803 4116 1051 4172 dicatur?
1079 4117 1241 4186 Atqui
1273 4124 1398 4172 ante
1418 4116 1676 4171 virtutem
1699 4128 1915 4169 omnem

343 4208 510 4263 homo
538 4206 609 4261 ad
641 4207 930 4276 imaginem
964 4221 1260 4275 expressus
1286 4213 1371 4261 est
1399 4222 1413 4256 :
1437 4205 1642 4275 quippe
1670 4203 1912 4258 nondum

342 4314 412 4354 ex
448 4297 667 4352 virtutis
701 4297 1016 4364 prmscripto
1054 4297 1220 4349 vitam
1276 4296 1589 4351 instituerat
1641 4294 1912 4358 Adamus,

2017 1924 2224 1989 στόλου,
2240 1925 2321 1977 ὅτι
2344 1923 2475 1977 Ζῶν
2502 1927 2536 1978 ὁ
2564 1927 2755 1995 Λόγος
2781 1926 2886 1981 τοῦ
2906 1928 3053 1982 Θεοῦ
3077 1931 3175 1983 καὶ
3198 1931 3466 2002 ἐνεργὴς,
3491 1933 3591 1988 καί

2012 2014 2336 2084 τομώτερος
2353 2015 2523 2069 ἐστιν
2549 2014 2701 2084 ὑπὲρ
2727 2014 2932 2071 πᾶσαν
2947 2017 3247 2087 μάχαιραν
3270 2020 3583 2090 δίστομον,

2013 2106 2112 2161 καί
2148 2106 2558 2175 διικνούμενος
2602 2106 2739 2175 ἄχρι
2780 2108 3085 2177 μερισμῶν
3105 2109 3214 2180 (69)
3245 2110 3487 2179 ψυχῆςο
3538 2112 3591 2166 εἰ

2013 2201 2190 2255 τοίνυν
2219 2202 2521 2271 μερισμοὺς
2550 2199 2718 2272 ἔχειὴ
2752 2200 2893 2271 ψυχὴ
2922 2201 3055 2272 (70),
3102 2205 3131 2256 6
3155 2202 3286 2266 Θεὸς
3311 2204 3367 2257 δὲ
3392 2204 3588 2276 ἀμέρι-

2017 2292 2139 2354 στός
2168 2293 2304 2356 ἐστι,
2338 2292 2456 2355 πῶς
2475 2291 2697 2346 δύναται
2730 2294 2763 2364 ὴ
2798 2292 2944 2364 ψυχὴ
2977 2290 3118 2347 εἶναι
3144 2295 3206 2348 τὸ
3231 2295 3352 2348 κατ’
3376 2297 3588 2362 εἰκόνα;

2014 2382 2075 2435 οὐ
2101 2382 2210 2454 γὰρ
2252 2378 2360 2436 οἶδε
2388 2383 2451 2436 τὸ
2480 2383 2669 2454 μέλλον
2713 2386 2745 2454 ἡ
2789 2384 2958 2457 ψυχὴ,
2987 2387 3016 2438 6
3057 2385 3189 2449 Θεὸς
3215 2386 3273 2439 δὲ
3317 2387 3384 2442 τὰ
3412 2387 3590 2442 πάντα

2013 2469 2141 2537 οἶδε,
2160 2474 2253 2527 καὶ
2274 2474 2538 2546 βλέπομεν
2562 2474 2630 2528 τὰ
2648 2475 2953 2547 ἔμπροσθεν
2971 2476 3064 2528 τοῦ
3089 2475 3358 2548 σώματος,
3378 2478 3445 2530 τὰ
3468 2495 3592 2531 κατ·
3690 2457 3703 2529 ί

2013 2566 2138 2619 όπιν
2179 2566 2518 2634 ἀγνοοῦντες.
2584 2568 2693 2621 Kal
2736 2567 2831 2621 ἐὰν
2882 2567 3042 2640 εἴπῃς
3086 2569 3169 2621 ὅτι
3217 2567 3317 2621 οὐκ
3362 2568 3507 2625 ἐστιν
3551 2570 3585 2639 ἠ

2013 2657 2157 2727 ψυχὴ
2172 2655 2309 2727 (71),
2331 2657 2547 2721 πάντως
2566 2658 2661 2711 καὶ
2680 2659 2778 2729 τὴν
2798 2658 2973 2729 ψυχὴν
2989 2657 3277 2730 ἄνθρωπον
3295 2660 3587 2730 κέκληκεν,

2015 2746 2272 2818 καὶψυχὴ
2303 2749 2397 2801 καὶ
2430 2749 2588 2818 σῶμά
2609 2750 2759 2803 ἐστιν
2788 2749 3093 2821 ἄνθρωπος.
3134 2751 3275 2803 Ἀλλ’
3296 2753 3469 2816 εἴποις
3498 2753 3590 2806 τὸν

2016 2838 2142 2891 νοῦν
2171 2834 2310 2893 εἶναι
2336 2839 2449 2909 (72)
2477 2839 2538 2892 τὸ
2558 2841 2677 2893 κατ’
2707 2841 2891 2894 εἰκόνα
2910 2857 2925 2873 ο
2956 2841 3105 2910 λέγει
3135 2844 3169 2912 ἠ
3199 2842 3411 2915 Γραφὴ,
3455 2843 3591 2912 Ὀρῶ

2014 2931 2204 2997 νόμον
2227 2929 2436 2997 ἕτερον
2466 2931 3078 3000 ἀντιστρατευόμενον
3126 2931 3196 2984 ἐν
3235 2933 3351 2998 τοῖς
3373 2933 3593 3002 μέλεσι

2009 3038 2149 3090 μου,
2189 3020 2285 3074 καὶ
2334 3020 2837 3090 αἰχμαλωτίζοντά
2884 3037 2963 3090 με
3017 3021 3091 3075 ἐν
3121 3021 3204 3086 τῷ
3239 3024 3344 3075 νοΐ
3362 3040 3482 3092 μου
3509 3022 3594 3089 τῷ

2016 3112 2177 3179 νόμῳ
2202 3111 2311 3180 τῆς
2341 3111 2629 3180 ἁμαρτίας
2661 3109 2741 3176 τῷ
2774 3111 2902 3164 ὄντι
2933 3111 3004 3165 ἐν
3043 3110 3168 3177 τοῖς
3197 3112 3415 3181 μέλεσι
3448 3130 3588 3182 μου.

2019 3202 2141 3265 Πῶς
2180 3198 2270 3255 οὖν
2294 3201 2824 3272 αἰχμαλωτιζόμενος
2881 3201 3037 3254 ἔσται
3066 3205 3186 3257 κατ’
3219 3202 3436 3267 εἰκόνας
3471 3203 3594 3258 ὃτι⁶

2025 3287 2206 3342 Ψαλῶ
2234 3288 2314 3354 τῷ
2340 3290 2456 3352 νοῒ,
2490 3289 2669 3359 ψαλῶ
2692 3288 2771 3355 τῷ
2806 3291 3118 3360 πνεύματι.
3159 3293 3269 3345 Kal
3292 3292 3387 3346 ἐὰν
3422 3294 3595 3355 εῐποις

2019 3380 2216 3451 ἀρετὴν
2243 3377 2382 3434 εἶναι
2413 3381 2474 3432 τὸ
2498 3382 2617 3434 κατ’
2649 3382 2851 3440 εἰκόνα.
2883 3380 2994 3452 ἐρῶ
3025 3398 3138 3435 σοι·
3178 3382 3314 3435 Εἰπέ
3348 3401 3436 3453 μοι
3465 3383 3593 3454 περὶ

2017 3470 2112 3524 τοῦ
2155 3470 2343 3541 Ἀδὰμ,
2380 3472 2539 3524 ποίαν
2574 3471 2773 3542 ἀρετὴν
2813 3471 3108 3543 εἰργάσατο
3156 3472 3262 3543 πρὸ
3303 3471 3398 3525 τοῦ
3433 3471 3594 3526 αὑτὸν

2021 3562 2352 3633 πλασθῆναι;
2388 3563 2446 3615 οὐ
2468 3562 2575 3634 γὰρ
2608 3559 2674 3633 ἦν
2697 3566 2754 3615 ὲν
2783 3564 2945 3634 ἀρχῇ,
2975 3564 3229 3633 ἀπαρχῆς
3261 3563 3319 3615 δὲ
3343 3563 3589 3635 ἐπλάσθη

2021 3655 2139 3706 κατ’
2156 3654 2359 3706 εἰκόνα.
2384 3654 2493 3706 Kal
2510 3654 2602 3706 ἐὰν
2622 3652 2780 3723 εἴπῃς
2805 3655 2878 3725 μὴ
2896 3649 3032 3707 εἶναι
3054 3654 3155 3723 τὴν
3170 3653 3390 3724 ἀρετὴν,
3407 3655 3467 3706 οὐ
3490 3671 3589 3707 κα-

2020 3744 2126 3805 λῶς
2146 3746 2325 3813 λέγεις
2341 3762 2352 3774 ·
2369 3744 2473 3797 τίνι
2488 3744 2595 3815 γὰρ
2611 3744 2807 3816 πρέπει
2824 3745 2940 3798 κατ’
2961 3743 3144 3798 εἰκόνα
3164 3740 3322 3807 εἶναι,
3344 3744 3503 3816 ἀλλ’ἢ
3522 3747 3588 3816 τῇ

2023 3836 2220 3906 apati};
2245 3835 2380 3900 Πρὶν
2411 3833 2468 3887 δὲ
2491 3836 2691 3905 ἀρετῆς
2713 3835 2830 3887 κατ’
2848 3834 3034 3889 εἰκόνα
3060 3834 3305 3902 ἐπλάσθη
3334 3836 3363 3888 6
3384 3834 3595 3906 ἄνθρωο

2026 3943 2146 3989 πος.
2177 3924 2342 3978 Οῦπω
2373 3925 2483 3996 γὰρ
2502 3921 2568 3996 ἦν
2595 3928 2623 3979 ὀ
2656 3925 2825 3996 ’Δδὰμ
2845 3927 2901 3979 ἐν
2929 3927 3098 3997 ἀρετῇ
3122 3925 3592 3996 πολιτευσάμενος,

2025 4018 2146 4073 οὔτε
2162 4019 2496 4091 ὲκτισμένος.
2512 4019 2621 4073 Kal
2640 4018 2734 4071 ἐὰν
2756 4019 2915 4089 εῐπῃς
2934 4017 2995 4071 τὸ
3013 4017 3295 4088 βάπτισμα
3311 4012 3452 4070 εἶναι
3473 4031 3576 4071 κατ

2025 4108 2225 4170 εἰκόνα,
2244 4108 2354 4179 ἄρα
2379 4110 2428 4162 οἱ
2448 4107 2522 4179 μὴ
2542 4106 2798 4169 λαϐόντες
2821 4105 3101 4176 βάπτισμα
3118 4104 3317 4158 δίκαιοι
3339 4105 3439 4158 οὐκ
3455 4099 3597 4175 ἦσαν

2022 4201 2144 4253 κατ’
2172 4200 2377 4252 εἰκόνα.
2405 4199 2535 4252 Ἀπὸ
2558 4197 2665 4269 γὰρ
2680 4196 2958 4259 Μωῦσέως
2983 4196 3077 4250 καὶ
3094 4194 3370 4255 θαλάσσης
3393 4193 3595 4268 ἤρξατο

2022 4292 2051 4342 6
2083 4290 2270 4354 τύπος,
2306 4290 2414 4344 ἀπὸ
2451 4289 2695 4343 Ἰωάννου
2717 4287 2908 4358 ήνοίγη
2936 4287 2966 4339 6
2993 4285 3184 4351 τύπος,
3215 4286 3273 4338 ὲν
3298 4284 3356 4336 δὲ
3377 4281 3594 4354 Χριστῷ

344 4401 448 4441 nec
486 4389 712 4440 omnino
752 4394 1072 4455 procreatus
1107 4385 1303 4439 fuerat.
1349 4384 1611 4453 Superest
1650 4391 1708 4436 ut
1742 4383 1919 4452 bapti-

2022 4379 2307 4451 ἐτελειώθη
2336 4380 2396 4432 τὸ
2424 4378 2614 4450 δῶρον.

345 4497 468 4538 smo
489 4481 780 4551 imaginem
803 4456 950 4534 illaut
974 4479 1067 4534 Dei
1089 4480 1643 4535 circumscribendam
1664 4492 1910 4532 censeas.
1950 4474 2150 4531 Verum
2179 4491 2243 4530 ex
2278 4491 2342 4529 eo
2377 4475 2626 4545 sequitur
2690 4473 2871 4544 justus
2933 4473 3025 4543 qui
3072 4469 3346 4540 baptismo
3389 4467 3589 4524 initiati

344 4588 458 4628 non
486 4571 720 4638 fuerant,
753 4587 847 4627 eos
875 4572 941 4625 ad
971 4572 1258 4642 imaginem
1291 4570 1383 4625 Dei
1429 4570 1654 4624 minime
1680 4583 1803 4624 esse
1831 4568 2004 4622 factos
2029 4585 2044 4633 ;
2073 4582 2199 4620 nam
2230 4582 2261 4619 a
2299 4566 2482 4638 Mnyse
2514 4574 2677 4635 atque
2718 4565 2858 4619 mari
2908 4559 3165 4633 baptismi
3241 4559 3416 4631 ﬁgura
3477 4573 3594 4615 coa-

347 4667 447 4735 pit,
493 4666 684 4721 eadem
728 4664 799 4720 ab
836 4663 1045 4721 Joanne
1086 4664 1378 4736 patefacta,
1421 4664 1477 4718 in
1517 4662 1737 4717 Christo
1788 4676 1917 4717 vero
1956 4675 2155 4715 munus
2192 4668 2276 4715 est
2307 4660 2482 4731 ipsum
2524 4659 2851 4730 perfectum.

419 4869 433 4900 ¹
480 4866 613 4922 Gen.
641 4884 700 4930 tt,
728 4867 777 4921 7.
856 4867 876 4898 ²
912 4865 1046 4922 ibid.

424 5046 535 5118 (68)
580 5046 768 5118 Ἡμεῖς
790 5046 858 5099 δὲ
888 5045 1264 5118 ἀπεριέργως.
1289 5043 1514 5118 Aln_q_uo_
1543 5043 1716 5118 posita
1743 5044 1831 5098 Dei
1862 5044 1916 5098 in

358 5115 581 5175 nomine
610 5119 680 5171 sit
704 5117 907 5186 imago,
939 5133 1115 5184 neque
1138 5115 1329 5186 delinit
1360 5115 1714 5186 Epiphanius.
1748 5130 1922 5182 neque

352 5196 508 5242 certo
533 5186 662 5242 sciri
706 5183 871 5256 posse
929 5183 1103 5256 putat.
1159 5185 1233 5241 De
1278 5201 1385 5253 quo
1404 5183 1564 5256 varie
1603 5200 1632 5238 a
1674 5183 1926 5239 Patribus

352 5254 766 5330 pronuntiatum
808 5254 1109 5330 esth‘ide
1160 5270 1287 5330 qua:
1308 5254 1587 5330 Perrerius
1623 5263 1809 5311 noster
1863 5269 1927 5309 ac

351 5323 536 5384 caeteri
580 5326 903 5396 interpretes
952 5326 1019 5380 ad
1057 5323 1207 5379 illum
1248 5323 1521 5380 Geueseos
1561 5326 1737 5380 locum
1784 5332 1927 5379 attu-

350 5401 550 5456 lerunt.
1745 5454 1751 5459 ,

426 5468 561 5538 (69)Δ
583 5467 749 5538 Ἄχρι
773 5464 1112 5538 μερισμῶν.
1155 5463 1397 5538 Gnaeum
1434 5463 1567 5538 l‘iovi
1595 5463 1925 5538 Testamenti

354 5533 677 5606 exetnpluni
699 5536 861 5588 habet
887 5534 1313 5606 axptpeptopoﬁ
1344 5534 1522 5604 ψυχῆς
1558 5534 1737 5606 ἰε-καὶ
1768 5533 1929 5606 πνεύ-

403 5603 550 5668 στοξ.
621 5604 847 5674 Vulgata
911 5603 1042 5657 illud
1093 5603 1231 5658 idem
1288 5603 1555 5673 sequitur.
1620 5603 1697 5656 Eo
1750 5603 1928 5670 posito

403 5625 550 5668 στος.
630 5625 847 5674 Vlllgﬂla
912 5625 1042 5657 Illuu
1093 5625 1231 5658 luelll
1288 5625 1326 5658 St

358 5625 650 5747 Epiphanii
682 5684 1059 5745 argumentum
1084 5674 1326 5747 corruit.

429 5738 542 5818 (70)
568 5747 638 5818 Et
661 5738 870 5818 τοίνυν
887 5743 1361 5818 μερισμοιᾷς·ξχει
1383 5742 1421 5807 ἡ
1450 5738 1640 5818 ψυχή.
1667 5739 1928 5818 Petavius

359 5812 540 5878 mut.
573 5816 621 5871 si
651 5817 763 5871 ulla
806 5812 1105 5872 est'anima:
1134 5812 1359 5867 divisio:
1411 5824 1572 5879 quam
1603 5812 1926 5879 interpreta-

1147 4866 1169 4898 ³
1197 4864 1361 4920 Hebr.
1391 4881 1464 4929 Iv,
1496 4864 1580 4918 12.
1657 4863 1679 4895 ⁸
1710 4862 1865 4918 Rom.
1896 4878 1991 4929 vn,
2019 4865 2109 4921 25.
2183 4865 2203 4896 ⁵
2238 4864 2259 4919 1
2288 4861 2415 4920 Cor.
2457 4879 2569 4931 xw,
2604 4863 2692 4919 15.

2772 4864 2794 4895 ⁸
2824 4861 2884 4917 F.
2918 4862 3019 4918 ἔτι.

2025 5045 2225 5100 tionem
2255 5045 2526 5115 improbat
2556 5044 2902 5099 Thomasius.

2101 5115 2211 5185 (Ἠ)
2266 5116 2383 5185 Non
2426 5116 2597 5171 solam
2636 5116 2872 5185 animam
2913 5117 3203 5185 appellavit
3238 5116 3379 5176 Deus
3418 5122 3599 5176 homi-

2029 5183 2307 5247 ncm,'sed
2349 5186 2584 5237 animam
2616 5184 2775 5238 simul
2805 5190 2859 5237 et
2898 5183 3119 5253 corpus.
3161 5185 3317 5242 Unde
3347 5194 3489 5245 inter
3518 5192 3601 5245 di-

2032 5269 2229 5329 versas
2247 5255 2530 5329 opiniones
2574 5256 2641 5307 de
2668 5253 2919 5329 imagine_
2937 5253 3028 5308 Dei
3078 5256 3597 5329 hominiimprossa,

2032 5340 2095 5379 ea
2122 5322 2465 5377 verisimilior
2490 5331 2731 5391 apparet,
2758 5337 2878 5392 qum
2905 5323 3079 5391 ipsam
3113 5329 3302 5379 statuit
3333 5322 3597 5383 iu'anima

2035 5394 2195 5449 simul
2227 5402 2277 5446 et
2305 5393 2355 5445 in
2384 5407 2629 5461 corpore.
2653 5392 2903 5447 Diversas
2933 5394 3050 5448 illas
3075 5398 3358 5460 Opiniones
3387 5401 3525 5458 vide.
3550 5401 3595 5453 si

2028 5463 2238 5535 lubeat,
2258 5462 2395 5529 apud
2421 5461 2697 5535 Petavium
2725 5462 2802 5535 _De
2814 5463 3050 5535 #opiﬁeio
3068 5480 3173 5535 σοι)
3198 5467 3401 5521 dierum
3435 5486 3599 5535 agen-

2028 5540 2135 5585 tem
2166 5532 2301 5584 libro
2337 5547 2397 5593 ιι,
2426 5531 2698 5600 capitibus
2721 5532 2777 5601 2,
2811 5533 2845 5586 5
2872 5529 2936 5587 et
2958 5533 3013 5589 4'.
3066 5534 3166 5589 Ubi
3197 5536 3354 5594 docte
3380 5529 3595 5593 easdem

2029 5610 2083 5656 et
2113 5609 2357 5671 recenset
2383 5607 2437 5654 et
2467 5602 2743 5671 expendit.
3570 5650 3577 5655 .

2055 5740 2065 5747 .
2101 5669 2213 5749 (7.2)
2254 5667 2733 5749 T'drf_roﬁr'_sirgt,
2774 5680 2880 5729 etc.
2906 5675 3157 5749 ‘Mentem
3191 5677 3462 5749 abanima
3490 5676 3594 5731 dis-

2030 5740 2259 5818 tinxisse
2311 5740 2601 5818 aliquando
2651 5740 2841 5802 Patres
2896 5746 3053 5817 juxta
3101 5747 3303 5803 veteris
3353 5747 3596 5818 plliicsu'

2028 5809 2168 5881 phiae
2192 5809 2651 5880 placitaconstat.
