4012 6210
245 788 264 835 ἵ

355 438 458 495 H7

1761 438 2197 496 ANCORATUS.

3495 431 3590 487 HS

423 558 550 614 NZ'.
588 559 842 630 Ἕχουσιν
879 555 973 613 οὖν
1011 559 1212 625 πάντες
1247 562 1306 615 τὸ
1340 564 1460 615 κατ’
1490 562 1696 626 εἰκόνα,
1723 561 1836 614 ἀλλ’
1869 561 1928 614 οὐ

2103 561 2213 632 60
2252 558 2407 614 LVII.
2461 559 2729 626 Quocirca
2785 571 2908 610 cum
2961 571 3150 610 omnes
3204 553 3489 623 imaginem
3542 554 3593 604 in

353 648 498 702 κατὰ
527 647 706 718 φύσιν.
743 648 821 702 Οὐ
847 650 956 720 γὰρ
984 653 1101 703 κατ’
1130 651 1348 721 ἰσότητα
1371 650 1506 703 Θεοῦ
1524 651 1737 721 ἔχουσιν
1763 652 1811 703 οἱ
1837 652 1930 705 ἄν-

354 737 562 807 θρωποι
587 736 646 790 τὸ
673 739 792 792 κατ’
815 739 1024 793 εἰκόνα·
1047 743 1075 793 6
1102 741 1209 812 γὰρ
1228 741 1359 804 Θεὸς
1387 741 1788 812 ἀκατάληπτος,
1806 742 1934 794 ἀπε-

357 829 622 899 ρινὸητος,
657 829 874 900 πνεῦμα
895 830 969 883 ὢν
991 830 1084 883 καὶ
1107 831 1244 901 ὑπὲρ
1279 833 1386 884 πᾶν
1428 830 1662 900 πνεῦμα,
1701 831 1794 884 καὶ
1817 831 1932 899 φῶς

357 919 498 988 ὑπὲρ
532 921 638 972 πᾶν
665 919 800 988 φῶς.
853 923 918 972 "A
945 921 1000 973 δὲ
1039 921 1200 984 αὐτὸς
1241 921 1519 992 διώρισεν,
1566 922 1664 974 οὐκ
1705 910 1934 974 ἀποστε-

358 1009 580 1079 ροῦμεν.
645 1011 873 1082 Ἀληθὴς
913 1013 969 1065 δέ
1010 1015 1153 1065 ἐστιν
1204 1015 1232 1065 6
1275 1012 1412 1082 μετὰ
1453 1013 1673 1082 χάριτος
1719 1013 1780 1066 τὸ
1811 1014 1931 1066 κατ’

357 1099 541 1152 εἰκόνα
572 1100 651 1170 τῷ
674 1100 770 1154 ἀνθ
781 1100 946 1172 ρώπῳ
983 1102 1386 1173 δωρησάμενος,
1410 1103 1501 1156 καὶ
1539 1104 1637 1155 ὅσα
1661 1104 1806 1156 ἐστὶν
1825 1104 1934 1157 ἀπὸ

355 1188 466 1242 τῶν
488 1191 705 1260 ὁμοίων.
739 1192 978 1262 Ὀρῶμεν
999 1193 1105 1263 γὰρ
1121 1193 1201 1246 ὅτι
1221 1193 1411 1246 ἔλαϐεν
1428 1194 1538 1263 (75)
1557 1196 1585 1247 6
1606 1195 1794 1265 Πατὴρ
1813 1195 1828 1224 ί
1852 1197 1931 1257 εἰς

356 1278 456 1341 τὰς
481 1282 670 1350 χεῖρας
700 1281 886 1337 αὑτοῦ.
909 1282 985 1344 ὡς
1005 1282 1118 1351 ἔχει
1148 1284 1205 1335 ἐν
1239 1283 1317 1353 τῷ
1345 1283 1680 1354 Εὐαγγελίῳ,
1711 1285 1790 1336 ὅτι
1839 1285 1931 1337 ἀν-

361 1369 488 1440 ἐστη
519 1373 577 1423 ὲν
607 1371 918 1441 τῴδεεπνῳ,
937 1375 1029 1426 καὶ
1055 1373 1212 1426 ἔλαϐε
1227 1375 1373 1436 τάδε,
1393 1375 1484 1427 καὶ
1509 1375 1929 1445 εὐχαριστήσας,

359 1456 510 1514 εἶπε’
552 1463 731 1516 Τοῦτό
753 1481 873 1531 μου
896 1463 1026 1516 ἐστὶ
1051 1465 1187 1518 τόδε
1204 1465 1338 1534 (74).
1365 1465 1472 1518 Καὶ
1493 1465 1706 1536 ὁρῶμεν
1732 1467 1812 1518 ὅτι
1834 1465 1933 1517 οὐκ

361 1550 474 1604 ῐσον
517 1553 662 1605 ἐστὶν
690 1553 809 1605 οὐδὲ
854 1555 1056 1622 ὅμοιον,
1095 1556 1154 1607 οὐ
1180 1556 1523 1627 τῇ,ὲνσάρκῳ
1554 1556 1740 1620 εἰκόνι,
1773 1557 1832 1608 οὐ
1864 1558 1930 1626 τῇ

358 1641 576 1713 ἀοράτῳ
610 1643 841 1715 θεότητι,
871 1646 932 1698 οὐ
962 1649 1071 1708 τοῖς
1102 1647 1445 1718 χαρακτῆρσι
1472 1648 1580 1700 τῶν
1612 1647 1809 1718 μελῶν.
1859 1647 1931 1700 Τὸ

362 1731 463 1800 μὲν
483 1733 590 1804 γάρ
619 1737 734 1787 ἐστι
777 1735 1216 1804 στρογγυλοειδὲς
1238 1737 1331 1790 καὶ
1354 1737 1676 1807 ἀναίσθητον
1697 1738 1772 1800 ὡς
1796 1736 1932 1808 πρὸς

359 1821 457 1892 τὴν
475 1822 705 1895 δύναμιν
721 1841 735 1854 ·
765 1828 858 1880 καὶ
877 1827 1139 1898 ἠθέλησεν
1160 1828 1340 1899 χάριτι
1368 1831 1538 1881 εἰπεῖν
1561 1846 1573 1860 ·
1609 1828 1792 1883 Τοῦτό
1813 1847 1932 1900 μου

2033 669 2153 710 sese
2191 654 2510 708 contineant
2558 654 2672 720 Dei,
2715 661 2908 707 natura
2953 657 3130 703 tamen
3159 661 3221 701 ea
3251 646 3462 717 praediti
3488 661 3594 697 non

2033 752 2179 800 sunt.
2215 743 2401 814 Neque
2434 746 2576 798 enim
2605 745 2886 813 aequaliter
2918 755 3041 795 cum
3075 739 3182 792 Deo
3205 737 3467 805 ejusmodi
3497 736 3596 787 ho-

2032 835 2205 889 mines
2233 834 2521 904 imaginem
2564 835 2742 903 adepti
2777 840 2936 898 sunt;
2973 829 3239 900 siquidem
3272 827 3410 881 Deus
3451 841 3598 880 com-

2036 927 2299 998 prehendi
2337 943 2442 981 non
2473 934 2672 996 potest,
2694 934 2785 980 aut
2818 933 2998 979 mente
3029 921 3261 991 concipi,
3288 920 3413 988 quia
3447 919 3599 987 spiri-

2031 1029 2119 1075 tus
2145 1028 2248 1084 est,
2281 1027 2442 1088 atque
2468 1018 2615 1072 oumi
2641 1016 2835 1087 spiritu
2872 1013 3234 1084 praestantior,
3260 1020 3311 1064 et
3337 1011 3427 1063 lux
3453 1009 3599 1063 omni

2032 1112 2152 1165 luce
2184 1111 2451 1180 superior.
2490 1110 2754 1164 Caeterum
2783 1121 2902 1176 qum
2924 1105 2990 1158 ab
3012 1104 3102 1156 illo
3125 1103 3418 1156 constituta
3449 1109 3597 1162 sunt,

2033 1203 2354 1260 subtrahere
2397 1201 2677 1255 nolumus.
2715 1196 2889 1252 Verus
2925 1193 3069 1249 enim
3107 1201 3190 1245 est
3231 1192 3350 1252 ille,
3386 1189 3499 1258 qui,
3534 1188 3599 1241 ad

2033 1293 2320 1362 imaginem
2352 1299 2409 1345 ut
2436 1300 2576 1346 esset
2603 1330 2616 1354 ,
2651 1289 2853 1343 homini
2890 1301 2988 1340 sua
3025 1283 3197 1354 gratia
3231 1281 3460 1350 largitus
3496 1289 3598 1334 est.

2031 1385 2096 1438 Et
2129 1383 2388 1437 nonnulla
2420 1383 2502 1437 his
2545 1380 2742 1436 similia
2787 1377 3012 1448 proponi
3051 1379 3298 1445 possunt.
3340 1369 3602 1425 Videmus

2031 1475 2175 1530 enim
2211 1474 2548 1528 Salvatorem
2579 1473 2755 1542 ipsum
2788 1483 2981 1541 panem
3005 1465 3059 1520 in
3085 1480 3280 1520 manus
3303 1461 3603 1531 accepisse,

2033 1575 2093 1620 ut
2128 1565 2182 1619 in
2217 1564 2506 1634 Evangelia
2539 1563 2753 1633 legitur,
2793 1558 2936 1630 quod
2985 1573 3015 1613 a
3045 1570 3200 1612 creua
3229 1569 3459 1624 surgens
3491 1552 3606 1605 haec

2033 1656 2321 1728 acceperit,
2363 1663 2415 1710 et
2459 1655 2662 1725 gratias
2700 1667 2866 1724 agens
2898 1650 3137 1704 dixerit:
3167 1649 3281 1702 Hoc
3320 1659 3491 1698 meum
3529 1649 3606 1695 est

2032 1747 2148 1802 hoc.
2182 1746 2342 1815 Atqui
2389 1745 2634 1799 videmus
2671 1743 2878 1814 aequale
2907 1739 3039 1794 illud
3069 1753 3178 1792 non
3213 1751 3355 1798 esse,
3394 1749 3494 1788 nec
3531 1732 3608 1785 si-

2033 1837 2194 1900 mile;
2237 1851 2345 1889 non
2377 1842 2642 1902 suscepta:
2674 1831 2856 1886 carnis
2898 1826 3151 1896 imagini;
3197 1839 3303 1878 non
3334 1819 3606 1877 divinitati

357 1912 489 1966 ἐστὶ
521 1914 676 1979 τόδε,
725 1917 820 1969 καὶ
861 1917 1035 1981 οὐδεὶς
1069 1919 1288 1973 ἀπιστεῖ
1332 1922 1408 1992 τῷ
1451 1921 1593 1991 λόγῳ
1615 1938 1628 1951 ·
1664 1923 1691 1974 6
1724 1921 1831 1991 γὰρ
1859 1920 1931 1992 μὴ

2057 1927 2135 1996 psi
2172 1941 2290 1995 quae
2319 1923 2484 1979 videri
2515 1939 2621 1977 non
2655 1929 2867 1992 potest;
2897 1934 3003 1973 non
3033 1915 3401 1970 membrorum
3436 1912 3607 1964 linea—

361 2005 631 2059 πιστεύων
653 2003 790 2061 εἶναι
810 2008 970 2062 αὐτὸν
990 2009 1258 2079 ἀληθινὸν,
1277 2013 1354 2074 ὡς
1369 2009 1542 2074 εἶπεν,
1564 2013 1818 2065 ἐκπίπτει
1834 2012 1932 2082 τῆς

359 2096 583 2166 χάριτος
612 2098 704 2150 καὶ
728 2099 827 2169 τῆς
860 2102 1132 2172 σωτηρίας
1162 2103 1295 2173 (75).
1333 2105 1453 2156 Ὅτι
1476 2103 1532 2156 δὲ
1555 2103 1930 2174 ἀκούσωμεν¹,

361 2185 479 2254 (καὶ
515 2188 913 2260 πιστεύσωμεν)
949 2191 1276 2262 πιστεύομεν
1317 2194 1398 2245 ὅτι
1430 2193 1571 2245 ἔστιν
1599 2191 1783 2246 αὐτοῦ.
1831 2193 1935 2246 Τὸν

357 2275 416 2329 δὲ
442 2277 648 2348 Κύριον
675 2281 830 2355 ἡμῶν
853 2281 1072 2354 οἴδαμεν
1097 2282 1216 2337 ὅλον
1242 2284 1512 2356 αἴσθησιν,
1543 2285 1661 2337 ὅλον
1690 2283 1936 2354 αἰσθητι-

363 2367 478 2432 κὸν,
509 2370 628 2424 ὅλον
659 2373 811 2439 Θεὸν,
840 2373 959 2427 ὅλον
992 2374 1264 2436 κινοῦντα,
1289 2376 1407 2429 ὅλον
1438 2375 1784 2446 ἐνεργοῦντα,
1815 2375 1933 2428 ὅλον

363 2460 500 2530 φῶς,
551 2462 670 2516 ὅλον
717 2465 1119 2536 ἀκατάληπτον,
1170 2467 1302 2520 ἀλλὰ
1350 2467 1486 2537 μετὰ
1531 2467 1750 2536 χάριτος
1803 2467 1933 2537 ἡμῖν

360 2551 518 2605 τοῦτο
545 2553 962 2626 δεδωρημένον.·

2035 2015 2234 2070 mentis
2264 2030 2327 2068 ac
2363 2013 2526 2068 notis.
2560 2011 2693 2067 Illud
2726 2011 2869 2065 enim
2900 2005 3192 2063 rotundum
3230 2009 3345 2064 est,
3374 2009 3428 2056 et
3459 1998 3604 2070 quod

2035 2106 2101 2160 ad
2145 2107 2251 2160 vim
2296 2105 2510 2168 attinet,
2555 2118 2752 2160 sensus
2796 2116 3029 2170 expers:
3057 2106 3111 2151 et.
3156 2093 3508 2149 nihilominus
3540 2104 3608 2143 ex

2035 2196 2207 2268 gratia
2241 2195 2595 2266 pronuntiare
2642 2194 2849 2248 voluit:
2883 2191 2995 2244 Hoc
3034 2205 3201 2243 meum
3246 2196 3321 2240 est
3351 2187 3465 2237 hoc.
3501 2179 3607 2234 Ne-

2036 2304 2142 2359 que
2170 2288 2456 2358 quisquam
2497 2297 2600 2350 est,
2630 2286 2722 2356 qui
2757 2285 2804 2339 ei
2842 2282 3080 2338 sermoni
3122 2279 3278 2333 Iidem
3315 2291 3424 2330 non
3454 2271 3610 2326 adhi-

2039 2381 2182 2436 beat.
2217 2379 2348 2433 Nam
2383 2380 2474 2449 qui
2506 2393 2692 2432 verum
2722 2377 2873 2429 illum
2901 2388 3026 2429 esse
3058 2387 3169 2426 non
3199 2368 3395 2429 credit,
3428 2381 3456 2418 a
3488 2377 3611 2434 gra-

2041 2467 2114 2520 tia
2159 2475 2213 2522 et
2250 2469 2423 2522 salute
2469 2481 2697 2537 prorsus
2741 2463 2959 2519 excidit.
3004 2461 3200 2516 Verum
3245 2455 3610 2528 quodcunque

2041 2559 2258 2614 tandem
2306 2559 2641 2614 audierimus
2688 2573 2750 2612 ac
2794 2555 3220 2615 crediderimus,
3269 2549 3454 2620 ipsius-
3489 2559 3612 2599 esse

361 2648 988 2706 credimus:Dominum
1017 2669 1146 2708 vero
1209 2663 1456 2709 nostrum
1529 2661 1703 2708 totum
1766 2667 1887 2708 esse
1947 2668 2166 2709 sensum
2211 2670 2276 2709 ac
2345 2663 2517 2709 totum
2563 2670 2725 2710 sensu
2775 2651 3059 2723 prmditum
3112 2647 3380 2704 novimus,
3435 2649 3610 2694 totum

363 2741 556 2813 Deum,
592 2755 767 2800 totum
808 2757 1134 2814 merentem,
1179 2756 1351 2805 totum
1391 2749 1729 2814 efﬁcientem,
1766 2759 1938 2805 totum
1979 2751 2185 2818 lumen,
2215 2759 2385 2807 totum
2420 2751 2952 2821 incomprehensum,
2994 2747 3083 2818 qui
3113 2746 3217 2799 hoc
3288 2739 3446 2796 nobis
3514 2751 3611 2808 pro

364 2850 464 2892 sua
489 2839 665 2907 gratia
695 2840 919 2910 largitus
945 2849 1048 2897 est.

433 2931 566 2988 ΝΗ.
609 2929 775 2998 Οὗτος
810 2935 830 2966 ³
878 2935 1056 2989 τοίνυν
1089 2939 1116 2990 6
1162 2938 1335 3008 Ἀδὰμ
1388 2939 1445 2990 ὲν
1495 2939 1571 3008 τῷ
1621 2937 1934 3008 παραδείσῳ

366 3023 549 3094 ἐτέθη,
585 3027 679 3078 καὶ
721 3025 924 3094 ἔφαγεν
963 3027 1072 3080 ἀπὸ
1100 3027 1191 3080 τοῦ
1239 3027 1418 3093 ξύλου.
1477 3029 1540 3082 '0
1566 3028 1634 3081 δὲ
1662 3026 1937 3095 παράδει-

363 3128 514 3181 σος,
572 3117 765 3186 φησὶν,
814 3117 884 3169 ἐν
949 3117 1123 3187 Ἐὃὲμ
1176 3118 1287 3189 (76)
1347 3119 1496 3172 κατὰ
1573 3114 1980 3182 Ἀνατολάς·’

2110 2931 2285 2988 LVIII.
2329 2933 2571 2988 Adamus
2604 2933 2769 3001 igitur
2809 2931 2862 2985 in
2899 2927 3154 3000 paradiso
3190 2922 3518 2981 constitutus
3550 2920 3614 2975 de

2044 3025 2240 3078 arbore
2280 3022 2550 3077 comedit:
2585 3018 2876 3073 Paradisus
2916 3033 3075 3084 porro
3120 3015 3170 3067 in
3213 3012 3355 3066 Eden
3398 3019 3512 3064 erat
3547 3006 3613 3060 ad

2045 3118 2329 3170 orientem:
2353 3129 2511 3184 porro
2552 3112 2680 3180 fons,
2708 3111 2770 3164 de
2811 3108 2954 3162 Eden
2988 3103 3360 3166 ascendebat‘,
3394 3115 3503 3154 non
3533 3097 3613 3150 di-

365 3207 529 3276 πηγὴ
558 3208 625 3286 ﬁ
657 3209 970 3264 ἀνέϐαινεν
992 3211 1060 3275 ἐξ
1103 3208 1287 3279 Ἐδέμ.
1323 3211 1431 3264 Καὶ
1464 3211 1563 3264 οὐκ
1595 3207 1712 3264 εἷπε
1735 3249 1749 3269 ,
1795 3211 1939 3261 Κατ-

2049 3210 2136 3271 cit,
2175 3205 2580 3262 Descendebat:
2608 3219 2674 3258 ne
2704 3201 2848 3257 Eden
2873 3216 2902 3256 e
2928 3200 3065 3254 ctelo
3093 3211 3214 3251 esse
3241 3193 3612 3262 suspicemur:

368 3297 602 3363 ἔσαινεν,
646 3301 734 3354 ἵνα
770 3302 842 3372 μὴ
901 3302 1210 3372 νομίσωμεν
1262 3301 1322 3362 ἐξ
1371 3301 1599 3372 οὐρανοῦ
1660 3297 1797 3355 εἶναι
1843 3300 1942 3371 τὴν

383 3390 562 3461 Ἐδέμ.
596 3391 658 3445 El
680 3393 787 3466 γὰρ
822 3395 878 3445 ἐν
906 3385 1563 3464 οὑρακιῷῆν,ἈνωΟεν,ἂν
1596 3387 1934 3462 εἷπε,κατέρ-

369 3499 522 3551 χεται
555 3484 728 3554 πηγή.
789 3484 949 3538 Ἀλλά
979 3499 1132 3554 φησι·
1162 3486 1432 3552 Ποταμὸς
1460 3482 1839 3550 ἐκπορεύεται
1872 3483 1940 3547 ἐξ

383 3572 552 3643 Ἐδέμ
575 3591 586 3602 ’
624 3574 716 3627 καὶ
747 3574 847 3628 οὐκ
879 3570 1022 3635 εἷπε,
1059 3575 1417 3645 Κατέρχεται.
1458 3569 1646 3638 Οὗτος
1687 3572 1941 3642 ἀφορίζει

443 3725 594 3799 {Pro
627 3727 818 3799 Πατήρ
855 3727 972 3799 lege
998 3729 1206 3798 Σωτήρ.
1249 3726 1416 3783 Paulo
1463 3733 1589 3782 ante
1639 3741 1738 3796 pro
1767 3727 1867 3781 ὅσα
1907 3726 1948 3778 ὲ(

2049 3743 2052 3763 ’
2074 3724 2240 3781 Corn.
2266 3725 2370 3795 leg.
2402 3724 2564 3777 πόσα.

379 3784 556 3851 "Gen.
595 3813 655 3862 ιι,
687 3797 720 3852 8
754 3784 874 3868 sqq.

448 3946 559 4020 (7'5)
587 3947 850 4020 γὈρῶμεν
879 3949 984 4020 γὰρ
1016 3949 1102 4004 ὅτι
1129 3951 1365 4005 ἐλαϐεν.
1401 3950 1645 4006 Eximius
1678 3951 1764 4006 hic
1792 3951 1947 4005 locus

375 4025 461 4074 est
492 4019 556 4072 ad
585 4019 846 4073 [)omiuici
879 4019 1125 4088 Corporis
1148 4021 1498 4075 astruendam
1524 4023 1574 4074 in
1595 4021 1950 4088 Eucharistiaa

274 4095 310 4122 ⁴
377 4098 722 4170 sacramento
759 4087 1122 4170 praisentiani.
1267 4091 1374 4161 γὰρ
1403 4091 1476 4160 μὴ
1513 4089 1783 4170 graecawa
1810 4087 1948 4143 εἶναι

377 4158 540 4238 αξιτδν
567 4157 837 4238 ἀληθινὸν,
869 4157 1147 4238 (ἒς-εἷπεν,
1178 4157 1436 4238 ἐκπέττει
1466 4157 1577 4228 ’τῆς
1605 4161 1824 4238 χάριτος
1854 4161 1949 4238 καὶ

377 4228 476 4296 τῆς
517 4228 810 4299 σωτηρίας.
864 4230 1035 4298 Cujus
1068 4232 1350 4284 sententia:
1393 4229 1496 4282 vim
1538 4228 1842 4296 ac'ptiudus
1871 4228 1950 4282 ef-

381 4299 569 4367 fugere
598 4307 877 4366 nequeunt
911 4301 1183 4354 hodiernae
1214 4301 1457 4367 fautores
1480 4299 1721 4352 Ineresis.

451 4360 564 4438 (Ἠ)
599 4360 778 4422 Τοῦτό
800 4388 920 4438 μου
946 4370 1076 4423 ἐστὶ
1100 4371 1254 4424 τόδε.
1289 4360 1498 4436 Integra
1523 4367 1958 4422 consecrationis

380 4440 537 4563 Bautis
555 4441 720 4494 verba
751 4456 858 4493 non
884 4440 1091 4509 profert
1114 4440 1466 4510 Epiphanius.
1496 4439 1588 4492 sed
1617 4439 1956 4492 detruncata.

426 4511 552 4563 aulo
591 4512 842 4563 superius
881 4512 1041 4563 etiam
1067 4527 1256 4563 vocem
1286 4510 1377 4562 τὸν
1419 4511 1580 4563 ἄοτον
1614 4509 1818 4563 omisit.
1851 4506 1956 4562 0b-

2048 3318 2169 3356 nam
2205 3301 2248 3357 si
2277 3306 2419 3354 esset
2446 3299 2500 3352 in
2528 3299 2688 3358 ccclo,
2749 3293 2977 3348 dixisset
3012 3289 3196 3357 utique
3227 3304 3240 3340 :
3271 3283 3417 3337 Fons
3443 3280 3617 3336 eloco

2048 3392 2328 3460 superiore
2365 3387 2747 3443 descendebat.
2784 3383 2928 3437 Dixit
2961 3387 3140 3434 autem
3173 3397 3185 3431 :
3213 3374 3436 3428 Flavius
3469 3385 3618 3440 egre-

2046 3483 2190 3535 ditur
2213 3497 2275 3534 ex
2308 3478 2479 3540 Eden;
2524 3493 2630 3531 non
2665 3482 2866 3538 autem,
2899 3469 3199 3527 descendit.
3240 3465 3339 3518 llic
3365 3461 3620 3516 dividitur

2045 3575 2100 3627 in
2149 3581 2376 3642 quatuor
2408 3571 2604 3638 capita.
2651 3565 2858 3620 Nomen
2890 3563 3004 3626 uni,
3054 3559 3477 3626 Pltison:quem
3520 3567 3620 3606 nos

2681 3723 2700 3752 ³
2731 3719 2791 3773 F.
2845 3716 3179 3789 ἠκούσαμεν.
3281 3712 3300 3744 ³
3331 3709 3389 3764 F.
3425 3707 3618 3771 οὕτως.

2047 3947 2278 4011 fecerat;
2312 3944 2577 4002 adhiberi,
2609 3943 2853 4010 inquam,
2894 3947 3150 4011 tanquam
3179 3933 3482 4011 exemplum
3510 3945 3628 4011 sel;-

2047 4018 2224 4072 monis
2254 4005 2307 4070 in
2337 4016 2520 4068 divino
2541 4005 2760 4081 eloquio
2785 4025 2892 4063 non
2917 4007 3160 4081 ﬁgurati,
3190 4005 3624 4081 nonﬁalle‘gorici‘,

2049 4070 2142 4141 sed
2174 4070 2400 4155 proprii,
2427 4085 2520 4138 sed
2555 4070 2802 4135 litteralis
2835 4097 2846 4132 :
2883 4070 3112 4130 altérum
3142 4089 3274 4155 vero
3304 4072 3360 4125 S.
3392 4070 3630 4155 Epipha:

2050 4148 2198 4210 nium
2224 4148 2513 4222 exponere,
2543 4154 2932 4222 reprmsentare
2957 4148 3369 4222 repugnantiam
3391 4148 3630 4222 externa;

2052 4208 2250 4294 speciei
2287 4208 2656 4294 Eucharistici
2690 4217 2846 4286 panis
2882 4208 3270 4294 cum'proprio
3299 4217 3353 4262 et
3392 4208 3626 4260 naturali

2053 4285 2218 4350 sensu
2277 4294 2491 4347 illorum
2545 4285 2856 4352 verborum,
2907 4285 3018 4338 Ηοε
3059 4292 3134 4335 est
3167 4295 3376 4352 corpus
3421 4292 3628 4352 meum:

2055 4349 2176 4434 qum:
2207 4375 2388 4416 tamen
2445 4359 2646 4434 Christi
2687 4349 2998 4412 testimonio
3033 4351 3271 4432 adhibita
3311 4349 3413 4403 Iide
3446 4349 3632 4401 vinca-

2057 4421 2147 4489 t'ur
2195 4438 2429 4502 oportet.
2500 4427 2603 4502 Ea‘
2630 4443 2793 4502 porro
2846 4421 3211 4502 repugnantia
3253 4434 3430 4502 neque
3463 4432 3628 4502 "esse,

426 4511 552 4564 aulo
591 4512 842 4584 superius
881 4487 1041 4564 ctiam
1067 4487 1256 4584 voc'cm
1286 4487 1588 4584 carie-369'
1993 4530 2035 4584 ι)
2064 4487 2542 4584 nequernullatenus
2578 4487 2702 4567 tingi
2744 4487 2959 4578 posset,
2983 4487 3046 4575 νεὶ
3085 4489 3426 4546 Eucharistia
3459 4487 3631 4584 ﬁgura

383 4594 545 4635 scure
575 4577 738 4646 atque
781 4581 1177 4650 αἰνιγματικῶς
1221 4577 1522 4649 composito
1550 4579 1699 4650 loqui
1722 4577 1953 4632 videtur.

381 4651 722 4705 Crediderim
752 4651 822 4703 ob
858 4649 1043 4703 areani
1079 4651 1444 4720 disciplinam,
1479 4665 1598 4717 quae
1617 4649 1775 4720 illius
1801 4657 1958 4720 aetate

382 4721 619 4788 vigebat,
659 4736 874 4788 quaque
914 4716 1255 4789 potissimum
1293 4716 1586 4789 utebantur
1613 4717 1802 4771 Patres
1830 4716 1958 4789 dum

386 4786 620 4858 agebant
659 4786 725 4844 de
758 4786 1109 4845 Eucharistize
1151 4798 1514 4843 sacramento.
1549 4787 1681 4842 Vide
1727 4803 1849 4856 quin
1894 4786 1962 4858 de

387 4856 684 4982 illiililglérodi
715 4861 1004 4930 disciplina
1035 4861 1272 4914 diximus
1305 4874 1469 4929 supra
1499 4874 1616 4928 par.
1656 4874 1694 4922 ι,
1734 4873 1855 4927 pag.
1892 4856 1960 4908 27

387 4948 416 4982 e
583 4969 595 4981 .

386 4939 441 4985 Cl.
471 4939 595 4982 196.

461 5001 571 5069 (75)
608 5001 911 5053 Ἐκπίπτει
939 5000 1048 5069 τῆς
1096 5000 1337 5070 χάριτος
1370 5000 1468 5070 οιαὶ
1493 4997 1613 5070 -τῆς
1644 4996 1961 5070 οςωτηρίᾳς.

391 5067 627 5124 Prm'sus
659 5079 718 5139 ut
763 5067 1129 5139 evangelicum
1164 5067 1293 5124 illud
1330 5089 1342 5124 :
1381 5067 1502 5122 Nisi
1522 5067 1963 5139 ntanducaveritis

390 5156 603 5193 carnem
649 5137 780 5192 Filii
821 5137 1076 5203 hominis,
1121 5151 1166 5192 et
1205 5139 1438 5193 biberitis
1477 5139 1589 5206 ejus
1636 5137 1964 5206 sanguinem,

392 5227 497 5264 non
528 5210 784 5264 habebitis
808 5211 965 5262 vitam
988 5212 1041 5263 in
1073 5210 1236 5264 vobis.
1296 5211 1566 5264 Caeterum
1596 5209 1794 5262 realetu
1824 5222 1966 5276 pric-

393 5281 623 5336 sentiam
661 5281 908 5348 corporis
936 5280 1136 5334 Christi
1172 5279 1380 5334 Domini
1413 5279 1515 5332 hoc
1550 5279 1602 5331 in
1647 5278 1794 5348 loco
1824 5276 1968 5348 allii-

396 5352 529 5404 mari
566 5350 633 5403 ab
668 5345 972 5418 Epiphanio
998 5349 1109 5418 jam
1141 5349 1230 5402 ditt
1265 5345 1965 5418 adnotatumivirisidoctis.

394 5421 511 5485 Qua
541 5420 594 5473 in
626 5435 681 5473 re
705 5415 970 5473 nc'mtatis
997 5415 1195 5472 nostrae
1223 5417 1630 5474 sacramentarii
1665 5417 1821 5470 malis
1855 5415 1972 5469 suis

394 5490 606 5544 artibus
629 5490 939 5558 quempiam
967 5489 1260 5557 decipiant.
1295 5489 1404 5542 duo
1437 5493 1564 5558 sunt
1593 5486 1826 5558 maxime
1853 5485 1972 5558 ani-

397 5557 820 5615 madvertenda;
874 5561 1101 5613 alterum
1133 5559 1298 5612 verba
1327 5557 1715 5611 Eucharisticze
1752 5557 1974 5608 institu-

398 5631 563 5684 tionis
603 5631 689 5682 hic
731 5645 848 5684 ere
894 5646 992 5683 sua
1044 5628 1288 5681 adhiberi
1335 5629 1400 5680 ab
1443 5627 1740 5694 lipiphanio
1782 5633 1976 5693 agente

399 5707 591 5753 contra
637 5697 946 5768 Origeuem,
1003 5699 1093 5768 qui
1137 5698 1409 5766 allegoriis
1452 5697 1978 5768 suis-liguratisque

401 5764 850 5838 usurpationihus
883 5810 897 5833 ,
965 5764 1155 5823 verum
1208 5764 1511 5838 divinarum
1572 5764 1977 5838 scripturarum

402 5836 624 5895 sensum
664 5839 747 5894 vel
790 5847 1089 5910 everterat,
1144 5837 1224 5894 vel
1269 5838 1565 5892 obscurqu
1603 5836 1978 5903 incertumque

2064 4556 2208 4629 esset
2241 4571 2509 4626 Dominici
2543 4556 2821 4638 corporis,
2879 4556 2985 4619 non
3020 4565 3197 4633 ipsum
3227 4574 3428 4630 corpus
3458 4556 3636 4610 Domi-

2037 4646 2264 4699 "nicum.

2135 4695 2245 4784 (76)
2295 4713 2360 4784 ’ρ
2380 4709 2447 4762 δὲ
2477 4707 2870 4784 εαράδειιτοςν
2920 4702 3130 4784 φησιν’
3156 4695 3636 4784 armauere

2062 4767 2152 4838 ἀρ’
2179 4767 2432 4851 paradiso
2480 4767 2716 4851 Genesis
2765 4767 2996 4829 historia
3039 4769 3301 4851 prodidit,
3349 4767 3637 4847 allegorice

2064 4835 2453 4918 interpretatus
2482 4855 2599 4902 erat
2629 4846 2910 4918 Origenes.
2945 4835 3397 4918 quel'natltltodttu_i
3429 4838 3482 4890 in
3515 4835 3636 4918 cj_us

2064 4907 2278 4981 haeresi.
2321 4930 2374 4975 et
2419 4918 2688 4974 Methodio
2729 4907 3070 4969 ‘declaratum
3117 4909 3495 4981 estplurjbus.
3557 4907 3646 4981 Ita-

2065 4974 2228 5048 etiam
2264 4974 2418 5045 Philo
2445 5001 2497 5043 ct
2524 5004 2585 5041 ex
2619 4987 2824 5041 nostris
2850 4983 3170 5036 Ambrosius
3201 4974 3294 5033 lib.
3331 4977 3403 5029 De
3440 4974 3632 5048 parad.

2067 5045 2188 5132 cap.
2209 5063 2259 5114 5.
2287 5062 2391 5115 Sed
2418 5061 2556 5132 hanc
2575 5053 3150 5132 Origenisopinitmem
3169 5051 3330 5132 vulgo
3347 5048 3534 5128 Patres
3546 5045 3635 5097 alii

2070 5117 2387 5201 repudiauit.
2410 5199 2416 5201 Α
2437 5129 2527 5196 qui
2561 5117 3101 5201 paradisum-lerunt
3124 5117 3367 5201 aliquem
3400 5117 3454 5201 in
3489 5124 3638 5201 terra

2070 5184 2249 5258 locum
2283 5184 2576 5256 exstitisse.
2601 5201 2844 5250 censent.
2899 5190 3138 5245 Tametsi
3173 5184 3262 5242 ubi
3301 5187 3517 5258 tandem
3550 5184 3640 5236 ille

2073 5255 2255 5336 I‘uerit,
2299 5284 2492 5337 magna
2538 5268 2677 5319 inter
2698 5265 2931 5337 eosdem
2966 5255 3658 5337 sententiarum_varietas-

2074 5325 2203 5400 Iuit.
2231 5325 2336 5395 Sed
2366 5325 2820 5391 avreeemioribus
2848 5332 3078 5386 eruditis
3108 5326 3433 5400 geographia
3465 5325 3643 5400 disce-

2074 5392 2356 5482 pta—t'a‘illa
2394 5407 2622 5476 qtlarslio
2660 5417 2779 5466 ess;
2817 5417 2883 5482 ac
2914 5392 3148 5482 paradisi
3185 5392 3343 5454 sédes
3373 5392 3647 5482 eniths'is

2075 5461 2442 5549 descriptione
2494 5487 2643 5549 certo
2691 5461 3009 5549 constituta.
3073 5470 3207 5549 I_)um
3260 5473 3494 5546 quatuor

2077 5535 2329 5610 Ilumin'a,
2375 5555 2430 5600 et
2462 5563 2526 5601 ex
2563 5547 2652 5610 eis
2681 5543 3022 5610 potissimum
3069 5539 3199 5610 duq,
3233 5535 3550 5604 opinionum
3581 5543 3645 5582 ac

2078 5605 2508 5676 commentorum
2540 5605 2812 5669 licentiam
2841 5617 3116 5665 coercent.
3160 5605 3362 5676 Ρετιν.

2156 5667 2658 5755 Ῠῖἆέυήιιῶᾖηιιοῑε
2700 5683 2953 5755 adnotata
2995 5679 3248 5744 leguntur
3285 5667 3648 5755 adhcaputn‘iﬁ

2080 5738 2180 5814 lib.
2202 5738 2683 5810 'vh—Iu'trodzictionis
2714 5753 2768 5803 in
2801 5738 3097 5802 universam
3127 5738 3493 5814 geograpliiunt
3519 5738 3644 5792 1³1ιί-

2083 5812 2213 5901 lippi
2241 5827 2494 5889 Cluverii,
2531 5840 2648 5894 pag.
2683 5820 2806 5887 (ill,
2837 5816 3134 5870 Amstclod.
3163 5812 3252 5868 an.
3283 5812 3440 5868 I720.
