4012 6210
357 291 460 350 H9

1761 293 1819 348 S.
1861 293 2200 349 EPlPilANll

3485 298 3587 353 1‘20

353 407 528 462 oculis
565 408 664 479 ipsi
701 409 994 464 intuemur.
1035 407 1231 464 Phison
1284 409 1428 464 enim
1485 409 1532 464 is
1578 416 1684 472 est,
1727 410 1819 479 qui
1855 410 1919 464 ab

2025 413 2111 476 εις
2142 411 2442 481 τέσσαρας
2469 413 2658 484 ἀρχάς
2677 431 2690 446 ο
2721 415 2908 486 ὄνομα
2939 413 3020 480 τῷ
3046 413 3137 468 ἐνὶ
3182 410 3411 467 Φεισὼν
3428 410 3584 484 ϋηο

354 495 504 554 Indis
541 506 595 554 et
622 497 972 570 Ethiopibus
1018 500 1232 568 Ganges
1275 501 1617 570 appellatur:
1648 516 1803 570 quem
1842 499 1927 553 ln-

353 591 482 646 dum
505 591 675 646 Graeci
719 594 1023 646 nominant.
1071 592 1172 649 Hic
1212 593 1375 647 ambit
1421 594 1681 663 regionem
1726 593 1920 661 Evilat,

353 683 616 753 majorem
658 683 908 739 videlicet
950 700 1012 738 ac
1052 687 1350 748 minorem,
1392 701 1514 756 quae
1547 694 1628 740 est
1659 686 1923 758 Elymaeo—

353 791 473 829 rum
523 776 823 844 provincia,
861 792 924 831 ac
957 793 1208 848 magnam
1262 777 1598 846 Ethiopian]
1633 787 1923 848 penetrans

351 863 419 916 ad
478 873 723 920 austrum
776 866 998 929 labitur,
1046 875 1100 920 et
1148 867 1288 918 intra
1324 866 1503 920 Gades
1550 866 1820 938 ingentem
1867 869 1923 922 in

351 953 626 1008 Oceanum
688 957 945 1024 erumpit.
1018 954 1304 1009 Secundus
1349 955 1547 1011 ﬂuvius
1595 965 1679 1012 est
1730 957 1917 1026 Geon:

349 1061 509 1114 quem
550 1063 652 1102 nos
679 1047 904 1117 perinde
933 1049 1187 1104 sensibus
1218 1051 1548 1118 expositum,
1577 1066 1686 1106 non
1718 1051 1922 1122 allego-

346 1137 445 1193 riis
473 1139 855 1194 adumbratum
885 1141 1184 1196 cernimus.
1217 1140 1313 1195 Hic
1335 1149 1438 1206 est,
1467 1143 1555 1212 qui
1585 1158 1679 1212 per
1703 1143 1921 1198 Aithio-

347 1228 491 1297 piam
526 1231 757 1294 labitur,
799 1239 853 1284 et
882 1232 1145 1285 minorem
1175 1231 1534 1302 Atlthiopiam,
1568 1233 1921 1290 Anubiticum

347 1326 620 1386 tractum,
676 1320 926 1392 Blemyas
973 1331 1027 1375 et
1076 1324 1439 1379 Axumitidem
1488 1333 1919 1394 praetervectus,

346 1409 676 1464 Thebaidem
717 1411 818 1480 61
860 1421 914 1464 et
953 1411 1246 1482 Egyptum
1286 1415 1495 1469 alluens
1539 1417 1590 1469 in
1637 1432 1787 1471 mare
1817 1432 1918 1472 no-

350 1506 528 1554 strum
558 1495 751 1556 inﬂuit.
783 1501 989 1568 Quodsi
1028 1505 1153 1573 quis
1184 1504 1338 1559 ﬁdem
1369 1505 1626 1560 mihinon
1646 1506 1917 1572 adhibeat,

346 1585 640 1644 Jeremiam
690 1591 994 1662 loquentem
1045 1594 1273 1648 audiat:
1306 1594 1444 1660 Quid
1491 1597 1632 1651 vobis
1671 1606 1720 1650 et
1768 1607 1922 1652 terra:

345 1677 588 1750 Egypti,
626 1691 685 1734 ut
731 1681 922 1737 bibatis
957 1701 1148 1754 aquam
1181 1683 1371 1739 Geouis
1405 1686 1670 1740 turbidam
1694 1688 1755 1743 ‘?
1783 1687 1919 1742 Ter-

347 1769 458 1824 tius
485 1767 684 1825 ﬂuvius
723 1780 808 1826 est
855 1771 1055 1842 Tigris,
1097 1773 1189 1842 qui
1227 1789 1259 1828 e
1305 1775 1525 1844 regione
1570 1775 1916 1847 Assyriorum

346 1860 482 1915 ﬂuit.
524 1861 736 1931 Quippe
773 1862 1012 1919 Orientis
1045 1872 1252 1919 tractus
1283 1864 1549 1926 dividens,
1581 1866 1684 1921 sub
1719 1875 1917 1920 terram

343 1951 696 2023 demergitur.
739 1953 842 2019 Qui
893 1970 1017 2010 cum
1051 1971 1116 2010 ex
1155 1957 1413 2013 Armenia
1460 1959 1602 2012 inter
1642 1956 1918 2013 Cardiaeos

342 2051 397 2098 et
427 2043 717 2103 Armenios
747 2046 978 2111 oriatur,
1021 2048 1316 2118 depressus
1356 2050 1547 2104 iterum
1582 2051 1830 2122 emergit,
1865 2061 1920 2106 et

341 2135 692 2204 Assyriorum
739 2151 901 2207 agros
927 2138 1138 2194 divisus
1170 2141 1382 2210 irrigat.
1418 2141 1658 2206 Quartus
1689 2149 1774 2196 est
1814 2140 1920 2195 Eu-

346 2224 568 2294 phrates
601 2245 614 2280 :
645 2227 739 2297 qui
766 2227 957 2282 eodem
985 2229 1147 2283 modo
1177 2239 1320 2284 terra
1349 2231 1604 2297 haustus,
1636 2247 1700 2285 ex
1732 2234 1920 2287 Arme-

344 2315 437 2368 nia
473 2316 671 2396 oritur,
721 2325 884 2387 atque
928 2318 1001 2372 ita
1029 2319 1307 2375 Persidem
1348 2322 1522 2376 alluit.
1557 2320 1917 2389 Quamobrem

343 2405 392 2460 si
426 2405 607 2462 nullus
636 2414 721 2463 est
751 2409 1097 2478 aspectabilis
1130 2412 1436 2480 paradisus,
1475 2429 1651 2482 neque
1687 2413 1807 2470 l'ons
1837 2423 1921 2469 est

347 2496 510 2551 ullus.
557 2499 612 2550 Si
645 2499 827 2555 nullus
866 2499 988 2556 fons
1021 2508 1124 2568 est,
1163 2519 1338 2572 neque
1377 2503 1594 2559 ﬂuvius.
1629 2503 1683 2558 Si
1723 2505 1920 2561 ﬂuvius

345 2601 455 2640 non
483 2590 628 2648 est',
652 2603 718 2643 ne
740 2598 974 2658 quatuor
990 2590 1208 2659 quidem
1238 2592 1326 2645 illa
1352 2602 1478 2646 sunt
1507 2592 1679 2646 initia.
1702 2593 1756 2646 Si
1783 2609 1920 2648 nus-

345 2690 508 2745 quam
535 2675 738 2732 Phison
763 2687 868 2742 est,
906 2695 1082 2749 neque
1115 2678 1264 2735 Geon
1294 2681 1418 2736 erit.
1454 2681 1508 2736 Si
1544 2699 1720 2752 neque
1739 2683 1920 2754 Tigris

343 2774 448 2832 est,
475 2765 778 2837 Euphrates
801 2785 832 2824 e
855 2771 1034 2825 medio
1063 2773 1293 2825 tollitur.
1336 2771 1608 2842 Euphrate
1637 2788 1764 2828 vero
1793 2774 1923 2830 sub-

345 2858 474 2925 lato,
502 2860 616 2928 jam
649 2876 824 2932 neque
851 2861 985 2916 (iens
1013 2871 1116 2928 est,
1148 2879 1324 2932 neque
1354 2864 1501 2927 folia,
1533 2879 1634 2918 nec
1657 2864 1917 2928 Adamus.

342 2963 447 3004 nec
481 2951 570 3003 illa
605 2951 754 3005 vetiti
785 2952 998 3007 fructus
1029 2953 1370 3022 degustatio;
1405 2969 1504 3009 nec
1539 2953 1670 3020 Eva,
1705 2970 1804 3011 nec
1830 2955 1920 3010 illa

343 3055 410 3094 ex
439 3041 634 3096 arbore
665 3041 902 3096 comedit
933 3059 1168 3112 unquam
1199 3062 1212 3099 :
1239 3060 1508 3114 nusquam
1537 3055 1622 3100 est
1654 3047 1916 3103 Adamus.

342 3129 610 3186 Adamum
638 3147 769 3186 vero
795 3133 843 3188 si
871 3135 1180 3199 sustuleris,
1209 3135 1341 3189 nulli
1375 3144 1536 3190 erunt
1564 3137 1834 3202 homines,
1864 3149 1919 3195 et

343 3221 402 3274 in
435 3221 673 3277 fabulam
701 3224 902 3278 veritas
925 3225 1040 3294 ipsa
1066 3225 1512 3293 commutabitur,
1543 3227 1832 3298 omniaque
1857 3229 1924 3284 ad

345 3313 660 3384 allegoriam
692 3315 1015 3370 referentur.
1052 3316 1216 3387 Atqui
1249 3333 1437 3373 revera
1480 3318 1721 3375 Adamus
1767 3321 1928 3377 exsti-

345 3404 414 3458 tit
440 3422 455 3459 :
480 3420 582 3460 nos
614 3405 759 3460 enim
789 3407 856 3461 ab
889 3406 979 3460 illo
1008 3423 1198 3464 sumus
1231 3423 1421 3464 omnes
1449 3410 1665 3480 generis
1699 3426 1922 3467 succes-

346 3495 503 3550 sione
531 3497 835 3572 propagati,
868 3497 1230 3568 eamdemque
1267 3514 1367 3554 nos
1403 3500 1556 3554 illum
1586 3501 1640 3556 in
1677 3512 1924 3572 postero-

345 3599 468 3640 rum
497 3585 844 3641 multitudine
869 3587 1270 3656 quodammodo
1309 3590 1607 3646 cernimus.

413 3839 549 3896 LIX.
587 3841 723 3897 Nam
761 3843 1006 3902 Adamus
1033 3846 1100 3900 ad
1145 3847 1431 3920 imaginem
1475 3865 1630 3906 suam
1661 3850 1791 3907 Seth
1822 3867 1916 3926 ge-

2028 502 2122 553 καὶ
2145 501 2361 574 ὁρῶμεν
2390 505 2480 559 τὸν
2508 505 2712 560 Φεισὼν
2739 507 2825 559 ἐπ’
2853 505 3038 575 ὂψεσιν
3060 501 3342 574 ἡμῶν,καὶ
3365 502 3597 558 Φεισὼν

2029 592 2128 665 μὲν
2159 591 2306 646 ἔστιν
2336 595 2364 646 ὁ
2415 595 2634 667 Γάγγης
2679 595 2828 668 παρὰ
2880 598 2992 658 τοῖς
3053 594 3228 658 Ἰνδοῖς
3260 591 3590 661 καλούμενος

2027 682 2118 735 καὶ
2163 682 2426 754 Αἰθίοψιν,
2477 687 2735 756 Ἕλληνες
2782 686 2840 739 δὲ
2885 686 3072 739 τοῦτον
3121 683 3377 738 καλοῦσιν
3435 681 3590 736 Ἰνδὸν

2003 773 2267 852 ιποταμόν
2288 789 2301 803 ⁸
2366 773 2570 830 πᾶσαν
2589 776 2694 845 γὰρ
2717 775 2832 843 τὴν
2848 772 3067 828 Eoi-litt
3094 775 3462 844 περικυκλοῒ,
3490 772 3589 842 τὴν

2027 863 2226 934 μικρὰν
2266 862 2361 915 καὶ
2404 862 2501 932 τὴν
2535 863 2796 933 μεγάλην,
2830 862 2902 915 τὰ
2933 860 3074 931 μέρη
3105 861 3213 915 τῶν
3254 861 3588 932 Ἐλυμαίων

2002 955 2257 1025 λδιαπερᾷ
2293 953 2351 1007 δὲ
2392 955 2490 1023 τὴν
2527 955 2770 1024 μεγάλην
2801 952 3082 1007 Αἰθιοπίαν
3115 951 3251 1020 (78),
3281 953 3374 1005 καὶ
3403 954 3591 1008 πίπτει

2023 1049 2100 1110 εἰς
2129 1047 2218 1100 τὸν
2246 1046 2416 1110 νότον,
2450 1049 2542 1099 καὶ
2564 1047 2676 1098 δύει
2709 1044 2909 1098 ἔσωθεν
2942 1043 3234 1115 Γαδείρων,
3266 1045 3348 1106 είς
3371 1043 3462 1097 τὸν
3493 1043 3590 1114 μί-

2022 1155 2125 1205 γαν
2177 1136 2446 1190 Ὠκεανόν.
2499 1136 2756 1206 Δεύτερος
2807 1134 3050 1206 ποταμὸς
3100 1134 3139 1185 Γ
3141 1133 3246 1185 εών
3292 1132 3427 1204 (79).
3479 1132 3592 1187 Καὶ

2022 1226 2278 1298 αἰσθητὸν
2314 1227 2529 1298 ὁρῶμεν
2558 1229 2648 1282 τὸν
2683 1226 2950 1296 ποταμὸν,
2993 1225 3086 1279 καὶ
3117 1225 3218 1277 ούκ
3254 1224 3589 1294 ἀλληγορού-

2025 1336 2202 1390 μενον.
2232 1310 2400 1381 Οὗτος
2430 1319 2539 1389 γὰρ
2565 1324 2593 1372 ὁ
2626 1318 2767 1372 κατὰ
2795 1318 2894 1386 τὴν
2933 1314 3220 1368 Αἰθιοπίαν
3253 1314 3590 1385 κατερχόμε-

2021 1410 2255 1472 νος,-καὶ
2288 1409 2564 1476 διαπερῶν
2579 1409 2678 1480 τὴν
2703 1408 2905 1479 μικρὰν
2933 1405 3239 1472 Αἰθιοπίαν,
3279 1405 3589 1476 Ἀνουὸίτην

2021 1518 2081 1554 τε
2123 1501 2215 1554 καὶ
2249 1499 2547 1571 Βλεμενίαν
2589 1499 2684 1553 καὶ
2726 1498 3015 1570 Ἐξωμίτιν
3064 1498 3108 1562 ³,
3150 1498 3241 1552 καὶ
3285 1496 3590 1561 ἐπικλύζων

2019 1591 2086 1646 τὰ
2121 1592 2260 1664 μέρη
2288 1591 2551 1664 Θηϐαΐδος
2581 1590 2673 1646 καὶ
2707 1589 3006 1659 Αἰγύπτου,
3037 1589 3132 1643 καὶ
3161 1589 3242 1654 εἰς
3264 1587 3363 1660 τὴν
3387 1588 3588 1643 θάλασ-

2023 1700 2122 1739 σαν
2151 1683 2357 1755 ταύτην
2395 1686 2696 1739 ἐκπίπτων.
2736 1683 2800 1736 Ei
2840 1681 2898 1735 δέ
2933 1699 3018 1745 τις
3051 1681 3292 1747 ἀπιστεῖ,
3344 1679 3590 1734 ἀκουέτω

2019 1776 2113 1830 τοῦ
2158 1776 2423 1847 Ἰερεμίου
2464 1775 2714 1844 λέγοντος
2739 1791 2753 1805 ·
2798 1774 2934 1830 Ἵνα
2983 1773 3042 1826 τί
3081 1773 3224 1843 ὑμῖν
3255 1773 3352 1827 καὶ
3389 1771 3465 1840 τῇ
3511 1770 3587 1841 τῦ
3677 1785 3681 1790 ‘

2018 1867 2345 1937 Αἰγύπτου,
2391 1867 2497 1921 τοῦ
2533 1865 2692 1920 πιεῖν
2741 1864 2898 1934 ὕδωρ
2949 1864 3116 1919 Peior
3159 1863 3226 1918 τὸ
3266 1862 3588 1932 τεθολωμέ-

2018 1973 2170 2022 ror;
2204 1955 2420 2029 Τρίτος,
2463 1956 2619 2026 φησὶ,
2667 1956 2910 2027 ποταμὸς
2947 1955 3058 2026 (80)
3086 1955 3311 2026 Τίγρης,
3360 1953 3588 2026 πορευόα-

2023 2065 2200 2118 μενος,
2244 2050 2272 2101 ὁ
2310 2044 2596 2100 κατέναντι
2623 2048 2734 2100 τῶν
2790 2046 3108 2117 Ἀσσυρίων.
3159 2047 3443 2114 Διατέμνει
3481 2044 3590 2114 γὰρ

2018 2139 2087 2194 τὰ
2118 2139 2255 2211 μέρη
2289 2138 2389 2207 τῆς
2425 2139 2735 2209 Ἀνατολῆς,
2787 2139 2880 2193 καὶ
2907 2137 3052 2191 δύνει
3087 2136 3192 2190 ὑπὸ
3213 2136 3313 2204 τὴν
3339 2137 3460 2206 γῆν,
3496 2135 3590 2188 καὶ

2018 2229 2227 2300 ἀνίσχει
2283 2229 2393 2282 ἀπὸ
2437 2229 2536 2299 τῆς
2607 2228 2894 2301 Ἀρμενίας
2937 2228 3275 2299 καταμὲσον,
3307 2227 3589 2299 Καρδιέων

2019 2323 2113 2375 καὶ
2169 2320 2489 2392 Ἀρμενίων,
2523 2321 2617 2374 καὶ
2649 2319 2990 2391 ἀναπηγάζει
3035 2319 3216 2382 ⁸πάλιν,
3257 2326 3352 2371 καὶ
3399 2318 3590 2372 ἀνατὲο

2023 2430 2212 2482 μνεται
2249 2413 2330 2475 είς
2377 2411 2474 2484 τὴν
2511 2411 2619 2465 τῶν
2678 2411 2979 2481 Ἀσσυρίων
3025 2411 3150 2481 γῆν.
3209 2409 3366 2464 Ἀλλὰ
3419 2410 3514 2462 καὶ
3559 2409 3591 2461 ὁ

2021 2503 2263 2573 ποταμὸς
2287 2504 2316 2557 ὁ
2349 2503 2608 2574 τέταρτος
2637 2501 2948 2572 Εὐφράτης,
2985 2499 3246 2563 ὡσαύτως
3281 2500 3481 2570 ὁμοίως
3513 2497 3592 2568 τῷ

2020 2593 2168 2664 αὐτῷ
2196 2594 2382 2666 τρόπῳ
2403 2593 2574 2646 δύνων
2609 2593 2714 2646 ὑπὸ
2735 2592 2835 2662 τὴν
2875 2590 3002 2660 γῆν,
3037 2589 3322 2660 ἀνάρχεται
3349 2589 3458 2642 ἀπὸ
3491 2589 3592 2658 τῆς

2032 2685 2345 2754 Ἀρμενίας,
2383 2684 2476 2736 καὶ
2527 2682 2699 2745 οὕτως
2741 2679 3020 2744 ἐπικλύζει
3068 2679 3166 2751 τὴν
3215 2680 3470 2751 Περσίδα.
3527 2681 3590 2734 Ei

2017 2773 2197 2828 τοίνυν
2226 2774 2326 2828 οὐκ
2355 2773 2433 2827 ἔνι
2476 2773 2801 2842 παράδεισος
2831 2771 3108 2844 αἰσθητὸς,
3139 2771 3240 2825 οὐκ
3285 2771 3364 2826 ἔνι
3397 2771 3546 2843 πηγὴ
3572 2788 3589 2805 ο

2020 2866 2068 2918 εἰ
2096 2864 2196 2917 ούκ
2241 2862 2319 2915 ἔνι
2352 2864 2520 2934 πηγὴ,
2555 2863 2656 2917 οὐκ
2689 2863 2768 2917 ἔνι
2794 2863 3070 2932 ποταμόςο
3100 2863 3149 2916 εί
3177 2863 3276 2916 οὐκ
3308 2862 3385 2916 ἔνι
3428 2879 3592 2918 ποταο

2024 2937 2141 3026 μδς,
2182 2955 2282 3008 οὐκ
2330 2955 2436 3008 εἰσὶ
2465 2954 2732 3026 τέσσαρες
2761 2953 2950 3025 ἀρχαί.
3001 2952 3064 3006 Εἰ
3091 2952 3193 3008 οὐκ
3239 2951 3319 3007 ἔνι
3360 2953 3588 3020 Φεισὼν,

2019 3045 2120 3098 οὐκ
2159 3044 2236 3098 ἔνι
2278 3045 2442 3099 Γεών.
2480 3046 2542 3100 Et
2573 3046 2674 3100 οὐκ
2705 3043 2786 3099 ενι
2837 3045 3064 3117 Τίγρης,
3108 3045 3208 3098 οὐκ
3257 3044 3338 3098 ἔνι
3375 3043 3593 3114 Εὐφρά-

2022 3151 2153 3206 της·
2189 3135 2238 3188 εί
2283 3137 2381 3189 οὐκ
2429 3136 2509 3191 ἔνι
2541 3137 2855 3208 Εὐφράτης,
2903 3137 3003 3190 οὐκ
3047 3134 3127 3188 ἔνι
3174 3134 3335 3205 συκῆ,
3383 3132 3591 3228 οξιιξνι

2022 3225 2217 3295 φύλλα,
2255 3227 2354 3280 ούκ
2392 3227 2471 3280 ἔνι
2511 3227 2704 3298 Ἀδὰμ,
2737 3227 2838 3281 οὐκ
2867 3225 2945 3280 ἔνι
2977 3227 3193 3295 φαγεῖν,
3225 3225 3325 3279 ούκ
3354 3223 3589 3288 ἐνιἘύα,

2019 3315 2119 3367 οὐκ
2160 3314 2362 3384 ἔφαγεν
2391 3316 2499 3369 ἀπὸ
2531 3316 2625 3369 τοῦ
2669 3313 2850 3382 ξύλου,
2896 3314 2997 3368 οὐκ
3047 3313 3127 3368 ενι
3165 3312 3353 3383 Ἀδάμ.
3399 3313 3462 3365 Et
3492 3311 3593 3366 οὐκ

2020 3404 2101 3458 ἔνι
2153 3405 2342 3476 Ἀδὰμ,
2371 3404 2470 3459 ούκ
2507 3406 2647 3459 είσὶν
2679 3402 2978 3477 ἄνθρωποι,
3014 3404 3150 3459 ἀλλὰ
3195 3402 3364 3474 μῦθος
3409 3402 3592 3456 λοιπὸν

2017 3497 2050 3564 ἠ
2088 3493 2334 3564 ἀλήθεια,
2365 3494 2460 3546 καὶ
2489 3493 2870 3566 ἀλληγορεῖται
2901 3493 2971 3547 τὰ
2998 3493 3194 3547 πάντα.
3230 3492 3387 3548 Ἔστι
3416 3493 3592 3546 τοίνυν

2031 3585 2234 3655 Ἀδάμ·
2285 3585 2451 3655 ἐσμὲν
2490 3583 2600 3656 γὰρ
2645 3584 2704 3651 ἐξ
2738 3583 2902 3638 αὑτοῦ
2936 3583 2997 3636 τὸ
3031 3585 3188 3652 γένος
3229 3583 3395 3636 αὐτοῦ
3438 3582 3592 3646 ὄντες

2017 3675 2217 3738 πάντες
2264 3673 2407 3727 κατὰ
2455 3673 2728 3746 διαδοχὴν,
2762 3676 2858 3728 καὶ
2898 3675 3114 3746 ὁρῶμεν
3155 3674 3318 3728 αὐτὸν
3353 3673 3444 3729 διὰ
3493 3672 3588 3727 τοῦ

2015 3763 2253 3834 πλήθους
2281 3764 2340 3818 ἐν
2364 3766 2429 3834 τῇ
2465 3763 2702 3836 διαδοχῇ.

2085 3854 2211 3909 ΝΘ¹.
2265 3853 2437 3923 Ἀδὰμ
2465 3853 2573 3926 γὰρ
2611 3856 2775 3926 γεννᾷ
2818 3849 2960 3909 κατὰ
2986 3853 3084 3925 τὴν
3128 3853 3274 3938 ἰδέαν
3311 3852 3472 3909 αὕτοῦ
3502 3850 3592 3906 τὸν

428 3998 444 4028 ¹
477 3997 590 4054 Jer.
627 4014 688 4068 ιι,
718 3999 805 4056 16.
879 4003 901 4033 ¹
934 3998 1069 4057 Gen.
1098 4016 1138 4067 ι,
1167 4001 1258 4058 27.
1361 4003 1384 4034 ³
1414 4003 1486 4059 Ea
1516 4013 1600 4061 est
1627 4021 1748 4077 quas
1771 4007 1839 4063 ab
1860 4006 1916 4062 ill

2022 4022 2130 4078 :epe
2172 4008 2478 4080 Ἀξουμῖτις
2507 3976 2728 4066 dicitur.

411 4152 527 4230 (77)_
566 4153 901 4230 Ὀνοματῷ
929 4154 1302 4230 ἑνί-Φεισῴν.
1342 4156 1584 4230 Miriﬁca
1631 4159 1756 4230 istic
1791 4175 1919 4230 geo-

337 4225 564 4298 graphia
610 4225 970 4298 est._Pnison
1001 4226 1168 4298 idem,
1201 4227 1400 4298 inquit,
1429 4237 1514 4284 est
1551 4244 1676 4282 cum
1711 4225 1916 4298 Gange,

337 4292 451 4366 qui
469 4292 635 4348 lndus
663 4309 692 4346 a
717 4292 924 4348 Graecis
946 4292 1381 4366 appellaturfls,
1412 4299 1677 4366 majorem
1709 4292 1920 4354 ,Ευιῖοὲ

340 4364 488 4429 piam
521 4377 811 4430 permeans
841 4372 895 4416 et
924 4379 953 4415 a

341 4439 532 4504 Ianum
553 4445 818 4484 oceanum
858 4432 1118 4500 erumpit.
1149 4432 1305 4504 Quod
1334 4433 1537 4504 Phison
1579 4437 1650 4488 sit
1679 4433 1920 4504 Ganges,

340 4500 590 4553 omnium
615 4515 808 4580 .prope
841 4509 1084 4585 veter‘m‘n
1137 4503 1324 4585 opinio
1359 4502 1492 4585 fuit;
1525 4512 1766 4585 quaeest
1805 4500 1923 4585 ipsa

339 4578 522 4626 tamen
556 4569 782 4638 minime
813 4571 1136 4638 probabilis.
1175 4569 1316 4625 Nam
1363 4569 1566 4627 Phison
1597 4581 1681 4627 est
1723 4569 1924 4627 Pasiti-

337 4639 474 4713 gris,
503 4646 558 4692 et
590 4637 773 4708 Tigris
803 4637 1010 4713 alveus.
1040 4641 1393 4713 Alndumvero
1417 4659 1541 4697 cum
1581 4640 1764 4712 Gange
1799 4659 1924 4713 per-

341 4708 598 4768 miscere,
639 4716 693 4762 et
743 4708 993 4763 eumdem
1039 4710 1093 4764 in
1140 4711 1470 4766 Gaditanum
1524 4708 1924 4768 oceanum-uer

341 4777 681 4847 Aithiopiam
705 4778 1120 4836 circumducere
1147 4782 1311 4836 nimis
1340 4790 1424 4837 est
1456 4782 1776 4837 absurdum.
1815 4777 1923 4836 Ρε-

344 4863 476 4902 τιιν.

415 4917 528 4986 (78)
571 4917 829 4989 Διαπερᾷ
861 4918 930 4971 δὲ
957 4919 1072 4987 τὴν
1097 4919 1372 4989 μεγάλην
1408 4923 1738 4977 Αἰθιοπίαν.
1786 4923 1922 4978 Mul-

340 4987 506 5061 tiplcx
531 4987 683 5061 apud
717 4992 972 5061 antiquos
1009 4987 1450 5061 eratASthiopia.
1485 4992 1668 5046 Altera
1698 4994 1769 5047 in'
1792 4996 1918 5051 Asia

338 5059 408 5132 ad
449 5058 837 5132 lnd_um_,_si_ve,
876 5061 1074 5132 ut_alii
1125 5058 1613 5132 volunl,'Gangem
1660 5062 1916 5132 ﬂuvium;

339 5129 514 5201 altera
547 5129 599 5201 in
632 5128 844 5201 Mrica,
873 5130 1176 5198 eademque
1210 5128 1519 5185 Ptolemaeo
1542 5130 1773 5201 duplex;
1815 5128 1917 5189 una

337 5197 429 5268 cui
491 5194 588 5268 sub
617 5191 851 5263 Afgypto
912 5191 1213 5268 cognomen
1249 5202 1535 5266 attribuit;
1572 5191 1739 5257 altera
1765 5191 1916 5259 inte-

337 5265 474 5321 rior.
506 5267 632 5322 Hzec
654 5280 865 5340 autem,
890 5265 1012 5340 qua}
1037 5269 1106 5340 ab
1137 5269 1438 5339 Epiphanio
1472 5265 1664 5340 Inagua
1694 5275 1913 5339 dicitur,

338 5351 616 5406 quamque
654 5335 858 5391 Phison
890 5335 1209 5407 perlabitur,
1242 5335 1642 5398 inextricabilis
1671 5354 1773 5397 cst.
1810 5335 1914 5399 Sed

339 5407 600 5483 Asianam
645 5407 978 5483 intellexisse
1011 5410 1250 5483 videtur;
1287 5426 1410 5483 nam
1453 5411 1688 5483 Algypto
1734 5416 1918 5483 subje-

337 5485 486 5553 ctam
533 5477 757 5553 alteram
815 5477 1304 5553 {impoti/appellat.
1360 5481 1502 5553 Sane
1530 5477 1756 5537 lii-abite
1790 5477 1916 5553 pars

338 5543 504 5608 Cltus,
541 5547 646 5618 hoc
675 5553 762 5618 est
793 5543 1099 5618 [Etb'iopiw'
1125 5543 1355 5605 nomine
1389 5551 1442 5604 in
1475 5553 1646 5606 sacris
1699 5543 1914 5608 Litteris

338 5617 844 5690 comprehenditur.
886 5617 966 5690 De
1013 5636 1117 5688 qua
1157 5620 1365 5674 fortean
1412 5621 1762 5690 accipiendus
1792 5623 1915 5690 Epi—

342 5685 598 5756 phanius.
628 5687 732 5742 Sed
757 5687 1002 5759 μεγάλην
1029 5685 1214 5760 utique
1246 5685 1666 5744 notuinare'non
1702 5685 1908 5746 debuit.

2023 4160 2196 4231 Aliter
2227 4159 2563 4231 Ethiopiam
2626 4163 2682 4218 in
2737 4164 3056 4220 orientalem
3105 4175 3160 4220 et
3199 4165 3591 4221 occidentalem

2024 4229 2272 4299 dividunt
2322 4229 2542 4294 Strabo,
2590 4233 2920 4290 Ptolemaeus
2959 4245 3012 4290 et
3059 4235 3174 4299 alii,
3248 4235 3595 4291 interﬂuente

2023 4298 2165 4377 ςξιιο.
2200 4299 2307 4354 Sed
2335 4316 2397 4377 ea
2427 4301 2622 4377 divisio
2654 4303 2790 4356 nihil
2823 4307 2890 4359 ad
2924 4306 3068 4377 hunc
3108 4298 3285 4360 locum
3335 4307 3592 4377 pertinet.

1035 4373 1637 4441 austrumcpnversus,
1673 4367 1726 4441 in
1756 4367 1920 4420 Gadi-
1953 4375 1994 4427 ι)
2025 4367 2310 4441 ιίεεςειιηρ
2331 4369 2398 4441 ad
2435 4371 2612 4424 locum
2649 4386 2989 4441 praesentem.
3023 4373 3226 4432 Psuv.

2100 4437 2451 4508 (7Q)_ﬂl‘stbr,
2507 4441 2621 4494 sive
2650 4437 2856 4508 'Gihon,
2901 4444 3120 4499 ﬂuvium
3171 4445 3422 4500 eumdem
3470 4457 3594 4499 esse

2029 4505 2319 4584 etiinl‘iilo,
2356 4505 2576 4562 Patrum
2612 4505 2901 4584 plerosque
2927 4514 3246 4578 credidisse,
3286 4530 3425 4584 quos
3454 4514 3593 4567 inter

2027 4575 2368 4650 Epiphanius
2398 4586 2586 4633 noster
2612 4575 2701 4634 'ad
2741 4575 3061 4650 praesentem
3105 4575 3438 4649 locum,'nos
3474 4598 3591 4638 mo-

2027 4644 2118 4723 net
2163 4644 2452 4723 Petavius;
2507 4649 2594 4701 cui
2632 4644 2814 4723 tamen
2852 4655 3038 4723 opinio
3083 4654 3174 4706 illa
3219 4644 3441 4708 minime
3471 4667 3596 4722 pro-

2027 4717 2202 4769 batur.
2238 4715 2327 4769 Sic
2359 4717 2505 4770 enim
2545 4735 2601 4771 se
2633 4721 2792 4775 habet
2825 4715 2905 4775 ad'
2939 4725 3082 4776 hunc
3130 4723 3306 4778 loeum
3339 4742 3353 4777 :
3386 4715 3594 4776 Secun-

2024 4786 2128 4875 ξιξ
2167 4785 2370 4875 Qui???
2401 4789 2938 4875 setmﬂilwn:
2981 4791 3160 4875 ψει
3203 4793 3365 4875 hev;
3405 4792 3592 4875 ,ουθηι

2024 4855 2202 4909 Nilum
2242 4873 2370 4929 esse,
2400 4855 2646 4927 plerique
2681 4859 2869 4916 Patres
2909 4863 3311 4925 existimarunt,
3345 4855 3594 4929 interque

2023 4935 2249 4999 caeteros
2282 4926 2616 4999 Epiphanius
2645 4944 2767 4983 cum
2791 4932 2896 4994 hic,
2929 4939 3042 4985 tum
3076 4931 3318 4999 Epistola
3340 4926 3593 4986 adJodn-

2023 5013 2139 5050 nam
2184 4997 2745 5064 llierosolytnilanum.
2799 5000 2903 5056 Sed
2954 4997 3242 5064 immerito,
3274 5003 3349 5055 uti
3397 5001 3591 5054 Perre-

2021 5068 2138 5140 rﬁius
2169 5074 2354 5140 noster
2393 5068 2592 5140 aliique
2627 5069 3002 5124 demonstrant
3035 5089 3048 5122 :
3108 5086 3339 5140 quorum
3369 5084 3593 5125 accura-

2023 5138 2219 5191 tissitni
2268 5145 2398 5191 sunt
2445 5153 2507 5190 ea
2561 5138 2627 5191 de
2674 5154 2732 5192 rc
2776 5138 3173 5195 commentarii.
3226 5140 3284 5196 In
3336 5141 3430 5194 illo
3463 5153 3594 5192 vero

2021 5205 2302 5280 llieremize
2333 5208 2452 5260 loco
2499 5206 2766 5280 liebraice
2783 5219 2865 5280 est
2894 5219 3070 5269 arma
3127 5218 3205 5280 τῃ
3245 5227 3381 5280 aqua
3415 5208 3588 5262 Siltor.

2019 5275 2378 5346 Hieronymus
2406 5293 2595 5346 aquam
2633 5277 2894 5331 turbidam
2939 5280 3115 5334 vertit.
3162 5275 3300 5334 Nam
3327 5288 3463 5340 -ιῖπιυ
3511 5285 3593 5332 est

2018 5345 2327 5422 nigrescere,
2366 5345 2630 5422 turbidum
2659 5363 2788 5422 esse.
2824 5346 2994 5422 Graeci
3030 5348 3174 5422 ὕδωρ
3207 5349 3384 5417 Γηῶν.
3415 5349 3591 5422 ’Πιερ-

2019 5417 2408 5537 ρὲγξξυὲςὲὲᾒιιι
2449 5421 2516 5467 ad
2551 5415 2863 5486 Autolycum
2897 5435 2927 5474 a
2959 5415 3154 5475 Gcone'
3169 5415 3456 5490 propagari
3500 5415 3593 5470 Ni-

2043 5502 2128 5537 um
2166 5491 2383 5536 asserit.

2089 5554 2198 5623 (80)
2245 5554 2460 5619 Τρίτος,
2501 5555 2674 5628 ξησὶ,
2712 5561 2992 5628 ποταμός.
3036 5567 3152 5628 Ῠρῑρ.
3203 5557 3282 5612 Ad
3325 5556 3488 5628 Plinii
3530 5553 3592 5610 li-

2016 5624 2174 5704 brum
2223 5637 2303 5747 ινιᾶ
2338 5637 2458 5691 cap.
2515 5624 2606 5690 9.7,
2650 5642 2748 5684 nos
2787 5624 3004 5686 remittit
3034 5627 3305 5684 Petavius.
3355 5627 3591 5682 Plinium

2018 5700 2183 5747 igitur
2218 5708 2265 5746 va
2309 5707 2357 5746 ε.

2018 5693 2183 5762 igitur
2218 5693 2357 5747 vide.
