4012 6210
316 334 412 391 σοι

1716 333 2157 390 ANCORATUS.

3455 342 3558 399 122

315 445 461 518 Σήθ·
511 445 598 499 ῐνα
649 447 724 519 μή
777 464 862 511 τις
914 446 1111 520 νομίσῃ
1160 445 1246 500 τὸν
1294 446 1673 519 πεπλασμένον
1711 449 1887 510 ἄλλον,

2012 451 2131 504 iuit.
2164 451 2241 505 Ac
2280 468 2346 507 ne
2375 454 2499 523 quis
2529 454 2801 512 diversum
2837 463 2990 526 putet
3021 470 3145 511 eum
3172 470 3295 532 esse
3322 458 3413 528 qui
3447 457 3562 514 for-

314 537 413 589 καὶ
465 538 592 601 τοὺς
646 538 1080 610 γεγεννημένους
1134 537 1360 601 ἄλλους,
1419 538 1575 592 τοῦτό
1632 558 1796 611 φησιν
1853 544 1887 611 ή

318 628 528 700 Γραφὴ,
560 630 711 684 κατὰ
749 629 866 698 τὴν
910 627 1078 682 ἰδέαν
1114 628 1321 683 αὐτοῦ.
1357 629 1466 700 Σὴθ
1500 630 1556 683 δὲ
1586 633 1754 702 γεννᾷ
1794 632 1887 684 τὸν

330 721 516 787 Ἐνὼς,
576 720 741 785 Ἐνὼς
786 721 879 774 τὸν
923 718 1149 781 Καϊνὰν,
1187 717 1397 772 Καϊνὰν
1448 720 1538 772 τὸν
1592 720 1888 791 Μαλελιὴλ,

223 803 248 831 ⁸
317 811 592 883 Μαλελιὴλ
617 812 706 865 τὸν
752 810 922 879 Ἰαρὲτ
956 809 1051 863 καὶ
1084 808 1173 862 τὸν
1219 809 1409 880 Ἑνὼχ,
1456 810 1624 881 Ἑνὼχ
1649 811 1739 864 τὸν
1766 812 1889 865 Ma.-

319 902 573 963 θουσάλα,
614 901 945 955 Μαθουσάλα
988 901 1080 954 τὸν
1117 900 1325 971 Λαμὲχ,
1379 902 1569 971 Λαμὲχ
1620 904 1706 956 τὸν
1744 902 1888 967 Νῶε,

319 993 413 1047 καὶ
462 994 651 1063 γέγονε
697 991 1076 1063 κατακλυσμὸς
1123 992 1223 1045 οὐκ
1276 976 1571 1064 ἀλληγορία
1610 993 1720 1047 ἀλλ’
1761 993 1894 1063 ἀλη-

320 1085 461 1155 θείᾳ,
493 1085 587 1137 καὶ
628 1083 873 1137 ἀπώλετο
906 1085 1053 1137 πᾶσα
1077 1083 1245 1155 ψυχὴ,
1289 1083 1509 1154 ἔμειναν
1545 1085 1601 1137 δὲ
1625 1085 1770 1138 ὀκτὼ
1793 1085 1894 1154 ψυ-

324 1175 415 1246 χαὶ
452 1175 775 1246 ἀνθρώπων.
808 1176 999 1245 Ψυχὰς
1041 1176 1097 1227 δὲ
1134 1176 1200 1228 ἂν
1244 1175 1504 1245 ἀκούσῃς,
1546 1178 1620 1246 μὴ
1667 1177 1893 1249 νομίσῃς

326 1266 651 1336 πλάσματα·
714 1267 820 1320 ἀπὸ
864 1268 973 1337 γὰρ
1018 1266 1113 1320 τοῦ
1164 1268 1282 1331 ἐνὸς
1326 1267 1499 1331 εἴδους
1548 1271 1577 1321 ὁ
1611 1269 1893 1339 ἄνθρωπος

322 1356 443 1417 ὅλος
476 1356 737 1411 καλεῖται.
773 1358 993 1429 Κατέϐη
1024 1358 1130 1429 γὰρ
1172 1358 1363 1413 Ἰακὼϐ
1408 1360 1489 1422 είς
1532 1361 1806 1427 Αἴγυπτον
1834 1361 1893 1413 ὲν

322 1447 520 1518 ψυχαῖς
556 1448 1106 1519 ἑϐδομηκονταπέντε,
1138 1450 1234 1518 ούχ
1264 1451 1348 1503 ὅτι
1379 1451 1435 1502 αί
1471 1450 1640 1520 ψυχαὶ
1680 1451 1895 1505 εἵποντο

324 1539 451 1594 ἄνευ
499 1539 784 1609 σωμάτων,
833 1538 967 1592 ἀλλὰ
1008 1540 1105 1593 σὺν
1159 1538 1406 1609 σώμασι’
1469 1540 1580 1593 Καὶ
1623 1536 1778 1609 ἦμεν
1824 1541 1895 1595 ἐν

324 1627 405 1693 τῷ
432 1630 620 1692 πλοίῳ
651 1628 731 1694 ὡς
760 1629 1128 1699 ὀγδοήκοντα
1170 1631 1382 1698 ψυχαὶ,
1412 1631 1575 1701 φησὶν
1620 1632 1649 1683 ὁ
1680 1632 1894 1694 Λουκᾶς

323 1716 355 1768 ὁ
384 1716 835 1787 συγγραψάμενος
865 1719 963 1781 τὰς
1001 1718 1232 1789 Πράξεις
1262 1718 1371 1773 τῶν
1400 1720 1729 1774 ἀποστόλων.
1783 1722 1894 1774 Καὶ

1989 551 2171 597 matus
2195 550 2301 605 est,
2337 543 2407 597 ab
2440 545 2507 599 iis
2548 548 2642 613 qui
2690 546 3039 616 generatione
3086 546 3351 616 producti,
3386 549 3458 605 ob
3506 550 3561 606 id

1992 631 2273 700 Scriptura
2304 633 2438 688 dixit
2460 635 2528 687 ad
2559 638 2837 707 imaginem
2869 655 3021 691 suam
3042 640 3082 691 ¹.
3109 639 3278 695 Porro
3307 638 3436 695 Seth
3469 657 3562 711 ge-

1989 723 2109 777 nuit
2132 724 2296 786 Enos,
2332 725 2475 780 Enos
2504 726 2733 793 Cainan,
2774 728 2981 783 Cainan
3031 729 3290 791 Malaleel,
3318 730 3562 785 Malaleel

1987 810 2147 867 Iared
2194 821 2248 868 et
2290 814 2498 878 Enocb,
2548 812 2731 869 Enoch
2792 815 3188 881 Mathusalam,
3253 817 3561 871 Mathusala

1934 974 1939 979 ζ
1989 902 2265 969 Lamecb,
2305 903 2539 959 Lamech
2575 904 2719 971 Noe;
2765 906 2866 960 sub
2909 921 3018 975 quo
3040 907 3303 961 diluvium
3348 923 3559 974 revera,

1991 1008 2100 1048 non
2137 994 2427 1064 allegorice
2454 994 2712 1065 contigit;
2762 996 3052 1065 omniaque
3091 997 3343 1051 animalia
3385 998 3562 1067 perie-

1988 1093 2141 1148 runt,
2169 1084 2303 1139 adeo
2329 1093 2387 1139 ut
2409 1094 2535 1139 octo
2558 1084 2821 1138 duntaxat
2852 1085 3128 1140 hominum
3155 1087 3350 1141 animae
3382 1102 3565 1157 super-

1989 1182 2193 1228 essent.
2242 1174 2466 1230 Animas
2520 1189 2683 1244 porro
2721 1189 2845 1227 cum
2893 1174 3073 1239 audis,
3125 1190 3255 1230 cave
3308 1175 3561 1245 ﬁgmenta

1989 1282 2112 1321 esse
2142 1274 2317 1335 putes.
2348 1266 2481 1321 Nam
2514 1268 2583 1321 ab
2607 1281 2714 1321 una
2741 1274 2892 1335 parte
2925 1280 2988 1319 ac
3021 1267 3200 1335 specie
3229 1274 3374 1320 totus
3402 1266 3564 1320 homo

1992 1366 2339 1426 nuncupatur
2358 1376 2371 1411 :
2389 1357 2589 1427 quippe
2615 1356 2784 1411 Iacob
2806 1357 2857 1409 in
2881 1355 3172 1426 A‘ngptum
3201 1355 3564 1419 descendens,

1992 1448 2205 1502 animas
2256 1464 2440 1503 secum
2482 1463 2623 1503 Lxxv
2663 1448 2848 1511 duxit,
2892 1462 2991 1501 nec
3035 1447 3153 1500 illas
3190 1446 3406 1516 quidem
3441 1460 3567 1499 cor—

1992 1537 2218 1606 poribus
2262 1540 2489 1603 solutas,
2530 1538 2624 1593 sed
2665 1554 2788 1594 cum
2836 1537 2966 1607 ipsis
3008 1539 3351 1605 coniunctas.
3400 1535 3565 1601 Item,

1994 1628 2244 1695 Eranms,
2282 1630 2459 1700 inquit
2504 1629 2681 1684 Lucas
2724 1629 2815 1698 qui
2864 1629 3234 1698 apostolorum
3278 1627 3411 1682 Acta
3443 1643 3571 1681 cono
3612 1646 3621 1655 ·

1996 1719 2275 1789 scripsit',
2309 1721 2360 1774 in
2384 1720 2592 1790 navigio
2618 1720 2808 1774 animm
2836 1720 3044 1773 circiter
3077 1720 3345 1789 octoginta
3367 1719 3407 1771 ³.
3427 1717 3569 1784 Quin

324 1806 361 1877 ἡ
421 1807 673 1877 συνήθεια
736 1806 859 1869 τοὺς
905 1805 1121 1871 δούλους
1174 1805 1400 1877 σώματα
1461 1808 1616 1861 εἴωθε
1688 1810 1893 1863 καλεῖν.

2012 1812 2162 1868 :tiam
2200 1812 2408 1882 vulgari
2442 1811 2696 1881 loquendi
2734 1810 3131 1866 consuetudine
3159 1824 3349 1865 servos
3393 1808 3572 1878 appel-

325 1897 621 1969 Δεσπότης,
675 1899 861 1970 φησὶν,
920 1898 1113 1952 ἑκατὸν
1163 1900 1451 1969 σωμάτων,
1490 1900 1625 1956 ἀλλὰ
1667 1901 1761 1954 καὶ
1797 1900 1900 1969 ψυ-

326 1988 432 2061 χὰς
477 1989 737 2059 ἑχόντων·
791 1989 979 2060 ἐπειδὴ
1026 1990 1081 2042 δὲ
1136 1991 1169 2060 ἡ
1212 1989 1498 2043 δεσποτεία
1544 1990 1653 2044 τῶν
1690 1990 1902 2061 ἀνθρώ-

330 2096 449 2133 πων
484 2078 751 2148 σωμάτων
795 2079 1062 2150 κυριεύει,
1092 2080 1207 2133 ἀλλ’
1251 2082 1314 2135 οὐ
1359 2080 1565 2151 ψυχῶν,
1613 2082 1703 2135 διὰ
1746 2082 1904 2136 τοῦτο

327 2170 455 2233 τοὺς
491 2170 709 2233 δούλους
755 2171 990 2239 εὐλόγως
1036 2170 1263 2243 σώματα
1311 2172 1575 2227 ἐκάλεσαν
1609 2172 1707 2226 σὺν
1731 2172 1900 2244 ψυχῇ,

1999 1903 2175 1958 lamus
2202 1916 2433 1971 corpora
2461 1920 2476 1956 :
2501 1902 2668 1955 veluti
2718 1901 2973 1956 dominus
3009 1908 3225 1955 centum
3257 1915 3569 1971 corporum,

2001 1995 2365 2048 animatorum
2417 1993 2626 2064 utique.
2670 1992 2779 2063 62
2818 1992 2921 2046 Sed
2977 1992 3236 2061 quoniam
3286 1991 3568 2044 hominum

2001 2084 2315 2139 dominatus
2347 2084 2413 2138 ad
2443 2098 2674 2153 corpora
2717 2082 3077 2146 solummodo,
3100 2096 3208 2135 non
3248 2081 3315 2136 ad
3362 2082 3574 2135 animas

2003 2174 2258 2244 pertinet,
2292 2175 2484 2229 merito
2516 2188 2700 2228 servos
2730 2188 2983 2241 corpora,
3009 2171 3103 2225 sed
3137 2172 3317 2224 anima
3349 2169 3572 2241 praedita

330 2262 418 2316 ἵνα
458 2262 605 2333 δείξῃ
638 2261 738 2333 τὴν
781 2263 976 2333 χρῆσιν
1023 2262 1131 2317 τῶν
1180 2265 1467 2333 σωμάτων.
1529 2265 1749 2335 Ἐξῆλθε
1798 2266 1901 2337 γὰρ

2012 2266 2376 2329 nominarunt,
2404 2273 2463 2318 ut
2487 2280 2777 2334 corporum
2805 2279 2959 2317 usum
2985 2262 3351 2318 oStenderent.
3381 2263 3575 2330 Egres-

331 2353 455 2406 Νῶε
502 2354 566 2405 ὲκ
616 2354 713 2423 τῆς
758 2353 989 2407 κιϐωτοῦ
1031 2356 1295 2424 γεννήσας
1322 2354 1412 2406 τὸν
1457 2355 1597 2424 Σὴμ,
1631 2356 1720 2409 τὸν
1752 2356 1901 2425 Χὰμ,

2012 2371 2100 2411 sus
2135 2367 2219 2410 est
2253 2364 2432 2410 autem
2462 2354 2575 2409 Noe
2607 2370 2673 2408 ex
2706 2368 2833 2407 arca
2866 2362 3151 2424 postquam
3197 2353 3381 2424 genuit
3411 2351 3534 2405 Seni
3556 2389 3573 2415 ,

330 2445 422 2497 τὸν
460 2444 656 2515 Ἰἀφεθ.
692 2446 811 2517 Σὴμ
849 2447 907 2499 δὲ
955 2448 1117 2517 γεννᾷ
1152 2447 1245 2499 τὸν
1296 2448 1584 2517 ’Λριραξὰᾃ
1633 2447 1905 2516 Ἀρφαξαδ

2012 2447 2173 2502 Cham
2209 2455 2262 2502 et
2298 2445 2549 2516 Iapheth.
2587 2447 2709 2500 Sem
2749 2461 2879 2500 vero
2907 2446 3093 2508 genuit
3136 2443 3447 2513 Arpiiaxad,
3483 2444 3577 2495 Ar-

332 2539 495 2607 γεννᾷ
524 2538 615 2591 τὸν
642 2537 867 2601 Καϊνὰν,
896 2522 1101 2592 Καϊνὰν
1117 2538 1207 2591 τὸν
1240 2539 1404 2601 Σαλα,
1432 2540 1576 2592 Σὰλα
1602 2539 1694 2592 τὸν
1714 2540 1903 2611 Ἔϐερ,

2012 2541 2219 2611 phaxad
2252 2541 2480 2604 Cainan,
2530 2540 2735 2594 Cainan
2780 2538 2983 2603 Salam,
3017 2538 3143 2592 Sala
3172 2535 3367 2599 Heber,
3402 2536 3579 2590 lleber

335 2625 505 2696 Ἔϐερ
532 2625 623 2679 τὸν
662 2626 859 2693 ⁴ιαλὲκ,
910 2628 1089 2680 Φαλὲκ
1140 2627 1230 2681 τὸν
1271 2628 1507 2699 Ῥαγὰμ.
1561 2629 1775 2701 Ῥαγὰμ
1818 2630 1906 2684 τὸν

2012 2633 2225 2695 Phalec,
2267 2631 2463 2686 Phalee
2508 2631 2771 2701 Rhagam,
2824 2631 3066 2701 Rhagam
3114 2627 3343 2693 Seruch,
3374 2626 3576 2681 Seruch

335 2717 576 2787 Σεροὺχ,
624 2718 827 2788 Σεροὺχ
872 2717 964 2770 τὸν
1012 2718 1249 2790 Ναχὼρ,
1302 2719 1505 2789 Ναχὼρ
1552 2720 1643 2773 τὸν
1694 2722 1906 2792 Θάρῤα,

2012 2724 2243 2788 Naelior,
2278 2721 2493 2777 Nachor
2532 2722 2764 2786 Tharra,
2796 2721 3005 2775 Tharra
3046 2720 3304 2782 Abraam,
3343 2719 3577 2771 Aliraam

335 2808 527 2879 Θάῤῥα
552 2809 643 2861 τὸν
696 2808 965 2879 Ἀϐραὰμ,
1010 2809 1258 2881 Ἀϐραὰμ
1310 2811 1399 2864 τὸν
1456 2810 1663 2874 Ἰσαὰκ,
1727 2812 1909 2865 Ἰσαὰκ

2012 2816 2181 2881 Isaac,
2227 2818 2376 2871 Isaac
2417 2814 2617 2878 Iacob,
2650 2813 2818 2869 Iacob
2863 2812 3081 2876 Iudam,
3128 2810 3296 2865 Iudas
3334 2809 3579 2873 Phares,

336 2898 429 2951 τὸν
467 2898 681 2961 Ἰακὼϐ,
738 2898 932 2953 Ἰακὼϐ
954 2901 1048 2954 τὸν
1088 2901 1317 2967 Ἰούδαν,
1358 2902 1557 2966 Ἰούδας
1593 2904 1684 2958 τὸν
1714 2904 1907 2975 ⁴ιθαρὲς,

2012 2904 2214 2959 Phares
2241 2903 2453 2968 Esrom,
2484 2903 2674 2959 Esrom
2693 2906 2879 2963 Aram,
2901 2903 3065 2955 Aram
3089 2900 3413 2961 Aminadab,
3443 2898 3583 2952 Arni-

337 2991 513 3062 ⁴Ιιαρὲς
557 2991 649 3044 τὸν
706 2991 950 3064 Ἑσρὼμ,
993 2991 1213 3063 Ἐσρὼμ
1239 2992 1330 3046 τὸν
1370 2993 1567 3063 ’Δρὰμ,
1613 2994 1789 3065 Ἀρὰμ
1821 2995 1909 3048 τὸν

2012 2996 2189 3051 nadab
2216 2994 2452 3057 Naason,
2484 2995 2700 3050 Naason
2729 2994 2970 3057 Salmon,
2997 2993 3219 3047 Salmon
3244 2991 3410 3054 Booz,
3438 2991 3584 3045 Βοοι

352 3082 675 3152 Ἀμιναδὰμ,
729 3083 1034 3153 ’Δμιναδὰμ
1076 3084 1168 3137 τὸν
1214 3082 1481 3154 Ναασὼμ,
1536 3084 1784 3155 Ναασὼμ
1818 3085 1909 3138 τὸν

2013 3089 2159 3143 ΟιιειΙ
2208 3105 2271 3142 ex
2318 3087 2484 3150 Ruth,
2533 3088 2682 3142 Obed
2726 3086 2899 3149 Iesse,
2946 3083 3100 3139 Iesse
3150 3083 3317 3136 David
3370 3097 3580 3150 regem,

340 3132 587 3243 Σαλμὼν,
618 3132 847 3243 me.
870 3176 963 3227 τὸν
996 3132 1159 3238 hac,
1192 3174 1324 3239 Βοὸζ
1356 3132 1784 3245 arma;
1813 3132 1909 3246 a1;

2013 3180 2181 3234 David
2212 3180 2555 3235 Salomonem
2594 3195 2660 3234 ex
2700 3178 2841 3234 Uria:
2874 3177 3144 3246 conjuge:
3176 3173 3432 3227 Salomon
3474 3171 3584 3224 Ro-

351 3260 531 3326 Ῥοὺθ,
570 3261 759 3334 Ἰωϐὴδ
809 3265 1028 3325 Ἰεσσαὶ,
1086 3264 1282 3317 Ἰεσσαὶ
1328 3263 1419 3317 τὸν
1446 3264 1610 3317 Δαϐὶδ
1648 3265 1738 3316 τὸν
1763 3264 1909 3332 βας-μ

2015 3272 2195 3337 boam,
2224 3271 2461 3326 ltoboam
2484 3271 2642 3333 Abia,
2664 3271 2801 3324 Abia
2823 3269 3023 3340 Asaph,
3050 3266 3232 3337 Asaph
3262 3264 3585 3334 Iosaphalb,

341 3352 460 3418 λέα,
490 3353 652 3407 Δαϐὶδ
694 3355 784 3407 τὸν
813 3354 1129 3425 Σολομῶντα
1157 3357 1222 3408 ἐκ
1260 3355 1357 3424 τῆς
1387 3353 1481 3406 τοῦ
1512 3355 1730 3425 Οὐρίου,
1761 3356 1909 3409 Σολο-

2013 3361 2311 3433 Iosaphath
2336 3361 2542 3425 Ioram,
2572 3361 2755 3416 Ioram
2781 3361 3097 3421 Ochoziam,
3121 3356 3390 3412 Ochozias
3409 3353 3587 3418 Ioam,

345 3444 464 3515 μῶν
507 3445 599 3498 τὸν
663 3445 916 3514 Ῥοϐοὰμ,
959 3445 1194 3515 Ῥοϐοὰμ
1243 3444 1333 3498 τὸν
1397 3445 1571 3503 Ἀϐια,
1620 3446 1771 3499 Ἀϐιὰ
1821 3446 1909 3499 τὸν

2015 3453 2144 3508 Ioas
2191 3454 2487 3516 Amasiam,
2521 3453 2772 3508 Amasias
2802 3452 2988 3506 Oziam
3030 3450 3121 3519 qui
3152 3455 3205 3503 et
3237 3447 3463 3500 Azarias
3500 3444 3590 3498 di-

358 3536 551 3605 Ἀσὼρ,
592 3536 763 3605 Ἀσὰφ
804 3536 897 3589 τὸν
944 3536 1231 3604 Ἰωσαφὰτ,
1274 3537 1540 3605 Ἰωσαφὰτ
1564 3537 1654 3590 τὸν
1692 3537 1909 3607 Ἰωρὰμ,

2018 3551 2140 3597 ctus
2191 3553 2292 3605 est,
2339 3542 2502 3596 Ozias
2540 3540 2811 3604 Ioatham,
2857 3538 3106 3594 Ioatliam
3158 3536 3360 3599 Achaz,
3414 3535 3591 3588 At-haz

358 3628 563 3703 Ἰωρὰμ
588 3628 679 3681 τὸν
723 3627 989 3698 Ὀχοζίαν,
1028 3627 1274 3697 Ὀχοζίας
1304 3627 1396 3681 τὸν
1432 3627 1599 3690 Ἰωὰς,
1649 3627 1799 3690 Ἰωὰς
1826 3628 1909 3680 τὸν

2022 3632 2342 3695 Εῑενίιίειιιι,
2396 3633 2657 3688 Ezechias
2710 3630 3051 3694 Manassem,
3094 3627 3345 3681 Manasse
3392 3628 3591 3689 Amos,

361 3720 637 3791 Ἐμεσίαν,
674 3719 927 3790 Ἐμεσίας
975 3719 1067 3772 τὸν
1105 3718 1284 3783 Ὀζίαν
1323 3718 1415 3771 τὸν
1446 3717 1711 3788 κληθέντα
1761 3718 1909 3781 Ἀζα-

2023 3723 2187 3778 Amos
2229 3721 2452 3789 Iosiam,
2497 3722 2674 3777 Iosias
2718 3721 3069 3785 Ieelioniam,
3105 3718 3397 3774 Iechonias
3441 3717 3595 3770 Sala-

349 3813 498 3886 ρίαν,
561 3810 740 3875 Ὀζίας
794 3811 886 3864 τὸν
950 3810 1221 3879 Ἰωάθαμ.
1289 3808 1525 3877 Ἰωάθαμ
1574 3809 1665 3861 τὸν
1720 3807 1909 3877 Ἀχαζ,

2025 3814 2178 3879 thiel,
2207 3813 2468 3870 Salathiel
2501 3814 2825 3876 Zorobabel,
2859 3811 3163 3865 Zorobabel
3194 3808 3392 3869 Abiud,
3419 3802 3597 3859 Abiud

353 3905 527 3976 ’Δχαζ
569 3904 662 3958 τὸν
715 3901 981 3967 Ἐζεκίαν,
1022 3901 1268 3965 Ἐζεκίας
1315 3900 1404 3959 τὸν
1447 3900 1699 3970 Μανασῆ,
1735 3901 1909 3953 Μανα-

2028 3905 2271 3972 Eliacim,
2306 3906 2526 3961 Eliacim
2559 3908 2715 3971 Asor,
2740 3906 2876 3960 Asor
2911 3903 3109 3966 Sadoc,
3146 3900 3327 3955 Sadoc
3359 3898 3552 3953 Achim
3578 3937 3594 3963 ,

351 3997 450 4067 σῆς
491 3996 581 4050 τὸν
626 3994 827 4065 ’Δμὼς,
868 3993 1050 4064 Ἀμὼς
1078 3994 1170 4046 τὸν
1222 3992 1452 4056 Ἰωσίαν,
1496 3992 1707 4055 Ἰωσίας
1762 3993 1909 4062 Ἰεχο-

2027 3997 2217 4050 Aehim
2267 3996 2444 4061 Eliud,
2492 3997 2648 4051 Eliud
2694 3996 2948 4057 Eleazar,
3002 3993 3227 4048 Eleazar
3276 3991 3552 4045 Matthiam
3581 4028 3598 4054 ,

352 4090 488 4152 νίαν,
534 4088 787 4159 Ἰεχονίας
834 4087 997 4141 πάλιν
1035 4086 1126 4139 τὸν
1176 4085 1465 4155 Σαλαθιὴλ,
1514 4083 1783 4153 Σαλαοιὴλ
1830 4085 1909 4136 τὸς.

2028 4085 2285 4141 Matthias
2316 4086 2505 4149 Iacob,
2538 4085 2706 4139 Iarob
2739 4085 2964 4153 Ioseph.
3560 4090 3563 4093 ’

353 4180 684 4253 Ζοροϐάϐελ,
738 4176 1043 4252 Ζοροϐάϐελ
1099 4176 1191 4231 τὸν
1251 4177 1495 4240 Ἀϐιοὺδ,
1574 4175 1785 4228 Ἀϐιοὺδ
1833 4176 1922 4228 «av
1973 4176 2269 4249 Ἐλιακείμ,
2311 4178 2593 4246 Ἐλιακείμ
2638 4176 2727 4229 τὸν
2789 4174 2987 4246 Ἀσὼρ,
3031 4172 3207 4245 ’Δσὼρ
3242 4173 3334 4226 τὸν
3389 4164 3598 4227 Σαδὼκν

354 4273 539 4329 Σαδὼκ
582 4274 673 4328 τὸν
715 4275 924 4346 Ἀχείμ,
968 4270 1157 4342 Ἀχείμ
1206 4270 1291 4324 τὸν
1333 4269 1558 4335 Ἐλιοὺδ,
1632 4267 1837 4321 Ἐλιοὺδ
1864 4267 1955 4323 τὸν
2007 4270 2287 4342 Ἐλεάζαρ,
2330 4270 2591 4341 Ἐλεάζαρ
2629 4274 2720 4322 τδν
2765 4268 3035 4331 Ματθίαν,
3065 4265 3312 4327 Ματθίας
3374 4261 3466 4313 τὸν
3504 4259 3601 4318 Ἰα,

353 4366 491 4431 κὼϐ,
534 4364 726 4421 Ἰακὼϐ
751 4364 842 4417 τὸν
881 4363 1077 4433 Ἰωσήφ
1104 4361 1237 4429 (81).

424 4460 497 4511 Ζ’.
552 4457 750 4527 Ἰωσὴφ
789 4455 966 4526 γέρων
989 4452 1064 4507 ὣν
1089 4454 1254 4525 χῆρος
1286 4450 1421 4523 μετὰ
1452 4450 1513 4503 τὸ
1548 4449 1736 4503 λαϐεῖν
1768 4449 1919 4520 πρὼ-

354 4566 453 4622 την
500 4546 880 4618 γυναῖκα(82),
911 4546 1002 4599 καὶ
1045 4545 1264 4613 ποιῆσαι
1313 4543 1370 4609 ἐξ
1409 4542 1575 4612 αὐτῆς
1614 4542 1805 4604 παῖδας
1833 4540 1924 4611 ἄῤ-

357 4641 518 4711 ρενας
551 4639 647 4709 μὲν
673 4637 963 4706 τέσσαρας,
1003 4634 1200 4695 Ἰακὼϐ
1225 4635 1315 4687 τὸν
1342 4632 1567 4701 ἀδελφὸν
1599 4631 1693 4684 τοῦ
1718 4631 1922 4702 Κυρίου

2098 4444 2209 4499 LX.
2270 4442 2467 4514 Ioseph
2539 4450 2697 4498 aitate
2764 4441 2874 4511 jam
2928 4447 3215 4509 provectus
3270 4447 3324 4492 ct
3375 4438 3604 4493 orbatus

2030 4551 2199 4591 uxore
2241 4542 2361 4606 post
2394 4534 2513 4602 ejus
2550 4532 2777 4593 obitum,
2810 4547 2840 4585 e
2870 4546 2974 4599 qua
3006 4538 3241 4597 quatuor
3272 4543 3449 4582 mares
3480 4542 3603 4581 sus-

2031 4635 2269 4697 ceperat,
2323 4624 2586 4679 Iacobum
2647 4622 2873 4676 fratrem
2905 4619 3119 4673 Domini
3164 4619 3283 4672 ideo
3324 4617 3604 4687 cognomi-

464 4794 482 4827 ⁸
522 4793 657 4849 Gen.
692 4805 837 4856 ιινι,
873 4789 963 4844 27.
1042 4790 1062 4819 ’
1088 4791 1208 4843 Act.
1246 4802 1413 4853 xxvu,
1444 4787 1532 4841 57.
1610 4785 1629 4815 ⁸
1663 4782 1861 4837 Ibidem
1893 4796 2154 4836 numerus
2193 4789 2279 4834 est
2309 4777 2435 4831 276.

430 4948 544 5020 (81)
593 4944 781 5020 Jacobi
832 4942 1098 5020 "3“!!“1‘9’
1150 4909 1411 5020 “ﬁmus;
1460 4935 1847 5020 .:'°_5°.P“v.‘l"3
1899 4950 1929 4987 ³
1963 4937 2006 4991 Ῑ)
2037 4932 2241 5020 9¹¹Ρ³ὲίν
2272 4929 2467 5020 ⁰Ρί¹ἶί2
2498 4927 3019 5020 {lib-P393390???
3069 4925 3606 5020 ξῖθίτῗῖῗκίέἷῖῗὶίῒ

361 5005 610 5074 8.Ὶ.ύςο
646 5017 699 5070 in
731 5014 1020 5082 Evangelia
1054 5028 1134 5071 ιιι,
1167 5012 1259 5077 25,
1295 5009 1411 5065 lleli
1457 5005 1641 5082 fratris
1684 5005 1931 5082 ejusdem

359 5089 549 5144 Iacobi
596 5087 799 5141 dicitur
837 5074 978 5138 [ilius
1028 5097 1135 5135 non
1192 5074 1409 5144 natura,
1446 5077 1540 5134 sed
1593 5078 1738 5145 lege;
1790 5074 1934 5145 quod

360 5158 532 5213 Iacob
557 5157 775 5210 viduam
810 5168 1034 5224 uxorem
1068 5151 1181 5205 Ileli
1218 5152 1421 5224 absque
1451 5148 1637 5224 liberis
1666 5146 1933 5224 relicui"),

362 5245 429 5284 ex
471 5227 606 5297 legis
652 5226 913 5297 mandato
938 5223 1037 5297 sibi
1089 5214 1438 5297 matrimonio
1484 5214 1936 5297 jungen3,i_i-atris

364 5283 687 5353 excitaverit
742 5309 949 5353 semen,
1005 5290 1205 5359 Ioseph
1259 5290 1451 5359 ﬁlium!
1484 5283 1807 5359 susceperit.
1866 5283 1937 5337 De

366 5365 804 5435 exploratissima
852 5364 953 5435 hac
994 5376 1063 5435 _I_'e
1114 5355 1381 5435 videndus
1417 5357 1622 5435 Iulius.
1648 5355 1938 5407 Africanus

370 5426 519 5507 apud
550 5434 840 5507 Eusebium
873 5431 944 5486 ΙΙ.
984 5429 1056 5507 Εζ
1090 5430 1277 5507 cap._7
1308 5430 1430 5507 libri
1468 5426 1647 5507 primi.

442 5505 553 5576 (82)
587 5498 1257 5576 rﬂpdimryurai'xaés.
1302 5498 1597 5576 Iuseplium
1650 5502 1937 5576 antequam

373 5564 747 5631 beatissimam
784 5564 1070 5640 Virginem
1132 5568 1352 5622 “ariam
1404 5564 1506 5622 sibi
1563 5564 1940 5641 desponsaret,

377 5660 601 5699 uxorem
636 5644 797 5696 aliam
836 5633 1114 5702 habuisse,
1161 5647 1215 5693 et
1259 5654 1323 5692 ex
1356 5653 1417 5692 ea
1449 5635 1757 5702 suscepisse
1804 5633 1939 5684 Iibe-

384 5728 490 5779 res,
519 5714 612 5791 qui
640 5713 835 5769 fratres
867 5712 1074 5769 Domini
1106 5711 1228 5765 ideo
1262 5708 1371 5763 sint
1402 5708 1453 5762 in
1485 5705 1771 5773 Evangelio
1800 5718 1940 5756 nun-

2039 4996 2127 5056 ter
2169 5000 2227 5055 S.
2283 4996 2468 5053 noster
2520 4997 2854 5066 Epiphanius
2910 4996 3125 5066 tumin
3174 4996 3605 5066 loico‘prazsenti,

2038 5081 2151 5124 tum
2179 5072 2233 5124 in
2263 5070 2452 5123 lueresi
2483 5062 2577 5129 51,-
2602 5062 2752 5120 nium.
2783 5066 2930 5131 10,et
2960 5067 3011 5119 in
3042 5065 3233 5118 lueresi
3260 5062 3347 5128 78,
3373 5080 3521 5117 num.
3551 5064 3603 5117 7.

2042 5142 2169 5193 Eam
2199 5140 2530 5208 opinionem,
2563 5144 2747 5206 utpote
2776 5150 2897 5203 quae
2928 5151 3029 5208 non
3068 5146 3173 5188 tam
3199 5134 3307 5203 pia,
3336 5150 3491 5208 quam
3520 5150 3608 5208 nu:

2039 5211 2160 5262 duci
2189 5202 2478 5261 teineritate
2508 5202 2669 5259 fuerit
2698 5202 2955 5268 conﬁcta,
2984 5205 3128 5257 circa
3168 5219 3368 5256 annum
3405 5202 3607 5257 Christi

2042 5280 2146 5333 582
2182 5279 2369 5347 rejecit
2402 5278 2458 5331 S.
2493 5276 2852 5347 Hieronxmd’s
2876 5274 2936 5347 in
2979 5273 3120 5327 libro
3157 5273 3403 5325 adversus
3437 5271 3607 5347 ῌςίυίο

2046 5351 2213 5407 dium,
2238 5342 2588 5401 'eoutendens
2620 5344 2676 5398 S‘.
2700 5342 3002 5413 Iosephum
3036 5350 3344 5411 perpetuam
3373 5342 3612 5413 coluisse

2046 5419 2433 5488 virginitatem.
2475 5415 2784 5488 Hieronymi
2810 5410 3105 5488 sententia
3141 5410 3448 5488 communis
3485 5421 3609 5461 cva-

2047 5480 2305 5541 sithide
2339 5485 2573 5555 quaside
2605 5480 2693 5537 illa
2735 5483 2989 5555 opinione
3034 5481 3103 5534 ab
3153 5480 3481 5555 Hieronymo
3524 5488 3609 5555 rio-

2044 5539 2844 5627 iecta‘scrip'sitTillemontiits
2878 5551 3077 5606 Aduot.
3110 5563 3171 5601 ιιι
3202 5547 3267 5601 ad
3302 5539 3604 5612 S.'Ioscph.

2057 5628 2123 5681 ll.
2162 5625 2222 5680 Ε.
2254 5622 2400 5681 tonio
2430 5624 2467 5689 Ι,
2502 5638 2620 5694 pag.
2651 5622 2775 5676 480.
