  <div class='ocr_page' id='page_1' title='image "/cluster/home/n/w/nwhite01/storage/ocr_20150623/43/mdp.39015013284818/080.png"; bbox 0 0 4012 6210; ppageno 0'>
   <div class='ocr_carea' id='block_1_1' title="bbox 317 417 424 470">
    <p class='ocr_par' dir='ltr' id='par_1_1' title="bbox 317 417 424 470">
     <span class='ocr_line' id='line_1_1' title="bbox 317 417 424 470; baseline -0.009 0"><span class='ocrx_word' id='word_1_1' title='bbox 317 417 424 470; x_wconf 68' lang='grc'><strong>125</strong></span> 
     </span>
    </p>
   </div>
   <div class='ocr_carea' id='block_1_2' title="bbox 402 518 1580 596">
    <p class='ocr_par' dir='ltr' id='par_1_2' title="bbox 402 518 1580 596">
     <span class='ocr_line' id='line_1_2' title="bbox 402 518 1580 596; baseline -0.006 -16"><span class='ocrx_word' id='word_1_2' title='bbox 402 525 744 596; x_wconf 80' lang='grc' dir='ltr'>Ἀλέξανδρος</span> <span class='ocrx_word' id='word_1_3' title='bbox 768 523 867 595; x_wconf 78' lang='grc' dir='ltr'><strong>οὐχ</strong></span> <span class='ocrx_word' id='word_1_4' title='bbox 894 524 923 578; x_wconf 85' lang='grc' dir='ltr'>ὁ</span> <span class='ocrx_word' id='word_1_5' title='bbox 952 520 1213 577; x_wconf 78' lang='grc' dir='ltr'>Μακεδὼν</span> <span class='ocrx_word' id='word_1_6' title='bbox 1242 520 1334 591; x_wconf 73' lang='grc' dir='ltr'><strong>ἐτη</strong></span> <span class='ocrx_word' id='word_1_7' title='bbox 1370 525 1415 589; x_wconf 75' lang='grc' dir='ltr'><strong>γ’</strong></span> <span class='ocrx_word' id='word_1_8' title='bbox 1451 518 1580 588; x_wconf 74' lang='grc' dir='ltr'><strong>(οΞ).</strong></span> 
     </span>
    </p>
   </div>
   <div class='ocr_carea' id='block_1_3' title="bbox 387 609 919 687">
    <p class='ocr_par' dir='ltr' id='par_1_3' title="bbox 387 609 919 687">
     <span class='ocr_line' id='line_1_3' title="bbox 387 609 919 687; baseline -0.013 -14"><span class='ocrx_word' id='word_1_9' title='bbox 387 609 694 687; x_wconf 61' lang='grc' dir='ltr'>Μάξιμῖνος</span> <span class='ocrx_word' id='word_1_10' title='bbox 724 616 818 685; x_wconf 76' lang='grc' dir='ltr'><strong>ἔτη</strong></span> <span class='ocrx_word' id='word_1_11' title='bbox 850 614 919 682; x_wconf 86' lang='grc' dir='ltr'><strong>γ’.</strong></span> 
     </span>
    </p>
   </div>
   <div class='ocr_carea' id='block_1_4' title="bbox 389 706 923 779">
    <p class='ocr_par' dir='ltr' id='par_1_4' title="bbox 389 706 923 779">
     <span class='ocr_line' id='line_1_4' title="bbox 389 706 923 779; baseline -0.004 -18"><span class='ocrx_word' id='word_1_12' title='bbox 389 707 683 779; x_wconf 83' lang='grc' dir='ltr'>Γορδιανὸς</span> <span class='ocrx_word' id='word_1_13' title='bbox 724 706 816 776; x_wconf 74' lang='grc' dir='ltr'><strong>ἔτη</strong></span> <span class='ocrx_word' id='word_1_14' title='bbox 851 711 923 769; x_wconf 85' lang='grc' dir='ltr'>ς’.</span> 
     </span>
    </p>
   </div>
   <div class='ocr_carea' id='block_1_5' title="bbox 387 797 888 867">
    <p class='ocr_par' dir='ltr' id='par_1_5' title="bbox 387 797 888 867">
     <span class='ocr_line' id='line_1_5' title="bbox 387 797 888 867; baseline -0.01 -13"><span class='ocrx_word' id='word_1_15' title='bbox 387 800 649 861; x_wconf 78' lang='grc' dir='ltr'>Φίλιππος</span> <span class='ocrx_word' id='word_1_16' title='bbox 684 797 777 867; x_wconf 76' lang='grc' dir='ltr'><strong>ἐτη</strong></span> <span class='ocrx_word' id='word_1_17' title='bbox 816 802 888 861; x_wconf 77' lang='grc' dir='ltr'><strong>ς’.</strong></span> 
     </span>
    </p>
   </div>
   <div class='ocr_carea' id='block_1_6' title="bbox 388 889 824 952">
    <p class='ocr_par' dir='ltr' id='par_1_6' title="bbox 388 889 824 952">
     <span class='ocr_line' id='line_1_6' title="bbox 388 889 824 952; baseline -0.002 -10"><span class='ocrx_word' id='word_1_18' title='bbox 388 892 573 952; x_wconf 81' lang='grc' dir='ltr'><strong>Δέκιος</strong></span> <span class='ocrx_word' id='word_1_19' title='bbox 602 889 720 951; x_wconf 76' lang='grc' dir='ltr'>ἔτος</span> <span class='ocrx_word' id='word_1_20' title='bbox 756 893 824 941; x_wconf 86' lang='grc' dir='ltr'>α’.</span> 
     </span>
    </p>
   </div>
   <div class='ocr_carea' id='block_1_7' title="bbox 385 971 1489 1046">
    <p class='ocr_par' dir='ltr' id='par_1_7' title="bbox 385 971 1489 1046">
     <span class='ocr_line' id='line_1_7' title="bbox 385 971 1489 1046; baseline -0.008 -14"><span class='ocrx_word' id='word_1_21' title='bbox 385 978 675 1046; x_wconf 60' lang='grc' dir='ltr'>Γαλσορὼν</span> <span class='ocrx_word' id='word_1_22' title='bbox 713 980 807 1031; x_wconf 72' lang='grc' dir='ltr'><strong>καὶ</strong></span> <span class='ocrx_word' id='word_1_23' title='bbox 836 973 1205 1046; x_wconf 78' lang='grc' dir='ltr'>Οὑαλησιανὸς</span> <span class='ocrx_word' id='word_1_24' title='bbox 1234 974 1248 1003; x_wconf 87' lang='grc'>¹</span> <span class='ocrx_word' id='word_1_25' title='bbox 1283 971 1377 1041; x_wconf 80' lang='grc' dir='ltr'><strong>ἐτη</strong></span> <span class='ocrx_word' id='word_1_26' title='bbox 1418 974 1489 1038; x_wconf 77' lang='grc' dir='ltr'><strong>γ’.</strong></span> 
     </span>
    </p>
   </div>
   <div class='ocr_carea' id='block_1_8' title="bbox 386 1068 878 1138">
    <p class='ocr_par' dir='ltr' id='par_1_8' title="bbox 386 1068 878 1138">
     <span class='ocr_line' id='line_1_8' title="bbox 386 1068 878 1138; baseline -0.008 -16"><span class='ocrx_word' id='word_1_27' title='bbox 386 1070 622 1138; x_wconf 74' lang='grc' dir='ltr'>Γαληνὸς</span> <span class='ocrx_word' id='word_1_28' title='bbox 660 1068 751 1138; x_wconf 77' lang='grc' dir='ltr'><strong>ἐτη</strong></span> <span class='ocrx_word' id='word_1_29' title='bbox 788 1072 849 1119; x_wconf 81' lang='grc' dir='ltr'>ιε’</span> <span class='ocrx_word' id='word_1_30' title='bbox 863 1104 878 1119; x_wconf 93' lang='grc'>.</span> 
     </span>
    </p>
   </div>
   <div class='ocr_carea' id='block_1_9' title="bbox 388 1153 1092 1220">
    <p class='ocr_par' dir='ltr' id='par_1_9' title="bbox 388 1153 1092 1220">
     <span class='ocr_line' id='line_1_9' title="bbox 388 1153 1092 1220; baseline -0.009 -9"><span class='ocrx_word' id='word_1_31' title='bbox 388 1160 653 1220; x_wconf 74' lang='grc' dir='ltr'><strong>Κλαύδιος</strong></span> <span class='ocrx_word' id='word_1_32' title='bbox 685 1157 841 1218; x_wconf 70' lang='grc' dir='ltr'>ἄλλος</span> <span class='ocrx_word' id='word_1_33' title='bbox 868 1154 985 1216; x_wconf 74' lang='grc' dir='ltr'>ἔτος</span> <span class='ocrx_word' id='word_1_34' title='bbox 1012 1153 1092 1205; x_wconf 74' lang='grc' dir='ltr'><strong>ἓν.</strong></span> 
     </span>
    </p>
   </div>
   <div class='ocr_carea' id='block_1_10' title="bbox 387 1246 1048 1319">
    <p class='ocr_par' dir='ltr' id='par_1_10' title="bbox 387 1246 1048 1319">
     <span class='ocr_line' id='line_1_10' title="bbox 387 1246 1048 1319; baseline -0.005 -18"><span class='ocrx_word' id='word_1_35' title='bbox 387 1249 667 1319; x_wconf 77' lang='grc' dir='ltr'>Αὑρίλλιος</span> <span class='ocrx_word' id='word_1_36' title='bbox 698 1249 793 1315; x_wconf 80' lang='grc' dir='ltr'><strong>ἐτη</strong></span> <span class='ocrx_word' id='word_1_37' title='bbox 832 1246 889 1297; x_wconf 82' lang='grc' dir='ltr'><strong>ιδ’</strong></span> <span class='ocrx_word' id='word_1_38' title='bbox 914 1246 1048 1315; x_wconf 80' lang='grc'><strong>(95).</strong></span> 
     </span>
    </p>
   </div>
   <div class='ocr_carea' id='block_1_11' title="bbox 387 1338 923 1407">
    <p class='ocr_par' dir='ltr' id='par_1_11' title="bbox 387 1338 923 1407">
     <span class='ocr_line' id='line_1_11' title="bbox 387 1338 923 1407; baseline -0.004 -16"><span class='ocrx_word' id='word_1_39' title='bbox 387 1342 615 1399; x_wconf 79' lang='grc' dir='ltr'>Τάκιτος</span> <span class='ocrx_word' id='word_1_40' title='bbox 648 1338 820 1407; x_wconf 77' lang='grc' dir='ltr'>μῆνας</span> <span class='ocrx_word' id='word_1_41' title='bbox 852 1342 923 1399; x_wconf 78' lang='grc' dir='ltr'>ς’.</span> 
     </span>
    </p>
   </div>
   <div class='ocr_carea' id='block_1_12' title="bbox 387 1427 813 1498">
    <p class='ocr_par' dir='ltr' id='par_1_12' title="bbox 387 1427 813 1498">
     <span class='ocr_line' id='line_1_12' title="bbox 387 1427 813 1498; baseline -0.002 -18"><span class='ocrx_word' id='word_1_42' title='bbox 387 1428 594 1498; x_wconf 72' lang='grc' dir='ltr'><strong>Πρόϐος</strong></span> <span class='ocrx_word' id='word_1_43' title='bbox 618 1427 713 1495; x_wconf 80' lang='grc' dir='ltr'><strong>ἔτη</strong></span> <span class='ocrx_word' id='word_1_44' title='bbox 740 1433 813 1489; x_wconf 87' lang='grc' dir='ltr'><strong>ς’.</strong></span> 
     </span>
    </p>
   </div>
   <div class='ocr_carea' id='block_1_13' title="bbox 387 1509 1883 1590">
    <p class='ocr_par' dir='ltr' id='par_1_13' title="bbox 387 1509 1883 1590">
     <span class='ocr_line' id='line_1_13' title="bbox 387 1509 1883 1590; baseline -0.008 -17"><span class='ocrx_word' id='word_1_45' title='bbox 387 1522 449 1573; x_wconf 85' lang='grc' dir='ltr'>Οί</span> <span class='ocrx_word' id='word_1_46' title='bbox 478 1520 602 1590; x_wconf 72' lang='grc' dir='ltr'>περὶ</span> <span class='ocrx_word' id='word_1_47' title='bbox 624 1520 805 1587; x_wconf 81' lang='grc' dir='ltr'>Κᾶρον</span> <span class='ocrx_word' id='word_1_48' title='bbox 829 1517 919 1570; x_wconf 77' lang='grc' dir='ltr'>καὶ</span> <span class='ocrx_word' id='word_1_49' title='bbox 943 1516 1179 1585; x_wconf 84' lang='grc' dir='ltr'>Καρῖνον</span> <span class='ocrx_word' id='word_1_50' title='bbox 1193 1514 1285 1565; x_wconf 63' lang='grc' dir='ltr'><strong>καλ⁸</strong></span> <span class='ocrx_word' id='word_1_51' title='bbox 1312 1509 1679 1583; x_wconf 73' lang='grc' dir='ltr'>Νουμεριανὸν</span> <span class='ocrx_word' id='word_1_52' title='bbox 1701 1509 1794 1581; x_wconf 78' lang='grc' dir='ltr'><strong>ἔτη</strong></span> <span class='ocrx_word' id='word_1_53' title='bbox 1818 1509 1883 1579; x_wconf 83' lang='grc' dir='ltr'><strong>β’.</strong></span> 
     </span>
    </p>
   </div>
   <div class='ocr_carea' id='block_1_14' title="bbox 384 1606 979 1679">
    <p class='ocr_par' dir='ltr' id='par_1_14' title="bbox 384 1606 979 1679">
     <span class='ocr_line' id='line_1_14' title="bbox 384 1606 979 1679; baseline -0.007 -16"><span class='ocrx_word' id='word_1_54' title='bbox 384 1609 757 1679; x_wconf 80' lang='grc' dir='ltr'>Διοκλητιανδς</span> <span class='ocrx_word' id='word_1_55' title='bbox 789 1608 883 1677; x_wconf 76' lang='grc' dir='ltr'><strong>ἔτη</strong></span> <span class='ocrx_word' id='word_1_56' title='bbox 912 1606 979 1677; x_wconf 83' lang='grc' dir='ltr'><strong>η’.</strong></span> 
     </span>
    </p>
   </div>
   <div class='ocr_carea' id='block_1_15' title="bbox 384 1695 1489 1772">
    <p class='ocr_par' dir='ltr' id='par_1_15' title="bbox 384 1695 1489 1772">
     <span class='ocr_line' id='line_1_15' title="bbox 384 1695 1489 1772; baseline -0.007 -15"><span class='ocrx_word' id='word_1_57' title='bbox 384 1701 538 1757; x_wconf 81' lang='grc' dir='ltr'>Μετά</span> <span class='ocrx_word' id='word_1_58' title='bbox 570 1701 945 1772; x_wconf 74' lang='grc' dir='ltr'>Διοκλητιανὸν</span> <span class='ocrx_word' id='word_1_59' title='bbox 984 1697 1322 1768; x_wconf 80' lang='grc' dir='ltr'>Μαξιμιανός</span> <span class='ocrx_word' id='word_1_60' title='bbox 1350 1695 1489 1766; x_wconf 73' lang='grc'><strong>(94).</strong></span> 
     </span>
    </p>
   </div>
   <div class='ocr_carea' id='block_1_16' title="bbox 382 1792 639 1854">
    <p class='ocr_par' dir='ltr' id='par_1_16' title="bbox 382 1792 639 1854">
     <span class='ocr_line' id='line_1_16' title="bbox 382 1792 639 1854; baseline -0.016 -8"><span class='ocrx_word' id='word_1_61' title='bbox 382 1792 639 1854; x_wconf 87' lang='grc' dir='ltr'>Λικίνιος.</span> 
     </span>
    </p>
   </div>
   <div class='ocr_carea' id='block_1_17' title="bbox 389 1883 671 1945">
    <p class='ocr_par' dir='ltr' id='par_1_17' title="bbox 389 1883 671 1945">
     <span class='ocr_line' id='line_1_17' title="bbox 389 1883 671 1945; baseline 0.004 -9"><span class='ocrx_word' id='word_1_62' title='bbox 389 1883 671 1945; x_wconf 82' lang='grc' dir='ltr'>Κῶνστας.</span> 
     </span>
    </p>
   </div>
   <div class='ocr_carea' id='block_1_18' title="bbox 382 1974 809 2035">
    <p class='ocr_par' dir='ltr' id='par_1_18' title="bbox 382 1974 809 2035">
     <span class='ocr_line' id='line_1_18' title="bbox 382 1974 809 2035; baseline -0.002 -8"><span class='ocrx_word' id='word_1_63' title='bbox 382 1974 809 2035; x_wconf 77' lang='grc' dir='ltr'>Κωνσταντῖνος.</span> 
     </span>
    </p>
   </div>
   <div class='ocr_carea' id='block_1_19' title="bbox 395 2065 693 2126">
    <p class='ocr_par' dir='ltr' id='par_1_19' title="bbox 395 2065 693 2126">
     <span class='ocr_line' id='line_1_19' title="bbox 395 2065 693 2126; baseline -0.003 -10"><span class='ocrx_word' id='word_1_64' title='bbox 395 2065 693 2126; x_wconf 82' lang='grc' dir='ltr'>Ἰουλιανός.</span> 
     </span>
    </p>
   </div>
   <div class='ocr_carea' id='block_1_20' title="bbox 393 2155 667 2217">
    <p class='ocr_par' dir='ltr' id='par_1_20' title="bbox 393 2155 667 2217">
     <span class='ocr_line' id='line_1_20' title="bbox 393 2155 667 2217; baseline -0.004 -10"><span class='ocrx_word' id='word_1_65' title='bbox 393 2155 667 2217; x_wconf 80' lang='grc' dir='ltr'><strong>Ἰοὸιανός.</strong></span> 
     </span>
    </p>
   </div>
   <div class='ocr_carea' id='block_1_21' title="bbox 380 2246 844 2308">
    <p class='ocr_par' dir='ltr' id='par_1_21' title="bbox 380 2246 844 2308">
     <span class='ocr_line' id='line_1_21' title="bbox 380 2246 844 2308; baseline -0.004 -9"><span class='ocrx_word' id='word_1_66' title='bbox 380 2246 844 2308; x_wconf 71' lang='grc' dir='ltr'>Οὐαλεντινιανὸς.</span> 
     </span>
    </p>
   </div>
   <div class='ocr_carea' id='block_1_22' title="bbox 381 2337 613 2405">
    <p class='ocr_par' dir='ltr' id='par_1_22' title="bbox 381 2337 613 2405">
     <span class='ocr_line' id='line_1_22' title="bbox 381 2337 613 2405; baseline 0.009 -17"><span class='ocrx_word' id='word_1_67' title='bbox 381 2337 613 2405; x_wconf 79' lang='grc' dir='ltr'><strong>Οὐάλης.</strong></span> 
     </span>
    </p>
   </div>
   <div class='ocr_carea' id='block_1_23' title="bbox 378 2426 689 2496">
    <p class='ocr_par' dir='ltr' id='par_1_23' title="bbox 378 2426 689 2496">
     <span class='ocr_line' id='line_1_23' title="bbox 378 2426 689 2496; baseline 0 -19"><span class='ocrx_word' id='word_1_68' title='bbox 378 2426 689 2496; x_wconf 82' lang='grc' dir='ltr'>Γρατιανός.</span> 
     </span>
    </p>
   </div>
   <div class='ocr_carea' id='block_1_24' title="bbox 380 2514 1882 2586">
    <p class='ocr_par' dir='ltr' id='par_1_24' title="bbox 380 2514 1882 2586">
     <span class='ocr_line' id='line_1_24' title="bbox 380 2514 1882 2586; baseline 0.001 -18"><span class='ocrx_word' id='word_1_69' title='bbox 380 2518 524 2578; x_wconf 83' lang='grc' dir='ltr'><strong>Ἕως</strong></span> <span class='ocrx_word' id='word_1_70' title='bbox 556 2516 646 2568; x_wconf 76' lang='grc' dir='ltr'><strong>τοῦ</strong></span> <span class='ocrx_word' id='word_1_71' title='bbox 680 2514 926 2567; x_wconf 78' lang='grc' dir='ltr'><strong>ἐνιαυτοῦ</strong></span> <span class='ocrx_word' id='word_1_72' title='bbox 960 2516 1095 2584; x_wconf 81' lang='grc' dir='ltr'>μετᾶ</span> <span class='ocrx_word' id='word_1_73' title='bbox 1131 2515 1188 2567; x_wconf 76' lang='grc' dir='ltr'>τὸ</span> <span class='ocrx_word' id='word_1_74' title='bbox 1219 2515 1537 2584; x_wconf 86' lang='grc' dir='ltr'>τελευτῆσαι</span> <span class='ocrx_word' id='word_1_75' title='bbox 1581 2514 1690 2585; x_wconf 79' lang='grc'><strong>(95)</strong></span> <span class='ocrx_word' id='word_1_76' title='bbox 1736 2516 1882 2586; x_wconf 86' lang='grc' dir='ltr'>Γρα-</span> 
     </span>
    </p>
   </div>
   <div class='ocr_carea' id='block_1_25' title="bbox 306 2592 1881 2673">
    <p class='ocr_par' dir='ltr' id='par_1_25' title="bbox 306 2592 1881 2673">
     <span class='ocr_line' id='line_1_25' title="bbox 306 2592 1881 2673; baseline 0.001 -19"><span class='ocrx_word' id='word_1_77' title='bbox 306 2602 507 2659; x_wconf 84' lang='grc' dir='ltr'>τιανὸν.</span> <span class='ocrx_word' id='word_1_78' title='bbox 538 2602 631 2670; x_wconf 73' lang='grc' dir='ltr'>ἐτη</span> <span class='ocrx_word' id='word_1_79' title='bbox 660 2600 721 2657; x_wconf 88' lang='lat'><strong>0&#39;.</strong></span> <span class='ocrx_word' id='word_1_80' title='bbox 759 2602 832 2653; x_wconf 89' lang='grc' dir='ltr'><strong>Τὸ</strong></span> <span class='ocrx_word' id='word_1_81' title='bbox 863 2601 981 2664; x_wconf 82' lang='grc' dir='ltr'>ἔτος</span> <span class='ocrx_word' id='word_1_82' title='bbox 1019 2602 1124 2671; x_wconf 72' lang='grc' dir='ltr'><strong>γὰρ</strong></span> <span class='ocrx_word' id='word_1_83' title='bbox 1163 2592 1320 2655; x_wconf 79' lang='grc' dir='ltr'>τοῦτό</span> <span class='ocrx_word' id='word_1_84' title='bbox 1367 2606 1481 2656; x_wconf 77' lang='grc' dir='ltr'>ἐστι</span> <span class='ocrx_word' id='word_1_85' title='bbox 1533 2604 1881 2673; x_wconf 79' lang='grc' dir='ltr'><strong>ἐνενηκοστὸν</strong></span> 
     </span>
    </p>
   </div>
   <div class='ocr_carea' id='block_1_26' title="bbox 305 2692 1883 2766">
    <p class='ocr_par' dir='ltr' id='par_1_26' title="bbox 305 2692 1883 2766">
     <span class='ocr_line' id='line_1_26' title="bbox 305 2692 1883 2766; baseline 0.002 -21"><span class='ocrx_word' id='word_1_86' title='bbox 305 2693 705 2761; x_wconf 73' lang='grc' dir='ltr'>Δισκλητιανοῦ.</span> <span class='ocrx_word' id='word_1_87' title='bbox 741 2692 1182 2745; x_wconf 75' lang='grc' dir='ltr'>Οὐαλεντινιανοῦ</span> <span class='ocrx_word' id='word_1_88' title='bbox 1216 2694 1307 2745; x_wconf 75' lang='grc' dir='ltr'><strong>καὶ</strong></span> <span class='ocrx_word' id='word_1_89' title='bbox 1337 2695 1633 2757; x_wconf 83' lang='grc' dir='ltr'>Οὐάλεντος</span> <span class='ocrx_word' id='word_1_90' title='bbox 1662 2702 1714 2755; x_wconf 81' lang='grc' dir='ltr'>ι’,</span> <span class='ocrx_word' id='word_1_91' title='bbox 1740 2696 1883 2766; x_wconf 87' lang='grc' dir='ltr'>Γρα-</span> 
     </span>
    </p>
   </div>
   <div class='ocr_carea' id='block_1_27' title="bbox 304 2782 1881 2855">
    <p class='ocr_par' dir='ltr' id='par_1_27' title="bbox 304 2782 1881 2855">
     <span class='ocr_line' id='line_1_27' title="bbox 304 2782 1881 2855; baseline 0.004 -22"><span class='ocrx_word' id='word_1_92' title='bbox 304 2782 487 2835; x_wconf 81' lang='grc' dir='ltr'>τιανοῦ</span> <span class='ocrx_word' id='word_1_93' title='bbox 521 2783 578 2834; x_wconf 82' lang='grc' dir='ltr'>δὲ</span> <span class='ocrx_word' id='word_1_94' title='bbox 606 2782 721 2845; x_wconf 79' lang='grc' dir='ltr'>ἔτος</span> <span class='ocrx_word' id='word_1_95' title='bbox 749 2791 821 2846; x_wconf 83' lang='grc' dir='ltr'><strong>ς’,</strong></span> <span class='ocrx_word' id='word_1_96' title='bbox 865 2783 1099 2854; x_wconf 73' lang='grc' dir='ltr'>ὑπατείᾳ</span> <span class='ocrx_word' id='word_1_97' title='bbox 1132 2786 1169 2835; x_wconf 92' lang='grc' dir='ltr'><strong>Γ</strong></span> <span class='ocrx_word' id='word_1_98' title='bbox 1175 2785 1430 2855; x_wconf 81' lang='grc' dir='ltr'>ρατιανοῦ</span> <span class='ocrx_word' id='word_1_99' title='bbox 1472 2787 1786 2854; x_wconf 75' lang='grc' dir='ltr'>Αὐγούστου</span> <span class='ocrx_word' id='word_1_100' title='bbox 1821 2786 1881 2840; x_wconf 75' lang='grc' dir='ltr'>τὸ</span> 
     </span>
    </p>
   </div>
   <div class='ocr_carea' id='block_1_28' title="bbox 316 2873 1662 2947">
    <p class='ocr_par' dir='ltr' id='par_1_28' title="bbox 316 2873 1662 2947">
     <span class='ocr_line' id='line_1_28' title="bbox 316 2873 1662 2947; baseline 0.006 -24"><span class='ocrx_word' id='word_1_101' title='bbox 316 2873 516 2944; x_wconf 81' lang='grc' dir='ltr'>τρίτον,</span> <span class='ocrx_word' id='word_1_102' title='bbox 554 2874 830 2926; x_wconf 76' lang='grc' dir='ltr'>Ἐσκυτίου</span> <span class='ocrx_word' id='word_1_103' title='bbox 860 2876 880 2905; x_wconf 79' lang='grc'><em>³</em></span> <span class='ocrx_word' id='word_1_104' title='bbox 906 2874 1307 2945; x_wconf 86' lang='grc' dir='ltr'>λαμπροτάτου,</span> <span class='ocrx_word' id='word_1_105' title='bbox 1336 2876 1565 2940; x_wconf 76' lang='grc' dir='ltr'>ίνδικτος</span> <span class='ocrx_word' id='word_1_106' title='bbox 1598 2877 1662 2947; x_wconf 82' lang='grc' dir='ltr'><strong>β’.</strong></span> 
     </span>
    </p>
   </div>
   <div class='ocr_carea' id='block_1_29' title="bbox 371 2964 1880 3041">
    <p class='ocr_par' dir='ltr' id='par_1_29' title="bbox 371 2964 1880 3041">
     <span class='ocr_line' id='line_1_29' title="bbox 371 2964 1880 3041; baseline 0.005 -26"><span class='ocrx_word' id='word_1_107' title='bbox 371 2964 490 3017; x_wconf 58' lang='grc' dir='ltr'><strong>ΞΜ.</strong></span> <span class='ocrx_word' id='word_1_108' title='bbox 539 2965 727 3029; x_wconf 80' lang='grc' dir='ltr'>Ἡμεῖς</span> <span class='ocrx_word' id='word_1_109' title='bbox 766 2966 943 3019; x_wconf 84' lang='grc' dir='ltr'>τοίνυν</span> <span class='ocrx_word' id='word_1_110' title='bbox 988 2967 1095 3018; x_wconf 84' lang='grc' dir='ltr'><strong>ἀπὸ</strong></span> <span class='ocrx_word' id='word_1_111' title='bbox 1139 2966 1232 3019; x_wconf 78' lang='grc' dir='ltr'>τοῦ</span> <span class='ocrx_word' id='word_1_112' title='bbox 1267 2969 1665 3039; x_wconf 80' lang='grc' dir='ltr'><strong>προειρημένου</strong></span> <span class='ocrx_word' id='word_1_113' title='bbox 1710 2970 1880 3041; x_wconf 80' lang='grc' dir='ltr'>Ἀδὰμ</span> 
     </span>
    </p>
   </div>
   <div class='ocr_carea' id='block_1_30' title="bbox 305 3057 1877 3129">
    <p class='ocr_par' dir='ltr' id='par_1_30' title="bbox 305 3057 1877 3129">
     <span class='ocr_line' id='line_1_30' title="bbox 305 3057 1877 3129; baseline 0.004 -20"><span class='ocrx_word' id='word_1_114' title='bbox 305 3057 445 3111; x_wconf 76' lang='grc' dir='ltr'>κατὰ</span> <span class='ocrx_word' id='word_1_115' title='bbox 469 3057 806 3121; x_wconf 76' lang='grc' dir='ltr'>ἀκολουθίαν,</span> <span class='ocrx_word' id='word_1_116' title='bbox 842 3058 935 3112; x_wconf 77' lang='grc' dir='ltr'><strong>καὶ</strong></span> <span class='ocrx_word' id='word_1_117' title='bbox 968 3060 1069 3110; x_wconf 79' lang='grc' dir='ltr'>οὐκ</span> <span class='ocrx_word' id='word_1_118' title='bbox 1099 3059 1347 3111; x_wconf 83' lang='grc' dir='ltr'><strong>ἀπώλετο</strong></span> <span class='ocrx_word' id='word_1_119' title='bbox 1377 3061 1409 3129; x_wconf 76' lang='grc' dir='ltr'>ἡ</span> <span class='ocrx_word' id='word_1_120' title='bbox 1448 3061 1619 3125; x_wconf 78' lang='grc' dir='ltr'>τάξις,</span> <span class='ocrx_word' id='word_1_121' title='bbox 1661 3063 1781 3115; x_wconf 78' lang='grc' dir='ltr'>οὐδὲ</span> <span class='ocrx_word' id='word_1_122' title='bbox 1810 3064 1877 3116; x_wconf 81' lang='grc' dir='ltr'>τὰ</span> 
     </span>
    </p>
   </div>
   <div class='ocr_carea' id='block_1_31' title="bbox 1730 404 2170 463">
    <p class='ocr_par' dir='ltr' id='par_1_31' title="bbox 1730 404 2170 463">
     <span class='ocr_line' id='line_1_31' title="bbox 1730 404 2170 463; baseline -0.002 -1"><span class='ocrx_word' id='word_1_123' title='bbox 1730 404 2170 463; x_wconf 65' lang='lat' dir='ltr'><strong>ANCORATUS.</strong></span> 
     </span>
    </p>
   </div>
   <div class='ocr_carea' id='block_1_32' title="bbox 1915 509 3340 572">
    <p class='ocr_par' dir='ltr' id='par_1_32' title="bbox 1915 509 3340 572">
     <span class='ocr_line' id='line_1_32' title="bbox 1915 509 3340 572; baseline -0.004 -6"><span class='ocrx_word' id='word_1_124' title='bbox 1915 516 1964 572; x_wconf 77' lang='grc' dir='ltr'>Α</span> <span class='ocrx_word' id='word_1_125' title='bbox 2061 510 2363 566; x_wconf 81' lang='lat' dir='ltr'><strong>Alexander</strong></span> <span class='ocrx_word' id='word_1_126' title='bbox 2396 526 2423 563; x_wconf 90' lang='lat' dir='ltr'><strong>a</strong></span> <span class='ocrx_word' id='word_1_127' title='bbox 2455 510 2746 567; x_wconf 81' lang='lat' dir='ltr'><strong>Macedone</strong></span> <span class='ocrx_word' id='word_1_128' title='bbox 2771 509 3021 566; x_wconf 80' lang='lat' dir='ltr'><strong>diversus</strong></span> <span class='ocrx_word' id='word_1_129' title='bbox 3052 522 3226 563; x_wconf 87' lang='lat' dir='ltr'><strong>annos</strong></span> <span class='ocrx_word' id='word_1_130' title='bbox 3253 522 3340 562; x_wconf 89' lang='grc' dir='ltr'>ιιι.</span> 
     </span>
    </p>
   </div>
   <div class='ocr_carea' id='block_1_33' title="bbox 3458 398 3561 455">
    <p class='ocr_par' dir='ltr' id='par_1_33' title="bbox 3458 398 3561 455">
     <span class='ocr_line' id='line_1_33' title="bbox 3458 398 3561 455; baseline -0.019 0"><span class='ocrx_word' id='word_1_131' title='bbox 3458 398 3561 455; x_wconf 70' lang='grc'><strong>126</strong></span> 
     </span>
    </p>
   </div>
   <div class='ocr_carea' id='block_1_34' title="bbox 2067 620 2719 675">
    <p class='ocr_par' dir='ltr' id='par_1_34' title="bbox 2067 620 2719 675">
     <span class='ocr_line' id='line_1_34' title="bbox 2067 620 2719 675; baseline -0.005 0"><span class='ocrx_word' id='word_1_132' title='bbox 2067 620 2391 675; x_wconf 74' lang='lat' dir='ltr'><strong>Maximinus</strong></span> <span class='ocrx_word' id='word_1_133' title='bbox 2426 634 2599 673; x_wconf 87' lang='lat' dir='ltr'><strong>annos</strong></span> <span class='ocrx_word' id='word_1_134' title='bbox 2633 635 2719 672; x_wconf 90' lang='grc' dir='ltr'>ιιι.</span> 
     </span>
    </p>
   </div>
   <div class='ocr_carea' id='block_1_35' title="bbox 2062 708 2683 761">
    <p class='ocr_par' dir='ltr' id='par_1_35' title="bbox 2062 708 2683 761">
     <span class='ocr_line' id='line_1_35' title="bbox 2062 708 2683 761; baseline 0 -1"><span class='ocrx_word' id='word_1_135' title='bbox 2062 708 2371 761; x_wconf 87' lang='lat' dir='ltr'><strong>Gordianus</strong></span> <span class='ocrx_word' id='word_1_136' title='bbox 2406 723 2578 761; x_wconf 89' lang='lat' dir='ltr'><strong>annos</strong></span> <span class='ocrx_word' id='word_1_137' title='bbox 2608 724 2683 760; x_wconf 80' lang='lat' dir='ltr'><strong>vr.</strong></span> 
     </span>
    </p>
   </div>
   <div class='ocr_carea' id='block_1_36' title="bbox 2062 798 2651 867">
    <p class='ocr_par' dir='ltr' id='par_1_36' title="bbox 2062 798 2651 867">
     <span class='ocr_line' id='line_1_36' title="bbox 2062 798 2651 867; baseline -0.002 -16"><span class='ocrx_word' id='word_1_138' title='bbox 2062 798 2343 867; x_wconf 85' lang='lat' dir='ltr'><strong>Philippus</strong></span> <span class='ocrx_word' id='word_1_139' title='bbox 2376 813 2548 850; x_wconf 87' lang='lat' dir='ltr'><strong>annos</strong></span> <span class='ocrx_word' id='word_1_140' title='bbox 2578 812 2651 851; x_wconf 87' lang='lat' dir='ltr'><strong>vt.</strong></span> 
     </span>
    </p>
   </div>
   <div class='ocr_carea' id='block_1_37' title="bbox 2036 890 2552 944">
    <p class='ocr_par' dir='ltr' id='par_1_37' title="bbox 2036 890 2552 944">
     <span class='ocr_line' id='line_1_37' title="bbox 2036 890 2552 944; baseline -0.01 -1"><span class='ocrx_word' id='word_1_141' title='bbox 2036 890 2258 944; x_wconf 85' lang='lat' dir='ltr'><strong>Decius</strong></span> <span class='ocrx_word' id='word_1_142' title='bbox 2288 904 2485 941; x_wconf 83' lang='lat' dir='ltr'><strong>annuat</strong></span> <span class='ocrx_word' id='word_1_143' title='bbox 2516 903 2552 939; x_wconf 95' lang='grc' dir='ltr'>ι.</span> 
     </span>
    </p>
   </div>
   <div class='ocr_carea' id='block_1_38' title="bbox 2063 975 3011 1032">
    <p class='ocr_par' dir='ltr' id='par_1_38' title="bbox 2063 975 3011 1032">
     <span class='ocr_line' id='line_1_38' title="bbox 2063 975 3011 1032; baseline -0.002 0"><span class='ocrx_word' id='word_1_144' title='bbox 2063 978 2249 1032; x_wconf 81' lang='lat' dir='ltr'><strong>Gallus</strong></span> <span class='ocrx_word' id='word_1_145' title='bbox 2282 990 2335 1029; x_wconf 88' lang='lat' dir='ltr'><strong>et</strong></span> <span class='ocrx_word' id='word_1_146' title='bbox 2360 975 2690 1029; x_wconf 86' lang='lat' dir='ltr'><strong>Volusianus</strong></span> <span class='ocrx_word' id='word_1_147' title='bbox 2734 991 2905 1029; x_wconf 90' lang='lat' dir='ltr'><strong>annos</strong></span> <span class='ocrx_word' id='word_1_148' title='bbox 2926 991 3011 1030; x_wconf 88' lang='grc' dir='ltr'>ιιι.</span> 
     </span>
    </p>
   </div>
   <div class='ocr_carea' id='block_1_39' title="bbox 2062 1067 2651 1121">
    <p class='ocr_par' dir='ltr' id='par_1_39' title="bbox 2062 1067 2651 1121">
     <span class='ocr_line' id='line_1_39' title="bbox 2062 1067 2651 1121; baseline -0.007 0"><span class='ocrx_word' id='word_1_149' title='bbox 2062 1067 2318 1121; x_wconf 89' lang='lat' dir='ltr'><strong>Galienns</strong></span> <span class='ocrx_word' id='word_1_150' title='bbox 2359 1081 2528 1119; x_wconf 89' lang='lat' dir='ltr'><strong>annos</strong></span> <span class='ocrx_word' id='word_1_151' title='bbox 2563 1080 2651 1117; x_wconf 80' lang='lat' dir='ltr'><strong>xv.</strong></span> 
     </span>
    </p>
   </div>
   <div class='ocr_carea' id='block_1_40' title="bbox 2061 1156 2785 1210">
    <p class='ocr_par' dir='ltr' id='par_1_40' title="bbox 2061 1156 2785 1210">
     <span class='ocr_line' id='line_1_40' title="bbox 2061 1156 2785 1210; baseline -0.003 0"><span class='ocrx_word' id='word_1_152' title='bbox 2061 1156 2319 1210; x_wconf 90' lang='lat' dir='ltr'><strong>Claudius</strong></span> <span class='ocrx_word' id='word_1_153' title='bbox 2346 1156 2479 1208; x_wconf 85' lang='lat' dir='ltr'><strong>alter</strong></span> <span class='ocrx_word' id='word_1_154' title='bbox 2509 1170 2708 1208; x_wconf 91' lang='lat' dir='ltr'><strong>annum</strong></span> <span class='ocrx_word' id='word_1_155' title='bbox 2748 1171 2785 1208; x_wconf 91' lang='grc' dir='ltr'>ι.</span> 
     </span>
    </p>
   </div>
   <div class='ocr_carea' id='block_1_41' title="bbox 2059 1246 2726 1301">
    <p class='ocr_par' dir='ltr' id='par_1_41' title="bbox 2059 1246 2726 1301">
     <span class='ocr_line' id='line_1_41' title="bbox 2059 1246 2726 1301; baseline -0.004 -2"><span class='ocrx_word' id='word_1_156' title='bbox 2059 1246 2386 1301; x_wconf 80' lang='lat' dir='ltr'><strong>Aurelianus</strong></span> <span class='ocrx_word' id='word_1_157' title='bbox 2417 1261 2588 1299; x_wconf 91' lang='lat' dir='ltr'><strong>annos</strong></span> <span class='ocrx_word' id='word_1_158' title='bbox 2616 1261 2726 1298; x_wconf 81' lang='lat' dir='ltr'><strong>xiv.</strong></span> 
     </span>
    </p>
   </div>
   <div class='ocr_carea' id='block_1_42' title="bbox 2063 1336 2629 1417">
    <p class='ocr_par' dir='ltr' id='par_1_42' title="bbox 2063 1336 2629 1417">
     <span class='ocr_line' id='line_1_42' title="bbox 2063 1336 2629 1417; baseline -0.004 -28"><span class='ocrx_word' id='word_1_159' title='bbox 2063 1336 2284 1417; x_wconf 69' lang='lat' dir='ltr'><strong>Tacitus</strong></span> <span class='ocrx_word' id='word_1_160' title='bbox 2315 1352 2527 1390; x_wconf 85' lang='lat' dir='ltr'><strong>menses</strong></span> <span class='ocrx_word' id='word_1_161' title='bbox 2556 1352 2629 1388; x_wconf 79' lang='lat' dir='ltr'><strong>v1.</strong></span> 
     </span>
    </p>
   </div>
   <div class='ocr_carea' id='block_1_43' title="bbox 2062 1427 2581 1482">
    <p class='ocr_par' dir='ltr' id='par_1_43' title="bbox 2062 1427 2581 1482">
     <span class='ocr_line' id='line_1_43' title="bbox 2062 1427 2581 1482; baseline -0.01 0"><span class='ocrx_word' id='word_1_162' title='bbox 2062 1427 2273 1482; x_wconf 79' lang='lat' dir='ltr'><strong>Probus</strong></span> <span class='ocrx_word' id='word_1_163' title='bbox 2307 1441 2480 1479; x_wconf 87' lang='lat' dir='ltr'><strong>annos</strong></span> <span class='ocrx_word' id='word_1_164' title='bbox 2506 1442 2581 1479; x_wconf 78' lang='lat' dir='ltr'><strong>vr.</strong></span> 
     </span>
    </p>
   </div>
   <div class='ocr_carea' id='block_1_44' title="bbox 2060 1514 3352 1572">
    <p class='ocr_par' dir='ltr' id='par_1_44' title="bbox 2060 1514 3352 1572">
     <span class='ocr_line' id='line_1_44' title="bbox 2060 1514 3352 1572; baseline 0.001 -3"><span class='ocrx_word' id='word_1_165' title='bbox 2060 1518 2234 1572; x_wconf 83' lang='lat' dir='ltr'><strong>Carus</strong></span> <span class='ocrx_word' id='word_1_166' title='bbox 2264 1528 2313 1572; x_wconf 91' lang='lat' dir='ltr'><strong>et</strong></span> <span class='ocrx_word' id='word_1_167' title='bbox 2341 1518 2579 1571; x_wconf 90' lang='lat' dir='ltr'><strong>Carinus</strong></span> <span class='ocrx_word' id='word_1_168' title='bbox 2611 1526 2663 1570; x_wconf 91' lang='lat' dir='ltr'><strong>et</strong></span> <span class='ocrx_word' id='word_1_169' title='bbox 2694 1514 3061 1570; x_wconf 78' lang='lat' dir='ltr'><strong>Numer-ianus</strong></span> <span class='ocrx_word' id='word_1_170' title='bbox 3090 1530 3263 1570; x_wconf 90' lang='lat' dir='ltr'><strong>annos</strong></span> <span class='ocrx_word' id='word_1_171' title='bbox 3289 1529 3352 1570; x_wconf 87' lang='grc' dir='ltr'><strong>ιι.</strong></span> 
     </span>
    </p>
   </div>
   <div class='ocr_carea' id='block_1_45' title="bbox 2061 1608 2775 1662">
    <p class='ocr_par' dir='ltr' id='par_1_45' title="bbox 2061 1608 2775 1662">
     <span class='ocr_line' id='line_1_45' title="bbox 2061 1608 2775 1662; baseline 0 -3"><span class='ocrx_word' id='word_1_172' title='bbox 2061 1608 2425 1662; x_wconf 79' lang='lat' dir='ltr'><strong>Diocletianus</strong></span> <span class='ocrx_word' id='word_1_173' title='bbox 2460 1624 2633 1662; x_wconf 89' lang='lat' dir='ltr'><strong>annos</strong></span> <span class='ocrx_word' id='word_1_174' title='bbox 2656 1622 2775 1659; x_wconf 81' lang='lat' dir='ltr'><strong>Vlll.</strong></span> 
     </span>
    </p>
   </div>
   <div class='ocr_carea' id='block_1_46' title="bbox 2061 1696 3042 1752">
    <p class='ocr_par' dir='ltr' id='par_1_46' title="bbox 2061 1696 3042 1752">
     <span class='ocr_line' id='line_1_46' title="bbox 2061 1696 3042 1752; baseline 0.001 -2"><span class='ocrx_word' id='word_1_175' title='bbox 2061 1697 2189 1751; x_wconf 86' lang='lat' dir='ltr'><strong>Post</strong></span> <span class='ocrx_word' id='word_1_176' title='bbox 2229 1697 2623 1752; x_wconf 76' lang='lat' dir='ltr'><strong>Diocletianum</strong></span> <span class='ocrx_word' id='word_1_177' title='bbox 2660 1696 3042 1751; x_wconf 79' lang='lat' dir='ltr'><strong>Maximianus.</strong></span> 
     </span>
    </p>
   </div>
   <div class='ocr_carea' id='block_1_47' title="bbox 2060 1786 2322 1843">
    <p class='ocr_par' dir='ltr' id='par_1_47' title="bbox 2060 1786 2322 1843">
     <span class='ocr_line' id='line_1_47' title="bbox 2060 1786 2322 1843; baseline 0.011 -3"><span class='ocrx_word' id='word_1_178' title='bbox 2060 1786 2322 1843; x_wconf 87' lang='lat' dir='ltr'><strong>Licinius.</strong></span> 
     </span>
    </p>
   </div>
   <div class='ocr_carea' id='block_1_48' title="bbox 2058 1880 2350 1933">
    <p class='ocr_par' dir='ltr' id='par_1_48' title="bbox 2058 1880 2350 1933">
     <span class='ocr_line' id='line_1_48' title="bbox 2058 1880 2350 1933; baseline 0.007 -2"><span class='ocrx_word' id='word_1_179' title='bbox 2058 1880 2350 1933; x_wconf 84' lang='lat' dir='ltr'><strong>Constans.</strong></span> 
     </span>
    </p>
   </div>
   <div class='ocr_carea' id='block_1_49' title="bbox 2058 1970 2471 2025">
    <p class='ocr_par' dir='ltr' id='par_1_49' title="bbox 2058 1970 2471 2025">
     <span class='ocr_line' id='line_1_49' title="bbox 2058 1970 2471 2025; baseline 0.002 -1"><span class='ocrx_word' id='word_1_180' title='bbox 2058 1970 2471 2025; x_wconf 89' lang='lat' dir='ltr'><strong>Constantinus.</strong></span> 
     </span>
    </p>
   </div>
   <div class='ocr_carea' id='block_1_50' title="bbox 2058 2059 2462 2131">
    <p class='ocr_par' dir='ltr' id='par_1_50' title="bbox 2058 2059 2462 2131">
     <span class='ocr_line' id='line_1_50' title="bbox 2058 2059 2462 2131; baseline 0.002 -17"><span class='ocrx_word' id='word_1_181' title='bbox 2058 2059 2168 2131; x_wconf 72' lang='grc'>64</span> <span class='ocrx_word' id='word_1_182' title='bbox 2194 2059 2462 2115; x_wconf 79' lang='lat' dir='ltr'><strong>Julianus.</strong></span> 
     </span>
    </p>
   </div>
   <div class='ocr_carea' id='block_1_51' title="bbox 1988 2152 2337 2223">
    <p class='ocr_par' dir='ltr' id='par_1_51' title="bbox 1988 2152 2337 2223">
     <span class='ocr_line' id='line_1_51' title="bbox 1988 2152 2337 2223; baseline -0.003 -17"><span class='ocrx_word' id='word_1_183' title='bbox 1988 2186 1995 2223; x_wconf 50' lang='grc' dir='ltr'>χ</span> <span class='ocrx_word' id='word_1_184' title='bbox 2055 2152 2337 2207; x_wconf 67' lang='lat' dir='ltr'><strong>Iovianus.</strong></span> 
     </span>
    </p>
   </div>
   <div class='ocr_carea' id='block_1_52' title="bbox 2056 2242 2471 2298">
    <p class='ocr_par' dir='ltr' id='par_1_52' title="bbox 2056 2242 2471 2298">
     <span class='ocr_line' id='line_1_52' title="bbox 2056 2242 2471 2298; baseline 0.005 -3"><span class='ocrx_word' id='word_1_185' title='bbox 2056 2242 2471 2298; x_wconf 80' lang='lat' dir='ltr'><strong>Valentinianus</strong></span> 
     </span>
    </p>
   </div>
   <div class='ocr_carea' id='block_1_53' title="bbox 2056 2333 2276 2391">
    <p class='ocr_par' dir='ltr' id='par_1_53' title="bbox 2056 2333 2276 2391">
     <span class='ocr_line' id='line_1_53' title="bbox 2056 2333 2276 2391; baseline 0.018 -4"><span class='ocrx_word' id='word_1_186' title='bbox 2056 2333 2276 2391; x_wconf 85' lang='lat' dir='ltr'><strong>Valens.</strong></span> 
     </span>
    </p>
   </div>
   <div class='ocr_carea' id='block_1_54' title="bbox 2054 2420 2370 2479">
    <p class='ocr_par' dir='ltr' id='par_1_54' title="bbox 2054 2420 2370 2479">
     <span class='ocr_line' id='line_1_54' title="bbox 2054 2420 2370 2479; baseline -0.003 -1"><span class='ocrx_word' id='word_1_187' title='bbox 2054 2420 2370 2479; x_wconf 85' lang='lat' dir='ltr'><strong>Gratianus.</strong></span> 
     </span>
    </p>
   </div>
   <div class='ocr_carea' id='block_1_55' title="bbox 2056 2513 3559 2585">
    <p class='ocr_par' dir='ltr' id='par_1_55' title="bbox 2056 2513 3559 2585">
     <span class='ocr_line' id='line_1_55' title="bbox 2056 2513 3559 2585; baseline -0.003 -16"><span class='ocrx_word' id='word_1_188' title='bbox 2056 2513 2243 2585; x_wconf 88' lang='lat' dir='ltr'><strong>Usque</strong></span> <span class='ocrx_word' id='word_1_189' title='bbox 2303 2516 2355 2568; x_wconf 93' lang='lat' dir='ltr'><strong>in</strong></span> <span class='ocrx_word' id='word_1_190' title='bbox 2407 2514 2555 2569; x_wconf 88' lang='lat' dir='ltr'><strong>hunc</strong></span> <span class='ocrx_word' id='word_1_191' title='bbox 2602 2526 2805 2568; x_wconf 90' lang='lat' dir='ltr'><strong>annum</strong></span> <span class='ocrx_word' id='word_1_192' title='bbox 2850 2520 3137 2582; x_wconf 90' lang='lat' dir='ltr'><strong>postquam</strong></span> <span class='ocrx_word' id='word_1_193' title='bbox 3189 2520 3436 2568; x_wconf 86' lang='lat' dir='ltr'><strong>mortuus</strong></span> <span class='ocrx_word' id='word_1_194' title='bbox 3475 2518 3559 2568; x_wconf 81' lang='lat' dir='ltr'><strong>est</strong></span> 
     </span>
    </p>
   </div>
   <div class='ocr_carea' id='block_1_56' title="bbox 1982 2603 3559 2672">
    <p class='ocr_par' dir='ltr' id='par_1_56' title="bbox 1982 2603 3559 2672">
     <span class='ocr_line' id='line_1_56' title="bbox 1982 2603 3559 2672; baseline -0.004 -8"><span class='ocrx_word' id='word_1_195' title='bbox 1982 2609 2297 2672; x_wconf 80' lang='lat' dir='ltr'><strong>Gratianus,</strong></span> <span class='ocrx_word' id='word_1_196' title='bbox 2330 2616 2465 2663; x_wconf 87' lang='lat' dir='ltr'><strong>sunt</strong></span> <span class='ocrx_word' id='word_1_197' title='bbox 2515 2608 2643 2661; x_wconf 93' lang='lat' dir='ltr'><strong>anni</strong></span> <span class='ocrx_word' id='word_1_198' title='bbox 2679 2622 2805 2662; x_wconf 83' lang='lat' dir='ltr'><strong>Lxx.</strong></span> <span class='ocrx_word' id='word_1_199' title='bbox 2846 2603 2979 2658; x_wconf 85' lang='lat' dir='ltr'><strong>Nam</strong></span> <span class='ocrx_word' id='word_1_200' title='bbox 3013 2606 3102 2660; x_wconf 90' lang='lat' dir='ltr'><strong>hic</strong></span> <span class='ocrx_word' id='word_1_201' title='bbox 3124 2621 3303 2659; x_wconf 90' lang='lat' dir='ltr'><strong>annus</strong></span> <span class='ocrx_word' id='word_1_202' title='bbox 3334 2614 3417 2658; x_wconf 88' lang='lat' dir='ltr'><strong>est</strong></span> <span class='ocrx_word' id='word_1_203' title='bbox 3459 2619 3559 2658; x_wconf 92' lang='lat' dir='ltr'><strong>no-</strong></span> 
     </span>
    </p>
   </div>
   <div class='ocr_carea' id='block_1_57' title="bbox 1982 2692 3559 2768">
    <p class='ocr_par' dir='ltr' id='par_1_57' title="bbox 1982 2692 3559 2768">
     <span class='ocr_line' id='line_1_57' title="bbox 1982 2692 3559 2768; baseline -0.003 -16"><span class='ocrx_word' id='word_1_204' title='bbox 1982 2698 2294 2768; x_wconf 80' lang='lat' dir='ltr'><strong>nagesimus</strong></span> <span class='ocrx_word' id='word_1_205' title='bbox 2317 2695 2643 2750; x_wconf 81' lang='lat' dir='ltr'><strong>Diocletiani</strong></span> <span class='ocrx_word' id='word_1_206' title='bbox 2659 2731 2675 2756; x_wconf 84' lang='lat'><strong>,</strong></span> <span class='ocrx_word' id='word_1_207' title='bbox 2696 2694 3069 2749; x_wconf 80' lang='lat' dir='ltr'><strong>Valentiniani</strong></span> <span class='ocrx_word' id='word_1_208' title='bbox 3095 2703 3143 2747; x_wconf 92' lang='lat' dir='ltr'><strong>et</strong></span> <span class='ocrx_word' id='word_1_209' title='bbox 3190 2692 3433 2748; x_wconf 82' lang='lat' dir='ltr'><strong>Valentis</strong></span> <span class='ocrx_word' id='word_1_210' title='bbox 3458 2692 3559 2759; x_wconf 82' lang='lat' dir='ltr'><strong>de-</strong></span> 
     </span>
    </p>
   </div>
   <div class='ocr_carea' id='block_1_58' title="bbox 1982 2782 3559 2849">
    <p class='ocr_par' dir='ltr' id='par_1_58' title="bbox 1982 2782 3559 2849">
     <span class='ocr_line' id='line_1_58' title="bbox 1982 2782 3559 2849; baseline -0.003 -10"><span class='ocrx_word' id='word_1_211' title='bbox 1982 2788 2176 2849; x_wconf 87' lang='lat' dir='ltr'><strong>cimus,</strong></span> <span class='ocrx_word' id='word_1_212' title='bbox 2227 2783 2476 2839; x_wconf 81' lang='lat' dir='ltr'><strong>Gratiani</strong></span> <span class='ocrx_word' id='word_1_213' title='bbox 2526 2790 2734 2847; x_wconf 88' lang='lat' dir='ltr'><strong>sextus,</strong></span> <span class='ocrx_word' id='word_1_214' title='bbox 2790 2784 3110 2837; x_wconf 86' lang='lat' dir='ltr'><strong>consulatus</strong></span> <span class='ocrx_word' id='word_1_215' title='bbox 3157 2782 3402 2838; x_wconf 85' lang='lat' dir='ltr'><strong>Gratiani</strong></span> <span class='ocrx_word' id='word_1_216' title='bbox 3448 2783 3559 2836; x_wconf 83' lang='lat' dir='ltr'><strong>An-</strong></span> 
     </span>
    </p>
   </div>
   <div class='ocr_carea' id='block_1_59' title="bbox 1980 2873 3554 2948">
    <p class='ocr_par' dir='ltr' id='par_1_59' title="bbox 1980 2873 3554 2948">
     <span class='ocr_line' id='line_1_59' title="bbox 1980 2873 3554 2948; baseline 0 -19"><span class='ocrx_word' id='word_1_217' title='bbox 1980 2877 2122 2948; x_wconf 79' lang='lat' dir='ltr'><strong>gusti</strong></span> <span class='ocrx_word' id='word_1_218' title='bbox 2179 2876 2400 2930; x_wconf 89' lang='lat' dir='ltr'><strong>tertium</strong></span> <span class='ocrx_word' id='word_1_219' title='bbox 2458 2882 2513 2929; x_wconf 89' lang='lat' dir='ltr'><strong>et</strong></span> <span class='ocrx_word' id='word_1_220' title='bbox 2562 2873 2765 2942; x_wconf 83' lang='lat' dir='ltr'><strong>Equitii</strong></span> <span class='ocrx_word' id='word_1_221' title='bbox 2818 2875 3199 2937; x_wconf 87' lang='lat' dir='ltr'><strong>illustrissimi,</strong></span> <span class='ocrx_word' id='word_1_222' title='bbox 3253 2874 3442 2928; x_wconf 87' lang='lat' dir='ltr'><strong>indiet.</strong></span> <span class='ocrx_word' id='word_1_223' title='bbox 3495 2888 3554 2929; x_wconf 87' lang='grc' dir='ltr'><strong>ιι.</strong></span> 
     </span>
    </p>
   </div>
   <div class='ocr_carea' id='block_1_60' title="bbox 2053 2964 3557 3034">
    <p class='ocr_par' dir='ltr' id='par_1_60' title="bbox 2053 2964 3557 3034">
     <span class='ocr_line' id='line_1_60' title="bbox 2053 2964 3557 3034; baseline -0.004 -11"><span class='ocrx_word' id='word_1_224' title='bbox 2053 2968 2187 3023; x_wconf 77' lang='lat' dir='ltr'><strong>LXI.</strong></span> <span class='ocrx_word' id='word_1_225' title='bbox 2235 2966 2346 3021; x_wconf 86' lang='lat' dir='ltr'><strong>Nos</strong></span> <span class='ocrx_word' id='word_1_226' title='bbox 2378 2967 2446 3020; x_wconf 91' lang='lat' dir='ltr'><strong>ab</strong></span> <span class='ocrx_word' id='word_1_227' title='bbox 2472 2967 2680 3021; x_wconf 85' lang='lat' dir='ltr'><strong>Adamo</strong></span> <span class='ocrx_word' id='word_1_228' title='bbox 2715 2966 2809 3019; x_wconf 93' lang='lat' dir='ltr'><strong>illo</strong></span> <span class='ocrx_word' id='word_1_229' title='bbox 2839 2965 3099 3034; x_wconf 87' lang='lat' dir='ltr'><strong>deinceps</strong></span> <span class='ocrx_word' id='word_1_230' title='bbox 3134 2964 3327 3019; x_wconf 89' lang='lat' dir='ltr'><strong>ordine</strong></span> <span class='ocrx_word' id='word_1_231' title='bbox 3366 2981 3557 3034; x_wconf 89' lang='lat' dir='ltr'><strong>propa-</strong></span> 
     </span>
    </p>
   </div>
   <div class='ocr_carea' id='block_1_61' title="bbox 1979 3057 3557 3132">
    <p class='ocr_par' dir='ltr' id='par_1_61' title="bbox 1979 3057 3557 3132">
     <span class='ocr_line' id='line_1_61' title="bbox 1979 3057 3557 3132; baseline -0.004 -17"><span class='ocrx_word' id='word_1_232' title='bbox 1979 3062 2087 3132; x_wconf 76' lang='lat' dir='ltr'><strong>gati</strong></span> <span class='ocrx_word' id='word_1_233' title='bbox 2138 3076 2328 3116; x_wconf 81' lang='lat' dir='ltr'><strong>sumus</strong></span> <span class='ocrx_word' id='word_1_234' title='bbox 2382 3074 2559 3128; x_wconf 85' lang='lat' dir='ltr'><strong>neque</strong></span> <span class='ocrx_word' id='word_1_235' title='bbox 2592 3059 2763 3113; x_wconf 89' lang='lat' dir='ltr'><strong>series</strong></span> <span class='ocrx_word' id='word_1_236' title='bbox 2797 3058 3106 3123; x_wconf 86' lang='lat' dir='ltr'><strong>intercidit;</strong></span> <span class='ocrx_word' id='word_1_237' title='bbox 3156 3072 3331 3124; x_wconf 91' lang='lat' dir='ltr'><strong>neque</strong></span> <span class='ocrx_word' id='word_1_238' title='bbox 3365 3057 3557 3123; x_wconf 77' lang='lat' dir='ltr'><strong>allego-</strong></span> 
     </span>
    </p>
   </div>
   <div class='ocr_carea' id='block_1_62' title="bbox 306 3147 1873 3224">
    <p class='ocr_par' dir='ltr' id='par_1_62' title="bbox 306 3147 1871 3223">
     <span class='ocr_line' id='line_1_62' title="bbox 306 3147 1871 3223; baseline 0.003 -22"><span class='ocrx_word' id='word_1_239' title='bbox 306 3148 407 3201; x_wconf 72' lang='grc' dir='ltr'><strong>ὑπὸ</strong></span> <span class='ocrx_word' id='word_1_240' title='bbox 424 3148 556 3201; x_wconf 78' lang='grc' dir='ltr'>Θεοῦ</span> <span class='ocrx_word' id='word_1_241' title='bbox 574 3149 829 3217; x_wconf 70' lang='grc' dir='ltr'>γινόμενα</span> <span class='ocrx_word' id='word_1_242' title='bbox 843 3149 1285 3218; x_wconf 80' lang='grc' dir='ltr'>ἀλληγοροῦνται.</span> <span class='ocrx_word' id='word_1_243' title='bbox 1304 3147 1461 3202; x_wconf 79' lang='grc' dir='ltr'>Ἔστι</span> <span class='ocrx_word' id='word_1_244' title='bbox 1478 3152 1655 3204; x_wconf 79' lang='grc' dir='ltr'>τοίνυν</span> <span class='ocrx_word' id='word_1_245' title='bbox 1686 3154 1871 3223; x_wconf 74' lang='grc' dir='ltr'>Ἀδὰμ,</span> 
     </span>
    </p>
   </div>
   <div class='ocr_carea' id='block_1_63' title="bbox 1978 3147 3552 3224">
    <p class='ocr_par' dir='ltr' id='par_1_63' title="bbox 1982 3149 3552 3222">
     <span class='ocr_line' id='line_1_63' title="bbox 1982 3149 3552 3222; baseline -0.003 -16"><span class='ocrx_word' id='word_1_246' title='bbox 1982 3154 2092 3208; x_wconf 89' lang='lat' dir='ltr'><strong>rice</strong></span> <span class='ocrx_word' id='word_1_247' title='bbox 2120 3168 2241 3222; x_wconf 75' lang='lat' dir='ltr'><strong>qua:</strong></span> <span class='ocrx_word' id='word_1_248' title='bbox 2272 3167 2301 3205; x_wconf 88' lang='lat' dir='ltr'><strong>a</strong></span> <span class='ocrx_word' id='word_1_249' title='bbox 2357 3150 2465 3205; x_wconf 86' lang='lat' dir='ltr'><strong>Deo</strong></span> <span class='ocrx_word' id='word_1_250' title='bbox 2503 3150 2643 3203; x_wconf 81' lang='lat' dir='ltr'><strong>facta</strong></span> <span class='ocrx_word' id='word_1_251' title='bbox 2679 3156 2828 3210; x_wconf 82' lang='lat' dir='ltr'><strong>sunt,</strong></span> <span class='ocrx_word' id='word_1_252' title='bbox 2865 3149 3269 3215; x_wconf 77' lang='lat' dir='ltr'><strong>interpretanda</strong></span> <span class='ocrx_word' id='word_1_253' title='bbox 3306 3149 3552 3201; x_wconf 88' lang='lat' dir='ltr'><strong>veniunt.</strong></span> 
     </span>
    </p>
   </div>
   <div class='ocr_carea' id='block_1_64' title="bbox 306 3239 1879 3311">
    <p class='ocr_par' dir='ltr' id='par_1_64' title="bbox 306 3239 1879 3311">
     <span class='ocr_line' id='line_1_64' title="bbox 306 3239 1879 3311; baseline 0.003 -18"><span class='ocrx_word' id='word_1_254' title='bbox 306 3240 400 3293; x_wconf 72' lang='grc' dir='ltr'><strong>καὶ</strong></span> <span class='ocrx_word' id='word_1_255' title='bbox 426 3240 538 3291; x_wconf 76' lang='grc' dir='ltr'>ἔστι</span> <span class='ocrx_word' id='word_1_256' title='bbox 574 3239 744 3307; x_wconf 75' lang='grc' dir='ltr'>φύλλα</span> <span class='ocrx_word' id='word_1_257' title='bbox 780 3242 968 3311; x_wconf 80' lang='grc' dir='ltr'><strong>συκῆς,</strong></span> <span class='ocrx_word' id='word_1_258' title='bbox 1004 3242 1098 3293; x_wconf 73' lang='grc' dir='ltr'><strong>καὶ</strong></span> <span class='ocrx_word' id='word_1_259' title='bbox 1127 3243 1283 3311; x_wconf 80' lang='grc' dir='ltr'>συκῆ,</span> <span class='ocrx_word' id='word_1_260' title='bbox 1307 3244 1399 3294; x_wconf 76' lang='grc' dir='ltr'><strong>καὶ</strong></span> <span class='ocrx_word' id='word_1_261' title='bbox 1429 3243 1583 3308; x_wconf 79' lang='grc' dir='ltr'>ξύλον</span> <span class='ocrx_word' id='word_1_262' title='bbox 1608 3242 1700 3297; x_wconf 79' lang='grc' dir='ltr'>τοῦ</span> <span class='ocrx_word' id='word_1_263' title='bbox 1740 3245 1879 3297; x_wconf 80' lang='grc' dir='ltr'>εἰδέ-</span> 
     </span>
    </p>
   </div>
   <div class='ocr_carea' id='block_1_65' title="bbox 302 3330 1876 3406">
    <p class='ocr_par' dir='ltr' id='par_1_65' title="bbox 302 3330 1876 3406">
     <span class='ocr_line' id='line_1_65' title="bbox 302 3330 1876 3406; baseline 0.004 -25"><span class='ocrx_word' id='word_1_264' title='bbox 302 3348 389 3382; x_wconf 85' lang='grc' dir='ltr'>ναι</span> <span class='ocrx_word' id='word_1_265' title='bbox 420 3332 658 3397; x_wconf 79' lang='grc' dir='ltr'>γνωστὸν</span> <span class='ocrx_word' id='word_1_266' title='bbox 693 3330 858 3384; x_wconf 80' lang='grc' dir='ltr'>καλοῦ</span> <span class='ocrx_word' id='word_1_267' title='bbox 894 3332 987 3384; x_wconf 76' lang='grc' dir='ltr'><strong>καὶ</strong></span> <span class='ocrx_word' id='word_1_268' title='bbox 1021 3332 1279 3402; x_wconf 78' lang='grc' dir='ltr'>πονηροῦ,</span> <span class='ocrx_word' id='word_1_269' title='bbox 1324 3335 1419 3385; x_wconf 74' lang='grc' dir='ltr'><strong>καὶ</strong></span> <span class='ocrx_word' id='word_1_270' title='bbox 1454 3332 1608 3397; x_wconf 81' lang='grc' dir='ltr'>ξύλον</span> <span class='ocrx_word' id='word_1_271' title='bbox 1646 3336 1790 3406; x_wconf 83' lang='grc' dir='ltr'><strong>ζωῆς</strong></span> <span class='ocrx_word' id='word_1_272' title='bbox 1818 3337 1876 3388; x_wconf 83' lang='grc' dir='ltr'><strong>ἐν</strong></span> 
     </span>
    </p>
   </div>
   <div class='ocr_carea' id='block_1_66' title="bbox 306 3422 1879 3497">
    <p class='ocr_par' dir='ltr' id='par_1_66' title="bbox 306 3422 1879 3497">
     <span class='ocr_line' id='line_1_66' title="bbox 306 3422 1879 3497; baseline 0.006 -26"><span class='ocrx_word' id='word_1_273' title='bbox 306 3422 453 3490; x_wconf 79' lang='grc' dir='ltr'>μέσῳ</span> <span class='ocrx_word' id='word_1_274' title='bbox 496 3422 588 3475; x_wconf 75' lang='grc' dir='ltr'>τοῦ</span> <span class='ocrx_word' id='word_1_275' title='bbox 636 3422 982 3492; x_wconf 75' lang='grc' dir='ltr'>παραδείσου,</span> <span class='ocrx_word' id='word_1_276' title='bbox 1031 3425 1122 3475; x_wconf 83' lang='grc' dir='ltr'><strong>καὶ</strong></span> <span class='ocrx_word' id='word_1_277' title='bbox 1154 3423 1296 3492; x_wconf 77' lang='grc' dir='ltr'>ὄφις,</span> <span class='ocrx_word' id='word_1_278' title='bbox 1342 3426 1436 3477; x_wconf 74' lang='grc' dir='ltr'><strong>καὶ</strong></span> <span class='ocrx_word' id='word_1_279' title='bbox 1474 3427 1745 3497; x_wconf 81' lang='grc' dir='ltr'>παρακοὴ,</span> <span class='ocrx_word' id='word_1_280' title='bbox 1789 3430 1879 3480; x_wconf 72' lang='grc' dir='ltr'>καὶ</span> 
     </span>
    </p>
   </div>
   <div class='ocr_carea' id='block_1_67' title="bbox 304 3511 1879 3581">
    <p class='ocr_par' dir='ltr' id='par_1_67' title="bbox 304 3511 1879 3581">
     <span class='ocr_line' id='line_1_67' title="bbox 304 3511 1879 3581; baseline 0.005 -18"><span class='ocrx_word' id='word_1_281' title='bbox 304 3511 535 3581; x_wconf 82' lang='grc' dir='ltr'>ὑπακοὴ,</span> <span class='ocrx_word' id='word_1_282' title='bbox 573 3515 666 3563; x_wconf 76' lang='grc' dir='ltr'><strong>καὶ</strong></span> <span class='ocrx_word' id='word_1_283' title='bbox 702 3512 807 3564; x_wconf 80' lang='grc' dir='ltr'>εἰσὶ</span> <span class='ocrx_word' id='word_1_284' title='bbox 842 3514 1113 3581; x_wconf 65' lang='grc' dir='ltr'>’ποτλμοὶ,</span> <span class='ocrx_word' id='word_1_285' title='bbox 1168 3514 1261 3565; x_wconf 68' lang='grc' dir='ltr'><strong>καὶ</strong></span> <span class='ocrx_word' id='word_1_286' title='bbox 1310 3514 1456 3569; x_wconf 78' lang='grc' dir='ltr'>ἔστιν</span> <span class='ocrx_word' id='word_1_287' title='bbox 1503 3515 1635 3581; x_wconf 72' lang='grc' dir='ltr'>Εὕα,</span> <span class='ocrx_word' id='word_1_288' title='bbox 1683 3519 1775 3570; x_wconf 71' lang='grc' dir='ltr'><strong>καὶ</strong></span> <span class='ocrx_word' id='word_1_289' title='bbox 1820 3518 1879 3571; x_wconf 79' lang='grc' dir='ltr'><strong>τὸ</strong></span> 
     </span>
    </p>
   </div>
   <div class='ocr_carea' id='block_1_68' title="bbox 306 3603 1877 3680">
    <p class='ocr_par' dir='ltr' id='par_1_68' title="bbox 306 3603 1877 3680">
     <span class='ocr_line' id='line_1_68' title="bbox 306 3603 1877 3680; baseline 0.006 -27"><span class='ocrx_word' id='word_1_290' title='bbox 306 3603 544 3670; x_wconf 55' lang='grc' dir='ltr'>πίασμα.</span> <span class='ocrx_word' id='word_1_291' title='bbox 590 3603 773 3655; x_wconf 86' lang='grc' dir='ltr'>Πάντα</span> <span class='ocrx_word' id='word_1_292' title='bbox 797 3603 905 3673; x_wconf 88' lang='grc' dir='ltr'><strong>γάρ</strong></span> <span class='ocrx_word' id='word_1_293' title='bbox 943 3604 1143 3657; x_wconf 84' lang='grc' dir='ltr'>δυνατά</span> <span class='ocrx_word' id='word_1_294' title='bbox 1176 3605 1251 3675; x_wconf 85' lang='grc' dir='ltr'>τῷ</span> <span class='ocrx_word' id='word_1_295' title='bbox 1278 3606 1415 3675; x_wconf 82' lang='grc' dir='ltr'>Θεῷ,</span> <span class='ocrx_word' id='word_1_296' title='bbox 1443 3607 1536 3658; x_wconf 74' lang='grc' dir='ltr'><strong>καὶ</strong></span> <span class='ocrx_word' id='word_1_297' title='bbox 1564 3609 1630 3661; x_wconf 71' lang='grc' dir='ltr'>τὰ</span> <span class='ocrx_word' id='word_1_298' title='bbox 1665 3609 1877 3680; x_wconf 80' lang='grc' dir='ltr'>φθαρτά</span> 
     </span>
    </p>
   </div>
   <div class='ocr_carea' id='block_1_69' title="bbox 307 3693 1875 3769">
    <p class='ocr_par' dir='ltr' id='par_1_69' title="bbox 307 3693 1875 3769">
     <span class='ocr_line' id='line_1_69' title="bbox 307 3693 1875 3769; baseline 0.006 -25"><span class='ocrx_word' id='word_1_299' title='bbox 307 3693 657 3761; x_wconf 49' lang='grc' dir='ltr'>μεταϐάλλειν</span> <span class='ocrx_word' id='word_1_300' title='bbox 680 3698 759 3757; x_wconf 85' lang='grc' dir='ltr'>είς</span> <span class='ocrx_word' id='word_1_301' title='bbox 790 3696 1125 3765; x_wconf 70' lang='grc' dir='ltr'>ἀφθαρσίαν,</span> <span class='ocrx_word' id='word_1_302' title='bbox 1163 3698 1256 3750; x_wconf 73' lang='grc' dir='ltr'><strong>καὶ</strong></span> <span class='ocrx_word' id='word_1_303' title='bbox 1289 3698 1356 3751; x_wconf 74' lang='grc' dir='ltr'><strong>τὰ</strong></span> <span class='ocrx_word' id='word_1_304' title='bbox 1398 3700 1488 3751; x_wconf 73' lang='grc' dir='ltr'><strong>ἐπὶ</strong></span> <span class='ocrx_word' id='word_1_305' title='bbox 1525 3700 1627 3769; x_wconf 79' lang='grc' dir='ltr'>γῆς</span> <span class='ocrx_word' id='word_1_306' title='bbox 1655 3702 1875 3769; x_wconf 82' lang='grc' dir='ltr'>ποιῆσαι</span> 
     </span>
    </p>
   </div>
   <div class='ocr_carea' id='block_1_70' title="bbox 306 3784 1877 3858">
    <p class='ocr_par' dir='ltr' id='par_1_70' title="bbox 306 3784 1877 3858">
     <span class='ocr_line' id='line_1_70' title="bbox 306 3784 1877 3858; baseline 0.006 -23"><span class='ocrx_word' id='word_1_307' title='bbox 306 3786 361 3837; x_wconf 79' lang='grc' dir='ltr'>ἐν</span> <span class='ocrx_word' id='word_1_308' title='bbox 384 3784 657 3855; x_wconf 67' lang='grc' dir='ltr'>ἀφθαρσίᾳ</span> <span class='ocrx_word' id='word_1_309' title='bbox 681 3786 958 3839; x_wconf 87' lang='grc' dir='ltr'>διατελεῖν.</span> <span class='ocrx_word' id='word_1_310' title='bbox 990 3788 1101 3839; x_wconf 78' lang='grc' dir='ltr'>Καὶ</span> <span class='ocrx_word' id='word_1_311' title='bbox 1127 3788 1200 3857; x_wconf 78' lang='grc' dir='ltr'><strong>μὴ</strong></span> <span class='ocrx_word' id='word_1_312' title='bbox 1225 3787 1550 3858; x_wconf 76' lang='grc' dir='ltr'>θαυμαζέτω</span> <span class='ocrx_word' id='word_1_313' title='bbox 1578 3808 1678 3852; x_wconf 86' lang='grc' dir='ltr'>τις.</span> <span class='ocrx_word' id='word_1_314' title='bbox 1709 3791 1877 3844; x_wconf 79' lang='grc' dir='ltr'>Τοῦτο</span> 
     </span>
    </p>
   </div>
   <div class='ocr_carea' id='block_1_71' title="bbox 304 3874 1875 3953">
    <p class='ocr_par' dir='ltr' id='par_1_71' title="bbox 304 3874 1875 3953">
     <span class='ocr_line' id='line_1_71' title="bbox 304 3874 1875 3953; baseline 0.004 -23"><span class='ocrx_word' id='word_1_315' title='bbox 304 3877 409 3947; x_wconf 77' lang='grc' dir='ltr'>γὰρ</span> <span class='ocrx_word' id='word_1_316' title='bbox 429 3874 584 3948; x_wconf 83' lang='grc' dir='ltr'>ἦλθε,</span> <span class='ocrx_word' id='word_1_317' title='bbox 614 3879 707 3931; x_wconf 72' lang='grc' dir='ltr'><strong>καὶ</strong></span> <span class='ocrx_word' id='word_1_318' title='bbox 735 3878 926 3941; x_wconf 76' lang='grc' dir='ltr'>ἔδειξε,</span> <span class='ocrx_word' id='word_1_319' title='bbox 959 3878 1136 3931; x_wconf 79' lang='grc' dir='ltr'>λαϐὼν</span> <span class='ocrx_word' id='word_1_320' title='bbox 1168 3881 1343 3951; x_wconf 85' lang='grc' dir='ltr'>σάρκα</span> <span class='ocrx_word' id='word_1_321' title='bbox 1369 3882 1631 3953; x_wconf 76' lang='grc' dir='ltr'>φθαρτὴν,</span> <span class='ocrx_word' id='word_1_322' title='bbox 1663 3884 1757 3936; x_wconf 75' lang='grc' dir='ltr'>καὶ</span> <span class='ocrx_word' id='word_1_323' title='bbox 1788 3887 1875 3937; x_wconf 80' lang='grc' dir='ltr'><strong>ἐν-</strong></span> 
     </span>
    </p>
   </div>
   <div class='ocr_carea' id='block_1_72' title="bbox 308 3966 1871 4045">
    <p class='ocr_par' dir='ltr' id='par_1_72' title="bbox 308 3966 1871 4045">
     <span class='ocr_line' id='line_1_72' title="bbox 308 3966 1871 4045; baseline 0.008 -28"><span class='ocrx_word' id='word_1_324' title='bbox 308 3966 602 4035; x_wconf 64' lang='grc' dir='ltr'>δυσάμενος</span> <span class='ocrx_word' id='word_1_325' title='bbox 648 3969 705 4019; x_wconf 85' lang='grc' dir='ltr'>ὲν</span> <span class='ocrx_word' id='word_1_326' title='bbox 746 3970 811 4037; x_wconf 84' lang='grc' dir='ltr'>τῇ</span> <span class='ocrx_word' id='word_1_327' title='bbox 858 3968 1089 4036; x_wconf 81' lang='grc' dir='ltr'>θεότητι,</span> <span class='ocrx_word' id='word_1_328' title='bbox 1127 3970 1221 4021; x_wconf 77' lang='grc' dir='ltr'><strong>καὶ</strong></span> <span class='ocrx_word' id='word_1_329' title='bbox 1263 3972 1542 4038; x_wconf 79' lang='grc' dir='ltr'>ἀποδείξας</span> <span class='ocrx_word' id='word_1_330' title='bbox 1580 3973 1871 4045; x_wconf 81' lang='grc' dir='ltr'>ἄφθαρτον.</span> 
     </span>
    </p>
   </div>
   <div class='ocr_carea' id='block_1_73' title="bbox 307 4057 1873 4134">
    <p class='ocr_par' dir='ltr' id='par_1_73' title="bbox 307 4057 1873 4134">
     <span class='ocr_line' id='line_1_73' title="bbox 307 4057 1873 4134; baseline 0.006 -25"><span class='ocrx_word' id='word_1_331' title='bbox 307 4057 402 4119; x_wconf 80' lang='grc' dir='ltr'>Τίς</span> <span class='ocrx_word' id='word_1_332' title='bbox 428 4057 537 4125; x_wconf 72' lang='grc' dir='ltr'><strong>γὰρ</strong></span> <span class='ocrx_word' id='word_1_333' title='bbox 568 4057 849 4123; x_wconf 80' lang='grc' dir='ltr'>ἐγκαλέσει</span> <span class='ocrx_word' id='word_1_334' title='bbox 882 4058 1033 4127; x_wconf 85' lang='grc' dir='ltr'><strong>Θεῷ;</strong></span> <span class='ocrx_word' id='word_1_335' title='bbox 1075 4060 1300 4129; x_wconf 75' lang='grc' dir='ltr'>Ἴδωμεν</span> <span class='ocrx_word' id='word_1_336' title='bbox 1333 4061 1387 4113; x_wconf 80' lang='grc' dir='ltr'>δὲ</span> <span class='ocrx_word' id='word_1_337' title='bbox 1418 4062 1511 4114; x_wconf 73' lang='grc' dir='ltr'><strong>καὶ</strong></span> <span class='ocrx_word' id='word_1_338' title='bbox 1542 4062 1706 4134; x_wconf 80' lang='grc' dir='ltr'>ἄλλην</span> <span class='ocrx_word' id='word_1_339' title='bbox 1737 4065 1873 4118; x_wconf 85' lang='grc' dir='ltr'>θεω-</span> 
     </span>
    </p>
   </div>
   <div class='ocr_carea' id='block_1_74' title="bbox 310 4148 1874 4220">
    <p class='ocr_par' dir='ltr' id='par_1_74' title="bbox 310 4148 1874 4220">
     <span class='ocr_line' id='line_1_74' title="bbox 310 4148 1874 4220; baseline 0.004 -21"><span class='ocrx_word' id='word_1_340' title='bbox 310 4149 448 4215; x_wconf 85' lang='grc' dir='ltr'>ρίαν.</span> <span class='ocrx_word' id='word_1_341' title='bbox 497 4148 773 4210; x_wconf 74' lang='grc' dir='ltr'>Ἐξέὅαλεν</span> <span class='ocrx_word' id='word_1_342' title='bbox 824 4149 1017 4210; x_wconf 74' lang='grc' dir='ltr'>αὐτοὺς</span> <span class='ocrx_word' id='word_1_343' title='bbox 1062 4149 1166 4213; x_wconf 74' lang='grc' dir='ltr'><strong>ἔξω</strong></span> <span class='ocrx_word' id='word_1_344' title='bbox 1220 4150 1313 4201; x_wconf 75' lang='grc' dir='ltr'>τοῦ</span> <span class='ocrx_word' id='word_1_345' title='bbox 1365 4152 1721 4220; x_wconf 78' lang='grc' dir='ltr'>παραδείσου,</span> <span class='ocrx_word' id='word_1_346' title='bbox 1780 4155 1874 4206; x_wconf 70' lang='grc' dir='ltr'><strong>καὶ</strong></span> 
     </span>
    </p>
   </div>
   <div class='ocr_carea' id='block_1_75' title="bbox 308 4234 1873 4312">
    <p class='ocr_par' dir='ltr' id='par_1_75' title="bbox 308 4234 1873 4312">
     <span class='ocr_line' id='line_1_75' title="bbox 308 4234 1873 4312; baseline 0.006 -27"><span class='ocrx_word' id='word_1_347' title='bbox 308 4234 457 4286; x_wconf 75' lang='grc' dir='ltr'>ἔθετο</span> <span class='ocrx_word' id='word_1_348' title='bbox 482 4234 549 4285; x_wconf 76' lang='grc' dir='ltr'>τὰ</span> <span class='ocrx_word' id='word_1_349' title='bbox 583 4236 847 4305; x_wconf 69' lang='grc' dir='ltr'>χερουϐὶμ</span> <span class='ocrx_word' id='word_1_350' title='bbox 875 4238 967 4287; x_wconf 74' lang='grc' dir='ltr'><strong>καὶ</strong></span> <span class='ocrx_word' id='word_1_351' title='bbox 988 4238 1083 4306; x_wconf 79' lang='grc' dir='ltr'>τὴν</span> <span class='ocrx_word' id='word_1_352' title='bbox 1111 4238 1365 4309; x_wconf 75' lang='grc' dir='ltr'>φλογίνην</span> <span class='ocrx_word' id='word_1_353' title='bbox 1391 4240 1661 4309; x_wconf 67' lang='grc' dir='ltr'>ῥομφαίαν</span> <span class='ocrx_word' id='word_1_354' title='bbox 1689 4246 1873 4312; x_wconf 80' lang='grc' dir='ltr'>τηρεῖν</span> 
     </span>
    </p>
   </div>
   <div class='ocr_carea' id='block_1_76' title="bbox 302 4321 1872 4395">
    <p class='ocr_par' dir='ltr' id='par_1_76' title="bbox 302 4321 1872 4395">
     <span class='ocr_line' id='line_1_76' title="bbox 302 4321 1872 4395; baseline 0.008 -22"><span class='ocrx_word' id='word_1_355' title='bbox 302 4322 397 4389; x_wconf 76' lang='grc' dir='ltr'><strong>τὴν</strong></span> <span class='ocrx_word' id='word_1_356' title='bbox 430 4321 630 4373; x_wconf 72' lang='grc' dir='ltr'>εἴσοδον</span> <span class='ocrx_word' id='word_1_357' title='bbox 670 4323 761 4374; x_wconf 72' lang='grc' dir='ltr'><strong>τοῦ</strong></span> <span class='ocrx_word' id='word_1_358' title='bbox 797 4324 952 4389; x_wconf 80' lang='grc' dir='ltr'>ξύλου</span> <span class='ocrx_word' id='word_1_359' title='bbox 995 4326 1091 4395; x_wconf 72' lang='grc' dir='ltr'><strong>τῆς</strong></span> <span class='ocrx_word' id='word_1_360' title='bbox 1136 4324 1299 4395; x_wconf 75' lang='grc' dir='ltr'>ζωῆς.</span> <span class='ocrx_word' id='word_1_361' title='bbox 1355 4328 1465 4380; x_wconf 72' lang='grc' dir='ltr'><strong>Καὶ</strong></span> <span class='ocrx_word' id='word_1_362' title='bbox 1498 4328 1799 4395; x_wconf 74' lang='grc' dir='ltr'>ἐξελθόντες</span> <span class='ocrx_word' id='word_1_363' title='bbox 1825 4335 1872 4386; x_wconf 86' lang='grc' dir='ltr'><strong>οί</strong></span> 
     </span>
    </p>
   </div>
   <div class='ocr_carea' id='block_1_77' title="bbox 303 4413 1867 4492">
    <p class='ocr_par' dir='ltr' id='par_1_77' title="bbox 303 4413 1867 4492">
     <span class='ocr_line' id='line_1_77' title="bbox 303 4413 1867 4492; baseline 0.01 -29"><span class='ocrx_word' id='word_1_364' title='bbox 303 4414 430 4482; x_wconf 73' lang='grc' dir='ltr'>περὶ</span> <span class='ocrx_word' id='word_1_365' title='bbox 461 4413 551 4465; x_wconf 81' lang='grc' dir='ltr'><strong>τὸν</strong></span> <span class='ocrx_word' id='word_1_366' title='bbox 600 4414 786 4484; x_wconf 72' lang='grc' dir='ltr'>Ἀδὰμ,</span> <span class='ocrx_word' id='word_1_367' title='bbox 824 4414 1043 4485; x_wconf 71' lang='grc' dir='ltr'>ᾤκησαν</span> <span class='ocrx_word' id='word_1_368' title='bbox 1091 4418 1347 4472; x_wconf 82' lang='grc' dir='ltr'>ἀπέναντι</span> <span class='ocrx_word' id='word_1_369' title='bbox 1389 4420 1481 4472; x_wconf 77' lang='grc' dir='ltr'><strong>τοῦ</strong></span> <span class='ocrx_word' id='word_1_370' title='bbox 1522 4423 1867 4492; x_wconf 86' lang='grc' dir='ltr'>παραδείσου.</span> 
     </span>
    </p>
   </div>
   <div class='ocr_carea' id='block_1_78' title="bbox 372 4586 1327 4657">
    <p class='ocr_par' dir='ltr' id='par_1_78' title="bbox 372 4586 1327 4657">
     <span class='ocr_line' id='line_1_78' title="bbox 372 4586 1327 4657; baseline 0.006 -16"><span class='ocrx_word' id='word_1_371' title='bbox 372 4588 386 4618; x_wconf 91' lang='grc'>¹</span> <span class='ocrx_word' id='word_1_372' title='bbox 416 4586 541 4642; x_wconf 93' lang='lat' dir='ltr'><strong>Cor.</strong></span> <span class='ocrx_word' id='word_1_373' title='bbox 574 4588 770 4651; x_wconf 79' lang='grc' dir='ltr'>Γάλλος</span> <span class='ocrx_word' id='word_1_374' title='bbox 799 4590 891 4642; x_wconf 74' lang='grc' dir='ltr'><strong>καὶ</strong></span> <span class='ocrx_word' id='word_1_375' title='bbox 921 4591 1327 4657; x_wconf 76' lang='grc' dir='ltr'>Οὐολουσιανός.</span> 
     </span>
    </p>
   </div>
   <div class='ocr_carea' id='block_1_79' title="bbox 1417 4596 1889 4655">
    <p class='ocr_par' dir='ltr' id='par_1_79' title="bbox 1417 4596 1889 4655">
     <span class='ocr_line' id='line_1_79' title="bbox 1417 4596 1889 4655; baseline 0.008 -4"><span class='ocrx_word' id='word_1_376' title='bbox 1417 4598 1436 4628; x_wconf 86' lang='grc'>¹</span> <span class='ocrx_word' id='word_1_377' title='bbox 1471 4596 1530 4652; x_wconf 81' lang='grc' dir='ltr'><strong>Ι⁴’.</strong></span> <span class='ocrx_word' id='word_1_378' title='bbox 1571 4600 1889 4655; x_wconf 61' lang='grc' dir='ltr'>Ἐκο-υἳτίου.</span> 
     </span>
    </p>
   </div>
   <div class='ocr_carea' id='block_1_80' title="bbox 1970 3240 3553 3313">
    <p class='ocr_par' dir='ltr' id='par_1_80' title="bbox 1970 3240 3553 3313">
     <span class='ocr_line' id='line_1_80' title="bbox 1970 3240 3553 3313; baseline -0.003 -17"><span class='ocrx_word' id='word_1_379' title='bbox 1970 3244 2345 3313; x_wconf 79' lang='lat' dir='ltr'><strong>Quamobrem</strong></span> <span class='ocrx_word' id='word_1_380' title='bbox 2405 3257 2530 3296; x_wconf 88' lang='lat' dir='ltr'><strong>vere</strong></span> <span class='ocrx_word' id='word_1_381' title='bbox 2564 3240 2806 3294; x_wconf 82' lang='lat' dir='ltr'><strong>Adamus</strong></span> <span class='ocrx_word' id='word_1_382' title='bbox 2849 3240 3103 3304; x_wconf 79' lang='lat' dir='ltr'><strong>exsistit;</strong></span> <span class='ocrx_word' id='word_1_383' title='bbox 3152 3255 3280 3293; x_wconf 88' lang='lat' dir='ltr'><strong>vere</strong></span> <span class='ocrx_word' id='word_1_384' title='bbox 3324 3241 3449 3293; x_wconf 87' lang='lat' dir='ltr'><strong>item</strong></span> <span class='ocrx_word' id='word_1_385' title='bbox 3489 3240 3553 3291; x_wconf 87' lang='lat' dir='ltr'><strong>li-</strong></span> 
     </span>
    </p>
   </div>
   <div class='ocr_carea' id='block_1_81' title="bbox 1980 3328 3555 3398">
    <p class='ocr_par' dir='ltr' id='par_1_81' title="bbox 1980 3328 3555 3398">
     <span class='ocr_line' id='line_1_81' title="bbox 1980 3328 3555 3398; baseline -0.007 -7"><span class='ocrx_word' id='word_1_386' title='bbox 1980 3337 2173 3391; x_wconf 89' lang='lat' dir='ltr'><strong>cnlnea</strong></span> <span class='ocrx_word' id='word_1_387' title='bbox 2206 3334 2330 3387; x_wconf 80' lang='lat' dir='ltr'><strong>folia</strong></span> <span class='ocrx_word' id='word_1_388' title='bbox 2361 3341 2414 3385; x_wconf 89' lang='lat' dir='ltr'><strong>et</strong></span> <span class='ocrx_word' id='word_1_389' title='bbox 2449 3331 2603 3394; x_wconf 78' lang='lat' dir='ltr'><strong>ficus,</strong></span> <span class='ocrx_word' id='word_1_390' title='bbox 2640 3331 2802 3383; x_wconf 88' lang='lat' dir='ltr'><strong>arbor</strong></span> <span class='ocrx_word' id='word_1_391' title='bbox 2845 3344 3064 3398; x_wconf 85' lang='lat' dir='ltr'><strong>quoque</strong></span> <span class='ocrx_word' id='word_1_392' title='bbox 3092 3344 3211 3398; x_wconf 72' lang='lat' dir='ltr'><strong>qua:</strong></span> <span class='ocrx_word' id='word_1_393' title='bbox 3243 3328 3367 3381; x_wconf 90' lang='lat' dir='ltr'><strong>boni</strong></span> <span class='ocrx_word' id='word_1_394' title='bbox 3401 3329 3555 3381; x_wconf 89' lang='lat' dir='ltr'><strong>mali-</strong></span> 
     </span>
    </p>
   </div>
   <div class='ocr_carea' id='block_1_82' title="bbox 1979 3420 3555 3498">
    <p class='ocr_par' dir='ltr' id='par_1_82' title="bbox 1979 3420 3555 3498">
     <span class='ocr_line' id='line_1_82' title="bbox 1979 3420 3555 3498; baseline -0.005 -18"><span class='ocrx_word' id='word_1_395' title='bbox 1979 3442 2083 3498; x_wconf 88' lang='lat' dir='ltr'><strong>que</strong></span> <span class='ocrx_word' id='word_1_396' title='bbox 2117 3425 2399 3481; x_wconf 86' lang='lat' dir='ltr'><strong>scientiam</strong></span> <span class='ocrx_word' id='word_1_397' title='bbox 2442 3423 2780 3483; x_wconf 85' lang='lat' dir='ltr'><strong>conferebat,</strong></span> <span class='ocrx_word' id='word_1_398' title='bbox 2823 3431 2876 3475; x_wconf 91' lang='lat' dir='ltr'><strong>et</strong></span> <span class='ocrx_word' id='word_1_399' title='bbox 2922 3422 3087 3474; x_wconf 88' lang='lat' dir='ltr'><strong>arbor</strong></span> <span class='ocrx_word' id='word_1_400' title='bbox 3116 3421 3237 3474; x_wconf 62' lang='lat' dir='ltr'><strong>vitae</strong></span> <span class='ocrx_word' id='word_1_401' title='bbox 3279 3420 3334 3473; x_wconf 90' lang='lat' dir='ltr'><strong>in</strong></span> <span class='ocrx_word' id='word_1_402' title='bbox 3377 3420 3555 3473; x_wconf 91' lang='lat' dir='ltr'><strong>medio</strong></span> 
     </span>
    </p>
   </div>
   <div class='ocr_carea' id='block_1_83' title="bbox 1980 3518 3554 3588">
    <p class='ocr_par' dir='ltr' id='par_1_83' title="bbox 1980 3518 3554 3588">
     <span class='ocr_line' id='line_1_83' title="bbox 1980 3518 3554 3588; baseline -0.004 -19"><span class='ocrx_word' id='word_1_403' title='bbox 1980 3518 2235 3588; x_wconf 86' lang='lat' dir='ltr'><strong>paradiso</strong></span> <span class='ocrx_word' id='word_1_404' title='bbox 2268 3518 2499 3579; x_wconf 89' lang='lat' dir='ltr'><strong>consita,</strong></span> <span class='ocrx_word' id='word_1_405' title='bbox 2534 3529 2634 3569; x_wconf 90' lang='lat' dir='ltr'><strong>nec</strong></span> <span class='ocrx_word' id='word_1_406' title='bbox 2666 3528 2774 3567; x_wconf 93' lang='lat' dir='ltr'><strong>non</strong></span> <span class='ocrx_word' id='word_1_407' title='bbox 2805 3522 2859 3567; x_wconf 89' lang='lat' dir='ltr'><strong>et</strong></span> <span class='ocrx_word' id='word_1_408' title='bbox 2889 3528 3136 3582; x_wconf 89' lang='lat' dir='ltr'><strong>serpens,</strong></span> <span class='ocrx_word' id='word_1_409' title='bbox 3178 3519 3232 3566; x_wconf 85' lang='lat' dir='ltr'><strong>et</strong></span> <span class='ocrx_word' id='word_1_410' title='bbox 3268 3520 3554 3566; x_wconf 87' lang='lat' dir='ltr'><strong>contuma-</strong></span> 
     </span>
    </p>
   </div>
   <div class='ocr_carea' id='block_1_84' title="bbox 1978 3603 3554 3673">
    <p class='ocr_par' dir='ltr' id='par_1_84' title="bbox 1978 3603 3554 3673">
     <span class='ocr_line' id='line_1_84' title="bbox 1978 3603 3554 3673; baseline -0.006 -9"><span class='ocrx_word' id='word_1_411' title='bbox 1978 3611 2083 3673; x_wconf 88' lang='lat' dir='ltr'><strong>cia,</strong></span> <span class='ocrx_word' id='word_1_412' title='bbox 2120 3620 2172 3665; x_wconf 94' lang='lat' dir='ltr'><strong>et</strong></span> <span class='ocrx_word' id='word_1_413' title='bbox 2200 3608 2532 3671; x_wconf 87' lang='lat' dir='ltr'><strong>obedientia,</strong></span> <span class='ocrx_word' id='word_1_414' title='bbox 2566 3605 2631 3661; x_wconf 89' lang='lat' dir='ltr'><strong>ad</strong></span> <span class='ocrx_word' id='word_1_415' title='bbox 2677 3606 2791 3659; x_wconf 65' lang='lat' dir='ltr'><strong>haec</strong></span> <span class='ocrx_word' id='word_1_416' title='bbox 2821 3604 2991 3667; x_wconf 85' lang='lat' dir='ltr'><strong>ﬂuvii,</strong></span> <span class='ocrx_word' id='word_1_417' title='bbox 3031 3611 3085 3658; x_wconf 89' lang='lat' dir='ltr'><strong>et</strong></span> <span class='ocrx_word' id='word_1_418' title='bbox 3114 3603 3242 3667; x_wconf 86' lang='lat' dir='ltr'><strong>Eva,</strong></span> <span class='ocrx_word' id='word_1_419' title='bbox 3273 3611 3326 3658; x_wconf 86' lang='lat' dir='ltr'><strong>et</strong></span> <span class='ocrx_word' id='word_1_420' title='bbox 3360 3603 3554 3656; x_wconf 78' lang='lat' dir='ltr'><strong>forma-</strong></span> 
     </span>
    </p>
   </div>
   <div class='ocr_carea' id='block_1_85' title="bbox 1981 3693 3553 3769">
    <p class='ocr_par' dir='ltr' id='par_1_85' title="bbox 1981 3693 3553 3769">
     <span class='ocr_line' id='line_1_85' title="bbox 1981 3693 3553 3769; baseline -0.005 -13"><span class='ocrx_word' id='word_1_421' title='bbox 1981 3715 2094 3756; x_wconf 85' lang='lat' dir='ltr'><strong>tum</strong></span> <span class='ocrx_word' id='word_1_422' title='bbox 2130 3717 2317 3756; x_wconf 90' lang='lat' dir='ltr'><strong>revera</strong></span> <span class='ocrx_word' id='word_1_423' title='bbox 2348 3699 2623 3769; x_wconf 80' lang='lat' dir='ltr'><strong>opiﬁcium</strong></span> <span class='ocrx_word' id='word_1_424' title='bbox 2654 3698 2885 3753; x_wconf 78' lang='lat' dir='ltr'><strong>exstitit.</strong></span> <span class='ocrx_word' id='word_1_425' title='bbox 2934 3696 3077 3749; x_wconf 87' lang='lat' dir='ltr'><strong>Nihil</strong></span> <span class='ocrx_word' id='word_1_426' title='bbox 3120 3696 3263 3750; x_wconf 91' lang='lat' dir='ltr'><strong>enim</strong></span> <span class='ocrx_word' id='word_1_427' title='bbox 3304 3710 3412 3749; x_wconf 91' lang='lat' dir='ltr'><strong>non</strong></span> <span class='ocrx_word' id='word_1_428' title='bbox 3442 3693 3553 3749; x_wconf 93' lang='lat' dir='ltr'><strong>Deo</strong></span> 
     </span>
    </p>
   </div>
   <div class='ocr_carea' id='block_1_86' title="bbox 1978 3788 3553 3864">
    <p class='ocr_par' dir='ltr' id='par_1_86' title="bbox 1978 3788 3553 3864">
     <span class='ocr_line' id='line_1_86' title="bbox 1978 3788 3553 3864; baseline -0.006 -16"><span class='ocrx_word' id='word_1_429' title='bbox 1978 3795 2238 3864; x_wconf 89' lang='lat' dir='ltr'><strong>possibile</strong></span> <span class='ocrx_word' id='word_1_430' title='bbox 2280 3801 2384 3857; x_wconf 91' lang='lat' dir='ltr'><strong>est,</strong></span> <span class='ocrx_word' id='word_1_431' title='bbox 2422 3802 2482 3846; x_wconf 89' lang='lat' dir='ltr'><strong>ut</strong></span> <span class='ocrx_word' id='word_1_432' title='bbox 2511 3806 2632 3861; x_wconf 64' lang='lat' dir='ltr'><strong>quae</strong></span> <span class='ocrx_word' id='word_1_433' title='bbox 2668 3790 3046 3859; x_wconf 89' lang='lat' dir='ltr'><strong>corruptibilia</strong></span> <span class='ocrx_word' id='word_1_434' title='bbox 3081 3796 3229 3851; x_wconf 90' lang='lat' dir='ltr'><strong>sunt,</strong></span> <span class='ocrx_word' id='word_1_435' title='bbox 3263 3789 3330 3841; x_wconf 90' lang='lat' dir='ltr'><strong>ad</strong></span> <span class='ocrx_word' id='word_1_436' title='bbox 3377 3788 3553 3841; x_wconf 90' lang='lat' dir='ltr'><strong>incor-</strong></span> 
     </span>
    </p>
   </div>
   <div class='ocr_carea' id='block_1_87' title="bbox 1978 3880 3548 3957">
    <p class='ocr_par' dir='ltr' id='par_1_87' title="bbox 1978 3880 3548 3957">
     <span class='ocr_line' id='line_1_87' title="bbox 1978 3880 3548 3957; baseline -0.006 -17"><span class='ocrx_word' id='word_1_437' title='bbox 1978 3895 2197 3957; x_wconf 89' lang='lat' dir='ltr'><strong>ruptum</strong></span> <span class='ocrx_word' id='word_1_438' title='bbox 2231 3894 2433 3939; x_wconf 89' lang='lat' dir='ltr'><strong>statum</strong></span> <span class='ocrx_word' id='word_1_439' title='bbox 2461 3881 2763 3937; x_wconf 86' lang='lat' dir='ltr'><strong>transferre</strong></span> <span class='ocrx_word' id='word_1_440' title='bbox 2799 3882 2993 3952; x_wconf 88' lang='lat' dir='ltr'><strong>possit,</strong></span> <span class='ocrx_word' id='word_1_441' title='bbox 3039 3888 3093 3935; x_wconf 92' lang='lat' dir='ltr'><strong>et</strong></span> <span class='ocrx_word' id='word_1_442' title='bbox 3127 3880 3374 3935; x_wconf 88' lang='lat' dir='ltr'><strong>eamdem</strong></span> <span class='ocrx_word' id='word_1_443' title='bbox 3403 3880 3548 3932; x_wconf 90' lang='lat' dir='ltr'><strong>illam</strong></span> 
     </span>
    </p>
   </div>
   <div class='ocr_carea' id='block_1_88' title="bbox 1977 3967 3549 4044">
    <p class='ocr_par' dir='ltr' id='par_1_88' title="bbox 1977 3967 3549 4044">
     <span class='ocr_line' id='line_1_88' title="bbox 1977 3967 3549 4044; baseline -0.006 -14"><span class='ocrx_word' id='word_1_444' title='bbox 1977 3974 2405 4044; x_wconf 88' lang='lat' dir='ltr'><strong>iucorruptionis</strong></span> <span class='ocrx_word' id='word_1_445' title='bbox 2443 3973 2812 4028; x_wconf 88' lang='lat' dir='ltr'><strong>conditionem</strong></span> <span class='ocrx_word' id='word_1_446' title='bbox 2854 3973 2907 4026; x_wconf 91' lang='lat' dir='ltr'><strong>in</strong></span> <span class='ocrx_word' id='word_1_447' title='bbox 2953 3978 3096 4024; x_wconf 88' lang='lat' dir='ltr'><strong>terra</strong></span> <span class='ocrx_word' id='word_1_448' title='bbox 3137 3970 3361 4023; x_wconf 85' lang='lat' dir='ltr'><strong>tribuat.</strong></span> <span class='ocrx_word' id='word_1_449' title='bbox 3393 3967 3549 4032; x_wconf 86' lang='lat' dir='ltr'><strong>Quod</strong></span> 
     </span>
    </p>
   </div>
   <div class='ocr_carea' id='block_1_89' title="bbox 1977 4056 3548 4127">
    <p class='ocr_par' dir='ltr' id='par_1_89' title="bbox 1977 4056 3548 4127">
     <span class='ocr_line' id='line_1_89' title="bbox 1977 4056 3548 4127; baseline -0.006 -7"><span class='ocrx_word' id='word_1_450' title='bbox 1977 4082 2043 4120; x_wconf 90' lang='lat' dir='ltr'><strong>ne</strong></span> <span class='ocrx_word' id='word_1_451' title='bbox 2074 4066 2161 4118; x_wconf 90' lang='lat' dir='ltr'><strong>cui</strong></span> <span class='ocrx_word' id='word_1_452' title='bbox 2200 4063 2433 4119; x_wconf 81' lang='lat' dir='ltr'><strong>fortasse</strong></span> <span class='ocrx_word' id='word_1_453' title='bbox 2488 4063 2687 4116; x_wconf 91' lang='lat' dir='ltr'><strong>mirum</strong></span> <span class='ocrx_word' id='word_1_454' title='bbox 2739 4060 3006 4121; x_wconf 85' lang='lat' dir='ltr'><strong>videatur,</strong></span> <span class='ocrx_word' id='word_1_455' title='bbox 3050 4058 3196 4113; x_wconf 91' lang='lat' dir='ltr'><strong>istud</strong></span> <span class='ocrx_word' id='word_1_456' title='bbox 3233 4059 3411 4127; x_wconf 89' lang='lat' dir='ltr'><strong>ipsum</strong></span> <span class='ocrx_word' id='word_1_457' title='bbox 3450 4056 3548 4111; x_wconf 86' lang='lat' dir='ltr'><strong>ad-</strong></span> 
     </span>
    </p>
   </div>
   <div class='ocr_carea' id='block_1_90' title="bbox 1976 4150 3547 4222">
    <p class='ocr_par' dir='ltr' id='par_1_90' title="bbox 1976 4150 3547 4222">
     <span class='ocr_line' id='line_1_90' title="bbox 1976 4150 3547 4222; baseline -0.005 -14"><span class='ocrx_word' id='word_1_458' title='bbox 1976 4163 2139 4210; x_wconf 85' lang='lat' dir='ltr'><strong>ventu</strong></span> <span class='ocrx_word' id='word_1_459' title='bbox 2192 4170 2291 4209; x_wconf 88' lang='lat' dir='ltr'><strong>suo</strong></span> <span class='ocrx_word' id='word_1_460' title='bbox 2336 4156 2426 4209; x_wconf 90' lang='lat' dir='ltr'><strong>ille</strong></span> <span class='ocrx_word' id='word_1_461' title='bbox 2467 4153 2862 4222; x_wconf 82' lang='lat' dir='ltr'><strong>comprobavit.</strong></span> <span class='ocrx_word' id='word_1_462' title='bbox 2912 4151 3083 4215; x_wconf 87' lang='lat' dir='ltr'><strong>Quam</strong></span> <span class='ocrx_word' id='word_1_463' title='bbox 3131 4150 3273 4204; x_wconf 86' lang='lat' dir='ltr'><strong>enim</strong></span> <span class='ocrx_word' id='word_1_464' title='bbox 3325 4164 3547 4202; x_wconf 84' lang='lat' dir='ltr'><strong>carnem</strong></span> 
     </span>
    </p>
   </div>
   <div class='ocr_carea' id='block_1_91' title="bbox 1975 4238 3548 4312">
    <p class='ocr_par' dir='ltr' id='par_1_91' title="bbox 1975 4238 3548 4312">
     <span class='ocr_line' id='line_1_91' title="bbox 1975 4238 3548 4312; baseline -0.008 -10"><span class='ocrx_word' id='word_1_465' title='bbox 1975 4245 2309 4312; x_wconf 87' lang='lat' dir='ltr'><strong>corruptioni</strong></span> <span class='ocrx_word' id='word_1_466' title='bbox 2366 4244 2656 4297; x_wconf 85' lang='lat' dir='ltr'><strong>obnoxiam</strong></span> <span class='ocrx_word' id='word_1_467' title='bbox 2696 4242 2941 4309; x_wconf 82' lang='lat' dir='ltr'><strong>accepit,</strong></span> <span class='ocrx_word' id='word_1_468' title='bbox 2992 4248 3045 4293; x_wconf 89' lang='lat' dir='ltr'><strong>et</strong></span> <span class='ocrx_word' id='word_1_469' title='bbox 3110 4238 3376 4292; x_wconf 88' lang='lat' dir='ltr'><strong>divinitati</strong></span> <span class='ocrx_word' id='word_1_470' title='bbox 3433 4252 3548 4291; x_wconf 71' lang='lat' dir='ltr'><strong>sua:</strong></span> 
     </span>
    </p>
   </div>
   <div class='ocr_carea' id='block_1_92' title="bbox 1976 4326 3548 4405">
    <p class='ocr_par' dir='ltr' id='par_1_92' title="bbox 1976 4326 3548 4405">
     <span class='ocr_line' id='line_1_92' title="bbox 1976 4326 3548 4405; baseline -0.006 -16"><span class='ocrx_word' id='word_1_471' title='bbox 1976 4334 2242 4405; x_wconf 72' lang='lat' dir='ltr'><strong>adiunxit,</strong></span> <span class='ocrx_word' id='word_1_472' title='bbox 2291 4332 2660 4402; x_wconf 80' lang='lat' dir='ltr'><strong>incorrUpIam</strong></span> <span class='ocrx_word' id='word_1_473' title='bbox 2703 4328 2954 4382; x_wconf 79' lang='lat' dir='ltr'><strong>reddidit.</strong></span> <span class='ocrx_word' id='word_1_474' title='bbox 3002 4327 3135 4392; x_wconf 82' lang='lat' dir='ltr'><strong>Quis</strong></span> <span class='ocrx_word' id='word_1_475' title='bbox 3172 4326 3316 4381; x_wconf 89' lang='lat' dir='ltr'><strong>enim</strong></span> <span class='ocrx_word' id='word_1_476' title='bbox 3361 4326 3548 4379; x_wconf 83' lang='lat' dir='ltr'><strong>redar-</strong></span> 
     </span>
    </p>
   </div>
   <div class='ocr_carea' id='block_1_93' title="bbox 1974 4418 3543 4499">
    <p class='ocr_par' dir='ltr' id='par_1_93' title="bbox 1974 4418 3543 4499">
     <span class='ocr_line' id='line_1_93' title="bbox 1974 4418 3543 4499; baseline -0.004 -17"><span class='ocrx_word' id='word_1_477' title='bbox 1974 4442 2137 4499; x_wconf 79' lang='lat' dir='ltr'><strong>gnere</strong></span> <span class='ocrx_word' id='word_1_478' title='bbox 2167 4424 2336 4479; x_wconf 89' lang='lat' dir='ltr'><strong>Deum</strong></span> <span class='ocrx_word' id='word_1_479' title='bbox 2371 4423 2589 4494; x_wconf 86' lang='lat' dir='ltr'><strong>potest?</strong></span> <span class='ocrx_word' id='word_1_480' title='bbox 2623 4421 2729 4478; x_wconf 82' lang='lat' dir='ltr'><strong>Sed</strong></span> <span class='ocrx_word' id='word_1_481' title='bbox 2770 4421 2917 4475; x_wconf 89' lang='lat' dir='ltr'><strong>aliud</strong></span> <span class='ocrx_word' id='word_1_482' title='bbox 2956 4419 3212 4489; x_wconf 85' lang='lat' dir='ltr'><strong>deinceps</strong></span> <span class='ocrx_word' id='word_1_483' title='bbox 3240 4418 3543 4475; x_wconf 82' lang='lat' dir='ltr'><strong>videamus.</strong></span> 
     </span>
    </p>
   </div>
   <div class='ocr_carea' id='block_1_94' title="bbox 369 4746 1873 4819">
    <p class='ocr_par' dir='ltr' id='par_1_94' title="bbox 369 4746 1873 4819">
     <span class='ocr_line' id='line_1_94' title="bbox 369 4746 1873 4819; baseline 0.004 -18"><span class='ocrx_word' id='word_1_484' title='bbox 369 4748 480 4819; x_wconf 75' lang='lat'><strong>(92)</strong></span> <span class='ocrx_word' id='word_1_485' title='bbox 524 4750 668 4814; x_wconf 86' lang='grc' dir='ltr'><strong>Ἔτη</strong></span> <span class='ocrx_word' id='word_1_486' title='bbox 701 4746 771 4815; x_wconf 76' lang='grc' dir='ltr'><strong>γ’.</strong></span> <span class='ocrx_word' id='word_1_487' title='bbox 825 4746 1060 4800; x_wconf 84' lang='lat' dir='ltr'><strong>Emenda</strong></span> <span class='ocrx_word' id='word_1_488' title='bbox 1104 4746 1196 4819; x_wconf 78' lang='grc' dir='ltr'><strong>ἔτη</strong></span> <span class='ocrx_word' id='word_1_489' title='bbox 1230 4754 1503 4818; x_wconf 67' lang='grc' dir='ltr'><strong>ιγ’,ειιιιιοε</strong></span> <span class='ocrx_word' id='word_1_490' title='bbox 1548 4768 1664 4807; x_wconf 84' lang='lat' dir='ltr'><strong>xm.</strong></span> <span class='ocrx_word' id='word_1_491' title='bbox 1716 4753 1790 4806; x_wconf 87' lang='lat' dir='ltr'><strong>Ita</strong></span> <span class='ocrx_word' id='word_1_492' title='bbox 1824 4754 1873 4807; x_wconf 93' lang='lat' dir='ltr'><strong>in</strong></span> 
     </span>
    </p>
   </div>
   <div class='ocr_carea' id='block_1_95' title="bbox 1978 4746 3545 4819">
    <p class='ocr_par' dir='ltr' id='par_1_95' title="bbox 1986 4748 3545 4818">
     <span class='ocr_line' id='line_1_95' title="bbox 1986 4748 3545 4818; baseline 0.001 -13"><span class='ocrx_word' id='word_1_493' title='bbox 1986 4752 2177 4806; x_wconf 84' lang='lat' dir='ltr'><strong>indict.</strong></span> <span class='ocrx_word' id='word_1_494' title='bbox 2209 4766 2269 4815; x_wconf 91' lang='grc' dir='ltr'>ιι,</span> <span class='ocrx_word' id='word_1_495' title='bbox 2301 4748 2562 4804; x_wconf 83' lang='lat' dir='ltr'><strong>Gratiano</strong></span> <span class='ocrx_word' id='word_1_496' title='bbox 2600 4765 2657 4803; x_wconf 93' lang='grc' dir='ltr'>ιιι</span> <span class='ocrx_word' id='word_1_497' title='bbox 2694 4755 2747 4803; x_wconf 92' lang='lat' dir='ltr'><strong>et</strong></span> <span class='ocrx_word' id='word_1_498' title='bbox 2779 4748 2995 4818; x_wconf 78' lang='lat' dir='ltr'><strong>Equitio</strong></span> <span class='ocrx_word' id='word_1_499' title='bbox 3039 4765 3183 4804; x_wconf 92' lang='lat' dir='ltr'><strong>coss.</strong></span> <span class='ocrx_word' id='word_1_500' title='bbox 3213 4748 3309 4803; x_wconf 89' lang='lat' dir='ltr'><strong>llic</strong></span> <span class='ocrx_word' id='word_1_501' title='bbox 3331 4758 3415 4805; x_wconf 86' lang='lat' dir='ltr'><strong>est</strong></span> <span class='ocrx_word' id='word_1_502' title='bbox 3447 4768 3545 4806; x_wconf 88' lang='lat' dir='ltr'><strong>an-</strong></span> 
     </span>
    </p>
   </div>
   <div class='ocr_carea' id='block_1_96' title="bbox 299 4819 393 4872">
    <p class='ocr_par' dir='ltr' id='par_1_96' title="bbox 299 4819 393 4872">
     <span class='ocr_line' id='line_1_96' title="bbox 299 4819 393 4872; baseline -0.032 0"><span class='ocrx_word' id='word_1_503' title='bbox 299 4819 393 4872; x_wconf 85' lang='lat' dir='ltr'><strong>lib.</strong></span> 
     </span>
    </p>
   </div>
   <div class='ocr_carea' id='block_1_97' title="bbox 488 4820 979 4879">
    <p class='ocr_par' dir='ltr' id='par_1_97' title="bbox 488 4820 979 4879">
     <span class='ocr_line' id='line_1_97' title="bbox 488 4820 979 4879; baseline -0.002 -9"><span class='ocrx_word' id='word_1_504' title='bbox 488 4834 514 4870; x_wconf 90' lang='lat' dir='ltr'><strong>e</strong></span> <span class='ocrx_word' id='word_1_505' title='bbox 554 4835 717 4869; x_wconf 78' lang='lat' dir='ltr'><strong>mens.</strong></span> <span class='ocrx_word' id='word_1_506' title='bbox 748 4826 797 4869; x_wconf 80' lang='lat' dir='ltr'><strong>et</strong></span> <span class='ocrx_word' id='word_1_507' title='bbox 824 4820 979 4879; x_wconf 83' lang='lat' dir='ltr'><strong>pond.</strong></span> 
     </span>
    </p>
   </div>
   <div class='ocr_carea' id='block_1_98' title="bbox 370 4887 1878 4953">
    <p class='ocr_par' dir='ltr' id='par_1_98' title="bbox 370 4887 1878 4953">
     <span class='ocr_line' id='line_1_98' title="bbox 370 4887 1878 4953; baseline 0.003 -12"><span class='ocrx_word' id='word_1_508' title='bbox 370 4889 480 4953; x_wconf 76' lang='lat'><strong>(95)</strong></span> <span class='ocrx_word' id='word_1_509' title='bbox 522 4888 846 4951; x_wconf 70' lang='grc' dir='ltr'>Αὺρίλλιος</span> <span class='ocrx_word' id='word_1_510' title='bbox 875 4887 978 4951; x_wconf 80' lang='grc' dir='ltr'><strong>ἔτη</strong></span> <span class='ocrx_word' id='word_1_511' title='bbox 1012 4888 1102 4941; x_wconf 83' lang='grc' dir='ltr'>ιδ’.</span> <span class='ocrx_word' id='word_1_512' title='bbox 1148 4887 1355 4943; x_wconf 85' lang='lat' dir='ltr'><strong>Nomen</strong></span> <span class='ocrx_word' id='word_1_513' title='bbox 1392 4891 1489 4952; x_wconf 88' lang='lat' dir='ltr'><strong>illi,</strong></span> <span class='ocrx_word' id='word_1_514' title='bbox 1520 4891 1579 4942; x_wconf 84' lang='lat' dir='ltr'><strong>L.</strong></span> <span class='ocrx_word' id='word_1_515' title='bbox 1613 4890 1878 4946; x_wconf 87' lang='lat' dir='ltr'><strong>Domitius</strong></span> 
     </span>
    </p>
   </div>
   <div class='ocr_carea' id='block_1_99' title="bbox 297 4956 1876 5017">
    <p class='ocr_par' dir='ltr' id='par_1_99' title="bbox 297 4956 1876 5017">
     <span class='ocr_line' id='line_1_99' title="bbox 297 4956 1876 5017; baseline 0.004 -7"><span class='ocrx_word' id='word_1_516' title='bbox 297 4959 551 5011; x_wconf 84' lang='lat' dir='ltr'><strong>Aurelius</strong></span> <span class='ocrx_word' id='word_1_517' title='bbox 584 4956 833 5011; x_wconf 83' lang='lat' dir='ltr'><strong>Valerius</strong></span> <span class='ocrx_word' id='word_1_518' title='bbox 869 4958 1216 5014; x_wconf 76' lang='lat' dir='ltr'><strong>Aurelianus.</strong></span> <span class='ocrx_word' id='word_1_519' title='bbox 1267 4957 1370 5014; x_wconf 87' lang='lat' dir='ltr'><strong>Sed</strong></span> <span class='ocrx_word' id='word_1_520' title='bbox 1412 4975 1611 5015; x_wconf 87' lang='lat' dir='ltr'><strong>annum</strong></span> <span class='ocrx_word' id='word_1_521' title='bbox 1663 4969 1876 5017; x_wconf 75' lang='lat' dir='ltr'><strong>sextum</strong></span> 
     </span>
    </p>
   </div>
   <div class='ocr_carea' id='block_1_100' title="bbox 297 5025 854 5093">
    <p class='ocr_par' dir='ltr' id='par_1_100' title="bbox 297 5025 854 5093">
     <span class='ocr_line' id='line_1_100' title="bbox 297 5025 854 5093; baseline -0.005 -11"><span class='ocrx_word' id='word_1_522' title='bbox 297 5030 384 5082; x_wconf 77' lang='lat' dir='ltr'><strong>vix</strong></span> <span class='ocrx_word' id='word_1_523' title='bbox 423 5028 618 5093; x_wconf 74' lang='lat' dir='ltr'><strong>attigit.</strong></span> <span class='ocrx_word' id='word_1_524' title='bbox 652 5025 854 5079; x_wconf 76' lang='grc' dir='ltr'><strong>ΡΕΤΑν.</strong></span> 
     </span>
    </p>
   </div>
   <div class='ocr_carea' id='block_1_101' title="bbox 366 5097 1871 5169">
    <p class='ocr_par' dir='ltr' id='par_1_101' title="bbox 366 5097 1871 5169">
     <span class='ocr_line' id='line_1_101' title="bbox 366 5097 1871 5169; baseline 0.003 -19"><span class='ocrx_word' id='word_1_525' title='bbox 366 5097 478 5168; x_wconf 69' lang='grc'><strong>(94)</strong></span> <span class='ocrx_word' id='word_1_526' title='bbox 506 5098 689 5169; x_wconf 12' lang='grc' dir='ltr'>γΜετὰ</span> <span class='ocrx_word' id='word_1_527' title='bbox 715 5097 1162 5169; x_wconf 49' lang='grc' dir='ltr'><strong>-ᾼιοκλῃτιαιήὀν</strong></span> <span class='ocrx_word' id='word_1_528' title='bbox 1207 5099 1592 5168; x_wconf 78' lang='grc' dir='ltr'><strong>Μαξιμιανός.</strong></span> <span class='ocrx_word' id='word_1_529' title='bbox 1653 5098 1871 5169; x_wconf 71' lang='lat' dir='ltr'><strong>Collega</strong></span> 
     </span>
    </p>
   </div>
   <div class='ocr_carea' id='block_1_102' title="bbox 301 5165 1871 5223">
    <p class='ocr_par' dir='ltr' id='par_1_102' title="bbox 301 5165 1871 5223">
     <span class='ocr_line' id='line_1_102' title="bbox 301 5165 1871 5223; baseline 0.001 -4"><span class='ocrx_word' id='word_1_530' title='bbox 301 5165 661 5221; x_wconf 67' lang='lat' dir='ltr'><strong>Blaximianns</strong></span> <span class='ocrx_word' id='word_1_531' title='bbox 715 5165 1021 5220; x_wconf 84' lang='lat' dir='ltr'><strong>Herculius.</strong></span> <span class='ocrx_word' id='word_1_532' title='bbox 1074 5165 1372 5223; x_wconf 76' lang='lat' dir='ltr'><strong>Successor</strong></span> <span class='ocrx_word' id='word_1_533' title='bbox 1402 5170 1653 5222; x_wconf 81' lang='lat' dir='ltr'><strong>Galerius</strong></span> <span class='ocrx_word' id='word_1_534' title='bbox 1697 5165 1871 5221; x_wconf 69' lang='lat' dir='ltr'><strong>Maxi-</strong></span> 
     </span>
    </p>
   </div>
   <div class='ocr_carea' id='block_1_103' title="bbox 300 5237 1874 5307">
    <p class='ocr_par' dir='ltr' id='par_1_103' title="bbox 300 5237 1874 5307">
     <span class='ocr_line' id='line_1_103' title="bbox 300 5237 1874 5307; baseline 0.001 -18"><span class='ocrx_word' id='word_1_535' title='bbox 300 5239 512 5289; x_wconf 85' lang='lat' dir='ltr'><strong>mianus</strong></span> <span class='ocrx_word' id='word_1_536' title='bbox 565 5237 963 5289; x_wconf 78' lang='lat' dir='ltr'><strong>Armentarius.</strong></span> <span class='ocrx_word' id='word_1_537' title='bbox 1002 5238 1140 5307; x_wconf 17' lang='lat' dir='ltr'><strong>iSed</strong></span> <span class='ocrx_word' id='word_1_538' title='bbox 1210 5239 1681 5307; x_wconf 88' lang='lat' dir='ltr'><strong>perturbatissima</strong></span> <span class='ocrx_word' id='word_1_539' title='bbox 1747 5247 1874 5293; x_wconf 91' lang='lat' dir='ltr'><strong>sunt</strong></span> 
     </span>
    </p>
   </div>
   <div class='ocr_carea' id='block_1_104' title="bbox 298 5306 1875 5376">
    <p class='ocr_par' dir='ltr' id='par_1_104' title="bbox 298 5306 1875 5376">
     <span class='ocr_line' id='line_1_104' title="bbox 298 5306 1875 5376; baseline 0.004 -21"><span class='ocrx_word' id='word_1_540' title='bbox 298 5323 415 5376; x_wconf 65' lang='lat' dir='ltr'><strong>qua:</strong></span> <span class='ocrx_word' id='word_1_541' title='bbox 444 5312 777 5375; x_wconf 85' lang='lat' dir='ltr'><strong>sequuntur;</strong></span> <span class='ocrx_word' id='word_1_542' title='bbox 830 5321 960 5376; x_wconf 66' lang='lat' dir='ltr'><strong>nam</strong></span> <span class='ocrx_word' id='word_1_543' title='bbox 1000 5306 1260 5359; x_wconf 84' lang='lat' dir='ltr'><strong>Licinium</strong></span> <span class='ocrx_word' id='word_1_544' title='bbox 1301 5309 1587 5361; x_wconf 83' lang='lat' dir='ltr'><strong>Constanti</strong></span> <span class='ocrx_word' id='word_1_545' title='bbox 1635 5317 1687 5361; x_wconf 87' lang='lat' dir='ltr'><strong>et</strong></span> <span class='ocrx_word' id='word_1_546' title='bbox 1737 5310 1875 5361; x_wconf 83' lang='lat' dir='ltr'><strong>Cott-</strong></span> 
     </span>
    </p>
   </div>
   <div class='ocr_carea' id='block_1_105' title="bbox 301 5372 1871 5445">
    <p class='ocr_par' dir='ltr' id='par_1_105' title="bbox 301 5372 1871 5445">
     <span class='ocr_line' id='line_1_105' title="bbox 301 5372 1871 5445; baseline 0 -14"><span class='ocrx_word' id='word_1_547' title='bbox 301 5372 539 5431; x_wconf 73' lang='lat' dir='ltr'><strong>stantino</strong></span> <span class='ocrx_word' id='word_1_548' title='bbox 598 5376 881 5445; x_wconf 64' lang='lat' dir='ltr'><strong>pra-ponit.</strong></span> <span class='ocrx_word' id='word_1_549' title='bbox 922 5372 1050 5428; x_wconf 85' lang='lat' dir='ltr'><strong>Vide</strong></span> <span class='ocrx_word' id='word_1_550' title='bbox 1094 5392 1213 5445; x_wconf 68' lang='lat' dir='ltr'><strong>qua:</strong></span> <span class='ocrx_word' id='word_1_551' title='bbox 1258 5378 1325 5431; x_wconf 88' lang='lat' dir='ltr'><strong>ad</strong></span> <span class='ocrx_word' id='word_1_552' title='bbox 1364 5378 1456 5431; x_wconf 88' lang='lat' dir='ltr'><strong>lib.</strong></span> <span class='ocrx_word' id='word_1_553' title='bbox 1508 5376 1580 5430; x_wconf 87' lang='lat' dir='ltr'><strong>De</strong></span> <span class='ocrx_word' id='word_1_554' title='bbox 1612 5380 1871 5432; x_wconf 75' lang='lat' dir='ltr'><strong>mensuris</strong></span> 
     </span>
    </p>
   </div>
   <div class='ocr_carea' id='block_1_106' title="bbox 301 5443 881 5499">
    <p class='ocr_par' dir='ltr' id='par_1_106' title="bbox 301 5443 881 5499">
     <span class='ocr_line' id='line_1_106' title="bbox 301 5443 881 5499; baseline -0.009 -1"><span class='ocrx_word' id='word_1_555' title='bbox 301 5451 643 5499; x_wconf 69' lang='lat' dir='ltr'><strong>atlnotautus.</strong></span> <span class='ocrx_word' id='word_1_556' title='bbox 677 5443 881 5496; x_wconf 68' lang='lat' dir='ltr'><strong>Planv.</strong></span> 
     </span>
    </p>
   </div>
   <div class='ocr_carea' id='block_1_107' title="bbox 371 5513 1867 5583">
    <p class='ocr_par' dir='ltr' id='par_1_107' title="bbox 371 5513 1867 5583">
     <span class='ocr_line' id='line_1_107' title="bbox 371 5513 1867 5583; baseline 0.006 -23"><span class='ocrx_word' id='word_1_557' title='bbox 371 5517 480 5581; x_wconf 71' lang='grc'><strong>(95)</strong></span> <span class='ocrx_word' id='word_1_558' title='bbox 524 5517 676 5578; x_wconf 81' lang='grc' dir='ltr'><strong>’Έως</strong></span> <span class='ocrx_word' id='word_1_559' title='bbox 724 5514 828 5565; x_wconf 76' lang='grc' dir='ltr'>τοῦ</span> <span class='ocrx_word' id='word_1_560' title='bbox 876 5513 1152 5567; x_wconf 72' lang='grc' dir='ltr'><strong>ἐνιαυτοῦ</strong></span> <span class='ocrx_word' id='word_1_561' title='bbox 1188 5516 1336 5581; x_wconf 82' lang='grc' dir='ltr'>μετὰ</span> <span class='ocrx_word' id='word_1_562' title='bbox 1380 5515 1444 5568; x_wconf 74' lang='lat' dir='ltr'><strong>td</strong></span> <span class='ocrx_word' id='word_1_563' title='bbox 1490 5514 1867 5583; x_wconf 70' lang='grc' dir='ltr'>τελευτῆσαι.</span> 
     </span>
    </p>
   </div>
   <div class='ocr_carea' id='block_1_108' title="bbox 301 5583 1865 5647">
    <p class='ocr_par' dir='ltr' id='par_1_108' title="bbox 301 5583 1865 5647">
     <span class='ocr_line' id='line_1_108' title="bbox 301 5583 1865 5647; baseline 0.004 -14"><span class='ocrx_word' id='word_1_564' title='bbox 301 5585 486 5638; x_wconf 69' lang='lat' dir='ltr'><strong>Caesus</strong></span> <span class='ocrx_word' id='word_1_565' title='bbox 507 5594 588 5637; x_wconf 87' lang='lat' dir='ltr'><strong>est</strong></span> <span class='ocrx_word' id='word_1_566' title='bbox 622 5583 914 5637; x_wconf 86' lang='lat' dir='ltr'><strong>Gratianus</strong></span> <span class='ocrx_word' id='word_1_567' title='bbox 942 5583 1260 5637; x_wconf 80' lang='lat' dir='ltr'><strong>Merobaude</strong></span> <span class='ocrx_word' id='word_1_568' title='bbox 1291 5594 1342 5637; x_wconf 89' lang='lat' dir='ltr'><strong>et</strong></span> <span class='ocrx_word' id='word_1_569' title='bbox 1375 5587 1672 5637; x_wconf 85' lang='lat' dir='ltr'><strong>Saturnino</strong></span> <span class='ocrx_word' id='word_1_570' title='bbox 1697 5603 1865 5647; x_wconf 85' lang='lat' dir='ltr'><strong>eoss.,</strong></span> 
     </span>
    </p>
   </div>
   <div class='ocr_carea' id='block_1_109' title="bbox 302 5653 1866 5719">
    <p class='ocr_par' dir='ltr' id='par_1_109' title="bbox 302 5653 1866 5719">
     <span class='ocr_line' id='line_1_109' title="bbox 302 5653 1866 5719; baseline 0.002 -14"><span class='ocrx_word' id='word_1_571' title='bbox 302 5658 375 5707; x_wconf 87' lang='lat' dir='ltr'><strong>ait</strong></span> <span class='ocrx_word' id='word_1_572' title='bbox 416 5654 670 5707; x_wconf 84' lang='lat' dir='ltr'><strong>Socrates</strong></span> <span class='ocrx_word' id='word_1_573' title='bbox 706 5654 795 5706; x_wconf 82' lang='lat' dir='ltr'><strong>lii).</strong></span> <span class='ocrx_word' id='word_1_574' title='bbox 835 5669 885 5716; x_wconf 90' lang='lat' dir='ltr'><strong>v,</strong></span> <span class='ocrx_word' id='word_1_575' title='bbox 914 5669 1035 5719; x_wconf 81' lang='lat' dir='ltr'><strong>cap.</strong></span> <span class='ocrx_word' id='word_1_576' title='bbox 1072 5653 1155 5715; x_wconf 79' lang='lat' dir='ltr'><strong>ll,</strong></span> <span class='ocrx_word' id='word_1_577' title='bbox 1203 5670 1343 5706; x_wconf 87' lang='lat' dir='ltr'><strong>anno</strong></span> <span class='ocrx_word' id='word_1_578' title='bbox 1384 5656 1585 5707; x_wconf 81' lang='lat' dir='ltr'><strong>Christi</strong></span> <span class='ocrx_word' id='word_1_579' title='bbox 1626 5655 1748 5707; x_wconf 58' lang='lat'><strong>58$.</strong></span> <span class='ocrx_word' id='word_1_580' title='bbox 1787 5655 1866 5708; x_wconf 85' lang='lat' dir='ltr'><strong>Ad</strong></span> 
     </span>
    </p>
   </div>
   <div class='ocr_carea' id='block_1_110' title="bbox 301 5723 1862 5791">
    <p class='ocr_par' dir='ltr' id='par_1_110' title="bbox 301 5723 1862 5791">
     <span class='ocr_line' id='line_1_110' title="bbox 301 5723 1862 5791; baseline 0.001 -17"><span class='ocrx_word' id='word_1_581' title='bbox 301 5740 460 5790; x_wconf 77' lang='lat' dir='ltr'><strong>quem</strong></span> <span class='ocrx_word' id='word_1_582' title='bbox 495 5739 695 5775; x_wconf 86' lang='lat' dir='ltr'><strong>annum</strong></span> <span class='ocrx_word' id='word_1_583' title='bbox 727 5725 963 5777; x_wconf 82' lang='lat' dir='ltr'><strong>nomium</strong></span> <span class='ocrx_word' id='word_1_584' title='bbox 993 5733 1309 5789; x_wconf 77' lang='lat' dir='ltr'><strong>pervenerat</strong></span> <span class='ocrx_word' id='word_1_585' title='bbox 1342 5723 1707 5791; x_wconf 74' lang='lat' dir='ltr'><strong>Epiphanius;</strong></span> <span class='ocrx_word' id='word_1_586' title='bbox 1737 5739 1862 5776; x_wconf 88' lang='lat' dir='ltr'><strong>nam</strong></span> 
     </span>
    </p>
   </div>
   <div class='ocr_carea' id='block_1_111' title="bbox 303 5791 1858 5861">
    <p class='ocr_par' dir='ltr' id='par_1_111' title="bbox 303 5791 1858 5861">
     <span class='ocr_line' id='line_1_111' title="bbox 303 5791 1858 5861; baseline 0 -13"><span class='ocrx_word' id='word_1_587' title='bbox 303 5794 448 5848; x_wconf 78' lang='lat' dir='ltr'><strong>hunc</strong></span> <span class='ocrx_word' id='word_1_588' title='bbox 484 5793 681 5859; x_wconf 84' lang='lat' dir='ltr'><strong>ipsum,</strong></span> <span class='ocrx_word' id='word_1_589' title='bbox 715 5807 822 5861; x_wconf 74' lang='lat' dir='ltr'><strong>quo</strong></span> <span class='ocrx_word' id='word_1_590' title='bbox 851 5791 1144 5855; x_wconf 83' lang='lat' dir='ltr'><strong>scribebat,</strong></span> <span class='ocrx_word' id='word_1_591' title='bbox 1171 5796 1246 5844; x_wconf 86' lang='lat' dir='ltr'><strong>ait</strong></span> <span class='ocrx_word' id='word_1_592' title='bbox 1271 5807 1391 5846; x_wconf 86' lang='lat' dir='ltr'><strong>esse</strong></span> <span class='ocrx_word' id='word_1_593' title='bbox 1424 5808 1487 5847; x_wconf 80' lang='lat' dir='ltr'><strong>xc</strong></span> <span class='ocrx_word' id='word_1_594' title='bbox 1520 5792 1858 5855; x_wconf 83' lang='lat' dir='ltr'><strong>Diocletiani.</strong></span> 
     </span>
    </p>
   </div>
   <div class='ocr_carea' id='block_1_112' title="bbox 1984 4819 3545 4888">
    <p class='ocr_par' dir='ltr' id='par_1_112' title="bbox 1984 4819 3545 4888">
     <span class='ocr_line' id='line_1_112' title="bbox 1984 4819 3545 4888; baseline -0.001 -13"><span class='ocrx_word' id='word_1_595' title='bbox 1984 4838 2088 4877; x_wconf 90' lang='lat' dir='ltr'><strong>nus</strong></span> <span class='ocrx_word' id='word_1_596' title='bbox 2114 4822 2316 4875; x_wconf 84' lang='lat' dir='ltr'><strong>Christi</strong></span> <span class='ocrx_word' id='word_1_597' title='bbox 2347 4820 2472 4873; x_wconf 71' lang='lat'><strong>5&#39;74.</strong></span> <span class='ocrx_word' id='word_1_598' title='bbox 2508 4821 2687 4885; x_wconf 85' lang='lat' dir='ltr'><strong>Quare</strong></span> <span class='ocrx_word' id='word_1_599' title='bbox 2710 4820 2974 4873; x_wconf 85' lang='lat' dir='ltr'><strong>emhletna</strong></span> <span class='ocrx_word' id='word_1_600' title='bbox 3003 4819 3144 4872; x_wconf 79' lang='lat' dir='ltr'><strong>istud</strong></span> <span class='ocrx_word' id='word_1_601' title='bbox 3166 4820 3326 4873; x_wconf 89' lang='lat' dir='ltr'><strong>otiosi</strong></span> <span class='ocrx_word' id='word_1_602' title='bbox 3357 4821 3545 4888; x_wconf 85' lang='lat' dir='ltr'><strong>cujus-</strong></span> 
     </span>
    </p>
   </div>
   <div class='ocr_carea' id='block_1_113' title="bbox 1977 4889 3539 4959">
    <p class='ocr_par' dir='ltr' id='par_1_113' title="bbox 1977 4889 3539 4959">
     <span class='ocr_line' id='line_1_113' title="bbox 1977 4889 3539 4959; baseline 0.001 -15"><span class='ocrx_word' id='word_1_603' title='bbox 1977 4893 2100 4945; x_wconf 89' lang='lat' dir='ltr'><strong>dam</strong></span> <span class='ocrx_word' id='word_1_604' title='bbox 2133 4891 2549 4959; x_wconf 80' lang='lat' dir='ltr'><strong>nugatorisesse</strong></span> <span class='ocrx_word' id='word_1_605' title='bbox 2573 4890 3004 4959; x_wconf 42' lang='lat' dir='ltr'><strong>videturLAtque</strong></span> <span class='ocrx_word' id='word_1_606' title='bbox 3024 4890 3092 4940; x_wconf 93' lang='lat' dir='ltr'><strong>ita</strong></span> <span class='ocrx_word' id='word_1_607' title='bbox 3112 4889 3492 4959; x_wconf 80' lang='lat' dir='ltr'><strong>corrigendum</strong></span> <span class='ocrx_word' id='word_1_608' title='bbox 3522 4909 3539 4945; x_wconf 91' lang='lat'><strong>:</strong></span> 
     </span>
    </p>
   </div>
   <div class='ocr_carea' id='block_1_114' title="bbox 1978 4957 3537 5027">
    <p class='ocr_par' dir='ltr' id='par_1_114' title="bbox 1978 4957 3537 5027">
     <span class='ocr_line' id='line_1_114' title="bbox 1978 4957 3537 5027; baseline 0.001 -13"><span class='ocrx_word' id='word_1_609' title='bbox 1978 4962 2120 5023; x_wconf 83' lang='grc' dir='ltr'><strong>Ἕως</strong></span> <span class='ocrx_word' id='word_1_610' title='bbox 2140 4957 2329 5013; x_wconf 72' lang='grc' dir='ltr'>τούτου</span> <span class='ocrx_word' id='word_1_611' title='bbox 2355 4958 2446 5010; x_wconf 76' lang='grc' dir='ltr'><strong>τοῦ</strong></span> <span class='ocrx_word' id='word_1_612' title='bbox 2469 4957 2739 5010; x_wconf 78' lang='grc' dir='ltr'>ἐνιαυτοῦ.</span> <span class='ocrx_word' id='word_1_613' title='bbox 2764 4957 2921 5020; x_wconf 88' lang='grc' dir='ltr'>Ἔτος</span> <span class='ocrx_word' id='word_1_614' title='bbox 2943 4957 3051 5027; x_wconf 81' lang='grc' dir='ltr'><strong>γὰρ</strong></span> <span class='ocrx_word' id='word_1_615' title='bbox 3071 4958 3225 5010; x_wconf 76' lang='grc' dir='ltr'>τοῦτό</span> <span class='ocrx_word' id='word_1_616' title='bbox 3246 4957 3413 5022; x_wconf 80' lang='grc' dir='ltr'>ἐστιν,</span> <span class='ocrx_word' id='word_1_617' title='bbox 3431 4969 3537 5015; x_wconf 82' lang='lat' dir='ltr'><strong>etc.</strong></span> 
     </span>
    </p>
   </div>
   <div class='ocr_carea' id='block_1_115' title="bbox 1979 5026 3541 5089">
    <p class='ocr_par' dir='ltr' id='par_1_115' title="bbox 1979 5026 3541 5089">
     <span class='ocr_line' id='line_1_115' title="bbox 1979 5026 3541 5089; baseline 0 -7"><span class='ocrx_word' id='word_1_618' title='bbox 1979 5031 2033 5083; x_wconf 91' lang='lat' dir='ltr'><strong>Si</strong></span> <span class='ocrx_word' id='word_1_619' title='bbox 2069 5032 2134 5082; x_wconf 85' lang='lat' dir='ltr'><strong>de</strong></span> <span class='ocrx_word' id='word_1_620' title='bbox 2168 5030 2323 5082; x_wconf 88' lang='lat' dir='ltr'><strong>annis</strong></span> <span class='ocrx_word' id='word_1_621' title='bbox 2351 5027 2456 5081; x_wconf 64' lang='lat'><strong>574</strong></span> <span class='ocrx_word' id='word_1_622' title='bbox 2488 5026 2791 5080; x_wconf 78' lang='lat' dir='ltr'><strong>detraxeris</strong></span> <span class='ocrx_word' id='word_1_623' title='bbox 2824 5027 2912 5089; x_wconf 87' lang='lat'><strong>70,</strong></span> <span class='ocrx_word' id='word_1_624' title='bbox 2955 5028 3239 5080; x_wconf 88' lang='lat' dir='ltr'><strong>restahunt</strong></span> <span class='ocrx_word' id='word_1_625' title='bbox 3278 5028 3401 5080; x_wconf 71' lang='grc'><strong>504.</strong></span> <span class='ocrx_word' id='word_1_626' title='bbox 3443 5028 3541 5083; x_wconf 83' lang='lat' dir='ltr'><strong>Se-</strong></span> 
     </span>
    </p>
   </div>
   <div class='ocr_carea' id='block_1_116' title="bbox 1979 5095 3540 5168">
    <p class='ocr_par' dir='ltr' id='par_1_116' title="bbox 1979 5095 3540 5168">
     <span class='ocr_line' id='line_1_116' title="bbox 1979 5095 3540 5168; baseline 0.001 -19"><span class='ocrx_word' id='word_1_627' title='bbox 1979 5101 2160 5168; x_wconf 90' lang='lat' dir='ltr'><strong>quenti</strong></span> <span class='ocrx_word' id='word_1_628' title='bbox 2191 5097 2545 5168; x_wconf 86' lang='lat' dir='ltr'><strong>Constantius</strong></span> <span class='ocrx_word' id='word_1_629' title='bbox 2581 5097 2811 5168; x_wconf 78' lang='lat' dir='ltr'><strong>Cltlorus</strong></span> <span class='ocrx_word' id='word_1_630' title='bbox 2845 5095 2999 5168; x_wconf 73' lang='lat' dir='ltr'><strong>obiit,</strong></span> <span class='ocrx_word' id='word_1_631' title='bbox 3034 5096 3078 5168; x_wconf 92' lang='lat' dir='ltr'><strong>_si</strong></span> <span class='ocrx_word' id='word_1_632' title='bbox 3119 5096 3328 5150; x_wconf 84' lang='lat' dir='ltr'><strong>Socrati</strong></span> <span class='ocrx_word' id='word_1_633' title='bbox 3357 5098 3540 5168; x_wconf 55' lang='lat' dir='ltr'><strong>credi-</strong></span> 
     </span>
    </p>
   </div>
   <div class='ocr_carea' id='block_1_117' title="bbox 1976 5164 3540 5237">
    <p class='ocr_par' dir='ltr' id='par_1_117' title="bbox 1976 5164 3540 5237">
     <span class='ocr_line' id='line_1_117' title="bbox 1976 5164 3540 5237; baseline -0.002 -14"><span class='ocrx_word' id='word_1_634' title='bbox 1976 5164 2116 5223; x_wconf 87' lang='lat' dir='ltr'><strong>mus.</strong></span> <span class='ocrx_word' id='word_1_635' title='bbox 2151 5168 2193 5220; x_wconf 83' lang='lat' dir='ltr'><strong>A</strong></span> <span class='ocrx_word' id='word_1_636' title='bbox 2235 5174 2406 5220; x_wconf 89' lang='lat' dir='ltr'><strong>morte</strong></span> <span class='ocrx_word' id='word_1_637' title='bbox 2453 5165 2868 5237; x_wconf 78' lang='lat' dir='ltr'><strong>Constantii_ad</strong></span> <span class='ocrx_word' id='word_1_638' title='bbox 2902 5164 3217 5237; x_wconf 84' lang='lat' dir='ltr'><strong>Gratianum</strong></span> <span class='ocrx_word' id='word_1_639' title='bbox 3280 5174 3334 5237; x_wconf 77' lang='lat' dir='ltr'><strong>et</strong></span> <span class='ocrx_word' id='word_1_640' title='bbox 3371 5167 3540 5237; x_wconf 85' lang='lat' dir='ltr'><strong>Equi-</strong></span> 
     </span>
    </p>
   </div>
   <div class='ocr_carea' id='block_1_118' title="bbox 1973 5234 3539 5299">
    <p class='ocr_par' dir='ltr' id='par_1_118' title="bbox 1973 5234 3539 5299">
     <span class='ocr_line' id='line_1_118' title="bbox 1973 5234 3539 5299; baseline -0.001 -7"><span class='ocrx_word' id='word_1_641' title='bbox 1973 5239 2102 5292; x_wconf 91' lang='lat' dir='ltr'><strong>tium</strong></span> <span class='ocrx_word' id='word_1_642' title='bbox 2148 5253 2296 5291; x_wconf 89' lang='lat' dir='ltr'><strong>coss.</strong></span> <span class='ocrx_word' id='word_1_643' title='bbox 2340 5237 2465 5287; x_wconf 90' lang='lat' dir='ltr'><strong>anni</strong></span> <span class='ocrx_word' id='word_1_644' title='bbox 2491 5243 2618 5289; x_wconf 90' lang='lat' dir='ltr'><strong>sunt</strong></span> <span class='ocrx_word' id='word_1_645' title='bbox 2650 5237 2736 5288; x_wconf 83' lang='lat'><strong>70.</strong></span> <span class='ocrx_word' id='word_1_646' title='bbox 2764 5234 2972 5299; x_wconf 86' lang='lat' dir='ltr'><strong>Quare,</strong></span> <span class='ocrx_word' id='word_1_647' title='bbox 3006 5235 3111 5289; x_wconf 88' lang='lat' dir='ltr'><strong>nisi</strong></span> <span class='ocrx_word' id='word_1_648' title='bbox 3136 5234 3539 5291; x_wconf 57' lang='lat' dir='ltr'><strong>mendosus&#39;est</strong></span> 
     </span>
    </p>
   </div>
   <div class='ocr_carea' id='block_1_119' title="bbox 1975 5304 3537 5373">
    <p class='ocr_par' dir='ltr' id='par_1_119' title="bbox 1975 5304 3537 5373">
     <span class='ocr_line' id='line_1_119' title="bbox 1975 5304 3537 5373; baseline 0 -13"><span class='ocrx_word' id='word_1_649' title='bbox 1975 5323 2258 5367; x_wconf 82' lang='lat' dir='ltr'><strong>numerus,</strong></span> <span class='ocrx_word' id='word_1_650' title='bbox 2306 5320 2482 5373; x_wconf 83' lang='lat' dir='ltr'><strong>neque</strong></span> <span class='ocrx_word' id='word_1_651' title='bbox 2532 5305 2691 5373; x_wconf 79' lang='lat' dir='ltr'><strong>verba</strong></span> <span class='ocrx_word' id='word_1_652' title='bbox 2732 5304 2821 5356; x_wconf 91' lang='lat' dir='ltr'><strong>illa</strong></span> <span class='ocrx_word' id='word_1_653' title='bbox 2858 5304 3151 5370; x_wconf 85' lang='lat' dir='ltr'><strong>rejieienda</strong></span> <span class='ocrx_word' id='word_1_654' title='bbox 3184 5305 3314 5364; x_wconf 88' lang='lat' dir='ltr'><strong>sint.</strong></span> <span class='ocrx_word' id='word_1_655' title='bbox 3348 5306 3537 5359; x_wconf 90' lang='lat' dir='ltr'><strong>viden-</strong></span> 
     </span>
    </p>
   </div>
   <div class='ocr_carea' id='block_1_120' title="bbox 1968 5372 3533 5443">
    <p class='ocr_par' dir='ltr' id='par_1_120' title="bbox 1968 5372 3533 5443">
     <span class='ocr_line' id='line_1_120' title="bbox 1968 5372 3533 5443; baseline 0 -13"><span class='ocrx_word' id='word_1_656' title='bbox 1968 5378 2097 5430; x_wconf 92' lang='lat' dir='ltr'><strong>dum</strong></span> <span class='ocrx_word' id='word_1_657' title='bbox 2138 5392 2206 5429; x_wconf 92' lang='lat' dir='ltr'><strong>an</strong></span> <span class='ocrx_word' id='word_1_658' title='bbox 2241 5392 2268 5427; x_wconf 89' lang='lat' dir='ltr'><strong>a</strong></span> <span class='ocrx_word' id='word_1_659' title='bbox 2299 5372 2603 5428; x_wconf 89' lang='lat' dir='ltr'><strong>Constantii</strong></span> <span class='ocrx_word' id='word_1_660' title='bbox 2640 5372 2823 5443; x_wconf 84' lang='lat' dir='ltr'><strong>Chlori</strong></span> <span class='ocrx_word' id='word_1_661' title='bbox 2869 5374 3040 5436; x_wconf 91' lang='lat' dir='ltr'><strong>obitu,</strong></span> <span class='ocrx_word' id='word_1_662' title='bbox 3068 5374 3173 5440; x_wconf 87' lang='lat' dir='ltr'><strong>vel,</strong></span> <span class='ocrx_word' id='word_1_663' title='bbox 3208 5373 3353 5443; x_wconf 89' lang='lat' dir='ltr'><strong>quod</strong></span> <span class='ocrx_word' id='word_1_664' title='bbox 3391 5375 3533 5429; x_wconf 89' lang='lat' dir='ltr'><strong>idem</strong></span> 
     </span>
    </p>
   </div>
   <div class='ocr_carea' id='block_1_121' title="bbox 1969 5442 3529 5511">
    <p class='ocr_par' dir='ltr' id='par_1_121' title="bbox 1969 5442 3529 5511">
     <span class='ocr_line' id='line_1_121' title="bbox 1969 5442 3529 5511; baseline -0.002 -12"><span class='ocrx_word' id='word_1_665' title='bbox 1969 5455 2074 5507; x_wconf 89' lang='lat' dir='ltr'><strong>est,</strong></span> <span class='ocrx_word' id='word_1_666' title='bbox 2111 5447 2178 5498; x_wconf 90' lang='lat' dir='ltr'><strong>ab</strong></span> <span class='ocrx_word' id='word_1_667' title='bbox 2207 5444 2410 5511; x_wconf 81' lang='lat' dir='ltr'><strong>epocha</strong></span> <span class='ocrx_word' id='word_1_668' title='bbox 2439 5443 2745 5495; x_wconf 87' lang='lat' dir='ltr'><strong>Constantii</strong></span> <span class='ocrx_word' id='word_1_669' title='bbox 2777 5442 2842 5495; x_wconf 82' lang='lat'><strong>70</strong></span> <span class='ocrx_word' id='word_1_670' title='bbox 2873 5444 2994 5497; x_wconf 87' lang='lat' dir='ltr'><strong>illos</strong></span> <span class='ocrx_word' id='word_1_671' title='bbox 3032 5456 3205 5496; x_wconf 86' lang='lat' dir='ltr'><strong>annos</strong></span> <span class='ocrx_word' id='word_1_672' title='bbox 3232 5442 3529 5511; x_wconf 43' lang='lat' dir='ltr'><strong>&#39;compntet.</strong></span> 
     </span>
    </p>
   </div>
   <div class='ocr_carea' id='block_1_122' title="bbox 1970 5510 3528 5584">
    <p class='ocr_par' dir='ltr' id='par_1_122' title="bbox 1970 5510 3528 5584">
     <span class='ocr_line' id='line_1_122' title="bbox 1970 5510 3528 5584; baseline -0.003 -17"><span class='ocrx_word' id='word_1_673' title='bbox 1970 5516 2043 5584; x_wconf 75' lang='lat' dir='ltr'><strong>ita</strong></span> <span class='ocrx_word' id='word_1_674' title='bbox 2075 5531 2170 5584; x_wconf 86' lang='lat' dir='ltr'><strong>pro</strong></span> <span class='ocrx_word' id='word_1_675' title='bbox 2200 5510 2513 5584; x_wconf 74' lang='grc' dir='ltr'>Γρατιανδν,</span> <span class='ocrx_word' id='word_1_676' title='bbox 2540 5514 2942 5584; x_wconf 52' lang='grc' dir='ltr'>Κωνσταντῖνοχ</span> <span class='ocrx_word' id='word_1_677' title='bbox 2967 5510 3371 5584; x_wconf 79' lang='lat' dir='ltr'><strong>rescribendum</strong></span> <span class='ocrx_word' id='word_1_678' title='bbox 3400 5510 3528 5584; x_wconf 63' lang='lat' dir='ltr'><strong>erit.</strong></span> 
     </span>
    </p>
   </div>
   <div class='ocr_carea' id='block_1_123' title="bbox 1968 5578 3527 5650">
    <p class='ocr_par' dir='ltr' id='par_1_123' title="bbox 1968 5578 3527 5650">
     <span class='ocr_line' id='line_1_123' title="bbox 1968 5578 3527 5650; baseline -0.003 -15"><span class='ocrx_word' id='word_1_679' title='bbox 1968 5578 2153 5639; x_wconf 84' lang='lat' dir='ltr'><strong>Potest</strong></span> <span class='ocrx_word' id='word_1_680' title='bbox 2193 5578 2383 5636; x_wconf 59' lang='lat' dir='ltr'><strong>et&#39;non</strong></span> <span class='ocrx_word' id='word_1_681' title='bbox 2418 5582 2594 5636; x_wconf 90' lang='lat' dir='ltr'><strong>solum</strong></span> <span class='ocrx_word' id='word_1_682' title='bbox 2634 5582 2688 5633; x_wconf 92' lang='lat' dir='ltr'><strong>in</strong></span> <span class='ocrx_word' id='word_1_683' title='bbox 2728 5596 2861 5634; x_wconf 87' lang='lat' dir='ltr'><strong>voce</strong></span> <span class='ocrx_word' id='word_1_684' title='bbox 2899 5580 3214 5650; x_wconf 81' lang='grc' dir='ltr'>Γρατιανόν,</span> <span class='ocrx_word' id='word_1_685' title='bbox 3247 5578 3527 5650; x_wconf 67' lang='lat' dir='ltr'><strong>sed___eti_ant</strong></span> 
     </span>
    </p>
   </div>
   <div class='ocr_carea' id='block_1_124' title="bbox 1968 5645 3527 5720">
    <p class='ocr_par' dir='ltr' id='par_1_124' title="bbox 1968 5645 3527 5720">
     <span class='ocr_line' id='line_1_124' title="bbox 1968 5645 3527 5720; baseline -0.002 -15"><span class='ocrx_word' id='word_1_686' title='bbox 1968 5654 2021 5706; x_wconf 94' lang='lat' dir='ltr'><strong>in</strong></span> <span class='ocrx_word' id='word_1_687' title='bbox 2057 5668 2341 5707; x_wconf 90' lang='lat' dir='ltr'><strong>numerum</strong></span> <span class='ocrx_word' id='word_1_688' title='bbox 2392 5652 2567 5720; x_wconf 89' lang='lat' dir='ltr'><strong>ipsum</strong></span> <span class='ocrx_word' id='word_1_689' title='bbox 2616 5664 2769 5720; x_wconf 77' lang='lat' dir='ltr'><strong>error</strong></span> <span class='ocrx_word' id='word_1_690' title='bbox 2818 5645 3128 5720; x_wconf 53' lang='lat' dir='ltr'><strong>irrepsisse,</strong></span> <span class='ocrx_word' id='word_1_691' title='bbox 3156 5658 3214 5701; x_wconf 89' lang='lat' dir='ltr'><strong>ut</strong></span> <span class='ocrx_word' id='word_1_692' title='bbox 3250 5663 3281 5701; x_wconf 87' lang='lat' dir='ltr'><strong>a</strong></span> <span class='ocrx_word' id='word_1_693' title='bbox 3320 5645 3527 5702; x_wconf 72' lang='lat' dir='ltr'><strong>Christi</strong></span> 
     </span>
    </p>
   </div>
   <div class='ocr_carea' id='block_1_125' title="bbox 1964 5715 3150 5787">
    <p class='ocr_par' dir='ltr' id='par_1_125' title="bbox 1964 5715 3150 5787">
     <span class='ocr_line' id='line_1_125' title="bbox 1964 5715 3150 5787; baseline -0.006 -10"><span class='ocrx_word' id='word_1_694' title='bbox 1964 5722 2163 5787; x_wconf 84' lang='lat' dir='ltr'><strong>Natali,</strong></span> <span class='ocrx_word' id='word_1_695' title='bbox 2197 5723 2281 5776; x_wconf 89' lang='lat' dir='ltr'><strong>vel</strong></span> <span class='ocrx_word' id='word_1_696' title='bbox 2313 5715 2576 5777; x_wconf 75' lang='lat' dir='ltr'><strong>Passione</strong></span> <span class='ocrx_word' id='word_1_697' title='bbox 2606 5715 3150 5775; x_wconf 58' lang='lat' dir='ltr'><strong>deduxerinPts-ru.</strong></span> 
     </span>
    </p>
   </div>
   <div class='ocr_carea' id='block_1_126' title="bbox 3526 5895 3574 5909">
    <p class='ocr_par' dir='ltr' id='par_1_126' title="bbox 3526 5895 3574 5909">
     <span class='ocr_line' id='line_1_126' title="bbox 3526 5895 3574 5909; baseline 0 0"><span class='ocrx_word' id='word_1_698' title='bbox 3526 5895 3574 5909; x_wconf 64' lang='grc' dir='ltr'><strong>’.Ι</strong></span> 
     </span>
    </p>
   </div>
  </div>
