4012 6210
359 317 464 374 127

1774 304 1831 359 S.
1875 296 2214 356 ΕΡΙΡΙΙΑΝΙΙ

3509 290 3617 346 128

361 430 579 486 Primos
612 434 838 484 nostros
863 431 1119 497 parentes
1160 422 1304 479 Deus
1333 436 1363 478 e
1395 420 1650 492 paradiso
1688 416 1930 487 expulit;

2060 412 2238 483 ιῐηδεὶς
2274 409 2465 482 μύθοις
2497 407 2762 463 ἀπατάτω
2807 406 2996 469 κενοῖς.
3035 406 3287 464 Δύναται
3306 407 3456 478 γὰρὸ
3470 410 3617 475 Θεὸς

363 522 809 592 eherubinosque
837 534 964 574 cum
996 516 1245 572 ﬂammeo
1266 515 1448 586 gladio
1479 512 1546 566 ail
1575 512 1696 565 vitae
1724 509 1937 564 arboris

363 614 696 672 servandum
731 612 939 668 aditum
976 609 1286 665 collocavit.
1317 607 1558 661 Adamus
1604 604 1770 676 igitur
1814 617 1937 656 cum

359 718 531 757 uxore
563 717 594 758 e
625 701 866 772 paradisi
913 700 1132 770 regione
1162 709 1446 768 egressus.
1493 694 1653 766 longe
1677 693 1948 751 dissimile

363 794 704 850 domicilium
740 791 952 848 habuit.
985 790 1154 847 Nemo
1189 789 1443 844 inanibus
1471 784 1670 844 fabulis
1705 785 1938 842 illudat:

366 888 549 942 Potest
576 885 716 940 enim
749 884 894 940 Deus
925 901 952 940 e
979 881 1247 954 lapidibus
1269 881 1503 936 excitare
1524 880 1666 950 ﬁlios
1687 880 1729 934 ¹.
1761 879 1951 934 Potest

364 979 508 1035 idem
523 994 646 1050 quae
660 977 1038 1048 corruptibilis
1057 984 1204 1040 sunt,
1234 976 1551 1044 incorrupta
1586 973 1786 1038 facere,
1812 979 1868 1029 et
1891 972 1945 1027 in

365 1069 784 1140 terris,quando
801 1069 875 1124 ita
891 1068 1107 1122 libitum
1121 1078 1225 1134 est,
1243 1065 1478 1137 paradisi
1504 1063 1738 1136 quietem
1759 1064 1955 1119 otium-

365 1176 474 1232 que
501 1161 860 1216 constituere.
888 1157 1057 1214 Terra
1092 1159 1292 1228 quippe
1319 1173 1424 1212 non
1453 1157 1680 1212 alterius
1719 1155 1811 1212 Dei
1840 1162 1951 1221 est,

366 1268 546 1323 neque
572 1252 774 1307 coelum
799 1250 1048 1312 alterius,
1077 1250 1169 1306 sed
1194 1249 1377 1305 omnia
1395 1248 1463 1302 ad
1487 1263 1653 1302 unum
1670 1246 1953 1303 eumdem-

367 1359 476 1414 que
514 1343 790 1414 pertinent
825 1361 839 1397 :
875 1342 968 1412 qui
1003 1341 1472 1396 immortalitatem
1513 1339 1813 1409 unicuique
1853 1352 1952 1409 pro

369 1451 470 1490 sua
504 1435 783 1490 voluntate
829 1433 1090 1505 largitur;
1130 1448 1254 1487 nam
1304 1442 1358 1488 et
1405 1430 1601 1486 Adami
1648 1445 1852 1502 corpus
1883 1444 1953 1486 ex

367 1526 559 1582 eadem
589 1525 756 1580 humo
784 1526 968 1580 lictum
999 1539 1123 1580 esse
1151 1524 1380 1587 scimus,
1404 1538 1437 1578 e
1456 1537 1563 1594 qua
1592 1537 1822 1592 corpora
1849 1536 1953 1577 no-

368 1624 485 1672 stra
517 1615 782 1671 fabricata
815 1626 978 1682 sunt;
1011 1631 1076 1671 ac
1109 1630 1210 1670 nos
1235 1628 1455 1684 quoque
1479 1627 1631 1682 spem
1658 1621 1875 1668 aeternae
1899 1618 1955 1668 et

369 1700 702 1757 immortalis
741 1699 1076 1755 haereditatis
1111 1697 1418 1752 habemus:
1459 1695 1660 1764 quippe
1702 1692 1950 1748 Salvato-

2046 504 2114 557 ἐκ
2127 495 2869 569 τῶνλίθωνέγεῷίιιτέκναο
2917 500 3010 552 καὶ
3039 499 3259 552 δύναται
3283 501 3312 553 6
3347 498 3479 564 Θεὸς
3520 499 3616 553 καὶ

2037 595 2105 648 τά
2140 592 2355 664 φθαρτά
2395 591 2716 664 μεταϐαλεῖν
2758 592 2838 655 εἰς
2881 590 3209 662 ἀφθαρσίαν·
3258 592 3353 645 καὶ
3393 589 3616 645 δύναται

2036 685 2131 740 ἐπὶ
2149 685 2254 755 γῆς
2280 684 2502 756 ποιῆσαι
2522 683 2826 738 ἀνάπαυσιν
2858 682 3208 754 παραδείσου,
3227 683 3310 735 ὅτι
3329 682 3616 755 ἠθέλησεν.

2038 779 2113 835 Οὐ
2151 779 2260 848 γὰρ
2289 779 2322 848 ἡ
2366 777 2438 847 γῆ
2481 774 2643 829 ἄλλου
2677 772 2834 836 Θεοῦ,
2871 774 2968 826 καὶ
3002 773 3231 844 οὐρανὸς
3263 772 3424 827 ἀλλου
3456 771 3617 837 Θεοῦ,

2032 869 2175 926 ,ἀλλὰ
2205 869 2382 924 πάντα
2407 865 2502 919 τοῦ
2533 863 2700 920 αὑτοῦ
2739 867 2878 931 ἐστι,
2913 864 3008 919 καὶ
3045 863 3119 925 ὡς
3153 861 3299 916 θέλει
3335 861 3618 933 χαρίζεται

2038 958 2256 1029 ἑκάστῳ
2278 956 2377 1028 τὴν
2401 954 2731 1026 ἀφθαρσίαν.
2759 955 2870 1007 Καὶ
2900 953 3009 1024 γάρ
3041 953 3103 1006 τὸ
3127 951 3290 1024 σῶμα
3310 951 3405 1006 τοῦ
3446 951 3622 1024 Ἀδὰμ

2038 1050 2260 1122 οἴδαμεν
2289 1051 2354 1103 ὲκ
2385 1049 2489 1120 γῆς
2521 1045 2904 1117 πεπλασμένον
2937 1045 2998 1110 ἐξ
3037 1040 3218 1118 ἧσπερ
3249 1045 3343 1097 καὶ
3373 1043 3532 1116 ἡμῶν
3551 1043 3623 1099 τὰ

2045 1141 2296 1214 σώματα,
2317 1141 2415 1196 καὶ
2430 1139 2618 1194 ἐλπίδα
2637 1138 2830 1210 ἔχομεν
2851 1137 3000 1212 ζωῆς
3027 1139 3276 1203 αἰωνίου,
3301 1140 3393 1193 καὶ
3408 1140 3623 1210 ἀφθάρ-

2040 1253 2134 1289 του
2159 1233 2544 1306 κληρονομίας.
2583 1233 2693 1285 Kal.
2713 1231 2822 1303 γάρ
2851 1231 2946 1285 τοῦ
2971 1231 3225 1302 Σωτῆρος
3246 1231 3308 1285 τὸ
3331 1231 3488 1304 σῶμα
3514 1232 3624 1285 ἀπὸ

2042 1325 2260 1398 Μαρίας
2277 1320 2366 1396 ἦν,
2390 1325 2484 1376 καὶ
2506 1324 2810 1394 συνήνωται
2835 1323 3223 1394 πνευματικῶς
3242 1326 3309 1396 τῇ
3331 1323 3425 1377 τοῦ
3446 1325 3622 1393 Λόγου

2044 1419 2102 1472 ὲν
2129 1417 2342 1489 οὐρανῷ
2369 1416 2668 1487 ἀφθαρσίᾳ.
2703 1415 2890 1470 Ταῦτα
2927 1415 2986 1469 δὲ
3032 1417 3208 1472 πάντα
3247 1419 3626 1490 συνηγάγομεν

2045 1510 2280 1565 ἐνταῦθα
2306 1507 2735 1580 δπαρεθέμεθα,
2786 1508 2950 1580 μηδὲν
2993 1509 3342 1582 παραρρίψαι
3384 1510 3492 1565 τῶν
3533 1529 3626 1581 γε-

2046 1602 2383 1674 γραμμένων
2428 1601 2694 1668 θέλοντες,
2720 1600 2857 1656 ἀλλά
2911 1601 3111 1672 μᾶλλον
3152 1603 3418 1674 ἁπλότητι
3466 1605 3627 1676 φέρε-

2050 1693 2194 1758 σθαι,
2229 1690 2406 1744 πιστοί
2431 1707 2490 1743 τε
2523 1688 2875 1760 εὑρίσκεσθαι
2909 1689 3046 1760 πρὸς
3074 1689 3168 1741 τὸν
3200 1688 3332 1742 Θεὸν
3366 1691 3424 1745 ὲν
3445 1685 3524 1754 οἷς
3550 1691 3626 1754 ὼς

369 1795 448 1849 ris
478 1810 681 1864 corpus
728 1809 759 1849 e
800 1791 969 1846 Maria
1015 1791 1226 1861 virgine
1261 1795 1443 1842 ortum
1491 1785 1702 1851 habuit,
1738 1791 1792 1838 et
1821 1797 1946 1838 cum

2060 1785 2108 1836 ὲν
2149 1782 2377 1855 ἀληθείᾳ
2417 1782 2657 1853 ἔγραψεν
2687 1783 2850 1852 ἡμῖν,
2889 1781 2983 1833 καὶ
3024 1781 3338 1853 ἐδωρήσατο
3383 1781 3482 1853 τὴν
3525 1781 3627 1852 τῆς

371 1880 530 1936 Verbi
564 1883 619 1935 in
649 1882 790 1936 caelo
842 1879 1252 1935 immortalitate
1293 1877 1647 1946 coniunctum
1683 1881 1787 1929 est.
1820 1872 1946 1927 llazc

367 1989 469 2029 nos
500 1974 685 2028 omnia
713 1973 816 2027 hoc
856 1973 978 2027 loco
1005 1972 1265 2042 colligere
1309 1985 1374 2024 ac
1397 1984 1703 2042 proponere
1731 1965 1946 2023 studui-

2051 1873 2308 1946 ἀληθείας
2340 1872 2457 1925 ὁδὸν
2491 1872 2584 1925 καὶ
2615 1869 2774 1941 ἡμῶν
2808 1870 3102 1941 σωτηρίαν·
3141 1874 3445 1943 συγχωρεῖν
3479 1872 3628 1943 αὑτῷ

2054 1966 2202 2037 μόνῳ
2231 1966 2438 2029 πρέπον
2472 1963 2618 2015 ἐστὶν
2658 1960 2855 2014 εἰδέναι
2892 1960 2961 2014 τὰ
2992 1961 3368 2033 ἀκατάληπτα.

368 2079 514 2131 mus,
548 2081 617 2120 ne
641 2064 771 2136 quid
788 2079 977 2120 eorum
1000 2081 1122 2135 qua:
1151 2064 1357 2133 scripta
1390 2071 1539 2125 sunt,
1569 2062 1946 2130 rcjiceremus,
1983 2061 2078 2116 sed
2114 2069 2172 2114 ut
2201 2057 2498 2113 candorem
2531 2071 2594 2110 ac
2621 2054 3031 2126 simplicitatem
3100 2055 3510 2119 adhiberemus,
3563 2069 3628 2111 ac

371 2157 562 2212 ﬁdeles
591 2173 693 2214 nos
733 2159 1106 2228 praeberemus
1153 2157 1211 2212 in
1257 2157 1325 2213 iis
1369 2156 1644 2221 onmibus,
1689 2156 1798 2228 65
1863 2171 1985 2226 qua:
2019 2156 2178 2211 nobis
2231 2172 2295 2210 ex
2338 2155 2417 2210 rei
2465 2154 2694 2209 veritate
2735 2155 2962 2235 scriptis
3014 2153 3265 2209 mandari
3315 2155 3517 2221 voluit,
3563 2170 3629 2211 ac

371 2252 624 2307 veritatis
650 2252 797 2306 viam
833 2253 1179 2322 salutemque
1213 2251 1487 2306 concessit
1518 2270 1531 2305 :
1562 2251 1651 2304 cui
1691 2251 1793 2305 soli
1824 2251 2079 2305 convenit
2110 2260 2167 2303 ut
2200 2264 2262 2304 ea
2292 2263 2412 2318 quae
2450 2248 2838 2318 comprehendi
2879 2257 3180 2318 nequeunt,
3212 2250 3499 2321 intelligat.

436 2341 597 2396 LXII.
638 2340 824 2398 Redeo
871 2343 938 2397 ad
988 2342 1274 2414 Origenem
1315 2363 1330 2398 :
1366 2345 1458 2414 qui
1516 2343 1734 2414 quidem
1779 2343 1947 2415 (quod

2115 2343 2232 2396 ΞΒ’.
2250 2342 2448 2413 ΙἈλλην
2463 2341 2519 2394 δὲ
2534 2331 2694 2395 πάλιν
2717 2341 2934 2412 μυθώδη
2960 2342 3171 2416 μωρίαν
3191 2335 3343 2408 οὗτος
3360 2345 3390 2396 6
3423 2343 3631 2414 Ὦριγέ-

371 2433 476 2505 ipsi
505 2433 651 2490 Deus
693 2434 961 2505 ignoscat)
1009 2434 1460 2490 absurdissimam
1499 2436 1660 2489 aliam
1708 2435 1947 2490 fabulam

2060 2453 2165 2507 θης,
2182 2428 2267 2504 ᾧό
2291 2434 2422 2498 Θεὸς
2446 2436 2844 2507 συγχωρήσειῆ
2872 2437 3172 2504 φαντασίαν
3193 2439 3306 2500 τοῖς
3325 2435 3631 2509 ἀνθρώποις

371 2527 760 2596 etallegoriam
785 2526 1042 2583 fallendis
1067 2527 1382 2583 hominibus
1409 2529 1712 2599 proposuit.
1735 2529 1951 2583 Etenim

2060 2523 2496 2596 άλληγοροῦνται,
2545 2527 2944 2599 παρεισήγαγε,
2997 2527 3241 2596 φάσκων,
3285 2528 3380 2592 οὓς
3413 2524 3564 2582 εἶπεν
3595 2529 3632 2597 ἠ

377 2632 518 2688 quas
544 2618 829 2690 Scriptura
865 2620 1122 2690 pelliceas
1152 2619 1373 2675 tunicas
1403 2619 1595 2690 primis
1631 2620 1836 2676 nostris
1865 2635 1954 2690 pa-

378 2711 628 2767 rentibus
659 2711 827 2769 Deum
862 2712 1060 2769 fecisse
1104 2720 1315 2778 narrat,
1352 2727 1481 2768 vere
1523 2711 1780 2782 pelliceas
1808 2712 1954 2766 tuni-

377 2817 472 2857 cas
500 2809 659 2874 negat
701 2801 894 2869 fuisse,
923 2802 1019 2858 sed
1050 2801 1104 2856 id
1140 2803 1210 2857 de
1239 2798 1490 2870 corporis
1537 2801 1678 2855 mole
1708 2808 1763 2854 et
1792 2814 1958 2855 carne

375 2901 659 2959 concreta,
697 2894 782 2948 vel
818 2909 1053 2964 corpore
1087 2893 1482 2963 interpretatur
1512 2892 1633 2962 ipso
1665 2908 1677 2944 :
1708 2893 1762 2946 in
1809 2893 1958 2962 quod

377 2988 502 3053 post
531 2981 960 3038 inobedientiam
994 2995 1058 3036 ac
1093 2980 1305 3034 fructus
1336 2979 1491 3035 vetiti
1523 2979 1958 3050 degustationcm

376 3071 622 3129 inclusas
686 3088 813 3130 esse
872 3072 1090 3128 animas
1149 3072 1470 3127 arbitratur.
1529 3071 1685 3137 Quod
1739 3071 1958 3142 quidem

2053 2615 2174 2668 θεία
2211 2615 2400 2685 Γραφὴ
2445 2614 2681 2686 χιτῶνας
2727 2615 3086 2686 δερματίνους
3132 2617 3496 2689 πεποιηκέναι
3539 2616 3633 2671 τὸν

2054 2705 2186 2760 Θεὸν
2208 2708 2321 2769 τοῖς
2348 2708 2478 2778 περὶ
2495 2705 2587 2761 τὸν
2627 2706 2821 2778 Ἀδὰμ,
2855 2706 2929 2778 μὴ
2951 2702 3088 2762 εἶναι
3112 2708 3345 2779 χιτῶνας
3371 2709 3633 2780 δερματί-

2053 2815 2176 2861 νους
2199 2797 2334 2868 (96),
2379 2797 2516 2852 ἀλλά
2560 2798 2719 2852 τοῦτό
2765 2816 2898 2870 φησι
2939 2799 3142 2869 χιτῶνα
3183 2800 3530 2871 δερμάτινον,
3573 2800 3636 2853 τὸ

2056 2888 2329 2961 σαρκῶδες
2356 2889 2452 2942 τοῦ
2491 2888 2764 2960 σώματος,
2812 2890 2845 2960 ἢ
2882 2889 3013 2943 αὐτὸ
3047 2890 3107 2943 τὸ
3147 2890 3306 2961 σῶμα
3355 2891 3495 2960 μετὰ
3535 2889 3635 2962 τὴν

2057 2975 2343 3048 παρακοήν
2369 2978 2465 3032 καὶ
2491 2977 2552 3030 τὸ
2586 2977 2922 3050 βεϐρωκέναι
2952 2979 3046 3032 τοῦ
3082 2979 3264 3046 ξύλου,
3300 2980 3515 3034 ἐνέδυσε
3537 2979 3638 3044 τὰς

2053 3067 2232 3139 ψυχάς
2247 3068 2379 3140 (97)·
2401 3069 2496 3123 καὶ
2519 3069 2633 3123 ἐστι
2655 3070 2908 3124 σύνθετον
2939 3073 2958 3102 ⁸
2979 3071 3100 3126 ὅλον
3121 3072 3316 3127 εἰπεῖν.
3350 3072 3638 3141 Σοφίζεται

375 3167 572 3236 dogma
607 3165 786 3220 otiose
825 3166 1120 3219 conlictum
1153 3178 1221 3218 ac
1273 3165 1532 3220 stolidum
1583 3171 1688 3218 est.
1731 3161 1838 3218 Sed
1870 3178 1957 3218 ar-

2061 3157 2169 3229 γάρ
2191 3158 2350 3223 αὐτὸς
2376 3161 2404 3213 6
2422 3160 2706 3232 Ὠριγένης
2725 3160 2886 3230 δῆθεν
2910 3161 3004 3215 καί
3035 3179 3190 3234 φησιο
3214 3163 3305 3234 Μὴ
3329 3163 3437 3234 γὰρ
3461 3165 3490 3216 6
3508 3163 3638 3227 Θεὸς

377 3264 603 3324 gutatur
640 3255 1001 3310 nihilominus
1033 3252 1325 3323 Origenes,
1358 3265 1522 3325 atque
1551 3255 1624 3308 ita
1653 3253 1901 3324 disputat
1936 3273 1950 3309 :

380 3344 544 3410 Num,
576 3344 776 3415 inquit,
810 3343 1084 3400 coriarius
1152 3344 1300 3400 Deus
1330 3354 1436 3412 est,
1484 3355 1543 3398 ut
1575 3346 1820 3401 subactis
1844 3347 1960 3416 pel-

381 3438 526 3494 libus
578 3437 788 3491 Adamo
831 3445 997 3507 atque
1045 3435 1170 3491 Eva:
1215 3437 1430 3493 tunicas
1479 3440 1744 3494 consnati
1792 3440 1960 3495 Multo

384 3542 515 3584 vero
562 3527 736 3600 magis
781 3542 846 3582 ea
887 3544 992 3582 vox
1025 3536 1110 3582 est
1158 3529 1364 3599 pecude
1409 3529 1594 3601 digna.
1627 3529 1766 3598 Quid
1814 3532 1959 3587 enim

385 3618 601 3674 facilius
647 3626 782 3683 erat,
837 3618 1035 3673 coelum
1071 3634 1136 3673 ac
1176 3628 1375 3674 terram
1406 3637 1438 3675 e
1470 3623 1642 3678 nihilo
1674 3638 1963 3694 procreare

386 3709 580 3774 Deum,
619 3723 689 3763 an
721 3709 979 3780 pelliceas
1021 3725 1286 3769 censuere
1315 3715 1566 3771 tunicas?
1601 3716 1960 3782 Quandonam

385 3816 520 3858 vero
559 3799 881 3856 admiranda
925 3818 1025 3858 sua
1071 3803 1315 3874 prodigia
1361 3821 1471 3860 non
1503 3809 1718 3877 quoties
1761 3809 1966 3878 placuit

389 3892 516 3964 ipsi,
557 3893 781 3949 molitus
826 3901 932 3958 est,
982 3902 1043 3948 ut
1100 3896 1284 3949 anima
1341 3898 1582 3952 carentia
1630 3898 1686 3952 in
1725 3900 1963 3955 animata

389 3985 764 4041 converteret?
809 3985 1041 4052 Quando
1112 3986 1314 4060 Moysis
1361 3989 1573 4059 virgam
1634 3989 1840 4043 aridam
1900 4005 1966 4046 ac

391 4076 625 4147 ligneam
653 4091 761 4130 non
791 4076 844 4130 in
864 4077 1047 4132 vivum
1080 4078 1488 4149 spirantemque
1507 4079 1792 4134 colubrum
1819 4095 1970 4136 eom-

391 4181 604 4227 mutare
636 4170 836 4241 potuit,
886 4170 980 4241 qui
1011 4170 1251 4242 Moysen:
1288 4171 1465 4241 ipsmn
1505 4174 1884 4242 insequeretur
1913 4179 1969 4227 ct

392 4263 448 4316 in
490 4262 671 4332 fugam
708 4263 1028 4332 conjiceret,
1081 4272 1140 4317 ut
1182 4263 1330 4332 quod
1365 4272 1477 4317 tum
1513 4265 1824 4333 gerebatur,
1858 4280 1968 4318 non

394 4353 574 4406 ﬁctam
617 4355 909 4422 quamdam
965 4369 1088 4408 esse
1123 4355 1382 4422 speciem,
1435 4354 1530 4408 sed
1561 4355 1788 4410 veritate
1835 4369 1970 4408 con-

394 4449 544 4499 stare
586 4443 848 4499 doceret?
880 4443 1022 4509 Quid
1054 4443 1229 4497 illud?
1256 4444 1504 4510 Quonam
1543 4454 1699 4513 pacto
1731 4445 1972 4514 quadra—

2065 3253 2467 3324 βυρσοδεύτης⁷
2507 3250 2595 3325 ἦν,
2642 3255 2728 3307 ἵνα
2783 3253 3054 3326 βυρσήσας
3093 3255 3358 3326 δέρματα,
3409 3255 3642 3326 χιτῶνας

2064 3346 2363 3418 ἐργάσηται
2393 3346 2471 3418 τῷ
2505 3346 2676 3418 Ἀδὰμ
2701 3349 2795 3401 καὶ
2823 3350 2890 3418 τῇ
2923 3347 3068 3418 Εὔας
3107 3349 3251 3402 Πολὺ
3285 3349 3343 3402 δὲ
3370 3349 3641 3418 κτηνωδέ-

2067 3454 2254 3510 στερον
2284 3438 2344 3491 τὸ
2369 3437 2627 3494 τοιοῦτον.
2662 3439 2726 3491 Τί
2761 3439 3150 3512 εὐχερέστερον
3181 3435 3270 3512 ἦν,
3300 3441 3528 3512 οὐρανὸν
3551 3442 3647 3495 καὶ

2065 3530 2167 3600 γῆν
2197 3532 2256 3596 ἐξ
2283 3531 2384 3584 οὐκ
2423 3530 2576 3594 ὄντος
2614 3531 2840 3600 ποιῆσαι
2868 3532 2961 3586 τὸν
2997 3533 3151 3599 Θεὸν,
3186 3533 3220 3603 ἢ
3263 3533 3497 3603 χιτῶνας
3525 3534 3650 3604 δερ-

2070 3621 2351 3692 ματίνους;
2391 3622 2529 3675 Πότε
2567 3622 2678 3694 γὰρ
2717 3622 2787 3675 τά
2827 3623 3105 3694 θαυμάσια
3148 3623 3314 3678 αὐτοῦ
3346 3625 3517 3680 θέλων
3545 3625 3648 3679 οὐκ

2067 3711 2381 3782 είργάσατο,
2418 3711 2513 3764 καὶ
2539 3710 2723 3781 ἄψυχα
2745 3715 2824 3774 εἰς
2845 3711 3064 3784 ἔμψυχα
3088 3714 3442 3784 μεταϐαλών;
3475 3718 3496 3748 ⁸
3523 3717 3648 3770 πότε

2068 3803 2126 3854 οὗ
2159 3802 2441 3873 δεδύνηται
2469 3819 2483 3868 ;
2516 3803 2616 3874 τὴν
2643 3803 2740 3874 μὲν
2769 3805 2961 3873 ῥάϐδον
2987 3805 3267 3870 Μωῦσὲως
3295 3807 3467 3879 ξηρὰν
3486 3804 3650 3864 οὖσαν

2069 3894 2163 3947 καὶ
2191 3893 2430 3964 ξυλίνην,
2457 3893 2580 3962 ὄφιν
2607 3893 2846 3964 ἔμψυχον
2876 3895 3098 3966 εποίησε
3127 3897 3368 3951 Μωῦσέα
3385 3897 3652 3950 καταδιώ-

2071 4002 2263 4051 κονταο
2294 3985 2386 4054 ἀφ’
2409 3977 2476 4037 οὗ
2505 3985 2746 4056 Μωῦσῆς
2775 3988 2854 4051 εἰς
2887 3988 3064 4059 φυγὴν
3092 3989 3370 4060 ἐτρέπετο,
3392 3990 3478 4043 ἵνα
3503 3990 3650 4060 δείξῃ

2071 4078 2153 4131 ὅτι
2186 4077 2285 4130 οὐκ
2305 4073 2371 4148 ἦν
2392 4077 2706 4147 φάντασμα,
2734 4078 2847 4130 ἀλλ’
2873 4078 3071 4150 ἀληθὲς
3099 4079 3160 4133 τὸ
3188 4081 3503 4151 γενόμενον.
3530 4080 3653 4143 Πῶς

2072 4168 2128 4221 δὲ
2150 4169 2555 4239 τεσσαράκοντα
2575 4169 2668 4239 ἐτη
2701 4169 2795 4222 τοῦ
2830 4170 2958 4224 λαοῦ
2985 4171 3054 4225 τὰ
3081 4173 3270 4243 ίμάτια
3303 4173 3405 4226 οὐκ
3427 4170 3654 4241 ὲρικνώ-

2075 4260 2163 4330 θη,
2197 4262 2294 4313 καὶ
2319 4261 2503 4331 τρίχες
2543 4262 2642 4314 οὐκ
2685 4263 2920 4332 ἐκόμων,
2957 4265 3051 4318 καὶ
3090 4266 3160 4319 τά
3205 4267 3523 4338 ὑποδήματα
3555 4269 3655 4321 οὐκ

2076 4351 2464 4418 ἑπαλαιοῦντο;
2493 4355 2814 4409 Εἰπάτωσαν
2835 4357 2892 4409 δέ
2929 4373 3017 4428 μοι
3045 4359 3096 4410 οἱ
3121 4358 3320 4428 ἠλίθιοι
3349 4361 3396 4411 oi
3429 4362 3495 4430 τῇ
3525 4376 3655 4430 φρε-

2079 4441 2366 4512 νοϐλαϐείᾳ
2392 4445 2697 4516 Ὠριγένους
2720 4446 2877 4501 τοῦτο
2903 4450 2963 4502 τὸ
2983 4449 3146 4521 μέρος
3168 4451 3652 4522 ἀκολουθήσαντες·

397 4531 548 4602 ginta
580 4540 722 4587 totos
749 4549 926 4589 annos
961 4551 1137 4605 neque
1164 4535 1347 4605 populi
1381 4542 1563 4589 vestes
1591 4513 1790 4589 attrita:
1820 4543 1960 4600 sunt,

2078 4531 2436 4596 Ἀναστάντος
2460 4535 2554 4587 τοῦ
2576 4537 2810 4606 Χριστοῦ
2836 4539 2899 4591 ὲκ
2923 4539 3029 4593 τῶν
3052 4541 3280 4611 νεκρῶν,
3295 4543 3390 4594 καὶ
3409 4542 3657 4596 καταλεί-

397 4639 575 4694 neque
623 4625 803 4693 capilli
849 4636 1165 4690 creverunt,
1218 4642 1320 4680 nec
1365 4627 1664 4680 inveterata
1705 4636 1834 4682 sunt
1873 4629 1977 4683 cal-

403 4721 685 4769 (eantenta
709 4713 762 4766 ’?
791 4713 984 4770 Dicant
1014 4717 1174 4770 velim
1209 4715 1537 4786 incptissimi
1569 4715 1840 4782 homines,
1881 4718 1975 4787 qui

402 4805 468 4859 ad
519 4805 666 4858 illam
732 4803 983 4876 Origenis
1040 4806 1308 4860 insaniam
1366 4807 1746 4862 adhaerescunt
1789 4809 1973 4866 :Cum

411 4896 666 4952 Christus
708 4911 739 4950 a
776 4898 1009 4952 mortuis
1041 4898 1311 4953 excitatus
1342 4898 1554 4962 linteas,
1592 4901 1668 4953 uti
1714 4901 1972 4971 scriptum

409 4997 514 5055 est,
539 4996 721 5046 vestes
765 4988 820 5044 in
861 4989 1115 5060 sepulcro
1153 4989 1466 5060 reliquisset
1491 4990 1535 5055 ³,
1572 4991 1752 5050 nudus
1787 4995 1977 5067 utique

2079 4624 2280 4695 ψαντος
2315 4627 2412 4690 τὰς
2451 4627 2638 4700 ὀθόναις
2683 4632 2740 4683 ὲν
2781 4631 2858 4702 τῷ
2901 4635 3164 4704 μνήματι,
3207 4636 3284 4698 ῶς
3322 4634 3657 4704 γέγραπται,

2082 4719 2285 4790 γυμνὸς
2315 4720 2422 4790 ἄρα
2445 4722 2464 4750 θ
2489 4722 2740 4790 ἐφαίνετο
2771 4725 2882 4786 τοῖς
2912 4724 3180 4794 μαθηταῖς
3199 4727 3437 4790 ἀναστάς
3464 4729 3528 4780 ὲκ
3551 4727 3660 4781 τῶν

2080 4811 2288 4881 νεκρῶν
2324 4813 2420 4866 σὺν
2452 4812 2664 4884 σώματι
2703 4816 2798 4867 καὶ
2834 4815 3000 4888 ψυχῗγ
3043 4818 3282 4890 ὁπηνίκα
3320 4820 3376 4872 δὲ
3422 4820 3660 4874 ἐδείκνυε

2079 4905 2191 4967 τοῖς
2227 4905 2357 4975 περὶ
2393 4905 2483 4959 τὸν
2519 4906 2719 4977 Θωμᾶν
2747 4906 2816 4960 τὰ
2835 4909 2970 4962 ὀστᾶ
3003 4908 3168 4963 αὐτοῦ
3198 4911 3293 4965 καὶ
3315 4910 3416 4972 τὰς
3434 4907 3662 4982 σάρκας,

2079 4996 2269 5068 χεῖράς
2296 5015 2356 5052 τε
2389 4999 2484 5053 καὶ
2512 4997 2611 5068 τὴν
2639 4998 2902 5070 πλευρὰν,
2935 5002 3178 5073 δηλονότι
3206 5004 3308 5058 οὐκ
3338 4998 3407 5075 ἦν
3433 5012 3658 5074 γυμνός.

474 5144 496 5230 ξ
522 5142 714 5230 δίειμι.
745 5161 827 5212 ut,
861 5144 947 5230 9._
981 5142 1199 5230 ξίφη.
1231 5163 1325 5230 κει,
1351 5145 1404 5203 6.
1468 5146 1490 5178 ³
1514 5145 1684 5230 ΔΙξςιιι.
1723 5165 1872 5213 xxu,

2079 5151 2236 5230 Deest
2255 5153 2375 5230 ptati:
2451 5154 2473 5186 ⁸
2503 5152 2564 5207 F.
2595 5157 2970 5226 συγχωρήσειε
3004 5164 3060 5213 et
3089 5172 3214 5213 mox
3253 5157 3660 5230 ἀλληγοροῦντι.

408 5217 432 5248 ⁸
456 5211 514 5267 F.
547 5211 824 5275 ἀσύνετον.
928 5217 947 5249 ⁷
978 5212 1038 5269 F.
1072 5217 1426 5288 βδρςοδὲψης.

477 5369 603 5442 (96),
629 5370 729 5442 Μὴ
758 5365 947 5442 ,εἶναι
986 5371 1241 5441 χιτῶνας
1277 5372 1691 5441 δερματίνους.
1737 5372 1872 5427 Vide
1919 5372 1984 5427 ad

415 5438 665 5496 Ita‘rcSim
703 5441 775 5494 64
829 5438 882 5494 in
917 5438 1152 5494 Pditario
1183 5438 1442 5496 numeros
1471 5443 1543 5494 ‘22
1563 5453 1616 5494 et
1636 5443 1727 5494 2’5.

483 5508 931 5581 (θη-Ἑνέδυσε
984 5512 1091 5576 τὰς
1140 5510 1364 5579 ψυχάς.
1432 5512 1657 5565 Animas
1705 5512 1983 5564 hominum

415 5579 742 5647 corporibus
781 5582 1192 5647 praeexstitisse,
1229 5597 1292 5633 ac
1325 5583 1580 5635 cu-lcstes
1620 5582 1785 5634 luisse
1816 5582 1986 5634 virtu-

417 5657 537 5708 tes;
577 5649 630 5700 in
660 5660 888 5715 corpora
915 5647 1113 5701 deinde
1141 5649 1302 5701 veluti
1326 5664 1576 5703 carceres
1596 5651 1896 5716 conjeclas,
1928 5657 1984 5700 ut

417 5717 710 5784 scelerum,
751 5717 952 5789 quibus
993 5733 1114 5773 sese
1153 5718 1480 5786 polluerant,
1527 5734 1718 5787 pwuas
1757 5719 1980 5783 darent,

1511 5219 1533 5251 ⁸
1560 5217 1720 5274 Deest
1752 5221 2024 5274 nonnihil.

2103 5222 2123 5251 ⁹
2150 5223 2286 5276 AJtl.
2315 5225 2434 5276 οὐκ.

2085 5373 2335 5451 Ortgcnis
2363 5392 2622 5451 errorem
2676 5377 2942 5451 fuissciex
2982 5382 3232 5451 pluribus
3262 5394 3480 5438 constat
3515 5387 3663 5439 anti-

2085 5445 2706 5524 quitatisdocumentis,
2739 5465 2802 5503 ex
2851 5445 3147 5524 Metiiodio,
3193 5470 3258 5524 ex
3308 5453 3661 5524 Hieronymo,

2085 5530 2151 5568 cx
2189 5515 2491 5591 Epiphanio
2513 5528 2712 5591 nostro
2739 5529 2852 5573 tum
2882 5522 2934 5574 in
2972 5515 3246 5591 praesenti.
3298 5531 3410 5576 tum
3455 5515 3660 5578 mento;

2086 5592 2402 5658 [utanuper
2427 5587 2479 5658 in
2512 5586 2710 5658 lla-resi
2767 5591 2859 5652 (il,
2902 5586 3056 5645 nu—m.
3093 5592 3144 5644 4.
3174 5591 3307 5646 Vide
3339 5591 3662 5658 Origenimta

2083 5651 2228 5708 Petri
2261 5651 2498 5714 Danielis
2529 5657 2706 5713 lluetii
2741 5660 2834 5714 lib.
2869 5677 2929 5728 ιι,
2967 5677 3088 5732 cap.
3121 5662 3177 5729 2,
3211 5671 3406 5732 quaest.
3437 5651 3490 5718 Β.
