4012 6210
321 362 420 418 129

1725 346 2172 403 ANCORATUS.

3473 340 3580 398 130

315 475 512 530 Τοίνυν
548 470 618 525 τὰ
648 467 839 542 ἱμάτια
867 467 952 531 τίς
981 464 1128 536 αὐτῷ
1161 463 1332 534 ὕφανε
1357 462 1424 516 τὰ
1464 460 1604 532 μετὰ
1631 462 1730 532 τὴν
1763 460 1895 513 ἀνά-

2013 459 2286 528 liscipulis
2320 475 2442 513 cum
2474 474 2704 531 corpore
2744 459 3034 529 animaque
3075 456 3363 513 visendum
3387 471 3582 514 senon

317 578 542 627 στασιν;
581 559 723 612 Ἀλλ’
747 560 892 629 ἐρεῖς
918 572 1005 627 μοι
1039 554 1280 616 πάντως,
1323 551 1628 622 Ἐνδύματα
1654 566 1900 620 πνευμα-

313 652 444 706 τικὰ
463 654 491 705 6
514 649 675 712 αὐτὸς
707 649 962 718 ποιήσας.
997 646 1106 698 Καὶ
1139 647 1188 698 εί
1220 642 1446 697 τοιαῦτα
1471 641 1744 712 ἐνδύματα
1771 640 1901 710 ἡδύ-

313 753 442 790 νατο
464 735 644 805 ἐαυτῷ
679 736 878 798 ποιεῖν,
920 732 1163 796 ἐκείνους
1201 734 1329 795 τοὺς
1361 731 1720 802 δερματίνους
1741 729 1904 799 χιτῶ-

313 841 411 888 νας
441 826 540 878 ούκ
569 823 801 894 ἠδύνατο
834 824 1058 894 ποιῆσαι
1085 826 1197 885 τοῖς
1225 823 1352 893 περὶ
1384 821 1475 874 τὸν
1519 820 1690 889 Ἀδὰμ
1717 819 1902 890 οἰκείῳ

316 915 443 985 θελή
455 931 617 986 ματι;
645 915 853 976 Ὄντως
879 913 892 942 ²
915 911 1172 964 ἐκπίπτει
1201 910 1294 962 τοῦ
1343 909 1651 980 Ὠριγένους
1676 911 1708 979 ή
1741 908 1904 978 ἀλλη-

315 1007 498 1075 γορία.
533 1007 596 1058 Ei
624 1003 732 1075 γὰρ
763 1003 901 1073 μετὰ
928 1003 988 1055 τὸ
1012 1001 1346 1072 βεϐρωκέναι
1376 1000 1470 1053 τοῦ
1499 999 1656 1064 ξύλου
1682 999 1904 1070 ἐκτίσθη

313 1096 394 1166 τῷ
426 1096 598 1166 Ἀδὰμ
625 1098 656 1165 ἡ
684 1092 840 1162 σὰρξ,
867 1092 1032 1145 πόθεν
1063 1093 1169 1161 ἄρα
1189 1091 1380 1144 ἐλαϐεν
1409 1093 1436 1144 6
1465 1090 1598 1152 Θεὸς
1621 1090 1720 1157 τὴν
1743 1091 1907 1143 πλευ-

321 1190 450 1260 ράν;
479 1188 538 1250 ὃς
564 1185 865 1257 διεγερθεὶς
885 1184 992 1237 ἀπὸ
1013 1185 1110 1254 τῆς
1131 1184 1462 1244 ἐκστάσεως,
1483 1176 1907 1252 φησί-⁸οστοιῦν

315 1279 384 1331 ἐκ
411 1278 530 1330 τῶν
558 1277 758 1330 ὀστῶν
779 1292 920 1343 μου,
969 1274 1065 1327 καὶ
1104 1272 1261 1342 σὰρξ
1294 1273 1363 1326 ἐκ
1396 1270 1506 1341 τῆς
1530 1271 1757 1338 σαρκός
1784 1287 1904 1339 μου

316 1386 498 1424 τουτο
511 1406 527 1424 ο

2004 550 2269 620 praebuit;
2306 558 2398 603 aut
2433 567 2558 604 cum
2610 567 2737 606 ossa
2777 567 2874 604 sua
2909 549 3132 603 Thema:
3179 564 3486 618 carnesque
3526 557 3582 604 et

2005 643 2175 696 latera
2221 645 2605 706 monstravit',
2641 644 2842 709 nudus,
2877 645 3092 712 opinor.
3129 658 3236 696 non
3278 642 3402 696 fuit.
3443 641 3581 708 Quis

2006 733 2171 804 igitur
2203 727 2317 786 haec
2347 735 2420 787 illi
2453 741 2576 804 post
2612 737 3070 790 resurrectionem
3099 737 3420 790 vestimenta
3447 749 3583 787 eon-

2005 825 2149 880 suit?
2191 824 2346 878 Dices
2388 825 2664 894 spiritales
2710 825 2970 896 quasdam
3018 835 3198 880 vestes
3246 825 3345 880 sibi
3403 826 3578 893 ipsum

2006 918 2325 972 adornasse.
2377 918 2545 987 lgitur
2592 918 2683 987 qui
2749 917 3014 986 ejusmodi
3067 918 3172 973 sibi
3230 924 3411 970 vestes
3471 917 3583 969 ela-

2009 1008 2204 1062 borare
2247 1008 2446 1077 potuit,
2482 1009 2738 1078 pelliceas
2772 1008 2895 1060 illas
2931 1008 3146 1060 tunicas
3179 1007 3370 1076 primis
3416 1004 3583 1058 homi-

2007 1098 2169 1152 nibus
2202 1107 2395 1166 suapte
2422 1099 2702 1150 voluntate
2722 1096 2990 1150 conﬁcere
3018 1111 3124 1148 non
3156 1096 3370 1164 potuit?
3403 1095 3584 1148 Enim-

2007 1203 2136 1240 vero
2185 1197 2294 1243 tota
2352 1189 2440 1242 illa
2503 1189 2812 1258 exploditur
2861 1187 3112 1256 Origenis
3163 1187 3443 1255 allegoria.
3476 1185 3586 1255 66

2007 1272 2141 1327 Nam
2198 1276 2241 1329 si
2306 1283 2426 1343 post
2482 1275 2830 1345 degustatum
2881 1275 3116 1329 fructum
3169 1291 3386 1328 carnem
3445 1273 3586 1327 Deus

2007 1363 2216 1418 Adamo
2266 1366 2573 1448 fabricavit,
2621 1367 2896 1421 undenam
2952 1377 3161 1421 costam
3209 1367 3354 1419 illam
3404 1364 3587 1418 lateris

322 1461 654 1532 acceperat?
707 1474 832 1515 nam
889 1473 1023 1530 cum
1066 1457 1309 1513 Adamus
1363 1472 1428 1512 ex
1481 1455 1751 1512 altissimo
1813 1457 1906 1512 illo
1942 1473 2138 1528 Sopore
2166 1468 2312 1515 esset
2351 1462 2662 1515 excitatus:
2694 1460 2790 1525 Os,
2834 1459 3032 1531 inquit,
3072 1473 3138 1513 eo;
3182 1459 3390 1512 ossibus
3441 1455 3586 1511 istud

315 1563 418 1617 est,
453 1562 504 1607 et
537 1568 664 1606 caro
696 1551 760 1605 de
783 1567 943 1604 carne
973 1567 1090 1604 mea
1113 1551 1155 1602 ³.

387 1643 506 1699 EI".
555 1643 661 1696 Τοῦ
697 1643 886 1696 λοιποῦ
919 1642 1100 1694 τοίνυν
1136 1639 1324 1710 μηδεὶς
1359 1640 1492 1710 ἡμῖν
1527 1639 1732 1703 κόπους
1762 1654 1908 1709 παρ-

2089 1634 2270 1689 LXIII.
2311 1634 2482 1691 Nemo
2536 1636 2718 1706 itaque
2756 1636 3014 1706 deinceps
3071 1637 3231 1693 nobis
3280 1607 3589 1694 molestiam

321 1735 510 1806 εχέτω.
539 1733 695 1787 Οὕτω
716 1735 826 1804 γὰρ
851 1731 1064 1799 δοξάζει
1095 1733 1129 1802 ἡ
1162 1731 1294 1799 ἁγία
1317 1729 1410 1783 τοῦ
1441 1729 1576 1783 Θεοῦ
1617 1729 1908 1800 Ἐκκλησία

2018 1727 2274 1798 praaheat'.
2309 1726 2384 1781 ita
2411 1729 2612 1799 quippe
2647 1731 2716 1782 ab
2751 1729 2909 1783 initio
2944 1729 3010 1783 ad
3057 1729 3197 1784 hanc
3238 1745 3414 1800 usque
3444 1731 3588 1786 diem

320 1827 428 1880 ἀπὸ
459 1826 568 1878 τῶν
601 1823 890 1879 ἀνέκαθεν.
917 1825 991 1877 Ού
1021 1825 1436 1895 παραστήσεται
1468 1821 1576 1893 γὰρ
1597 1823 1729 1892 ἡμῖν
1765 1821 1910 1892 Ὠρι-

314 1917 484 1988 γένης
518 1918 576 1969 ὲν
605 1916 791 1986 ἡμέρᾳ
820 1914 1078 1984 κρίσεως.
1112 1911 1394 1982 Θαυμὰζω
1427 1910 1536 1982 γὰρ
1567 1911 1642 1972 ὡς
1671 1909 1909 1979 ἀληθῶς,

321 2007 438 2070 πῶς
469 2023 614 2070 τινες
647 2006 931 2076 ἀνέχονται
962 2005 1056 2057 τοῦ
1089 2003 1582 2074 βλασφημήσαντος
1604 2001 1694 2054 τὸν
1719 1999 1913 2053 ἐαυτοῦ

321 2100 619 2169 Δεσπότην.
659 2095 1087 2165 ’Δναγνὼτωσαν
1118 2094 1432 2165 Ὠριγένυυς
1452 2092 1522 2146 τὰ
1548 2093 1686 2160 Περὶ
1711 2090 1915 2161 ἀρχῶν

315 2194 368 2244 οἱ
384 2189 640 2254 τοιοῦτοι,
665 2190 758 2242 καὶ
781 2187 1104 2259 μαθέτωσαν
1128 2188 1177 2239 oi
1200 2184 1485 2250 δοκοῦντες
1515 2182 1656 2239 εἶναι
1687 2185 1794 2238 υἱοὶ⁹
1812 2183 1913 2253 τῆς

334 2280 666 2352 Ἐκκλησίας
698 2279 800 2350 τῆς
834 2277 1151 2349 καθολικῆς,
1181 2280 1277 2333 καὶ
1309 2277 1385 2349 μὴ
1408 2277 1499 2332 τδν
1529 2277 1655 2330 Υἰδν
1680 2277 1788 2330 ἀπὸ
1813 2275 1913 2346 τῆς

318 2369 414 2424 τοῦ
447 2370 664 2442 Πατρδς
692 2370 948 2441 θεότητος
971 2371 1229 2440 χωρίζειν
1254 2369 1634 2439 τολμάτωσαν,
1673 2367 1790 2431 πῶς
1813 2367 1914 2420 οὐκ

324 2463 632 2532 ἀπηξίωσεν
650 2461 760 2533 (98)
802 2461 1084 2531 Ὠριγένης
1121 2460 1296 2513 εἰπεῖν
1324 2460 1406 2512 ὅτι
1429 2460 1526 2529 οὐχ
1553 2460 1655 2530 ὁρᾷ
1685 2458 1775 2511 τὸν
1800 2458 1912 2509 Πα-

331 2552 457 2623 τέρα
485 2555 513 2605 6
539 2552 686 2615 Υἱός.
735 2550 899 2604 Ἀλλά
934 2567 1089 2621 φησι·
1128 2567 1146 2601 ι
1188 2550 1274 2613 Ὠς
1311 2549 1371 2602 ού
1402 2548 1624 2602 δύναται
1651 2549 1784 2619 όρᾷν
1819 2547 1911 2599 τὸν

327 2642 544 2713 Πατέρα
567 2643 596 2694 6
615 2641 766 2705 Υῑδς,
795 2642 891 2694 καὶ
917 2640 978 2693 τὺ
1008 2639 1165 2708 ἅγιον
1193 2639 1420 2709 Πνεῦμα
1447 2638 1508 2690 ού
1538 2638 1760 2691 δύναται
1785 2637 1910 2690 ίδεῖν

322 2733 417 2787 τὸν
451 2734 598 2786 Υίόν.
614 2751 632 2783 ι
662 2732 772 2785 Καὶ
789 2732 966 2786 πάλιν
996 2749 1015 2784 ι
1035 2733 1096 2784 Οἱ
1115 2729 1335 2798 ἄγγελοι
1353 2729 1410 2783 ού
1427 2728 1682 2782 δύνανται
1704 2727 1832 2782 ἰδεῖν
1851 2728 1910 2781 τὺ

325 2824 480 2891 ἅγιον
514 2821 762 2893 Πνεῦμα,
816 2822 912 2874 καὶ
957 2822 1006 2873 oi
1045 2820 1323 2892 ἄνθρωποι
1368 2820 1427 2872 ού
1474 2818 1729 2872 δύνανται
1781 2819 1910 2872 ἰδεῖν

324 2913 448 2974 τοὺς
471 2909 758 2978 ἀγγέλους.
774 2927 793 2960 ι
819 2910 928 2963 Kal.
955 2909 1348 2977 ἐφαντασίασεν
1365 2907 1576 2971 ἑαυτὸν,
1599 2906 1797 2978 μᾶλλον
1815 2907 1909 2960 καὶ

323 3001 417 3064 οὓς
457 3001 762 3072 ἠπάτησεν,
811 3000 926 3053 ἀλλ’
956 3001 1016 3053 ού
1053 2999 1143 3053 τὸν
1187 3000 1406 3053 συνετὸν
1446 3000 1540 3052 καὶ
1587 2997 1778 3052 πιστὸν
1815 3000 1910 3052 καὶ

2014 1827 2365 1876 sacrosancta
2393 1821 2562 1874 sensit
2598 1818 2863 1875 Ecclesia.
2891 1819 3078 1890 Neque
3110 1835 3240 1875 vero
3279 1822 3334 1873 in
3373 1821 3467 1875 illo
3494 1821 3590 1890 ju-

2013 1913 2140 1968 dicii
2175 1912 2262 1967 die
2303 1913 2460 1967 nobis
2497 1913 2762 1981 Origenes
2801 1914 2997 1967 aderit.
3033 1912 3146 1966 Hoc
3187 1914 3331 1967 enim
3374 1929 3591 1984 magno-

2014 2019 2143 2074 pere
2185 2003 2454 2066 demiror,
2501 2004 2648 2072 quod
2691 2005 2939 2057 nonnulli
2977 2005 3250 2057 hominem
3294 2004 3459 2058 istum
3493 2005 3586 2074 qui

2014 2093 2068 2148 in
2116 2092 2404 2146 Dominum
2465 2107 2628 2146 suum
2670 2093 3105 2147 contumeliosus
3157 2101 3264 2157 est,
3311 2094 3589 2149 sustinere

2013 2185 2250 2254 possint.
2287 2182 2517 2254 Legant,
2565 2184 2611 2239 si
2642 2184 2814 2248 lubet,
2855 2182 3107 2254 Origenis
3143 2182 3339 2237 librum
3381 2185 3474 2253 qui
3511 2183 3588 2236 De

2011 2276 2284 2345 principiis
2347 2275 2646 2345 inscriptus
2701 2284 2808 2339 est,
2865 2282 3031 2344 atque
3079 2275 3204 2330 inde
3265 2289 3458 2344 sapere
3504 2275 3588 2329 di-

2012 2375 2194 2430 scant,
2237 2366 2331 2437 qui
2366 2365 2621 2420 Ecclesia:
2656 2364 2940 2418 catholicae
2981 2365 3076 2418 ﬁlii
3125 2380 3251 2419 esse
3290 2364 3583 2426 videntur;

2012 2471 2114 2510 nec
2143 2457 2401 2525 deinceps
2444 2454 2636 2508 Filium
2695 2467 2727 2508 ι
2777 2453 2957 2508 Patris
3001 2454 3289 2508 divinitate
3333 2469 3587 2524 separare

2012 2549 2267 2602 audeant.
2317 2548 2562 2610 Discant,
2597 2547 2841 2616 inquam,
2884 2546 3342 2615 quemadmodum
3391 2546 3588 2618 Oring

2011 2655 2110 2695 nes
2151 2654 2260 2693 non
2303 2640 2571 2694 dubitarit
2598 2654 2848 2694 asserere
2881 2639 3077 2694 Filium
3111 2641 3336 2695 minime
3365 2639 3586 2696 Patrem

2010 2729 2232 2786 intueri.
2273 2729 2364 2784 Sic
2406 2731 2549 2786 enim
2582 2732 2824 2801 loquitur
2857 2751 2870 2786 :
2911 2731 3136 2786 Perinde
3175 2748 3238 2786 ac
3272 2731 3446 2786 Filius
3479 2731 3588 2786 Pa-

2012 2831 2140 2876 trem
2175 2819 2345 2875 ridere
2385 2838 2486 2874 non
2518 2832 2706 2888 potest,
2740 2823 2814 2874 ita
2857 2820 3087 2890 Spiritus
3139 2830 3350 2876 sanctus
3384 2821 3588 2876 Filium

2011 2910 2183 2964 videre
2211 2912 2405 2980 nequit.
2436 2912 2516 2964 Ac
2548 2927 2745 2966 rursus
2780 2912 3005 2981 :Angeli
3045 2909 3306 2970 Spiritum
3345 2921 3589 2966 sanctum

2012 3000 2183 3054 videre
2225 3011 2499 3071 nequeunt,
2555 3012 2610 3054 ut
2649 3011 2698 3056 et
2742 3002 2974 3056 homines
3023 3002 3234 3072 angelos
3267 3001 3439 3057 videre
3483 3020 3589 3059 non

327 3090 654 3144 πιστεύοντα
685 3093 752 3162 τῇ
789 3089 1016 3161 ἀληθείᾳ
1040 3091 1135 3142 καὶ
1170 3092 1237 3160 τῇ
1271 3090 1614 3160 πνευματικῇ
1655 3087 1908 3141 διδασκα-

2013 3097 2250 3155 possunt.
2312 3085 2389 3140 lta
2417 3087 2523 3141 sibi
2561 3087 2664 3156 ipsi
2692 3088 2910 3157 quidem
2937 3095 2990 3143 et
3008 3089 3076 3142 iis
3093 3103 3232 3156 quos
3263 3088 3315 3141 in
3344 3103 3588 3143 errorem

325 3181 434 3252 λίᾳ.
477 3181 690 3234 Παῦσαι
712 3180 915 3245 τοίνυν,
963 3180 1256 3251 Ὧρίγενες,
1287 3181 1381 3233 καλ¹
1419 3177 1782 3243 παύσασθε,οί
1813 3177 1908 3232 τοῦ

341 3273 650 3342 Ὠριγένους
689 3271 949 3344 μαθηταί.
991 3271 1342 3342 Ἀληθεύουσι
1385 3269 1495 3342 γὰρ
1527 3271 1577 3324 oi
1625 3270 1910 3325 ἀπόστολοι

328 3365 425 3418 καὶ
445 3367 494 3418 oi
522 3365 821 3436 προφῆται,
853 3365 1000 3436 ἥπερ
1025 3364 1182 3434 ὑμεῖς
1205 3365 1300 3417 καὶ
1327 3364 1356 3415 6
1387 3362 1541 3434 ὑμῶν
1569 3361 1906 3426 διδάσκαλος.

329 3454 739 3509 Παυσάσθωσαν
767 3455 1165 3530 οἱίΓνωστικοὶ,
1206 3455 1644 3524 καταγνωστικοὶ
1681 3453 1738 3507 δέ
1757 3455 1911 3518 ὄντες

327 3546 420 3598 τὸν
451 3545 673 3618 τρόπον.
727 3531 838 3600 Ka‘t
890 3545 1292 3600 παυσάσθωσαν
1339 3545 1771 3599 Ούαλεντινιανοὶ
1817 3547 1910 3598 καὶ¹

329 3637 624 3706 Μανιχαῖοι
653 3637 748 3689 καὶ
774 3637 1210 3706 Μαρκιωνισταὶ,
1243 3639 1291 3690 oi
1330 3636 1472 3690 κατὰ
1497 3636 1676 3690 πάντα
1706 3636 1913 3689 πεπλα-

329 3727 571 3799 νημένοι.
615 3728 726 3782 Καὶ
764 3727 1166 3781 παυσάσθωσαν
1215 3729 1483 3797 Ἀρειανοὶ
1511 3728 1604 3781 καὶ
1645 3728 1911 3800 Ἀνόμοιοι

329 3819 425 3872 καὶ
454 3817 755 3882 Σαϐέλλιοι,
793 3819 888 3871 καὶ
912 3819 1282 3888 Πνευματῖται
1309 3819 1359 3871 oi
1392 3820 1488 3872 καὶ
1520 3819 1913 3890 Πνευματομά-

329 3925 436 3978 χοι,
476 3910 568 3962 καὶ
595 3911 902 3981 Διμοιρῖται
939 3911 988 3962 οἱ
1030 3910 1274 3979 ἀνοήτως
1310 3909 1402 3964 τὸν
1434 3909 1559 3964 νοῦν
1598 3910 1912 3981 παρεκῦἀλ-

329 4000 533 4063 λοντες.
567 4001 752 4055 Πάντα
775 4001 886 4073 γὰρ
910 4001 1162 4072 ἀληθεύει
1182 4004 1215 4072 ἡ
1243 4001 1366 4055 θεία
1394 4002 1608 4074 Γραφή·
1644 4003 1924 4066 συνέσεως

329 4089 384 4142 δέ
407 4090 568 4161 χρεία
593 4092 711 4145 ἐστὶ⁵
731 4090 824 4146 τοῦ
851 4093 1049 4146 εἰδέναι
1069 4093 1161 4145 τὸν
1181 4092 1336 4156 Θεὸν,
1351 4092 1627 4146 πιστεύειν
1648 4092 1794 4164 αὐτῷ
1819 4095 1914 4146 καὶ

328 4179 442 4240 τοῖς
469 4178 634 4232 αὐτοῦ
670 4179 868 4250 λόγοις,
897 4183 994 4235 καὶ
1017 4181 1086 4235 τὰ
1110 4180 1217 4233 ὑπὸ
1247 4181 1338 4234 τοῦ
1373 4181 1508 4233 Θεοῦ
1544 4180 1916 4252 κεχαρισμένα

330 4266 424 4320 καὶ
448 4267 709 4338 δεδομένα
740 4272 832 4324 καὶ
856 4271 1110 4341 ἐσόμενα,
1140 4273 1235 4324 καὶ
1264 4272 1464 4325 εἰδέναι
1490 4272 1634 4327 κατὰ
1660 4273 1760 4341 τὴν
1785 4271 1916 4325 ύπό-

330 4371 514 4426 σχεσιν
540 4357 644 4429 τὴν
670 4360 780 4413 τῶν
802 4361 1012 4433 νεκρῶν
1036 4361 1332 4415 ἀνάστασιν
1361 4363 1472 4432 (99)
1503 4365 1562 4416 ἐν
1587 4362 1907 4433 τελειότητι.

291 4521 298 4525 ι
330 4419 488 4502 [idea
525 4419 636 4520 γὰρ
677 4419 1184 4522 αἵρεσις-ψεύδεται
1206 4495 1222 4520 ,
1276 4419 1632 4524 μὴιλαιϐοῦσα
1681 4419 1909 4526 Πνεῦμα
1943 4419 1984 4472 D

327 4536 506 4604 ἅγιον,
535 4540 612 4612 (1)
639 4541 783 4596 κατὰ
815 4541 916 4613 τὴν
962 4543 1261 4613 παράδοσιν
1293 4544 1403 4598 τῶν
1440 4545 1703 4618 Πατέρων
1745 4548 1804 4600 ἐν
1839 4551 1908 4620 τῇ

327 4627 462 4698 ἁγίᾳ
491 4628 587 4682 τοῦ
616 4629 750 4684 Θεοῦ
786 4629 1050 4702 καθολικῇ
1094 4632 1411 4704 Ἐκκλησία.

2013 3173 2249 3250 impulit,
2288 3178 2514 3232 illudere
2547 3179 2754 3248 potuit;
2799 3179 3030 3248 sapienti
3059 3193 3188 3232 vero
3218 3194 3280 3232 ac
3308 3178 3452 3232 ﬁdeli
3492 3179 3575 3232 ei-

2011 3287 2118 3342 que
2153 3271 2243 3340 qui
2288 3271 2500 3326 veritati
2544 3287 2610 3325 ac
2659 3271 2891 3341 spiritali
2930 3269 3194 3326 doctrinae
3237 3269 3439 3332 credit,
3477 3285 3588 3325 non

2011 3363 2207 3434 potuit.
2247 3362 2442 3418 Desine
2475 3363 2659 3434 igitur,
2704 3362 2964 3433 Origenes
2995 3373 3048 3418 et
3076 3379 3173 3417 vos
3221 3362 3473 3433 Origenis
3507 3362 3590 3417 di-

2011 3453 2209 3522 scipuli
2241 3470 2254 3506 :
2291 3453 2534 3508 veriores
2581 3452 2781 3522 quippe
2831 3452 2986 3507 vobis
3037 3453 3294 3507 omnibus
3335 3468 3398 3506 ae
3451 3469 3590 3522 pra:-

2011 3552 2232 3615 ceptore
2267 3553 2450 3599 vestro
2489 3545 2720 3613 apostoli
2753 3553 2884 3598 sunt
2917 3553 2970 3598 et
3000 3546 3298 3614 prephetze.
3331 3543 3592 3600 Desinant

2011 3649 2172 3707 porro
2201 3635 2470 3699 Gnostici,
2504 3637 2595 3706 qui
2630 3637 2876 3691 moribus
2903 3653 2961 3692 se
3002 3639 3120 3693 suis
3155 3641 3587 3709 catagnosticos.

2014 3725 2115 3778 hoc
2138 3733 2222 3780 est
2253 3724 2675 3798 condemnandos
2713 3727 2975 3794 praebent.
3008 3726 3308 3783 Facessant
3340 3726 3593 3784 Valenti-

2012 3817 2185 3881 niani,
2253 3815 2557 3883 Manichzei,
2613 3817 3002 3884 Mareionistze,
3069 3821 3162 3890 qui
3217 3820 3270 3874 in
3331 3822 3591 3875 omnibus

2011 3897 2224 3977 decepti
2281 3919 2429 3963 sunt.
2480 3905 2742 3964 Desinant
2805 3910 3016 3975 Ariani,
3075 3911 3347 3974 Anomcei,
3401 3910 3593 3965 Sabel-

2013 3996 2165 4064 liani,
2210 3999 2567 4055 Pneumatitae
2608 4004 2722 4057 sive
2751 4001 3255 4066 Pneumatomachi,
3293 4003 3592 4058 Dimwritae

2012 4091 2102 4159 qui
2134 4092 2332 4146 stolide
2362 4103 2599 4146 mentem
2639 4093 2912 4161 rejieiuut.
2955 4093 3090 4146 Nam
3135 4091 3423 4162 Scriptura
3463 4094 3590 4146 ubi-

2014 4191 2118 4251 que
2165 4198 2293 4237 vera
2338 4196 2423 4238 est
2473 4199 2537 4237 ac
2585 4191 2757 4237 certa.
2809 4182 3088 4252 Sapientia
3138 4199 3269 4238 vero
3322 4184 3376 4237 in
3399 4183 3592 4253 primis

2013 4283 2152 4337 opus
2180 4275 2265 4324 est
2314 4277 2454 4325 utet
2504 4263 2674 4325 Deum
2731 4273 3068 4334 noverimus.
3119 4280 3173 4328 et
3220 4272 3322 4342 ipsi
3359 4274 3590 4342 ejusque

2013 4361 2356 4417 sermonibus
2399 4369 2560 4432 atque
2593 4361 2662 4418 iis
2709 4364 2987 4428 omnibus,
3037 4381 3158 4434 quas
3209 4365 3355 4420 illius
3396 4365 3449 4418 in
3487 4379 3591 4418 nos

2015 4451 2370 4506 benelicentia
2421 4454 2652 4507 contulit
2701 4455 2787 4509 vel
2838 4454 3136 4525 aliquando
3191 4454 3375 4508 futura
3425 4462 3589 4520 sunt,

2015 4542 2175 4597 ﬁdem
2212 4544 2543 4613 habeamus;
2575 4554 2627 4600 et
2663 4555 2723 4600 ut
2751 4547 3048 4617 perfectam
3078 4564 3142 4601 ex
3177 4547 3326 4601 illius
3352 4546 3590 4617 promis-

2017 4635 2171 4690 sione
2200 4646 2544 4691 mortuorum
2579 4639 3040 4694 resurrectionem
3077 4639 3433 4709 intelligentia
3464 4652 3591 4708 per-

326 4717 619 4786 cipiamus.
648 4716 840 4774 Omnis
874 4721 1022 4775 enim
1073 4722 1302 4779 haeresis
1332 4723 1564 4779 mendax
1631 4732 1739 4788 est.
1792 4732 1982 4796 utpote
2019 4745 2141 4799 quae
2189 4727 2454 4800 Spiritum
2503 4738 2755 4786 sanctum
2799 4746 2866 4785 ex
2923 4731 3148 4786 Patrum
3196 4731 3494 4785 traditione
3534 4728 3591 4782 in

327 4817 522 4866 sancta
558 4810 649 4866 Dei
673 4819 728 4867 et
761 4815 1033 4870 catholica
1073 4816 1318 4872 Ecclesia
1357 4833 1469 4873 non
1498 4819 1794 4889 acceperit.

396 4902 514 4959 EA’.
548 4904 660 4958 Καὶ
685 4907 815 4978 περὶ
841 4908 1047 4963 τούτων
1074 4911 1254 4964 αὐτῶν
1291 4909 1448 4976 αὖθις
1481 4911 1644 4966 πάλιν
1673 4913 1906 4983 ἐροῦμεν

437 5061 455 5092 ¹
493 5057 553 5114 F.
586 5061 780 5128 οὕτως.
859 5065 879 5094 ³
909 5062 1180 5129 Joan.xx,
1209 5065 1302 5119 2'1.
1378 5065 1558 5124 'Gen.
1592 5082 1650 5134 ιι,
1677 5065 1768 5121 23.

400 5171 511 5248 (9_8)
542 5172 675 5239 Πῶς
707 5174 1220 5248 οὐκλάπηξίωσεν.
1251 5178 1540 5248 Origenem
1573 5177 1668 5233 Dei
1706 5177 1902 5232 Filium

326 5243 476 5296 Patri
525 5258 634 5296 non
670 5245 956 5312 aequalem,
999 5261 1106 5298 non
1140 5243 1383 5312 eiusdem
1419 5249 1760 5308 substantiae.
1805 5248 1900 5303 sed

331 5313 595 5387 minorem
639 5323 694 5368 et
734 5311 1080 5387 inferiorem;
1129 5311 1231 5387 nec
1275 5318 1530 5387 genitum
1557 5333 1767 5387 revera,
1803 5317 1900 5387 sed

330 5383 624 5453 factum,et
669 5382 971 5453 credidisse
1012 5392 1065 5436 et
1111 5382 1366 5442 docuisse
1415 5385 1636 5440 tradunt
1683 5385 1898 5453 Patres,

325 5453 420 5524 qui
457 5452 631 5524 ipsius
669 5451 955 5506 audaciam
988 5456 1382 5524 retundendan
1420 5471 1731 5524 suscepere.
1767 5451 1904 5510 Tra-

326 5521 464 5574 dunt
496 5521 663 5595 etiam
682 5537 807 5595 non
841 5530 988 5595 recte
1019 5523 1321 5595 credidisse
1355 5525 1423 5580 de
1447 5521 1656 5594 Spiritu
1685 5540 1896 5595 sancto,

325 5599 514 5666 utpote
548 5591 640 5660 qui
681 5592 863 5666 ipsum
911 5592 963 5645 in
1018 5591 1572 5666 ordine,_pot_esta_te,
1614 5591 1903 5666 dignitate,

325 5662 614 5735 tiiajestzite
666 5662 1307 5735 tertiumconstituerit.
1360 5663 1562 5735 Evolve
1619 5662 1908 5735 Epiphanii

324 5727 506 5790 nostri
545 5727 870 5795 Pauarium,
905 5732 1116 5805 inspice
1157 5745 1473 5790 memoratae
1504 5727 1773 5793 lizcres'eos
1803 5753 1909 5791 nu-

2083 4909 2270 4968 LXIV.
2317 4913 2426 4969 Sed
2468 4929 2570 4970 nos
2603 4915 2672 4971 de
2722 4914 2810 4971 bis
2844 4915 3045 4972 iterum
3088 4917 3320 4974 subinde
3345 4933 3446 4990 pro
3487 4932 3593 4973 no-

2009 5180 2227 5253 mer._8.
2257 5179 2535 5253 E_volve_et
2580 5179 3021 5253 Origenianorum
3057 5191 3253 5253 quaest.
3281 5186 3316 5240 2
3341 5188 3464 5243 libri
3491 5207 3552 5247 ιι.

2078 5249 2192 5314 (99)
2245 5251 2366 5320 Tin-
2410 5249 2530 5305 τῶν
2565 5251 2800 5320 νεκρῶν
2836 5249 3200 5309 ἀνάστασιν.
3237 5258 3465 5313 Constat
3495 5269 3591 5315 aut

2007 5321 2279 5374 erravisse
2321 5318 2610 5389 Origenem
2651 5318 2796 5375 circa
2838 5333 3177 5380 Inertuorum
3223 5331 3590 5384 resurrectio-
3624 5337 3628 5339 ’

2007 5400 2132 5467 nem
2157 5431 2169 5450 ,
2197 5399 2289 5467 aut.
2317 5391 2483 5467 dubia
2510 5392 2704 5467 sa_llem_
2730 5401 2782 5446 et
2813 5393 3020 5467 incerta
3049 5397 3116 5450 de
3144 5398 3236 5452 illa
3268 5401 3586 5467 protulisse.

2008 5459 2272 5513 Adeunda
2294 5468 2346 5513 et
2373 5462 2460 5513 hic
2480 5463 2668 5515 eadem
2694 5463 2917 5517 haeresis
2946 5464 3034 5525 64,
3064 5482 3218 5520 ηυιιι.
3247 5459 3333 5522 ιὀ.
3364 5469 3588 5521 Adeun-

2012 5530 2167 5600 daret
2203 5529 2521 5600 Origeniana
2553 5532 2647 5584 lib.
2682 5547 2742 5595 ιι,
2778 5543 2972 5600 quaest.
3008 5534 3060 5589 9.

2089 5599 2164 5670 (Ι)
2184 5598 2499 5672 _Addiscant
2523 5601 2676 5672 iiliuc
2702 5617 2766 5656 ex
2793 5598 3094 5672 Epiphanio
3118 5605 3210 5672 qui
3239 5603 3457 5658 Christo
3489 5618 3587 5657 no-

2017 5668 2140 5748 men
2167 5668 2392 5748 dedere,
2428 5670 2589 5735 nude,
2625 5687 2690 5725 ex
2718 5668 3018 5740 quo—fonte,
3047 5668 3332 5744 tetigimus
3358 5675 3587 5747 dogma-

2017 5745 2074 5792 ta
2103 5745 2354 5807 accipere
2381 5755 2483 5796 nos
2519 5749 2786 5808 oporteat.
