4018 6210
448 280 541 339 131

1889 274 1946 330 S.
1989 274 2227 332 EPII‘HA
2236 276 2325 332 NII

3590 277 3690 335 I32

445 413 559 459 ειη
594 401 859 458 tenuitate
881 400 1304 473 disputabimus,
1335 411 1400 451 ac
1424 412 1549 451 cum
1585 396 1743 451 nobis
1778 396 1909 449 illud
1943 397 2008 452 sit

2119 397 2262 452 κατὰ
2294 399 2354 452 τὸ
2383 397 2650 469 ἡμέτερον
2689 361 2931 462 ἀσθενὲς.
2969 398 3120 465 ,Ἀλλ’
3154 392 3383 450 ἐκπϐεοῦ
3422 392 3687 459 καταξιω-

446 507 478 545 a
510 490 619 546 Deo
643 492 934 555 tributum,
966 499 1023 544 ut
1052 492 1106 545 in
1142 497 1346 545 sant-tte
1373 496 1427 542 et
1459 488 1742 542 catholica:
1784 487 1876 541 Dei
1907 487 2011 541 Ec-

443 580 629 635 clesiae
665 580 861 650 abiecti
896 581 1021 634 licet
1061 588 1223 649 atque
1255 579 1490 633 humiles
1530 578 1785 632 ﬁrmitate
1827 578 2013 632 consi-

446 677 741 731 steremus,
770 670 878 740 67
912 669 1227 740 singillatim
1278 669 1346 722 iis
1396 669 1579 722 omnia
1624 682 2007 737 pmponemus,

448 761 541 828 qui
575 760 769 814 salutis
797 775 908 814 suae
936 774 1125 813 curam
1162 774 1452 828 capessere
1481 757 1769 811 voluerint.
1806 756 1869 809 Et
1891 757 2013 826 qui-

446 851 566 902 dem
601 852 844 905 suﬂicere
884 851 974 903 illa
1016 859 1286 920 poterant,
1327 863 1447 918 qua:
1481 847 1547 902 de
1574 846 1757 907 Patre,
1792 846 1930 902 Filio
1958 856 2013 902 et

446 936 648 1007 Spiritu
707 948 899 994 sancto
948 940 1231 1006 hucusque
1279 938 1658 991 disseruimus.
1695 934 1799 988 Sed
1836 942 2011 988 ntea-

441 1026 564 1079 dem
605 1027 696 1080 illa
727 1028 791 1081 ad
826 1027 1132 1080 uberiorem
1178 1026 1415 1078 fidelium
1452 1025 1757 1077 cautionem
1785 1030 1839 1077 et
1863 1024 2011 1077 salu-

441 1125 550 1173 tem
585 1118 1095 1186 institutionemque
1146 1116 1428 1170 declarare
1470 1115 1809 1176 studeamus,
1842 1113 2011 1166 colle-

443 1210 555 1265 ctis
601 1208 841 1279 undique
877 1208 1177 1277 Scriptura:
1207 1206 1556 1272 testimoniis,
1590 1220 1699 1275 quo
1736 1205 2004 1267 ﬁdelibus,

441 1301 520 1356 uti
571 1300 717 1363 dixi,
776 1299 1071 1354 lectoribus
1128 1300 1452 1352 instructius
1512 1296 1676 1351 veluti
1731 1295 2007 1365 quoddam

441 1392 751 1447 convivium
787 1390 1223 1460 hilaritatemque
1254 1389 1612 1459 praebeamus,
1666 1388 1862 1442 iterum
1907 1386 2010 1440 hoc

440 1485 564 1540 loco
621 1485 818 1538 docere
874 1498 979 1536 non
1017 1483 1387 1553 gravabimur,
1451 1496 1614 1549 quam
1672 1478 1889 1534 stabilis
1945 1492 2010 1532 ac

439 1585 592 1631 certa
630 1590 754 1644 spes
793 1582 982 1629 nostra
1030 1574 1101 1628 sit
1147 1588 1309 1643 quam
1342 1573 1397 1626 in
1448 1572 1556 1633 Deo
1600 1572 2006 1626 constituimus.

440 1665 710 1720 Nimirum
737 1666 872 1719 nihil
907 1665 961 1718 in
992 1664 1176 1730 Patre,
1208 1663 1346 1718 Filio
1377 1679 1440 1718 ac
1471 1663 1678 1734 Spiritu
1707 1669 1901 1718 sancto
1926 1661 2009 1714 di-

2116 489 2300 553 θέντες
2319 489 2419 559 τῆς
2448 488 2611 557 ἁγίας
2637 488 2730 541 τοῦ
2756 488 2890 541 Θεοῦ
2927 488 3219 557 καθολικῆς
3261 486 3609 554 Ἐκκλησίας,
3634 491 3690 543 οἱ

2112 580 2381 648 ἐλάχιστοι
2409 579 2502 633 καὶ
2524 579 2772 633 ταπεινοὶ
2793 577 2936 648 ἔχειν
2956 578 3052 630 καὶ
3077 577 3279 647 ταύτης
3300 575 3361 628 τὸ
3381 575 3685 645 ἑδραίωμα,

2111 673 2253 722 κατὰ
2268 670 2327 722 τὸ
2341 670 2563 724 δυνατὸν
2582 669 2681 739 τῆς
2698 672 2735 739 ἡ
2745 669 2860 738 μῶν
2887 668 2916 738 β
2922 668 3247 740 ραχὺτητος,
3276 664 3689 736 παρα-τιθέμεθα

2110 759 2220 812 ἀπὸ
2260 760 2460 831 μέρους
2493 761 2622 829 περὶ
2650 760 2866 813 πάντων
2898 761 3011 822 τοῖς
3042 758 3383 829 βουλομένοις
3419 756 3518 826 τῆς
3560 756 3689 808 ἐαυ-

2109 848 2219 902 τῶν
2242 839 2395 918 ’ζωῆς
2438 848 2840 919 ἐπιμελεῖσθαι.
2874 850 3003 918 ,Καὶ
3033 849 3191 919 ἤρκει
3237 847 3334 917 μὲν
3386 846 3583 909 ἱκανῶς
3616 846 3691 899 τὰ

2112 943 2240 1013 περὶ
2285 941 2496 1013 [ἰατρὸς
2535 942 2629 994 καὶ
2663 940 2794 994 Υίοῦ
2824 941 2917 993 καὶ
2941 941 3097 1009 ἁγίου
3127 940 3439 1010 Πνεὺματος
3463 938 3691 1011 εἰρημέ-

2112 1049 2196 1084 να⁹
2225 1033 2311 1084 ἴνα
2325 1031 2383 1083 δὲ
2404 1031 2787 1103 περισσότερον
2810 1032 2890 1094 είς
2918 1031 3216 1102 εὑιρραξὶαν
3239 1033 3259 1062 ⁸
3280 1031 3372 1083 καὶ
3396 1028 3688 1100 περιποίηρ

2113 1140 2195 1177 σιν
2239 1123 2334 1177 καὶ
2379 1124 2749 1194 πληροφορίαν
2792 1123 2899 1177 τῶν
2946 1124 3150 1178 πιστῶν
3191 1123 3482 1193 σαφηνίσαι
3519 1138 3688 1174 σπου-

2110 1212 2378 1283 δάσωμεν,
2432 1212 2767 1282 πανταχόθεν
2799 1213 3119 1282 συνάγοντες
3150 1213 3248 1282 τῆς
3286 1212 3434 1274 θείας
3462 1212 3687 1282 Γραφῆς

2109 1304 2209 1367 τὰς
2245 1304 2546 1375 μαρτυρίας
2594 1308 2674 1368 εἰς
2718 1290 2917 1370 πλάτος
2961 1304 3194 1374 εὐωχίας
3237 1305 3330 1356 καὶ
3368 1304 3686 1371 ἁγαλλίασιν

2110 1396 2221 1456 τοῖς
2268 1394 2651 1463 ἐντυγχάνουσι
2698 1397 2925 1458 πιστοῖς,
2989 1393 3149 1446 πάλιν
3195 1393 3295 1445 οὑκ
3350 1393 3688 1462 ὀκνήσαιμεν

2111 1484 2405 1550 ὑποδεῖξαι,
2439 1486 2514 1545 ὡς
2544 1485 2762 1555 ἀσφαλῆ
2802 1487 2894 1538 καὶ
2930 1483 3150 1555 βεϐαίαν
3192 1485 3248 1535 ἐν
3285 1481 3402 1551 Θεῷ
3424 1482 3521 1552 τὴν
3545 1485 3685 1552 ἠμε-

2110 1575 2272 1646 τέραν
2318 1575 2528 1640 ἐλπίδα,
2575 1577 2657 1629 ὅτι
2698 1576 2849 1628 οὐδὲν
2885 1574 3262 1646 παρήλλακται
3297 1576 3353 1626 ἐν
3384 1576 3558 1643 Πατρὶ
3591 1573 3687 1624 καὶ

2111 1664 2226 1736 Υίῷ
2257 1667 2348 1719 καλ⁸
2382 1666 2520 1735 ἁγίῳ
2557 1666 2855 1737 Πνεύματι,
2886 1665 3001 1719 ἀλλ’
3034 1648 3348 1735 ὁμόστοιχος
3375 1664 3468 1716 καὶ
3491 1661 3689 1732 ὁμοσύ-

437 1772 656 1813 versum
685 1771 749 1810 ac
783 1756 1107 1825 discrepans
1135 1771 1282 1818 esse,
1319 1755 1410 1809 sed
1438 1753 1688 1808 eumdem
1719 1767 1840 1807 esse
1878 1764 2006 1804 san-

2111 1757 2222 1821 σιός
2266 1758 2411 1809 ἐστιν
2452 1759 2485 1826 ἡ
2538 1757 2671 1826 ἁγία
2716 1757 2906 1829 Τριάς.
2948 1757 3061 1809 Οὑκ
3091 1754 3382 1824 ἀλλαχόθεν
3411 1753 3468 1806 δέ
3498 1752 3685 1814 ποθεν,

448 1855 552 1903 ctu:
578 1846 863 1903 Trinitatis
885 1847 1133 1902 ordinem
1162 1861 1226 1900 ac
1256 1845 1643 1900 substantiam.
1669 1841 1854 1911 Neque
1879 1856 2010 1896 vero

435 1936 659 1992 aliunde
702 1944 794 1989 aut
827 1953 892 1990 ex
930 1937 1142 2007 privato
1192 1950 1360 1989 sensu
1394 1933 1589 1988 docere
1624 1931 1772 1987 istud
1819 1945 2010 2001 aggre-

434 2026 640 2090 dimur,
676 2027 771 2081 sed
820 2041 884 2080 es
925 2025 1036 2079 vita
1081 2031 1298 2085 nostra,
1331 2022 1716 2092 prophetarum
1760 2020 2013 2075 videlicet

433 2118 699 2182 oraculis,
726 2125 888 2186 atque
928 2126 995 2168 ex
1028 2114 1202 2167 nostri
1246 2111 1545 2166 Salvatoris
1574 2111 1813 2164 adventu
1847 2109 2010 2164 simul

436 2215 604 2277 atque
634 2206 894 2260 bonitate.
935 2201 1098 2257 Venit
1126 2203 1325 2271 quippe
1345 2203 1452 2254 vita
1483 2210 1693 2262 nostra,
1738 2199 1905 2262 venit,
1941 2214 2007 2252 ac

438 2298 600 2352 nobis
647 2298 841 2350 iterum
874 2309 1015 2363 quos
1050 2285 1299 2347 errantes
1341 2306 1637 2361 repererat,
1671 2291 1868 2344 illuxit.
1907 2289 2003 2343 Et-

434 2391 579 2446 enim
608 2401 799 2442 omnes
832 2386 888 2440 in
923 2383 1198 2454 superbia,
1231 2398 1296 2437 ac
1330 2382 1706 2452 blasphemiis,
1741 2395 1794 2435 et
1826 2381 2006 2435 idolo-

438 2497 556 2535 rum
604 2478 938 2541 simulacris,
982 2491 1045 2530 ac
1077 2475 1386 2529 dmmonum
1423 2473 1715 2527 contrariis
1746 2471 1854 2526 Deo
1894 2471 2010 2525 cul-

437 2573 606 2632 tibus.
644 2570 859 2633 ritibus,
904 2582 967 2621 ac
1001 2566 1266 2621 malorum
1299 2566 1533 2635 denique
1567 2563 1807 2616 omnium
1839 2562 2010 2616 servi—

435 2670 553 2717 tute
581 2661 806 2714 volutati
836 2657 1179 2728 demersique
1213 2656 1553 2726 jacebamus.
1590 2652 1801 2719 Quibus
1833 2653 2011 2705 omni-

436 2754 541 2810 bus
579 2767 703 2807 cum
755 2759 950 2821 praeter
1004 2748 1335 2803 voluntatem
1393 2745 1637 2814 impliciti
1694 2753 2003 2797 teneremur

437 2847 591 2914 (non.
613 2842 759 2896 enim
802 2843 947 2911 quod
976 2839 1188 2905 vellem,
1224 2836 1524 2901 faciebam;
1556 2834 1650 2890 sed
1685 2835 1829 2904 quod
1879 2834 2010 2888 ode-

435 2949 553 2990 ram
595 2933 660 2988 ad
694 2929 1001 2987 faciendum
1057 2927 1290 2998 urgebar
1314 2927 1355 2991 ί,
1382 2941 1505 2981 cum
1539 2924 1627 2978 hic
1666 2923 1797 2976 mihi
1835 2930 2012 2976 status

2106 1848 2227 1902 οὑδὲ
2255 1849 2363 1902 ἀπὸ
2398 1848 2544 1900 ἰδίων
2573 1848 2949 1919 διανοημάτων
2979 1846 3280 1917 ποιούμεθα
3305 1845 3402 1916 τὴν
3431 1843 3689 1897 διδασκα-

2107 1937 2227 1992 λίαν
2253 1979 2267 2001 ,
2313 1938 2426 1990 ἀλλ’
2470 1937 2578 1991 ἀπὸ
2623 1939 2722 2009 τῆς
2771 1937 3045 2009 ἡμετέρας
3084 1936 3260 2006 ζωῆς,
3310 1936 3585 1988 τουτέστιν
3622 1938 3688 1988 ἐκ

2109 2027 2425 2099 προφητῶν,
2452 2028 2664 2098 καὶτῆς
2693 2027 2784 2081 τοῦ
2811 2028 3061 2098 Σωτῆρος
3084 2025 3239 2096 ἡμῶν
3273 2024 3571 2095 παρουσίας
3593 2025 3687 2079 καὶ

2108 2118 2210 2188 τῆς
2253 2116 2416 2170 αὑτοῦ
2459 2117 2884 2188 φιλανθρωπίας.
2928 2112 3096 2168 Ἶὶλθε
3138 2116 3267 2184 γὰρ.
3292 2110 3473 2192 ἦλθεν
3502 2117 3535 2184 ἡ
3569 2114 3685 2183 ζωὴ

2119 2207 2299 2279 ἡμῶν,
2328 2210 2422 2260 καὶ
2449 2207 2510 2259 τὸ
2535 2207 2650 2277 φῶς
2689 2203 2843 2269 αὖθις
2869 2207 2999 2276 ἡμῖν
3037 2204 3309 2269 ἐπέδειξεν
3337 2202 3511 2274 εὑρὼν
3540 2205 3688 2274 ἡμᾶς

2111 2297 2584 2367 πεπλανημένους.
2608 2293 2787 2368 Ἶ-Ιμεν
2816 2296 2944 2367 γὰρ,
2968 2292 3110 2368 ἦμεν
3138 2297 3196 2349 ἐν
3226 2294 3571 2365 ὑπερηφανίᾳ
3593 2296 3690 2347 καὶ

2120 2387 2514 2458 βλασφημίαις,
2539 2387 2767 2440 εἰδώλων
2786 2385 3099 2457 ὁμοιώσεσι,
3115 2385 3438 2455 πνευμάτων
3457 2383 3686 2448 ἁθεϊαις,

2109 2476 2294 2532 κακῶν
2344 2476 2562 2530 πάντων
2616 2479 2903 2545 ἐπιταγαῖς
2967 2474 3411 2546 βεῦαπτισμένοι.
3470 2471 3689 2525 Τούτων

2109 2569 2289 2623 τοίνυν
2333 2569 2639 2642 προσόντων
2677 2570 2808 2641 ἡμῖν
2834 2567 3096 2630 ἀκουσίως
3159 2567 3256 2636 (οὑ
3290 2564 3399 2636 γάρ
3428 2563 3456 2616 ὂ
3488 2562 3683 2634 ἤθελον

2107 2658 2393 2730 ἔπραττον,
2419 2659 2533 2712 ἀλλ’
2561 2658 2591 2713 ὃ
2613 2658 2835 2729 ἐμίσουν
2859 2656 3167 2728 ἠπειγόμην
3183 2658 3378 2719 ποιεῖν,
3407 2653 3686 2724 άμαρτῖας

2109 2746 2465 2819 διακονούσης
2495 2765 2584 2818 μοι
2607 2746 2823 2814 οὑτως),
2851 2746 2880 2797 ὁ
2915 2745 3067 2814 ἅγιος
3102 2746 3290 2817 Πατὴρ
3316 2745 3410 2799 τὸν
3443 2744 3567 2797 Υίὸν
3591 2743 3691 2796 αὑιι

2110 2833 2205 2888 τοῦ
2235 2836 2326 2888 τὸν
2350 2834 2504 2904 ἅγιον
2533 2834 2840 2900 ἀπέστειλε,
2870 2835 2962 2888 καί
2988 2836 3044 2887 ὲν
3069 2833 3147 2904 τῷ
3167 2834 3328 2888 αὑτοῦ
3352 2834 3491 2888 ἐλέει
3514 2832 3691 2886 ἰσωσᾶ

2119 2943 2207 2996 με,
2239 2926 2335 2979 καὶ
2364 2929 2430 2980 ὲκ
2461 2928 2645 2993 πασῶν
2679 2927 2787 2979 τῶν
2813 2925 3121 2998 διαφθορῶν
3157 2943 3259 2997 μου
3293 2926 3560 2998 ἐρρύσατο
3595 2940 3688 2994 με.

436 3038 467 3078 a
498 3031 720 3094 peccato
749 3015 1297 3085 subministrantur),
1325 3021 1551 3068 sanctus
1597 3010 1759 3065 Pater
1816 3016 2065 3065 sanctum
2098 3011 2296 3067 Filium
2329 3029 2489 3070 suum
2514 3015 2792 3085 'allcgaus,
2824 3015 2986 3084 hujus
3019 3030 3106 3070 me
3166 3016 3539 3071 misericordia
3571 3029 3692 3070 sero

433 3112 602 3175 vavit,
634 3120 797 3179 atque
829 3123 896 3162 ex
926 3107 1073 3160 omni
1105 3103 1416 3173 corruptela
1456 3114 1576 3154 mea
1612 3114 1698 3154 me
1730 3099 2009 3154 liberavit.

506 3221 666 3278 LXV.
686 3219 942 3291 Apparuit
958 3216 1102 3272 enim
1115 3216 1290 3286 gratia
1309 3212 1521 3266 Domini
1535 3212 1702 3265 nostri
1715 3208 1844 3264 Iesu
1861 3208 2008 3266 Chri-

2178 3210 2297 3265 EE’.
2328 3211 2630 3280 Ἐπεφάνη
2659 3210 2734 3283 (2)
2760 3212 2867 3283 γὰρ
2891 3214 2929 3281 ἡ
2958 3213 3259 3283 χάριςτοῦ
3280 3216 3501 3284 Κυρίου
3523 3217 3694 3287 ἡμῶν

436 3316 530 3378 sti,
552 3312 792 3368 erudiens
810 3327 903 3363 nos
920 3318 975 3361 ut
992 3309 1303 3376 abnegantes
1319 3305 1638 3373 impietatem
1653 3312 1703 3357 et
1722 3301 2009 3357 sweularia

435 3403 715 3466 desideria,
749 3399 937 3462 sobrie,
971 3398 1051 3465 pie
1078 3405 1125 3449 et
1150 3395 1296 3465 juste
1323 3394 1552 3448 vivamus
1575 3392 1628 3446 in
1662 3392 1756 3446 hoc
1787 3391 2003 3456 steculo,

434 3500 789 3562 exspectantes
814 3489 1022 3542 beatam
1061 3503 1204 3557 spem
1233 3494 1284 3540 et
1315 3485 1592 3539 adventum
1622 3483 1807 3553 gloria:
1830 3484 2008 3553 magni

439 3585 539 3640 Dci
584 3594 630 3637 et
667 3580 960 3636 Salvatoris
1011 3579 1178 3632 nostri
1224 3574 1354 3630 Jesu
1393 3574 1613 3637 Christi,
1666 3577 1756 3646 qui
1785 3575 2009 3630 tradidit

438 3675 667 3741 seipsum
696 3686 789 3739 pro
819 3669 989 3731 nobis,
1031 3677 1086 3721 ut
1117 3667 1388 3721 redimeret
1418 3683 1513 3720 nos
1546 3664 1613 3719 ab
1637 3667 1782 3720 omni
1813 3666 2010 3737 iniqui-

439 3771 566 3824 tate,
602 3772 649 3816 et
686 3768 933 3831 purgaret
973 3760 1073 3813 sibi
1111 3759 1215 3826 ipsi
1256 3757 1506 3827 populum
1544 3758 1884 3828 peculiarem,
1925 3773 2011 3812 se-

434 3861 688 3907 ctatorem
717 3852 971 3903 bonorum
1020 3862 1235 3916 operum
1258 3848 1299 3911 ⁸,
1329 3846 1497 3900 deleto
1540 3861 1632 3915 per
1658 3845 1869 3900 decreta
1910 3862 2009 3900 sua

434 3941 781 4014 chirographo
807 3939 945 4012 quod
975 3951 1159 3993 contra
1193 3955 1287 3993 nos
1323 3946 1459 4001 erat,
1487 3955 1552 3992 ac
1581 3937 1730 3992 nobis
1763 3938 2011 3993 adversa-

436 4036 594 4090 batur
618 4050 636 4088 :
659 4033 798 4105 quod
823 4048 851 4086 e
876 4030 1043 4085 nwdio
1073 4029 1343 4085 sublatum
1365 4029 1529 4099 afﬁxit
1566 4029 1733 4096 cruci,
1762 4045 1825 4082 ac
1853 4029 2007 4097 prin-

431 4134 638 4200 cipatus
689 4135 739 4181 et
790 4134 1070 4194 potestates
1121 4123 1358 4192 spolians
1416 4120 1658 4175 traduxit
1710 4120 2004 4186 audacter,

433 4219 764 4287 triumphans
797 4216 918 4271 illos
947 4216 1000 4269 in
1033 4214 1307 4284 semetipso
1327 4212 1369 4278 ³,
1413 4225 1463 4268 et
1507 4228 1627 4267 cum
1659 4228 1832 4267 teneas
1866 4211 2006 4282 fores

431 4309 781 4368 contrivisset,
817 4322 880 4359 ac
910 4315 1074 4359 vectes
1103 4304 1300 4372 ferreos
1342 4302 1706 4373 confregisset,
1739 4301 1852 4371 68
1884 4293 2033 4355 vitaa'

432 4398 784 4472 postmodum
816 4396 1002 4449 lumen
1052 4392 1315 4458 ostendit,
1370 4406 1566 4445 manus
1596 4390 1903 4460 porrigens,
1943 4402 2009 4443 ac

434 4493 574 4548 viam
616 4488 889 4547 muniens,
939 4493 992 4539 et
1022 4483 1088 4536 ad
1121 4484 1322 4537 coelum
1360 4480 1838 4536 conscendendum
1886 4495 2011 4534 sca-

2117 3301 2215 3355 καὶ
2240 3302 2534 3371 Σωτῆρος,
2566 3302 2944 3358 διδάσκουσα
2963 3305 3120 3373 ἡμᾶς
3155 3306 3257 3359 ἵνα
3287 3305 3690 3378 ἀρνησάμενοι

2116 3389 2230 3461 τὴν
2254 3394 2536 3447 ἀσέϐειαν
2553 3393 2774 3460 καὶτὰς
2798 3396 3091 3464 aea-gmw;
3103 3397 3436 3466 ἐπιθυμίας,
3460 3401 3691 3468 σωφρόιι

2112 3499 2231 3550 νως
2281 3486 2380 3538 καὶ
2431 3485 2692 3552 εὐσεϐῶς
2744 3486 3012 3555 ζῆσωμεν
3063 3489 3134 3542 ἐν
3183 3490 3262 3555 τῷ
3309 3490 3428 3544 νῦν
3474 3491 3639 3547 αίῶνι
3671 3526 3688 3556 ς

2113 3575 2586 3646 προσδεχόμενοι
2618 3577 2734 3645 τὴν
2751 3579 3056 3647 μακαρίαν
3088 3579 3307 3635 ἐλπίδα
3342 3581 3441 3636 καί
3476 3583 3689 3652 ἐπιφά-

2111 3683 2282 3721 νειαν
2317 3666 2424 3735 τῆς
2460 3666 2645 3734 δόξης
2670 3667 2775 3721 τοῦ
2797 3666 3066 3738 μεγάλου
3102 3669 3251 3723 Θεοῦ
3284 3671 3386 3725 καὶ
3418 3671 3691 3740 Σωτῆρος

2110 3757 2277 3826 ἡμῶν
2339 3758 2548 3824 Ἰησοῦ
2594 3757 2871 3825 Χριστοῦ
2917 3758 2986 3825 ὃς
3030 3758 3254 3813 ἔδωκεν
3292 3760 3511 3815 ἑαυτὸν
3538 3762 3692 3830 ὑπὲρ

2113 3848 2303 3918 ἡμῶν,
2335 3849 2437 3902 ἵνα
2457 3848 2835 3916 λυτρώσηται
2866 3849 3024 3918 ἡμᾶς
3047 3850 3162 3905 ἀπὸ
3194 3849 3398 3919 πάσης
3419 3853 3687 3922 ἀνομίας,

2112 3938 2211 3992 καὶ
2245 3937 2538 4005 καθαρίσῃ
2591 3935 2783 4002 ἐαυτῷ
2837 3936 2994 3993 λαὸν
3039 3940 3385 4007 περιούσιον
3423 3939 3691 4008 ζηλωτὴν

2113 4029 2317 4085 καλῶν
2347 4020 2555 4100 ἔργων,
2589 4030 2919 4098 ἐξαλείψας
2946 4031 3013 4084 τὸ
3042 4034 3172 4087 καθ’
3197 4031 3367 4101 ἡμῶν
3390 4034 3688 4103 χειρόγρα-

2112 4138 2231 4192 φον
2257 4120 2381 4187 τοῖς
2410 4114 2723 4189 δόγμασιν,
2762 4119 2793 4173 ὃ
2821 4117 2901 4190 ἦν
2933 4122 3297 4175 ὑπεναντίον
3327 4120 3691 4191 ήμῶν,’ἁρης

2111 4211 2182 4265 ἐκ
2209 4209 2427 4279 μέσου.
2465 4211 2562 4263 καὶ
2596 4210 3039 4279 προσηλώσαςτ
3097 4211 3176 4278 τῷ
3214 4212 3472 4281 σταυρῷ,
3510 4211 3693 4266 ἀπεκι-

2112 4300 2454 4370 δυσάμενος
2498 4301 2604 4367 τὰς
2648 4302 2835 4370 ἀρχὰς
2881 4302 2980 4356 καὶ
3026 4304 3135 4368 τὰς
3164 4302 3484 4368 ἐξουσίας,
3543 4319 3691 4373 παρ-

2111 4390 2520 4459 εδειγμάτισεν
2542 4391 2611 4444 ἐν
2642 4393 2970 4460 παρρησίᾳ,
2994 4394 3390 4463 θριαμϐεύσας
3410 4394 3596 4459 αὐτὰς
3622 4394 3694 4446 ἐν

2112 4482 2295 4547 αὑτῷ,
2316 4483 2516 4548 πύλας
2544 4483 2776 4550 χαλκᾶς
2802 4486 3162 4554 συντρίψας,
3190 4485 3289 4538 καὶ
3308 4485 3579 4554 μοχλοὺς
3600 4498 3693 4538 σι-

433 4577 517 4631 las
559 4574 876 4635 ostendens,
929 4586 993 4624 ac
1044 4568 1359 4640 paradisum
1410 4569 1649 4638 denique
1696 4583 1892 4622 rursus
1939 4567 2008 4621 ad

2111 4571 2330 4639 δηροῦς
2381 4572 2757 4640 συνθλάσας,
2814 4574 2871 4628 τὸ
2920 4575 3035 4643 φῶς
3089 4570 3246 4637 αὖθις
3290 4574 3534 4640 ὑπέδειξε
3588 4575 3689 4643 τῆς

434 4665 793 4721 habitandum
815 4662 838 4695 ⁸
871 4661 1124 4716 offerens.
1160 4659 1262 4714 Hic
1306 4659 1473 4730 igitur
1511 4657 1781 4712 habitavit
1819 4658 1874 4711 in
1910 4672 2009 4711 no-

433 4758 517 4811 bis
536 4756 580 4820 ',
615 4769 681 4809 ac
714 4752 849 4824 legis
885 4751 1124 4823 Spiritus
1154 4750 1330 4805 sancti
1354 4747 1807 4819 justiticationem
1840 4748 2002 4804 nobis

430 4857 516 4903 est
552 4846 800 4916 largitus,
843 4851 904 4898 ut
939 4852 1048 4897 tam
1077 4843 1255 4911 ipsum
1291 4855 1455 4910 quam
1490 4855 1613 4909 qua:
1667 4850 1796 4894 sunt
1833 4841 2007 4910 ipsius

432 4937 652 5008 prepria
693 4949 1093 5006 cognoscamus
1124 4951 1137 4986 :
1169 4932 1314 5002 quod
1356 4931 1477 4985 vitae
1513 4931 1726 4985 initium
1779 4946 1843 4985 ac
1882 4932 2006 4987 linis

432 5036 537 5085 est.
567 5027 708 5099 Ergo
736 5026 965 5099 iustitiae
997 5023 1156 5079 nobis
1199 5037 1463 5078 concessa
1503 5022 1589 5078 lex
1612 5031 1725 5090 est;
1764 5023 1870 5090 lex,
1915 5023 2006 5079 in-

508 5254 525 5287 ⁸
555 5251 712 5309 Rom.
736 5268 834 5314 vn,
876 5251 964 5306 15.
1038 5251 1059 5282 ¹
1097 5248 1206 5305 Tit.
1237 5264 1296 5313 tt,
1338 5248 1528 5305 H-M.

432 5324 575 5379 σίαν.

502 5501 580 5571 (9.)
621 5499 831 5571 "arcet
866 5499 1152 5571 sequentia
1184 5516 1359 5570 usque
1387 5499 1456 5554 ad
1485 5506 1776 5555 exeuntem
1806 5515 2003 5571 nume-

431 5568 671 5632 rnm‘iS,
687 5570 854 5640 habes
880 5568 1033 5640 et’in_
1045 5568 1284 5624 Panario
1304 5576 1429 5640 post
1441 5583 1740 5640 numerum
1764 5568 2001 5640 primum

429 5641 629 5697 haeres.
656 5639 743 5707 74,
771 5654 893 5713 quae
907 5649 992 5697 est
1005 5636 1658 5702 Pneumato‘machorum,
1677 5636 1792 5693 sive
1805 5637 2002 5710 dogma

667 5268 712 5308 rt.
736 5268 834 5314 vn,
876 5251 964 5306 15.
1038 5251 1059 5282 ¹
1097 5250 1206 5305 Tit.
1237 5264 1296 5313 tt,
1338 5250 1528 5305 H-M.
1637 5250 1659 5283 ³
1696 5250 1814 5307 Col.
1849 5268 1909 5312 tt,
1943 5250 2008 5306 14

667 5322 688 5350 ⁷
716 5322 777 5377 In
808 5321 1000 5376 haeresi
1026 5319 1096 5375 6t.
1120 5319 1314 5392 legitur
1338 5314 1511 5391 ἦρκεν
1530 5322 1595 5374 ἐκ
1625 5320 1813 5393 μέσου,
1837 5337 2008 5391 προση

2111 5253 2156 5306 5.
2263 5251 2287 5283 ⁸
2317 5250 2466 5308 Psal.
2506 5268 2614 5319 cvi,
2646 5254 2732 5310 t6.
2841 5254 3046 5313 'Joan.
3087 5257 3234 5323 1,14.
3346 5258 3367 5289 ⁸

2141 5321 2164 5353 ⁸
2192 5320 2323 5376 Cor.
2353 5338 2422 5378 ex
2450 5323 2645 5380 haeresi
2674 5325 2741 5380 64
2764 5326 3076 5398 ὑποϐάθραν
3108 5326 3376 5399 οὐρανῶν.

2118 4662 2284 4734 ζωῆς,
2322 4666 2512 4736 χεῖρας
2567 4665 2797 4736 ὀρέγων,
2832 4665 3087 4718 ὁδοποιῶν
3133 4665 3480 4736 ὑποϐάθρας,
3521 4664 3692 4734 obpa-

2112 4753 2237 4807 νὸν³
2265 4755 2605 4820 ὑποδεικνὺς,
2637 4757 2961 4826 παράδεισον
2987 4752 3141 4820 αὖθις
3158 4758 3326 4809 οἰκεῖν
3357 4754 3684 4822 ἀξιῶν.Τοί-

2113 4863 2207 4899 νυν
2237 4846 2555 4917 κατῴκησεν
2583 4850 2640 4899 ὲν
2671 4849 2822 4918 ἡμῖν,
2865 4848 2961 4900 καὶ
2996 4848 3056 4899 τὸ
3088 4847 3365 4918 δικαίωμα
3388 4846 3481 4899 τοῦ
3512 4845 3679 4915 νόμον

2111 4937 2234 5000 δοὺς
2271 4938 2402 5007 ἡμῖν
2429 4937 2522 4990 τοῦ
2568 4937 2906 5007 Πνεὺματος,
2951 4940 3032 5001 εἰς
3070 4938 3131 4990 τὸ
3172 4938 3374 5006 γνῶναι
3420 4936 3580 4992 αὑτὸν
3610 4935 3681 4990 τὰ

2111 5029 2242 5098 περὶ
2267 5027 2454 5082 αὑτοῦ⁹
2488 5030 2516 5082 ὅ
2540 5031 2689 5082 ἐστιν
2716 5028 2861 5100 ἀρχὴ
2894 5030 2989 5083 καὶ
3028 5030 3181 5095 τέλος
3223 5030 3385 5102 ζωῆς*
3419 5029 3581 5102 νόμος
3603 5022 3686 5082 δι-

2263 5251 2287 5283 ⁸
2317 5250 2466 5328 Psal.
2506 5254 2734 5328 evnit}.
2774 5326 2783 5328 _
2841 5254 3046 5328 “Joan.
3087 5257 3234 5323 1,14.
3304 5326 3311 5328 ς
3346 5255 3455 5313 ‘F.
3483 5256 3690 5328 εὑφραο

2109 5501 2489 5589 impotentium
2526 5506 2608 5589 de-
2635 5505 2847 5589 Spiritu
2883 5520 3121 5589 sancth
3147 5509 3224 5565 De
3251 5510 3357 5565 hac
3386 5507 3582 5589 literqsi
3606 5505 3691 5589 vi:

2109 5569 2321 5627 dendus
2360 5589 2473 5643 prae
2514 5569 2730 5633 caeteris
2760 5578 3019 5638 Socrates
3064 5583 3160 5639 lib.
3202 5596 3263 5649 tt,
3303 5582 3485 5652 capite
3513 5577 3604 5645 55o
3635 5581 3692 5632 οι

2111 5640 2449 5696 Sozomenus
2478 5645 2573 5696 lib.
2607 5662 2680 5696 tv-
2718 5664 2838 5696 nan-
2870 5652 2957 5696 19-

2186 5656 2449 5701 zomenus
2478 5645 2573 5703 lib.
2606 5662 2680 5718 tv,
2718 5664 2838 5723 cap.
2870 5652 2959 5708 t9.
