4018 6210
339 253 440 310 153

1737 238 2108 298 ANCORATU
2119 237 2177 291 S.

3484 235 3585 292 151

336 364 630 433 καιοσύνης
656 361 876 432 γέγονεν
903 363 1054 433 ἡμῖν,
1083 361 1243 431 νόμος
1287 357 1596 430 ιινεύματος
1633 355 1912 427 ἐλεύθερος

2031 367 2200 422 luam,
2235 350 2376 412 ﬁdei,
2405 349 2491 404 lex
2535 347 2798 419 Spiritus,
2844 355 2899 402 et
2941 362 2972 401 a
3002 348 3118 418 lege
3162 348 3344 404 carnis
3374 349 3581 420 peccati

337 458 403 509 ὲκ
423 456 587 525 νόμου
611 453 756 523 ζωῆς
783 453 800 484 ¹
840 452 1136 522 ἁμαρτίας.
1173 449 1263 503 Διδ
1297 449 1606 516 συνείδομεν
1634 446 1725 498 τὸν
1751 445 1910 514 νόμον

337 545 432 600 τοῦ
459 543 593 598 Θεοῦ
628 544 768 598 κατὰ
791 542 883 596 τὸν
925 543 1033 595 ἔσω
1079 541 1387 612 ἄνθρωπον.
1422 539 1570 591 Ἔσω
1607 537 1663 590 δὲ
1696 535 1851 607 ἡμῶν
1884 536 1912 587 ὁ

339 637 596 710 Χριστὸς,
623 635 783 704 εἴπερ
809 636 948 688 οίκεῖ
977 635 1034 686 ὲν
1066 636 1220 706 ἡμῖν.
1255 632 1424 695 Αὐτὸς
1452 630 1558 699 γὰρ
1590 628 1764 682 Θανὼν
1798 627 1914 691 ὁδὸς

341 731 487 799 ζωῆς
530 729 669 798 ὑπὲρ
714 727 872 798 ήμῶν
920 728 1160 795 γέγονεν,
1208 726 1333 780 Ἵνα
1368 727 1420 778 οι
1459 723 1666 788 ζῶντες
1702 723 1914 789 μηκέτι

338 819 575 885 ἑαυτοῖς
608 818 806 881 ζῶσιν,
850 819 1012 872 ἀλλὰ
1051 816 1130 882 τῷ
1159 815 1309 883 ὑπὲρ
1346 813 1513 883 ἡμῶν
1551 812 1914 867 ἀποθανόντι

341 911 439 963 καί
474 907 790 978 ἐγερθέντι,
826 909 982 978 αἰτίῳ
1021 907 1183 976 ζωῆς·
1219 904 1310 958 τοῦ
1336 905 1441 976 πρὸ
1471 903 1680 962 πολλῶν
1714 901 1914 969 γενεῶν

341 1002 505 1072 ὅρκου
539 999 818 1070 μνησθεὶς,
848 998 990 1052 κατὰ
1012 999 1099 1051 τὸν
1128 997 1310 1060 Δαϐὶδ,
1337 995 1481 1060 Θεὸς
1505 992 1583 1064 ἦν
1601 996 1668 1047 ἐν
1689 993 1917 1061 Χριστῷ

345 1093 578 1160 κόσμον
597 1087 1042 1143 καταλλάσσων
1073 1085 1280 1150 ἐαυτῷ,
1305 1085 1390 1154 μὴ
1417 1083 1792 1153 λογιζόμενος
1813 1083 1918 1137 αὺ-

343 1181 470 1245 τοῖς
500 1181 572 1235 τὰ
601 1179 1037 1248 παραπτώματα
1066 1175 1281 1230 αὐτῶν·
1317 1175 1405 1228 ὅτι
1448 1176 1515 1227 ἐν
1551 1174 1710 1238 αὑτῷ
1753 1173 1919 1226 εὐδό-

345 1288 499 1338 κησε
527 1269 648 1323 πᾶν
682 1268 746 1322 τὸ
773 1267 1060 1335 πλήρωμα
1090 1262 1457 1331 κατοικῆσαι,
1498 1263 1594 1316 καὶ
1625 1262 1697 1314 δι’
1732 1261 1918 1315 αὑτοῦ

346 1357 838 1421 ἀποκαταλλάξαι
873 1357 943 1409 τὰ
973 1355 1168 1409 πάντα
1193 1356 1280 1419 είς
1309 1353 1514 1415 αὐτὸν,
1542 1351 1919 1420 εἰρηνοποιή-

347 1468 466 1517 σας
503 1450 600 1504 διὰ
641 1449 746 1502 τοῦ
793 1450 1040 1517 αἵματος
1069 1447 1139 1500 ἐν
1170 1447 1248 1511 τῷ
1276 1444 1535 1512 σταυρῷ.
1583 1443 1920 1513 Παρεγένετο

346 1539 524 1591 τοίνυν
555 1539 633 1600 είς
662 1534 970 1604 οἰκονομίαν
1003 1532 1095 1586 τοῦ
1141 1533 1503 1603 πληρώματος
1540 1529 1649 1582 τῶν
1687 1530 1919 1599 καιρῶν,

352 1627 532 1690 καθὼς
557 1625 887 1697 ἐπήγγελται
911 1624 1158 1694 Ἀϐραὰμ
1185 1624 1277 1676 καὶ
1302 1623 1506 1684 λοιποῖς
1533 1621 1731 1688 ἁγίοις·
1762 1621 1921 1672 Ἀνα-

2023 445 2214 498 libera.
2243 441 2608 507 Quamobrem
2644 439 2786 508 quod
2825 439 2890 492 ad
2919 439 3233 494 interiorem
3266 440 3537 496 hominem
3556 439 3578 470 ⁸

2014 534 2270 607 pertinet,
2308 530 2399 585 Dei
2439 546 2524 585 me
2555 531 2642 584 lux
2677 531 2928 586 delectat.
2965 530 3058 585 Est
3093 538 3272 585 autem
3307 531 3450 585 intra
3483 545 3586 586 nos

2013 623 2264 677 Christus
2299 640 2312 674 :
2350 620 2395 674 si
2422 619 2640 688 quidem
2694 621 2900 673 habitat
2942 621 2994 674 in
3042 621 3201 676 nobis
3223 622 3265 676 τ.
3299 621 3403 676 Sed
3440 636 3588 676 mor-

2015 720 2142 766 tuus
2173 712 2308 780 ipse,
2344 710 2433 762 via
2464 710 2592 763 \‘itu'
2621 719 2805 764 nostra
2841 726 3005 765 causa
3041 710 3216 766 factus
3244 718 3328 767 est
3354 731 3367 767 :
3403 711 3469 765 Ut
3496 712 3586 782 qui

2015 805 2210 866 vivunt,
2245 819 2346 855 non
2377 802 2478 854 sibi
2512 801 2637 860 ipsis
2683 803 2906 868 amplius
2937 805 3130 866 vivant,
3168 804 3257 858 sed
3303 806 3350 858 ei
3376 807 3466 875 qui
3491 821 3586 872 pro

2016 896 2163 948 nobis
2227 903 2462 946 mortuus
2512 901 2590 945 est
2649 901 2698 946 et
2762 897 3049 947 resurrexit
3076 896 3118 948 ⁸.
3171 893 3424 964 Idemque
3467 898 3590 949 vitae

2020 982 2340 1053 principium
2363 1000 2376 1034 :
2399 979 2834 1058 acjurisjurandi
2854 997 2963 1048 quo
2986 998 3042 1036 se
3068 990 3190 1035 ante
3214 984 3396 1050 plures
3418 999 3590 1039 annos

2017 1075 2406 1135 obstrinxerat,
2453 1079 2512 1125 ut
2545 1072 2620 1125 ait
2669 1071 2835 1124 David
2862 1075 2904 1138 9,
2961 1072 3265 1126 recordatus
3312 1087 3411 1128 est.
3461 1075 3591 1128 Deus

2017 1166 2155 1219 enim
2190 1174 2301 1217 erat
2337 1165 2391 1216 in
2420 1163 2628 1216 Christo
2657 1163 2909 1215 mundum
2951 1163 3298 1216 reconcilians
3333 1164 3455 1225 sibi,
3495 1181 3594 1216 sua

2019 1257 2126 1309 illis
2167 1255 2354 1308 delicta
2395 1272 2498 1307 non
2533 1257 2799 1323 imputans
2827 1255 2894 1308 ¹⁰.
2937 1255 3198 1320 Quoniam
3249 1256 3301 1308 in
3341 1257 3450 1322 ipso
3477 1257 3595 1323 pla-

2019 1344 2124 1396 cuit
2163 1359 2364 1396 onmem
2395 1343 2632 1396 habitare
2675 1343 3070 1411 plenitudinem,
3107 1354 3156 1397 et
3194 1360 3283 1412 per
3315 1344 3466 1396 illum
3513 1361 3596 1398 re-

2020 1435 2298 1488 conciliare
2338 1436 2391 1487 in
2424 1436 2589 1501 ipsum
2632 1436 2842 1498 omnia;
2887 1452 3003 1488 cum
3032 1451 3233 1503 pacem,
3263 1437 3434 1490 crucis
3466 1452 3597 1489 sort-

2018 1527 2177 1596 gnine
2224 1527 2578 1580 sanxisset”.
2623 1524 2720 1580 Hic
2760 1526 2916 1596 igitur
2966 1527 3031 1580 ad
3074 1535 3374 1596 temporum
3424 1526 3598 1580 admi-

2023 1616 2360 1671 nistrandam
2409 1615 2798 1686 plenitudinem
2849 1617 3088 1681 advenit,
3131 1617 3590 1686 quemadmodum

349 1713 871 1784 κεφαλαιώσασθαι
909 1715 981 1765 τὰ
1025 1710 1221 1764 πάντα
1263 1710 1332 1761 ἐν
1378 1707 1534 1771 αὐτῷ
1572 1707 1644 1759 τὰ
1688 1705 1758 1757 ἐν
1801 1703 1925 1768 τοῖς

2031 1707 2332 1760 Abrahamo
2366 1707 2687 1776 czeterisque
2738 1708 2942 1763 sanctis
2983 1707 3106 1760 data
3141 1707 3273 1763 ﬁdes
3317 1717 3433 1762 erat
3469 1727 3483 1762 :
3530 1707 3600 1761 Ut

346 1805 626 1873 οὐρανοῖς
651 1805 748 1858 καὶ
783 1804 856 1856 τὰ
881 1802 979 1855 ἐπὶ
1014 1800 1121 1867 τῆς
1161 1799 1289 1869 γῆς.
1327 1799 1612 1858 Διὰστασις
1646 1796 1701 1848 δὲ
1725 1791 1792 1865 ἦν
1825 1793 1919 1846 καὶ

350 1898 519 1968 ἔχθρα
547 1899 602 1949 ὲν
626 1897 690 1965 τῇ
724 1895 890 1963 ἀνοχῇ
915 1893 1007 1945 τοῦ
1042 1891 1198 1955 Θεοῦ,
1240 1886 1645 1958 ἀποκατήλλαξε
1677 1886 1732 1938 δὲ
1757 1887 1813 1937 ὲν
1843 1883 1920 1953 τῷ

353 1987 564 2056 σώματι.
581 1986 676 2054 τῆς
701 1983 901 2053 σαρκὸς
926 1981 1114 2040 αὑτοῦ,
1130 1981 1196 2033 δι’
1220 1977 1383 2031 αὑτοῦ
1408 1979 1638 2046 ποιήσας
1661 1977 1727 2028 τὰ
1749 1974 1923 2044 ἀμφό-

347 2095 483 2148 τερα
509 2077 586 2129 ἓν.
611 2069 788 2129 Ἦλθε
813 2074 921 2143 γὰρ
943 2072 979 2138 ή
1003 2071 1211 2139 εἰρήνη
1231 2069 1417 2138 ἡμῶν,
1442 2067 1539 2120 καὶ
1565 2065 1630 2119 τὸ
1650 2066 1922 2133 μεσότοι-

351 2186 466 2239 χον
485 2167 591 2221 τοῦ
617 2164 887 2235 φραγμοῦ
915 2165 1134 2227 λύσας,
1168 2160 1282 2227 τὴν
1305 2159 1528 2227 ἔχθραν
1549 2156 1620 2210 ἐν
1647 2156 1720 2223 τῇ
1745 2155 1922 2222 σαρκί

350 2254 539 2310 αὑτοῦ
567 2255 672 2307 τὸν
695 2253 884 2322 νόμον
906 2249 1024 2303 τῶν
1043 2246 1305 2300 ἐντολῶν
1332 2247 1400 2299 ὲν
1430 2246 1684 2314 δόγμασι
1712 2259 1925 2309 καταρ-

351 2347 568 2418 γήσας,
601 2346 700 2397 ἵνα
729 2343 864 2408 τοὺς
891 2341 998 2395 δύο
1024 2341 1204 2408 κτίσῃ
1233 2341 1318 2404 είς
1340 2338 1448 2391 ἕνα
1472 2337 1680 2390 καινὸν
1706 2335 1924 2402 ἅνθρω-

351 2454 472 2492 πον
495 2437 590 2508 (5).
622 2432 772 2488 Εἶναί
802 2451 860 2486 τε
899 2435 967 2487 τὰ
999 2433 1127 2500 ἔθνη
1168 2431 1430 2499 σύσσωμα
1482 2430 1575 2482 καὶ
1608 2427 1922 2497 συμμέτοχα

352 2531 447 2584 καὶ
474 2527 885 2599 συγκληρονὸμα
908 2528 1007 2596 τῆς
1038 2523 1366 2592 ἐπαγγελίας
1397 2523 1700 2584 ἐκέλευσεν,
1732 2518 1921 2573 εἰπών·

350 2620 553 2679 Δεῦτε,
574 2616 795 2680 πάντες
836 2619 890 2668 οἱ
936 2612 1260 2677 κοπιῶντες
1302 2613 1399 2664 καὶ
1443 2608 1924 2680 πεφορτισμένοι,

353 2711 518 2781 κάγὼ
543 2709 872 2763 ἀναπαύσω
903 2705 1077 2776 ὑμᾶς.
1108 2705 1295 2757 Τοίνυν
1325 2705 1392 2756 ὲν
1419 2696 1466 2768 ᾧ
1491 2702 1605 2772 ἐγὼ
1627 2701 1929 2768 ἠσθένουν

352 2803 453 2857 διὰ
477 2800 586 2869 τῆς
606 2791 853 2869 σαρκός,
885 2797 1194 2864 ἀπεστάλη
1224 2814 1324 2866 μοι
1348 2800 1380 2850 ό
1406 2795 1606 2862 Σωτὴρ
1632 2795 1701 2846 ἐν
1727 2791 1930 2862 ὁμοιώ-

349 2910 492 2964 ματι
526 2892 754 2960 σαρκὸς
795 2890 1104 2960 ἁμαρτίας,
1152 2888 1462 2957 οἰκονομίαν
1505 2885 1758 2954 τοιαύτην
1794 2885 1930 2953 πλη-

357 2984 489 3054 ρῶν,
521 2982 610 3035 ἵνα
634 2998 701 3052 με
720 2978 964 3041 δουλείας
989 2977 1320 3049 ἐξαγοράσῃ,
1357 2975 1444 3027 ἵνα
1481 2990 1544 3042 με
1586 2972 1810 3042 φθορᾶς,
1842 2969 1929 3021 ἵνα

2025 1799 2079 1851 in
2109 1799 2216 1866 ipso
2250 1799 2571 1850 instauraret
2626 1798 2821 1862 omnia,
2869 1814 2930 1849 ac
2964 1799 3100 1851 velut
3133 1800 3185 1851 in
3228 1816 3489 1852 summam
3523 1816 3600 1852 re-

2026 1889 2219 1958 digeret
2258 1904 2373 1958 qua:
2422 1887 2476 1940 in
2527 1888 2653 1942 caelo
2693 1897 2814 1941 sunt
2868 1905 2928 1942 ac
2968 1893 3198 1945 terra”.
3253 1890 3460 1945 Etenim
3503 1906 3600 1960 per

2029 1978 2172 2031 illam
2206 1976 2297 2031 Dei
2336 1978 2648 2046 patientiam
2679 1978 2952 2032 dissensio
2979 1979 3228 2048 quaedam
3270 1990 3323 2034 et
3363 1980 3597 2034 inimici-

2034 2069 2108 2120 tia
2148 2067 2354 2135 fuerat;
2385 2068 2638 2121 Christus
2680 2084 2807 2122 vero
2849 2071 2899 2122 in
2929 2085 3158 2140 corpore
3191 2087 3463 2140 carneque
3496 2086 3596 2126 sua

2030 2160 2084 2212 in
2119 2163 2352 2229 gratiam
2394 2159 2851 2227 concordiamque
2891 2161 3152 2224 restituit,
3188 2178 3310 2214 cum
3350 2179 3444 2231 per
3479 2177 3602 2218 sese

2031 2265 2198 2302 unum
2241 2249 2400 2302 ambo
2436 2249 2674 2301 fet-isset.
2726 2248 2871 2302 Venit
2898 2251 3032 2302 enim
3074 2265 3180 2318 pax
3206 2261 3407 2311 nostra,
3447 2259 3495 2302 et
3528 2251 3604 2304 in-

2033 2343 2302 2410 terjectum
2364 2344 2606 2396 maceria:
2656 2356 2896 2409 septum,
2971 2344 3290 2395 simultatem
3368 2343 3601 2396 uidelicet

2032 2448 2256 2494 omnem,
2283 2432 2335 2483 in
2365 2447 2460 2484 sua
2505 2447 2663 2483 carne
2691 2432 2879 2493 diruit,
2909 2448 2970 2483 ac
3023 2442 3398 2499 praceptorum
3443 2431 3602 2500 legent

2032 2523 2140 2574 suis
2167 2522 2497 2591 dogmatibus
2543 2522 2784 2585 abolevit,
2821 2532 2875 2574 ut
2907 2523 3085 2576 antbos
3127 2524 3180 2575 in
3214 2540 3376 2578 unum
3414 2539 3601 2576 novum

2033 2613 2291 2665 hominem
2322 2624 2645 2681 componeret
2669 2614 2731 2667 ¹³.
2775 2613 2978 2668 Gentes
3001 2632 3126 2670 vero
3153 2616 3205 2668 in
3239 2617 3376 2669 idem
3407 2632 3604 2685 corpus

2034 2704 2362 2766 coalescere,
2414 2719 2476 2756 ac
2512 2706 2903 2773 promissorum
2939 2721 3045 2759 una
3085 2707 3380 2776 participes
3415 2717 3466 2762 et
3504 2709 3606 2762 Ine-

2035 2792 2187 2847 redes
2220 2808 2341 2848 esse
2379 2793 2546 2861 jussit.
2577 2795 2660 2848 his
2708 2797 2928 2850 verbis:
2973 2796 3152 2850 Venite
3181 2797 3249 2850 ad
3285 2814 3384 2861 me,
3426 2816 3603 2854 omnes

2035 2886 2124 2954 qui
2155 2884 2409 2937 laboratis
2440 2896 2487 2938 et
2523 2888 2725 2939 onerati
2757 2890 2906 2952 estis,
2951 2898 2998 2940 et
3024 2905 3112 2957 ego
3148 2889 3384 2956 reﬁciam
3420 2907 3507 2944 vos
3535 2892 3600 2944 “.

2039 2977 2201 3046 Igitur
2238 2993 2354 3028 cum
2399 2993 2490 3046 ego
2520 2994 2677 3031 carne
2708 2977 2998 3032 imbecillus
3025 2995 3218 3042 essem,
3255 2977 3503 3033 Salvator
3536 2980 3604 3032 ad

359 3086 429 3138 με
458 3068 710 3121 θανάτου·
747 3067 840 3119 καὶ
866 3063 1104 3134 ἐγένετό
1151 3081 1239 3134 μοι
1269 3063 1621 3128 δικαιοσύνη
1654 3061 1750 3114 καὶ
1773 3062 1928 3127 ἁγια-

2036 3083 2117 3120 me
2149 3067 2242 3120 sub
2285 3069 2462 3121 carnis
2505 3070 2704 3134 peccati
2732 3070 2898 3137 specie
2928 3071 3120 3122 missus
3161 3071 3328 3134 est”,
3391 3071 3481 3140 qni
3519 3079 3603 3124 to—
3642 3113 3643 3116 η

355 3159 516 3227 σμὸς
557 3158 654 3211 καὶ
693 3157 1130 3222 ἀπολύτρωσις.
1183 3152 1505 3225 Δικαιοσύνη
1555 3152 1672 3222 μὲν,
1716 3149 1804 3202 διὰ
1847 3148 1928 3200 πί-

2033 3165 2145 3209 ιιιιιι
2184 3157 2286 3211 hoc
2331 3159 2608 3227 negotium
2647 3160 2959 3223 conﬁceret,
3014 3167 3073 3213 ut
3106 3175 3190 3214 me
3251 3175 3280 3214 ιι
3319 3161 3611 3231 servitute,

359 3267 530 3313 στεως
565 3248 729 3302 αὑτοῦ
763 3245 1034 3317 ἁμαρτίας
1061 3247 1081 3276 ³
1111 3244 1296 3306 λύσας·
1329 3241 1593 3312 ἁγιασμὸς
1625 3241 1700 3304 δὲ,
1730 3239 1794 3291 δι’
1817 3238 1928 3291 ὓδα-

2034 3253 2093 3298 ιιι
2134 3259 2160 3298 a
2216 3248 2544 3316 corruptela.
2592 3257 2648 3301 ut
2699 3264 2726 3303 a
2774 3257 2948 3303 morte
2995 3249 3326 3304 redimeret:
3362 3265 3425 3305 ac
3470 3251 3603 3304 mihi

355 3359 450 3403 τος
471 3339 566 3392 uati.
585 3338 725 3392 Πνεύ
735 3353 901 3408 ματος
925 3337 1018 3388 καὶ
1039 3337 1096 3387 ὲν
1120 3335 1324 3405 ῥήματι
1350 3332 1514 3385 αὑτοῦ
1545 3327 1928 3398 ἐλευθερώσας·

2034 3333 2141 3395 ille,
2170 3333 2406 3402 justitia,
2436 3337 2809 3404 sanctiﬁcatio,
2839 3355 2901 3390 ac
2928 3339 3209 3407 redemptio
3232 3340 3404 3408 [actus
3430 3351 3506 3394 est
3536 3342 3601 3395 ¹⁶.

358 3430 736 3500 ἀπολύτρωσις
766 3427 842 3490 δὲ,
873 3427 934 3479 τὸ
963 3422 1101 3495 αἷμα
1139 3423 1325 3484 αὐτοῦ,
1359 3422 1551 3492 λύτρον
1591 3420 1761 3491 ἀμνοῦ
1803 3420 1928 3490 ἁλη-

2031 3421 2250 3478 Justitia
2289 3425 2529 3494 quidem,
2579 3429 2722 3496 quod
2776 3444 2869 3498 per
2916 3429 3070 3484 (idem
3127 3447 3279 3484 suam
3323 3440 3604 3500 peccatum

361 3518 490 3580 θοῦς
509 3517 648 3583 ὑπὲρ
668 3515 800 3585 ἐμοῦ
829 3514 1017 3567 ἑαυτὸν
1035 3511 1326 3584 παραδούς·
1343 3508 1718 3577 Ἱλαστήριον
1737 3508 1928 3578 καθιίιρ¹

2039 3514 2323 3580 dissolvit;
2368 3518 2751 3581 sanctificatio,
2800 3521 2942 3588 quod
2982 3537 3077 3590 per
3103 3537 3299 3591 aquam
3345 3530 3399 3577 et
3439 3523 3603 3592 spiri-

364 3623 502 3668 σεως
549 3605 777 3672 κόσμου,
830 3601 1217 3670 καταλλαγῆς
1255 3599 1537 3655 ἁπάντων
1567 3600 1636 3652 ἐν
1665 3594 1898 3664 οὐρανῷ
1919 3596 1940 3626 ⁸

363 3696 462 3749 καὶ
499 3693 637 3766 [ἐπὶ]
670 3693 804 3762 γῆς,
839 3693 1178 3762 μυστήριον
1207 3692 1272 3745 τὸ
1301 3692 1651 3760 ἀπόκρυφον
1682 3690 1794 3757 πρὸ
1823 3688 1942 3742 τῶν

361 3787 595 3841 αἰώνων
635 3785 734 3838 καὶ
801 3780 1020 3848 γενεῶν
1048 3782 1292 3853 πλιρῶν
1310 3783 1532 3851 καιροῖς
1554 3784 1673 3850 τοῖς
1691 3782 1936 3853 ὡρισμέ-

370 3891 499 3939 νοις
518 3873 558 3926 ⁸.
583 3872 642 3924 '0
685 3871 846 3934 αὐτος
878 3870 1389 3939 μετασχηματίσει
1416 3871 1484 3923 τὸ
1513 3869 1685 3939 σῶμα
1708 3868 1819 3938 τῆς
1837 3885 1940 3922 τα-

364 3960 705 4027 πεινώσεως
734 3959 902 4029 ἡμῶν
927 3963 1016 4026 εἰς
1053 3960 1119 4013 τὸ
1153 3960 1428 4031 γενέσθαι
1457 3961 1811 4028 σύμμορφον
1837 3958 1943 4027 τῆς

365 4050 553 4116 δόξης
575 4051 651 4119 (4)
682 4051 835 4104 κατὰ
871 4049 986 4118 τὴν
1016 4050 1320 4118 ἐνέργειαν
1358 4050 1463 4102 τοῦ
1500 4049 1812 4114 δύνασθαι,
1844 4050 1943 4102 καὶ

364 4139 662 4203 ὑποτάξαι
701 4139 862 4205 αὐτῷ
898 4139 970 4193 τὰ
1016 4138 1234 4202 πάντα,
1273 4139 1361 4190 ὅτι
1391 4138 1470 4190 ἐν.
1496 4136 1656 4201 αὺτῷ
1686 4137 1946 4195 κατοικεῖ

367 4227 491 4282 πᾶν
515 4229 581 4280 τὸ
617 4227 901 4299 πλήρωμα
929 4228 1039 4297 τῆς
1065 4229 1342 4295 θεότητος
1370 4226 1732 4296 σωματικῶς.

2039 3613 2150 3658 tum
2177 3621 2238 3658 ac
2273 3608 2438 3661 verbo
2469 3623 2568 3661 suo
2595 3609 2648 3662 in
2680 3611 2980 3664 libertatem
3003 3614 3270 3680 asseruit;
3302 3613 3603 3681 redemptio

2040 3695 2295 3762 denique,
2338 3698 2482 3767 quod
2519 3715 2610 3768 pro
2660 3719 2744 3756 me
2776 3703 3010 3772 seipsum
3047 3719 3110 3757 ac
3161 3705 3270 3758 veri
3315 3703 3438 3773 agni
3477 3718 3606 3757 san-

2043 3786 2288 3854 guinem,
2321 3789 2421 3842 hoc
2470 3798 2553 3843 est
2599 3807 2777 3856 suurn,
2836 3793 2888 3846 in
2936 3793 3322 3863 redemptionis
3370 3793 3605 3862 pretium

2037 3872 2319 3940 ell'uderit;
2366 3874 2830 3947 Propitiatorium,
2857 3897 2964 3949 quo
2993 3888 3046 3935 et
3075 3881 3310 3935 mundus
3343 3896 3608 3951 repurga-

2039 3971 2148 4029 tus,
2181 3975 2228 4018 et
2269 3969 2445 4021 omnia
2480 3971 2604 4024 cwlo
2650 3980 2888 4040 terraque
2918 3975 3260 4026 reconciliata
3303 3982 3448 4035 sunt,
3482 3949 3610 4024 dum

2039 4058 2344 4124 mysterium
2405 4069 2524 4112 ante
2572 4067 2763 4114 ςιιέιιια
2810 4079 2871 4115 ac
2919 4066 3274 4131 generationes
3326 4063 3607 4125 occultum,

2040 4150 2342 4202 constitutis
2411 4153 2731 4220 temporibus
2776 4156 3092 4219 implevit".
3136 4155 3416 4226 691dem
3481 4169 3611 4209 vero

2043 4240 2443 4307 transformabit
2472 4259 2658 4310 corpus
2691 4244 3004 4300 humilitatis
3035 4257 3228 4301 nostra:
3262 4256 3318 4299 ut
3343 4245 3612 4316 conformo

367 4320 438 4372 sit
479 4320 663 4389 gloria:
688 4319 874 4386 ipsius,
925 4315 1209 4370 secundum
1253 4317 1603 4382 operationem
1633 4332 1735 4384 qua
1771 4325 1939 4384 potest
1965 4323 2217 4391 subiicere
2239 4328 2341 4382 sibi
2366 4331 2540 4384 omnia
2567 4334 2627 4388 ".
2656 4334 2915 4400 Quoniam
2954 4339 3007 4391 in
3033 4339 3143 4406 ipso
3188 4338 3391 4392 habitat
3444 4315 3611 4392 omnis

366 4411 633 4480 plenitudo
662 4409 953 4463 diuinitatis
985 4407 1326 4474 corporaliter
1345 4407 1405 4460 υ.

438 4500 574 4568 Ξζῖν.
607 4501 680 4552 Τὸ
707 4501 908 4570 δοχείον
933 4499 1111 4550 τοίνυν
1137 4498 1236 4566 τῆς
1269 4497 1458 4567 σοφίας
1486 4497 1580 4550 καὶ
1620 4497 1720 4567 τῆς
1754 4498 1941 4570 θεότη..

365 4609 460 4654 τος
487 4593 513 4644 ὁ
544 4591 806 4662 Χριστὸς,
869 4589 1165 4660 μεσιτεύων
1216 4589 1576 4642 καταλλάσσει
1612 4589 1632 4619 ⁸
1670 4589 1737 4641 τὰ
1767 4589 1944 4644 πάντα

368 4682 446 4752 τῷ
487 4681 606 4752 Θεῴ
653 4684 710 4734 ὲν
741 4680 923 4750 αὐτῷ,
962 4681 1036 4751 μὴ
1075 4678 1418 4750 λογιζόμενος
1463 4681 1738 4750 ἁμαρτίας
1761 4718 1778 4744 ,
1810 4681 1946 4735 ἀπό-

369 4791 555 4844 κρυφα
607 4773 879 4846 μυστήρια
925 4771 1182 4842 πληρῶν,
1241 4772 1416 4825 πίστει
1467 4771 1731 4843 διαθήκης
1776 4774 1942 4828 αὐτοῦ

445 4929 461 4958 ¹
497 4927 798 5008 Εχειιεειεεί
833 4927 900 5008 6}
933 4943 1078 4982 corr.
1099 4928 1429 5008 ,σαρκὸς-ι)ιο
1456 4927 1616 5008 ζωῆις.
1646 4928 1928 5008 Monindic

2056 4947 2200 5008 corr.
2233 4934 2523 5008 συνήδομαι
2551 4936 2630 5006 τῷ
2650 4937 2826 5008 νόμῳ.

1316 5000 1339 5028 ⁸
1368 5015 1455 5066 γρ.
1490 4999 1582 5050 καὶ
1606 4998 2008 5054 καταλλάσσων.

1352 5084 1401 5123 v.
1434 5067 1518 5120 19.
1602 5070 1641 5098 ¹¹
1685 5069 1992 5123 Col.t.19.

374 5153 452 5199 ιι,
483 5137 570 5192 18.
648 5137 690 5168 ⁸⁸
714 5107 873 5192 Rom:
908 5151 1023 5202 vut,
1054 5137 1108 5190 5.
1187 5137 1229 5168 ⁸⁸
1258 5136 1298 5190 ll
1326 5109 1451 5191 (ἐστ.
1495 5151 1530 5200 ι,
1561 5137 1647 5190 50.
1725 5139 1766 5168 ¹⁷
1798 5109 1913 5193 (Idl.

2031 5107 2590 5216 BO-Qb‘linw'z'l’lhilip'p.
2635 5107 3112 5211 ιιι,”ξ1ἶω’³;¹ίῖδί

370 4997 623 5068 οὐρανοῦ.
686 4999 708 5028 ⁸
737 5017 822 5066 γρ.
853 4997 1243 5068 διωρισμένοις.

372 5069 394 5099 ⁹
433 5067 575 5120 l’sal.
609 5082 871 5131 Lstxvln,
917 5067 964 5120 1.
1049 5067 1110 5098 “¹⁰
1140 5069 1159 5120 Ι
1191 5069 1316 5122 Cor.
1352 5084 1401 5128 v,
1434 5067 1518 5120 19.

449 5273 524 5342 (ὅ)
556 5273 693 5325 Ἰνα
720 5271 860 5336 τοὺς
893 5271 1001 5325 δύο
1031 5271 1325 5342 κτίσῃηείς
1348 5272 1456 5325 ἕνα
1486 5273 1696 5326 καινὸν
1720 5274 1931 5342 ι’ἱνθρω-

375 5341 514 5396 πον.
558 5343 639 5396 Ad
678 5342 944 5412 Ephesios
977 5357 1038 5412 ιι,
1075 5341 1165 5412 15,
1198 5341 1785 5412 Gnecum__cxenipluin
1824 5341 1946 5412 post

374 5412 616 5482 verbum
647 5409 808 5482 κτίσῃ
857 5411 1050 5465 inserit
1098 5411 1155 5461 ὲν
1203 5411 1396 5480 ἑαυτῷ.
1433 5409 1774 5482 Vulgatamt
1815 5409 1946 5468 duos

376 5480 571 5534 condat
602 5481 658 5533 in
689 5480 965 5548 semetipso
992 5483 1046 5532 in
1070 5495 1232 5531 unum
1264 5495 1449 5532 novum
1481 5480 1756 5534 hominem.
1794 5482 1951 5537 Peta-

375 5551 500 5620 vius
534 5551 719 5620 locum,
753 5551 806 5604 in
837 5547 1142 5620 Epiphanio
1171 5548 1237 5602 de
1254 5547 1452 5620 Graeco
1488 5550 1560 5602 ita
1589 5549 1840 5604 Latinum
1868 5552 1949 5607 fe-

380 5618 488 5677 cit:
516 5631 578 5675 ut
609 5619 792 5676 ambos
821 5617 1078 5691 inacipso
1108 5617 1344 5674 eumdem
1382 5620 1436 5672 in
1471 5636 1659 5674 novum
1692 5620 1951 5677 hominem

1971 4515 2015 4570 ι)
2115 4501 2296 4559 LXVI.
2341 4505 2606 4571 Quocirca
2635 4484 2911 4578 sapientiae
2935 4511 3064 4566 illud
3095 4528 3156 4566 ac
3186 4514 3486 4573 divinitatis
3519 4535 3604 4575 re-

2052 4595 2695 4662 ceptaculum,Christus,
2739 4598 2999 4655 Mediator
3025 4605 3297 4659 exsistens
3340 4610 3520 4663 omnia
3554 4611 3609 4668 in

2051 4700 2171 4740 sese
2197 4703 2320 4741 cum
2357 4687 2463 4742 Deo
2496 4689 2832 4756 reconciliat,
2867 4702 3147 4760 peccatum
3172 4711 3277 4749 non
3313 4697 3608 4768 imputans.

2049 4785 2104 4831 et
2130 4778 2196 4832 ad
2247 4779 2452 4832 exitum
2508 4795 2707 4834 arcana
2760 4785 3018 4852 mysteria
3064 4786 3392 4856 perducens,
3441 4799 3610 4847 testa-

2091 4948 2200 4988 orr.
2233 4941 2523 5004 συνήδομαι
2551 4941 2630 5006 τῷ
2658 4941 2826 5008 νόμῳ.
2920 4941 2940 4971 ²
2967 4957 3057 5008 πρ.
3091 4941 3383 5011 ἁμαρτίαν.
3469 4945 3488 4977 ³
3520 4965 3610 5016 γρ.

2089 5003 2110 5075 ἕ
2146 5002 2526 5075 lloni.vn,22.
2603 5009 2622 5038 "
2646 5007 2844 5075 Ephes.
2885 5025 2964 5070 ιιι,
3004 5011 3084 5062 17.
3162 5012 3182 5042 ⁸
3218 5012 3257 5064 ll
3286 5013 3410 5066 Cor.
3437 5031 3488 5074 v,
3526 5019 3613 5070 15.

2073 5072 2418 5150 f’jplnesj,
2440 5076 2541 5150 Δ1-0.
2645 5072 2916 5150 “Epiros.
2951 5080 3112 5150 nLM
3145 5097 3266 5150 sqq.
3347 5084 3390 5115 “
3421 5072 3613 5140 blatth.

2044 5291 2390 5350 componeret.
2430 5281 2760 5340 Thomasius
2783 5284 2985 5340 Petavii
3030 5289 3257 5341 mutavit
3287 5289 3612 5344 versionem.

2115 5351 2190 5419 (4)
2219 5353 2300 5404 Al.
2345 5352 2454 5419 τῆς
2480 5353 2664 5421 δόξης
2688 5355 2872 5410 αὑτοῦ
2897 5396 2912 5419 ,
2941 5357 3029 5410 cui
3065 5359 3335 5412 consentit
3368 5359 3613 5412 Graecum

2044 5423 2359 5494 exemplum
2383 5422 2635 5494 Epistola‘.
2664 5425 2731 5478 ad
2761 5423 3062 5494 Ephesios;
3095 5428 3368 5480 consentit
3397 5433 3450 5479 et
3482 5424 3616 5478 Vul-

2047 5490 2448 5615 511;;3.'Ex~t.'idit
2504 5491 2742 5551 fortasse
2800 5490 3162 5566 iypographo-
3194 5495 3454 5550 oscitanti
3509 5506 3616 5551 vos

2049 5576 2064 5615 1
2112 5576 2120 5589 ⁸
2169 5578 2357 5615 αυτου.

2049 5576 2139 5615 tua
2169 5576 2357 5617 αυτου.
