4018 6210
421 329 527 385 ηις

1782 331 1838 387 s.
1907 318 2241 388 EPll‘llANll

3548 322 3656 382 1⁵5ίῖ

417 441 591 496 metui
623 440 708 497 sui
742 438 866 509 ﬁde,
898 442 1041 514 quod
1080 458 1109 497 a
1142 444 1257 514 lege
1298 451 1351 497 et
1386 443 1669 513 prophetis
1698 453 1981 499 ostensum

2086 445 2612 517 προεπηγγελμένης
2658 444 2764 496 ὑπὸ
2805 441 2898 496 τοῦ
2927 443 3090 514 νόμου
3138 442 3233 495 καὶΙ
3280 436 3388 493 τῶν
3436 452 3656 510 προφηο

416 537 579 586 ιιιιειι
627 530 843 587 fuerat:
876 530 992 597 Dei,
1030 533 1250 603 inquam
1272 571 1288 597 ,
1322 528 1491 588 Filius
1526 533 1871 604 praedicatus,
1919 550 1983 587 ac

415 618 641 677 Davidis
667 625 966 694 appellatus
1004 624 1162 685 lilius.
1191 622 1462 694 siquidem
1499 630 1791 695 utrumque
1842 624 1984 683 Deus

414 718 471 766 et
514 711 696 777 homo,
742 712 840 766 Dei
887 722 938 767 et
975 713 1243 767 hominum
1288 714 1549 768 mediator
1586 714 1724 783 fuit‘
1751 733 1766 781 ;
1797 731 1983 771 verum

416 794 512 858 Dei
542 802 898 867 domicilium,
934 806 1303 860 sacerdotium
1352 815 1625 867 sanctum,
1661 808 1835 862 sancti
1871 807 1986 878 Spi«

415 895 556 949 ritus
586 896 962 964 regenerantis
1025 912 1089 950 ac
1120 895 1231 952 Deo
1274 897 1630 953 instaurantis
1672 900 1852 954 omnia
1885 901 1986 954 lar-

414 984 590 1054 gitur;
621 1001 746 1040 nam
800 986 1024 1041 Verbum
1050 1004 1174 1041 caro
1203 988 1401 1055 factum
1426 1000 1524 1053 est,
1552 1000 1601 1043 et
1639 988 1893 1043 habitavit
1928 993 1982 1043 in

412 1074 596 1139 nobis;
641 1086 692 1130 et
742 1076 965 1130 vidimus
1018 1078 1245 1148 gloriam
1291 1080 1404 1149 ejus
1463 1090 1714 1151 tanquam
1757 1083 1985 1151 gloriam

416 1163 681 1236 Unigeniti
709 1186 739 1220 (ι
765 1167 927 1221 Patre
952 1171 994 1223 ².
1029 1167 1096 1223 Ut
1130 1173 1272 1224 enim
1309 1172 1491 1239 pluvia
1525 1188 1647 1225 cum
1690 1174 1983 1229 arboribus

408 1258 732 1312 coalescens
777 1273 842 1312 ac
896 1260 1184 1331 stirpibus,
1234 1277 1435 1331 corpus
1482 1261 1666 1329 ellicit,
1710 1274 1764 1316 ct
1798 1278 1985 1316 unum-

409 1362 683 1417 quemque
712 1349 988 1403 t'ructuum
1033 1352 1098 1404 ad
1130 1352 1250 1420 ejus
1279 1351 1424 1406 unde
1471 1362 1627 1407 ortus
1659 1363 1764 1419 est,
1797 1353 1987 1407 simili-

412 1436 659 1493 tudinem
694 1439 981 1508 producit;
1017 1449 1071 1495 et
1102 1442 1155 1495 in
1194 1443 1337 1496 oliva
1366 1442 1584 1513 quidem
1631 1458 1696 1499 ex
1736 1445 1856 1514 ejus
1883 1460 1985 1499 na-

407 1533 533 1582 tura
560 1537 615 1583 et
642 1529 948 1585 substantia
984 1543 1325 1603 assomptum
1392 1533 1591 1606 pingue
1644 1535 1823 1590 oleum
1869 1537 1980 1591 etii.

408 1618 580 1683 citur;
621 1619 676 1673 in
711 1621 821 1676 vite
851 1622 904 1676 in
952 1624 1271 1679 suavissimi
1326 1625 1435 1679 vini
1470 1626 1788 1696 qualitatem
1837 1626 1985 1681 colo—

407 1721 634 1777 remque
683 1711 915 1775 transit;
964 1710 1020 1764 in
1072 1711 1205 1767 ﬁcus
1245 1713 1441 1767 arbore
1473 1713 1795 1769 dulcissimo
1847 1714 1982 1770 ﬁcus

2085 537 2227 602 τῶν,
2263 536 2388 599 Υἱὸς
2426 535 2561 589 Θεοῦ
2599 536 3009 607 κηρυσσόμενος
3035 573 3050 596 ,
3084 535 3198 596 υἱδς
3240 531 3402 585 Δαὸὶδ
3425 530 3657 600 λεγόμε-

2085 642 2173 688 νος
2192 664 2207 688 ,
2235 624 2402 695 ἄμφω
2438 624 2546 694 γὰρ
2577 612 2709 685 Θεὸς
2743 622 2836 674 καὶ
2868 620 3183 691 ἄνθρωπος,
3221 618 3475 688 μεσίτης
3505 612 3658 669 Θεοῦ

2086 717 2185 770 καὶ
2221 711 2555 784 ’ἀνθρώπων
2580 754 2597 778 ,
2648 713 2899 785 ἀληθινὸς
2953 709 3099 774 οἶκος
3152 709 3287 763 Θεοῦ
3312 749 3326 773 ,
3356 708 3656 780 ἱεράτευμα

2087 806 2261 876 ἅγιον,
2293 805 2447 875 ἁγίου
2476 804 2615 858 Πνεύ
2625 822 2790 876 ματος
2817 803 2978 874 δοτὴρ
3010 801 3106 856 τοῦ
3133 799 3529 868 άναγεννῶντος
3558 792 3657 850 καὶ

2084 896 2521 962 άνακαινίζοντος
2556 892 2712 958 αὖθις
2740 896 2806 948 τά
2838 895 3013 947 πάντα
3038 891 3114 963 τῷ
3144 891 3262 962 Θεῷ
3284 907 3299 923 ο
3335 891 3417 943 δτι
3458 888 3521 941 '0
3545 887 3658 943 Λό-

2083 1006 2188 1058 γος
2220 988 2262 1019 ¹²
2291 986 2446 1055 σὰρξ
2474 985 2730 1055 ἐγένετο,
2754 984 2852 1038 καὶ
2867 982 3218 1049 ἐσκήνωσεν
3235 981 3304 1035 ἐν
3327 977 3491 1049 ἡμῖν’
3510 976 3659 1032 είδο-

2079 1097 2195 1150 μεν
2229 1080 2271 1111 ¹³
2322 1078 2438 1147 τὴν
2486 1078 2673 1142 δόξαν
2721 1075 2906 1130 αὑτοῦ
2952 1073 3034 1140 ὡς
3069 1071 3445 1142 Μονογενοῦς
3497 1069 3659 1137 παρὰ

2084 1172 2334 1241 Πατρός.
2389 1171 2449 1224 '0
2487 1170 2643 1234 ὑετὸς
2680 1168 2920 1239 δένδρεσι
2954 1166 3048 1219 καὶ
3097 1166 3281 1235 φυτοῖς
3315 1159 3656 1234 συμφυσιοὺ-

2088 1279 2247 1333 μενος
2270 1302 2286 1325 ,
2344 1261 2502 1330 σῶμα
2538 1257 2937 1331 ἀπεργάζεται,
2976 1256 3069 1310 καὶ
3101 1255 3208 1309 τῶν
3252 1253 3481 1325 καρπῶν
3531 1248 3658 1305 καθ’

2083 1353 2375 1425 ὁμοιότητα
2404 1353 2632 1406 ἕκαστον
2652 1369 2666 1383 ·
2708 1350 2802 1404 καὶ
2834 1351 2890 1404 ὲν
2935 1349 3032 1420 μὶν
3056 1350 3121 1419 τῇ
3146 1347 3299 1418 ἐλαίᾳ
3332 1345 3506 1398 ἔλαιον
3534 1344 3657 1396 πῖον

2084 1445 2292 1517 γίνεται
2317 1444 2751 1516 προσλαϐόμενον
2786 1442 2861 1513 (5)
2892 1441 2950 1507 ἐξ
2977 1441 3146 1511 αὑτῆς
3185 1438 3246 1493 τὸ
3277 1437 3562 1500 οὑσιῶδεςο
3597 1436 3658 1489 έν

2084 1537 2142 1590 δὲ
2172 1536 2401 1607 ἀμπέλῳ
2445 1530 2585 1598 οἶνος
2625 1533 2756 1604 ἡδὺς
2800 1532 3068 1602 χοῖζεται-
3105 1531 3164 1584 ὲν
3195 1530 3253 1583 δὲ
3302 1529 3441 1598 συκῇ
3492 1525 3658 1579 σῦκον

2083 1624 2434 1695 γλυκαίνεται
2456 1639 2470 1653 ⁸
2504 1623 2597 1676 καὶ
2627 1623 2841 1693 ἑκάστῳ
2869 1619 3197 1693 σπερμάτων
3230 1616 3369 1690 πρὸς
3409 1613 3471 1667 τὸ
3520 1610 3657 1676 εἶδος

2084 1713 2305 1782 αὒξεται
2331 1712 2495 1767 αὑτοῦ
2521 1754 2537 1775 ,
2573 1713 2668 1768 καὶ
2702 1713 2827 1783 φύει
2859 1710 2922 1766 “ﬁ
2953 1703 3348 1778 Οῦτως,οἷμαι,
3392 1707 3427 1759 ὁ
3471 1704 3659 1773 Λόγος

407 1812 607 1867 sapore
658 1805 1031 1870 temperatur,
1085 1810 1139 1857 et
1200 1803 1254 1858 in
1316 1805 1558 1875 quolibet
1619 1806 1827 1861 semine
1883 1822 1981 1878 pro

2085 1806 2178 1859 τοῦ
2208 1804 2341 1860 Θεοῦ
2372 1807 2430 1859 έν
2457 1803 2646 1877 Μαρίᾳ
2671 1803 2829 1872 σὰρξ
2858 1801 3093 1874 ἐγένετο
3111 1840 3128 1865 ,
3156 1801 3250 1853 καὶ
3292 1800 3350 1851 ὲν
3385 1796 3658 1865 σπέρματι

407 1889 846 1961 uniuscujusque
883 1891 1058 1947 forma
1095 1894 1489 1950 incrementum
1528 1895 1676 1966 capit
1703 1911 1767 1951 ac
1798 1896 1981 1968 pullu-

404 1978 521 2034 lat:
553 1979 631 2034 ita
676 1980 897 2036 Verbum
934 1980 1052 2049 Dei,
1090 1986 1306 2054 opinor,
1335 1988 1389 2041 in
1424 1985 1593 2041 Maria
1627 2004 1753 2042 caro
1782 1988 1984 2057 factum

402 2071 526 2127 est'
574 2091 590 2127 :
631 2081 688 2129 et
727 2074 782 2131 in
820 2073 1116 2130 Abrahami
1167 2077 1338 2147 stirpe
1382 2077 1548 2131 homo
1603 2093 1671 2133 ex
1720 2079 1983 2149 promissi

406 2160 514 2216 lide
540 2176 793 2233 repertus
815 2174 918 2220 est.
951 2163 1254 2220 Invenimus
1289 2168 1449 2232 enim,
1474 2168 1676 2237 inquit,
1704 2167 1982 2240 Messium,

403 2267 558 2323 quem
594 2254 808 2323 scripsit
843 2252 1074 2325 Moyses.
1107 2254 1253 2311 Idem
1301 2273 1433 2312 vero
1468 2257 1724 2330 Moyses:
1758 2259 1986 2315 Descen-

404 2345 521 2406 dat,
556 2343 755 2412 inquit,
793 2353 849 2396 ut
886 2343 1065 2411 pluvia
1093 2345 1356 2416 eloquium
1402 2364 1597 2415 meum,
1647 2359 1698 2403 et
1733 2359 1985 2421 tanquam

405 2443 571 2504 guttae
611 2434 878 2489 stillantes
925 2436 980 2489 in
1041 2445 1235 2491 terram
1263 2438 1305 2494 ⁸.
1337 2437 1468 2494 ltem
1507 2439 1677 2496 David
1712 2442 1982 2499 :Descen-

404 2527 500 2581 dat
531 2527 668 2582 sicut
695 2543 784 2581 ros
821 2528 875 2581 in
915 2526 1079 2583 vellus
1102 2529 1147 2585 ⁸.
1185 2529 1332 2584 Lana
1358 2531 1543 2602 itaque
1601 2547 1785 2588 rorem
1826 2533 1976 2589 exci-

408 2616 566 2687 piens
606 2616 774 2672 fetum
820 2626 985 2688 auget
1035 2618 1274 2676 velleris.
1324 2619 1495 2676 Terra
1544 2623 1783 2693 pluviam
1831 2625 1983 2680 exci-

408 2706 587 2779 piens,
615 2707 853 2762 lructum
877 2708 944 2763 ad
969 2712 1336 2766 maturitatem
1365 2712 1635 2782 perducit,
1666 2730 1841 2786 eaque
1863 2732 1985 2787 per-

409 2799 533 2854 l'usa
565 2814 632 2855 ex
661 2798 891 2869 imperio
933 2797 1146 2855 Domini
1193 2803 1473 2860 naturales
1520 2805 1705 2877 fruges
1734 2816 1984 2878 prompte

408 2907 475 2948 ac
502 2891 734 2947 libenter
762 2891 984 2959 emittit,
1025 2903 1078 2948 et
1110 2893 1181 2949 ab
1216 2895 1407 2950 eodem
1440 2910 1635 2952 rursus
1677 2899 1981 2969 accipiendi

406 2983 601 3055 majori
636 2982 907 3039 desiderio
950 2992 1188 3041 tenetur.
1230 2985 1321 3041 Sic
1370 2996 1425 3042 et
1463 2985 1630 3044 Maria
1662 2991 1818 3061 virgo
1856 3005 1982 3045 cum

406 3074 482 3130 ita
535 3077 957 3147 respondisset:
991 3073 1161 3142 Unde,
1225 3076 1423 3148 inquit,
1473 3095 1789 3150 cognoscam
1856 3081 1983 3135 mihi

404 3169 548 3225 istud
577 3169 912 3239 alutarum?
937 3170 1149 3224 audiit:
1183 3168 1417 3238 Spiritus
1457 3169 1670 3225 Domini
1715 3172 1771 3226 in
1806 3182 1855 3226 te
1888 3173 1982 3228 de-

407 3259 639 3326 scendet,
671 3269 722 3316 et
770 3263 940 3315 virtus
978 3259 1241 3314 Altissimi
1266 3259 1599 3314 abumbrabit
1648 3270 1695 3315 te
1723 3278 1743 3315 :
1771 3261 1985 3333 ideoque

406 3355 619 3425 etquod
649 3365 892 3409 nascetur
918 3370 983 3408 ea:
1010 3362 1076 3420 te,
1110 3354 1352 3408 sanctum
1389 3355 1571 3419 eril,et
1609 3353 1784 3411 Filius
1813 3357 1985 3415 Altis-

409 3444 533 3498 simi
554 3445 829 3500 vocabitur
853 3447 895 3499 ⁸.
927 3445 1183 3503 Christus
1209 3449 1263 3500 in
1298 3450 1493 3518 angelo
1532 3448 1773 3519 loquitur
1801 3467 1815 3503 :
1841 3458 1897 3505 et
1927 3451 1987 3506 in

409 3534 498 3589 sui
525 3534 701 3605 ipsius
723 3532 1051 3592 formatione
1078 3537 1428 3608 semetipsum
1465 3537 1731 3595 Dominus
1759 3539 1984 3611 effingit,

408 3626 548 3681 servi
595 3625 827 3696 formam
873 3627 1097 3684 inducas
1117 3627 1160 3682 ⁷.
1209 3627 1478 3684 Caeterum
1532 3629 1699 3685 Maria
1746 3630 1985 3688 Verbum

410 3715 508 3772 Dei
542 3717 612 3773 ad
651 3717 1083 3788 generationem,
1114 3719 1266 3775 velut
1319 3727 1465 3775 terra
1500 3721 1761 3792 pluviam,
1802 3722 1989 3778 haurit

407 3817 469 3866 et
510 3810 770 3878 attrahit;
818 3808 961 3866 Deus
1006 3826 1138 3866 vero
1185 3819 1437 3867 sanctum
1485 3828 1607 3869 sese
1647 3813 1883 3868 fructum
1930 3814 1986 3869 in

412 3900 631 3955 mortali
663 3900 772 3971 7o
803 3907 999 3955 natura
1052 3902 1386 3971 capessenda
1434 3903 1796 3959 demonstrat.
1845 3902 1988 3976 Ergo

413 3990 507 4047 hic
539 4006 608 4048 ex
635 3992 729 4046 illa
759 3998 918 4047 terra:
946 3992 1122 4049 instar
1144 4006 1208 4048 ac
1236 3994 1455 4050 velleris
1481 3996 1786 4052 attrahente
1813 3995 1990 4067 prole-

411 4088 536 4137 ctus
562 4088 671 4145 est,
711 4093 857 4136 verae
890 4082 1190 4154 solidasque
1219 4083 1332 4153 spei
1369 4082 1603 4148 fructus,
1634 4093 1689 4140 et
1717 4100 1748 4139 a
1776 4086 1988 4143 sanctis

409 4180 785 4244 exspectatus.
814 4172 1287 4242 Quemadmodum
1336 4173 1653 4232 Elisabetha
1678 4177 1817 4232 dixit
1843 4197 1859 4234 :
1896 4178 1992 4234 Be-

411 4265 620 4319 nedicta
657 4276 713 4319 tu
753 4266 888 4320 inter
912 4268 1179 4333 mulieres,
1210 4275 1260 4323 et
1307 4267 1604 4323 benedictus
1626 4268 1831 4338 fructus
1866 4286 1989 4324 ven-

413 4355 513 4409 tris
548 4354 689 4411 tui'.
723 4354 840 4411 lloc
879 4364 1060 4410 autem
1106 4373 1268 4412 omne
1307 4373 1375 4412 ex
1407 4358 1647 4413 humana
1677 4360 1991 4415 conditione

2096 1896 2346 1967 Ἀϐραὰμ
2372 1894 2657 1966 ἄνθρωπος
2695 1893 2987 1966 ηὑρίσκετο
3013 1890 3156 1947 κατὰ
3175 1889 3275 1960 τὴν
3303 1886 3656 1956 ἐπαγγελίανο

2083 1986 2439 2056 Εὑρήκαμεν
2466 1983 2576 2056 γὰρ
2593 1984 2905 2050 Μεσσίαν,
2943 1982 3015 2037 ὃν
3039 1981 3265 2052 ἔγραψε
3297 1978 3558 2045 Μωῠσῆς
3586 1976 3654 2031 ¹⁸.

2086 2078 2232 2148 Ἔφη
2251 2093 2266 2108 ⁸
2311 2074 2633 2142 Καταόήτω
2682 2075 2764 2141 ὡς
2795 2072 2971 2139 ὑετὸς
3012 2071 3079 2126 τὸ
3125 2067 3478 2140 ἁπόφθετμά
3510 2083 3654 2137 μου,

2082 2167 2181 2222 καὶ
2208 2167 2289 2231 ὡς
2324 2167 2364 2234 ἡ
2398 2163 2640 2234 σταγὼν
2678 2165 2717 2233 ἡ
2758 2160 3063 2224 στάζουσα
3095 2159 3194 2213 ἐπὶ
3234 2157 3344 2226 τὴν
3381 2152 3519 2228 γῆν.
3546 2152 3657 2207 Καὶ

2083 2260 2113 2313 ὁ
2139 2257 2334 2311 Δαϐίδ·
2367 2253 2690 2321 Καταόήτω
2733 2253 2815 2320 ὡς
2853 2251 3028 2317 ὑετὸς
3065 2248 3166 2304 ἐπὶ
3211 2249 3425 2302 πόκον.
3468 2245 3656 2314 Ἔριον

2082 2351 2260 2404 τοίνυν
2283 2347 2569 2420 δεχόμενον
2602 2345 2700 2417 τὴν
2732 2344 2943 2417 δρόσον,
2976 2342 3129 2410 αὔξει
3162 2340 3332 2395 πόκου
3357 2337 3520 2409 γονήν
3540 2353 3554 2368 ⁶
3582 2336 3656 2408 γῆ

2081 2437 2420 2510 δὲδεχομένη
2445 2437 2537 2492 τὸν
2565 2436 2718 2490 ὑετὸν
2745 2437 2810 2499 ¹⁶,
2844 2433 2998 2499 αὔξει
3035 2433 3245 2506 καρπὸν
3273 2429 3656 2501 προστάγματι

2081 2529 2353 2584 Δεσπότου
2377 2569 2395 2596 ,
2453 2526 2814 2601 προσδιδοῦσα
2859 2526 2960 2596 τὴν
2997 2524 3157 2594 φύσιν
3190 2519 3652 2593 προθυμοτέροις·

2080 2622 2144 2677 τδ
2192 2622 2250 2676 δὲ
2300 2620 2599 2693 λαμϐάνειν
2638 2621 2768 2691 παρ’
2811 2615 2973 2673 αὑτοῦ
3025 2616 3186 2670 πλέον
3231 2614 3345 2687 ἔχει
3374 2610 3653 2684 ίσπουδήν.

2082 2717 2240 2773 Οὕτω
2269 2716 2333 2789 δὴ
2366 2716 2462 2771 καὶ
2489 2717 2525 2788 ἡ
2559 2713 2827 2787 παρθένος
2856 2710 3044 2783 Μαρία
3063 2748 3079 2774 ,
3124 2708 3288 2763 Κατὰ
3326 2707 3386 2761 τι
3426 2705 3657 2776 γνώσο-

2077 2827 2185 2881 μαι
2222 2808 2433 2875 τοῦτο,
2470 2808 2657 2880 φησὶν,
2686 2806 2776 2860 ὅτι
2805 2805 2977 2859 ἔσται
3020 2819 3124 2873 μοι
3168 2800 3344 2855 τοῦτο
3365 2815 3384 2863 ;
3409 2798 3608 2868 ἢκουσε
3635 2810 3653 2828 ο

2082 2901 2328 2972 Πνεῦμα
2375 2898 2596 2970 Κυρίου
2646 2899 2745 2954 ἐπὶ
2794 2896 2898 2965 σὲ,
2925 2897 3025 2952 καί
3070 2895 3323 2963 δύναμις
3368 2887 3656 2961 Ὑψίστου

2081 2990 2423 3047 ἐπισκιάσει
2470 3007 2571 3045 σοι
2597 3007 2611 3022 ·
2660 2988 2753 3043 διὸ
2783 2989 2885 3046 καί
2912 2987 2980 3042 τὸ
3017 2985 3394 3055 γεννώμενον
3419 2982 3489 3035 ἐκ
3514 2978 3654 3043 σοῦ,

2083 3083 2256 3155 ἅγιον
2306 3082 2479 3137 ἔσται
2503 3120 2520 3146 ,
2568 3078 2671 3135 καὶ
2737 3077 2870 3144 Υἱὸς
2922 3062 3209 3145 Ὑψίστου
3267 3070 3652 3140 κληθήσεται.

2010 3140 2053 3198 ο
2086 3140 2323 3247 κ’ριστδς
2350 3175 2409 3229 ιν
2436 3140 2653 3253 mtto
2691 3140 2870 3234 λαλεῖ,
2916 3140 3245 3223 ἀναπλάττει
3292 3164 3350 3219 δὲ
3383 3162 3571 3218 ιαυτδν
3598 3164 3660 3217 ιν

2083 3270 2152 3339 τῇ
2186 3264 2381 3321 ἑαυτοῦ
2411 3258 2604 3317 πλάσει
2616 3261 2929 3332 όΔεσπότης
2935 3257 3178 3330 μορφὴν
3196 3253 3420 3313 δούλου
3437 3256 3653 3313 λαϐὼν.

2085 3357 2197 3412 Καὶ
2227 3356 2415 3428 Μαρία
2468 3355 2566 3428 μὲν
2613 3354 2876 3424 ἀνιμᾶται
2903 3349 2996 3404 τὸν
3041 3348 3214 3419 Λόγον
3246 3348 3328 3410 είς
3381 3344 3657 3415 σύλληψιν,

2085 3449 2162 3513 ὡς
2183 3448 2336 3503 ὑετὸν
2365 3450 2399 3518 ἡ
2434 3447 2538 3518 γῆ’
2569 3445 2763 3501 ἑαυτὸν
2782 3444 2840 3498 δὲ
2862 3441 3076 3514 καρπὸν
3100 3440 3256 3509 ἅγιον
3286 3437 3660 3492 ὑποδείκνυσιν

2086 3543 2115 3594 ὁ
2157 3539 2252 3596 τοῦ
2313 3539 2448 3593 Θεοῦ
2518 3538 2686 3608 Λόγος
2740 3535 3180 3608 προσλαωμενος
3229 3525 3424 3600 θνητοῦ
3474 3526 3658 3598 φύσιν.

2087 3629 2275 3694 Οὕτως
2302 3632 2344 3663 ¹⁷
2375 3626 2469 3684 οὑν
2499 3629 2557 3696 ἐξ
2579 3627 2753 3698 αὑτῆς
2771 3624 3073 3698 άνιμώσης,
3107 3624 3185 3687 ὡς
3210 3622 3283 3692 γῆ
3312 3620 3406 3675 καὶ
3437 3619 3603 3682 πόκος
3632 3619 3664 3672 6

2084 3722 2186 3792 τῆς
2227 3718 2461 3791 ἀληθοῦς
2505 3718 2718 3781 ἐλπίδος
2745 3715 2956 3789 καρπὸς
2979 3754 2994 3780 ,
3025 3715 3060 3784 ἡ
3098 3712 3208 3766 τῶν
3238 3709 3407 3780 ἁγίων
3435 3708 3665 3780 προσδοο

2086 3812 2211 3875 uia,
2244 3794 2425 3874 καθὼς
2470 3809 2749 3863 Ἐλισάϐετ
2790 3807 2975 3876 ελεγεν
2996 3821 3012 3838 ’
3047 3802 3441 3873 Εὐλογημένη
3473 3801 3556 3855 σὺ
3593 3799 3665 3854 ἐν

2085 3901 2345 3974 γυναιξὶ,
2377 3901 2475 3956 καί
2508 3899 2912 3969 εὐλογημένος
2937 3900 2971 3953 ό
3014 3896 3246 3965 καρπὸς
3275 3891 3386 3963 τῆς
3431 3893 3665 3956 κοιλίας

2087 4009 2207 4052 σου
2241 4010 2258 4027 ο
2323 3995 2383 4048 ἓν
2449 3992 2817 4066 προσελάϐετο
2863 3989 2924 4055 ἐξ
2984 3989 3402 4060 ἀνθρωπότητος
3450 3982 3662 4045 παθὼν,

2087 4084 2304 4157 ἀπαθὴς
2340 4083 2416 4138 ὣν
2462 4084 2493 4137 ό
2534 4083 2722 4153 Λόγος.
2767 4075 2958 4147 Οὗτος
2984 4080 3161 4148 ἄρτος
3187 4082 3221 4133 ό
3252 4077 3395 4139 ζῶν,
3425 4079 3460 4130 ὁ
3486 4091 3664 4129 κατα-

2090 4175 2198 4241 ϐὰς
2217 4175 2286 4240 ἐξ
2313 4174 2574 4243 οὐρανοῦ
2592 4215 2607 4240 ,
2634 4174 2728 4227 καὶ
2750 4173 2895 4243 ζωὴν
2925 4170 3128 4234 διδούς·
3162 4163 3318 4232 οὗτος
3341 4170 3371 4222 ὁ
3406 4167 3506 4237 τῆς
3534 4167 3665 4236 άλη-

2091 4266 2217 4330 θοῦς
2239 4266 2424 4329 ἐλαίας
2448 4265 2692 4336 καρπὸς,
2720 4264 2783 4320 τὸ
2817 4264 2994 4317 έλαιον
3018 4263 3120 4334 τῆς
3147 4262 3380 4333 χρίσεως
3423 4257 3519 4313 καὶ
3565 4259 3665 4327 τῆς

2095 4358 2412 4422 συνθέσεως,
2431 4357 2461 4410 δ
2480 4355 2833 4429 πρωτόπωσε
2861 4355 3122 4427 Μωὺσῆς.
3148 4350 3316 4417 Οὗτος
3337 4351 3377 4421 ἠ
3403 4347 3662 4419 ἀληθινὴ

415 4457 483 4497 ac
523 4451 719 4498 natura
764 4443 819 4498 in
855 4459 977 4500 sesc
1030 4444 1316 4498 transtulit
1353 4438 1591 4498 Verbum
1643 4444 1798 4506 illud,
1844 4444 1985 4514 quod

2092 4448 2381 4518 ἄμπελος,
2411 4449 2478 4519 ἢν
2502 4448 2737 4520 γεωργεῖ
2765 4447 2923 4520 μόνος
2955 4450 2983 4502 ό
3014 4446 3202 4519 Πατὴρ
3227 4486 3241 4509 ,
3272 4446 3465 4517 βότρυν
3491 4443 3665 4514 χαρᾶς

414 4549 619 4605 expers
667 4534 873 4604 alioqui
924 4535 1200 4606 passionis
1262 4536 1471 4606 perpeti
1512 4536 1707 4591 voluit.
1754 4535 1858 4592 Hic
1909 4545 1989 4591 est

416 4627 571 4697 panis
615 4625 706 4680 ille
738 4624 881 4681 vivus
931 4627 1020 4697 qui
1063 4626 1127 4681 de
1173 4629 1301 4680 casto
1340 4624 1605 4679 descendit
1628 4627 1672 4692 ',
1725 4641 1790 4683 ac
1824 4627 1989 4682 vitam

418 4717 703 4790 impertiit.
731 4716 833 4773 Hic
864 4727 948 4774 est
980 4734 1124 4773 vera:
1164 4717 1378 4774 fructus
1422 4718 1593 4782 oleae;
1627 4718 1904 4775 unctionis
1936 4729 1992 4774 et

418 4807 835 4880 compositionis
900 4807 1081 4863 oleum
1134 4808 1303 4873 illud,
1352 4806 1496 4877 quod
1540 4806 1756 4879 Moyses
1811 4809 1993 4879 specie

417 4900 656 4973 quadam
701 4899 1128 4956 adumbravit".
1170 4899 1313 4955 Idem
1349 4916 1469 4954 rem
1491 4900 1612 4954 vitis
1644 4902 1805 4967 est“,
1830 4917 1990 4973 quam

423 4993 579 5049 solus
601 4984 767 5048 Pater
792 4992 943 5057 colit,
972 4992 1066 5063 qui
1094 4991 1298 5048 laetitiae
1321 4992 1482 5047 nobis
1499 5006 1659 5047 uvam
1685 4994 1991 5065 progenuit.

422 5083 522 5141 llic
552 5093 639 5142 est
665 5101 804 5156 aqua
830 5084 928 5139 illa
957 5084 1093 5148 viva,
1124 5100 1285 5156 quam
1316 5085 1500 5140 sitiens
1526 5084 1679 5140 homo
1704 5101 1824 5140 cum
1852 5086 1994 5142 bibe-

496 5262 512 5294 ⁸
543 5260 585 5315 11
612 5261 751 5316 Tim.
788 5274 850 5323 ιι,
875 5259 929 5316 5.
1002 5261 1022 5293 ²
1047 5254 1206 5319 Ioan.
1239 5276 1279 5327 ι,
1313 5261 1399 5317 lt.
1497 5261 1519 5294 ³
1551 5259 1708 5315 Joan.
1742 5277 1782 5325 ι,
1808 5261 1898 5316 4‘5.

420 5331 445 5366 '
482 5329 716 5401 Philipp.
751 5345 813 5401 tl,
840 5331 891 5383 7.
985 5331 1008 5364 ⁸
1045 5331 1179 5390 Luc.
1211 5348 1250 5397 I,
1283 5332 1374 5387 θ.
1465 5330 1673 5401 Μυκη.
1707 5346 1784 5395 Vl,
1820 5331 1909 5386 5|.

427 5401 472 5434 “
496 5417 589 5471 γρ.
630 5400 722 5472 παὶ
748 5400 979 5472 είδομεν.
1054 5402 1099 5434 ³⁸
1123 5420 1212 5472 γρ.
1248 5402 1415 5456 αὑτοῦ
1448 5400 1603 5466 αῦξει
1632 5402 1794 5472 φυήν.

1874 5402 1918 5433 ⁸⁸
1942 5399 2101 5455 Deest
2129 5400 2356 5466 aliquid.

2091 4540 2359 4610 γεννήσας
2404 4541 2554 4612 ἡμῖν.
2592 4532 2763 4605 Οὗτος
2810 4540 2877 4595 τὸ
2907 4540 3065 4610 ὕδωρ
3099 4541 3166 4594 τὸ
3207 4538 3319 4602 ζῶν
3341 4578 3358 4603 ,
3405 4537 3437 4591 ὃ
3471 4534 3667 4606 διψῶν

2093 4631 2402 4700 ἄνθρωπος
2430 4634 2649 4700 λαϐὼν,
2688 4635 2762 4688 οὑ
2797 4632 3045 4703 διψήσει
3073 4632 3260 4686 πάλιν
3283 4672 3298 4696 ,
3331 4631 3468 4687 ἀλλ’
3497 4629 3667 4683 ἔστιν

2093 4724 2164 4778 ἐν
2192 4722 2267 4793 τῇ
2294 4726 2491 4791 κοιλίᾳ
2519 4725 2706 4781 αὑτοῦ
2731 4726 3072 4795 (ἰλλόμενον
3099 4725 3186 4790 εὶς
3224 4721 3378 4791 ζωὴν
3402 4719 3664 4775 aitEn-tor.

2107 4814 2202 4870 Ἐκ
2234 4816 2422 4871 τούτου
2454 4814 2709 4881 λαϐόντες
2734 4815 3042 4888 μετέδωκαν
3070 4816 3118 4869 oi
3155 4815 3264 4869 νέοι
3309 4811 3543 4884 γεωργοὶ
3588 4810 3668 4872 είς

2094 4905 2187 4960 τὸν
2241 4907 2478 4978 κόσμονο
2528 4908 2748 4961 παλαιοὶ
2798 4905 2857 4959 δὲ
2910 4904 3145 4978 γεωργοὶ
3199 4902 3463 4973 ὲξήραναν
3491 4901 3535 4934 ¹⁸
3575 4896 3670 4954 καὶ

2093 4994 2349 5068 ἐφθειραν
2372 4994 2462 5049 διὰ
2486 4995 2977 5066 άπιστίαν.Δῖματι
3005 4995 3103 5065 μὲν
3132 4991 3296 5046 αὑτοῦ
3325 4988 3668 5059 άγιάζεταιη

2093 5088 2162 5140 τὰ
2188 5087 2347 5157 ἔθνη’
2387 5086 2663 5157 Πνεύματι
2709 5086 2766 5139 δὲ
2805 5084 2973 5139 αὑτοῦ
3022 5084 3136 5155 ίδίῳ
3167 5084 3358 5154 ἀνάγει
3386 5084 3512 5147 τοὺς
3540 5080 3671 5149 ulna

2002 5262 2024 5295 δ
2055 5260 2209 5315 Deut.
2246 5277 2417 5324 χχιιι,
2449 5261 2503 5314 ‘2.
2586 5261 2608 5294 ⁸
2633 5259 2777 5314 Psal.
2812 5277 2964 5326 Lxxt,
2993 5262 3046 5317 ϐ.
3136 5261 3159 5294 ⁸
3187 5260 3324 5316 Luc.
3363 5275 3402 5319 I.
3436 5257 3507 5314 54
3543 5274 3668 5329 sqq.

2008 5329 2055 5364 ¹⁶
2086 5330 2252 5384 Exod.
2293 5347 2419 5393 xxx,
2445 5329 2534 5385 24.
2614 5332 2655 5362 ’⁸
2684 5330 2843 5388 Joan.
2883 5349 2972 5395 xv,
3000 5334 3052 5386 l.

3158 5334 3202 5366 ιε
3228 5348 3320 5400 γρ.
3352 5331 3447 5385 καὶ
3475 5328 3669 5397 Λόγος.

2436 5402 2477 5473 ιξ
2507 5400 2798 5472 Perperam
2823 5404 2937 5458 haec
2959 5402 3156 5458 haeresi
3187 5403 3256 5458 74
3280 5400 3352 5458 ita
3368 5401 3669 5473 leguntur:

416 5464 610 5543 δεχόμ.
644 5470 734 5524 τὸν
770 5464 980 5534 ἐλπίδος
999 5464 1245 5545 γεωργὸν
1271 5472 1447 5526 ὑετόν.
1526 5464 1567 5504 ίτ
1599 5464 1690 5539 γρ.
1715 5464 1891 5534 οὗτος.
1963 5470 2008 5502 ¹⁸
2034 5487 2126 5539 ττρ.
2160 5464 2380 5540 ἐξῆραν.
2459 5471 2502 5504 ⁸³
2530 5464 2631 5542 rp:
2649 5473 2846 5529 ἑαυτοῦ
2872 5473 3110 5544 ἁγιάζει.

724 5622 1120 5699 σλαϐόμενον.
1163 5625 1420 5699 Petavius
1462 5622 1625 5678 vertit
1654 5621 1983 5699 adiunctum.
2012 5620 2342 5680 Thomasius
2379 5634 2566 5684 noster
2601 5635 2776 5685 totum
2822 5629 2969 5685 hunc
3026 5627 3410 5686 similitudinis
3475 5625 3675 5698 pluvia:

496 5618 657 5695 (5)11
724 5622 1120 5699 σλαϐόμενονι.
1163 5625 1420 5681 Petavius
1462 5622 1625 5678 vertit
1654 5621 1808 5691 adjam

426 5695 606 5756 locum
647 5645 951 5759 goetaviante
982 5694 1448 5767 interpretationis
1482 5692 1808 5748 emendavit.

2081 5831 2146 5843 As
