4018 6210
424 348 527 403 139

1804 341 1859 396 S.
1909 336 2250 397 ΕΡΙΡΗΛΝΙΙ

3583 341 3689 397 HO

418 466 643 528 sancta;
676 460 779 516 tria
819 457 995 514 forma
1032 456 1281 529 praedita,
1330 455 1436 511 tria
1460 455 1708 514 eamdem
1763 456 1989 514 formam

2097 476 2218 531 τητι
2247 457 2465 531 χάριτος
2492 457 2707 531 Πατρδς
2737 458 2832 515 καὶ
2855 455 2989 515 Υίοῦ
3034 458 3129 512 καὶ
3157 455 3313 526 ἁγίου
3344 456 3686 529 Πνεὺματος.

422 552 704 621 habentia;
745 553 851 607 tria
886 551 1147 616 eﬂicacia,
1190 551 1295 605 tria
1336 550 1499 607 simul
1533 550 1856 618 eliicientia;
1884 552 1992 606 tria

418 645 806 710 subsistentia,
854 645 957 699 tria
1007 642 1171 699 simul
1238 642 1605 699 subsistentia
1660 650 1716 697 et
1758 642 1993 698 invicem

420 738 733 808 conjuncta.
777 737 953 806 Atque
1005 748 1069 790 ea
1127 732 1346 789 demum
1395 743 1587 790 sancta
1613 733 1855 790 Trinitas
1894 750 1992 806 ap~

418 830 669 899 pellatur,
695 827 748 881 in
775 842 881 898 qua
915 825 1020 880 tria
1041 832 1192 891 sunt,
1226 825 1321 881 sed
1352 840 1461 880 una
1487 826 1649 881 trium
1678 826 1994 892 consensio,

418 935 523 974 una
549 917 807 972 divinitas
836 914 1085 986 ejusdem
1104 914 1326 971 virtutis
1353 915 1710 987 ejusdemque
1736 917 1997 973 substan-

416 1008 520 1070 tiae,
562 1004 759 1061 similis
783 1019 813 1060 c
845 1004 1048 1071 simili;
1081 1018 1204 1074 quae
1235 1006 1499 1075 aequalem
1541 1007 1773 1077 gratiam
1806 1023 1872 1063 ex
1905 1021 1996 1062 ea—

417 1097 536 1153 dem
565 1095 728 1152 efﬁcit
760 1096 934 1167 gratia
968 1095 1150 1151 Patris
1183 1103 1239 1152 et
1275 1095 1400 1152 Filii
1430 1112 1495 1153 ac
1526 1097 1764 1170 Spiritus
1796 1098 1993 1155 sancti.

413 1191 661 1258 Quonam
702 1203 835 1244 vero
865 1186 1029 1242 modo
1050 1188 1228 1259 possit
1251 1188 1399 1245 istud
1431 1204 1576 1257 esse,
1608 1190 1856 1263 ipsismet
1887 1191 1996 1248 illis

414 1286 720 1342 docendum
741 1285 1069 1355 relinquitur
1096 1302 1111 1340 :
1142 1281 1333 1349 Nemo,
1360 1282 1560 1353 inquit,
1586 1282 1729 1337 norit
1752 1281 1993 1348 Patrem,

415 1380 521 1434 nisi
547 1377 758 1443 Filius;
797 1394 959 1449 neque
988 1376 1215 1443 Filium,
1252 1377 1357 1431 nisi
1397 1374 1584 1441 Pater,
1611 1384 1661 1430 et
1695 1377 1783 1429 cui
1816 1373 1995 1428 Filius

414 1472 661 1527 revelarit
692 1472 744 1526 ἐ
782 1471 871 1526 cui
907 1479 1088 1526 autem
1121 1484 1217 1538 per
1252 1468 1518 1539 Spiritum
1556 1474 1807 1523 sanctum
1837 1479 1995 1521 reve-

413 1566 509 1628 lat,
545 1565 596 1621 ei
638 1574 693 1621 et
722 1563 886 1619 Pater
920 1563 1144 1619 revelat.
1179 1562 1307 1617 Tria
1348 1562 1516 1633 igitur
1558 1562 1664 1617 ista
1704 1571 1854 1629 sunt,
1900 1568 1996 1616 aut

412 1675 478 1713 ex
509 1658 651 1729 ipso,
689 1667 781 1712 aut
819 1657 888 1713 ab
927 1656 1068 1727 ipso,
1110 1663 1205 1710 aut
1235 1655 1302 1709 ad
1343 1655 1565 1725 ipsum;
1599 1669 1722 1724 qua!
1767 1654 1822 1709 in
1855 1669 1995 1709 uno-

2098 552 2171 609 T6
2223 554 2281 608 δὲ
2332 552 2488 620 πῶς,
2517 554 2701 618 αὑτοῖς
2733 551 3091 607 ἀπολείπεται
3130 550 3439 605 διδάσκειν·
3478 548 3689 618 Οὐδείς
3772 599 3791 605 -

2096 645 2205 718 γὰρ
2254 640 2378 700 οἷδε
2408 645 2517 700 τὸν
2551 644 2783 714 Πατέρα
2818 646 2872 700 εί
2912 642 3000 714 μὴ
3049 646 3083 697 ὁ
3124 642 3293 709 Υἱὸς,
3327 641 3529 709 οὐδεὶς
3578 643 3690 697 τὸν

2097 737 2233 791 Υίὸν
2256 739 2306 791 εί
2334 736 2421 807 μὴ
2468 740 2502 793 ὁ
2544 736 2783 807 Πατὴρ,
2814 735 2914 791 καὶ
2937 727 2986 802 ᾧ
3010 736 3121 790 ἐὰν
3146 738 3180 790 ό
3221 734 3690 801 Υίόςάποκαλύ·

2097 832 2210 900 ψῃ.
2250 830 2289 862 ¹¹
2310 828 2709 897 Ἀποκαλύπτει
2740 829 2799 883 δὲ
2827 828 2915 883 διὰ
2950 826 3269 899 Πνεύματος
3292 825 3447 895 ἁγίου
3468 865 3485 892 ,
3513 824 3689 896 τούτῳ

2099 923 2192 977 καὶ
2219 925 2249 977 6
2271 922 2464 995 Πατὴρ
2495 920 2893 977 ἀποκαλύπτει.
2930 919 3141 975 Οὐκοῦν
3177 917 3349 974 ταῦτα
3378 918 3507 991 τρία
3532 916 3685 979 ὄντα,

2097 1016 2131 1088 ἢ
2165 1014 2224 1081 ἐξ
2268 1014 2433 1071 αὑτοῦ
2458 1056 2473 1081 ,
2505 1015 2538 1087 ἢ
2584 1016 2715 1086 παρ’
2748 1012 2948 1080 αὑτοῦ,
2995 1012 3030 1085 ἢ
3066 1012 3203 1085 πρὸς
3260 1010 3422 1065 αὑτὸν
3471 1010 3688 1081 ἑκάστῳ

2097 1106 2262 1173 ἀξίως
2289 1106 2556 1178 νοούμενα
2581 1147 2595 1173 ,
2646 1104 2831 1171 καθὼς
2879 1104 3049 1159 ἑαυτὰ
3079 1101 3497 1167 ἀποκαλύπτει,
3546 1101 3684 1172 φῶς,

2096 1198 2211 1271 πῦρ
2228 1241 2243 1265 ,
2271 1198 2487 1271 πνεῦμα
2512 1241 2527 1266 ,
2553 1197 2647 1254 καὶ
2670 1198 2880 1264 ἄλλαις,
2903 1192 3080 1268 οἶμαι,
3099 1196 3342 1268 ὀράσεων
3372 1192 3685 1266 ὁμοιώσεσι,

2097 1291 2280 1354 καθὼς
2327 1292 2477 1359 ἄξιος
2512 1292 2539 1344 6
2571 1289 2986 1362 διακονούμενος
3034 1288 3342 1360 ἄνθρωπος.
3371 1287 3546 1353 Δὺτδς
3574 1286 3687 1341 τοί-

2095 1399 2191 1436 νυν
2216 1384 2245 1437 6
2276 1382 2409 1447 Θεὸς
2432 1383 2458 1435 6
2481 1384 2538 1435 ὲν
2575 1384 2717 1454 ἀρχῇ
2750 1381 2952 1435 εἰπών·
2986 1375 3345 1449 Γεννηθήτω
3376 1378 3536 1449 φῶς,
3586 1379 3688 1435 καὶ

2095 1474 2331 1547 ἐγένετο
2361 1475 2572 1545 φῶςη,
2606 1475 2768 1538 αὑτὸς
2799 1476 2827 1529 6
2856 1473 3101 1545 φωτίσας
3132 1475 3281 1545 ἡμᾶς
3318 1472 3380 1525 τὸ
3409 1472 3527 1543 φῶς
3559 1473 3688 1527 ἰδεῖν

2093 1568 2156 1621 τὸ
2182 1567 2433 1639 ἀληθινὸν
2481 1567 2543 1621 τὸ
2584 1566 2836 1637 φωτίζον
2875 1565 3075 1622 πάντα
3101 1565 3419 1634 ἄνθρωπον
3443 1565 3689 1634 ἐρχόμε-

2094 1676 2206 1714 νον
2237 1660 2325 1726 είς
2354 1657 2463 1712 τὸν
2492 1658 2748 1729 κόσμον.
2797 1656 3272 1723 Ἐξαπόστειλον
3302 1654 3370 1710 τὸ
3413 1654 3539 1725 φῶς
3566 1667 3687 1710 σου

412 1765 663 1821 quoque,
724 1757 783 1803 ut
824 1764 922 1820 par
967 1756 1084 1816 est,
1133 1748 1533 1819 intelliguntur,
1581 1756 1743 1819 prout
1783 1746 1989 1817 seipsas

2098 1751 2196 1805 καί
2221 1750 2334 1821 τὴν
2362 1749 2652 1817 ἀλήθειάν
2675 1764 2793 1805 σου
2815 1790 2830 1813 ,
2861 1750 3027 1822 φησὶν
3056 1751 3084 1803 6
3117 1748 3302 1802 Aa6l8.
3335 1748 3507 1813 Αὐτός
3536 1748 3685 1803 ἐστιν

413 1860 661 1915 persona:
688 1843 791 1898 illa:
820 1842 1137 1907 declarant;
1172 1841 1286 1906 lux,
1324 1840 1484 1911 ignis,
1512 1838 1765 1911 spiritus,
1797 1846 1852 1894 ct
1883 1854 1979 1894 ca:-

2094 1845 2122 1897 6
2166 1842 2372 1913 Κύριος
2420 1844 2448 1896 6
2499 1840 2670 1896 εἰπών
2702 1857 2719 1876 ο
2784 1840 2890 1895 Ἔν
2944 1840 3074 1907 ταῖς
3106 1838 3397 1911 ἐσχάταις
3436 1838 3685 1910 ἡμέραις

410 1945 648 1991 terarum
683 1949 865 1990 rerum
906 1933 1322 2004 aspectabilium
1364 1931 1680 1987 nominibus
1715 1930 1989 2002 appellan-

2094 1932 2285 2004 ἐκχεῶ
2313 1933 2432 1989 ἀπὸ
2462 1933 2572 1988 τοῦ
2600 1933 2949 2003 Πνεύματός
2998 1949 3119 2004 μου
3143 1976 3159 2000 ,
3202 1932 3302 1986 καὶ
3349 1930 3688 2002 προφητεύ-

408 2034 517 2088 tur,
552 2040 652 2097 pro
676 2041 740 2081 eo
764 2040 827 2080 ac
855 2024 1079 2095 quilibet
1097 2023 1380 2078 hominum
1410 2022 1610 2093 dignus
1636 2030 1743 2086 est,
1773 2021 1862 2075 cui
1888 2021 1989 2075 hoc

2097 2040 2322 2078 σουσιν
2369 2026 2424 2078 οί
2465 2024 2582 2079 υίοὶ
2632 2022 2864 2086 αὐτῶν,
2896 2022 2993 2076 καὶ
3022 2024 3082 2076 al
3115 2022 3433 2093 θυγατέρες
3461 2019 3683 2088 αὐτῶν,

410 2117 573 2172 ollicii
605 2132 778 2188 genus
810 2116 1166 2187 impenditur.
1196 2114 1341 2171 Deus
1379 2113 1546 2185 igitur
1578 2114 1668 2168 ille
1707 2113 1801 2184 qui
1834 2112 1989 2169 initio

2097 2116 2195 2170 καὶ
2239 2117 2294 2169 οί
2342 2115 2656 2171 νεανίσκοι
2704 2113 2905 2169 αὐτῶν
2934 2114 3175 2183 ὁράσεις
3214 2116 3468 2185 ὄψονται
3490 2131 3504 2145 ⁸
3557 2116 3687 2187 τρία

410 2211 586 2265 dixit:
621 2208 745 2263 Fiat
777 2210 891 2275 lux,
922 2218 973 2263 et
1002 2208 1147 2279 facta
1174 2217 1250 2263 est
1284 2206 1639 2278 aspcctabilis
1661 2207 1752 2260 illa
1783 2206 1876 2261 luas
1930 2208 1952 2237 ¹
1974 2245 1990 2272 ,

411 2302 527 2371 ipse
564 2308 669 2365 est,
702 2300 794 2370 qui
836 2300 902 2354 ad
939 2314 1128 2355 verum
1161 2300 1345 2354 lumen
1376 2297 1698 2353 intuendum
1730 2297 1891 2353 nobis
1924 2297 1983 2351 il-

2098 2208 2365 2279 πρόσωπα
2387 2207 2548 2277 ἁγίας
2575 2206 2917 2281 λειτουργίας
2942 2207 3157 2273 δεικνὺς
3190 2208 3323 2280 ἡμῖν
3353 2208 3413 2276 ἐξ
3444 2207 3687 2264 ὑποστά-

2101 2316 2237 2362 σεως
2268 2299 2315 2330 ¹⁸
2347 2296 2514 2367 οὑσης
2542 2298 2751 2371 τρίτης.

402 2396 568 2460 luxit,
605 2396 743 2468 quod
773 2396 1043 2449 illuminat
1077 2411 1282 2449 omnem
1338 2394 1602 2449 hominem
1643 2393 1929 2447 venientem
1984 2394 2040 2447 in
2080 2392 2333 2446 mundum
2353 2393 2393 2446 ³.
2428 2392 2627 2448 Emitte
2667 2394 2833 2448 lucem
2872 2402 3044 2458 tuam,
3101 2394 3177 2449 ait
3235 2391 3406 2449 David
3433 2392 3475 2460 ⁸,
3520 2402 3571 2447 et
3599 2409 3683 2448 ve-

411 2488 620 2540 ritatem
657 2496 822 2541 tuam.
854 2486 949 2541 Ille
994 2487 1110 2557 ipse
1143 2485 1403 2540 Dominus
1435 2493 1540 2549 est,
1579 2484 1673 2555 qui
1728 2483 1905 2539 dixit:
1942 2482 2008 2539 In
2038 2485 2334 2540 novissimis
2368 2483 2550 2539 diebus
2583 2484 2852 2554 e/fundam
2881 2486 2945 2540 de
2971 2484 3174 2555 Spiritu
3202 2501 3314 2540 meo
3374 2488 3428 2538 in
3479 2501 3683 2539 onmem

409 2598 651 2646 carnem,
692 2591 741 2637 et
772 2580 1154 2651 prophetabunt
1185 2581 1288 2650 ﬁlii
1316 2596 1522 2646 eorum,
1551 2590 1603 2635 et
1643 2580 1773 2650 ﬁlice
1816 2580 2052 2647 illorum,
2093 2590 2144 2635 et
2180 2580 2535 2635 adolescentes
2566 2580 2801 2649 ipsorum
2850 2582 3073 2636 uisiones
3124 2578 3363 2635 videbunt
3390 2579 3433 2634 ⁸.
3473 2580 3548 2634 Ac
3573 2587 3686 2637 tres

414 2679 710 2734 I‘unctionis
754 2692 926 2734 sacrae
954 2692 1220 2750 personas
1248 2677 1407 2733 nobis
1428 2676 1687 2743 ostendit,
1716 2692 1841 2733 cum
1872 2678 2033 2734 tertia
2058 2692 2124 2734 ex
2152 2677 2433 2749 hypostasi
2466 2678 2723 2749 procedat
2746 2676 3081 2749 hypostasis.

480 2792 716 2848 LXVIII.
763 2793 896 2849 Dico
941 2795 1107 2867 igitur
1154 2795 1429 2851 Christum
1484 2796 1789 2852 ministrum
1828 2796 1994 2867 fuisse

396 2885 832 2941 circumcisionis
866 2902 961 2955 pro
994 2888 1216 2943 veritate
1245 2888 1363 2955 Dei,
1399 2896 1457 2942 ut
1482 2891 1747 2960 promissa
1768 2888 1995 2959 comple-

408 2976 548 3031 ret‘.
603 2976 777 3032 Porro
828 2977 1092 3050 Spiritum
1138 2990 1391 3037 sanctum
1438 2998 1549 3038 una
1598 2983 1915 3039 ministrare
1962 2997 1995 3039 e

408 3084 692 3126 sacrorum
766 3070 1058 3127 Librorum
1132 3077 1464 3131 auctoritate
1525 3075 1600 3130 ita
1673 3074 1989 3131 didicimus.

2169 2794 2295 2848 ΞΗ¹.
2332 2792 2497 2864 Λέγω
2531 2790 2647 2851 οὖν
2692 2794 2953 2863 Χριστὸν
2998 2792 3285 2849 διάκονον
3324 2791 3689 2863 γεγενῆσθαι

2103 2885 2430 2956 περιτομῆς
2461 2886 2616 2957 ὑπὲρ
2647 2887 2936 2954 ἀληθείας
2976 2886 3126 2941 Θεοῦ
3152 2887 3243 2954 εις
3268 2884 3337 2939 τὸ
3369 2884 3689 2952 πληρῶσαι

2099 2979 2209 3045 τὰς
2253 2978 2652 3049 ἐπαγγελίας,
2710 2978 3074 3033 συνδιακονεῖν
3118 2977 3179 3032 δὲ
3234 2977 3297 3032 τὸ
3344 2976 3571 3048 Πνεῦμα
3624 2976 3691 3031 τὸ

2100 3072 2255 3142 ἆγιον
2300 3072 2833 3144 συμπαρειλήφαμεν
2878 3074 2943 3126 ἐκ
2995 3071 3156 3126 θείων
3205 3070 3439 3145 Γραφῶν
3490 3069 3682 3134 οὑτως.

396 3161 661 3219 Christus
691 3178 720 3215 a
754 3161 916 3219 Patre
948 3165 1206 3232 mittitur,
1236 3166 1475 3222 mittitur
1502 3177 1559 3222 et
1588 3165 1828 3237 Spiritus
1865 3182 1989 3222 san-

2108 3163 2522 3218 ’Δποστέλλεται
2554 3165 2584 3217 6
2633 3162 2869 3235 Χριστὸς
2914 3164 3023 3218 ἀπὸ
3068 3164 3322 3236 Πατρὸς,
3360 3161 3689 3217 ἀποστέλλε-

406 3261 529 3308 ctus
556 3271 569 3307 :
607 3253 863 3309 Christus
892 3254 949 3309 in
982 3259 1189 3313 sanctis
1219 3257 1478 3328 loquitur,
1513 3257 1755 3328 loquitur
1782 3264 1836 3313 et
1867 3256 1992 3327 Spi-

408 3342 549 3398 ritus
594 3352 861 3399 sanctus:
912 3354 1073 3401 sanat
1115 3346 1389 3414 Christus,
1441 3356 1599 3404 sanat
1656 3358 1713 3405 et
1756 3348 1994 3420 Spiritus

406 3438 679 3488 sanctus:
724 3433 1033 3489 sanctiﬁcat
1072 3435 1351 3503 Christus,
1384 3438 1697 3494 sanctiﬁcat
1733 3446 1789 3495 et
1818 3437 1994 3510 Spiri-

398 3531 498 3578 tus
548 3530 827 3579 sanctus:
887 3524 1129 3596 baptizat
1187 3526 1243 3582 in
1296 3542 1398 3583 suo
1448 3529 1672 3585 nomine
1716 3530 1989 3597 Christus,

407 3617 650 3689 haptizat
682 3626 737 3672 et
766 3616 1006 3688 Spiritus
1040 3627 1287 3676 sanctus.
1320 3620 1399 3675 Ad
1431 3636 1557 3676 eum
1589 3622 1810 3678 modum
1844 3621 1994 3678 Scri—

406 3718 570 3780 ptura
613 3710 898 3781 loquitur'
933 3730 947 3767 :
982 3712 1089 3782 72
1142 3711 1371 3767 Emitte:
1420 3714 1684 3783 Spiritum
1720 3724 1891 3783 tuum,
1941 3724 1993 3772 et

400 3802 682 3857 renovabis
747 3803 940 3873 faciem
996 3813 1151 3859 terra:
1185 3818 1206 3859 :
1255 3805 1404 3875 quod
1464 3805 1609 3861 idem
1676 3814 1763 3863 est
1831 3815 1995 3879 atque

407 3896 599 3952 istud:
646 3895 897 3951 Emittu‘
926 3894 1149 3953 Verbum
1200 3905 1371 3961 tuum,
1413 3906 1464 3951 et
1513 3897 1817 3968 liquefacies
1863 3915 1927 3954 ea
1947 3899 1989 3954 '.

406 3987 537 4043 item
570 4006 584 4043 :
613 3987 1047 4044 Ministrantibus
1108 3988 1219 4044 illis
1264 3988 1490 4043 Domino
1531 4006 1593 4043 ac
1621 3990 1992 4060 jejunantibus

396 4081 545 4135 dixit
589 4080 824 4152 Spiritus
870 4091 1131 4137 sanctus:
1182 4079 1468 4153 Segregate
1509 4080 1641 4135 mihi
1682 4081 1991 4138 Barnabam

391 4185 450 4228 et
483 4172 708 4229 Saulmn
746 4174 816 4229 ad
846 4162 974 4244 opus
1001 4173 1071 4229 ad
1098 4173 1238 4247 quod
1280 4190 1367 4229 eos
1413 4174 1595 4230 vocavi
1617 4175 1663 4228 ’.
1706 4173 1853 4231 idem
1887 4173 1992 4231 hoc

398 4274 486 4323 cst
514 4281 639 4321 cum
674 4268 781 4322 isto
807 4286 819 4321 :
870 4266 1126 4320 Dominus
1158 4276 1338 4320 autem
1365 4267 1503 4321 dixit
1532 4284 1552 4322 :
1590 4265 1874 4339 Ingredere
1898 4284 1992 4320 ur-

402 4358 539 4421 bem,
582 4367 631 4411 et
665 4358 737 4410 ibi
792 4357 1000 4411 dicetur
1048 4356 1298 4427 tibiquid
1344 4366 1393 4411 te
1435 4366 1675 4426 oporteat
1722 4358 1986 4427 facere“.

406 4448 578 4502 Item:
628 4446 723 4500 Illi
771 4448 936 4517 igitur
988 4448 1140 4502 missi
1184 4464 1218 4501 a
1261 4446 1467 4515 Spiritu
1514 4458 1699 4504 sancto
1744 4449 1987 4505 abierunt

474 4625 495 4657 ¹
527 4623 717 4679 Matth.
745 4639 825 4688 ιι,
856 4624 947 4679 27.
1025 4624 1047 4654 ¹
1080 4621 1217 4694 Gen.
1248 4639 1288 4689 ι,
1324 4624 1379 4680 3.
1454 4624 1476 4657 ³
1510 4622 1670 4680 Joan.
1704 4639 1743 4694 ι,
1772 4624 1825 4679 9.
1916 4625 1939 4657 ⁸
1972 4623 1989 4680 1

2092 4627 2253 4693 inn,
2279 4627 2332 4681 5.

2091 3273 2182 3312 ται
2228 3255 2290 3310 τὸ
2330 3256 2559 3327 Πνεῦμα
2603 3270 2666 3311 το
2708 3256 2899 3326 ἅγιον·
2934 3255 3177 3310 λαλεῖται
3227 3256 3270 3288 ’⁸
3324 3258 3383 3311 ὲν
3442 3254 3621 3324 ἁγίοις
3655 3256 3687 3307 6

2092 3346 2365 3419 Χριστὸς,
2416 3346 2659 3402 λαλεῑται
2718 3347 2781 3402 τὸ
2824 3347 3053 3420 Πνεῦμα
3096 3348 3158 3402 τὸ
3214 3346 3369 3417 ἅγιον
3396 3362 3413 3380 ο
3464 3347 3607 3400 ἰᾶται
3650 3346 3684 3397 6

2092 3437 2363 3509 Χριστὸς,
2408 3438 2556 3493 ἰᾶται
2588 3438 2649 3493 τὸ
2692 3438 2918 3511 Πνεῦμα
2959 3437 3025 3493 τὸ
3071 3438 3258 3508 ἅγιον·
3291 3437 3508 3509 ἁγιάζει
3550 3439 3685 3510 Χρι-

2094 3531 2249 3599 στὸς,
2278 3532 2496 3602 ἁγιάζει
2521 3531 2582 3587 τὸ
2607 3530 2832 3604 Πνεῦμα
2860 3530 2923 3585 τὸ
2949 3530 3105 3600 ἅγιον
3125 3546 3139 3561 ⁶
3171 3528 3420 3601 βαπτίζει
3449 3529 3687 3602 Χριστὸς

2092 3623 2151 3678 ὲν
2174 3622 2253 3695 τῷ
2276 3622 2499 3695 ὀνόματι
2530 3621 2696 3678 αὑτοῦ
2720 3665 2737 3691 ,
2766 3621 3017 3694 βαπτίζει
3041 3620 3105 3675 τὸ
3145 3620 3371 3691 Πνεῦμα
3418 3620 3480 3675 τὸ
3505 3619 3683 3690 ἅγιον.

2093 3713 2251 3771 Οὕτω
2277 3714 2528 3786 λέγουσιν
2558 3718 2615 3771 αἱ
2636 3714 2851 3789 Γραφαί
2876 3732 2891 3748 ·
2932 3713 3315 3779 Ἀποστελεῒς
3341 3714 3412 3769 τὸ
3438 3714 3686 3785 Πνεῦμα

2092 3821 2212 3863 σου
2234 3846 2250 3873 ,
2310 3806 2411 3862 καὶ
2456 3807 2827 3876 ἁνακαινιεῖς
2880 3807 2949 3862 τὸ
3008 3808 3338 3876 πρόσωπον
3382 3805 3495 3875 τῆς
3531 3805 3639 3877 τῆς
3667 3822 3681 3835 ⁸

2091 3898 2277 3968 ὅμοιον
2304 3897 2383 3971 τῷ
2408 3897 2589 3969 λέγειν
2605 3939 2621 3963 ,
2672 3898 3137 3966 Ἐξαποστελεῖς
3175 3896 3286 3953 τὸν
3312 3898 3513 3969 Λόγον
3540 3914 3682 3964 σου,

2093 3991 2192 4046 καὶ
2243 3990 2447 4061 τήξεις
2490 3990 2665 4047 αὑτά.
2716 4021 2789 4032 -
2828 3991 3351 4061 Λειτουργούντων
3402 3988 3472 4043 δὲ
3523 3987 3686 4055 αὑτῷ

2091 4084 2173 4152 τῷ
2197 4086 2393 4155 Κυρίῳ
2422 4085 2520 4140 καί
2549 4087 2975 4155 νηστευόντων
2998 4122 3015 4149 ,
3048 4080 3181 4139 εἷπε
3223 4082 3292 4138 τὸ
3337 4081 3582 4152 Πνεῦμα
3612 4080 3684 4136 τὸ

2092 4176 2282 4246 ἄτιον,
2331 4174 2676 4245 Ἀφορίσατέ
2704 4192 2806 4245 μοι
2833 4172 3154 4243 Βαρνάϐαν
3184 4171 3285 4227 καί
3320 4170 3561 4227 Σαῦλον
3593 4171 3685 4237 είς

2091 4268 2159 4322 τὸ
2209 4267 2390 4338 ἔργον
2412 4306 2428 4332 ,
2476 4266 2509 4321 ὃ
2562 4265 3019 4336 προσκέκλημαι
3068 4264 3294 4330 αὐτούς
3317 4279 3333 4294 ·
3366 4263 3555 4333 ὅμοιον
3601 4260 3685 4332 τῷ

2091 4362 2288 4426 εἰπεῖν,
2339 4361 2393 4413 '0
2424 4360 2493 4414 δὲ
2525 4362 2743 4430 Κύριος
2769 4355 2943 4414 εἷπεν
2961 4374 2977 4388 ·
3026 4358 3287 4413 Εισελθε
3316 4358 3406 4422 είς
3433 4354 3549 4423 τὴν
3574 4355 3685 4407 πό-

2090 4454 2213 4519 λιν,
2258 4450 2436 4509 κάκεῖ
2457 4450 2875 4520 λαληθήσεταί
2912 4464 3013 4505 σοι
3044 4451 3104 4505 τί
3134 4463 3209 4504 σε
3244 4447 3342 4503 δεῖ
3368 4445 3582 4501 ποιεῖν.
3610 4475 3684 4488 -

2435 4628 2457 4661 ⁸
2494 4626 2611 4683 Joel
2648 4643 2712 4691 ιι,
2740 4627 2833 4683 28.
2907 4630 2929 4661 ⁸
2964 4628 3122 4684 Rom.
3152 4643 3242 4693 xv,
3322 4626 3341 4657 ⁷
3372 4624 3519 4682 Psal.
3558 4637 3679 4691 cur,

405 4696 493 4751 ιο.
566 4694 770 4767 '_Psal.
793 4709 1005 4767 cum,
1038 4693 1127 4749 I8.
1163 4695 1377 4767 Δξᾼοι.
1411 4711 1533 4767 χλιιι,
1561 4694 1629 4767 2._
1650 4695 1704 4767 8.
1734 4693 1737 4694 ⁷
1782 4695 1827 4727 ⁸⁸
1854 4694 1979 4767 Act.

2125 4696 2173 4751 7.
2253 4699 2294 4729 “
2328 4698 2536 4756 Desunt
2570 4699 2686 4754 hac
2707 4699 2901 4757 haeresi
2934 4699 3020 4753 74.
3102 4700 3144 4731 ³³
3187 4697 3350 4755 Deest
3381 4697 3442 4751 τὸ
3470 4694 3683 4767 ὁρώμε-

402 4782 514 4819 νον.
591 4765 635 4798 ⁸³
660 4782 750 4836 γρ.
782 4765 1135 4828 ὑποστάσεως
1159 4764 1219 4830 ὲξ
1239 4765 1335 4821 ὑπ.
1414 4765 1460 4796 ¹⁸
1486 4782 1577 4836 γρ.
1618 4765 1772 4821 λαλεῖ
1796 4765 2103 4840 utrobique.

405 4942 515 5021 gilii
558 4940 905 5021 Alexandriae
931 4941 1234 5021 celebrati
1262 4956 1408 4997 anno
1426 4938 1607 5021 “562;
1664 4940 1720 5021 in
1765 4957 1877 5012 quo
1927 4940 1985 4997 S.
2021 4924 2217 5002 Desse
2241 4954 2357 5002 tres
2390 4946 2444 5001 in
2483 4948 2685 5005 divinis
2731 4964 2999 5021 personas
3041 4950 3220 5006 fateri.
3253 4949 3522 5006 Caterum
3550 4962 3683 5021 me-

406 5013 741 5068 Athanasius
772 5011 1107 5069 dissidentes
1160 5012 1303 5068 inter
1341 5027 1400 5068 se
1426 5010 1618 5068 Patres
1649 5010 1716 5066 ad
1747 5010 1983 5068 concor-

405 5086 551 5139 diam
582 5083 809 5153 miritice
842 5085 1156 5149 revocavit,
1190 5083 1325 5153 ipsis
1369 5082 1670 5151 detegendo
1699 5081 1980 5153 diversum

403 5156 555 5209 vocis
580 5152 929 5224 ὑποστάσεως
971 5168 1162 5224 usum;
1203 5152 1313 5224 quo
1346 5159 1401 5208 et
1452 5154 1702 5224 nolentes
1732 5152 1982 5224 implicaf

402 5225 622 5279 bantur.
677 5223 751 5278 De
789 5240 891 5279 ttsu
935 5221 1179 5292 ejusdem
1221 5221 1393 5278 'vocis
1443 5221 1979 5291 ὑποστάσεωςιῳιιά

403 5293 768 5363 Epiphanium
804 5304 1052 5349 nostrum
1080 5293 1455 5364 inspicien_dus
1486 5292 1818 5364 Iocusiilius
1849 5308 1982 5361 pra:-

402 5361 559 5421 gens:
594 5364 939 5435 inspicienda
970 5372 1025 5419 et
1066 5361 1186 5435 loca
1220 5364 1281 5435 in
1326 5361 1571 5435 Panario
1610 5361 1879 5435 p_luri_ma,
1920 5369 1981 5435 et

441 5429 705 5490 τεθεριιίιὴ
762 5449 1025 5490 numerus
1065 5434 1130 5487 I6
1171 5434 1227 5488 in
1272 5434 1465 5488 haeresi
1510 5429 1884 5487 πέρι-οἷσοιο
1916 5430 1974 5486 S.

443 5508 635 5563 asilius
660 5505 889 5572 Magnus
930 5506 986 5560 in
1023 5502 1268 5572 Epistola
1308 5502 1378 5556 ad
1416 5502 1593 5572 ipsum
1626 5499 1982 5572 Epiphaniam

399 5578 547 5649 data,
598 5594 721 5649 quae
743 5571 900 5649 juxta
928 5571 1522 5649 recensionem_novain
1545 5648 1550 5649 γ
1570 5578 1655 5626 est
1701 5573 1757 5625 in
1785 5571 1981 5649 ordine

398 5646 507 5699 959
535 5641 690 5704 rtoin.
724 5641 789 5704 III
821 5648 1075 5715 Garner.,
1118 5659 1242 5715 pag.
1292 5642 1435 5702 392.
1469 5642 1627 5715 laetus
1669 5641 1871 5715 gaudet
1923 5652 1978 5698 et

579 5720 702 5772 “nio
728 5710 1225 5789 gratulatur,'_qitod
1261 5711 1514 5789 statuerit
1542 5710 1604 5764 τὸ
1626 5710 1775 5783 τρεῖς
1803 5711 1975 5789 ἀναγ-

684 5781 847 5855 ·ι”τὰς
876 5781 1208 5850 ὑποστάσεις
1252 5781 1557 5854 ὁμολογεῖν,
1597 5781 1971 5851 necessarium

2082 5025 2311 5072 moratae
2345 5018 3078 5093 usurpationis'varietatem
3109 5037 3224 5093 pra}
3269 5022 3447 5077 oculis
3477 5018 3681 5093 habent

2077 5100 2303 5143 necesse
2335 5096 2419 5162 est
2452 5091 2741 5162 theologia
2766 5093 3071 5158 studiosus,
3110 5090 3163 5149 ἐἰ
3194 5091 3419 5147 Patrum
3468 5090 3678 5162 doctri-

2076 5170 2179 5211 nas
2224 5166 2284 5232 et_
2332 5156 2469 5214 falsa
2503 5156 2891 5232 haereticorum
2947 5156 3108 5218 senSa
3153 5162 3373 5232 assequi
3415 5161 3565 5217 velit.
3609 5159 3679 5215 [ι

2077 5228 2325 5301 exemplo
2351 5244 2439 5284 res
2472 5230 2686 5300 planior
2718 5232 2831 5299 Iiat,
2868 5231 3172 5289 Sabelliani
3207 5228 3312 5289 Dei'
3330 5230 3530 5286 Filium
3561 5247 3678 5301 μο-

2077 5298 2319 5378 νοοὺσιον
2353 5298 2732 5378 appellabant,
2777 5298 2925 5374 quod
2970 5315 3122 5378 recto
3181 5298 3677 5378 senstttheologul

2078 5371 2356 5443 accipiens
2390 5384 2499 5443 non
2532 5371 2823 5441 rejiceret';
2860 5389 2988 5429 vere
3013 5375 3161 5431 enim
3198 5372 3513 5443 μωοοὺσιος
3561 5374 3676 5427 uico

2086 5443 2144 5510 ut
2191 5444 2259 5510 et
2292 5440 2599 5510 ouoodctog’
2627 5451 2712 5497 est
2757 5443 2855 5499 Dei
2914 5443 3112 5500 Filius.
3159 5440 3323 5501 Absit
3372 5451 3558 5497 tamen
3613 5449 3678 5496 ut

2078 5503 2351 5588 haereticis
2383 5511 2490 5567 illis
2515 5503 2895 5588 adhwreainus
2920 5557 2937 5583 ,
2982 5516 3186 5587 quippe
3215 5516 3309 5585 qui
3342 5513 3534 5575 οὑσίας
3567 5527 3677 5567 no-

2076 5583 2221 5634 mine
2250 5594 2542 5654 personam
2571 5583 2909 5642 denotabant
2932 5583 3188 5642 et'utia'm
3234 5583 3453 5654 tantum
3481 5597 3677 5654 pergo:

2074 5662 2199 5729 nam
2248 5653 2623 5729 agnoscebant
2665 5656 2719 5713 in
2754 5657 3001 5726 divinis,
3057 5656 3189 5714 dum
3232 5650 3548 5729 μονοούσιδν
3575 5650 3673 5708 θεῖ

2073 5718 2269 5777 Filium
2286 5718 2576 5782 dicebant.

3526 5909 3563 5938 dt.
