4018 6210
321 4830 387 4877 /
486 4827 503 4857 ί
539 4844 628 4897 γρ.
667 4824 902 4897 Χριστὸς
948 4826 1111 4880 εἴποι.
1191 4822 1384 4897 {Acta
1415 4840 1535 4897 χιιι.
1574 4826 1627 4881 4.

403 310 496 373 141

1820 299 2261 368 ANCORATUS.

3570 301 3671 355 l-l‘l

399 426 578 486 Οὗτοι
626 428 745 505 μὲν
798 422 913 483 οὖν
972 424 1416 496 ἐκπεμφθέντες
1477 420 1597 476 ὑπὸ
1649 420 1755 476 τοῦ
1810 421 1983 490 άγίου

2095 417 2461 485 Seleuciam‘;
2495 413 2955 490 quemadmodum
2986 414 3243 471 Christus
3270 414 3390 487 ipse
3418 412 3664 470 diceret.

396 521 746 589 Πνεύματος
770 558 786 584 ,
832 516 1139 587 κατῆλθον
1193 519 1280 583 εις
1323 514 1684 570 Σελεύκειαν
1711 529 1724 542 ·
1788 511 1865 576 ὡς
1918 510 1985 565 ἂν

397 610 544 665 εἴποι
590 610 861 683 Χριστὸς,
924 608 1072 664 Ἰδοὺ
1106 606 1466 663 ἀποστέλλω
1513 602 1669 676 ὑμᾶς
1725 603 1806 669 ὠς
1843 601 1985 672 πρό⁶

396 705 547 760 σάτα
581 703 653 758 ἐν
690 702 861 774 μέσῳ
900 702 1126 756 λύκων.
1166 728 1238 739 -
1274 697 1492 762 Ἔδοξε
1524 695 1635 767 γὰρ
1678 693 1760 761 τῷ
1797 693 1988 748 Πνεύ-

391 814 536 868 ματι
598 794 680 860 τῷ
743 794 892 864 ἁγίῳ
932 791 1132 863 μηδὲν
1185 791 1344 844 ἄλλο
1392 788 1760 842 ἐπιτίθεσθαι
1793 783 1987 853 ,ϐάρος

396 890 568 957 πλὴν
616 887 736 942 τῶν
768 884 1137 956 ἐπάναγκες·
1176 884 1253 946 ὼς
1291 882 1358 936 ἂν
1411 881 1556 936 εἴποι
1604 880 1644 945 ί,
1710 878 1874 949 Λέγω
1920 876 1987 931 δὲ

395 984 509 1034 οὐκ
538 979 675 1049 ἐγὼ,
707 978 846 1033 ἀλλ’
878 980 910 1032 ὀ
944 978 1160 1044 Κύριος
1191 974 1289 1045 (9),
1326 972 1584 1045 γυναῖκα
1615 970 1735 1026 ἀπὸ
1764 970 1986 1039 ἀνδρὸς

392 1073 479 1143 μὴ
513 1070 899 1144 χωρισθῆναι.
927 1102 997 1112 -—
1029 1068 1287 1138 Διῆλθον
1333 1065 1402 1121 δὲ
1438 1065 1554 1135 τὴν
1592 1066 1855 1135 Φρυγίαν
1888 1063 1985 1118 καὶ

398 1166 515 1235 τὴν
566 1168 617 1219 Γ
619 1146 919 1231 αλατιιιὴν
974 1162 1207 1232 χώραν,
1280 1158 1651 1225 κωλυθέντες
1706 1156 1823 1212 ἀπὸ
1878 1155 1985 1210 τοῦ

401 1252 748 1321 Πνεῦματος
790 1248 899 1304 τοῦ
927 1250 1101 1321 ἁγίου
1140 1246 1413 1317 λαλῆσαι
1459 1247 1569 1301 τὸν
1593 1248 1779 1317 λόγον
1806 1246 1877 1300 ὲν
1910 1243 1985 1316 τῇ

412 1347 575 1413 Ἀσίᾳ
601 1362 617 1377 ο
656 1344 940 1411 ἐλθόντες
977 1342 1050 1397 δὲ
1081 1344 1169 1409 εὶς
1216 1342 1335 1410 τὴν
1365 1341 1610 1396 Μυσίαν
1630 1380 1645 1403 ,
1678 1337 1988 1408 ἐπείραζον

396 1442 486 1504 εις
523 1438 640 1506 τὴν
692 1437 980 1491 Βιθυνίαν
1032 1436 1423 1505 πορεύεσθαι,
1463 1434 1562 1487 καὶ
1614 1434 1727 1487 οὐκ
1776 1432 1987 1486 εἴασεν

398 1531 622 1598 αὐτοὺς
648 1530 715 1584 τὸ
745 1529 988 1599 Πνεῦμα
1022 1546 1035 1561 ·
1072 1528 1147 1593 ὡς
1176 1528 1244 1583 ἂν
1282 1530 1426 1583 εἴποι
1460 1526 1728 1601 Χριστὸς,
1760 1529 1984 1595 Πορευ-

400 1627 605 1690 θέντες
646 1624 989 1690 ,βαπτίσατε
1041 1620 1243 1677 πάντα
1281 1621 1354 1676 τὰ
1393 1622 1560 1690 ἔθνη.
1620 1619 1717 1688 Μὴ
1746 1617 1984 1684 ,ϐαστά-

398 1715 532 1783 (nte
572 1714 792 1784 πήραν,
825 1713 911 1785 μὴ
938 1712 1167 1783 ῥάϐδον
1191 1711 1348 1783 μηδὲ
1379 1711 1757 1781 ὑποδήματα.
1791 1741 1857 1752 -
1891 1710 1985 1763 02'-

398 1822 558 1872 τινες
576 1846 591 1870 ,
622 1805 810 1876 φησιν,
839 1804 1054 1872 ἔλεγον
1080 1801 1160 1869 τῷ
1190 1802 1410 1867 Παύλῳ
1446 1801 1546 1856 διὰ
1574 1802 1679 1857 τοῦ
1709 1801 1983 1871 Πνεῦμα-

399 1914 534 1964 τος,
585 1896 672 1967 μὴ
720 1896 1066 1950 ἀναϐαίνειν
1108 1896 1195 1960 είς
1270 1892 1692 1963 Ἰερουσαλὴμο
1752 1892 1989 1963 Ἀγαὸὁς

398 2004 567 2058 φησιν
606 1984 750 2040 Τάδε
792 1982 955 2054 λέγει
1000 1983 1068 2037 τὸ
1098 1984 1344 2053 Πνεῦμα
1380 1982 1446 2036 τὸ
1477 1982 1649 2051 ἅγιον
1673 2022 1688 2046 ,
1732 1984 1843 2035 Τὸν
1880 1980 1987 2034 ἆν-

398 2075 513 2145 δρα
557 2071 630 2131 οὗ
679 2076 851 2130 ἐστιν
897 2076 937 2145 ἡ
982 2072 1131 2142 ζώνη
1169 2074 1323 2143 αὕτη
1352 2091 1367 2106 °
1422 2073 1625 2145 ὁμοίως
1671 2072 1805 2127 ὡσεὶ
1835 2072 1988 2142 ἔλεγε

400 2164 644 2229 Παῦλος,
677 2165 745 2217 El
795 2161 1052 2231 δοκιμὴν
1081 2160 1400 2230 ζητοῦντες
1433 2162 1541 2216 τοῦ
1591 2162 1660 2215 ἐν
1715 2161 1843 2227 ἐμοὶ
1875 2160 1987 2233 (10)

400 2256 739 2322 λαλοῦντος
794 2256 987 2320 Θεοῦ;
1038 2254 1093 2326 ἢ,
1148 2254 1567 2325 Ηνημονεύετε
1622 2254 1741 2307 τῶν
1791 2254 1990 2323 λόγων

401 2350 646 2418 Κυρίου,
674 2349 763 2403 ὅτι
783 2348 966 2414 αὐτὸς
992 2348 1182 2411 εἶπεν,
1214 2346 1471 2417 Ἀγαθὸν
1496 2345 1727 2400 διδόναι
1746 2344 1991 2415 μᾶλλον

402 2441 442 2510 ἢ
479 2439 826 2509 λαμϐάνειν.
856 2471 927 2481 -
948 2438 1061 2492 Καὶ
1095 2437 1214 2493 νῦν
1260 2437 1389 2492 ἰδοὺ
1424 2436 1537 2507 ἐγὼ
1569 2436 1887 2507 δεδεμένος
1912 2436 1990 2504 τῷ

402 2532 703 2601 Πνεύματι
740 2531 1066 2600 πορεύομαι
1091 2546 1106 2561 ο
1139 2529 1217 2595 ὡς
1251 2530 1429 2593 εἴποι,
1467 2528 1710 2596 Παῦλος
1746 2527 1990 2597 δέσμιος

412 2622 611 2689 Ἰησοῦ
640 2619 919 2690 Χριστοῦ.
951 2651 1019 2662 -
1045 2618 1220 2688 Πλὴν
1246 2619 1312 2674 τὸ
1347 2620 1590 2691 Πνεῦμά
1612 2636 1716 2690 μοι
1747 2620 1992 2689 διαμαρ-

403 2714 639 2783 τύρεται
666 2712 818 2767 κατὰ
840 2714 1024 2766 πόλιν
1042 2711 1255 2782 λέγον·
1296 2714 1482 2783 ὅμοιον
1518 2712 1596 2785 τῷ
1636 2716 1837 2780 εἰπεῖν,
1877 2712 1991 2768 Κύ-

395 2820 529 2873 ριος
542 2802 835 2873 μαρτιῬεῖ
856 2801 933 2871 τῇ
960 2800 1075 2872 ἐμῇ
1101 2802 1278 2873 ψυχῇ
1304 2802 1393 2856 ὅτι
1424 2805 1495 2857 οὐ
1526 2802 1848 2873 ψεύδομαι.
1888 2805 1992 2859 Ἐν

400 2895 655 2967 δυνάμει
697 2896 850 2950 κατὰ
877 2896 1123 2966 Πνεῦμα
1152 2894 1521 2964 ἁγιωσύνηςο
1557 2896 1740 2966 ὅμοιον
1782 2898 1861 2965 τῷ
1909 2896 1992 2949 εἰς

404 2988 527 3039 πεῖν
546 3027 561 3050 ,
595 2987 799 3056 Ἀγιος
832 2989 866 3040 ὁ
891 2986 962 3039 ἐν
998 2985 1189 3056 ἁγίοις
1215 2984 1677 3056 ἀναπαυόμενος
1705 2986 1841 3057 (ll),
1873 2986 1989 3050 καὶ,

2087 508 2223 563 Ecce
2244 510 2398 563 mitto
2422 525 2511 565 vos
2534 510 2670 565 sicut
2698 524 2813 564 oves
2847 508 2903 563 in
2924 508 3096 563 medio
3147 506 3390 576 luporum
3421 506 3462 563 ³.
3496 508 3626 561 Item
3651 525 3668 569 ι

2100 600 2279 655 Visum
2312 610 2390 656 est
2422 600 2649 670 Spiritui
2680 608 2865 654 sancto
2894 599 3025 654 nihil
3064 598 3212 655 aliud
3238 599 3504 668 imponere
3526 595 3668 653 vobis

2087 694 2259 748 oneris
2305 703 2497 763 printer
2541 692 2651 747 htec
2702 692 3001 747 necessaria
3050 690 3091 745 ‘.
3143 690 3280 745 Cum
3321 704 3431 760 quo
3478 689 3669 744 eodeni

2089 782 2233 838 istud
2270 783 2465 838 recidit
2496 800 2510 837 :
2564 781 2697 837 Dico
2764 793 2939 837 autem
2970 799 3074 836 non
3110 799 3228 853 ego,
3269 781 3359 837 sed
3393 782 3667 840 Dominus,

2087 895 2304 933 uxorem
2339 878 2405 930 ab
2445 876 2652 930 homine
2681 892 2785 929 non
2834 876 3073 944 separari
3098 876 3139 927 '.
3197 874 3367 929 Item:
3408 872 3672 944 Peragra-

2088 982 2210 1025 runt
2242 987 2362 1024 vero
2394 968 2684 1039 Phrygiam
2718 978 2767 1020 et
2807 965 3036 1021 Calatia:
3065 976 3314 1031 tractum,
3347 966 3597 1035 prohibiti
3638 983 3671 1019 ι

2090 1061 2297 1132 Spiritu
2334 1071 2521 1115 sancto
2562 1059 2856 1129 pra'dicare
2888 1058 3097 1112 verbum
3138 1059 3191 1111 in
3222 1059 3372 1112 Asia.
3404 1057 3541 1113 Cum
3570 1072 3668 1111 au-

2091 1165 2190 1209 tem
2233 1153 2590 1225 pervenissent
2636 1151 2692 1204 in
2731 1148 2985 1221 Hgsiam,
3037 1148 3367 1203 conabantur
3396 1150 3450 1201 in
3488 1147 3673 1219 Bithy-

2090 1248 2236 1302 niam
2263 1244 2529 1316 pro/icisci
2554 1260 2571 1299 :
2601 1259 2764 1314 neque
2791 1242 2911 1296 sivit
2962 1257 3050 1296 eos
3100 1239 3334 1309 Spiritus
3366 1250 3583 1295 sanctus
3608 1242 3668 1308 ⁶;

2090 1338 2315 1411 perinde
2357 1353 2421 1393 ac
2447 1336 2702 1392 Christus
2735 1334 2869 1393 diuit
2900 1354 2914 1388 :
2952 1332 3149 1387 Enntes
3190 1333 3458 1402 baptizate
3492 1349 3672 1387 omnes

2084 1440 2260 1501 gentes
2286 1429 2327 1483 '.
2370 1428 2551 1483 Nolite
2605 1438 2819 1496 portare
2864 1441 3044 1496 peram
3083 1438 3246 1494 neque
3285 1424 3484 1493 virgam
3514 1439 3675 1493 neque

2086 1521 2453 1576 calceamenta
2493 1520 2536 1575 ⁸.
2581 1520 2713 1575 Item
2758 1538 2771 1574 :
2812 1518 2919 1586 Qui
2964 1516 3173 1588 quidem
3214 1514 3389 1569 Paulo
3431 1514 3675 1571 dicebant

2086 1632 2178 1685 per
2199 1612 2480 1684 Spiritum,
2514 1630 2577 1668 ne
2608 1610 2911 1667 ascenderet
2948 1610 3363 1681 Ilierosolyma’
3389 1629 3403 1666 :
3434 1617 3489 1665 ει
3532 1610 3672 1681 Aga-

2088 1708 2230 1763 hus:
2286 1704 2414 1760 Ha’c
2469 1704 2599 1758 dicit
2653 1703 2941 1773 Spiritus:
2996 1701 3183 1756 Virum
3231 1702 3383 1771 cujus
3430 1710 3511 1758 est
3564 1701 3676 1757 haec

2091 1816 2225 1854 sona
2261 1798 2326 1852 ".
2367 1797 2467 1853 Cui
2509 1796 2689 1854 simile
2716 1805 2802 1851 est
2836 1794 2969 1850 illud
3012 1794 3259 1865 Apostoli
3294 1812 3308 1848 :
3345 1793 3427 1847 An
3469 1795 3671 1864 experi-

2090 1900 2322 1945 mentum
2367 1888 2607 1961 qutzritis
2669 1887 2929 1958 loquentis
2979 1888 3034 1941 in
3062 1903 3140 1941 me
3190 1884 3499 1941 Christi“?
3536 1887 3671 1942 vel:

2092 1982 2407 2038 Mementote
2455 1982 2730 2037 verborum
2778 1979 3014 2045 Domini,
3046 1980 3297 2050 quoniam
3340 1980 3451 2047 ipse
3495 1978 3674 2034 dixit:

2093 2071 2288 2124 Helius
2336 2080 2415 2125 est
2456 2069 2606 2135 dare,
2650 2085 2811 2141 quam
2851 2069 3084 2138 accipere
3109 2069 3174 2123 ".
3213 2068 3386 2125 ltt-m:
3430 2068 3497 2123 Et
3540 2086 3676 2125 nunc

2090 2179 2183 2232 ego
2226 2160 2430 2231 Spiritu
2471 2160 2727 2231 alligatus
2760 2160 2887 2215 abeo
2912 2160 2977 2215 ¹³.
3019 2159 3186 2226 Quasi
3228 2158 3415 2214 dicat:
3472 2159 3675 2217 Paulus

2091 2256 2293 2309 vinctus
2320 2253 2451 2309 Jesu
2480 2252 2681 2309 Christi
2713 2253 2776 2308 ".
2816 2252 2951 2309 Item
2977 2271 2990 2307 :
3038 2249 3411 2307 Verumtamen
3443 2251 3677 2323 Spiritus

2060 2354 2421 2407 _contestatur
2449 2345 2577 2419 mihi
2614 2359 2706 2415 per
2737 2342 2891 2397 urbes
2924 2341 3105 2397 dicens
3133 2342 3197 2395 ".
3229 2340 3555 2412 Cujusmodi
3595 2352 3681 2398 est

2092 2438 2226 2495 illud
2254 2459 2266 2493 :
2297 2438 2557 2494 Dominus
2589 2438 2737 2493 testis
2766 2443 2845 2492 est
2870 2436 3071 2491 anima:
3095 2450 3222 2490 mea:
3242 2434 3381 2505 quod
3408 2452 3514 2490 non
3534 2451 3677 2490 men-

2093 2535 2199 2587 tior
2223 2533 2290 2587 ".
2332 2531 2399 2587 In
2445 2534 2635 2587 virtute
2673 2528 2960 2585 secundum
2997 2527 3259 2599 Spiritum
3286 2529 3677 2599 sanctiﬁcatio-

2093 2627 2177 2680 nis
2205 2626 2247 2657 "
2280 2643 2294 2680 :
2332 2624 2510 2680 simile
2534 2632 2621 2680 est
2658 2623 2787 2678 huic
2818 2641 2831 2678 :
2867 2620 3100 2678 Sanctus
3139 2622 3197 2676 in
3231 2623 3434 2677 sanctis
3475 2621 3679 2692 requie-

2094 2735 2240 2774 scens
2268 2717 2334 2773 η.
2358 2716 2492 2773 Item
2521 2735 2533 2772 :
2573 2715 2926 2773 Circumcisio
2954 2713 3131 2771 cordis
3161 2716 3216 2771 in
3242 2714 3449 2785 Spiritu
3474 2716 3542 2773 ".
3573 2714 3678 2772 Cui

2094 2809 2391 2882 respondet
2423 2808 2595 2865 illud:
2635 2808 2705 2863 Et
2743 2808 3087 2864 circumcisus
3128 2808 3530 2864 circumcisione
3574 2823 3680 2861 non

2095 2919 2258 2957 manu
2285 2902 2455 2972 facta,
2488 2902 2543 2956 in
2580 2900 2967 2969 exspoliatione
2991 2901 3227 2969 corporis
3245 2908 3604 2968 peccatorum,
3624 2899 3682 2953 ὅτι

2097 2994 2497 3049 circumcisione
2528 2992 2732 3047 Christi
2757 2994 2823 3047 ³ο.
2851 2990 2986 3045 Illud
3016 3007 3146 3046 vero
3174 3009 3187 3045 :
3229 2990 3289 3045 Si
3315 2990 3546 3060 Spiritus
3586 2989 3683 3045 Dei

403 3077 838 3147 Περιετμήθητε
862 3077 1149 3148 περιτομῇ
1173 3076 1602 3148 ἀχειροποιήτῳ
1635 3079 1706 3132 ἐν
1732 3079 1990 3132 ἀπεκδύ-

2096 3086 2303 3141 habitat
2345 3087 2398 3140 in
2429 3084 2572 3140 vobis
2595 3086 2663 3151 ¹¹,
2697 3082 2826 3139 huic
2864 3093 2946 3139 est
2996 3083 3189 3139 aliine:
3226 3082 3683 3151 Quemadmodum

400 3184 501 3223 σει
548 3170 659 3225 τοῦ
707 3170 984 3240 σώματος
1038 3169 1161 3224 τῶν
1208 3168 1543 3239 ἁμαρτιῶν,
1595 3170 1665 3224 ἐν
1695 3168 1985 3241 περιτομῇ

403 3260 512 3316 τοῦ
554 3261 834 3329 Χριστοῦ.
879 3291 953 3303 --
1004 3262 1189 3329 Εἴπερ
1227 3260 1473 3331 Πνεῦμα
1526 3261 1674 3316 Θεοῦ
1720 3262 1870 3316 οικεῑ
1918 3262 1988 3316 ἐν

404 3350 575 3421 ὑμῖν·
620 3352 807 3422 ὅμοιον
834 3350 912 3421 τῷ
935 3352 1107 3405 ειπεῑν
1127 3390 1143 3414 ,
1182 3349 1388 3417 Καθὼς
1430 3350 1676 3406 ἐλάϐετε
1706 3351 1987 3420 Χριστὸν,

402 3445 475 3498 ὲν
516 3441 679 3507 αὐτῷ
714 3442 1107 3511 περιπατεῖτε.
1141 3444 1253 3498 Καὶ
1278 3482 1291 3505 ,
1326 3442 1571 3512 Πνεῦμα
1598 3443 1818 3511 Κυρίου
1854 3442 1990 3498 ἑλά-

405 3538 599 3602 λησεν
627 3534 698 3587 ἐν
724 3532 858 3602 ἐμοι
881 3551 892 3562 ·
949 3534 1064 3599 καὶ,
1114 3534 1308 3604 Λόγος
1328 3533 1515 3588 αὐτοῦ
1537 3535 1607 3588 ἐν
1632 3532 1712 3599 τῷ
1737 3533 1993 3596 στόματί

401 3644 539 3696 ¹μου.
572 3627 705 3692 Καὶ,
750 3624 869 3694 Τὴν
882 3625 1168 3696 ἀπαρχὴν
1204 3626 1311 3681 τοῦ
1343 3627 1690 3695 Πνεύματος
1720 3625 1988 3695 ἔχοντες·

406 3719 592 3790 ὅμοιον
625 3717 702 3789 τῷ
739 3720 933 3782 εἰπεῖν,
995 3718 1257 3788 Ἀπαρχὴ
1294 3720 1570 3788 Χριστός.
1628 3719 1792 3773 Ἀλλ’
1843 3717 1993 3773 αὐτό

406 3813 474 3866 τὸ
506 3811 751 3880 Πνεῦμα
790 3809 1299 3880 ὑπερεντυγχάνει
1350 3810 1503 3879 ὑπὲρ
1559 3810 1727 3881 ἡμῶν
1749 3827 1763 3841 υ
1808 3810 1994 3883 ὅμοιον

404 3902 487 3973 τῷ
520 3904 728 3969 εἰπεῖν,
764 3903 865 3968 ’ος
896 3904 1069 3957 ἐστιν
1108 3903 1179 3955 ὲν
1210 3902 1380 3970 δεξιᾷ
1430 3904 1536 3958 τοῦ
1573 3904 1725 3959 Θεοῦ
1746 3942 1761 3969 ,
1796 3903 1865 3971 ὃς
1897 3903 1996 3957 καὶ

410 3996 763 4067 ἐντυγχάνει
800 3997 953 4066 ὑπὲρ
984 3998 1171 4069 ἡμῶν.
1210 3998 1420 4053 --Ἵνα
1462 3998 1707 4069 γένηται
1734 3998 1773 4067 ἡ
1797 4012 1991 4068 προσ-

409 4090 565 4158 φορὰ
590 4089 711 4143 τῶν
755 4088 947 4146 ἐθνῶν
1002 4089 1485 4159 εὐπρόσδεκτος,
1534 4088 1893 4160 άγιασθεῖσα
1924 4088 1996 4144 ἐν

411 4182 709 4251 Πνεύματι
753 4182 929 4251 ἀγίῳο
979 4182 1164 4253 ὅμοιον
1204 4181 1281 4252 τῷ
1321 4183 1516 4247 εἰπεῖν,
1576 4180 1628 4233 '0
1676 4179 1746 4233 δὲ
1782 4181 1999 4248 Κύριος

408 4273 629 4345 ἁγιάζει
650 4274 805 4345 ὑμᾶς
825 4316 841 4340 ,
872 4275 976 4330 ἵνα
997 4270 1104 4345 ἦτε
1127 4274 1474 4344 εἰλικρινεῖς
1496 4274 1592 4328 καὶ
1620 4274 2001 4341 ἀπρόσκοποι

407 4369 500 4432 εἰς
543 4367 773 4438 ἡμέραν
803 4368 1085 4438 Χριστοῦ.
1120 4399 1187 4409 -
1229 4366 1394 4438 Ἡμῖν
1438 4366 1508 4421 δὲ
1551 4366 1663 4439 (12)
1694 4365 2004 4421 ἀπεκάλυ-

2089 3178 2362 3247 accepistis
2387 3176 2681 3240 Christum,
2706 3177 2757 3230 in
2790 3177 2905 3246 ipso
2935 3175 3204 3230 ambulate
3223 3176 3290 3230 “.
3323 3174 3412 3238 Et,
3447 3173 3679 3245 Spiritus

2090 3270 2307 3325 Domini
2335 3268 2543 3324 locutus
2569 3279 2647 3322 est
2676 3269 2729 3323 in
2760 3284 2840 3322 me
2857 3267 2939 3333 ”;
2986 3275 3062 3331 et,
3102 3265 3324 3321 Verbum
3358 3265 3474 3336 ejus
3507 3267 3563 3321 in
3593 3283 3683 3323 ore

2091 3377 2205 3416 meo
2236 3360 2317 3427 ἰς
2351 3360 2477 3415 item
2505 3376 2520 3414 :
2548 3357 2831 3412 Primitias
2856 3356 3090 3425 Spiritus
3106 3354 3357 3411 habentes
3370 3357 3439 3419 “,
3458 3355 3522 3410 ad
3552 3355 3684 3411 illud

2092 3451 2305 3508 accedit
2345 3468 2359 3505 :
2418 3449 2683 3504 Primitia:
2729 3448 2974 3505 Christus
3007 3447 3074 3502 ".
3129 3446 3234 3504 Sed
3283 3448 3395 3519 ipse
3446 3446 3683 3519 Spiritus

2091 3546 2327 3616 postulat
2356 3559 2452 3614 pro
2480 3543 2627 3598 nobis
2648 3544 2718 3608 ",
2768 3542 2909 3597 idem
2940 3548 3027 3597 est
3057 3556 3183 3598 cum
3213 3541 3304 3596 illo
3329 3559 3343 3595 :
3381 3540 3487 3609 Qui
3508 3550 3585 3595 est
3614 3540 3685 3594 ad

2096 3639 2367 3694 dexteram
2392 3636 2511 3707 Dei,
2532 3637 2622 3708 qui
2647 3636 2943 3705 interpellat
2961 3651 3057 3705 pro
3083 3635 3231 3689 nobis
3255 3633 3321 3688 ⁸⁸.
3348 3632 3418 3687 Ut
3444 3634 3518 3689 sit
3536 3632 3687 3689 oble-

2099 3736 2171 3788 tio
2192 3733 2422 3805 gentium
2449 3740 2682 3801 accepta,
2724 3729 3061 3799 sanctiﬁcata
3086 3730 3140 3783 in
3161 3727 3365 3797 Spiritu
3388 3736 3571 3782 sancto
3588 3726 3635 3759 ³⁸
3667 3744 3681 3781 :

2098 3827 2185 3881 cui
2222 3826 2326 3880 hoc
2356 3824 2535 3880 simile
2556 3830 2643 3879 est
2673 3840 2688 3877 :
2724 3820 2985 3876 Dominus
3024 3830 3200 3876 autem
3236 3820 3535 3889 sancti/teet
3567 3835 3681 3884 vos,

2098 3928 2156 3973 ut
2180 3918 2298 3973 sitis
2340 3916 2533 3972 sinceri
2577 3924 2629 3970 et
2667 3914 2772 3985 73
2813 3914 2927 3968 sine
2973 3913 3259 3983 ofensione
3298 3912 3354 3966 in
3392 3912 3533 3966 diem
3568 3909 3685 3965 Do-

2099 4001 2231 4065 mini
2268 4010 2333 4064 '°.
2393 4006 2563 4064 Nobis
2608 4024 2727 4062 vero
2775 4005 3021 4061 ret'elavit
3067 4004 3330 4060 Dominus
3372 4020 3465 4074 per
3519 4004 3684 4073 ipsius

2101 4099 2364 4169 Spiritum
2389 4098 2458 4162 “,
2491 4098 2633 4157 idem
2665 4112 2788 4151 cum
2822 4094 2927 4149 isto
2969 4095 3089 4149 loco
3122 4093 3431 4165 signiﬁcat:
3459 4092 3689 4159 Quando

2100 4190 2302 4259 placuit
2330 4189 2398 4253 ei,
2443 4190 2533 4259 qui
2568 4204 2648 4241 me
2680 4186 2970 4256 segregavit
3016 4186 3080 4239 ab
3121 4196 3270 4240 utero
3312 4184 3499 4238 matris
3534 4199 3683 4247 meat,

2100 4297 2193 4351 per
2232 4281 2461 4351 gratiam
2497 4279 2685 4349 ipsius,
2730 4276 2961 4332 revelare
2988 4277 3045 4331 in
3085 4292 3166 4331 me
3201 4274 3249 4329 F
3252 4275 3405 4330 ilium
3436 4291 3595 4330 suum
3614 4274 3681 4330 ³⁸.

2105 4370 2219 4427 Nos
2243 4381 2420 4426 autem
2447 4388 2551 4426 non
2584 4369 2766 4424 mundi
2802 4370 3048 4439 spiritum
3082 4369 3403 4438 accepimus,
3436 4367 3526 4423 sed
3558 4366 3686 4438 Spi-

410 4464 533 4530 ύοεν
558 4465 593 4516 ό
616 4463 871 4531 Χριστὸς
897 4463 995 4517 διὰ
1048 4463 1398 4532 Πνεύματος
1426 4462 1615 4520 αὐτοῦ
1644 4478 1655 4491 ·
1691 4462 1877 4533 ὅμοιον
1919 4458 1990 4530 τῷ

2106 4464 2268 4518 ritum
2306 4463 2402 4517 Dei
2424 4463 2493 4531 ³³,
2518 4478 2642 4518 cum
2663 4477 2729 4517 eo
2766 4462 3159 4518 conferendum
3200 4460 3351 4517 istud
3384 4468 3508 4517 est:
3556 4459 3687 4516 Vos-

410 4555 607 4620 εῐπεῖν,
640 4555 777 4609 Ὅτε
798 4554 1141 4623 εὐδόκησεν
1169 4558 1201 4608 ὀ
1229 4553 1374 4620 Θεὸς
1396 4557 1428 4608 ὀ
1456 4554 1755 4623 ἀφορίσας
1785 4554 1855 4607 ἐκ
1882 4569 1997 4606 κοι-

408 4645 551 4713 λίας
571 4647 796 4718 μητρός
814 4666 953 4718 μου,
982 4648 1081 4702 διὰ
1113 4647 1224 4716 τῆς
1256 4646 1499 4717 χάριτος
1517 4648 1705 4703 αὑτοῦ
1723 4690 1738 4716 ,
1768 4648 1995 4701 ἀποκα-

1742 4826 1762 4858 ³
1795 4825 1984 4880 Matth.
2024 4843 2077 4889 χ,
2122 4827 2209 4883 16.

2104 4559 2350 4626 metipsos
2385 4558 2604 4626 probate
2645 4572 2771 4610 nunt
2802 4555 3043 4610 Christus
3077 4555 3145 4610 sit
3174 4555 3227 4608 in
3264 4554 3405 4609 vobis
3427 4554 3494 4607 ".
3531 4550 3687 4608 Τειιι·

2104 4648 2253 4717 plum
2288 4648 2386 4703 Dei
2420 4648 2571 4713 estis,
2614 4656 2664 4701 et
2708 4646 2938 4716 Spiritus
2968 4645 3067 4700 Dei
3109 4645 3315 4700 habitat
3362 4646 3417 4699 in
3453 4645 3594 4701 vobis
3618 4644 3685 4707 ⁸⁵,

2322 4827 2492 4882 ‘Act.
2544 4843 2633 4895 xv,
2693 4825 2785 4881 28.

2889 4828 2911 4858 ⁸
2951 4825 3126 4881 lCor.
3172 4842 3271 4890 νιι,
3309 4825 3399 4882 10.
3501 4825 3523 4855 ⁸
3561 4825 3684 4882 Act.

415 4912 526 4957 χνι,
560 4896 614 4950 ϐ.
690 4895 935 4952 "Matth.
973 4912 1161 4959 χχνιιι,
1205 4895 1292 4951 19.
1368 4895 1390 4927 ⁸
1423 4895 1614 4949 Matth.
1660 4911 1714 4954 χ.
1756 4896 1845 4960 10;
1882 4898 1990 4949 Mal

2095 4914 2129 4961 I,
2158 4899 2209 4952 8.
2288 4898 2309 4929 ⁸
2340 4898 2461 4951 Act.
2494 4914 2607 4961 χχι,
2650 4898 2703 4951 4.
2785 4897 2827 4929 ¹⁶
2865 4898 2995 4952 ibid.
3038 4898 3123 4952 11.
3203 4898 3242 4929 “
3278 4895 3319 4952 ll
3348 4897 3475 4953 Cor.
3506 4898 3685 4960 χιιι,5.

416 4969 461 5000 ’³
491 4968 613 5021 Act.
656 4983 746 5031 xx,
786 4967 877 5022 55.
932 4968 975 4999 ¹³
1005 4966 1136 5021 ihid.
1165 4966 1256 5021 22.
1335 4965 1379 4997 ⁸⁸
1412 4965 1642 5022 Philem.
1683 4966 1734 5021 7.

414 5038 504 5093 15.
596 5039 637 5069 "
670 5036 841 5092 Rom-
866 5053 926 5099 ιι,
984 5037 1074 5091 29.

1844 4966 1888 4998 σε

1174 4967 1256 5021 22.
1335 4967 1379 4997 "
1412 4967 1642 5022 Philem.
1683 4967 1734 5021 7.
1844 4967 1888 4998 "
1917 4967 1990 5019 Ac

1174 5040 1219 5070 ὀ
1252 5036 1466 5093 Coloss.
1510 5053 1571 5099 ιι.
1614 5038 1700 5092 11.
1778 5037 1824 5070 ’ί
1856 5034 1990 5093 [(101

2095 4984 2152 5031 ιι,
2193 4969 2276 5024 12.
2378 4968 2422 5000 ³⁸
2448 4967 2567 5021 Gal.
2608 4983 2646 5033 ι,
2674 4967 2761 5022 ⁸20.
2844 4969 2885 5001 ¹⁷
2919 4967 3076 5022 Rom.
3121 4984 3160 5033 ι,
3199 4968 3251 5023 4.
3330 4968 3344 4998 ¹

2104 5055 2141 5104 ι,
2174 5039 2261 5094 16.
2338 5041 2382 5073 ³¹
2413 5037 2531 5093 Col.
2566 5054 2624 5101 ιι,
2655 5039 2709 5093 6.
2786 5039 2834 5070 ¹³
2868 5038 2908 5093 ll
2940 5038 3065 5106 Reg.
3102 5054 3260 5104 χχιιι,
3287 5037 3344 5092 2.

2378 4968 2422 5000 ³⁸
2448 4967 2567 5021 Gal.
2608 4983 2646 5033 ι,
2674 4967 2761 5022 20.
2844 4969 2885 5001 ⁸⁷
2919 4967 3076 5022 Rom.
3121 4984 3160 5033 ι,
3199 4968 3251 5023 4.
3330 4968 3376 4999 ¹⁸
3406 4967 3513 5024 lsa.
3550 4980 3688 5037 LVII,

2378 5043 2382 5071 '
2413 5037 2531 5090 Col.
2566 5054 2624 5090 ιι.
2655 5039 2709 5090 6.
2786 5039 2834 5070 ’³
2868 5038 2908 5090 ll
2940 5038 3064 5090 Rea,
3102 5054 3260 5090 χχιιι.
3287 5037 3344 5090 2.
3451 5038 3498 5071 “
3529 5037 3688 5090 Rom.

3578 5053 3688 5093 Olll.

412 5124 533 5173 γιιι,
566 5108 657 5162 25.
731 5109 778 5140 ²⁸
812 5106 880 5161 Ill
910 5108 1170 5177 ch.xvn
1200 5107 1294 5177 24.
1374 5109 1421 5140 ’⁸
1452 5107 1469 5162 l
1508 5106 1635 5163 Cor.
1669 5124 1758 5171 xv,
1784 5107 1876 5177 2.5.
1953 5109 1990 5138 ν

2095 5125 2179 5163 nn.
2212 5125 2334 5171 vm,
2356 5107 2448 5164 26.
2523 5110 2567 5142 ’⁸
2596 5110 2728 5163 ibid.
2756 5109 2846 5163 54.
2923 5110 2967 5141 ³³
2998 5109 3156 5165 Rom.
3188 5107 3390 5172 χχ,16.
3467 5108 3513 5141 ³⁸
3544 5108 3689 5164 Phil.

414 5179 503 5233 10.
587 5178 629 5211 ³⁸
662 5177 682 5231 ι
720 5177 850 5234 Cor.
888 5194 947 5243 ιι,
983 5174 1071 5232 10.
1145 5178 1192 5213 ³²
1223 5174 1345 5234 Gal.
1384 5194 1423 5243 ι,
1459 5179 1547 5234 15.
1622 5178 1669 5210 ³⁸
1708 5178 1728 5233 1
1764 5176 1891 5233 Cor.
1929 5194 1989 5243 ιι,

2095 5222 2103 5237 .
2178 5179 2224 5212 ⁸⁸
2254 5178 2299 5233 ll
2335 5178 2465 5235 Cor.
2501 5195 2622 5245 χιιι,
2648 5181 2701 5235 5.
2779 5180 2823 5210 ³⁸
2864 5178 3035 5236 lCor.
3065 5196 3146 5246 ιιι,
3191 5178 3279 5235 16.

487 5334 562 5405 (9)
593 5333 757 5403 Λέγω
774 5331 853 5406 ’δὲ
878 5334 993 5406 οὐκ
1020 5333 1157 5403 ἐγὼ,
1183 5334 1321 5389 ἀλλ’
1347 5336 1381 5388 ὁ
1424 5334 1659 5406 Κύριος.
1700 5332 2001 5406 lrrepserat

419 5404 477 5476 in,
506 5402 740 5476 utraque
773 5402 965 5476 Latina
1019 5402 1465 5472 Interpretatione
1492 5402 1565 5476 et
1598 5402 1891 5460 l’elaviana
1945 5413 1999 5458 ιιι

418 5473 785 5547 Thomasiana
810 5492 832 5547 7:
859 5473 990 5547 Dico
1022 5486 1219 5540 autem,
1244 5491 1335 5547 ego
1363 5491 1503 5541 non;
1536 5474 1817 5543 Dominus,
1850 5476 1995 5547 quod

416 5560 522 5601 nos
542 5546 824 5601 emendari
859 5545 1154 5600 voluimus.

487 5616 601 5687 (10)
644 5615 701 5670 In
728 5614 917 5672 Graeco
944 5621 1094 5687 textu
1117 5615 1287 5687 illius
1316 5615 1419 5670 loci
1454 5614 1708 5687 Epistolre
1740 5616 1997 5673 secundze

420 5684 836 5757 ad‘Cot‘inthios
857 5686 1089 5757 legimus
1116 5684 1403 5748 λαλοῦντος
1427 5684 1685 5757 Χριστοῦ.

489 5756 605 5829 (ll)
655 5755 820 5813 Juxta
855 5755 1103 5813 Latinam
1155 5755 1566 5812 rcrsionemin
1606 5758 1796 5813 Graeco
1846 5763 1995 5811 textu

2108 5334 2258 5408 illius
2281 5335 2385 5390 loci
2412 5336 2755 5408 desideratur
2787 5336 2918 5392 illud
2942 5336 3203 5408 Epistolte
3232 5339 3297 5395 ad
3324 5340 3605 5396 Romanos
3628 5354 3689 5403 ιι,

2104 5405 2175 5460 29
2192 5423 2221 5480 ξ
2249 5406 2523 5480 περιτομὴ
2552 5406 2781 5480 καρδίας
2804 5409 2862 5459 ὲν
2885 5405 3176 5480 πνεῦμειτι,
3207 5410 3391 5480 ὅμοιον
3420 5408 3515 5479 τῷ.
3536 5409 3690 5475 Quod

2104 5483 2160 5531 et
2189 5474 2413 5531 Petario
2444 5474 2718 5532 excidisse
2748 5486 2991 5533 constat.
3024 5474 3037 5480 ’
3164 5489 3171 5495 ’

2179 5545 2571 5620 (12)_G_rmeum
2604 5546 2879 5620 pristojge
2929 5550 3115 5620 prima:
3162 5548 3227 5620 ad
3278 5546 3593 5620 Corinthios
3628 5563 3691 5610 ιι.

2108 5616 2213 5690 109
2240 5615 2415 5690 sese;
2439 5615 2776 5690 ᾀπεκάλύψε.
2805 5615 3315 5690 νιιιεξιιιιι,ιίειεείαυίι
3346 5616 3502 5672 Deus.
3530 5615 3693 5690 Juxta

2108 5685 2396 5811 Epighan‘i‘i
2425 5685 2721 5747 dictionem
2755 5685 2946 5747 Latine
2975 5687 3267 5745 dicendum
3294 5696 3461 5757 esset,
3500 5688 3697 5744 revela-

2108 5774 2154 5811 t‘t
2273 5772 2337 5811 ιη
2397 5773 2478 5811 us.
3564 5771 3570 5776 ’
3626 5767 3631 5773 “

2108 5766 2179 5811 νιι
2212 5766 2478 5815 Christus.
3564 5771 3570 5776 ’
3626 5767 3631 5773 ’
