4018 6210
422 342 525 397 139

1803 334 1858 389 S.
1908 328 2249 389 EPIPHANII

3583 331 3690 388 HO

417 460 641 522 sancta;
674 452 778 509 tria
818 450 993 507 forma
1032 449 1281 522 praedita,
1330 448 1436 505 tria
1461 448 1708 507 eamdem
1763 449 1991 507 formam

2097 469 2217 524 τητι
2246 450 2466 524 χάριτος
2492 449 2706 523 [ἰατρὸς
2738 450 2832 507 καὶ
2854 445 2989 507 Υίοῦ
3034 449 3129 503 καὶ.
3158 446 3313 517 ἁγίου
3343 447 3687 520 Πνεύματος.

420 546 703 615 habentia;
744 546 850 601 tria
885 545 1147 610 ellicacia,
1190 545 1296 599 tria
1336 544 1499 601 simul
1533 543 1856 611 efﬁcientia;
1883 545 1992 598 tria

415 640 806 704 subsistentia,
855 639 957 693 tria
1007 636 1170 693 simul
1239 636 1605 693 subsistentia
1660 644 1716 690 et
1758 635 1993 691 invicem

420 732 732 802 conjuncta.
777 731 954 800 Atque
1006 743 1070 785 ea
1127 727 1347 783 demum
1395 737 1587 784 sancta
1613 726 1856 783 Trinitas
1894 742 1993 798 ap-

417 824 669 894 pellatur,
696 822 749 876 in
776 836 882 893 qua
917 821 1021 875 tria
1042 827 1192 885 sunt,
1227 819 1323 875 sed
1352 833 1462 873 una
1486 819 1649 874 trium
1679 818 1995 885 consensio,

417 930 523 969 una
549 912 809 967 divinitas
838 910 1086 981 ejusdem
1105 908 1327 965 virtutis
1353 909 1711 981 ejusdemque
1736 910 1997 966 substan-

416 1003 521 1066 tiae,
563 999 761 1056 similis
784 1014 815 1054 e
845 998 1049 1065 simili;
1082 1012 1205 1068 quae
1236 999 1499 1068 aequalem
1542 1001 1773 1071 gratiam
1807 1016 1874 1056 ex
1906 1014 1997 1055 ea-

417 1094 537 1149 dem
566 1091 730 1148 eﬂicit
761 1091 935 1162 gratia
969 1089 1150 1145 Patris
1184 1096 1239 1146 et
1276 1088 1401 1146 Filii
1432 1106 1497 1146 ac
1526 1090 1765 1163 Spiritus
1797 1091 1994 1148 sancti.

414 1187 663 1253 Quonam
703 1198 836 1239 vero
867 1181 1031 1236 modo
1052 1182 1229 1254 possit
1252 1182 1401 1239 istud
1433 1198 1577 1251 esse,
1609 1183 1857 1256 ipsismet
1888 1184 1997 1241 illis

415 1281 722 1337 docendum
742 1279 1070 1349 relinquitur
1098 1296 1111 1335 :
1143 1275 1335 1343 Nemo,
1361 1276 1561 1347 Inquit,
1588 1276 1730 1329 norit
1753 1274 1994 1342 Patrem,

416 1375 522 1429 nisi
548 1372 760 1438 Filius;
799 1389 961 1443 neque
991 1370 1216 1437 Filium,
1254 1370 1359 1425 nisi
1398 1368 1585 1435 Pater,
1613 1376 1662 1423 et
1697 1370 1783 1422 cui
1818 1366 1997 1422 Filius

414 1467 662 1522 revelarit
694 1467 746 1521 ‘z
784 1465 872 1520 cui
909 1472 1090 1520 autem
1122 1477 1218 1533 per
1253 1462 1519 1533 Spiritum
1557 1467 1809 1517 sanctum
1839 1472 1997 1514 reve-

415 1561 510 1624 lat,
547 1560 597 1615 ei
640 1568 695 1615 et
724 1558 888 1614 Pater
921 1557 1146 1613 revelat.
1181 1555 1309 1611 Tria
1350 1556 1518 1627 igitur
1560 1555 1665 1610 iSta
1706 1563 1856 1621 sunt,
1902 1561 1997 1609 aut

414 1669 480 1708 ex
510 1653 652 1723 ipso,
691 1662 784 1707 aut
821 1652 890 1707 ab
929 1650 1070 1722 ipso,
1112 1656 1207 1704 aut
1237 1649 1305 1703 ad
1345 1649 1567 1719 ipsum;
1601 1662 1724 1717 quae
1769 1646 1824 1701 in
1856 1662 1997 1701 uno-

2097 544 2171 601 T6
2223 546 2281 600 δὲ
2331 544 2488 613 πῶς,
2517 546 2702 610 αὑτοῖς
2732 543 3091 600 ἀπολείπεται
3130 541 3439 596 διδάσκειν·
3477 538 3691 608 Οὐδεὶς
3767 589 3789 595 -

2096 638 2205 711 γὰρ
2254 632 2378 692 οἵδε
2408 637 2517 692 τὸν
2552 636 2783 706 Πατέρα
2819 638 2873 692 εί
2912 634 3001 705 μὴ
3050 638 3083 689 ό
3124 633 3293 699 Υἱὸς,
3327 632 3530 700 οὐδεὶς
3578 634 3692 687 τὸν

2097 730 2233 784 Υίόν
2256 732 2306 784 εὶ
2335 728 2422 799 μὴ
2469 732 2502 785 ὁ
2544 728 2784 800 Πατὴρ,
2815 726 2915 782 καὶ
2938 718 2986 794 ᾧ
3011 727 3122 781 ἐὰν
3146 729 3181 781 ὁ
3221 725 3691 793 Υἱὸςάποκαλύι

2097 824 2210 892 ψῃ.
2250 822 2291 854 ¹¹
2310 820 2710 889 Ἀποκαλύπτει
2741 820 2799 875 δὲ
2828 820 2915 875 διὰ
2950 817 3269 890 Πνεύματος
3293 816 3447 886 ἁγίου
3468 856 3485 883 ,
3513 814 3691 887 τούτῳ

2100 916 2193 970 καὶ
2220 917 2248 969 6
2272 914 2465 987 Πατὴρ
2496 912 2894 969 ἀποκαλύπτει.
2932 910 3142 967 Οὐκοῦν
3177 908 3350 965 ταῦτα
3379 908 3507 981 τρία
3534 907 3687 970 ὄντα,

2098 1009 2131 1081 ἢ
2166 1006 2225 1074 ἐξ
2268 1007 2433 1063 αὑτοῦ
2459 1048 2474 1074 ,
2505 1007 2539 1079 ἢ
2585 1008 2716 1078 παρ’
2749 1004 2950 1071 αὑτοῦ,
2997 1004 3030 1077 ἢ
3067 1003 3204 1077 πρὸς
3261 1001 3423 1056 αὑτὸν
3472 1001 3690 1072 ἑκάστῳ

2098 1099 2263 1166 ἀξίως
2290 1098 2556 1171 νοούμενα
2582 1139 2596 1165 ,
2647 1096 2832 1162 καθὼς
2881 1096 3050 1151 ἑαυτὰ
3080 1092 3498 1158 ἀποκαλύπτει,
3547 1091 3686 1163 φῶς,

2097 1190 2211 1263 πῦρ
2229 1234 2245 1258 ,
2272 1190 2489 1263 πνεῦμα
2513 1232 2528 1259 ,
2554 1190 2648 1245 καὶ
2672 1190 2881 1256 ἄλλαις,
2905 1184 3081 1260 οἶμαι,
3101 1187 3343 1259 ὁράσεων
3373 1182 3687 1256 ὁμοιώσεσι,

2098 1284 2281 1347 καθὼς
2328 1284 2478 1351 ἄξιος
2513 1284 2541 1336 6
2572 1281 2988 1353 διακονούμενος
3035 1279 3343 1352 ἄνθρωπος.
3373 1278 3547 1343 Αὐτὸς
3575 1276 3689 1331 τοί-

2096 1392 2193 1429 νυν
2218 1376 2247 1429 6
2278 1374 2411 1439 Θεὸς
2433 1376 2460 1427 6
2482 1376 2539 1428 ἐν
2577 1376 2719 1446 ἀρχῇ
2752 1373 2921 1427 είπών
2940 1389 2953 1403 ·
2987 1367 3347 1440 Γενηθήτω
3377 1368 3504 1440 φῶς
3523 1413 3537 1436 ,
3587 1369 3691 1425 και

2097 1467 2333 1540 ἐγένετο
2362 1468 2573 1537 φῶςη,
2607 1466 2771 1530 αὑτὸς
2801 1468 2829 1520 6
2858 1465 3103 1537 φωτίσας
3134 1466 3282 1537 ἡμᾶς
3320 1462 3381 1517 τὸ
3411 1463 3529 1534 φῶς
3560 1464 3691 1517 ἰδεῖν

2095 1560 2158 1614 τὸ
2184 1559 2434 1632 ἀληθινὸν
2483 1559 2545 1612 τὸ
2586 1557 2838 1629 φωτίζον
2876 1556 3077 1613 πάντα
3103 1556 3421 1625 ἄνθρωπον
3445 1555 3692 1625 ἐρχόμεε

2096 1668 2208 1707 νον
2240 1653 2327 1718 είς
2356 1649 2466 1706 τὸν
2495 1650 2750 1721 κόσμον.
2800 1647 3273 1714 Ἐξαπόστειλον
3304 1645 3372 1701 τὸ
3414 1645 3540 1715 φῶς
3568 1658 3689 1700 σου

415 1760 665 1816 quoque,
724 1751 785 1798 ut
826 1758 925 1814 par
970 1750 1086 1811 est,
1135 1742 1534 1813 intelliguntur,
1582 1748 1745 1812 prout
1786 1739 1994 1809 seipsas

2100 1744 2199 1798 καί
2223 1743 2336 1813 τὴν
2364 1741 2655 1810 ἀλήθειάν
2678 1756 2795 1796 σου
2818 1782 2833 1804 ,
2864 1741 3029 1813 φησὶν
3058 1742 3087 1794 6
3119 1739 3303 1794 Δαὸίδ.
3336 1738 3509 1804 Αὐτός
3538 1739 3687 1793 ἐστιν

415 1854 663 1910 persona:
690 1838 793 1893 illae
823 1836 1139 1902 declarant;
1174 1835 1289 1899 lux,
1326 1834 1486 1905 ignis,
1514 1832 1767 1904 spiritus,
1799 1838 1854 1887 et
1885 1846 1983 1887 ere-

2097 1837 2124 1890 6
2168 1834 2374 1906 Κύριος
2422 1836 2451 1888 6
2501 1833 2673 1887 εἰπών
2705 1849 2721 1867 ·
2787 1832 2892 1887 Ἐν
2946 1831 3077 1899 ταῖς
3109 1829 3399 1901 ἐσχάταις
3439 1829 3687 1900 ἡμέραις

413 1940 651 1987 terarum
686 1944 868 1985 rerum
909 1926 1325 1998 aspectabilium
1366 1924 1683 1981 nominibus
1717 1923 1994 1995 appellan-

2097 1925 2287 1997 ἐκχεῶ
2316 1925 2435 1982 ἀπὸ
2465 1925 2574 1979 τοῦ
2602 1924 2951 1995 Πνεύματός
3000 1940 3121 1995 μου
3146 1967 3161 1992 ,
3205 1922 3305 1977 καί
3351 1921 3690 1992 προφητεύ-

411 2030 519 2085 tur,
555 2036 654 2092 pro
678 2036 744 2076 eo
767 2035 830 2074 ac
857 2019 1081 2089 quilibet
1100 2017 1383 2071 hominum
1412 2016 1612 2088 dignus
1639 2022 1745 2079 est,
1775 2014 1864 2069 cui
1890 2014 1994 2069 hoc

2099 2031 2325 2071 σουσιν
2372 2018 2427 2070 οἱ
2468 2016 2585 2071 υἱοὶ
2634 2013 2866 2077 αὐτῶν,
2898 2013 2995 2067 καί
3024 2014 3085 2067 al
3118 2013 3436 2084 θυγατέρες
3464 2010 3686 2077 αὐτῶν,

413 2113 576 2167 ollicii
608 2127 781 2183 genus
814 2109 1169 2181 impenditur.
1198 2108 1343 2165 Deus
1382 2107 1548 2179 igitur
1581 2107 1671 2162 ille
1709 2107 1803 2177 qui
1836 2105 1994 2161 initio

2100 2108 2198 2162 καί
2242 2110 2297 2161 ol
2345 2107 2660 2163 νεανίσκοι
2707 2104 2908 2161 αὐτῶν
2937 2104 3178 2174 ὁράσεις
3217 2106 3471 2176 ὄψονται
3492 2121 3506 2135 ·
3559 2106 3690 2178 τρία

414 2206 590 2261 dixit:
624 2203 748 2258 Fiat
780 2204 895 2269 lux,
925 2212 976 2257 et
1005 2202 1150 2273 facta
1176 2210 1253 2258 est
1287 2200 1641 2272 aspcctabilis
1664 2200 1756 2254 illa
1786 2200 1879 2254 lux
1932 2201 1955 2231 ¹
1976 2238 1992 2265 ,

2101 2201 2368 2273 πρόσωπα
2390 2200 2551 2269 ἁγίας
2578 2198 2920 2272 λειτουργίας
2944 2198 3161 2264 δεικνὺς
3193 2199 3325 2271 ἡμῖν
3356 2198 3416 2267 ἐξ
3446 2197 3691 2254 ὑποστά-

414 2298 530 2367 ipse
567 2304 671 2361 est,
706 2295 797 2365 qui
838 2294 906 2349 ad
942 2309 1131 2350 verum
1164 2294 1348 2348 lumen
1379 2292 1701 2347 intuendum
1732 2291 1894 2346 nobis
1926 2291 1985 2344 il-

2104 2309 2240 2354 σεως
2271 2291 2317 2322 ¹³
2350 2288 2517 2359 οὔσης
2545 2290 2753 2363 τρίτης.

413 2391 571 2455 luxit,
609 2390 747 2463 quod
777 2390 1046 2444 illuminat
1080 2405 1286 2443 omnem
1341 2388 1606 2443 hominem
1647 2387 1931 2441 uenientem
1986 2387 2043 2440 in
2083 2385 2336 2440 mundum
2356 2386 2396 2438 ³.
2432 2384 2631 2439 Emitte
2670 2385 2836 2439 lucem
2875 2393 3047 2450 tuam,
3104 2385 3180 2440 ait
3238 2382 3410 2440 David
3437 2383 3478 2451 ⁸,
3523 2392 3574 2438 et
3602 2400 3687 2439 ve-

414 2483 624 2555 ritatem
661 2491 825 2535 tuam.
857 2482 952 2536 llle
997 2480 1113 2551 ipse
1146 2479 1407 2534 Dominus
1438 2486 1544 2543 est,
1583 2478 1677 2548 qui
1731 2477 1908 2532 dixit:
1945 2476 2011 2532 In
2041 2477 2337 2532 novissimis
2371 2475 2553 2531 diebus
2586 2475 2855 2546 e/fundam
2884 2476 2949 2531 de
2975 2476 3178 2546 Spiritu
3206 2492 3318 2530 meo
3376 2478 3431 2528 in
3482 2491 3686 2529 onmem

413 2593 654 2642 carnem,
695 2586 745 2632 et
776 2575 1158 2647 prophetabunt
1189 2574 1292 2644 ﬁlii
1320 2590 1526 2640 eorum,
1555 2583 1606 2628 et
1647 2574 1777 2643 ﬁlice
1820 2572 2055 2640 illorum,
2097 2582 2147 2628 et
2182 2573 2538 2628 adolescentes
2569 2572 2805 2641 ipsorum
2853 2573 3077 2627 visiones
3128 2569 3367 2627 videbunt
3392 2569 3436 2625 ⁸.
3476 2570 3551 2625 Ac
3576 2578 3689 2627 tres

418 2674 714 2729 functionis
758 2687 930 2729 sacrm
957 2686 1225 2744 personas
1251 2670 1410 2727 nobis
1432 2668 1691 2737 ostendit,
1720 2685 1845 2726 cum
1876 2671 2037 2727 tertia
2061 2684 2126 2726 ex
2155 2670 2437 2743 hypostasi
2469 2670 2727 2741 procedat
2748 2667 3084 2741 hypostasis.

484 2786 720 2843 LXVIII.
767 2788 900 2844 Dico
945 2790 1111 2862 igitur
1159 2789 1433 2845 Christum
1488 2791 1793 2845 ministrum
1831 2789 1998 2860 fuisse

401 2880 836 2935 -circumcisionis
871 2896 965 2949 pro
998 2882 1220 2938 veritate
1250 2882 1368 2949 Dei,
1404 2890 1461 2936 ut
1487 2884 1751 2954 promissa
1772 2881 1999 2951 comple-

412 2971 553 3026 ret‘.
608 2970 782 3028 Porro
833 2972 1097 3045 Spiritum
1143 2983 1396 3031 sanctum
1443 2992 1554 3033 una
1602 2977 1919 3033 ministrare
1966 2991 1999 3032 ε

412 3079 697 3121 sacrorum
772 3065 1063 3121 Librorum
1137 3072 1468 3124 auctoritate
1529 3069 1605 3124 ita
1678 3068 1993 3124 didicimus.

2173 2787 2299 2841 ΞΗ’.
2335 2785 2501 2856 Λέγω
2535 2782 2650 2843 οὖν
2695 2785 2957 2855 Χριστὸν
3002 2783 3289 2839 διάκονον
3328 2781 3694 2854 γεγενῆσθαι

2106 2878 2433 2949 περιτομῆς
2465 2878 2620 2948 ὑπὲρ
2651 2879 2940 2946 ἀληθείας
2980 2876 3130 2932 Θεοῦ
3156 2878 3247 2944 εὶς
3273 2875 3342 2930 τὸ
3373 2874 3694 2942 πληρῶσαι

2103 2972 2212 3038 τὰς
2257 2970 2656 3041 ἐπαγγελίας,
2714 2970 3079 3023 συνδιακονεῖν
3123 2968 3183 3023 δὲ
3238 2968 3301 3023 τὸ
3349 2967 3575 3039 Πνεῦμα
3628 2966 3695 3020 τὸ

2104 3065 2259 3135 ἅγιον
2304 3063 2837 3136 συμπαρειλήφαμεν
2883 3065 2948 3117 ἐκ
3000 3062 3162 3117 θείων
3210 3060 3443 3134 Γραφῶν
3495 3059 3688 3123 οὕτως.

402 3157 666 3213 Christus
696 3173 725 3210 a
759 3156 921 3215 Patre
952 3160 1211 3227 mittitur,
1242 3161 1479 3216 mittitur
1507 3172 1563 3217 et
1593 3159 1832 3231 Spiritus
1869 3175 1994 3215 sane

2113 3156 2527 3211 Ἀποστέλλεται
2559 3156 2588 3209 6
2638 3153 2874 3226 Χριστὸς
2918 3154 3028 3210 ἀπὸ
3073 3154 3327 3227 Πατρὸς,
3365 3150 3694 3208 ἀποστέλλε-

411 3257 534 3303 ctus
562 3266 575 3302 :
613 3248 868 3305 Christus
898 3250 954 3304 in
986 3253 1194 3307 sanctis
1224 3251 1483 3322 loquitur,
1519 3251 1760 3322 loquitur
1786 3258 1841 3306 et
1872 3249 1997 3320 Spi-

412 3338 555 3394 ritus
599 3347 866 3395 sanctus:
917 3348 1078 3396 sanat
1120 3340 1395 3408 Christus,
1447 3350 1604 3398 sanat
1662 3351 1718 3399 et
1760 3341 1998 3413 Spiritus

410 3433 685 3484 sanctus:
729 3428 1039 3485 sanctiﬁcat
1079 3429 1356 3497 Christus,
1390 3432 1702 3488 sanctiﬁcat
1738 3440 1794 3488 et
1823 3430 1999 3503 Spiri-

402 3527 504 3574 tus
554 3525 833 3575 sanctus:
892 3520 1135 3591 baptizat
1192 3521 1248 3577 in
1302 3537 1403 3577 suo
1454 3523 1677 3579 nomine
1721 3523 1995 3590 Christus,

410 3613 656 3685 baptizat
688 3622 743 3668 et
771 3611 1012 3684 Spiritus
1046 3622 1292 3671 sanctus.
1325 3614 1405 3669 Ad
1437 3630 1561 3670 eum
1595 3616 1816 3671 modum
1850 3614 2000 3672 Scri-

412 3714 577 3776 ptura
619 3706 903 3776 loquitur'
939 3724 953 3762 :
988 3707 1094 3777 72
1149 3706 1376 3762 Emittes
1426 3707 1689 3777 Spiritum
1727 3717 1897 3776 tuum,
1948 3716 2000 3764 et

407 3797 688 3853 renovabis
753 3798 946 3867 faciem
1002 3808 1158 3854 terra:
1191 3813 1212 3854 :
1261 3798 1411 3870 quod
1471 3799 1615 3855 idem
1683 3807 1770 3856 est
1838 3807 2002 3871 atque

413 3891 606 3948 istud:
652 3890 903 3947 Emittes‘
933 3890 1154 3948 Verbum
1206 3900 1378 3954 tuum,
1420 3899 1471 3944 et
1520 3890 1824 3962 liquefacies
1870 3908 1932 3946 ea
1954 3892 1997 3947 ⁸.

413 3983 544 4039 Item
577 4001 591 4038 :
619 3982 1054 4039 Ministrantibus
1115 3982 1225 4038 illis
1271 3982 1498 4038 Domino
1539 3999 1600 4037 ac
1628 3982 1999 4053 jejunantibus

402 4077 552 4131 dixit
596 4075 831 4148 Spiritus
877 4085 1138 4131 sanctus:
1189 4074 1474 4147 Segregate
1517 4074 1648 4129 mihi
1689 4073 1999 4129 Barnabam

397 4180 456 4224 et
489 4168 714 4225 Saulum
753 4169 823 4223 ad
853 4156 982 4238 opus
1008 4167 1078 4223 ad
1105 4167 1245 4241 quod
1288 4184 1374 4223 eos
1420 4167 1670 4222 vocavi‘.
1713 4166 1860 4223 Idem
1894 4165 1999 4222 hoc

407 4270 493 4317 cst
521 4276 646 4316 cum
681 4263 789 4317 isto
814 4280 827 4316 :
878 4261 1133 4315 Dominus
1166 4270 1345 4314 autem
1372 4260 1511 4313 dixit
1540 4276 1560 4315 :
1598 4257 1881 4331 Ingredere
1905 4275 1999 4312 ur-

409 4353 545 4416 bem,
589 4363 638 4407 et
671 4353 744 4405 ibi
800 4352 1007 4406 dicetur
1056 4350 1305 4421 tibiquid
1352 4359 1401 4404 te
1443 4359 1682 4419 oporteat
1730 4350 1993 4419 facere“.

410 4444 585 4500 Item:
635 4442 729 4496 Illi
778 4442 943 4512 igitur
996 4443 1147 4497 missi
1192 4458 1225 4495 a
1269 4440 1474 4510 Spiritu
1522 4451 1707 4498 sancto
1752 4442 1994 4497 abierunt

2096 3266 2187 3304 ται
2232 3248 2294 3303 τὸ
2335 3248 2563 3319 Πνεῦμα
2608 3261 2671 3303 το
2712 3247 2903 3317 ἅγιονο
2939 3246 3182 3301 λαλεῖται
3232 3246 3275 3279 ⁸⁸
3329 3248 3388 3301 ἐν
3446 3244 3625 3314 ἁγίοις
3661 3245 3693 3297 6

2097 3338 2371 3411 Χριστὸς,
2421 3338 2664 3394 λαλεῖται
2723 3338 2785 3393 τὸ
2830 3338 3058 3411 Πνεῦμα
3102 3339 3163 3393 τὸ
3219 3338 3375 3407 ἅγιον
3402 3353 3418 3369 ο
3469 3338 3612 3390 ίᾶται
3656 3335 3690 3387 6

2097 3429 2368 3503 Χριστὸς,
2414 3430 2561 3485 ἰᾶται
2592 3430 2655 3485 τὸ
2697 3429 2923 3503 Πνεῦμα
2965 3429 3031 3484 τὸ
3076 3430 3263 3499 ἃγιονο
3296 3428 3513 3499 ἁγιάζει
3554 3429 3691 3500 Χριο

2099 3524 2255 3592 στδς,
2284 3524 2501 3595 ἁγιάζει
2526 3523 2587 3579 τὸ
2612 3522 2838 3596 Πνεῦμα
2866 3521 2928 3577 τὸ
2954 3522 3111 3599 ἅγιον
3131 3537 3144 3552 ·
3176 3519 3425 3591 βαπτίζει
3454 3518 3693 3592 Χριστὸς

2098 3616 2157 3671 ὲν
2180 3614 2259 3687 τῷ
2282 3615 2505 3687 ὀνόματι
2536 3613 2702 3670 αὑτοῦ
2726 3656 2741 3683 ,
2772 3612 3022 3686 βαπτίζει
3047 3611 3111 3667 τὸ
3150 3611 3377 3682 Πνεῦμα
3423 3611 3486 3665 τὺ
3510 3610 3689 3680 ἅγιον.

2098 3706 2257 3763 Οὑτω
2283 3706 2533 3778 λέγουσιν
2564 3710 2621 3763 αἱ
2642 3706 2857 3781 Γραφαί
2882 3723 2897 3739 ·
2938 3704 3320 3770 Ἀποστελεῖς
3347 3705 3417 3760 τὸ
3444 3704 3691 3775 Πνεῦμά

2098 3813 2218 3855 σου
2241 3838 2257 3865 ,
2316 3798 2417 3854 καί
2462 3799 2833 3867 ἁνακαινιεῖς
2886 3799 2954 3853 τὸ
3014 3800 3344 3868 πρόσωπον
3388 3796 3500 3865 τῆς
3537 3795 3645 3867 γῆς
3673 3812 3687 3824 ·

2098 3890 2284 3960 ὅμοιον
2310 3889 2390 3962 τῷ
2414 3889 2595 3961 λέγειν
2611 3932 2627 3955 ,
2677 3889 3143 3957 Ἐξαποστελεῖς
3181 3887 3292 3944 τὸν
3318 3888 3518 3959 Λόγον
3545 3903 3687 3954 σου,

2100 3983 2199 4037 καὶ
2249 3982 2453 4052 τήξεις
2496 3982 2671 4038 αὐτά.
2723 4013 2796 4023 -
2834 3982 3356 4052 Λειτουργούντων
3407 3979 3477 4033 δὲ
3528 3977 3691 4045 αὐτῷ

2099 4076 2181 4143 τῷ
2204 4077 2401 4147 Κυρίῳ
2428 4076 2526 4132 καί
2555 4078 2982 4146 νηστευόντων
3005 4113 3021 4141 ,
3054 4070 3187 4130 εἶπε
3230 4072 3299 4128 τὸ
3343 4071 3588 4142 Πνεῦμα
3619 4070 3689 4125 τὸ

2100 4167 2290 4238 ἅγιον,
2338 4166 2683 4237 Ἀφορίσατε
2710 4182 2813 4236 μοι
2839 4162 3160 4234 Βαρνάϐαν
3190 4161 3290 4217 καί
3326 4160 3567 4217 Σαῦλον
3600 4162 3690 4227 είς

2098 4260 2167 4314 τὸ
2216 4260 2396 4330 ἔργον
2420 4298 2435 4325 ,
2483 4258 2515 4313 6
2569 4256 3026 4327 προσκέκλημαι
3076 4255 3301 4321 αὐτούς
3323 4270 3339 4284 ·
3373 4254 3561 4323 ὅμοιον
3608 4250 3689 4322 τῷ

2099 4354 2295 4419 εἰπεῖν,
2346 4352 2400 4405 Ὁ
2431 4351 2501 4406 δὲ
2532 4354 2750 4422 Κύριος
2776 4346 2949 4406 εἶπεν
2968 4365 2985 4380 ⁶
3033 4348 3294 4405 Εισελθε
3323 4348 3413 4413 εὶς
3440 4344 3555 4413 τὴν
3581 4345 3689 4397 πό-

2098 4447 2220 4512 λιν,
2265 4443 2444 4502 κάκεῖ
2464 4442 2882 4514 λαληθήσεται
2919 4455 3020 4496 σοι
3052 4441 3111 4496 τί
3141 4454 3216 4495 σε
3251 4437 3349 4494 δεῖ
3375 4435 3589 4492 ποιεῖν.
3617 4464 3688 4479 -—

482 4621 502 4654 ³
533 4619 725 4675 Matth.
752 4635 833 4685 ιι,
865 4620 955 4674 27.
1033 4620 1055 4649 ³
1088 4617 1225 4675 Gen.
1256 4634 1296 4683 I,
1332 4618 1387 4675 3.
1462 4618 1484 4650 ³
1518 4616 1678 4673 Joan.
1712 4632 1751 4687 ι,
1780 4617 1833 4673 9.
1924 4618 1947 4649 ⁸
1980 4617 1994 4673 I

2097 4619 2260 4687 lxut,
2286 4620 2339 4675 3.
2441 4622 2464 4655 ⁵
2501 4620 2619 4677 Joel
2655 4636 2720 4683 ιι,
2748 4620 2840 4675 28.
2915 4581 2937 4654 δ
2972 4620 3130 4675 Rom.
3159 4634 3249 4685 xv,
3329 4617 3349 4649 ⁷
3378 4615 3526 4673 Psal.
3565 4628 3683 4687 ciu,

412 4692 500 4748 to.
573 4691 597 4723 ⁸
632 4691 778 4749 Psal.
810 4704 1013 4752 chvu,
1046 4690 1134 4744 18.
1210 4691 1230 4722 ⁸
1260 4690 1386 4746 Act.
1419 4705 1541 4757 xm,
1569 4689 1625 4742 2.
1658 4684 1747 4744 8.'
1790 4688 1835 4721 ¹⁰
1861 4688 1986 4745 Act.

2132 4690 2181 4746 7.
2247 4684 2301 4723 ’⁸⁸
2336 4692 2544 4751 Desunt
2578 4692 2693 4748 haec
2714 4692 2910 4749 haeresi
2942 4691 3028 4746 74.
3108 4691 3151 4721 ³·
3195 4687 3357 4745 Deest
3389 4687 3449 4742 τὸ
3478 4684 3687 4758 ὁρώμε-

408 4779 521 4816 νον.
598 4762 643 4794 ⁸³
668 4779 758 4833 γρ.
790 4760 1143 4824 ὑποστάσεως
1167 4759 1227 4826 ἐξ
1247 4759 1342 4815 ὑπ.
1422 4760 1468 4791 ¹⁸
1494 4776 1585 4830 τρ.
1626 4758 1779 4814 λαλεῖ
1804 4759 2111 4834 utrobique.

412 4940 522 5013 cilii
564 4936 913 5013 Alesandriai
939 4936 1215 5013 _celebra_ti
1271 4949 1417 4991 anno
1436 4934 1615 5013 _362;
1672 4935 1729 5013 in
1773 4952 1885 5007 quo
1935 4935 1993 4992 S.
2029 4919 2224 4998 Desse
2249 4948 2365 4996 tres
2398 4941 2451 4996 in
2492 4942 2693 4999 divinis
2740 4956 3006 5013 personas
3049 4941 3228 4997 fateri.
3260 4940 3531 5013 Caeterum
3557 4952 3687 5013 me-

413 5010 749 5065 Athanasius
780 5007 1115 5066 dissidentes
1169 5008 1311 5063 inter
1349 5022 1408 5064 se
1436 5005 1626 5063 Patres
1657 5005 1725 5061 ad
1755 5005 1990 5064 concor-

412 5083 559 5136 diam
589 5080 816 5134 miritice
848 5081 1164 5145 revocavit,
1197 5078 1334 5150 ipsis
1377 5077 1678 5147 detegendo
1707 5077 1987 5150 diversum

410 5154 562 5207 vocis
588 5150 937 5215 ὑποστάσεως
979 5164 1170 5219 usum;
1211 5148 1320 5220 quo
1354 5155 1409 5205 et
1460 5151 1709 5220 nolentes
1740 5148 1989 5220 implicaf

409 5223 630 5276 bantur.
685 5220 759 5276 De
797 5238 899 5277 usu
942 5220 1187 5290 ejusdem
1231 5219 1400 5275 ’vocis
1450 5219 1987 5290 ὑποστάσεωςιψυτι

410 5291 776 5362 Epiphanium
812 5302 1060 5347 nostrum
1087 5290 1463 5362 inspiciendus
1492 5291 1648 5346 locus
1678 5290 1826 5346 illius
1857 5305 1989 5360 prae-

409 5360 566 5419 sens:
602 5362 946 5434 inspicienda
977 5370 1032 5418 et
1074 5360 1193 5434 loca
1228 5362 1283 5417 in
1333 5360 1572 5418 Panario
1617 5361 1885 5434 plurima,
1928 5368 1987 5434 et

448 5429 713 5488 raescrtim
770 5448 1032 5489 numerus
1072 5433 1137 5488 I6
1179 5433 1234 5488 in
1279 5434 1471 5489 haeresi
1516 5429 1890 5489 73(Prol‘ecto
1923 5429 1981 5486 S.

484 5507 641 5561 silius
667 5504 895 5572 Magnus
936 5506 993 5560 in
1031 5503 1274 5573 Epistola
1315 5503 1384 5559 ad
1422 5504 1600 5574 ipsum
1632 5501 1990 5574 Epiphaniam

406 5576 554 5647 data,
605 5593 728 5647 quae
750 5571 906 5645 juxta
935 5571 1309 5647 recensionem
1334 5571 1528 5647 novam
1576 5580 1660 5628 est
1707 5575 1764 5627 in
1791 5571 1988 5647 ordine

2090 5020 2319 5067 moratae
2353 5009 3085 5084 usurpationis'varietatem
3118 5028 3233 5084 prae;
3278 5012 3455 5067 oculis
3484 5009 3685 5084 habent

2085 5096 2311 5139 necesse
2342 5091 2426 5155 est
2460 5079 2749 5155 theologia:
2775 5084 3079 5149 studiosus,
3118 5079 3171 5140 si
3202 5082 3426 5155 Patrum
3476 5079 3683 5155 doctri-

2084 5166 2186 5209 nas
2232 5162 2286 5209 et
2339 5150 2477 5209 falsa
2511 5150 2899 5223 haereticorum
2956 5168 3116 5209 sensa
3161 5153 3381 5223 assequi
3422 5151 3573 5223 velit.
3617 5150 3683 5205 L't

2085 5224 2332 5295 exemplo
2358 5239 2447 5279 res
2480 5225 2695 5295 planior
2726 5224 2839 5291 ﬁat,
2877 5222 3181 5280 Sabelliani
3216 5221 3319 5279 Dei
3339 5221 3538 5295 Filium
3569 5238 3683 5292 μο-

2085 5291 2326 5375 νοούσξον
2360 5291 2740 5375 appellabant,
2785 5295 2935 5366 quod
2978 5306 3131 5375 recto
3189 5310 3360 5351 sensu
3384 5291 3682 5375 theologus

2085 5364 2362 5432 accipiens
2397 5363 2507 5419 non
2540 5363 2833 5435 rejiceret';
2868 5380 2997 5420 vere
3022 5366 3171 5423 enim
3207 5363 3522 5434 μονοούσιος
3569 5364 3681 5417 sic-

2092 5442 2151 5506 με
2198 5442 2253 5490 et
2300 5435 2583 5506 ὀμοούσιος
2636 5445 2720 5492 est
2766 5436 2865 5492 Dei
2924 5435 3121 5492 Filius.
3168 5435 3332 5491 Absit
3382 5442 3567 5506 tamen
3621 5439 3683 5485 ut

2085 5502 2359 5579 haereticis
2391 5507 2499 5563 illis
2524 5507 2904 5579 adharreamus
2930 5549 2947 5575 ,
2992 5508 3195 5579 quippe
3224 5507 3318 5576 qui
3351 5504 3543 5566 οὐσίας
3576 5517 3683 5557 no-

2084 5576 2229 5632 mine
2258 5592 2551 5646 personam
2580 5578 2919 5635 denotabant
2942 5576 3197 5635 et'uiia‘m
3245 5585 3462 5646 tantum
3490 5587 3683 5646 pergo:

406 5640 696 5724 32.58,}oin.
730 5640 796 5703 III
827 5648 1081 5715 Garner.,
1124 5662 1248 5724 pag.
1298 5644 1441 5724 392..
1475 5645 1633 5724 laetus
1674 5643 1877 5724 gaudet
1930 5652 1985 5699 et
2080 5661 2208 5724 nam
2256 5640 2632 5724 agnoscebant
2674 5650 2729 5706 in
2764 5650 3011 5719 divinis,
3067 5648 3199 5706 dum
3241 5640 3557 5719 μονοοὺσὼν
3584 5640 3678 5697 Ι)θί

407 5714 709 5789 Epiphanio
735 5712 1231 5789 gratulatur,'_quot'l
1267 5713 1519 5789 statuerit
1547 5712 1609 5767 τὸ
1632 5712 1781 5785 τρεῖς
1810 5712 1983 5789 ἀναγο

2097 5717 2278 5775 i‘ilium
2291 5712 2585 5777 'dicebant.

410 5782 562 5847 κὰίὀν
590 5782 854 5854 είναιῖςὰς
883 5782 1214 5849 ὑποστάσεις
1259 5782 1563 5854 ὁμολογεῖν,
1604 5782 1979 5852 necessarium

3535 5898 3573 5928 ιὶ.
