4018 6210
399 305 500 369 ul

1825 297 2266 361 ANCORATUS.

3574 304 3675 358 142

403 421 582 480 Οὗτοι
630 423 750 499 μὲν
803 417 918 478 οὖν
976 419 1420 492 ἐκπεμφθέντες
1481 417 1600 473 ὑπὸ
1653 417 1759 473 τοῦ
1814 418 1987 489 ἁγίου

2093 416 2465 484 Seleuciam‘;
2499 414 2960 489 quemadmodum
2990 415 3247 472 Christus
3274 417 3394 488 ipse
3421 414 3668 473 diceret.

400 515 750 584 Ιίνεύματος
774 553 790 579 ,
836 512 1143 583 κατῆλθον
1197 514 1283 579 είς
1327 511 1688 566 Σελεύκειαν
1715 526 1728 539 ·
1792 509 1869 574 ὡς
1922 508 1989 563 ἂν

401 604 548 659 εἴποι
594 604 864 677 Χριστὸς,
928 603 1076 659 Ἰδοὺ
1109 602 1469 658 ἀποστέλλω
1516 599 1674 672 ὑμᾶς
1728 600 1810 666 ὡς
1846 599 1989 670 πρό-

399 699 551 754 ϐατα
584 697 656 752 ἐν
693 698 864 769 μέσῳ
904 697 1130 751 λύκων.
1169 724 1241 735 --
1277 693 1495 759 Ἔδοξε
1528 692 1639 764 γὰρ
1681 690 1764 759 τῷ
1801 690 1992 745 Πνεύ-

394 809 539 861 ματι
601 788 683 855 τῷ
746 788 895 859 ἁγίῳ
935 786 1134 857 μηδὲν
1188 786 1347 840 ἄλλο
1395 784 1763 839 ἐπιτίθεσθαι
1797 780 1991 849 ,βάρος

398 884 571 951 πλὴν
619 881 739 936 τῶν
770 878 1140 951 ἐπάναγκες·
1180 880 1255 943 ὼς
1294 878 1361 932 ἂν
1414 877 1559 933 εἴποι
1608 877 1647 942 ⁸,
1713 875 1876 946 Λέγω
1922 874 1990 928 δὲ

398 977 512 1029 οὐκ
541 973 677 1043 ἐγὼ,
710 972 849 1026 ἀλλ’
880 974 913 1027 ό
946 972 1163 1039 Κύριος
1194 970 1292 1040 (9),
1328 969 1587 1041 γυναῖκα
1618 967 1738 1024 ἀπὸ
1767 968 1989 1037 ἀνδρὸς

394 1068 481 1137 μὴ
516 1065 902 1138 χωρισθῆναι.
929 1098 1000 1107 -—
1031 1063 1289 1133 Διῆλθον
1336 1061 1404 1117 δὲ
1440 1062 1556 1132 τὴν
1595 1062 1858 1132 Φρυγίαν
1890 1061 1988 1115 καὶ

400 1160 517 1229 τὴν
568 1142 921 1227 Γαλατικὴν
976 1157 1209 1227 χώραν,
1281 1154 1653 1221 κωλυθέντες
1708 1153 1825 1209 ἀπὸ
1880 1152 1987 1208 τοῦ

403 1247 750 1315 ίΙνεύματος
792 1243 900 1299 τοῦ
929 1244 1103 1316 ἁγίου
1142 1242 1415 1313 λαλῆσαι
1461 1244 1570 1298 τὸν
1595 1244 1781 1314 λόγον
1808 1244 1879 1297 ἐν
1912 1241 1986 1314 τῇ

414 1341 576 1407 Ἀσίᾳ
603 1356 618 1371 ο
658 1339 942 1405 ἐλθόντες
978 1338 1051 1392 δὲ
1082 1341 1171 1405 εἱς
1218 1337 1336 1407 τὴν
1367 1338 1612 1393 Μυσίαν
1632 1378 1647 1401 ,
1680 1335 1989 1405 ἐπείραζον

398 1436 487 1498 εἷς
524 1432 641 1500 τὴν
694 1431 982 1486 Βιθυνίαν
1033 1432 1424 1501 πορεύεσθαι,
1464 1430 1564 1484 καὶ
1615 1431 1728 1485 οὐκ
1777 1429 1989 1483 εἴασεν

400 1525 623 1592 αὐτοὺς
649 1524 716 1578 τὸ
747 1524 989 1595 Πνεῦμα
1023 1542 1037 1556 ο
1073 1524 1149 1589 ὡς
1178 1523 1245 1578 ἂν
1283 1526 1427 1579 εἴποι
1461 1523 1730 1597 Χριστὸς,
1761 1527 1985 1592 Πορευ-

401 1621 606 1684 θέντες
646 1618 990 1685 ,ϐαπτίσατε
1042 1616 1243 1672 πάντα
1282 1617 1355 1672 τὰ
1394 1618 1561 1687 ἔθνη.
1621 1616 1719 1685 Μὴ
1747 1614 1985 1681 βαστά·

399 1709 533 1777 (nte
572 1708 793 1778 πήραν,
825 1709 912 1779 μὴ
938 1708 1167 1778 ῥάϐδον
1191 1707 1348 1778 μηδὲ
1380 1708 1757 1778 ὑποδήματα.
1792 1738 1858 1749 -
1892 1707 1986 1761 Οἵ-

398 1816 559 1866 τινες
577 1840 591 1865 ,
623 1800 810 1870 φησιν,
839 1799 1054 1868 ἔλεγον
1080 1796 1161 1865 τῷ
1190 1798 1410 1863 Παύλῳ
1447 1798 1546 1853 διὰ
1574 1799 1679 1853 τοῦ
1710 1798 1983 1869 Πνεύμαο

398 1907 534 1957 τος,
585 1891 673 1961 μὴ
720 1890 1066 1945 ἀναϐαίνειν
1107 1892 1196 1955 είς
1270 1889 1692 1960 Ἰερουσαλήμο
1752 1889 1988 1960 Ἀγαὸός

398 1997 567 2052 φησιο
606 1978 750 2034 Τάδε
791 1977 956 2049 λέγει
1000 1978 1068 2032 τὸ
1098 1979 1343 2049 Πνεῦμα
1380 1978 1446 2033 τὸ
1477 1979 1649 2047 ἅγιον
1673 2020 1688 2044 ,
1732 1981 1843 2033 Τὸν
1880 1978 1987 2032 ἆν-

397 2069 513 2139 δρα
556 2066 629 2126 οὗ
678 2071 851 2125 ἐστιν
897 2071 937 2140 ὴ
982 2068 1131 2138 ζώνη
1169 2070 1322 2140 αὕτη
1352 2088 1367 2102 ·
1422 2070 1625 2141 ὁμοίως
1670 2069 1805 2124 ὡσεὶ
1835 2070 1988 2140 ἔλεγε

400 2158 643 2223 Παῦλος,
676 2160 745 2212 El
794 2156 1051 2227 δοκιμὴν
1080 2155 1399 2226 ζητοῦντες
1432 2159 1540 2213 τοῦ
1590 2159 1660 2212 ἐν
1715 2160 1842 2225 ἐμοὶ
1874 2159 1986 2231 (10)

399 2251 738 2317 λαλοῦντος
794 2251 986 2316 Θεοῦ;
1036 2250 1092 2322 ἢ,
1147 2250 1566 2321 Μνημονεύετε
1621 2251 1740 2305 τῶν
1791 2252 1989 2322 λόγων

400 2344 645 2411 Κυρίου,
673 2342 762 2397 ὅτι
782 2343 965 2410 αὐτὸς
991 2343 1181 2407 εἶπεν,
1212 2344 1469 2414 Ἀγαθὸν
1495 2342 1726 2397 διδόναι
1745 2342 1990 2413 μᾶλλον

401 2434 441 2504 ἢ
478 2433 825 2504 λαμϐάνειν.
855 2466 926 2477 --
946 2434 1059 2488 Kal
1093 2433 1212 2489 νῦν
1258 2434 1388 2489 ἰδοὺ
1422 2434 1535 2503 ἐγὼ
1568 2433 1886 2505 δεδεμένος
1910 2434 1989 2502 τῷ

401 2526 701 2595 Πνεύματι
738 2526 1065 2594 πορεύομαι
1090 2541 1105 2556 ο
1138 2525 1215 2591 ὡς
1249 2526 1427 2590 εἴποι,
1465 2526 1709 2594 Παῦλος
1744 2525 1988 2596 δέσμιος

411 2615 609 2683 Ἰησοῦ
637 2614 917 2685 Χριστοῦ.
949 2647 1016 2658 —
1043 2614 1218 2684 Πλὴν
1244 2615 1310 2670 τὸ
1346 2616 1588 2687 Πνεῦμά
1610 2634 1714 2687 μοι
1745 2617 1989 2687 διαμαρ-

401 2709 637 2777 τύρεται
663 2708 815 2762 κατὰ
838 2709 1022 2761 πόλιν
1039 2706 1253 2777 λέγονο
1294 2710 1480 2780 ὅμοιον
1515 2710 1593 2782 τῷ
1634 2713 1835 2779 εἰπεῖν,
1875 2710 1989 2765 Κύ-

393 2814 527 2866 ριος
539 2797 833 2867 μαρτιρεῖ
853 2796 930 2867 τῇ
957 2795 1072 2867 ἐμῇ
1098 2798 1276 2869 ψυχῇ
1302 2799 1390 2853 ὅτι
1422 2802 1493 2854 οὐ
1524 2799 1846 2870 ψεύδομαι.
1885 2803 1990 2857 Ἐν

396 2889 652 2961 δυνάμει
694 2890 847 2945 κατὰ
874 2892 1121 2962 Πνεῦμα
1150 2889 1518 2961 ἁγιωσύνης·
1554 2894 1737 2963 ὅμοιον
1779 2896 1859 2963 τῷ
1906 2895 1988 2947 εἰ·

401 2982 524 3033 πεῖν
543 3020 557 3044 ,
592 2980 796 3051 Ἀγιος
829 2984 863 3035 ό
888 2981 959 3035 ὲν
995 2980 1186 3051 ἁγίοις
1212 2980 1673 3053 ἀναπαυόμενος
1702 2984 1837 3055 (ll),
1870 2985 1985 3049 καὶ,

2091 507 2227 562 Ecce
2248 508 2402 563 mitto
2426 524 2515 564 vos
2537 509 2673 564 sicut
2701 525 2817 564 oves
2851 510 2906 564 in
2927 509 3100 564 medio
3150 503 3393 578 luporum
3424 508 3466 564 ³.
3499 511 3630 563 Item
3655 528 3672 571 ι

2102 598 2283 653 Visum
2315 609 2393 655 est
2426 599 2652 669 Spiritui
2683 610 2869 655 sancto
2897 601 3029 655 nihil
3067 599 3215 655 aliud
3241 601 3507 670 imponere
3530 597 3672 656 vobis

2090 692 2263 746 oneris
2308 702 2500 761 prwter
2544 691 2654 747 lucc
2706 693 3003 749 necessaria
3054 690 3094 746 ⁸.
3146 690 3283 747 Cum
3324 706 3434 762 quo
3481 691 3672 747 eodem

2092 780 2236 836 istud
2273 781 2468 836 recidit
2500 800 2513 836 :
2567 781 2700 837 Dico
2767 793 2941 838 autem
2973 800 3077 837 non
3113 800 3230 855 ego,
3271 782 3362 838 sed
3395 784 3670 843 Dominus.

2090 894 2307 931 uxorem
2343 876 2407 929 ab
2448 876 2655 929 homine
2684 892 2788 928 non
2837 877 3076 945 separari
3100 878 3142 929 ⁵.
3199 876 3369 931 Item:
3410 875 3675 946 Peragra-

2091 980 2213 1023 runt
2244 985 2364 1023 vero
2397 967 2686 1039 Phrygiam
2720 978 2770 1019 et
2810 966 3039 1021 Calatia:
3068 979 3316 1034 tractum,
3349 969 3600 1037 prohibiti
3640 986 3673 1023 α

2092 1059 2300 1131 Spiritu
2336 1070 2524 1114 sancto
2564 1058 2858 1128 pra'dicare
2890 1059 3099 1113 verbum
3140 1061 3193 1113 in
3223 1061 3375 1115 Asia.
3408 1059 3543 1116 Cum
3571 1075 3669 1114 au-

2093 1163 2193 1207 tem
2235 1152 2592 1224 pervenissent
2639 1151 2694 1204 in
2733 1148 2988 1221 Mysiam,
3039 1150 3368 1204 conabantur
3398 1152 3452 1204 in
3490 1150 3674 1223 Bithy-

2091 1247 2237 1301 niam
2265 1244 2532 1315 proﬁcisci
2555 1260 2573 1298 :
2603 1258 2765 1314 neque
2792 1242 2913 1297 sivit
2964 1258 3052 1296 eos
3101 1239 3335 1309 Spiritus
3368 1252 3585 1297 sanctus
3609 1245 3669 1311 ‘;

2091 1337 2317 1409 perinde
2359 1352 2423 1392 ac
2448 1336 2703 1391 Christus
2736 1334 2871 1393 dixit
2902 1353 2916 1388 :
2953 1333 3151 1388 Euntes
3192 1334 3459 1403 baptizate
3493 1351 3673 1389 omnes

2084 1438 2262 1499 gentes
2288 1428 2328 1482 ⁷.
2372 1427 2553 1482 Nolite
2607 1437 2820 1495 portare
2865 1441 3046 1495 peram
3085 1440 3247 1495 neque
3286 1425 3484 1495 virgam
3515 1441 3676 1495 neque

2087 1520 2455 1575 culceamenta
2494 1520 2537 1574 ⁸.
2582 1519 2713 1575 Item
2758 1538 2772 1574 :
2813 1518 2920 1585 Qui
2965 1517 3174 1588 quidem
3215 1516 3389 1570 Paulo
3432 1516 3676 1573 dicebant

2087 1630 2179 1682 per
2200 1611 2481 1683 Spiritum,
2515 1630 2577 1667 ne
2609 1610 2912 1666 ascenderet
2948 1610 3364 1682 Hierosolyma'
3390 1631 3404 1667 :
3435 1618 3489 1667 et
3533 1612 3672 1683 Aga-

2089 1706 2230 1761 bus:
2287 1703 2415 1758 Ηιιιε
2469 1703 2600 1758 dicit
2653 1702 2941 1772 Spiritus:
2998 1702 3184 1757 Virum
3232 1702 3384 1773 cujus
3431 1712 3511 1760 est
3564 1703 3677 1760 ha’c

2091 1815 2226 1852 zona
2262 1797 2326 1851 ".
2368 1796 2468 1852 Cui
2509 1796 2689 1853 simile
2716 1805 2802 1851 est
2837 1795 2970 1850 illud
3012 1795 3259 1865 Apostoli
3294 1813 3308 1849 :
3345 1795 3428 1849 An
3469 1798 3671 1866 experi-

2090 1886 2322 1943 mentum
2368 1888 2607 1960 qnteritis
2669 1887 2929 1957 loquentis
2979 1888 3141 1942 inme
3190 1885 3392 1942 Christi
3417 1888 3499 1943 “Y
3536 1889 3621 1945 vel
3655 1904 3670 1941 :

2091 1980 2407 2036 Mementote
2455 1981 2730 2036 verborum
2777 1980 3013 2046 Domini,
3044 1981 3296 2051 quoniam
3340 1982 3450 2049 ipse
3495 1980 3674 2037 dixit:

2093 2069 2288 2123 Helius
2335 2079 2415 2124 est
2455 2068 2605 2135 dare,
2649 2086 2810 2141 quam
2851 2070 3083 2139 accipere
3108 2071 3173 2124 ".
3212 2070 3385 2127 Item:
3429 2070 3496 2125 Et
3538 2089 3675 2128 nunc

2090 2177 2182 2230 ego
2224 2159 2429 2231 Spiritu
2471 2160 2727 2231 alligatus
2760 2161 2887 2216 abeo
2912 2161 2977 2216 ¹³.
3018 2161 3185 2227 Quasi
3228 2160 3414 2216 dicat:
3472 2162 3673 2219 Paulus

2091 2255 2292 2308 vinctus
2320 2252 2450 2308 Jesu
2479 2252 2681 2309 Christi
2712 2253 2775 2309 “.
2814 2253 2949 2310 Item
2976 2273 2988 2309 :
3037 2251 3410 2310 Verumtamen
3441 2254 3675 2326 Spiritus

2058 2353 2419 2406 ~contestatur
2447 2345 2576 2419 mihi
2613 2360 2705 2415 per
2736 2344 2889 2398 urbes
2923 2341 3103 2399 dicens
3132 2344 3195 2397 “.
3228 2343 3553 2414 Cujusmodi
3593 2355 3679 2401 est

2091 2436 2225 2493 illud
2252 2458 2265 2493 :
2296 2437 2555 2493 Dominus
2588 2438 2736 2493 testis
2764 2444 2843 2492 est
2869 2438 3069 2492 anima:
3093 2452 3221 2492 mea:
3240 2436 3380 2508 quod
3408 2454 3512 2493 non
3532 2454 3675 2493 men-

2092 2534 2197 2586 tior
2220 2532 2288 2585 “.
2330 2530 2397 2587 In
2443 2533 2633 2587 virtute
2672 2529 2958 2585 secundum
2994 2528 3257 2601 Spiritum
3284 2532 3676 2602 sanctiﬁcatio-

2091 2626 2175 2679 nis
2203 2625 2245 2656 "
2278 2642 2292 2679 :
2330 2624 2508 2679 simile
2533 2632 2619 2679 est
2656 2624 2785 2679 huic
2816 2642 2829 2679 :
2866 2622 3097 2679 Sanctus
3135 2624 3195 2678 in
3229 2625 3432 2679 sanctis
3472 2624 3677 2695 requie-

2091 2734 2238 2773 scens
2265 2716 2331 2772 ¹⁸.
2356 2716 2490 2773 Item
2518 2734 2531 2771 :
2571 2715 2923 2773 Circumcisio
2951 2715 3129 2772 cordis
3159 2718 3214 2772 in
3240 2716 3446 2787 Spiritu
3472 2719 3540 2775 ".
3570 2717 3675 2774 Cui

2091 2808 2388 2881 respondet
2420 2808 2593 2865 illud:
2632 2808 2703 2863 Et
2740 2810 3084 2865 circumcisus
3125 2810 3527 2866 circumcisione
3571 2826 3677 2865 non

2092 2918 2255 2955 manu
2283 2903 2452 2971 facta,
2485 2903 2539 2956 in
2578 2901 2963 2970 exspoliatione
2989 2903 3224 2970 corporis
3242 2911 3601 2971 peccatorum,
3622 2903 3679 2956 in

2093 2994 2494 3048 circumcisione
2524 2992 2730 3048 Christi
2754 2995 2820 3048 '°.
2848 2990 2983 3047 Illud
3012 3009 3142 3048 vero
3171 3011 3183 3047 :
3225 2992 3286 3048 Si
3311 2993 3542 3063 Spiritus
3583 2992 3680 3048 Dei

400 3071 835 3142 Περιετμήθητε
859 3073 1146 3144 περιτομῇ
1170 3074 1599 3144 ἀχειροποιήτῳ
1631 3076 1703 3129 ἐν
1729 3076 1987 3130 ἀπεκδύ-

2092 3086 2299 3141 habitat
2342 3086 2395 3139 in
2426 3084 2568 3140 vobis
2592 3087 2660 3152 ¹¹,
2693 3083 2823 3141 huic
2860 3094 2943 3139 est
2992 3084 3185 3141 aliine:
3222 3085 3679 3153 Quemadmodum

396 3178 497 3216 σει
544 3164 655 3219 τοῦ
703 3164 981 3234 σώματος
1034 3165 1158 3219 τῶν
1205 3165 1539 3235 ἁμαρτιῶν,
1591 3167 1661 3221 έν
1691 3167 1980 3239 περιτομῇ

2092 3178 2359 3247 accepistis
2383 3176 2677 3241 Christum,
2702 3178 2753 3231 in
2786 3178 2901 3248 ipso
2930 3176 3201 3231 ambulate
3219 3178 3286 3233 ".
3320 3177 3408 3241 Et,
3442 3176 3676 3248 Spiritus

399 3253 509 3309 τοῦ
551 3256 830 3323 Χριστοῦ.
875 3286 949 3297 —
1000 3257 1185 3325 Εἴπερ
1224 3257 1469 3328 Πνεῦμα
1522 3259 1670 3313 Θεοῦ
1716 3260 1866 3314 οίκεῐ
1915 3261 1984 3315 έν

398 3345 570 3415 ὑμῖν·
616 3347 803 3417 ὅμοιον
829 3345 908 3417 τῷ
931 3346 1103 3400 εἰπεῖν
1123 3386 1139 3410 ,
1179 3345 1383 3414 Καθὼς
1426 3346 1671 3403 ἐλάϐετε
1702 3350 1983 3417 Χριστὸν,

397 3439 469 3491 ὲν
512 3435 674 3502 αὐτῷ
710 3438 1103 3506 περιπατεῖτε.
1137 3440 1248 3493 Καὶ
1274 3478 1286 3502 ,
1323 3439 1566 3509 Πνεῦμα
1593 3441 1814 3509 Κυρίου
1850 3441 1985 3496 ἑλά-

399 3531 595 3596 bne?
622 3527 693 3581 έν
719 3527 853 3597 ἐμοί
876 3546 886 3557 ·
944 3529 1059 3595 καὶ,
1110 3530 1303 3600 Λόγος
1323 3530 1510 3585 αὐτοῦ
1533 3531 1602 3585 ἐν
1627 3529 1707 3597 τῷ
1732 3532 1988 3595 στόματί

395 3637 535 3690 μου.
567 3621 699 3686 Καὶ,
745 3619 863 3689 Τὴν
876 3621 1164 3691 ἀπαρχὴν
1199 3622 1307 3677 τοῦ
1338 3623 1686 3692 Πνεύματος
1715 3623 1983 3692 ἔχοντεςο

400 3713 587 3784 ὅμοιον
620 3712 697 3783 τῷ
733 3714 928 3777 εἰπεῖν,
989 3714 1251 3783 Ἀπαρχὴ
1289 3717 1565 3785 Χριστός.
1623 3716 1787 3771 Ἀλλ’
1838 3716 1988 3771 αὐτὸ

400 3806 468 3859 τὸ
500 3805 745 3874 Πνεῦμα
784 3805 1293 3875 ὑπερεντυγχάνει
1345 3807 1498 3876 ὑπὲρ
1554 3807 1722 3877 ἡμῶν
1744 3825 1757 3839 ο
1803 3808 1988 3881 ὅμοιον

398 3895 481 3967 τῷ
514 3897 721 3963 εἰπεῖν,
758 3898 859 3963 ’ος
890 3898 1063 3952 ἐστιν
1103 3899 1173 3951 ἐν
1205 3898 1374 3966 δεξιᾷ
1424 3900 1531 3955 τοῦ
1569 3901 1719 3956 Θεοῦ
1740 3940 1755 3965 ,
1792 3901 1859 3969 ὃς
1891 3901 1991 3956 καὶ

403 3990 757 4061 ἐντυγχάνει
794 3992 946 4061 ὑπὲρ
978 3994 1165 4064 ἡμῶν.
1203 3994 1413 4049 --Ἵνα
1456 3994 1701 4065 γένηται
1728 3996 1766 4064 ἠ
1792 4010 1985 4066 προσ-

402 4084 559 4151 φορὰ
584 4083 705 4137 τῶν
748 4083 940 4141 ἐθνῶν
996 4085 1445 4155 εὐπρόσδεκτος
1464 4126 1479 4150 ,
1528 4086 1887 4157 άγιασθεῖσα
1918 4086 1989 4143 ἐν

403 4176 702 4245 Πνεύματι
746 4176 924 4246 άγίῳο
973 4177 1157 4248 ὅμοιον
1197 4177 1274 4249 τῷ
1314 4179 1510 4244 εἰπεῖν,
1569 4177 1621 4230 '0
1670 4177 1739 4230 δὲ
1776 4180 1992 4247 Κύριος

402 4267 621 4338 ἁγιάζει
643 4269 798 4339 ὑμᾶς
818 4310 834 4335 ,
865 4270 969 4325 ἵνα
990 4266 1097 4341 ἦτε
1121 4272 1466 4341 εἰλικρινεῖς
1488 4272 1585 4325 καὶ
1613 4272 1994 4339 ἀπρόσκοποι

401 4362 492 4425 εὶς
536 4362 766 4431 ἡμέραν
796 4364 1077 4432 Χριστοῦ.
1112 4395 1180 4405 -
1222 4364 1386 4435 Ἡμῖν
1430 4364 1501 4419 δὲ
1544 4363 1656 4437 (12)
1687 4363 1996 4420 ἀπεκάλυ-

2087 3270 2303 3324 Domini
2331 3268 2539 3323 locutus
2565 3269 2723 3335 estin
2756 3286 2836 3323 me
2852 3268 2934 3334 ¹³;
2982 3276 3059 3333 et,
3097 3267 3320 3323 Verbum
3354 3268 3469 3339 ejus
3503 3271 3559 3324 in
3588 3287 3679 3325 ore

2087 3376 2201 3415 meo
2232 3359 2313 3427 “;
2347 3360 2473 3415 item
2501 3376 2516 3414 :
2544 3357 2827 3413 Primitias
2851 3358 3085 3427 Spiritus
3102 3357 3352 3413 habentes
3366 3360 3434 3422 ⁸⁵,
3453 3358 3518 3413 ad
3547 3359 3680 3414 illud

2088 3451 2355 3507 accedit:
2413 3449 2678 3504 Primitiae
2725 3450 2969 3505 Christus
3002 3449 3069 3504 “.
3124 3448 3229 3506 Sed
3278 3450 3391 3521 ipse
3441 3449 3679 3522 Spiritus

2086 3545 2322 3615 postulat
2351 3559 2447 3614 pro
2475 3544 2622 3598 nobis
2643 3545 2713 3609 ³⁷,
2762 3543 2903 3599 idem
2935 3550 3021 3599 cst
3052 3558 3177 3600 cum
3207 3544 3299 3598 illo
3324 3562 3337 3598 :
3376 3544 3483 3612 Qui
3503 3554 3581 3599 est
3610 3544 3680 3598 ad

2091 3638 2363 3694 dexteram
2387 3637 2506 3707 Dei,
2527 3639 2617 3708 qui
2642 3637 2938 3706 interpellat
2956 3652 3052 3707 pro
3078 3637 3226 3692 nobis
3250 3636 3315 3691 ‘°.
3344 3635 3413 3691 Ut
3439 3637 3513 3692 sit
3530 3635 3682 3693 obla-

2094 3735 2165 3788 tio
2187 3733 2417 3804 gentium
2443 3740 2677 3802 accepta,
2718 3731 3056 3800 sanctificata
3080 3731 3134 3785 in
3156 3729 3359 3800 Spiritu
3383 3739 3566 3785 sancto
3583 3730 3630 3763 ”
3661 3747 3676 3785 :

2092 3827 2179 3880 cui
2216 3825 2321 3880 hoc
2350 3824 2529 3880 simile
2551 3830 2637 3879 est
2667 3842 2682 3878 :
2719 3822 2980 3877 Dominus
3018 3832 3194 3878 autem
3229 3823 3529 3892 sanctiﬁcet
3561 3839 3675 3888 vos,

2092 3928 2151 3971 ut
2174 3918 2292 3972 sitis
2334 3916 2527 3971 sinceri
2571 3924 2625 3970 et
2661 3915 2766 3986 73
2807 3916 2921 3969 sine
2966 3914 3253 3985 offensione
3292 3915 3348 3969 in
3386 3916 3526 3969 diem
3563 3913 3680 3969 Do-

2093 4000 2225 4063 mini
2262 4009 2327 4063 ³⁰.
2386 4006 2556 4064 Nobis
2602 4025 2720 4063 vero
2768 4007 3015 4062 rerelavit
3060 4006 3323 4062 Dominus
3365 4023 3458 4077 per
3513 4008 3678 4077 ipsius

2094 4097 2357 4168 Spiritum
2382 4098 2451 4162 υ,
2484 4098 2626 4157 idem
2658 4113 2781 4152 cum
2814 4096 2920 4151 isto
2962 4096 3082 4151 loco
3115 4096 3424 4168 significat:
3452 4096 3683 4163 Quando

2094 4190 2295 4258 placuit
2323 4190 2392 4254 ei,
2436 4190 2526 4260 qui
2561 4205 2640 4243 me
2673 4188 2962 4258 segregavit
3009 4188 3073 4242 ab
3114 4198 3263 4242 utero
3306 4188 3492 4242 matris
3528 4203 3676 4251 mew,

2093 4296 2185 4350 per
2224 4281 2454 4350 gratiam
2489 4279 2677 4349 ipsius,
2722 4278 2953 4333 revelare
2981 4279 3038 4333 in
3077 4295 3158 4333 me
3194 4277 3397 4333 Filium
3429 4295 3587 4334 suum
3607 4278 3674 4334 ³⁸.

2097 4370 2212 4426 Nos
2235 4381 2411 4426 autem
2439 4388 2544 4426 non
2576 4371 2758 4425 mundi
2794 4371 3040 4441 spiritum
3075 4372 3395 4441 accepimus,
3429 4371 3518 4427 sed
3551 4370 3678 4443 Spi-

402 4457 525 4523 ιεοεν
550 4458 585 4510 ό
609 4458 864 4526 Χριστὸς
890 4458 987 4512 διὰ
1040 4459 1391 4529 Πνεύματος
1419 4459 1608 4517 αὐτοῦ
1637 4476 1648 4488 ·
1684 4460 1870 4531 ὅμοιον
1911 4457 1987 4529 τῷ

2098 4463 2260 4517 ritum
2298 4463 2394 4518 Dei
2416 4464 2484 4531 ³³,
2510 4479 2634 4518 cum
2656 4478 2721 4518 eo
2759 4464 3151 4520 conferendum
3192 4464 3343 4520 istud
3376 4473 3500 4521 est:
3548 4464 3679 4520 Vos-

403 4548 599 4614 ειπεῖν,
632 4548 770 4604 "Ore
790 4549 1133 4619 εὐδόκησεν
1161 4554 1193 4605 ό
1221 4550 1366 4617 Θεὸς
1388 4554 1420 4605 ό
1448 4552 1748 4621 ἀφορίσας
1778 4552 1847 4606 ἐκ
1874 4568 1990 4605 κοι-

401 4639 542 4708 λίας
562 4642 788 4712 μητρός
806 4661 945 4713 μου,
974 4643 1073 4698 διὰ
1105 4643 1216 4713 τῆς
1247 4643 1491 4714 χάριτος
1509 4646 1697 4701 αὐτοῦ
1715 4688 1729 4715 ,
1760 4646 1987 4700 ἀποκα-

318 4824 381 4869 l
477 4822 492 4852 ¹
528 4838 620 4892 γρ.
658 4818 893 4892 Χριστὸς
939 4821 1102 4875 εἴποι.
1181 4814 1345 4876 'Act.
1406 4839 1527 4886 χιιι,
1564 4824 1618 4879 4.

1733 4825 1753 4857 ³
1786 4824 1974 4878 Matth.
2014 4842 2067 4889 χ,
2113 4827 2199 4882 16.

2096 4559 2342 4626 metipsos
2377 4559 2596 4626 probate
2636 4574 2763 4611 num
2794 4557 3035 4612 Christus
3069 4557 3138 4613 sit
3166 4558 3219 4611 in
3256 4558 3397 4612 vobis
3419 4557 3487 4611 “.
3523 4555 3679 4612 Tem-

2096 4648 2244 4717 plum
2278 4648 2377 4703 Dei
2412 4649 2562 4715 estis,
2605 4657 2655 4703 et
2700 4648 2930 4717 Spiritus
2960 4647 3059 4703 Dei
3101 4648 3306 4703 habitat
3354 4650 3408 4702 in
3445 4649 3586 4704 vobis
3610 4648 3677 4712 ⁸⁵,

2313 4828 2333 4859 ⁸
2363 4829 2483 4883 Act.
2536 4844 2624 4896 xv,
2684 4827 2776 4882 9.8.
2881 4830 2901 4861 '
2941 4828 3117 4884 lCor.
3163 4845 3262 4893 vn,
3302 4828 3390 4886 10.
3493 4829 3514 4859 ‘
3553 4829 3676 4887 Act.

407 4906 516 4964 χνι,
550 4890 604 4945 6.
681 4890 926 4964 "Matth.
954 4892 1284 4964 ﬁnitis“).
1331 4893 1605 4964 ἡδίΜιιιιΙι.
1650 4910 1705 4953 χ.
1747 4895 1835 4959 10;
1873 4897 1987 4949 Mar

2092 4914 2119 4961 I,
2148 4899 2200 4952 8.
2278 4898 2300 4929 ⁹
2331 4898 2451 4952 Act.
2485 4890 2693 4962 χχι,’4.
2776 4899 2817 4931 ¹⁶
2856 4900 2986 4954 ibid.
3029 4901 3113 4954 ll.
3194 4890 3310 4955 “ﬁll
3339 4901 3467 4956 Cor.
3496 4902 3676 4964 χιιι,5.

407 4963 450 4994 ³³
480 4962 603 5016 Act.
646 4978 736 5027 xx,
776 4963 866 5017 55.
922 4963 966 4995 ¹³
996 4962 1127 5017 ibid.
1155 4962 1247 5018 22.
1326 4962 1369 4994 ¹⁵
1402 4963 1633 5020 Philem.
1674 4965 1724 5020 7.

405 5033 493 5087 15.
586 5034 628 5063 ⁸⁸
660 5032 916 5095 Rom..n,
975 5032 1065 5087 29.

1164 4966 1247 5018 2‘2.
1326 4966 1369 4994 “
1402 4966 1633 5020 Philem.
1674 4966 1724 5020 7.
1835 4966 1878 4998 ’⁵
1907 4966 1984 5019 At:

1164 5036 1220 5109 ’ζ
1244 5033 1458 5109 Colossi2
1500 5051 1561 5109 ιι,
1604 5036 1691 5090 Η.
1768 5033 1987 5109 ³11001

2092 4984 2142 5031 ει,
2184 4969 2266 5024 12.
2368 4968 2413 5001 ¹⁸
2439 4968 2558 5022 Gal.
2599 4984 2636 5034 ι,
2664 4968 2752 5024 20.
2834 4971 2877 5002 ³⁷
2909 4969 3067 5025 Κοιιι.
3112 4987 3151 5036 ι,
3189 4971 3242 5027 4.
3322 4971 3334 5002 ¹

2094 5055 2131 5104 ι,
2164 5039 2251 5094 16.
2328 5042 2372 5073 ³⁸
2396 5038 2522 5109 Col.
2555 5055 2614 5102 ll,
2646 5041 2699 5095 6.
2777 5041 2824 5072 “
2858 5040 2898 5095 Il
2930 5040 3056 5109 Reg.
3093 5057 3250 5108 χχιιι,
3277 5041 3334 5097 2.

2368 4968 2413 5001 ¹⁸
2439 4968 2558 5022 Gal.
2599 4984 2636 5034 ι,
2664 4968 2752 5024 20.
2834 4971 2877 5002 ³⁷
2909 4969 3067 5025 Rom.
3112 4987 3151 5036 ι,
3189 4971 3242 5027 4.
3322 4971 3367 5003 ⁸³
3397 4971 3504 5028 lsa.
3541 4985 3679 5040 Lvu,

2368 5044 2372 5072 ¹
2403 5038 2522 5094 Col.
2555 5055 2614 5095 ll.
2646 5041 2699 5095 6.
2777 5041 2824 5072 ’³
2858 5040 2898 5095 Il
2930 5040 3056 5095 Reiz.
3093 5057 3250 5095 χχιιι.
3277 5041 3334 5095 2.
3442 5043 3489 5076 “
3520 5041 3678 5095 Rom.

3568 5058 3678 5098 0111.

403 5118 521 5176 vin,
555 5102 669 5176 25._
721 5104 768 5176 ξ’
802 5102 869 5157 lll
900 5103 1160 5176 ch.xvnt
1191 5104 1284 5176 24.
1364 5106 1410 5138 ⁸⁸
1442 5105 1458 5160 l
1498 5104 1625 5161 Cor.
1659 5122 1748 5170 xv,
1772 5106 1866 5176 25.
1942 5108 1986 5138 "

2099 5102 2168 5163 th.
2202 5125 2324 5171 vm,
2345 5108 2437 5165 26.
2513 5111 2557 5143 ’⁸
2585 5111 2718 5166 ibid.
2746 5111 2836 5166 54.
2913 5113 2957 5144 ’³
2988 5102 3146 5168 livent.
3178 5102 3380 5176 χχ,1ϐ.
3457 5113 3504 5145 ’θ
3534 5112 3679 5169 Phil.

405 5173 491 5227 10.
575 5172 618 5205 δι
651 5171 671 5225 l
710 5172 839 5228 Cor.
877 5189 937 5238 ιι,
973 5171 1061 5228 10.
1136 5175 1183 5211 ³³
1214 5175 1335 5231 Gal.
1373 5192 1412 5242 ι,
1449 5178 1536 5233 15.
1612 5177 1659 5209 ³⁸
1698 5177 1718 5231 Ι
1754 5175 1881 5232 Cor.
1918 5193 1978 5243 ιι,

2168 5180 2214 5212 ³⁸
2242 5178 2289 5234 ll
2325 5179 2454 5235 Cor.
2491 5196 2611 5247 χιιι,
2638 5182 2691 5237 5.
2769 5182 2814 5213 ³⁸
2853 5180 2872 5235 l
2902 5183 3025 5239 Cor.
3055 5199 3137 5249 ιιι,
3181 5171 3269 5238 16.

475 5328 551 5398 l9)
581 5327 746 5398 Λέγω
761 5326 842 5405 ’δὲ
866 5330 983 5405 οὐκ
1011 5328 1146 5405 ἐγὼ,
1172 5330 1312 5386 ἀλλ’
1332 5334 1370 5405 ό
1414 5332 1648 5405 Κύριος.
1689 5331 1990 5405 irrepserat

408 5397 463 5469 iit
494 5396 729 5469 utraque
761 5396 954 5469 Latiua
1008 5396 1454 5469 Interpretatione
1481 5396 1536 5458 et
1587 5396 1878 5459 Petaviaha
1934 5412 1988 5457 t-t

407 5467 773 5546 Thomasiaua
796 5488 820 5546 Δε
847 5468 991 5546 Dico
1011 5467 1209 5536 autem,
1234 5488 1323 5542 ego
1352 5489 1491 5539 non;
1525 5472 1805 5543 Dominus,
1838 5475 1983 5546 quod

406 5553 509 5594 nos
530 5540 811 5596 emendari
847 5541 1142 5596 voluimus.

475 5610 589 5683 (l_0)
619 5609 905 5683 ianraeco
932 5617 1083 5683 textu
1106 5611 1275 5683 illius
1305 5612 1408 5667 loci
1443 5613 1696 5683 Epistolre
1728 5616 1985 5671 secundae

409 5678 823 5755 ad‘Cprinthios
844 5682 1076 5755 legimus
1104 5681 1391 5745 λαλοῦντος
1415 5678 1673 5755 Χριστοῦ.

477 5750 593 5823 (ll)
643 5750 807 5807 Juxta
843 5750 1090 5809 Latinam
1142 5750 1555 5810 rcrsioucm'in
1594 5756 1784 5813 Graeco
1833 5763 1982 5811 textu

2096 5334 2246 5411 illius
2270 5335 2374 5391 loci
2401 5338 2744 5411 desideratur
2776 5338 2908 5395 illud
2933 5338 3193 5411 Epistolas
3221 5343 3287 5398 ad
3313 5343 3594 5400 Romanos
3618 5358 3679 5409 ιι,

2093 5406 2216 5488 2βὲ
2238 5408 2511 5488 περιτομὴ
2540 5409 2770 5488 καρδίας
2794 5411 2851 5462 ἐν
2874 5406 3166 5483 πνεῦματι,
3197 5413 3380 5484 ὅμοιον
3409 5413 3505 5483 τῷ.
3525 5406 3679 5480 Quod

2093 5483 2148 5531 et
2177 5475 2401 5532 Peta'vio
2432 5475 2707 5534 excidisse
2736 5489 2979 5537 constat.
3014 5475 3027 5483 ’
3154 5475 3161 5499 ⁵

2166 5546 2560 5623 (12)_G_rteeum
2590 5548 2867 5623 ΔΕριειοὲε
2918 5554 3105 5623 prima:
3151 5552 3217 5623 ad
3267 5552 3582 5623 Corinthios
3616 5568 3680 5616 ιι,

2096 5616 2200 5692 1ος
2228 5616 2404 5692 desii;
2427 5616 2763 5692 ᾴπεκάλύψε.
2792 5616 3303 5692 γυιέειιι,τευείαυίι
3334 5620 3490 5676 Deus.
3518 5620 3682 5679 Juxta

2096 5686 2384 5761 Ερὶριιειιιίἰ
2413 5686 2709 5749 dictionem
2743 5686 2935 5750 Latine
2963 5690 3255 5748 dicendum
3283 5700 3450 5761 esset,
3488 5693 3686 5747 revela-

2066 5786 2069 5787 ν
2095 5758 2166 5810 vit
2200 5756 2466 5817 Christus.
