4018 6210
323 333 425 392 N3

1706 317 1765 374 5.
1804 314 2148 372 EPIPHANII

3473 313 3579 373 ΗΞ

319 445 544 522 perinde
565 451 728 516 atque
747 440 880 501 illud
906 461 919 498 :
948 437 1216 496 Habitabo
1244 438 1296 492 in
1321 435 1433 492 illis
1459 443 1507 490 et
1531 432 1896 499 inambulabo,

2007 433 2195 501 λύψαι
2240 431 2347 486 τὸν
2386 431 2521 486 Υιὸν
2540 431 2727 486 αὐτοῦ
2775 430 2845 486 ἐν
2891 431 3042 501 ἐμοί.
3071 459 3138 472 -
3175 429 3373 501 Ἡμεῖς
3404 430 3473 486 δὲ
3505 435 3580 488 οὺ

315 547 370 597 et
391 556 480 596 ero
507 539 721 594 illorum
753 535 916 600 Deus,
949 543 997 589 et
1021 534 1123 602 ipsi
1149 539 1301 586 erunt
1332 530 1460 584 mihi
1491 527 1719 598 populus
1744 528 1787 579 ί.

2001 523 2069 578 τὸ
2097 522 2332 592 πνεῦμα
2361 521 2468 576 τοῦ
2503 523 2736 590 κόσμου
2761 521 3053 591 ἐλάϐομεν
3070 561 3086 584 ,
3116 521 3277 576 ἀλλὰ
3301 522 3366 576 τὸ
3391 523 3582 576 Πνεῦ-
3674 577 3691 581 -

317 653 403 708 μα
425 633 494 689 τὸ
522 634 591 688 ἐκ
619 631 767 687 Θεοῦ
791 647 806 663 ο
836 631 1021 702 ὅμοιον
1069 626 1146 698 τῷ
1174 627 1383 690 εἰπεῖν,
1430 621 1720 688 Ἑαυτοὺς
1743 617 2112 690 δοκιμάζετε,
2154 620 2206 672 εὶ
2242 617 2575 708 ὀγΧριστὸς
2613 615 2685 671 ἐν
2719 616 2880 686 ὑμῖν.
2923 645 2996 656 -
3049 615 3210 682 Ναὸς
3264 616 3372 670 τοῦ
3426 614 3579 671 Θεοῦ

319 728 488 794 ἐστε,
545 725 645 780 καὶ
685 723 753 778 τὸ
786 721 1027 790 Πνεῦμα
1059 721 1166 774 τοῦ
1211 717 1358 772 Θεοῦ
1418 715 1568 770 οἰκεῖ
1620 714 1691 768 ἐν
1734 712 1879 783 ὑμῖν
1927 735 1944 748 ο

2003 712 2190 782 ὅμοιον
2236 707 2314 780 τῷ
2369 710 2584 795 simil,
2655 707 2986 777 Ἐνοικήσω
3040 707 3111 762 ἐν
3163 706 3372 775 αὐτοῖς
3395 749 3411 775 ,
3479 707 3579 762 καὶ

319 815 777 890 ἐμπεριπατήσω
802 853 816 881 ,
848 813 945 868 καὶ
973 813 1188 881 ἔσομαι
1215 807 1414 864 αὐτῶν
1438 807 1583 873 Θεὸς
1601 847 1615 871 ,
1656 804 1754 860 καὶ
1787 802 1956 859 αὐτοὶ
1985 801 2233 857 ἔσονταί
2258 819 2360 871 μοι
2388 801 2556 867 λαός.

388 929 575 986 LXIX.
619 927 924 997 Quinetiam
948 923 1398 998 iustiﬁcationem
1429 922 1496 977 ab
1521 929 1750 992 utroque
1777 935 1886 974 ma-

319 1041 454 1080 nare
498 1022 840 1078 demonstrat
887 1026 940 1073 et
982 1016 1238 1088 gratiam.
1307 1012 1606 1082 Justiﬁcati
1638 1029 1797 1083 porro
1838 1011 1894 1065 in

319 1114 528 1168 nomine
558 1109 776 1165 Domini
808 1108 980 1163 nostri
1010 1104 1140 1160 Jesu
1175 1103 1377 1160 Christi
1409 1113 1457 1159 et
1486 1104 1538 1158 in
1567 1103 1772 1174 Spiritu
1795 1102 1894 1156 Dei

318 1206 490 1261 nostri
529 1206 585 1269 ¹;
622 1203 712 1258 cui
743 1200 922 1259 simile
956 1206 1080 1255 est:
1125 1197 1420 1268 Justiﬁcati
1463 1205 1637 1252 autent
1675 1211 1739 1250 ex
1768 1195 1893 1266 fide,

315 1313 497 1366 pacem
531 1293 783 1349 habemus
816 1309 934 1346 cum
971 1290 1077 1345 Deo
1108 1306 1199 1360 per
1231 1288 1514 1343 Dominum
1540 1297 1779 1342 nostrum
1805 1283 1899 1340 Je-

319 1404 436 1442 sum
460 1385 730 1443 Christum
755 1385 796 1439 ⁸.
860 1382 1030 1438 Nemo
1067 1390 1234 1452 potest
1277 1380 1447 1435 dicere
1488 1380 1772 1434 Dominum
1802 1378 1896 1434 Je-

319 1494 460 1542 sum,
503 1477 608 1531 nisi
641 1477 695 1530 in
725 1475 931 1544 Spiritu
961 1473 1217 1540 sancto‘;
1270 1481 1324 1528 et
1353 1492 1365 1528 :
1397 1471 1568 1528 Nemo
1603 1481 1772 1542 potest
1805 1489 1900 1526 acu

319 1570 491 1640 cipere
525 1567 788 1639 Spiritum
817 1576 1081 1630 sanctum,
1113 1565 1218 1620 nisi
1254 1582 1287 1619 a
1317 1563 1567 1620 Domino.
1605 1564 1750 1619 Diris
1777 1581 1898 1620 ones

319 1677 477 1730 porro
509 1661 804 1732 gratiarum
830 1667 976 1722 sunt,
999 1657 1136 1713 idem
1166 1674 1282 1712 vero
1315 1655 1583 1727 Spiritus;
1613 1665 1661 1712 et
1682 1655 1898 1711 divisio-

2067 916 2186 974 ΞΘ’.
2229 916 2391 971 Ἀλλὰ
2429 917 2523 970 καὶ
2567 916 2666 988 τὴν
2711 913 3058 986 δικαιοσύνην
3092 915 3151 982 ἐξ
3196 914 3400 986 ἀμφοῖν
3433 915 3584 984 λέγει

1999 1009 2091 1065 καὶ
2118 1009 2217 1082 τὴν
2268 1009 2448 1080 χάριν.
2505 1006 2925 1071 Δικαιωθέντες
2968 1005 3036 1058 δὲ
3085 1006 3156 1060 ἐν
3209 1004 3290 1071 τῷ
3342 1007 3585 1077 ὀνόματι

2011 1100 2206 1170 Ἰησοῦ
2251 1097 2510 1169 Χριστοῦ
2553 1095 2658 1153 τοῦ
2702 1099 2922 1166 Κυρίου
2959 1096 3128 1168 ἡμῶν
3169 1097 3270 1150 καὶ
3300 1097 3586 1154 ἐνΠνεύ-

1995 1209 2136 1264 ματι
2168 1189 2275 1246 τοῦ
2320 1190 2467 1246 Θεοῦ
2507 1188 2707 1260 ἡμῶν
2747 1191 2931 1262 ὅμοιον
2977 1189 3056 1260 τῷ
3101 1189 3297 1254 εἰπεῖν,
3345 1191 3584 1246 Δικαιω-

2002 1283 2204 1351 θέντες
2234 1282 2302 1338 δὲ
2329 1283 2398 1337 ἐκ
2431 1285 2713 1351 πίστεως,
2752 1282 3000 1352 εἰρήνην
3037 1282 3254 1352 ἔχομεν
3289 1282 3439 1352 πρὸς
3475 1281 3587 1339 τόν

2006 1377 2154 1431 Θεὸν
2190 1376 2287 1431 διὰ
2330 1375 2437 1432 τοῦ
2482 1376 2704 1445 Κυρίου
2752 1374 2921 1445 ἡμῶν
2962 1373 3158 1444 Ἰησοῦ
3198 1374 3481 1445 Χριστοῦ.
3516 1406 3589 1418 -

2006 1469 2214 1536 Οὐδεὶς
2251 1469 2499 1524 δύναται
2530 1468 2721 1524 εἰπεῖν
2757 1470 2979 1537 Κύριον
3009 1467 3267 1537 Ἰησοῦν,
3310 1471 3364 1523 ει
3396 1468 3482 1538 μὴ
3518 1469 3588 1524 ἐν

2000 1559 2298 1629 Πνεύματι
2356 1557 2534 1628 ἁγίῳ·
2590 1559 2724 1623 καὶ,
2787 1557 2995 1624 Οὐδεὶς
3044 1556 3293 1611 δύναται
3343 1557 3588 1628 Πνεῦμα

2002 1647 2172 1719 ἅγιον
2190 1648 2417 1717 λαϐεῖν,
2439 1652 2488 1704 ει
2513 1650 2598 1720 μὴ
2634 1648 2792 1718 παρὰ
2821 1650 3064 1719 Κυρίου.
3082 1679 3152 1690 -
3170 1648 3498 1718 Διαιρέσεις
3521 1647 3589 1702 δὲ

322 1769 412 1808 nes
459 1752 875 1807 ministeriorum
922 1761 1067 1816 sunt,
1112 1749 1251 1805 idem
1295 1758 1468 1804 autem
1520 1747 1811 1816 Dominus;
1849 1758 1899 1804 et

2007 1742 2389 1813 χαρισμάτων
2417 1743 2557 1810 εἰσὶ,
2589 1743 2653 1798 τὸ
2696 1742 2765 1797 δὲ
2818 1742 2965 1798 αὐτὸ
2995 1742 3269 1812 Πνεῦμιι’
3311 1741 3410 1796 καὶ
3443 1741 3590 1796 διαι-

320 1843 603 1897 divisiones
648 1841 1014 1912 operationum
1055 1848 1198 1904 sunt,
1244 1837 1382 1893 idem
1425 1848 1603 1893 autem
1639 1839 1780 1894 Deus
1813 1839 1903 1910 qui

2007 1834 2200 1904 ρέσεις
2225 1835 2542 1912 διακονιῶν
2583 1838 2763 1904 εἰσιν,
2812 1839 2845 1890 ό
2889 1835 2956 1889 δέ
2996 1834 3179 1902 αὐτὸς
3210 1835 3460 1904 Κύριοςο
3491 1835 3592 1890 καὶ

321 1943 573 2005 operatus:
595 1933 771 1986 omnia
794 1933 847 1986 in
871 1933 1111 1984 omnibus
1131 1929 1152 1960 '
1184 1947 1199 1997 ;
1223 1938 1274 1984 et
1299 1947 1310 1982 :
1331 1928 1374 1982 Α
1393 1927 1564 1999 gloria
1581 1930 1632 1983 in
1649 1929 1900 2000 gloriam,

323 2034 575 2096 tanquam
606 2041 638 2078 a
669 2020 887 2078 Domini
911 2021 1116 2092 Spiritu
1143 2021 1185 2075 ⁸.
1236 2023 1302 2074 Et.
1328 2038 1342 2076 :
1379 2020 1559 2076 Nolite
1589 2023 1904 2078 contristare

322 2111 584 2183 Spiritum
625 2122 891 2177 sanctum,
932 2112 986 2166 in
1019 2129 1121 2176 quo
1157 2111 1356 2182 signati
1399 2113 1525 2166 estis
1564 2113 1617 2165 in
1647 2111 1785 2166 diem
1820 2130 1904 2168 re-

321 2205 720 2275 demptionis";
757 2219 880 2259 cum
932 2203 1027 2258 illo
1060 2204 1444 2259 consentiunt:
1474 2201 1534 2258 Si
1559 2219 1903 2271 provocamus

321 2295 634 2360 Dominum,
675 2312 743 2349 an
774 2295 1022 2365 fortiores
1065 2295 1178 2364 ipso
1210 2309 1392 2348 sumus
1415 2293 1476 2348 3?
1528 2293 1642 2348 lloc
1672 2303 1851 2350 autem
1886 2313 1901 2350 :

324 2385 560 2457 Spiritus
603 2386 885 2458 manifeste
937 2385 1069 2439 dicit
1114 2387 1159 2451 ’,
1202 2385 1382 2441 simile
1433 2392 1520 2441 est
1563 2385 1732 2442 huic:
1777 2388 1906 2441 Han:

323 2479 456 2533 dicit
489 2477 748 2533 Dominus
785 2477 1110 2546 omnipotens
1135 2476 1205 2531 π.
1231 2474 1316 2541 Ει,
1350 2475 1580 2545 Spiritus
1629 2492 1772 2532 meus
1798 2485 1906 2532 stat

325 2569 383 2623 in
420 2568 590 2624 medio
632 2569 789 2623 vestri
813 2569 890 2636 ¹¹,
937 2583 1060 2623 cum
1102 2567 1210 2622 isto
1257 2567 1647 2639 conjungitur:
1692 2568 1752 2624 Si
1787 2571 1905 2641 quis

327 2661 594 2728 aperuerit
624 2659 752 2714 mihi
777 2661 842 2726 η,
876 2657 1234 2730 ingrediemur
1254 2675 1344 2730 ego
1377 2668 1426 2714 et
1459 2658 1644 2728 Pater,
1670 2669 1720 2715 et
1755 2677 1908 2714 man-

327 2753 529 2808 sionem
557 2752 698 2823 apud
735 2752 909 2823 ipsum
942 2751 1198 2821 faciemus
1223 2751 1288 2804 ".
1321 2751 1404 2806 Ad
1433 2751 1552 2806 htec
1581 2751 1787 2808 Isaias:
1835 2749 1906 2806 Et

327 2861 484 2915 super
506 2847 701 2916 ipsum,
730 2846 927 2916 inquit,
955 2844 1186 2914 Spiritus
1225 2844 1318 2899 Dei
1339 2845 1419 2914 u’;
1450 2844 1703 2902 Christus
1732 2861 1902 2902 vero:

327 2935 564 3008 Spiritus
593 2937 810 2993 Domini
838 2953 996 3008 super
1021 2949 1122 3003 me,
1156 2945 1368 3008 propter
1387 2938 1525 3008 quod
1551 2939 1701 2992 unxit
1733 2955 1814 2993 me
1837 2939 1902 3008 ¹⁵;

327 3038 428 3087 et:
480 3029 663 3085 Iesum
711 3047 744 3084 a
790 3029 1048 3096 Nazaret,
1096 3045 1247 3101 quem
1288 3032 1443 3085 unxit
1491 3028 1635 3084 Deus
1697 3028 1903 3100 Spiritu

328 3123 615 3191 sancto’“;
643 3123 730 3178 vel
757 3140 770 3177 :
806 3121 1063 3177 Dominus
1092 3123 1233 3177 misit
1259 3139 1338 3178 me
1363 3131 1412 3178 et
1437 3120 1668 3191 Spiritus
1697 3121 1810 3192 ejus
1837 3123 1902 3178 ³⁷.
1931 3103 1974 3161 (ἶ

326 3211 440 3268 Nec
485 3214 721 3269 obscura
769 3215 1183 3284 seraphinorum
1253 3213 1606 3268 clamantium
1642 3228 1744 3267 vox
1777 3219 1904 3268 cst:

332 3303 587 3372 Sanctus,
617 3315 856 3367 sanctus,
890 3312 1105 3357 sanctus
1135 3301 1391 3356 Dominus
1425 3300 1744 3357 Sabaoth“.
1771 3300 1909 3356 Pran-

332 3405 479 3452 terea
526 3409 649 3449 cum
687 3392 822 3449 illud
867 3391 1056 3446 audies
1095 3409 1108 3446 :
1165 3391 1363 3445 Dextra
1405 3391 1503 3445 Dei
1555 3391 1820 3446 exaltatus
1859 3401 1908 3445 et

331 3485 737 3556 promissionem
791 3480 1024 3551 Spiritus
1075 3481 1334 3548 accipiens
1394 3494 1427 3533 a
1475 3479 1704 3534 Patre"
1747 3497 1759 3534 :
1802 3479 1906 3545 vel,

336 3576 661 3647 Exspectare
693 3573 1099 3645 promissionem
1143 3571 1348 3640 Patris,
1380 3589 1538 3644 quam
1577 3573 1805 3626 audistis
1829 3572 1906 3638 ὀς

333 3667 420 3723 vel
449 3666 906 3737 quemadmodum
934 3663 1164 3732 Spiritus
1200 3664 1352 3718 illum
1375 3665 1430 3717 in
1459 3663 1721 3718 desertum
1747 3679 1910 3733 expu-

337 3759 401 3813 lit
425 3759 470 3790 “
505 3777 518 3814 :
547 3759 633 3814 vel
661 3756 808 3828 quod
839 3757 980 3812 idem
1033 3756 1142 3810 ait:
1187 3754 1370 3810 Nolite
1399 3758 1627 3826 cogitare
1668 3755 1794 3825 quid
1832 3755 1912 3810 lo-

333 3849 593 3922 quamini,
645 3850 903 3920 quoniam
947 3848 1185 3920 Spiritus
1228 3846 1410 3901 Patris
1450 3848 1550 3901 mei
1589 3848 1820 3917 loquitur
1857 3849 1912 3903 in

335 3942 480 3998 vobis
505 3944 592 3998 “z
635 3942 749 3997 sive
771 3942 942 3996 illud:
987 3941 1047 3997 Si
1078 3950 1253 3995 autem
1290 3941 1344 3994 in
1378 3939 1584 4009 Spiritu
1622 3938 1719 3994 Dei
1759 3941 1912 4010 ejicio

335 4035 604 4091 drcmonia
639 4035 718 4103 ²³;
755 4034 863 4107 74
881 4035 958 4091 vel
988 4054 1001 4091 :
1037 4035 1142 4102 Qui
1180 4044 1355 4090 autem
1391 4034 1826 4106 blasphemaverit
1859 4034 1912 4088 in

335 4126 594 4198 Spiritum
615 4137 874 4192 sanctum,
895 4143 998 4181 non
1029 4128 1325 4182 remittetur
1353 4128 1400 4182 ei
1419 4128 1484 4198 “,
1505 4143 1640 4196 etc.;
1664 4128 1766 4192 vel,
1803 4125 1914 4180 Pa-

2003 1929 2323 2000 διαιρέσεις
2358 1929 2774 2002 ἐνεργημάτων
2809 1930 2989 1995 εισὶν,
3039 1933 3071 1984 ό
3117 1928 3185 1983 δέ
3227 1929 3412 1996 αὐτὸς
3447 1931 3592 1997 Θεὸς

2004 2025 2038 2077 ό
2069 2021 2328 2094 ἐνεργῶν
2375 2023 2449 2077 τὰ
2497 2023 2693 2077 πάντα
2727 2023 2796 2077 ἐν
2840 2019 3019 2077 πᾶσν
3065 2021 3179 2088 καὶ,
3220 2021 3362 2076 Ἀπὸ
3404 2021 3592 2090 δόξης

2003 2115 2091 2180 εἷς
2122 2113 2330 2179 δόξαν,
2365 2113 2630 2182 καθάπερ
2662 2113 2782 2168 ἀπὸ
2811 2113 3032 2181 Κυρίου
3063 2113 3441 2182 Πνεύματος·
3471 2114 3590 2178 καὶ,

2003 2205 2101 2274 Μὴ
2126 2205 2370 2260 λυπεῖτε
2401 2205 2470 2259 τὸ
2497 2205 2738 2275 Πνεῦμα
2768 2205 2834 2260 τὸ
2875 2205 3066 2274 ἅγιον,
3107 2205 3176 2258 ἐν
3221 2197 3270 2271 ᾧ
3311 2205 3594 2275 ἐσφραγί-

2001 2299 2189 2366 σθητε
2219 2299 2306 2364 εις
2338 2296 2566 2368 ἡμέραν
2608 2297 3112 2367 ἀπολυτρώσεωςο
3153 2299 3338 2371 ὅμοιον
3388 2299 3467 2371 τῷ
3511 2301 3592 2354 ειν

2006 2388 2151 2452 πεῖν,
2191 2389 2262 2442 El
2308 2387 2766 2458 παραζηλοῦμεν
2795 2389 2903 2444 τὸν
2936 2391 3174 2459 Κύριον,
3212 2393 3300 2461 μὴ
3349 2393 3594 2462 ἰσχυρό-

2005 2496 2158 2550 τεροι
2179 2480 2363 2534 αὐτοῦ
2379 2481 2568 2551 ἐσμεν
2579 2497 2598 2546 ;
2630 2480 2702 2533 Τὸ
2731 2480 2809 2546 δὲ,
2837 2482 3080 2552 Πνεῦμα
3093 2481 3294 2552 ῥητῶς
3328 2484 3370 2516 ³³
3395 2484 3592 2556 λέγει·

2005 2571 2189 2643 ὅμοιον
2237 2571 2317 2644 τῷ
2359 2573 2553 2638 εἰπεῖν,
2607 2571 2751 2627 Τάδε
2786 2572 2949 2643 λέγει
2983 2575 3211 2644 ’Κύριος
3260 2577 3596 2646 παντοκρά-

2005 2679 2152 2731 τωρ·
2189 2663 2303 2729 καὶ,
2363 2662 2433 2718 Τὸ
2487 2661 2732 2732 Πνεῦμά
2784 2681 2903 2732 μου
2946 2663 3280 2734 ἐφέστηκεν
3316 2667 3386 2721 ἐν
3425 2666 3596 2738 μέσῳ

2004 2751 2203 2823 ὑμῶν’
2236 2751 2380 2809 Ἐάν
2405 2770 2496 2820 τις
2523 2752 2651 2822 ἐμοὶ
2691 2753 2928 2822 ἀνοίξῃ,
2960 2754 3211 2810 εἰσέλθω
3254 2756 3369 2827 ἐγὼ
3417 2757 3516 2812 καὶ
3559 2759 3596 2812 δ

2005 2845 2230 2914 Πατὴρ,
2263 2845 2360 2899 καὶ
2386 2844 2589 2915 μονὴν
2607 2845 2742 2914 παρ’
2763 2844 2921 2911 αὐτῷ
2950 2849 3340 2918 ποιησόμεθα.
3370 2849 3596 2914 Ἡσαΐας

2005 2935 2082 3004 δὲ,
2117 2935 2227 2990 Kal
2267 2935 2360 2990 ἐπ’
2383 2935 2570 2991 αὐτὸν
2600 2936 2842 3006 Πνεῦμα
2880 2936 3027 2992 Θεοῦ
3048 2953 3061 2966 ·
3107 2939 3135 2992 ὁ
3173 2939 3230 2993 δὲ
3260 2940 3305 2971 ³³
3335 2941 3594 3013 Χριστὸς.

2005 3026 2251 3097 Πνεῦμα
2295 3026 2518 3095 Κιιρίου
2565 3021 2638 3082 οὗ
2684 3027 2916 3081 εἵνεκεν
2958 3026 3167 3096 ἔχρισέ
3203 3046 3308 3099 με⁹
3344 3031 3457 3096 καὶ,
3487 3031 3597 3101 Ἰη-

2007 3118 2170 3205 σοῦν⁸
2215 3117 2324 3173 τὸν
2381 3117 2499 3174 ἀπὸ
2551 3117 2847 3205 Ναζαρὲτ,
2910 3119 2983 3173 ὃν
3029 3121 3238 3190 ἔχρισε
3301 3123 3596 3194 Πνεύματι

2007 3203 2201 3276 ἀγίῳλ
2297 3207 2392 3260 καὶ
2424 3244 2439 3266 ,
2520 3203 2733 3272 Κύριος
2831 3206 3177 3263 ἀπέσταλκέ
3229 3228 3307 3279 με
3375 3212 3473 3266 καὶ
3523 3215 3595 3267 τὸ

2007 3293 2251 3362 Πνεῦμα
2273 3291 2481 3346 αὑτοῦ.
2518 3293 2730 3365 Φανερὰ
2755 3294 2811 3347 δὲ
2841 3296 2936 3348 καὶ
2967 3297 2999 3368 ἡ
3036 3296 3187 3368 φωνὴ
3211 3298 3320 3351 τῶν
3347 3300 3599 3372 Σεραφὶμ

2009 3384 2317 3454 κράζοντα·
2356 3383 2572 3453 Ἄγιος,
2620 3384 2806 3455 ἅγιος,
2856 3385 3021 3457 ἅγιος
3075 3388 3292 3456 Κύριος
3331 3389 3592 3446 Σαϐαὼθ.

2023 3477 2147 3530 Ἐὰν
2180 3475 2236 3529 δὲ
2271 3475 2534 3549 ἀκούσῃς,
2560 3477 2643 3532 ὅτι
2695 3477 2774 3548 Τῇ
2806 3477 2973 3547 δεξιᾷ
3017 3481 3124 3536 τοῦ
3156 3481 3304 3537 Θεοῦ
3338 3483 3600 3553 ὑψωθεὶς

2009 3567 2123 3636 τήν
2161 3585 2224 3622 τε
2262 3569 2627 3640 ἐπαγγελίαν
2659 3570 2764 3624 τοῦ
2807 3573 3148 3642 Πνεύματος
3189 3573 3394 3629 λαϐὼν
3437 3574 3600 3644 παρὰ

2010 3659 2117 3714 τοῦ
2158 3661 2418 3728 Πατρός’
2471 3660 2528 3731 ἢ,
2576 3663 2920 3732 Περιμένειν
2951 3664 3066 3734 τήν
3095 3666 3460 3737 ἐπαγγελίαν
3489 3668 3599 3723 τοῦ

2010 3754 2240 3823 Πατρός
2271 3751 2351 3822 ἣν
2387 3755 2721 3824 ἠκούσατε·
2755 3757 2788 3821 ἢ
2830 3757 2934 3822 ὅτι,
2997 3758 3068 3814 Τὸ
3120 3761 3365 3831 Πνεῦμα
3411 3761 3601 3816 αὑτὸν
3705 3823 3708 3826 ,

2010 3845 2291 3901 ἐκϐᾶλλει
2329 3848 2418 3913 εὶς
2465 3847 2580 3915 τὴν
2614 3847 2870 3918 ἔρημον,
2909 3849 2942 3921 ἢ
2980 3850 3062 3904 ὅτι
3099 3852 3259 3917 αὐτὸς
3291 3853 3460 3922 λέγει,
3501 3853 3598 3921 Μὴ

2008 3938 2419 4008 μεριμνήσητε
2469 3939 2528 3992 τί
2570 3941 2795 4008 εἴπητε,
2832 3941 2914 3993 ὅτι
2953 3941 3019 3995 Τὸ
3065 3943 3308 4011 Πνεῦμα
3347 3944 3454 3998 τοῦ
3483 3948 3602 3998 Πα-

2012 4030 2151 4097 τρός
2174 4047 2294 4100 μου
2332 4029 2397 4083 τὸ
2424 4031 2662 4085 λαλοῦν
2687 4030 2757 4084 ἐν
2786 4031 2959 4102 ὑμῖν
2991 4032 3049 4104 ἢ,
3100 4035 3166 4087 Et
3196 4031 3267 4087 δὲ
3303 4035 3375 4089 ἐν
3409 4036 3600 4091 Πνεύ·

2007 4135 2149 4190 ματι
2179 4121 2326 4175 Θεοῦ
2361 4120 2636 4176 ἐκϐἄλλω
2673 4121 2747 4176 τὰ
2775 4122 3084 4194 δαιμόνια’
3119 4124 3174 4197 ἢ,
3218 4125 3270 4178 '0
3308 4125 3378 4180 δέ
3395 4127 3604 4191 ,θλασ-

340 4228 436 4284 ter,
451 4218 502 4271 in
536 4233 722 4271 manus
753 4225 872 4270 tuas
894 4215 1197 4270 commendo
1215 4214 1465 4284 spiritum
1501 4229 1671 4264 meum
1689 4213 1738 4244 "
1767 4211 1907 4275 :vel,

2013 4211 2228 4282 φημῶν
2272 4214 2358 4279 εις
2396 4213 2464 4268 τὸ
2499 4215 2746 4282 Πνεῦμα
2783 4215 2850 4270 τὸ
2889 4216 3060 4288 ἅγιον
3082 4257 3097 4284 ,
3132 4219 3244 4271 οὐκ
3299 4218 3604 4288 ἀφεθήσε-

336 4309 481 4364 Puer
517 4309 800 4372 crescebat,
833 4315 883 4361 et
912 4306 1357 4361 eorroborabatur
1385 4303 1588 4372 Spiritu
1609 4304 1656 4335 ²⁶
1681 4311 1788 4370 :et,
1817 4301 1907 4358 Je-

2015 4320 2109 4357 ται
2153 4301 2332 4371 αὐτῷ,
2372 4305 2467 4358 καὶ
2496 4305 2564 4359 τὰ
2607 4305 2834 4378 ἑξῆςοῆ
2885 4306 2951 4374 ³⁸,
2990 4308 3059 4362 Τὸ
3099 4308 3337 4363 παιδίον
3373 4311 3606 4379 ηὔξανε

337 4417 427 4454 sus
457 4400 680 4468 repletus
701 4398 907 4466 Spiritu
930 4406 1135 4462 sancto,
1154 4412 1388 4450 reversus
1418 4403 1495 4448 est
1518 4412 1550 4447 a
1571 4393 1810 4448 Jordarre
1826 4394 1868 4425 ⁸⁷
1896 4410 1907 4446 :

2018 4392 2116 4446 καὶ
2159 4392 2544 4462 ἐκραταιοῦτο
2595 4399 2926 4468 Ιινεὺματι·
2969 4399 3028 4470 ἢ,
3083 4399 3314 4468 Ἰησοῦς
3365 4400 3605 4472 πλήρης

339 4487 476 4552 sive,
507 4461 757 4539 lle-versus
777 4492 854 4538 est
875 4481 1031 4537 Iesus
1060 4461 1250 4537 virtute
1289 4481 1556 4551 Spiritus:
1601 4482 1706 4546 vel,
1762 4481 1907 4548 Quod

2017 4461 2365 4552 Πνεῦματος
2391 4485 2563 4554 ἁγίου
2590 4461 2970 4559 ὑπέστρεψεν
2991 4461 3110 4545 απὸ
3140 4461 3244 4547 τοῦ
3271 4461 3602 4561 Ἰορδιὶιῖοῦἰ

337 4587 523 4632 natum
557 4584 634 4630 est
667 4591 695 4630 e
727 4573 955 4640 Spiritu,
998 4574 1216 4642 spiritus
1245 4582 1324 4628 est
1350 4573 1428 4628 ’δε
1461 4573 1575 4626 hinc
1607 4571 1789 4626 omnia
1821 4586 1907 4626 eo-

2019 4571 2074 4643 ἢ,
2120 4572 2523 4644 Ὑπέστρεψεν
2559 4577 2802 4646 Ἰησοῦς
2850 4580 2925 4651 τῇ
2971 4581 3224 4652 δυνάμει
3268 4582 3375 4638 τοῦ
3419 4586 3608 4640 Πνεύ-

336 4669 463 4725 dem
496 4683 621 4722 cum
651 4667 786 4723 iisce
820 4668 1069 4722 recidunt
1097 4686 1109 4721 :
1145 4667 1299 4734 Quod
1327 4667 1529 4738 factum
1563 4677 1664 4728 est,
1704 4667 1758 4720 in
1801 4667 1907 4736 ipsa

2013 4682 2201 4734 ματος
2220 4680 2234 4694 ·
2275 4666 2331 4736 ἢ,
2386 4667 2458 4722 Τὸ
2499 4673 2940 4742 γεγεννημένον
2983 4673 3052 4728 ἐκ
3085 4663 3200 4729 ’τοῦ
3237 4677 3604 4747 Πνεῦματος,

336 4759 446 4815 vita
493 4767 608 4812 erat
632 4759 677 4789 ”
705 4776 718 4812 :
748 4757 836 4812 vel
874 4773 997 4814 cum
1027 4773 1131 4812 eo:
1183 4757 1292 4829 Ego
1342 4757 1538 4829 rogabo
1585 4756 1825 4822 Patrem,
1865 4768 1907 4813 et

2019 4757 2256 4828 πνεῦμὰ
2301 4759 2500 4814 ἐστιν’
2536 4763 2720 4834 ὅμοιον
2763 4764 2843 4836 τῷ
2894 4767 3086 4832 εἰπεῖν,
3120 4769 3180 4820 Ὅ
3218 4768 3485 4839 γέγονεν,
3535 4769 3607 4823 ἐν

338 4851 508 4906 alium
539 4849 882 4905 Paracletum
907 4850 1056 4905 dabit
1085 4849 1253 4915 vobis,
1286 4849 1544 4920 Spiritum
1566 4850 1802 4906 veritatis
1825 4850 1870 4882 ”
1900 4870 1907 4907 :

2020 4851 2181 4918 αὐτῷ
2210 4850 2322 4922 ζωὴ
2357 4849 2437 4924 ἦν
2457 4870 2470 4884 ·
2508 4855 2563 4926 ἢ,
2593 4857 2768 4927 Κάγὼ
2793 4857 3192 4927 παρακαλέσω
3235 4860 3345 4914 τὸν
3374 4861 3608 4929 Πατέρα

337 4945 427 5001 vel
462 4958 585 4998 cum
621 4943 727 4999 isto
759 4961 771 4998 :
815 4943 925 4999 Cur
956 4943 1189 5014 implevit
1235 4958 1324 4998 cor
1373 4953 1520 4996 tuum
1554 4941 1788 4998 Satanas
1818 4942 1907 5015 (ait

2014 4962 2133 5014 μου
2158 4984 2174 5010 ,
2225 4945 2325 4999 καὶ
2387 4947 2582 5001 ἄλλον
2637 4948 3035 5018 Παράκλητον
3090 4951 3269 5006 δώσει
3337 4953 3480 5024 ὑμῖν
3535 4953 3604 5008 τὸ

338 5035 536 5094 Petrus
556 5033 803 5107 Ananiae)
834 5037 1045 5090 mentiri
1077 5043 1126 5089 te
1148 5033 1374 5102 Spiritui
1403 5043 1590 5090 sancto
1613 5034 1698 5089 ⁸⁸2
1721 5034 1907 5092 deinde

2018 5037 2261 5106 Πνεῦμα
2295 5037 2403 5106 τῆς
2430 5039 2750 5107 ἀληθείας·
2793 5040 2848 5113 ἦ,
2903 5043 3006 5097 Διὰ
3050 5044 3109 5098 τί
3147 5043 3464 5116 ἐπλήρωσε
3491 5046 3608 5116 τὴν

339 5124 568 5198 subjici!
598 5142 613 5182 :
649 5123 775 5181 Non
799 5125 1098 5180 hominibus
1139 5126 1388 5181 mentitus
1415 5143 1492 5194 es,
1521 5125 1612 5182 sed
1643 5125 1771 5182 Deo.
1804 5125 1907 5199 lgi-

2019 5128 2271 5200 καρδίαν
2298 5146 2416 5185 σου
2445 5132 2480 5185 ὁ
2515 5129 2808 5199 Σατανᾶς,
2840 5131 2917 5205 τῷ
2944 5134 3166 5209 Ἀνανίᾳ
3203 5137 3430 5209 Πέτρος,
3459 5138 3607 5208 ψεύ-

526 5373 768 5450 Cor._\'1,
803 5371 908 5450 ιβ.-
958 5371 1036 5450 :l
1076 5371 1308 5450 Coruv‘l,
1355 5369 1516 5450 ll.“
1555 5369 1578 5398 ³
1610 5368 1769 5450 Ποπιιί
1800 5383 1854 5434 ν,

2036 5370 2058 5401 ⁵
2087 5368 2105 5423 l
2136 5366 2264 5450 CQr.
2290 5383 2390 5450 xit,
2571 5371 2592 5406 '
2623 5373 2754 5450 ibid.
2786 5375 2976 5450 isqq.
3081 5380 3103 5413 ⁸
3141 5378 3184 5436 ll
3223 5379 3353 5437 Cor.
3387 5397 3474 5446 ιιι,
3515 5379 3606 5437 18.

336 5448 360 5481 ⁷
395 5447 634 5519 Epli._tv,
657 5437 763 5519 ,ὂψ
834 5443 909 5505 ’,1
951 5442 1080 5519 Cpr.
1111 5458 1177 5519 x_,_
1368 5438 1423 5492 ⁸1
1455 5437 1600 5519 Tim.
1635 5455 1708 5519 ιχ,
1878 5440 1907 5470 ¹¹

2007 5453 2081 5519 ξε·
2111 5439 2240 5519 hui;
2335 5441 2377 5472 ¹¹
2403 5440 2537 5512 Ᾱεε.
2581 5458 2646 5519 _ll_.
2680 5446 2732 5498 6.
2879 5437 3048 5519 Ᾰρορ.
3087 5466 3169 5516 Ill,
3201 5451 3292 5506 90.
3372 5453 3418 5484 ⁸³
3444 5437 3605 5508 ιίυιιιι.

275 5557 282 5563 .
337 5507 454 5578 xw;
483 5517 572 5571 25.
624 5507 697 5547 ’ίδ
724 5513 824 5569 lsa.
859 5529 935 5572 ιι.
975 5513 1030 5567 2.
1123 5511 1178 5583 ff
1209 5511 1576 5583 Luc,_w._18.
1653 5509 1907 5583 {Actus

2007 5507 2059 5563 8}
2119 5510 2180 5583 β]
2215 5507 2532 5583 [amauit].
2572 5515 2658 5568 16.
2755 5517 2798 5550 ’⁸
2831 5507 2942 5573 Ιειιξ
2971 5537 3042 5575 Vl.
3074 5521 3126 5576 5.
3158 5507 3169 5516 ’
3207 5525 3250 5557 ¹⁹
3277 5524 3396 5576 Act.
3427 5539 3486 5583 ll,
3513 5507 3606 5577 εδ,

337 5588 388 5620 ’⁸
415 5575 534 5640 Act.
567 5602 606 5645 ι,
631 5586 684 5639 ὁ.
773 5584 816 5616 ’⁸
845 5583 1010 5637 Marc.
1042 5599 1080 5647 ι,
1113 5581 1200 5634 12.
1250 5582 1292 5612 ¹¹
1328 5580 1512 5634 Matth.
1556 5595 1612 5643 χ,
1646 5578 1749 5648 19..
1793 5575 1907 5631 "L1

2007 5594 2074 5645 ιι,
2113 5579 2198 5635 l9.
2290 5580 2336 5611 “
2360 5580 2496 5636 Mar.
2531 5598 2612 5648 Ill,
2645 5585 2736 5640 ‘29.
2811 5590 2858 5620 ³⁵
2898 5588 3034 5645 Luc.
3062 5575 3345 5648 “milia
3392 5575 3605 5647 εει,ὺᾷ

569 5636 799 5736 -ίτ-Ῑίξιιξ
828 5655 1005 5736 ml;
1188 5649 1361 5736 10.an
1388 5636 1611 5736 "1,26."-
1633 5651 1694 5732 ξ’
1724 5646 1881 5736 Joan.

2007 5636 2134 5736 με
2229 5649 2276 5736 ιτ
2314 5649 2473 5736 Joaﬁn'.
2502 5636 2614 5719 xui,
2650 5636 2740 5736 lc;
2833 5636 3336 5736 -t;;;_.';:'3",;,',,
3430 5636 3612 5736 aq;

338 5714 612 5800 ἀρρήτως.
687 5726 733 5758 ιι
759 5714 916 5782 necs"
941 5722 1167 5795 aliquid,
1243 5721 1290 5754 ιι
1322 5714 2072 5788 Βρεειῆ,ηιὶτερ,είςχεζοιὶς
2091 5735 2208 5778 σου
2231 5714 2647 5797 παραθήσομαι
2680 5727 2748 5784 τὸ
2773 5729 3012 5802 πνεῦμὰ
3035 5714 3177 5802 μὸυζ
