4018 6210
428 379 536 436 liii

1838 397 2278 460 ANCORATUS.

3587 408 3694 467 ιιο

428 491 654 594 σασθαί
681 507 756 550 σε
772 494 855 594 ,τὸ
886 497 1135 569 Πνεῦμα
1169 501 1236 556 τὸ
1267 502 1470 574 (irier;
1499 507 1594 563 καὶ
1629 510 1769 580 μετὰ
1803 513 1977 569 ταῦτα
1997 531 2014 548 ο

2132 526 2211 573 Lur
2244 517 2390 575 Deus
2421 533 2487 574 ex
2515 517 2626 575 Deo
2655 536 2669 576 :
2694 518 2839 577 Deus
2867 526 2973 586 est,
3010 521 3261 593 inquam,
3289 520 3531 594 Spiritus
3562 538 3698 594 τευ-ι

430 584 553 639 Οὐκ
597 585 933 656 ἀνθρώποις
982 591 1262 660 ἐψεύσω,
1308 597 1470 653 ἀλλὰ
1520 600 1600 665 τῷ
1654 602 1799 669 Θεῷ.
1871 607 1895 626 ⁸⁷

424 671 557 736 Θεὸς
589 673 655 727 ἐκ
697 674 832 729 Θεοῦ
876 677 937 731 τὸ
982 680 1208 753 Πνεῦμα
1236 684 1296 737 τὸ
1331 686 1504 756 ἆγιον,
1554 683 1600 757 ᾧ
1641 671 2017 761 ὲψεύσαντοόἱ

424 764 518 818 τοῦ
549 767 859 856 τιμήματος
888 768 981 823 τοῦ
1033 773 1232 845 χωρίου
1278 780 1682 851 νοσφισάμενοι.
1713 785 1805 849 Ἦ,
1836 785 2018 856 Ἔφα-

427 855 654 925 νερώθη
685 859 756 912 ἐν
793 862 993 929 σαρκὶ,
1027 864 1336 937 ἐδικαιώθη
1365 870 1438 925 ἐν
1462 875 1780 943 Πνεύματι.
1814 855 2017 933 Τούτου

430 950 616 1020 μεῖζον
643 951 743 1005 οὐκ
777 952 886 1023 ἔχω
914 953 1112 1020 λέγειν.
1138 958 1270 1023 Θεὸς
1306 959 1364 1014 δὲ
1394 963 1422 1014 6
1453 962 1578 1027 Υίός
1597 982 1611 995 ·
1644 965 1747 1031 Ἐξ
1774 961 1883 1032 ὧν,
1913 986 2019 1041 φη-

432 1042 539 1105 σὶν,
565 1046 599 1097 ό
627 1044 881 1111 Χριστός
912 1046 977 1100 τὸ
1008 1047 1159 1102 κατὰ
1196 1048 1416 1121 σάρκα,
1449 1056 1486 1107 ό
1526 1056 1611 1110 ὢν
1638 1056 1737 1111 ἐπὶ
1776 1059 2019 1115 πάντων

433 1134 598 1197 Θεός.
627 1138 993 1204 Πίστευσον,
1030 1143 1215 1211 φησιν,
1252 1147 1341 1209 είς
1375 1146 1482 1200 τὸν
1517 1150 1735 1217 Κύριον
1760 1152 2016 1221 Ἰησοῦν,

430 1222 530 1276 καὶ
582 1223 867 1294 σωθήσῃο
903 1227 1015 1293 καὶ,
1056 1229 1398 1301 Ἐλάλησεν
1424 1238 1629 1306 αὐτοῖς
1680 1240 1789 1296 τὸν
1835 1243 2021 1312 λόγον

430 1313 539 1367 τοῦ
571 1317 791 1384 Κυρίου
813 1334 828 1348 ·
867 1319 1181 1391 ἀναγαγών
1221 1342 1286 1379 τε
1331 1328 1549 1392 αὐτοὺς
1579 1333 1666 1398 εὶς
1698 1333 1806 1387 τὸν
1827 1329 2017 1404 οἷκον,

430 1404 771 1474 παρέθηκεν
817 1411 1023 1478 αὐτοῖς
1072 1414 1394 1483 τράπεζαν,
1457 1421 1555 1475 καὶ
1608 1423 2021 1491 ἠγαλλιάσατο

431 1498 672 1587 πανοικὶ
714 1504 1126 1572 πεπιστευκὼς
1166 1506 1247 1573 τῷ
1292 1506 1432 1575 Θεῷ.
1480 1512 1551 1564 Ἢ
1620 1514 1702 1568 δτι
1727 1514 1829 1571 Ἐν
1860 1516 2022 1587 ἀρχῇ

433 1585 513 1659 ἦν
540 1594 573 1645 δ
604 1593 817 1663 Λόγος,
847 1597 947 1650 καὶ
975 1601 1009 1653 δ
1042 1600 1229 1671 Λόγος
1261 1598 1340 1673 ἦν
1368 1588 1521 1673 πρὸς
1558 1606 1668 1660 τὸν
1714 1606 1882 1675 Θεὸν,
1903 1585 2020 1665 ..ι

436 1683 583 1750 Θεὸς
621 1680 701 1755 ἦν
746 1688 780 1740 ό
825 1689 1045 1758 Λόγος’
1086 1691 1141 1763 ἢ,
1170 1693 1294 1748 Ἵνα
1336 1697 1453 1765 τὴν
1488 1697 1889 1756 διδασκαλίαν
1913 1702 2020 1758 τοῦ

433 1776 666 1844 Πατρὸς
700 1778 868 1847 ἡμῶν
896 1780 1044 1835 Θεοῦ
1076 1784 1187 1855 (15)
1219 1787 1617 1857 κοσμήσωσιν
1667 1791 1685 1823 ¹
1706 1809 1719 1824 ·
1750 1792 1807 1864 ἢ,
1878 1792 2020 1847 Ἐπ-

2119 619 2264 675 ctus,
2305 610 2393 665 cui
2422 611 2633 667 mentiti
2669 619 2799 667 sunt
2841 611 2935 683 qui
2961 627 3029 668 ex
3074 614 3189 684 agri
3224 616 3403 684 pretio
3444 616 3696 673 nonnihil

2119 703 2567 759 interverterant.
2603 704 2888 773 Ejusmodi
2921 713 3088 761 estet
3129 706 3277 762 istud
3313 726 3326 763 :
3367 708 3472 773 Qui
3520 710 3697 765 mania

2119 795 2343 864 festatus
2384 802 2465 849 est
2512 795 2570 848 in
2612 811 2789 861 carne,
2815 797 3151 867 justiﬁcatus
3192 809 3268 854 est
3303 800 3357 854 in
3405 800 3610 871 Spiritu
3648 802 3694 858 ⁸.

2120 886 2249 942 Hoc
2275 901 2376 959 ego
2430 886 2609 957 majus
2658 887 2795 941 nihil
2853 888 3028 943 habeo
3074 890 3219 960 quod
3272 891 3472 946 dicam.
3523 890 3697 959 Porrq

2120 978 2266 1035 Deus
2290 986 2375 1034 est
2398 977 2571 1033 Filius
2594 998 2608 1034 :
2630 994 2756 1033 nam
2783 980 3083 1049 Apostolus
3110 1000 3123 1036 :
3154 981 3238 1035 Ea;
3257 982 3465 1053 quibus,
3498 972 3726 1053 inquit,“

2122 1069 2367 1125 Christus
2420 1070 2709 1125 secundum
2750 1087 2986 1136 carnem,
3040 1072 3130 1142 qui
3180 1082 3257 1127 est
3308 1091 3469 1142 supra
3520 1074 3703 1130 omnia

2120 1162 2264 1216 Deus
2289 1162 2331 1218 ’.
2380 1160 2565 1228 Crede,
2599 1162 2795 1233 inquit,
2840 1164 2895 1217 in
2943 1162 3229 1216 Dominum
3255 1162 3460 1228 Iesum,
3499 1172 3549 1219 et
3584 1164 3700 1219 sal-

2121 1252 2324 1305 eaberis
2350 1252 2425 1319 ﬂ;
2455 1253 2617 1307 item:
2652 1252 2882 1307 Locutus
2901 1263 2999 1320 est,
3026 1255 3227 1323 inquit,
3260 1253 3372 1308 illis
3407 1272 3701 1310 sermonem

2122 1333 2358 1391 Domini.
2396 1333 2465 1389 Et
2508 1335 2769 1392 deducens
2802 1355 2890 1392 eos
2922 1339 2976 1392 in
3030 1338 3269 1403 domum,
3310 1341 3555 1408 apposuit
3589 1340 3702 1395 illis

2123 1442 2358 1479 mensam
2380 1442 2399 1480 :
2432 1436 2483 1481 et
2515 1427 2727 1482 lwtatus
2769 1438 2847 1483 est
2880 1446 3000 1483 cum
3028 1430 3275 1484 universa
3303 1430 3514 1499 familia
3551 1439 3703 1500 post-

2121 1534 2280 1587 quam
2299 1518 2519 1573 credidit
2542 1519 2652 1573 Deo
2675 1522 2741 1575 ιι.
2771 1518 2895 1575 Sive
2919 1520 3053 1575 illud
3076 1520 3395 1576 consideres
3426 1538 3441 1575 :
3474 1519 3542 1575 In
3561 1520 3706 1589 prim

2120 1608 2256 1674 cipio
2285 1617 2401 1662 erat
2448 1598 2695 1670 Verbum,
2728 1618 2779 1663 et
2820 1607 3047 1663 Verbum
3089 1617 3206 1663 erat
3233 1608 3375 1679 apud
3416 1608 3608 1673 Deum,
3653 1608 3705 1664 ei

2121 1696 2265 1754 Deus
2304 1710 2419 1753 erat
2465 1698 2686 1753 Verbum
2710 1701 2753 1731 “
2780 1718 2793 1754 :
2836 1700 2943 1765 vel,
2969 1699 3035 1753 Ut
3057 1699 3359 1754 doctrinam
3384 1701 3554 1755 nostri
3579 1697 3707 1755 Sal-

2124 1784 2520 1845 uatorisornent
2541 1791 2618 1845 "z
2644 1790 2783 1857 sive,
2804 1791 3063 1861 Apparuit
3080 1792 3258 1863 gratia
3277 1791 3489 1846 Domini
3501 1801 3551 1848 et
3577 1790 3705 1847 Sal-

429 1866 628 1936 εφάνη
674 1870 715 1938 ἡ
744 1870 915 1939 χάρις
948 1873 1054 1928 τοῦ
1102 1876 1274 1943 Θεοῦ,
1318 1880 1357 1947 ἡ
1408 1882 1701 1951 σωτήριος
1746 1887 1766 1917 ²
1834 1884 2024 1940 πᾶσιν

2132 1881 2321 1937 vatoris
2338 1883 2509 1953 nostri
2525 1880 2657 1937 Iesu
2672 1880 2872 1937 Christi
2886 1882 3127 1938 omnibus
3145 1884 3445 1938 hominibus
3456 1883 3704 1939 erudiens

432 1959 785 2028 ἀνθρώποις,
821 1964 1195 2023 παιδεύουσα
1228 1970 1417 2040 ἡμᾶς·
1451 1972 1507 2043 ἢ,
1543 1974 2019 2045 Προσδεχόμενοι

434 2052 552 2119 τὴν
567 2055 871 2122 μακαρίαν
892 2056 1131 2124 ἐλπίδα,
1164 2062 1261 2116 καὶ
1306 2064 1660 2133 ἐπιφάνειαν
1686 2066 1795 2135 τῆς
1835 2066 2021 2133 δόξης

436 2144 546 2197 τοῦ
584 2146 806 2214 Kvplov
850 2149 950 2202 καὶ
994 2150 1267 2219 Σωτῆρος
1305 2153 1475 2224 ήμῶν
1503 2157 1697 2226 Ἰησοῦ
1728 2158 1983 2227 Χριστοῦ
2000 2176 2015 2191 ·

436 2236 492 2307 ἢ.
520 2238 684 2305 Αὕτη
716 2238 754 2306 τι
789 2239 1062 2295 διακονία
1102 2244 1207 2298 τοῦ
1246 2249 1593 2317 Πνεύματος
1618 2250 1716 2305 καὶ
1762 2252 1868 2307 τοῦ
1909 2253 2023 2307 Λό-

435 2343 565 2393 γου.
601 2328 933 2399 Προσέχετε
975 2331 1054 2396 δὲ,
1101 2336 1283 2404 φησιν,
1314 2338 1552 2405 ἑαυτοῖς
1588 2341 1686 2394 καὶ
1732 2343 1911 2396 παντὶ
1940 2341 2022 2408 τῷ

434 2420 710 2487 ποιμνίῳ,
744 2422 814 2475 ἐν
855 2415 903 2488 ᾧ
954 2425 1106 2493 ὑμᾶς
1142 2427 1307 2481 ἔθετο
1350 2431 1417 2484 τὸ
1455 2432 1699 2502 Πνεῦμα
1742 2435 1807 2488 τὸ
1852 2434 2023 2503 ἅγιον

436 2509 812 2579 ἐπισκόπους
836 2519 1173 2586 ποιμαίνειν
1200 2521 1314 2589 τὴν
1333 2524 1698 2595 Ἐκκλησίαν
1720 2528 1824 2582 τοῦ
1849 2528 2021 2582 Θεοῦο

435 2601 624 2672 ὅμοιον
665 2605 744 2676 τῷ
790 2609 982 2674 εἰπεῖν,
1022 2612 1205 2681 Χάριν
1247 2614 1365 2683 ἐχω
1413 2616 1495 2682 τῷ
1529 2618 2024 2689 ἐνδυναμώσαντί

435 2711 513 2763 με
539 2697 768 2763 Χριστῷ
802 2701 996 2769 Ἰησοῦ
1026 2704 1105 2769 τῷ
1144 2708 1333 2775 Κυρίῳ
1358 2709 1546 2778 ἡμῶν,
1576 2710 1666 2765 ὅτι
1698 2713 1921 2767 πιστόν
1946 2729 2026 2783 με

441 2786 713 2856 ᾐτήσατο
744 2791 990 2861 θέμενος
1019 2798 1107 2862 εὶς
1141 2796 1473 2855 διακονίαν.

512 2878 588 2930 0’.
626 2878 884 2950 Συνεργεί
912 2883 1110 2949 τοίνυν,
1140 2885 1215 2949 ὡς
1249 2887 1642 2957 ἀποδέδεικται,
1667 2892 1744 2965 τῷ
1790 2893 1961 2966 Πατρῖ
1995 2896 2025 2949 6

442 2966 571 3030 Υἱὸς
612 2970 707 3023 καὶ
738 2970 800 3024 τὲ.
845 2973 1070 3045 Πνεῦμα
1110 2976 1171 3029 τὸ
1201 2978 1384 3047 ἓῑιγιον⁸
1429 2980 1517 3046 Τῷ
1556 2984 1668 3051 γὰρ
1715 2986 1884 3054 Λόγῳ
1911 2990 2026 3040 Κυ-

434 3060 575 3128 ρίου
606 3063 661 3114 oi
692 3064 935 3130 οὐρανοί
963 3066 1430 3138 ἐστερεώθησαν,
1468 3073 1565 3127 καὶ
1604 3073 1685 3141 τῷ
1725 3077 2024 3146 Πνεύματι

441 3155 550 3209 τοῦ
592 3160 887 3227 στόματος
931 3163 1117 3217 αὐτοῦ
1177 3162 1346 3219 πᾶσα
1394 3168 1434 3235 ἡ
1494 3167 1747 3238 δύναμις
1805 3170 2020 3226 αὐτῶν.

2126 1974 2306 2039 nos”;
2338 1975 2441 2037 vel,
2484 1972 2862 2041 Exspectantes
2897 1973 3105 2028 beatam
3158 1991 3302 2044 spem
3337 1984 3388 2030 et
3426 1974 3705 2029 adventum

2125 2064 2311 2135 gloria:
2333 2065 2513 2134 magni
2536 2063 2635 2118 Dei
2662 2073 2711 2119 et
2734 2063 3030 2119 Saluatoris
3061 2067 3232 2120 nostri
3254 2065 3382 2121 Jesu
3402 2065 3602 2120 Christi
3626 2066 3703 2134 ¹³ς

2126 2156 2254 2211 item
2281 2174 2292 2209 :
2316 2154 2432 2209 Hoc
2448 2165 2525 2209 est
2547 2156 2897 2209 ministerium
2915 2156 3148 2225 Spiritus
3162 2166 3211 2211 et
3226 2156 3399 2210 Verbi.
3414 2157 3453 2210 Α
3465 2157 3705 2222 ttendite,

2127 2245 2325 2314 inquit,
2355 2244 2497 2299 vobis
2526 2254 2575 2299 et
2602 2247 2844 2299 uniuerso
2875 2246 3040 2316 gregi,
3070 2246 3125 2299 in
3149 2262 3249 2316 quo
3277 2246 3449 2318 posuit
3467 2262 3556 2300 vos
3586 2244 3708 2313 Spi—

2129 2339 2267 2392 ritus
2311 2349 2529 2393 sanctus
2581 2340 2849 2408 episcopos
2905 2355 3081 2409 regere
3132 2338 3425 2393 Ecclesium
3486 2337 3582 2391 Dei
3609 2339 3696 2393 "z

2129 2429 2357 2498 perinde
2386 2445 2451 2483 ac
2484 2430 2530 2485 si
2561 2414 2763 2485 diceret
2794 2448 2808 2484 :
2848 2428 3069 2484 Gratias
3097 2447 3194 2501 ago
3221 2430 3589 2484 corroboranti
3625 2444 3710 2484 me

2130 2520 2342 2576 Christo
2383 2519 2515 2575 Jesu
2547 2520 2775 2575 Domino
2801 2531 3003 2586 nostra,
3041 2522 3180 2591 quod
3210 2538 3292 2577 me
3329 2520 3534 2593 ﬁdelem
3564 2519 3709 2574 arbi-

2130 2621 2299 2667 trarus
2332 2622 2409 2668 est
2440 2612 2509 2667 ad
2539 2613 2887 2669 ministerium
2908 2613 3231 2669 constituens
3256 2612 3318 2667 ".

2202 2876 2365 2950 LXX.
2400 2877 2590 2949 itaque
2620 2877 2793 2935 Filius
2819 2886 2875 2934 et
2908 2877 3147 2950 Spiritus
3174 2885 3403 2936 sanctus
3442 2893 3566 2935 cum
3602 2876 3708 2932 Pa-

2130 2978 2235 3033 tre.
2262 2973 2342 3025 uti
2367 2972 2888 3041 demonstravimus,
2910 2979 3079 3044 agunt
3108 2971 3472 3027 communiter
3496 2988 3510 3025 :
3548 2968 3707 3026 Verbo

2130 3065 2271 3119 enim
2300 3063 2515 3118 Domini
2548 3065 2665 3119 cali
2688 3065 2892 3135 ﬁrmati
2919 3073 3077 3131 sunt;
3099 3074 3147 3119 et
3176 3046 3381 3132 Spiritu
3404 3064 3513 3118 oris
3534 3062 3701 3132 ipsius

2133 3158 2303 3211 omnis
2337 3157 2506 3212 uirtus
2541 3173 2722 3211 eorum
2758 3157 2821 3212 ¹⁸.
2852 3156 3090 3228 Spiritus
3139 3171 3272 3213 vero
3322 3165 3546 3212 sanctus
3610 3153 3708 3207 ad-

444 3245 822 3321 Προσκυνητὸν
850 3251 905 3305 δὲ
937 3252 1160 3324 Πνεῦμα
1196 3255 1257 3308 τὸ
1284 3256 1438 3325 ἅγιον
1461 3273 1472 3286 ·
1510 3256 1662 3323 Τοὺς
1699 3260 1807 3331 γὰρ
1846 3273 2029 3329 προσ-

2133 3251 2375 3307 orandus
2402 3260 2486 3308 est
2512 3271 2525 3308 :
2560 3252 2665 3320 Qui
2697 3254 2835 3307 enim
2864 3252 3091 3307 adorant
3134 3252 3302 3306 Deum
3327 3290 3343 3317 ,
3381 3250 3581 3315 Spiritu
3610 3246 3709 3301 ad-

443 3338 783 3406 κυνοῦντας
806 3342 947 3408 Θεῷ,
980 3344 1051 3397 ἐν
1086 3348 1383 3417 Πνεύματι
1413 3348 1508 3402 δεῖ
1537 3351 1903 3419 προσκυνεῖν
1932 3351 2034 3407 καὶ

444 3428 714 3498 ἀληθείᾳ.
746 3432 809 3484 El
837 3433 892 3486 δὲ
924 3439 1174 3506 συνεργεῖ
1216 3438 1388 3492 ταῦτα
1424 3440 1467 3506 ³,
1528 3441 1703 3505 κτίσις
1732 3442 1908 3497 κτίσιν
1936 3445 2035 3499 οὐκ

447 3520 759 3592 ἑργάζεται,
788 3524 909 3576 οὐδὲ
943 3527 1131 3598 κτιστὴ
1163 3527 1351 3598 θεότης
1389 3529 1618 3598 γίνεται,
1670 3531 1791 3585 οὐδὲ
1836 3534 1894 3587 ὲν
1940 3533 2036 3605 μέ-

445 3614 621 3684 τρῳῆ
675 3618 902 3687 περιοχῇ
948 3616 1079 3682 Θεδς
1124 3620 1473 3688 γινώσκεται.
1511 3623 1666 3676 Ἔστι.
1694 3624 1804 3695 γὰρ
1838 3625 2035 3696 ἀπερί-

446 3718 676 3773 γραφος,
730 3704 1048 3776 ἀχώρητος,
1102 3709 1477 3779 ἀπερινόητος,
1535 3711 1713 3765 πάντα
1768 3714 2036 3784 περιέχων

446 3794 517 3848 τὰ
547 3796 823 3867 ποιήματα
849 3800 876 3850 6
905 3797 1036 3862 Θεός
1067 3798 1109 3853 ⁸.
1163 3800 1295 3853 Οὐδὲ
1322 3801 1589 3873 λατρευτὴ
1625 3802 1833 3868 κτίσις·
1880 3803 2040 3859 Ἐλά-

447 3901 713 3952 τρευσαν
741 3887 850 3961 γὰρ
882 3889 960 3958 τῇ
981 3891 1175 3945 κτίσει
1226 3892 1387 3962 παρὰ
1436 3893 1543 3947 τὸν
1582 3895 1897 3962 κτίσαντα,
1937 3896 2035 3950 καὶ

447 3975 900 4046 ἐμωράνθησαν.
932 3980 1056 4043 Πῶς
1094 3981 1201 4053 γὰρ
1228 3983 1288 4036 οὑ
1323 3982 1503 4054 μωρὸν
1538 3984 1712 4039 κτίσιν
1745 3984 2037 4055 Θεολογεῖν,

449 4067 663 4124 ἀθετεῖν
693 4070 748 4123 δὲ
782 4071 1006 4144 πρώτην
1033 4074 1055 4106 ⁸
1111 4074 1328 4144 ἐντολὴν
1360 4075 1458 4145 τὴν
1484 4074 1746 4144 λέγουσαν
1765 4095 1776 4107 ·
1806 4079 2037 4145 Ἄκουε,

450 4158 711 4228 Ἰσραὴλ,
761 4164 974 4231 Κύριος
1018 4167 1051 4218 ό
1110 4165 1256 4231 Θεός
1299 4181 1414 4221 σου
1462 4167 1677 4235 Κύριος
1723 4163 1810 4233 εἷς
1848 4169 2037 4234 ἐστιν,

450 4253 563 4306 οὐκ
602 4252 773 4306 ἔσται
816 4255 886 4309 ἐν
914 4254 1011 4308 σοὶ
1054 4256 1189 4322 θεὸς
1229 4258 1619 4326 πρόσφατοω
1672 4259 1759 4312 Ἐν
1797 4258 2042 4330 Γραφαῖς

450 4343 515 4414 δὴ
542 4344 723 4412 ἁγίαις
754 4345 985 4418 διάφορα
1007 4347 1247 4418 ὀνόματα
1272 4349 1515 4403 καλεῖται
1542 4349 1754 4422 Πατρὸς
1788 4350 1882 4403 καὶ
1908 4347 2039 4403 Υἰοῦ

450 4434 548 4484 καὶ
565 4433 719 4501 ἁγίου
743 4434 882 4486 Πνεύ
892 4453 1074 4505 ματος.
1106 4437 1317 4507 Πατρὸς
1341 4438 1459 4509 μέν·
1482 4438 1683 4508 Πατὴρ
1702 4439 2038 4507 παντοκρά-

452 4541 587 4594 τωρ,
606 4525 806 4594 Πατὴρ
828 4526 1127 4593 ἁπάντων,
1148 4528 1346 4597 Πατὴρ
1372 4529 1647 4598 Χριστοῦ·
1679 4528 1800 4585 Υἱοῦ
1824 4530 1881 4584 δέ
1898 4548 1910 4560 ·
1932 4532 2043 4585 Ad.
2072 4566 2081 4571 υ

2134 3359 2291 3398 orare
2324 3353 2524 3412 oportet
2553 3353 2603 3399 et
2632 3345 2849 3400 veritate
2872 3346 2936 3400 ’.⁸.
2966 3344 3073 3415 75
3102 3344 3306 3411 Quodsi
3330 3344 3530 3398 veritas
3556 3355 3709 3396 com.

2135 3436 2377 3491 muniter
2406 3436 2542 3507 agit,
2578 3445 2833 3492 creatura
2857 3445 3166 3493 creaturam
3202 3435 3363 3491 aliam
3387 3451 3497 3490 non
3531 3433 3714 3501 allicit,

2136 3543 2313 3599 neque
2342 3528 2517 3583 creari
2547 3526 2805 3584 divinitas
2824 3535 3041 3599 potest,
3070 3543 3248 3598 neque
3284 3534 3432 3582 certo
3462 3525 3625 3581 modo
3653 3539 3717 3580 ac

2136 3617 2653 3686 circumscriptione
2690 3616 2950 3672 deﬁnitus
2996 3616 3350 3687 cognoscitur
3388 3614 3569 3679 Deus;
3615 3614 3719 3667 cir-

2137 3707 2433 3763 cumscribi
2478 3707 2623 3762 enim
2664 3722 2776 3762 non
2809 3716 3021 3778 potest,
3063 3717 3155 3762 aut
3206 3706 3353 3777 capi,
3389 3713 3484 3759 aut
3515 3704 3719 3760 intellio

2140 3798 2321 3869 gentia
2350 3798 2767 3869 comprehendi,
2800 3814 2923 3853 cum
2958 3800 3217 3855 universa
3256 3796 3354 3853 Dei
3385 3812 3552 3867 opera
3580 3811 3719 3851 con-

2138 3890 2331 3944 tineat.
2393 3888 2500 3944 Sed
2554 3904 2732 3959 neque
2774 3898 3041 3943 creaturae
3071 3886 3419 3943 serviendum
3459 3906 3472 3941 :
3518 3885 3723 3942 Servie-

2140 3990 2283 4046 runt,
2356 3981 2551 4051 inquit,
2585 3990 2844 4036 creatura:
2871 3981 3048 4049 potius
3074 3996 3235 4049 quam
3263 3977 3527 4044 Creatori,
3552 3988 3602 4034 et
3632 3978 3720 4048 fa-

2143 4074 2219 4127 tui
2249 4071 2443 4127 redditi
2473 4081 2597 4127 sunt
2622 4074 2689 4127 '°.
2720 4071 2913 4128 Nonne
2944 4071 3202 4127 stolidum
3228 4078 3314 4126 est
3341 4079 3609 4125 creatura:
3637 4070 3721 4125 di-

2140 4164 2420 4220 vinitatem
2456 4164 2699 4219 tribuere
2721 4204 2736 4229 ,
2771 4178 2836 4218 ac
2877 4164 3112 4234 primum
3141 4163 3246 4217 hoc
3275 4162 3479 4218 violare
3526 4177 3721 4234 praece-

2140 4264 2326 4326 ptum:
2359 4254 2522 4319 Audi,
2548 4254 2759 4309 Israel:
2791 4253 3046 4309 Dominus
3078 4252 3219 4309 Deus
3251 4263 3371 4308 tuus
3389 4270 3522 4308 unus
3553 4264 3629 4309 est
3654 4256 3720 4312 ²¹.

2144 4347 2268 4403 Non
2306 4349 2404 4403 erit
2442 4349 2495 4402 in
2544 4357 2592 4403 te
2650 4348 2792 4404 Deus
2832 4365 3010 4403 recens
3053 4349 3141 4402 “?
3170 4348 3439 4403 Caeterum
3487 4348 3725 4403 diversis

2144 4441 2198 4495 in
2235 4437 2516 4509 Scriptura
2548 4439 2866 4495 nominibus
2906 4437 3068 4494 Pater
3106 4446 3160 4496 et
3185 4439 3358 4495 Filius
3398 4446 3452 4494 et
3483 4439 3723 4510 Spiritus

2144 4536 2368 4588 sanctus
2396 4530 2645 4601 insigniri
2674 4532 2854 4587 solent
2883 4550 2895 4587 :
2924 4539 3118 4603 utputa
3149 4530 3332 4597 Pater,
3360 4531 3524 4586 Pater
3553 4533 3725 4585 omni-

453 4635 576 4686 γος,
598 4619 870 4685 Χριστὸς,
893 4618 1017 4687 φῶς
1043 4621 1353 4688 ἀληθινόν.
1382 4608 1486 4675 Τοῦ
1514 4622 1570 4675 δὲ
1610 4622 1764 4690 ἁγίου
1794 4620 2029 4692 Πνεῦμα-

2141 4630 2365 4691 potens,
2438 4621 2601 4677 Pater
2665 4622 2934 4687 omnium,
2979 4622 3145 4677 Pater
3204 4622 3405 4677 Christi
3459 4633 3722 4689 vocatur;

449 4724 570 4770 τοςο
591 4708 997 4778 Παράκλητος,
1020 4711 1260 4781 Πνεῦμα
1281 4713 1584 4781 ἀληθείας,
1601 4713 1843 4782 Πνεῦμα
1866 4713 2038 4780 Θεοῦ,

454 4800 695 4869 Πνεῦμα
733 4801 1010 4871 Χριστοῦ.
1056 4802 1122 4856 Τί
1166 4803 1341 4856 τοίνυν
1393 4803 1413 4834 ⁸
1472 4806 1500 4857 6
1550 4803 1681 4867 Θεὸς
1713 4806 1909 4857 νοεῖται
1945 4804 2040 4858 καὶ

456 4890 810 4962 Πατὴρ,,φῶς
838 4890 951 4945 ἀλλ’
976 4892 1052 4955 ὡς
1080 4892 1496 4966 ὑπέρλαμπρον,
1519 4893 1792 4963 δύναμις,
1828 4895 2034 4963 σοφία.

456 4981 520 5033 Εἰ
550 4981 605 5033 δὲ
631 4982 746 5050 φῶς
775 4984 803 5037 6
840 4983 970 5047 Θεὸς
1002 4983 1097 5037 καὶ
1138 4985 1349 5056 Πατὴρ,
1388 4985 1502 5054 φῶς
1538 4984 1648 5057 ἄρα
1692 4987 1756 5039 ὲκ
1804 4985 1978 5055 φωτὸς
2012 4986 2041 5039 6

457 5070 605 5138 Υἱὸς,
640 5074 734 5125 καὶ
770 5072 856 5127 διὰ
892 5072 1049 5127 τοῦτο
1097 5070 1275 5129 οικῶν
1322 5075 1448 5145 φῶς
1486 5076 1508 5108 ⁷
1572 5074 1640 5129 τὸ
1688 5075 2037 5142 ἀπρόσιτον.

456 5164 695 5233 Δύναμις
737 5164 793 5217 δὲ
830 5164 948 5228 ὅλος
977 5166 1005 5218 6
1039 5166 1191 5231 Θεὸς,
1227 5168 1319 5221 καὶ
1364 5166 1454 5221 διὰ
1488 5166 1645 5221 τοῦτο
1676 5168 1894 5235 Κύριος
1927 5164 2045 5220 τῶν

458 5253 790 5325 δυνάμεων.
830 5256 1002 5326 Σοψία
1046 5258 1164 5323 ὅλος
1200 5260 1229 5312 6
1274 5259 1397 5322 Υἱός
1429 5258 1564 5331 (15⁸)
1590 5275 1604 5289 ·
1647 5257 1842 5313 οὐκοῦν
1887 5258 2051 5327 σοφία

462 5478 484 5511 ε
514 5409 667 5511 λῖθ’
684 5412 1083 5511 ε’ΞὟσὲιῘέἮίεν·

514 5480 642 5553 Cor.
656 5552 666 5553 ί
682 5481 775 5535 ἔτι
798 5480 1000 5553 τοίνυν.
1102 5483 1122 5515 '
1149 5500 1219 5553 γρ

462 5564 572 5611 χιιι,
605 5552 691 5606 54.
798 5552 841 5585 ¹⁸
871 5553 1026 5606 Joan.
1057 5567 1096 5617 ι,
1134 5552 1180 5607 ιῖ.

1305 5484 1393 5536 διὰ
1455 5484 1548 5536 τοῦ
1586 5483 1781 5547 φωτός.

1281 5554 1323 5586 ⁸³
1353 5552 1459 5607 Tit.
1492 5569 1550 5612 ιι.
1594 5552 1681 5608 10.

1159 5415 1179 5446 ⁸
1211 5412 1420 5531 τροδτοῦ
1454 5412 1707 5514 Συξτῆρος
1738 5411 1894 5515 ᾑμῶέ
1928 5411 2186 5534 Χτρξστοῢο
2248 5412 2284 5446 δ’
2316 5428 2406 5481 γρ.
2438 5410 2746 5513 Ἶάλήθεια.
2827 5408 2850 5440 ι
2874 5425 2942 5508 ,η

1159 5500 1239 5537 ro.
1340 5484 1393 5536 ιὰ
1455 5500 1548 5536 το.»
1586 5483 1781 5537 φωτό..
1919 5481 1937 5534 l
2000 5498 2108 5536 im.
2149 5496 2209 5537 ιιι
2243 5480 2330 5537 16.
2504 5480 2663 5537 Rom.
2694 5496 2770 5537 ix.
2798 5477 2852 5533 5.

1786 5554 1830 5585 ιι
1856 5553 1986 5607 ibid.
2039 5567 2101 5619 ιι,
2135 5552 2217 5606 ιε.

2145 4711 2317 4769 Filius
2376 4727 2545 4778 vero,
2610 4711 2872 4777 Verbum,
2931 4710 3198 4778 Christus,
3255 4713 3348 4766 lux
3404 4729 3562 4778 vera;
3604 4712 3726 4783 Spi~

2148 4805 2290 4859 ritus
2353 4811 2577 4860 sanctus
2624 4802 2879 4873 denique,
2927 4800 3263 4871 Paracletus,
3316 4802 3548 4873 Spiritus
3581 4803 3721 4858 veri-

2146 4897 2293 4961 tatis,
2363 4894 2594 4965 Spiritus
2651 4894 2772 4958 Dei,
2834 4892 3066 4963 Spiritus
3132 4893 3353 4951 Christi.
3415 4894 3725 4961 Quinetiam

2147 4987 2291 5043 Deus
2314 4988 2405 5042 ille
2444 4987 2585 5042 idem
2636 5001 2700 5041 ac
2738 4985 2899 5041 Pater
2926 4987 3016 5040 lux
3046 4986 3389 5056 intelligitur,
3419 4994 3472 5042 et
3500 4987 3720 5057 quidem

2147 5076 2457 5132 admirabili
2490 5075 2782 5146 splendore
2803 5076 3114 5143 collucens,
3147 5092 3361 5131 necnon
3388 5084 3442 5132 et
3470 5078 3634 5131 virtus
3666 5085 3721 5132 et

2150 5167 2431 5237 sapientia.
2464 5167 2640 5238 Atque
2681 5166 2760 5222 uti
2791 5168 2885 5222 lux
2918 5174 3002 5223 est
3024 5166 3170 5223 Deus
3205 5175 3259 5222 et
3292 5167 3473 5233 Pater,
3511 5168 3586 5222 ita
3631 5168 3724 5229 lux

2149 5266 2235 5314 est
2262 5257 2328 5313 de
2356 5256 2475 5313 luce
2495 5256 2668 5312 Filius
2696 5274 2709 5312 :
2744 5256 2890 5311 unde
2915 5263 2969 5310 et
2995 5255 3165 5310 lucem
3198 5253 3460 5309 inhabitat
3489 5254 3727 5319 inacces,

2948 5445 2971 5481 ,ᾗ
2990 5409 3085 5481 τοῦ
3120 5409 3275 5463 Θεοῦ.
3306 5409 3466 5481 rp.
3490 5405 3725 5481 Πατρός,

2504 5476 2663 5545 Rom,
2694 5496 2770 5539 ιχ,
2798 5477 2852 5533 5.
2880 5476 2889 5479 ⁷
2934 5479 2976 5510 ¹⁰
3006 5480 3124 5533 Act.
3158 5494 3271 5541 xvi,
3304 5479 3388 5532 51.
3458 5542 3472 5545 Α
3509 5476 3560 5545 1‘
3601 5476 3725 5530 Act.

2314 5552 2357 5585 "
2394 5550 2525 5605 ibid.
2566 5542 2659 5606 l5;
2734 5549 2777 5581 “
2806 5551 2923 5603 Act.
2958 5565 3048 5610 xx,
3080 5549 3173 5609 27,
3213 5550 3303 5599 ‘28.
3381 5545 3423 5577 "
3456 5542 3475 5597 Ι
3507 5543 3648 5605 Tim.
3681 5557 3725 5617 ι,

464 5619 551 5674 12.
633 5622 674 5653 ³⁸
712 5621 801 5678 Ps.
835 5638 1012 5689 xxxii,
1040 5616 1093 5679 6.
1172 5624 1215 5656 "
1240 5620 1397 5679 Joan.
1422 5639 1495 5689 tv,
1526 5623 1617 5677 24.
1693 5623 1738 5655 ³⁸
1767 5623 2029 5689 Rom.1,2

2132 5621 2219 5677 21.
2296 5622 2341 5656 ’ί
2372 5620 2532 5676 Deut.
2560 5620 2708 5687 vt,4.
2786 5618 3000 5674 “Psal.
3043 5633 3207 5683 Lux,
3248 5616 3337 5670 10.

540 5758 889 5834 (i5)_'l‘_extns
907 5758 1130 5818 Grtecus
1161 5760 1418 5834 Epistola:
1458 5763 1525 5819 ad
1563 5762 1742 5821 Titum
1774 5762 1934 5820 habet
1974 5779 2036 5834 ιι,

472 5827 561 5897 ω,
585 5827 676 5883 τοῦ
708 5831 953 5903 Σωτῆρος
982 5834 1136 5904 ἡμῶν
1168 5832 1323 5889 Θεοῦ.

2217 5762 2351 5837 (15⁸)
2378 5762 2523 5837 Lege
2554 5761 2714 5833 σοφία
2748 5760 2863 5824 ὅλος
2896 5761 2923 5812 6
2952 5756 3104 5820 Θεός.
3140 5752 3297 5809 Εοιτ.
