4018 6210
360 303 466 360 127

1773 287 1830 342 S.
1874 279 2213 340 EPIPIIANII

3511 270 3620 327 19.8

363 416 580 472 Primos
613 419 839 469 nostros
863 416 1118 482 parentes
1160 406 1304 462 Dens
1332 421 1362 461 e
1394 403 1650 476 paradiso
1687 399 1930 470 expulit;

2064 395 2238 466 dnSstc
2273 391 2465 464 μύθοις
2497 390 2762 445 ἀπατάτω
2806 389 2997 451 κενοῖς.
3035 389 3619 460 Δύναταιγὰρόθεὸς

365 508 809 577 cherubinosque
838 519 963 559 cum
996 501 1245 556 ﬂammeo
1266 499 1448 570 gladio
1479 496 1547 550 ail
1575 495 1696 548 vita:
1724 492 1937 547 arboris

364 599 697 658 servandum
732 597 940 652 aditum
975 593 1286 650 collocavit.
1316 591 1559 645 Adamus
1604 588 1770 660 igitur
1814 600 1937 640 cum

361 703 533 742 uxore
563 702 595 742 e
627 685 866 756 paradisi
913 684 1131 754 regione
1161 694 1446 752 egressus.
1493 679 1654 750 longe
1677 677 1948 735 dissimile

365 779 704 834 domicilium
740 776 951 832 habuit.
984 775 1154 832 Nemo
1189 773 1443 827 inanibus
1471 769 1670 828 fabulis
1705 769 1938 826 illudat:

367 873 549 926 Potest
576 870 715 925 enim
749 869 892 924 Deus
925 885 952 924 e
979 865 1248 938 lapidibus
1269 866 1502 920 excitare
1524 864 1667 934 ﬁlios
1687 863 1729 918 ¹.
1761 863 1951 919 Potest

364 963 507 1020 idem
523 979 645 1035 quae
660 961 1038 1033 corruptibilia
1057 968 1204 1024 sunt,
1235 960 1552 1028 incorrupta
1587 957 1786 1022 facere,
1812 963 1868 1012 et
1891 956 1946 1011 in

365 1053 785 1126 terris,quando
801 1053 875 1108 ita
891 1052 1108 1106 libitum
1122 1063 1226 1118 est,
1244 1050 1481 1120 paradisi
1505 1048 1739 1120 quietem
1759 1047 1955 1103 otium-

364 1161 474 1218 que
501 1145 861 1200 constituere.
888 1141 1058 1199 Terra
1092 1142 1293 1213 quippe
1319 1157 1425 1196 non
1453 1141 1682 1196 alterius
1719 1139 1811 1196 Dei
1841 1146 1951 1205 est,

365 1252 547 1307 neque
573 1237 774 1291 coelum
799 1235 1049 1297 alterius,
1078 1235 1170 1290 sed
1195 1233 1379 1289 omnia
1395 1231 1464 1286 ad
1488 1247 1654 1287 unum
1671 1230 1954 1286 eumdem-

367 1344 477 1399 que
515 1328 790 1398 pertinent
826 1345 839 1381 :
875 1327 970 1396 qui
1004 1325 1473 1380 immortalitatem
1514 1322 1814 1392 unicuique
1855 1335 1954 1392 pro

370 1435 470 1475 sua
505 1420 783 1475 voluntate
829 1418 1092 1489 largitur;
1131 1432 1256 1472 nam
1306 1426 1360 1472 et
1407 1414 1602 1470 Adami
1650 1429 1853 1485 corpus
1885 1428 1954 1469 ex

368 1510 560 1566 eadem
590 1509 757 1564 humo
785 1511 970 1564 lictum
1001 1524 1124 1564 esse
1152 1508 1382 1571 scimus,
1405 1521 1438 1563 e
1457 1521 1564 1577 qua
1593 1520 1822 1576 corpora
1850 1520 1954 1561 no-

369 1608 486 1657 stra
518 1600 784 1655 fabricata
816 1610 980 1666 sunt;
1013 1615 1078 1656 ac
1111 1615 1212 1654 nos
1237 1612 1456 1669 quoque
1480 1611 1632 1666 spem
1658 1605 1876 1652 aeternae
1900 1601 1956 1651 et

370 1685 702 1741 immortalis
742 1683 1078 1739 hmreditatis
1111 1681 1420 1737 habemus:
1460 1679 1661 1749 quippe
1703 1675 1951 1731 Salvato-

2046 487 2113 540 ἐκ
2127 477 2869 552 τῶνλίθωνὲγεῖραιτέκνα·
2917 481 3010 534 καὶ
3038 481 3259 534 δύναται
3283 483 3312 535 6
3348 480 3479 545 Θεὸς
3521 480 3619 534 καὶ

2036 578 2105 632 τὰ
2139 575 2355 647 φθαρτὰ
2395 574 2716 646 μεταϐαλεῖν
2758 575 2839 638 εἰς
2881 572 3210 644 ἀφθαρσίανο
3258 573 3354 626 καὶ
3393 571 3619 626 δύναται

2036 669 2131 723 ἐπὶ
2149 668 2254 738 γῆς
2280 667 2502 739 ποιῆσαι
2522 665 2826 720 ἀνάπαυσιν
2859 665 3208 736 παραδείσου,
3227 665 3310 717 ὅτι
3330 664 3618 736 ἠθέλησεν.

2037 763 2114 818 Ού
2150 762 2259 832 γὰρ
2288 762 2322 832 ὴ
2366 760 2438 830 γῆ
2482 757 2644 812 ἄλλου
2677 755 2835 818 Θεοῦ,
2873 757 2968 808 καὶ
3003 754 3232 826 οὐρανὸς
3263 754 3425 809 άλλου
3457 753 3619 818 Θεοῦ,

2038 852 2176 906 ἀλλά
2205 853 2383 907 πάντα
2408 848 2502 902 τοῦ
2534 846 2700 903 αὑτοῦ
2740 849 2878 914 ὲστι,
2913 846 3008 902 καὶ
3045 845 3120 907 ὡς
3153 844 3299 897 θέλει
3336 842 3621 914 χαρίζεται

2039 941 2256 1012 ἑκάστῳ
2278 940 2378 1011 τὴν
2402 937 2732 1009 ἀφθαρσίαν.
2761 937 2872 990 Καὶ
2901 935 3010 1007 γάρ
3041 935 3103 988 τὸ
3127 933 3290 1005 σῶμα
3311 932 3407 987 τοῦ
3447 932 3624 1004 Ἀδὰμ

2039 1033 2262 1105 οῐδαμεν
2291 1034 2355 1086 ὲκ
2386 1032 2490 1103 γῆς
2523 1028 2905 1100 πεπλασμένον
2937 1027 2998 1093 ἐξ
3037 1022 3218 1100 ἧσπερ
3250 1026 3344 1079 καὶ
3373 1025 3532 1098 ἡμῶν
3553 1025 3625 1080 τά

2046 1125 2297 1198 σώματα,
2317 1125 2416 1179 ιιιαλ⁵
2431 1121 2619 1176 ἐλπίδα
2638 1120 2831 1193 ἔχομεν
2853 1120 3000 1192 ζωῆς
3028 1121 3276 1185 αἰωνίου,
3301 1121 3394 1174 καὶ
3411 1121 3624 1192 ἀφθάρ-

2041 1236 2135 1272 του
2160 1216 2546 1289 κληρονομίας.
2583 1215 2694 1268 Καὶ
2714 1214 2822 1286 γὰρ
2852 1213 2946 1266 τοῦ
2972 1213 3226 1285 Σωτῆρος
3247 1213 3309 1267 τὸ
3332 1213 3490 1284 σῶμα
3515 1213 3626 1266 ἀπὸ

2043 1308 2261 1380 Μαρίας
2277 1303 2367 1380 ἦν,
2391 1308 2485 1360 καὶ
2507 1307 2811 1377 συνήνωται
2836 1305 3224 1376 πνευματικῶς
3243 1308 3310 1378 τῇ
3333 1304 3426 1359 τοῦ
3449 1306 3624 1374 Λόγου

2045 1402 2103 1454 έν
2129 1400 2343 1472 οὐρανῷ
2371 1399 2670 1470 ἀφθαρσίᾳ.
2704 1397 2890 1453 Ταῦτα
2929 1397 2988 1451 δὲ
3034 1399 3210 1453 πάντα
3248 1401 3628 1471 συνηγάγομεν

2045 1492 2282 1548 ἐνταῦθα
2307 1490 2736 1563 δπαρεθέμεθα,
2787 1490 2951 1562 μηδὲν
2994 1491 3344 1564 παραῤῥίψαι
3385 1492 3494 1546 τῶν
3535 1511 3628 1563 γε-

2047 1585 2384 1657 γραμμένων
2429 1584 2696 1650 θέλοντες,
2721 1582 2858 1638 ἀλλά
2912 1583 3112 1654 μᾶλλον
3153 1585 3420 1656 ἁπλότητι
3467 1586 3628 1657 φέρε-

2051 1676 2196 1740 σθαι,
2229 1673 2408 1727 πιστοί
2433 1690 2492 1726 τε
2525 1670 2876 1744 εὑρίσκεσθαι
2911 1671 3048 1742 πρὸς
3076 1670 3169 1723 τὸν
3201 1670 3334 1724 Θεὸν
3367 1673 3426 1726 έν
3447 1667 3526 1734 οἷς
3552 1671 3628 1734 ὼς

371 1779 450 1833 ris
479 1794 682 1849 corpus
729 1793 759 1834 e
801 1775 970 1830 Maria
1017 1775 1228 1846 virgine
1263 1780 1443 1827 ortum
1491 1769 1702 1834 habuit,
1739 1775 1947 1822 etcum

2064 1768 2110 1820 ὲν
2150 1765 2378 1838 ἀληθείᾳ
2419 1765 2658 1836 ἔγραψεν
2689 1765 2852 1834 ἡμῖν,
2891 1763 2986 1816 καὶ
3025 1762 3339 1835 ἐδωρήσατο
3385 1763 3484 1834 τὴν
3527 1763 3628 1833 τῆς

372 1865 532 1922 Verbi
565 1867 619 1920 in
649 1867 790 1920 caelo
843 1864 1253 1919 immortalitate
1293 1861 1647 1930 conjunctum
1684 1865 1787 1914 est.
1821 1855 1948 1911 Haec

367 1973 470 2013 nos
501 1958 686 2014 omnia
713 1958 817 2012 hoe
857 1958 980 2012 loco
1006 1957 1266 2027 colligere
1309 1970 1374 2009 ac
1398 1968 1703 2026 proponere
1731 1949 1947 2007 studui-

2053 1856 2310 1928 ἀληθείας
2342 1855 2459 1908 ὁδὸν
2493 1854 2586 1908 καὶ
2617 1851 2775 1924 ἡμῶν
2810 1852 3104 1923 σωτηρίανο
3143 1855 3448 1925 συγχωρεῖν
3481 1853 3630 1925 αὐτῷ

2055 1949 2203 2020 μόνῳ
2233 1948 2440 2011 πρέπον
2473 1945 2620 1998 ἐστὶν
2660 1943 2858 1996 εἰδέναι
2895 1942 2964 1996 τὰ
2994 1943 3371 2014 ἀκατάληπτα.

370 2064 515 2116 mus,
549 2065 618 2104 ne
642 2049 772 2120 quid
789 2064 978 2104 eorum
1001 2065 1123 2120 qua:
1152 2049 1358 2117 scripta
1391 2055 1540 2110 sunt,
1570 2046 1948 2114 rejiceremus,
1984 2044 2079 2098 sed
2115 2053 2174 2096 ut
2203 2040 2500 2096 candorem
2533 2054 2596 2092 ac
2623 2036 3032 2108 simplicitatem
3101 2037 3514 2100 adhiberemus,
3567 2051 3631 2092 ac

373 2141 564 2196 ﬁdeles
593 2157 694 2198 nos
734 2143 1107 2212 praeberemus
1154 2142 1212 2196 in
1258 2141 1326 2196 iis
1370 2140 1646 2204 omnibus,
1691 2139 1800 2211 65
1864 2154 1988 2209 quae
2022 2139 2181 2193 nobis
2233 2155 2298 2192 ex
2340 2137 2419 2192 rei
2468 2137 2696 2191 veritate
2738 2137 2964 2218 scriptis
3016 2135 3267 2190 mandari
3315 2137 3521 2203 voluit,
3567 2151 3632 2192 ac

373 2235 625 2291 veritatis
652 2236 798 2289 viam
834 2236 1181 2306 salutemque
1214 2234 1489 2290 concessit
1519 2253 1533 2288 :
1565 2235 1653 2287 cui
1693 2235 1796 2288 soli
1826 2234 2081 2288 convenit
2112 2243 2170 2286 ιιι
2202 2247 2264 2287 ea
2295 2246 2415 2300 quae
2453 2231 2840 2300 comprehendi
2881 2239 3184 2300 nequeunt,
3215 2231 3503 2302 intelligat.

438 2325 599 2380 ωιιι.
641 2324 825 2382 Redeo
873 2327 940 2380 ad
989 2325 1276 2398 Origenem
1318 2346 1332 2381 :
1368 2328 1461 2397 qui
1519 2326 1737 2396 quidem
1781 2325 1950 2397 (quod

373 2418 478 2490 ipsi
507 2417 652 2474 Deus
694 2418 964 2489 ignoscat)
1011 2416 1463 2473 absurdissimam
1501 2418 1664 2472 aliam
1711 2418 1950 2472 fabulam

373 2510 762 2580 etallegoriam
787 2510 1044 2566 fallendis
1070 2510 1386 2566 hominibus
1413 2511 1715 2582 proposuit.
1738 2511 1954 2566 Etenim

378 2615 520 2671 quas
546 2601 831 2673 Scriptura
867 2603 1126 2673 pelliceas
1155 2602 1376 2658 tunicas
1406 2601 1598 2674 primis
1634 2603 1838 2658 nostris
1868 2618 1956 2674 pa-

380 2693 631 2750 rentibus
661 2694 830 2752 Deum
865 2695 1064 2752 fecisse
1107 2703 1319 2762 narrat,
1356 2710 1484 2751 vere
1526 2694 1783 2766 pelliceas
1811 2695 1956 2750 tuni-

378 2801 474 2840 cas
501 2792 662 2857 negat
705 2784 897 2852 fuisse,
926 2785 1022 2841 sed
1054 2783 1108 2839 id
1143 2785 1214 2840 de
1241 2782 1492 2854 corporis
1540 2785 1682 2838 mole
1711 2791 1766 2838 et
1795 2798 1961 2838 carne

377 2885 662 2942 concreta,
700 2877 785 2932 vel
821 2892 1056 2948 corpore
1090 2876 1486 2947 interpretatur
1515 2875 1636 2945 ipso
1667 2891 1680 2927 :
1711 2875 1764 2929 in
1811 2875 1960 2945 quod

380 2971 505 3036 post
533 2964 962 3020 inobedientiam
996 2979 1061 3019 ac
1094 2963 1307 3018 fructus
1339 2963 1494 3019 vetiti
1525 2963 1962 3033 degustationem

378 3054 624 3112 inclusas
689 3071 815 3113 esse
875 3055 1092 3112 animas
1151 3055 1472 3112 arbitratur.
1532 3053 1687 3120 Quod
1741 3053 1961 3125 quidem

2117 2325 2235 2378 ΞΒ’.
2253 2324 2452 2396 Ἄλλην
2467 2323 2522 2376 δὲ
2537 2323 2697 2377 πάλιν
2720 2323 2937 2394 μυθώδη
2962 2324 3174 2397 μωρίαν
3195 2317 3346 2389 οὗτος
3363 2326 3392 2377 6
3427 2325 3635 2396 Ὦριγέ-

2050 2435 2168 2489 νης,
2185 2410 2228 2486 ᾧ
2242 2419 2270 2471 6
2295 2417 2426 2480 Θεὸς
2450 2418 2846 2489 συγχωρήσειῆ
2875 2419 3175 2487 φαντασίαν
3197 2421 3308 2481 τοῖς
3327 2417 3634 2490 ἀνθρώποις

2051 2505 2498 2579 ἀλληγοροῦνται,
2549 2509 2947 2580 παρεισήγαγε,
2999 2508 3244 2577 φάσκων,
3289 2509 3383 2572 οὓς
3416 2505 3567 2562 εἶπεν
3599 2511 3636 2578 ἡ

2056 2597 2177 2651 θεία
2214 2597 2404 2668 Γραφὴ
2449 2596 2684 2668 χιτῶνας
2731 2597 3089 2668 δερματίνους
3135 2599 3500 2670 πεποιηκέναι
3543 2598 3638 2652 τὸν

2057 2688 2190 2743 Θεὸν
2211 2691 2324 2752 τοῖς
2351 2690 2482 2760 περὶ
2499 2688 2591 2743 τὸν
2631 2688 2824 2760 Ἀδάμ,
2857 2688 2932 2760 μὴ
2955 2683 3091 2743 εἶναι
3115 2689 3348 2761 χιτῶνας
3375 2690 3637 2761 δερματί-

2056 2798 2180 2844 νους
2203 2780 2337 2851 (96),
2383 2779 2520 2834 ἀλλά
2563 2779 2722 2835 τοῦτό
2768 2797 2901 2852 φησι
2942 2781 3144 2851 χιτῶνα
3187 2781 3534 2852 δερμάτινον,
3577 2781 3641 2835 τὸ

2059 2870 2332 2944 σαρκῶδες
2360 2871 2455 2925 τοῦ
2495 2870 2767 2942 σώματος,
2815 2872 2848 2942 ἢ
2885 2871 3016 2924 αὐτὸ
3050 2872 3110 2924 τὸ
3150 2871 3310 2943 σῶμα
3359 2872 3498 2942 μετά
3539 2871 3640 2943 τὴν

2061 2958 2346 3032 παρακοήν
2374 2961 2468 3014 καὶ
2495 2960 2556 3013 τὸ
2589 2959 2926 3033 βεϐρωκέναι
2955 2960 3049 3014 τοῦ
3085 2960 3267 3027 ξύλου,
3303 2961 3519 3016 ἐνέδυσε
3542 2961 3643 3025 τὰς

2057 3049 2236 3122 ψυχάς
2251 3051 2383 3123 (97)·
2405 3052 2500 3106 καὶ
2523 3051 2637 3105 ἐστι
2659 3052 2912 3106 σύνθετον
2942 3055 2962 3084 ⁸
2983 3053 3103 3107 ὅλον
3125 3054 3320 3108 εἰπεῖν.
3353 3053 3644 3122 Σοφίζεται

377 3151 574 3220 dogma
609 3149 788 3204 otiose
827 3149 1122 3203 conllctum
1156 3163 1223 3202 ac
1275 3149 1535 3204 stolidum
1585 3156 1690 3202 est.
1734 3145 1842 3202 Sed
1873 3161 1960 3201 ar-

2064 3141 2174 3212 γὰρ
2194 3141 2353 3206 αὐτὸς
2380 3144 2408 3196 6
2426 3143 2709 3213 Ὠριγένης
2729 3142 2889 3212 δῆθεν
2913 3144 3008 3196 καί
3039 3161 3193 3215 φησί’
3217 3144 3308 3216 Μὴ
3333 3144 3442 3215 γὰρ
3465 3147 3494 3198 6
3512 3144 3643 3208 Θεὸς

380 3247 606 3308 gutatur
642 3239 1004 3293 nihilominus
1035 3236 1328 3306 Origenes,
1361 3249 1525 3308 atque
1554 3238 1627 3291 ita
1656 3237 1904 3307 disputat
1939 3255 1953 3292 :

382 3327 546 3394 Num,
578 3329 779 3398 inquit,
813 3327 1086 3384 coriarius
1156 3328 1303 3384 Deus
1333 3337 1440 3395 est,
1487 3338 1547 3382 ut
1579 3329 1823 3384 subactis
1847 3329 1964 3399 pel-

385 3422 529 3478 libus
580 3420 791 3475 Adamo
834 3429 1001 3490 atque
1049 3419 1174 3474 Eva:
1219 3421 1434 3476 tunicas
1483 3423 1747 3478 consuat‘l
1797 3423 1964 3477 Multo

387 3526 518 3568 vero
564 3511 739 3584 magis
784 3525 849 3566 ea
890 3527 996 3565 vox
1028 3519 1113 3566 est
1161 3513 1368 3582 pecude
1413 3513 1597 3584 digna.
1630 3513 1770 3580 Quid
1817 3515 1963 3569 enim

388 3602 604 3658 facilius
649 3610 786 3667 erat,
840 3602 1038 3656 costum
1075 3617 1140 3656 ac
1180 3611 1379 3657 terram
1410 3619 1442 3658 e
1474 3605 1646 3660 nihilo
1678 3619 1968 3676 procreare

387 3693 583 3758 Deum,
622 3707 692 3747 an
723 3693 983 3764 pelliceas
1025 3709 1290 3751 censuere
1319 3697 1571 3752 tunicas?
1605 3698 1965 3764 Quandonant

389 3800 523 3842 vero
561 3784 886 3840 admiranda
929 3801 1030 3842 sua
1075 3787 1319 3857 prodigia
1365 3803 1476 3842 non
1508 3791 1723 3859 quoties
1765 3790 1971 3860 placuit

393 3877 520 3948 ipsi,
560 3877 785 3932 molitus
830 3884 936 3942 est,
987 3884 1048 3931 ut
1104 3878 1288 3931 anima
1345 3880 1587 3934 carentia
1635 3880 1692 3933 in
1730 3881 1969 3935 animata

392 3968 768 4024 converteret?
813 3968 1046 4035 Quando
1117 3968 1320 4041 bloysis
1366 3971 1578 4040 virgam
1639 3971 1846 4025 aridam
1905 3986 1972 4026 ac

394 4060 628 4131 ligneam
655 4075 764 4114 non
795 4059 848 4113 in
868 4060 1051 4114 vivum
1084 4059 1492 4131 spirantemque
1512 4060 1797 4115 colubrum
1823 4077 1974 4117 com-

393 4164 606 4210 mutare
639 4152 840 4225 potuit,
890 4152 984 4224 qui
1016 4152 1255 4224 Moysem
1293 4153 1470 4223 ipsmn
1510 4155 1890 4224 insequeretur
1918 4160 1974 4208 et

395 4246 450 4299 in
493 4245 675 4316 fugam
711 4246 1033 4314 conjiceret,
1085 4254 1144 4299 ut
1187 4245 1334 4314 quod
1370 4254 1482 4299 tum
1517 4247 1828 4314 gerebatur,
1862 4262 1972 4300 non

398 4336 577 4389 ﬁctam
621 4337 914 4404 quamdam
969 4351 1092 4390 esse
1127 4337 1388 4404 speciem,
1441 4336 1535 4390 sed
1566 4337 1792 4392 veritate
1840 4352 1975 4390 con-

398 4433 547 4482 stare
591 4425 853 4481 doceret?
884 4425 1026 4491 Quid
1059 4425 1234 4479 illud?
1261 4426 1509 4491 Quonam
1549 4437 1704 4496 pacto
1735 4427 1976 4496 quadra-

2069 3235 2471 3306 βυρσοδεύτηςτ
2512 3231 2600 3306 ἦν,
2646 3236 2732 3288 ἵνα
2786 3235 3058 3307 βυρσήσας
3097 3237 3362 3308 δέρματα.
3412 3236 3646 3308 χιτῶνας

2067 3329 2368 3400 ἐργάσηται
2397 3327 2476 3399 τῷ
2510 3327 2680 3400 Ἀδάμ
2705 3330 2800 3382 καὶ
2827 3331 2894 3400 τῇ
2928 3329 3072 3400 Elia;
3111 3330 3255 3383 Πολὺ
3289 3329 3347 3384 δὲ
3373 3330 3645 3399 κτηνωδέ-

2071 3436 2259 3490 στερον
2289 3419 2349 3472 τὸ
2373 3418 2632 3474 τοιοῦτον.
2667 3420 2731 3472 Τί
2766 3421 3154 3493 εὐχερέστερον
3185 3417 3274 3493 ἦν,
3304 3421 3532 3493 οὐρανὸν
3555 3423 3650 3476 καὶ

2070 3512 2172 3581 γῆν
2202 3513 2262 3577 ἐξ
2289 3512 2388 3564 οὐκ
2427 3511 2580 3575 ὄντος
2619 3512 2844 3582 ποιῆσαι
2872 3513 2965 3567 τὸν
3002 3514 3155 3580 Θεὸν,
3189 3513 3223 3585 ἢ
3267 3513 3501 3584 χιτῶνας
3529 3515 3654 3584 δερ-

2075 3601 2356 3673 ματίνους;
2396 3603 2534 3656 Πότε
2571 3603 2682 3675 γάρ
2721 3603 2791 3656 τὰ
2831 3605 3108 3675 θαυμάσια
3152 3605 3318 3659 αὑτοῦ
3351 3605 3521 3660 θέλων
3550 3606 3652 3660 οὐκ

2073 3692 2387 3762 εἰργάσατο,
2424 3692 2518 3744 καὶ
2543 3691 2727 3763 ἄψυχα
2750 3696 2829 3756 εἰς
2849 3693 3068 3764 ἔμψυχα
3093 3695 3445 3766 μεταϐαλών;
3478 3698 3500 3728 ⁸
3526 3698 3651 3750 πότε

2074 3783 2132 3834 οὐ
2164 3782 2445 3854 δεδύνηται
2473 3800 2488 3849 ;
2521 3784 2621 3856 τὴν
2647 3785 2744 3856 μὲν
2773 3787 2965 3856 ῥάϐδον
2992 3786 3271 3852 Μωῦσέως
3300 3787 3471 3860 ξηρὰν
3490 3784 3652 3848 οὖσαν

2074 3875 2169 3927 καὶ
2196 3873 2434 3946 ξυλίνην,
2462 3875 2584 3944 ὅφιν
2611 3875 2850 3946 ἔμψυχον
2880 3877 3103 3947 εποίησε
3131 3878 3372 3932 Μωῦσέα
3389 3877 3655 3931 καταδιώ-

2076 3983 2268 4019 κονταο
2299 3967 2390 4035 ἀφ’
2414 3959 2481 4018 οὗ
2511 3968 2750 4039 Μωῦσῆς
2778 3970 2858 4033 είς
2891 3969 3068 4040 φυγὴν
3096 3970 3374 4041 ἐτρέπετο,
3396 3970 3482 4022 ἶνα
3507 3970 3652 4040 δείξῃ

2076 4059 2158 4112 ὅτι
2191 4058 2290 4111 οὐκ
2309 4055 2376 4130 ἦν
2397 4059 2710 4130 φάντασμα,
2738 4059 2851 4113 ἀλλ’
2878 4059 3076 4130 ἀληθὲς
3103 4060 3164 4113 τὸ
3192 4061 3507 4131 γενόμενον.
3534 4060 3655 4122 Πῶς

2077 4150 2132 4203 δὲ
2155 4152 2559 4222 τεσσαράκοντα
2580 4151 2672 4221 ἐτη
2705 4151 2800 4204 τοῦ
2835 4151 2963 4205 λαοῦ
2990 4151 3059 4205 τὰ
3085 4153 3275 4222 ἱμάτια
3307 4153 3410 4206 οὐκ
3431 4150 3656 4222 ἐρικνὼ-

2080 4242 2168 4312 Οη,
2204 4245 2298 4296 καὶ
2324 4245 2506 4314 τρίχες
2547 4245 2646 4296 οὐκ
2689 4243 2924 4314 ἐκόμων,
2961 4246 3055 4298 καὶ
3095 4245 3164 4300 τὰ
3209 4247 3527 4318 ὑποδήματα
3560 4248 3657 4300 οὐκ

2081 4333 2467 4401 ἐπαλαιοῦντο;
2498 4337 2819 4390 Εἰπάτωσαν
2839 4337 2896 4390 δέ
2933 4353 3022 4408 μοι
3049 4338 3099 4390 οἱ
3125 4338 3324 4408 ἠλίθιοι
3353 4341 3402 4391 οί
3434 4342 3500 4410 τῇ
3529 4355 3657 4409 φρε-

2083 4424 2370 4495 νοϐλαϐείᾳ
2396 4428 2701 4499 Ὠριγένους
2724 4427 2881 4481 τοῦτο
2907 4429 2968 4482 τὸ
2987 4429 3150 4500 μέρος
3172 4431 3654 4502 ἀκολουθήσαντες·

401 4515 552 4585 ginta
583 4523 728 4570 totos
754 4531 932 4571 annos
967 4532 1142 4587 neque
1170 4517 1353 4586 populi
1386 4525 1568 4572 vestes
1595 4519 1794 4572 attrita:
1824 4526 1962 4573 sunt

2082 4514 2440 4579 ’Λναστάντος
2464 4518 2558 4570 τοῦ
2581 4517 2816 4588 Χριστοῦ
2841 4520 2904 4571 ὲκ
2927 4518 3034 4572 τῶν
3056 4521 3284 4591 νεκρῶν,
3300 4523 3394 4574 καὶ
3415 4521 3660 4576 καταλεί-

401 4621 580 4677 neque
627 4607 808 4676 capilli
854 4617 1170 4671 creverunt,
1224 4625 1324 4666 nec
1369 4609 1668 4663 inveterata
1709 4619 1838 4665 sunt
1877 4611 1982 4665 cal-

406 4705 690 4752 teamenta
713 4696 767 4748 ’ί
797 4695 989 4751 Dicant
1020 4699 1179 4752 velim
1213 4698 1540 4768 ineptissimi
1573 4699 1844 4764 homines,
1885 4701 1979 4770 qui

405 4788 472 4842 ad
521 4787 670 4840 illam
737 4786 988 4858 Origeuis
1045 4789 1312 4842 insaniam
1370 4790 1750 4845 adhaerescunt
1793 4791 1978 4848 :Cum

415 4879 671 4934 Christus
713 4894 744 4932 a
781 4881 1014 4935 mortuis
1045 4881 1315 4936 excitatus
1346 4881 1558 4944 linteas,
1596 4884 1672 4936 uti
1718 4884 1977 4954 scriptum

413 4980 518 5038 est,
543 4979 726 5028 vestes
770 4971 824 5026 in
865 4973 1119 5043 sepulcro
1157 4972 1538 5043 reliquisset’,
1576 4974 1756 5032 nudus
1791 4977 1981 5048 utique

2084 4607 2283 4678 ψαντος
2319 4611 2417 4673 τὰς
2455 4611 2644 4681 ὀθόνας
2688 4613 2746 4663 ὲν
2786 4611 2863 4682 τῷ
2905 4615 3168 4683 μνήματι,
3211 4615 3289 4677 ὡς
3327 4614 3659 4684 γέγραπται,

2086 4702 2290 4772 γυμνὸς
2319 4704 2427 4773 ἄρα
2450 4704 2470 4733 ⁹
2494 4703 2745 4772 ἐφαίνετο
2775 4706 2888 4766 τοῖς
2917 4704 3184 4774 μαθηταῖς
3204 4706 3442 4770 ἀναστὰς
3468 4708 3532 4759 ὲκ
3555 4705 3662 4758 τῶν

2085 4794 2293 4864 νεκρῶν
2329 4796 2425 4847 σὺν
2457 4794 2669 4864 σώματι
2708 4795 2801 4846 καὶ
2839 4795 3006 4867 ψυχῗγ
3047 4797 3287 4868 ὁπηνίκα
3325 4799 3382 4852 δὲ
3427 4799 3661 4851 ἐδείκνυε

2084 4887 2197 4948 τοῖς
2233 4887 2362 4956 περὶ
2398 4885 2489 4939 τὸν
2524 4885 2724 4955 Θωμᾶν
2751 4885 2820 4938 τὰ
2840 4887 2974 4941 ὀστᾶ
3008 4887 3173 4942 αὐτοῦ
3203 4889 3421 4952 καὶτὰς
3439 4886 3663 4960 σάρκας,

2084 4977 2274 5049 χεῖράς
2302 4995 2363 5031 τε
2395 4980 2490 5032 καὶ
2517 4977 2616 5048 τὴν
2644 4976 2908 5047 πλευρὰν,
2940 4980 3183 5051 δηλονότι
3211 4983 3312 5036 οὐκ
3343 4978 3412 5054 ἦν
3438 4989 3660 5052 γυμνός.

479 5124 718 5208 {Matth
750 5143 831 5195 ιιι,
865 5127 950 5208 9._
985 5129 1023 5208 ξ
1046 5125 1204 5208 Joan.
1237 5145 1330 5208 iis,
1355 5127 1409 5185 6.
1473 5128 1493 5160 '
1520 5127 1689 5208 Deut.
1727 5146 1878 5193 xxix,

2083 5130 2382 5208 Deestpcai.
2458 5132 2479 5164 ⁸
2509 5130 2569 5185 F.
2601 5133 2975 5204 συγχωρήσειε
3009 5141 3064 5190 et
3094 5149 3219 5190 mox
3257 5134 3662 5208 ἀλληγοροῦντι.

412 5201 436 5231 ⁸
460 5193 518 5250 F.
551 5193 829 5256 ἀσύνετον.
931 5199 950 5232 ⁷
981 5195 1042 5252 F.
1075 5200 1378 5269 βδρςοδέψη
1391 5217 1430 5262 ς.

480 5353 608 5426 (96)
634 5353 735 5426 Μὴ
758 5348 956 5426 *εξναε
990 5353 1246 5426 χιτῶνας
1282 5353 1709 5426 aspparlyovg:
1744 5352 1877 5406 Vide
1923 5352 1989 5406 ad

419 5421 669 5479 hairesnn
707 5423 778 5478 64
832 5421 886 5476 in
919 5421 1156 5478 Panario
1189 5421 1448 5478 numeros
1477 5425 1548 5476 2‘2
1569 5434 1621 5475 et
1641 5423 1732 5474 ‘25.

486 5490 935 5565 (97)“‘Eré6vo'e
989 5495 1095 5559 τὰς
1145 5493 1370 5562 ψυχάς.
1425 5490 1989 5565 Animasimmittunt

419 5560 746 5630 corporibus
783 5560 1197 5632 praet-astitisse,
1234 5560 1298 5615 ac
1331 5564 1586 5615 cu-lcstes
1626 5561 1791 5632 luisse
1823 5560 1991 5610 virtu-

420 5627 541 5701 ιοεξ
581 5632 634 5684 in
664 5627 892 5701 corpora
919 5631 1118 5685 deinde
1147 5632 1307 5701 veluti
1331 5644 1581 5682 carceres
1602 5627 1901 5701 conjectas,
1933 5633 1990 5676 ut

421 5700 714 5769 scelerum,
755 5695 956 5774 quibus
998 5717 1119 5756 sesc
1159 5700 1486 5768 polluerant,
1532 5712 1724 5764 poenas
1763 5695 1986 5758 darent,

1515 5201 1538 5232 ⁸
1564 5199 1725 5255 Deest
1758 5202 2029 5255 nonnihil.
2108 5202 2128 5231 °
2157 5202 2292 5254 ΑΜ.
2321 5202 2440 5253 οὐκ.

2090 5353 2340 5426 Origenis
2370 5369 2628 5426 errorem
2681 5353 2948 5426 fuisseiex
2988 5359 3237 5426 pluribus
3266 5369 3484 5414 constat
3519 5361 3664 5414 anti-

2090 5423 2712 5500 quitatisdocumentis.
2745 5440 2807 5476 ex
2857 5423 3152 5500 bietiiodio,
3198 5445 3261 5500 ex
3313 5429 3662 5500 Hieronymo,

2090 5507 2156 5544 ex
2195 5491 2497 5559 Epiphanio
2520 5502 2718 5564 _I_IOSII‘Q
2745 5503 2857 5546 tum
2887 5497 2938 5548 in
2977 5498 3250 5564 praesenti.
3302 5505 3415 5551 tum
3459 5491 3662 5552 memo-

2091 5568 2408 5632 ratanupcr
2434 5564 2485 5615 in
2518 5562 2716 5616 llmrcsi
2773 5564 2864 5623 (ii,
2908 5562 3061 5618 ιιιιιιι.
3097 5565 3148 5615 4.
3179 5564 3311 5619 Vide
3345 5566 3663 5632 Origeninua

2088 5626 2234 5682 Petri
2267 5626 2504 5690 Danielis
2535 5632 2713 5685 lluctii
2747 5632 2840 5685 lib.
2875 5648 2934 5699 ιι,
2972 5649 3092 5702 cap.
3125 5634 3180 5699 2,
3215 5644 3410 5703 quaest.
3440 5626 3494 5692 Θ.
