4018 6210
298 357 397 413 Ιίὶθ

1702 342 2150 398 ANCORATUS.

3450 336 3557 393 {50

292 471 489 525 Τοίνυν
524 466 595 521 τὰ
625 463 816 537 ίμάτια
844 463 928 527 τίς
957 460 1104 531 αὐτῷ
1137 458 1308 529 ὕφανε
1334 458 1401 511 τὰ
1441 456 1581 528 μετὰ
1608 458 1706 527 τὴν
1740 455 1872 509 ἀνά-

1989 455 2263 524 liscipulis
2297 470 2418 508 cum
2451 470 2680 526 corpore
2721 455 3011 524 animaque
3051 452 3340 508 visendum
3365 468 3560 509 senon

294 574 519 622 στασινς
558 556 699 608 Ἀλλ’
723 556 869 625 ἐρεῖς
895 567 983 622 μοι
1016 551 1256 611 πάντως,
1300 547 1605 617 Ἐνδύματα
1630 562 1876 615 πνευμα-

288 648 421 701 τικὰ
440 649 467 700 6
491 645 652 707 αὐτὸς
684 646 938 713 ποιήσας.
975 642 1082 694 Καὶ
1116 643 1165 693 εἰ
1197 638 1422 692 τοιαῦτα
1448 638 1720 708 ἐνδύματα
1748 636 1877 705 ἡδύ-

289 750 419 785 νατο
442 730 621 801 ἑαυτῷ
656 732 854 793 ποιεῖν,
897 728 1139 791 ἐκείνους
1178 729 1305 790 τοὺς
1338 726 1696 797 δερματίνους
1718 725 1880 795 χιτῶ-

289 837 387 883 νας
417 822 517 873 ούκ
546 820 777 889 ἠδύνατο
812 820 1034 889 ποιῆσαι
1062 821 1173 880 τοῖς
1202 819 1329 888 περὶ
1360 817 1451 869 τὸν
1496 816 1665 884 Ἀδὰμ
1693 814 1879 885 οἰκείῳ

292 911 593 981 θελήματι;
622 911 830 972 Ὄντως
856 909 868 938 ¹
891 907 1148 960 ἐκπίπτει
1178 906 1271 958 τοῦ
1321 905 1627 975 Ὠριγένους
1653 907 1684 975 ἠ
1717 904 1880 973 ἀλλη-

291 1003 474 1070 γορία.
509 1003 572 1054 Et
601 1000 708 1071 γὰρ
740 999 877 1068 μετὰ
905 999 964 1050 τὸ
989 996 1323 1067 βεϐρωκέναι
1352 995 1446 1049 τοῦ
1476 994 1633 1059 ξύλου
1658 995 1880 1065 ἐκτίσθη

289 1092 370 1161 τῷ
402 1092 574 1161 ’Λδάμ
602 1094 633 1160 ἡ
661 1088 817 1157 σὰρξ.
844 1088 1008 1140 πόθεν
1039 1088 1145 1157 ἄρα
1166 1087 1357 1139 ἔλαϐεν
1386 1088 1413 1139 6
1441 1085 1575 1148 Θεὸς
1598 1086 1695 1152 τὴν
1719 1087 1883 1139 πλευ-

297 1186 427 1255 ράν;
456 1183 514 1246 ὃς
541 1180 842 1253 διεγερθεὶς
861 1180 968 1232 ἀπὸ
989 1181 1085 1251 τῆς
1108 1179 1438 1238 ἐκστάσεως,
1460 1172 1883 1247 φησί·⁶οστοῦν

291 1275 361 1326 ἐκ
387 1273 506 1326 τῶν
535 1272 734 1325 ὀστῶν
756 1288 897 1339 μου,
945 1270 1041 1322 καὶ
1081 1268 1238 1337 σὰρξ
1271 1268 1339 1321 ἐκ
1372 1266 1483 1336 τῆς
1507 1266 1733 1334 σαρκός
1760 1283 1881 1335 μου

292 1381 503 1419 τουτο.

1980 546 2246 615 praebuit;
2283 553 2374 599 aut
2410 562 2534 599 cum
2586 562 2713 601 ossa
2754 562 2851 599 sua
2886 545 3109 599 Thomas
3156 560 3461 613 carnesque
3503 553 3559 600 et

1982 639 2152 691 latera
2198 641 2582 702 monstravit”,
2618 640 2819 705 nudus,
2854 640 3069 708 Opinor,
3105 654 3213 691 non
3255 638 3379 692 fuit.
3420 637 3558 703 Quis

1983 730 2147 799 igitur
2180 722 2294 782 haec
2324 730 2397 782 illi
2431 737 2552 799 post
2588 733 3046 785 resurrectionem
3076 732 3395 785 vestimenta
3424 744 3559 783 con-

1982 821 2125 876 suit?
2168 820 2323 874 Dices
2365 821 2639 889 spiritales
2687 821 2947 891 quasdam
2995 830 3175 875 vestes
3222 820 3322 876 sibi
3381 822 3555 889 ipsum

1982 913 2302 967 adornasse.
2353 914 2521 982 Igitur
2569 914 2659 982 qui
2726 913 2991 980 ejusmodi
3044 914 3148 969 sibi
3206 920 3387 966 vestes
3447 912 3559 964 ela-

1986 1004 2180 1057 borare
2223 1004 2422 1072 potuit,
2458 1004 2715 1073 pelliceas
2749 1004 2872 1056 illas
2908 1004 3123 1056 tunicas
3155 1003 3347 1071 primis
3393 1000 3559 1054 homic

1984 1094 2145 1147 nibus
2178 1103 2371 1162 suapte
2399 1094 2679 1146 voluntate
2699 1092 2967 1145 conﬁcere
2995 1108 3101 1143 non
3132 1091 3347 1159 potuit?
3380 1090 3560 1143 Enim-

1984 1198 2113 1236 vero
2162 1192 2271 1238 tota
2327 1186 2416 1237 illa
2479 1185 2789 1253 exploditur
2837 1182 3088 1251 Origenis
3139 1183 3420 1251 allegoria.
3452 1181 3563 1251 66

1984 1268 2116 1322 Nam
2174 1271 2217 1324 si
2283 1280 2402 1338 post
2459 1271 2805 1341 degustatum
2857 1271 3093 1325 fructum
3145 1287 3363 1324 carnem
3422 1269 3563 1323 Deus

1983 1358 2192 1413 Adamn
2243 1361 2550 1441 fabricavit,
2598 1363 2872 1417 undenam
2928 1372 3137 1416 costam
3186 1363 3330 1415 illam
3380 1360 3563 1414 lateris

299 1457 631 1527 acceperat?
683 1470 808 1510 nam
865 1469 988 1508 cum
1043 1453 1285 1508 Adamus
1340 1468 1405 1507 ex
1457 1451 1727 1507 altissimo
1789 1453 1882 1508 illo
1918 1470 2114 1524 sopore
2142 1464 2288 1510 esset
2328 1457 2638 1511 excitatus:
2671 1456 2767 1521 Os,
2810 1456 3008 1526 inquit,
3049 1469 3115 1508 ex
3159 1455 3366 1508 ossibus
3418 1451 3561 1507 istud

291 1558 394 1611 est,
430 1558 480 1602 et
514 1564 640 1601 caro
673 1546 736 1600 de
760 1562 919 1600 carne
950 1563 1067 1599 mea
1090 1546 1131 1597 ³.

364 1639 483 1694 El".
531 1638 637 1691 Τοῦ
674 1638 861 1691 λοιποῦ
896 1637 1076 1690 τοίνυν
1113 1635 1300 1705 μηδεὶς
1336 1636 1468 1706 ἡμῖν
1504 1634 1708 1698 κόπους
1738 1650 1883 1705 παρ-

2065 1630 2245 1683 LXIII.
2289 1630 2459 1686 Nemo
2512 1632 2695 1701 itaque
2732 1632 2990 1702 deinceps
3048 1633 3207 1688 nobis
3257 1602 3565 1689 molestiam

298 1731 486 1801 εχέτω.
515 1728 672 1782 Οῦτω
692 1731 802 1798 γὰρ
827 1726 1040 1794 δοξάζει
1072 1729 1105 1797 ἠ
1138 1727 1271 1795 ἁγία
1294 1726 1386 1778 τοῦ
1418 1725 1552 1778 Θεοῦ
1594 1725 1883 1795 Ἐκκλησία

1995 1723 2250 1793 ρνωιιριιῑ.
2286 1722 2360 1776 Ita
2388 1724 2589 1794 quippe
2624 1727 2692 1777 ab
2728 1724 2885 1778 initio
2920 1725 2987 1778 ad
3033 1724 3173 1779 hanc
3214 1740 3390 1795 usque
3421 1727 3565 1781 diem

297 1823 404 1875 ἀπὸ
436 1821 545 1873 τῶν
578 1819 866 1874 ἀνέκαθεν.
893 1821 967 1873 Ού
997 1821 1412 1890 παραστήσεται
1444 1816 1553 1888 γὰρ
1574 1819 1705 1888 ἡμῖν
1741 1817 1886 1887 Ὠρι-

290 1912 460 1983 γένης
494 1914 552 1965 ὲν
582 1911 768 1982 ἡμέρα
797 1910 1053 1979 κρίσεως.
1089 1907 1370 1977 Θαυμάζω
1402 1906 1512 1977 γὰρ
1543 1907 1618 1968 ὡς
1647 1904 1884 1973 ἀληθῶς,

297 2003 415 2065 πῶς
446 2019 591 2065 τινες
624 2002 907 2071 ἀνέχονται
938 2000 1032 2052 τοῦ
1065 1998 1558 2069 βλασφημήσαντος
1580 1997 1670 2049 τὸν
1696 1995 1889 2049 ἑαυτοῦ

297 2095 596 2164 Δεσπότην.
636 2091 1063 2160 ’Δναγνώτωσαν
1094 2090 1407 2160 Ὠριγένυυς
1428 2088 1498 2141 τὰ
1524 2089 1662 2156 Περὶ
1688 2086 1890 2156 ἀρχῶν

291 2188 343 2239 οἱ
360 2185 616 2249 τοιοῦτοι,
642 2184 734 2236 καὶ
758 2182 1079 2254 μαθέτωσαν
1104 2183 1153 2235 oi
1176 2180 1460 2245 δοκοῦντες
1492 2177 1632 2235 εἶναι
1663 2180 1769 2233 υἱοὶ
1788 2180 1889 2249 τῆς

311 2275 643 2346 Ἐκκλησίας
675 2274 776 2345 τῆς
809 2273 1126 2344 καθολικῆς,
1157 2276 1252 2328 καὶ
1285 2273 1361 2345 μὴ
1384 2272 1474 2326 τὸν
1504 2273 1631 2326 Υἱδν
1656 2273 1764 2325 ἀπὸ
1789 2271 1889 2341 τῆς

294 2366 391 2419 τοῦ
426 2365 640 2436 Πατρδς
669 2365 924 2436 θεότητος
947 2366 1205 2435 χωρίζειν
1230 2365 1610 2435 τολμάτωσαν,
1648 2363 1767 2427 πῶς
1789 2364 1890 2416 οὐκ

300 2457 609 2527 ἀπηξίωσεν
626 2456 736 2527 (98)
778 2456 1059 2526 Ὠριγένης
1096 2456 1272 2508 εἰπεῖν
1300 2456 1381 2508 ὅτι
1406 2456 1502 2526 οὐχ
1530 2456 1630 2525 ὁρᾷ
1660 2454 1751 2506 τὸν
1776 2454 1888 2505 Πα-

308 2547 433 2618 τέρα
462 2550 490 2600 6
515 2547 662 2610 Υἱός.
712 2545 875 2600 Ἀλλά
910 2562 1065 2616 φησιο
1104 2563 1122 2596 ι
1164 2546 1251 2608 Ὠς
1287 2545 1347 2597 οὐ
1378 2545 1600 2598 δύναται
1627 2545 1760 2615 ὁρᾷν
1795 2543 1886 2595 τὸν

302 2638 521 2707 Πατέρα
543 2638 571 2689 6
592 2635 741 2700 Υἱὸς,
771 2637 867 2689 καὶ
894 2636 954 2688 τὸ
984 2634 1140 2703 ἅγιον
1170 2634 1396 2704 Πνεῦμα
1424 2634 1484 2685 οὐ
1514 2634 1735 2687 δύναται
1761 2633 1886 2686 ίδεῖν

298 2728 393 2782 τὸν
427 2729 574 2781 Υίόν.
590 2746 608 2779 ι
639 2728 748 2779 Καὶ
765 2728 941 2780 πάλιν⁸
973 2745 991 2779 ι
1010 2728 1072 2779 Οἱ
1092 2726 1311 2794 ἄγγελοι
1329 2725 1386 2779 οὑ
1404 2724 1657 2778 δύνανται
1679 2724 1808 2777 ἰδεῖν
1827 2724 1886 2777 τὺ

301 2820 456 2886 ἆγιον
491 2816 737 2887 Πνεῦμα,
792 2817 888 2869 καὶ
932 2817 982 2868 οί
1020 2816 1299 2887 ἄνθρωποι
1344 2817 1403 2867 οὐ
1450 2813 1705 2867 δύνανται
1757 2815 1886 2867 ίδείν

300 2907 424 2968 τοὺς
448 2904 734 2973 ἀγγέλους.
750 2923 768 2955 ι
794 2905 903 2957 Καὶ
931 2905 1324 2972 ὲιραντασίασεν
1340 2903 1553 2965 ἑαυτὸν,
1574 2902 1772 2973 μᾶλλον
1791 2904 1884 2956 καὶ

299 2996 392 3059 οὓς
434 2995 737 3066 ἠπάτησεν,
787 2996 901 3048 ἀλλ’
932 2996 992 3048 ού
1029 2995 1119 3048 τὸν
1163 2996 1382 3048 συνετὸν
1422 2996 1517 3048 καὶ
1564 2994 1754 3047 πιστὸν
1791 2996 1885 3048 καὶ

1990 1823 2342 1871 sacrosancta
2370 1816 2539 1870 sensit
2576 1814 2839 1870 Ecclesia.
2868 1814 3054 1885 Neque
3086 1831 3216 1870 vero
3257 1818 3311 1869 in
3349 1817 3443 1871 illo
3470 1818 3566 1886 ju-

1988 1909 2116 1963 dicii
2151 1908 2238 1962 die
2278 1909 2436 1962 nobis
2474 1909 2738 1976 Origenes
2778 1910 2973 1962 aderit.
3009 1908 3122 1962 Iloc
3164 1910 3307 1962 enim
3351 1925 3567 1980 magno-

1989 2015 2120 2070 pere
2160 1998 2430 2061 demiror,
2478 2000 2624 2067 quod
2668 2000 2915 2053 nonnulli
2953 2001 3226 2053 hominem
3272 2001 3436 2054 istum
3470 2003 3563 2070 qui

1990 2089 2043 2143 in
2092 2088 2380 2142 Dominum
2441 2103 2604 2142 suum
2647 2090 3082 2143 contumeliosus
3134 2097 3240 2153 est,
3287 2091 3566 2145 sustinere

1989 2180 2226 2250 possint.
2263 2178 2493 2250 Legant,
2542 2180 2587 2235 si
2619 2180 2790 2243 Iubet,
2831 2179 3083 2249 Origenis
3120 2179 3315 2233 librum
3357 2182 3449 2249 qui
3488 2180 3565 2233 De

1987 2272 2260 2339 principiis
2323 2271 2621 2341 inscriptus
2677 2280 2784 2335 est,
2842 2279 3007 2340 atque
3056 2271 3180 2325 inde
3242 2286 3434 2340 sapere
3480 2272 3564 2325 di-

1988 2372 2170 2425 scant,
2212 2362 2307 2433 qui
2342 2361 2597 2416 Ecclesim
2632 2361 2916 2415 catholicae
2957 2362 3052 2414 ﬁlii
3101 2376 3227 2415 esse
3266 2360 3559 2423 videntur;

1987 2467 2089 2506 nec
2119 2453 2377 2521 deinceps
2420 2450 2613 2504 Filium
2672 2463 2703 2503 ιι
2754 2449 2932 2504 Patris
2977 2451 3265 2504 divinitate
3309 2466 3563 2520 separare

1988 2545 2243 2598 audeant.
2292 2544 2538 2606 Discant,
2573 2543 2817 2613 inquam,
2861 2542 3319 2612 quemadmodum
3368 2542 3564 2613 Origeo

1987 2652 2085 2691 nes
2126 2651 2235 2690 non
2279 2636 2547 2690 dubitarit
2574 2652 2824 2690 asserere
2857 2635 3053 2690 Filium
3086 2638 3311 2691 minime
3342 2636 3561 2692 Patrem

1986 2725 2207 2781 intueri.
2248 2726 2339 2780 Sic
2382 2727 2525 2783 enim
2558 2728 2801 2797 loquitur
2833 2747 2846 2783 :
2887 2728 3111 2782 Perinde
3151 2744 3214 2782 ac
3249 2728 3422 2783 Filius
3456 2728 3564 2782 Pa-

1988 2827 2115 2871 trem
2152 2816 2320 2871 ridere
2361 2834 2462 2871 non
2495 2828 2682 2883 potest,
2716 2820 2791 2871 ita
2833 2817 3062 2886 Spiritus
3114 2827 3325 2872 sanctus
3361 2818 3563 2873 Filium

1987 2906 2158 2960 videre
2186 2909 2380 2977 nequit.
2412 2910 2491 2960 Ac
2525 2923 2721 2962 rursus
2756 2908 2981 2977 :Angeli
3021 2906 3282 2965 Spiritum
3322 2918 3564 2962 sanctum

1988 2996 2159 3051 videre
2201 3007 2475 3067 nequeunt,
2531 3008 2586 3050 ut
2625 3009 2674 3052 et
2718 2998 2949 3052 homines
2998 2999 3210 3067 angelos
3244 2998 3415 3053 videre
3459 3017 3564 3055 non

303 3085 629 3138 πιστεύοντα
662 3087 729 3156 τῇ
765 3084 992 3156 ἀληθείᾳ
1016 3087 1111 3137 καὶ
1146 3087 1213 3155 τῇ
1248 3086 1590 3156 πνευματικῇ
1631 3083 1883 3137 διδασκα-

1989 3094 2225 3151 possunt.
2287 3082 2364 3136 Ita
2393 3084 2499 3137 sibi
2537 3084 2640 3152 ipsi
2668 3085 2885 3154 quidem
2913 3085 3051 3138 etiis
3070 3100 3207 3153 quos
3239 3084 3291 3137 in
3320 3100 3563 3139 errorem

300 3175 410 3247 λίᾳ.
453 3176 667 3229 Παῦσαι
688 3175 891 3240 τοίνυν,
940 3175 1233 3246 Ὠρίγενες,
1263 3176 1356 3228 καὶ
1396 3173 1757 3239 παύσασθε,οί
1789 3174 1884 3227 τοῦ

317 3268 626 3338 Ὠριγένους
665 3266 925 3339 μαθηταί.
966 3266 1318 3337 Ἀληθεύουσι
1360 3266 1470 3338 γὰρ
1502 3267 1552 3319 οἱ
1601 3266 1886 3320 ἀπόστολοι

302 3361 400 3414 καὶ
421 3362 469 3413 ot
498 3360 798 3430 προφῆται,
830 3360 975 3431 ἥπερ
1001 3359 1158 3429 ὑμεῖς
1181 3359 1276 3412 καὶ
1303 3360 1331 3410 6
1363 3357 1517 3429 ὑμῶν
1545 3357 1882 3421 διδάσκαλος.

304 3449 715 3504 Παυσάσθωσαν
743 3452 801 3523 oi,
821 3450 1141 3516 Γνωστικοὶ,
1182 3451 1619 3519 καταγνωστικοὶ
1656 3448 1713 3503 δὲ
1732 3451 1887 3514 ὄντες

301 3541 395 3594 τὸν
427 3541 649 3613 τρόπον.
703 3542 814 3595 Καὶ
866 3540 1268 3595 παυσάσθωσαν
1315 3540 1747 3594 Οὑαλεντινιανοὶ
1793 3542 1887 3594 καὶ

303 3633 600 3701 Μανιχαῖοι
629 3632 724 3684 καὶ
750 3632 1185 3701 Μαρκιωνισταὶ,
1219 3633 1267 3684 oi
1306 3632 1449 3685 κατὰ
1472 3632 1651 3685 πάντα
1682 3632 1889 3684 πεπλα-

303 3722 547 3793 νημένοι.
591 3724 701 3776 Καὶ
740 3722 1141 3776 παυσάσθωσαν
1191 3724 1459 3792 Ἀρειανοὶ
1488 3723 1579 3776 καὶ
1621 3724 1887 3795 Ἀνόμοιοι

304 3814 401 3866 καὶ
431 3812 730 3877 Σαϐέλλιοι,
769 3814 863 3867 καὶ¹
887 3813 1257 3883 Πνευματῖται
1285 3815 1334 3866 οἱ
1368 3816 1463 3867 καὶ
1496 3815 1889 3885 Πνευματομά-

304 3920 412 3973 χοι,
452 3905 544 3957 καὶ
571 3906 878 3975 Διμοιρϊται
915 3906 964 3957 oi
1006 3905 1250 3973 ἀνοήτως
1286 3905 1377 3958 τὸν
1410 3905 1535 3959 νοῦν
1574 3905 1888 3977 παρεκϐἀλ-

303 3995 509 4058 λοντες.
543 3996 727 4050 Πάντα
751 3996 861 4068 γὰρ
886 3996 1190 4067 ἀληθεύειή
1218 3996 1342 4050 θεία
1370 3998 1583 4068 Γραφήο
1620 3999 1888 4061 συνέσεως

304 4084 360 4137 δὲ
383 4084 544 4156 χρεία
569 4087 687 4139 ἐστὶ
706 4085 799 4140 τοῦ
827 4088 1024 4141 εἰδέναι
1044 4088 1136 4140 τὸν
1157 4087 1603 4151 Θεὸν,πιστεύειν
1624 4088 1769 4160 αύτῷ
1795 4091 1889 4143 καὶ

303 4174 417 4235 τοῖς
445 4173 610 4226 αὐτοῦ
646 4174 843 4244 λόγοις,
873 4178 969 4230 καὶ
992 4176 1061 4230 τὰ
1085 4176 1192 4228 ὑπὸ
1222 4176 1314 4229 τοῦ
1349 4177 1483 4229 Θεοῦ
1520 4177 1891 4248 κεχαρισμένα

304 4260 399 4314 καὶ
424 4261 685 4332 δεδομένα
716 4267 807 4319 καὶ
832 4266 1086 4335 ἐσόμενα,
1116 4268 1211 4319 καὶ
1240 4268 1439 4321 εἰδέναι
1466 4268 1610 4323 κατὰ
1636 4270 1735 4337 τὴν
1760 4267 1891 4321 ὑπό.

305 4366 490 4420 σχεσιν
516 4352 617 4424 τὴν
646 4355 754 4407 τῶν
778 4355 987 4428 νεκρῶν
1011 4356 1308 4410 ἀνάστασιν
1337 4359 1448 4428 (99)
1479 4361 1537 4412 ὲν
1562 4359 1882 4429 τελειότητι.

264 4520 267 4521 ν
304 4415 464 4496 [idea
501 4415 610 4514 γὰρ
652 4415 1197 4517 αἴρεσιξψεύδεται,
1252 4415 1608 4520 μὴὶλαιϐοῦσα
1656 4415 1884 4522 Πνεῦμα
1919 4415 1960 4468 D

302 4531 480 4599 ἅγιον,
510 4534 587 4606 (1)
614 4535 759 4590 κατά
791 4536 892 4607 τὴν
937 4538 1236 4608 παράδοσιν
1268 4540 1378 4593 τῶν
1416 4541 1678 4613 Πατὲρων
1720 4544 1779 4596 ὲν
1815 4546 1882 4615 τῇ

302 4622 436 4693 ἁγίᾳ
465 4623 561 4677 τοῦ
591 4623 725 4678 Θεοῦ
761 4624 1026 4697 καθολικῇ
1070 4627 1387 4700 Ἐκκλησία.

1990 3175 2224 3245 impulit,
2263 3175 2490 3229 illudere
2523 3176 2730 3244 potuit;
2775 3175 3007 3244 sapienti
3035 3190 3163 3229 vero
3194 3190 3255 3228 ac
3284 3175 3427 3229 ﬁdeli
3468 3175 3551 3229 ei-

1986 3283 2093 3338 que
2129 3267 2219 3336 qui
2264 3268 2476 3323 veritati
2520 3284 2585 3321 ac
2635 3267 2867 3337 spiritali
2906 3266 3169 3322 doctrina!
3213 3267 3414 3328 credit.
3454 3281 3563 3322 non

1987 3359 2183 3429 potuit.
2223 3359 2418 3414 Desine
2451 3360 2635 3429 igitur,
2680 3358 2940 3429 Origenes
2970 3369 3024 3414 et
3052 3375 3149 3414 vos
3197 3358 3448 3429 Origenis
3482 3359 3566 3413 di-

1987 3449 2185 3518 scipuli
2217 3466 2229 3502 :
2266 3450 2511 3504 veriores
2557 3449 2755 3518 quippe
2807 3449 2962 3503 vobis
3012 3450 3270 3504 omnibus
3311 3464 3374 3502 ac
3426 3465 3566 3519 pra:-

1986 3548 2208 3611 ceptore
2242 3548 2426 3595 vestro
2464 3542 2695 3609 apostoli
2729 3550 2859 3595 sunt
2892 3550 2945 3595 et
2975 3542 3273 3611 prephetze.
3307 3540 3568 3596 Desinant

1986 3644 2148 3701 porro
2177 3631 2445 3695 GnOstici,
2480 3633 2570 3702 qui
2607 3635 2851 3687 moribus
2878 3649 2936 3689 se
2978 3635 3095 3690 suis
3131 3637 3562 3705 calagnosticos,

1990 3721 2091 3774 hoc
2114 3728 2198 3776 est
2228 3720 2651 3774 condemnandos
2689 3723 2951 3791 praebent.
2984 3722 3283 3779 Facessant
3315 3723 3568 3780 Valenti-

1988 3813 2161 3877 niani,
2228 3812 2532 3879 Manichaai,
2589 3813 2977 3880 Marcionistze,
3045 3818 3137 3887 qui
3194 3818 3246 3870 in
3306 3818 3566 3872 omnibus

1987 3903 2199 3972 decepti
2258 3915 2405 3959 sunt.
2456 3902 2717 3960 Desinant
2781 3907 2991 3972 Ariani,
3051 3908 3323 3971 Anomtei,
3377 3907 3567 3962 Sabel-

1988 3992 2140 4059 liani,
2185 3995 2542 4051 Pneumnlitte
2584 4000 2699 4053 sive
2726 3997 3231 4062 Pneumatomachi,
3267 3999 3567 4054 Dimwrita:

1988 4087 2077 4155 qui
2110 4088 2307 4142 stolide
2337 4098 2574 4142 mentem
2614 4089 2887 4157 rejiciunt.
2930 4089 3065 4142 Nam
3111 4089 3398 4159 Scriptura
3438 4091 3565 4143 ubi-

1989 4188 2093 4247 que
2141 4194 2269 4233 vera
2314 4192 2399 4234 est
2449 4194 2512 4233 ac
2561 4188 2732 4234 certa.
2785 4179 3062 4249 Sapientia
3114 4196 3244 4234 vero
3298 4181 3351 4234 in
3375 4180 3566 4249 primis

1989 4280 2127 4333 opus
2156 4272 2240 4320 est
2289 4274 2346 4320 ut
2376 4275 2430 4321 et
2480 4262 2650 4321 Deum
2707 4271 3043 4330 noverimus,
3094 4278 3148 4324 et
3196 4270 3298 4339 ipsi
3335 4270 3565 4339 ejusque

1988 4357 2331 4413 sermonibus
2374 4366 2534 4428 atque
2568 4358 2637 4415 iis
2685 4361 2963 4423 omnibus,
3012 4377 3133 4430 quae
3184 4361 3330 4417 illius
3371 4362 3424 4414 in
3463 4376 3566 4415 nos

1990 4447 2345 4501 henelicentia
2396 4450 2627 4503 contulit
2676 4451 2762 4505 vel
2814 4450 3111 4520 aliquando
3166 4450 3349 4504 futura
3401 4459 3563 4517 sunt,

1991 4538 2151 4593 tidem
2187 4540 2519 4608 habeamus;
2550 4550 2603 4596 et
2639 4551 2698 4596 ut
2727 4543 3023 4613 perfectam
3053 4560 3117 4597 ex
3152 4544 3301 4597 illius
3327 4542 3565 4614 promis-

1992 4632 2145 4686 sione
2176 4641 2520 4687 mortuorum
2554 4636 3015 4689 resurrectionem
3052 4635 3408 4706 intelligentia
3440 4649 3566 4705 per-

302 4712 593 4780 cipiamus.
623 4712 815 4769 Omnis
849 4716 997 4770 enim
1049 4704 1278 4774 haeresis
1308 4719 1540 4775 mendax
1607 4727 1714 4783 est,
1767 4728 1957 4792 utpote
1994 4740 2116 4795 quae
2165 4723 2429 4796 Spiritum
2479 4735 2730 4782 sanctum
2775 4742 2842 4782 ex
2898 4726 3123 4781 Patrum
3172 4704 3469 4782 traditione
3509 4725 3566 4779 in

303 4813 497 4860 saneta
533 4806 623 4860 Dei
649 4815 703 4861 et
736 4809 1008 4865 catholica
1048 4811 1293 4867 Ecclesia
1333 4829 1444 4867 non
1475 4815 1769 4883 acceperit.

370 4896 488 4953 ΞΔ’.
522 4899 635 4952 Καὶ
660 4901 790 4973 περὶ
817 4903 1022 4957 τούτων
1050 4905 1229 4959 αὐτῶν
1267 4905 1425 4971 αὖθις
1457 4907 1620 4962 πάλιν
1648 4908 1881 4979 ἐροῦμεν

412 5055 429 5086 ³
468 5051 527 5108 F.
561 5055 755 5122 οὕτως.
834 5059 854 5089 ²
884 5057 1155 5125 Joan.xx,
1184 5061 1277 5114 Ἦ.
1354 5060 1534 5119 'Gen.
1568 5078 1626 5129 ιι,
1652 5061 1743 5117 25.

374 5166 485 5247 (9S)
517 5166 649 5233 Πῶς
682 5169 1195 5247 concinnamus»;
1226 5173 1516 5247 Origenetn
1548 5172 1876 5247 DeiFiliucn

301 5237 450 5291 Patri
499 5252 609 5291 non
645 5241 931 5307 aequalem,
975 5256 1080 5293 non
1115 5237 1358 5307 eiusdem
1396 5244 1735 5303 substantiae,
1779 5244 1875 5298 sed

304 5308 570 5382 minorem
613 5318 669 5362 et
708 5305 1055 5382 inferiorem;
1105 5305 1207 5382 nec
1251 5314 1505 5382 genitum
1533 5328 1741 5382 revera,
1778 5312 1875 5367 sed

304 5377 599 5436 factumet
643 5377 946 5447 credidisse
987 5388 1040 5432 et
1087 5377 1342 5437 docuisse
1391 5381 1612 5434 tradunt
1659 5381 1873 5447 Patres,

299 5447 393 5569 qui
431 5447 605 5515 ipsius
644 5446 930 5500 audaciam
963 5451 1358 5504 retundendan
1396 5466 1706 5519 suscepere.
1742 5446 1879 5505 Tra-l

342 5524 439 5568 unt
470 5516 637 5569 etiam
671 5532 781 5569 non
816 5525 963 5569 recte
994 5519 1296 5569 credidisse
1331 5521 1398 5569 de
1423 5521 1630 5569 Sniritu
1660 5535 1870 5569 sancto.

342 5524 439 5568 unt
470 5516 637 5591 etiam
656 5532 781 5591 _non
816 5525 963 5591 recte
994 5519 1296 5591 credidisse
1331 5521 1398 5576 de
1423 5516 1631 5591 Spiritu
1660 5535 1871 5591 sancto,

300 5593 488 5661 utpote
522 5586 614 5654 qui
656 5587 837 5661 ipsum
886 5586 938 5640 in
993 5586 1548 5661 ordine,_pot_esta'te,
1589 5586 1877 5661 dignitate,

300 5656 587 5730 majestate
641 5656 1282 5730 tertiumAcon‘stituerit.
1334 5658 1537 5730 Evolve
1594 5656 1884 5730 Epiphanii

298 5722 479 5783 nostri
520 5722 844 5790 Penatium,
881 5727 1092 5800 inspice
1132 5740 1448 5786 memoratae
1479 5722 1748 5788 haereseos
1778 5748 1884 5786 nu-

2058 4906 2245 4963 LXIV.
2293 4908 2401 4965 Sed
2443 4926 2545 4966 nos
2579 4911 2648 4967 de
2698 4910 2785 4967 his
2820 4912 3020 4968 iterum
3063 4913 3295 4969 subinde
3320 4930 3421 4986 pro
3462 4929 3568 4970 no-

1984 5176 2203 5249 mert8.
2234 5175 2510 5249 E_volve_et
2556 5175 2995 5249 Origegzianorum
3033 5188 3228 5249 quaest.
3256 5182 3291 5236 2
3316 5184 3439 5239 libri
3466 5202 3527 5243 ιι.

2054 5244 2168 5309 (99)
2221 5247 2341 5315 Τὴν
2385 5246 2506 5301 τῶν
2541 5246 2775 5315 νεκρῶν
2811 5244 3174 5305 ἀνάστασιν.
3212 5254 3440 5309 Constat
3470 5264 3566 5309 aut

1983 5316 2255 5370 erravisse
2296 5314 2585 5385 Origencm
2626 5318 2771 5371 circa
2814 5329 3152 5376 mortuorum
3198 5327 3565 5379 resurrectio—
3600 5332 3601 5335 “

1983 5399 2107 5462 nem
2132 5426 2144 5445 ,
2173 5395 2264 5462 aut
2293 5386 2459 5462 dubia
2486 5388 2680 5462 saltent
2705 5396 2758 5441 et
2789 5389 2995 5462 incerta
3024 5393 3090 5446 de
3118 5394 3211 5447 illa
3243 5396 3561 5462 protulisse.

1985 5454 2247 5508 Adeunda
2269 5464 2322 5508 et
2348 5457 2435 5508 hic
2455 5458 2643 5509 eadem
2669 5458 2893 5513 haeresis
2921 5460 3010 5520 64,
3039 5478 3193 5515 num.
3222 5454 3308 5517 1'0.
3339 5464 3563 5516 Adeun-

1987 5526 2141 5595 daet
2178 5525 2497 5595 Origeniana
2529 5527 2622 5580 lib.
2658 5542 2717 5591 Il,
2753 5539 2948 5595 quaest.
2984 5530 3035 5584 9.

2065 5593 2139 5665 (ί)
2160 5593 2475 5668 ﬁddiscant
2498 5597 2651 5668 illinc
2678 5613 2741 5651 ex
2768 5593 3069 5668 Epiphanio
3093 5601 3185 5668 qui
3214 5599 3431 5653 Christo
3464 5612 3562 5651 ηας

1992 5664 2115 5744 tuen
2143 5664 2367 5744 dedere,
2403 5665 2565 5731 unde,
2601 5682 2665 5720 ex
2693 5664 2993 5736 quo—fonte,
3022 5664 3307 5739 religionis
3334 5671 3562 5742 dogma-

1992 5741 2048 5788 ta
2078 5741 2329 5802 accipcre
2357 5750 2459 5791 nos
2495 5745 2762 5803 oporteat.
