4018 6210
461 277 554 336 131

1904 271 1961 327 S.
2004 271 2340 329 EPIPHANII

3605 274 3704 332 132

459 410 572 456 stra
606 398 873 455 tenuitate
894 397 1319 470 disputabimus,
1350 409 1413 449 ac
1439 410 1563 449 cum
1599 393 1758 448 nobis
1792 393 1925 447 illud
1957 394 2024 450 sit

2133 394 2276 450 κατὰ
2308 396 2369 449 τὸ
2398 394 2665 467 ἡμέτερον
2704 358 2946 459 ἀσθενὲς.
2983 394 3133 462 ,’Δλλ’
3168 395 3232 447 ἐκ
3263 388 3398 446 θεοῦ
3437 388 3700 456 καταξιω-

459 504 491 543 a
523 487 632 543 Deo
656 489 948 553 tributum,
980 496 1037 541 ut
1066 489 1120 542 in
1157 495 1361 542 sant-tie
1387 493 1442 539 et
1473 486 1756 539 catholicae
1798 485 1891 539 Dei
1923 484 2026 538 Ec-

457 577 643 633 clesia:
678 578 875 647 abjeeti
910 578 1036 632 licet
1076 586 1238 646 atque
1268 577 1504 631 humiles
1545 576 1800 630 firmitate
1841 576 2028 629 consi-

459 674 754 729 steremus,
785 667 892 738 67
927 667 1242 737 singillatim
1292 666 1360 720 iis
1411 666 1594 719 omnia
1638 678 2022 734 proponemus,

462 759 555 826 qui
589 757 783 811 salutis
811 773 923 811 suae
951 772 1139 811 curam
1177 772 1467 826 capessere
1495 755 1784 809 voluerint.
1820 753 1884 807 Et
1906 754 2027 823 qui-

460 849 580 899 dem
615 849 859 903 sutiicere
900 848 988 901 illa
1031 856 1301 918 p0terant,
1341 860 1462 915 qua:
1495 844 1562 899 de
1589 844 1772 905 Patre,
1808 843 1945 899 Filio
1972 854 2027 899 et

461 934 663 1005 Spiritu
722 945 914 991 sancto
962 937 1246 1004 hucusque
1293 934 1673 989 disseruimus.
1709 931 1814 986 Sed
1851 940 1906 985 ut
1934 947 2026 986 ea-

456 1025 579 1077 dem
619 1025 711 1077 illa
742 1025 807 1079 ad
841 1025 1147 1078 uberiorem
1193 1023 1429 1076 ﬁdelium
1466 1023 1772 1075 cautionem
1800 1028 1853 1074 et
1878 1021 2026 1075 salu-

457 1123 565 1171 tem
601 1116 1110 1184 institutionemque
1161 1114 1443 1168 declarare
1484 1113 1823 1174 Studeamus,
1857 1111 2025 1163 colle-

458 1208 569 1263 etis
615 1206 856 1276 undique
892 1205 1192 1276 Scriptura:
1222 1203 1572 1269 testimoniis,
1604 1218 1713 1272 quo
1752 1203 2019 1264 ﬁdelibus,

455 1299 534 1354 uti
586 1298 732 1362 dixi,
791 1297 1086 1352 lectoribus
1143 1296 1467 1350 instructius
1526 1294 1691 1349 veluti
1746 1293 2021 1362 quoddam

456 1390 767 1445 convivium
801 1388 1238 1457 hilaritatemque
1269 1387 1627 1456 przebeamus,
1680 1385 1878 1439 iterum
1922 1384 2025 1438 hoc

455 1483 578 1538 loco
635 1482 833 1536 docere
888 1496 994 1534 nou
1032 1480 1401 1550 gravabimur,
1465 1493 1629 1547 quam
1687 1477 1904 1532 stabilis
1960 1490 2025 1529 ac

454 1583 607 1628 certa
645 1588 769 1642 spes
809 1580 997 1626 nostra
1044 1572 1117 1625 sit
1161 1585 1324 1640 quam
1357 1571 1412 1623 in
1463 1569 1572 1629 Deo
1615 1569 2022 1624 constituimus.

455 1663 725 1718 Nimirum
752 1663 886 1718 nihil
922 1663 976 1716 in
1007 1662 1191 1728 Patre,
1222 1660 1360 1715 Filio
1392 1676 1455 1714 ac
1486 1661 1693 1732 Spiritu
1723 1667 1916 1716 sancto
1941 1658 2025 1712 di-

2131 486 2314 550 θέντες
2334 486 2434 556 τῆς
2463 486 2626 554 ἁγίας
2651 485 2745 539 τοῦ
2771 485 2905 539 Θεοῦ
2941 486 3233 554 καθολικῆς
3276 482 3623 552 Ἐκκλησίας,
3647 487 3703 539 οι

2126 577 2396 646 ἐλάχιστοι
2424 576 2517 630 καὶ
2538 576 2786 630 ταπεινοὶ
2808 574 2951 645 ἔχειν
2971 574 3066 627 καὶ
3091 574 3292 643 ταύτης
3315 572 3376 625 τὸ
3395 572 3699 642 ἐδραίωμα,

2126 670 2268 720 κατὰ
2282 667 2342 720 τὸ
2356 668 2578 720 δυνατὸν
2598 667 2696 737 τῆς
2716 665 2874 737 ἡμῶν
2902 665 3261 737 βραχύτητος,
3291 662 3702 733 παρατιθέμεθα

2125 756 2235 809 ἀπὸ
2275 757 2475 829 μέρους
2508 757 2636 827 περὶ
2665 757 2880 810 πάντων
2912 758 3025 818 τοῖς
3057 742 3398 825 βουλομένοις
3434 753 3533 822 τῆς
3574 752 3701 804 ἐαυ-

2124 846 2233 898 τῶν
2257 836 2410 916 ⁸ζωῆς
2452 846 2855 916 ἐπιμελεῖσθαι.
2907 847 3018 898 Καὶ
3047 846 3204 916 ἤρκει
3252 844 3348 914 μὲν
3401 843 3599 905 ἱκανῶς
3629 843 3702 895 τὰ

2127 940 2255 1010 περί
2300 939 2512 1011 [ἰατρὸς
2550 940 2645 991 καὶ
2678 938 2809 991 Υίοῦ
2839 939 2932 991 καὶ
2956 938 3111 1005 ἁγίου
3142 937 3453 1006 Πνεύματος
3478 934 3703 1007 εἰρημέ-

2126 1046 2211 1082 ναι
2240 1030 2326 1082 ἵνα
2341 1029 2398 1081 δὲ
2419 1029 2802 1101 περισσότερον
2824 1030 2906 1092 εἰς
2934 1028 3230 1099 εὐφραξίαν
3255 1030 3274 1058 ⁸
3294 1028 3387 1080 καὶ
3410 1025 3701 1097 περιποίη-

2127 1138 2210 1174 σιν
2254 1120 2349 1174 καὶ
2395 1122 2764 1191 πληροφορίαν
2807 1121 2913 1174 τῶν
2960 1121 3165 1174 πιστῶν
3205 1120 3497 1190 σαφηνίσαι
3534 1135 3701 1171 σπου-

2124 1211 2393 1281 δάσωμεν,
2448 1210 2782 1280 πανταχόθεν
2814 1210 3134 1278 συνάγοντες
3165 1210 3263 1279 τῆς
3300 1209 3449 1270 θείας
3479 1209 3701 1279 Γραφῖκ

2124 1302 2223 1365 τὰς
2260 1301 2562 1373 μαρτυρίας
2609 1305 2689 1365 εἰς
2733 1303 2931 1367 πλάτος
2976 1301 3209 1370 εὐωχίας
3251 1302 3344 1354 καὶ
3384 1300 3699 1368 ἀγαλλίασιν

2125 1394 2236 1454 τοῖς
2284 1391 2666 1460 ἐντυγχάνουσι
2713 1394 2940 1455 πιστοῖς,
3003 1390 3164 1444 πάλιν
3210 1390 3309 1442 οὐκ
3365 1390 3702 1458 ὀκνήσαιμεν

2127 1482 2420 1547 ὑποδεῖξαι,
2454 1483 2529 1542 ὼς
2560 1482 2777 1552 ἀσφαλῆ
2816 1484 2909 1534 καὶ
2945 1480 3165 1551 βεϐαίαν
3207 1481 3263 1531 ἐν
3301 1478 3419 1548 Θεῷ
3439 1478 3537 1548 τὴν
3560 1481 3700 1547 ἡμε-

2126 1572 2286 1643 τέραν
2333 1572 2543 1637 ἐλπίδα,
2590 1574 2672 1626 ὅτι
2713 1573 2864 1625 οὐδὲν
2899 1571 3277 1643 παρήλλακται
3312 1572 3368 1623 ὲν
3400 1572 3574 1639 Πατρὶ
3607 1570 3701 1621 καὶ

2127 1662 2242 1734 Υἱῷ
2272 1664 2363 1716 καὶ
2397 1663 2535 1733 ἁγίῳ
2572 1663 2871 1734 Πνεύματι,
2901 1662 3016 1716 ἀλλ’
3049 1662 3362 1732 όμόστοιχος
3391 1661 3483 1713 καὶ
3508 1657 3703 1728 ὁμοούσ-

452 1770 672 1811 versum
700 1768 764 1807 ac
797 1754 1122 1822 discrepans
1151 1769 1297 1815 esse,
1333 1752 1426 1806 sed
1453 1751 1704 1805 eumdem
1734 1764 1856 1804 esse
1893 1762 2021 1802 san-

2127 1754 2237 1818 σιός
2281 1755 2426 1807 ἐστιν
2468 1756 2500 1824 ἡ
2554 1754 2686 1822 ἁγία
2732 1755 2921 1825 Τριάς.
2963 1754 3076 1806 Οὐκ
3106 1750 3398 1821 ἀλλαχόθεν
3426 1749 3484 1802 δέ
3514 1748 3701 1810 ποθεν,

463 1853 566 1901 ctze
593 1844 878 1900 Trinitatis
900 1844 1149 1899 ordinem
1177 1859 1240 1897 ac
1271 1842 1659 1897 substantiam.
1684 1837 1869 1909 Neque
1894 1853 2024 1893 vero

449 1934 673 1990 aliunde
717 1941 809 1987 aut
842 1950 907 1988 es
945 1934 1157 2004 privato
1207 1947 1375 1987 sensu
1409 1930 1604 1985 docere
1639 1928 1787 1984 istud
1834 1942 2025 1998 aggre-

448 2023 655 2088 dimur,
691 2024 787 2079 sed
835 2039 899 2078 ex
939 2023 1051 2076 vita
1095 2028 1312 2083 nostra,
1345 2020 1731 2090 prophetarum
1776 2017 2028 2073 videlicet

449 2116 714 2179 oraculis,
741 2123 904 2184 atque
943 2124 1010 2166 ex
1043 2111 1217 2165 nostri
1260 2109 1560 2164 Salvatoris
1589 2108 1827 2162 adventu
1863 2106 2025 2163 simul

450 2214 619 2275 atque
649 2203 909 2258 bonitate.
951 2199 1113 2255 Venit
1140 2200 1339 2269 quippe
1360 2201 1467 2252 vita
1498 2208 1708 2260 nostra,
1753 2197 1920 2260 venit,
1956 2212 2023 2251 ac

453 2297 616 2350 nobis
662 2296 857 2348 iterum
890 2307 1030 2361 quos
1065 2282 1315 2345 errantes
1356 2304 1653 2358 rcpererat,
1686 2290 1883 2343 illuxit.
1921 2287 2019 2341 Et-

449 2388 594 2444 enim
623 2399 814 2440 omnes
847 2384 903 2438 in
939 2381 1213 2452 superbia,
1246 2396 1311 2435 ac
1345 2379 1722 2450 blasphemiis,
1756 2392 1809 2433 et
1841 2379 2022 2432 idolo-

453 2495 572 2533 rum
619 2476 953 2538 simulacris,
997 2489 1060 2527 ac
1093 2473 1401 2527 daemonum
1438 2470 1730 2525 contrariis
1762 2469 1870 2524 Deo
1909 2469 2026 2523 etil-

452 2570 621 2629 tibus.
661 2568 874 2631 ritibus,
919 2580 983 2619 ac
1016 2564 1281 2619 malorum
1314 2563 1548 2633 denique
1582 2561 1823 2614 omnium
1854 2560 2026 2614 servi-

450 2668 568 2715 tute
597 2658 822 2711 volutati
851 2654 1194 2724 tlemersique
1229 2653 1568 2723 jacebamus.
1606 2649 1816 2716 Quibus
1848 2650 2027 2702 omni-

451 2752 557 2808 bus
595 2764 719 2804 cum
771 2756 966 2819 praeter
1018 2746 1351 2800 voluntatem
1409 2742 1653 2812 impliciti
1709 2751 2019 2795 teneremur

453 2844 589 2911 (non
628 2840 774 2893 enim
817 2840 963 2908 quod
992 2836 1204 2903 vellem,
1240 2833 1539 2898 faciebam;
1572 2832 1665 2887 sed
1701 2832 1845 2900 quod
1894 2831 2026 2886 ode-

450 2946 568 2988 ram
609 2931 675 2986 ad
709 2927 1017 2984 faciendum
1072 2925 1306 2996 urgebar
1330 2925 1371 2987 ί,
1398 2938 1521 2978 cum
1554 2922 1642 2976 hic
1681 2920 1813 2975 mihi
1851 2928 2028 2974 status

2122 1845 2242 1899 οὐδὲ
2270 1846 2379 1900 ἀπὺ
2414 1845 2559 1898 ἰδίων
2588 1846 2964 1916 διανοημάτων
2994 1843 3295 1913 ποιούμεθα
3319 1842 3417 1912 τὴν
3447 1840 3703 1894 διδασκα-

2123 1935 2242 1990 λίαν
2268 1976 2282 1998 ,
2327 1935 2441 1989 ἀλλ’
2486 1934 2593 1988 ἀπὸ
2638 1936 2737 2006 τῆς
2786 1935 3060 2006 ἡμετέρας
3099 1932 3276 2002 ζωῆς,
3325 1933 3601 1984 τουτέστιν
3636 1934 3702 1983 ἐκ

2124 2024 2440 2097 προφητῶν,
2467 2025 2680 2095 καὶτῆς
2707 2023 2799 2078 τοῦ
2826 2024 3075 2094 Σωτῆρος
3099 2022 3254 2092 ήμῶν
3288 2021 3587 2092 παρουσίας
3608 2020 3701 2072 καὶ

2124 2115 2226 2186 τῆς
2269 2114 2431 2168 αὐτοῦ
2474 2114 2898 2184 φιλανθρωπίας.
2942 2108 3111 2165 Ἦλθε
3154 2106 3488 2188 γὰρηῆλθεν
3518 2113 3551 2180 ἡ
3584 2110 3701 2180 ζωὴ

2134 2205 2314 2277 ἡμῶν,
2343 2207 2437 2257 καὶ¹
2464 2204 2525 2257 τὸ
2550 2203 2665 2274 φῶς
2704 2199 2858 2266 αὖθις
2884 2204 3014 2273 ἡμῖν
3052 2200 3325 2265 ἐπέδειξεν
3352 2199 3703 2271 εὑρὼνὴμᾶς

2127 2295 2599 2365 πεπλανημένους.
2623 2290 2802 2365 τΗμεν
2831 2294 2959 2364 γὰρ,
2983 2289 3125 2364 ἦμεν
3153 2293 3211 2346 ὲν
3241 2290 3587 2362 ὑπερηφανίᾳ
3609 2292 3704 2343 καὶ

2136 2385 2529 2455 βλασφημίαις,
2553 2384 2782 2436 εἰδώλων
2802 2381 3114 2454 ὁμοιώσεσι,
3131 2382 3453 2452 πνευμάτων
3473 2379 3702 2445 ἀθεῖαις,

2124 2474 2309 2529 κακῶν
2360 2474 2577 2527 πάντων
2631 2476 2918 2542 ἐπιταγαῖς
2982 2471 3427 2543 βεϐαπτισμένοι.
3486 2468 3703 2522 Τούτων

2125 2567 2305 2621 τοίνυν
2348 2566 2654 2639 προσόντων
2692 2568 2823 2637 ἡμῖν
2849 2564 3111 2626 ἀκουσίως
3174 2564 3271 2632 (οὐ
3306 2562 3415 2633 γὰρ
3444 2561 3472 2613 ὃ
3504 2559 3697 2632 ἤθελον

2123 2656 2408 2727 ἔπραττον,
2434 2656 2548 2709 ἀλλ’
2576 2655 2606 2709 ὃ
2629 2655 2850 2726 ἐμίσουν
2874 2653 3182 2725 ἠπειγόμην
3199 2655 3393 2716 ποιεῖν,
3422 2650 3701 2721 ἁμαρτίας

2125 2743 2479 2815 διακονούσης
2510 2762 2599 2815 μοι
2621 2743 2838 2810 οὕτως),
2866 2743 2895 2794 ὁ
2930 2743 3083 2811 ἅγιος
3116 2743 3305 2814 Πατὴρ
3331 2741 3426 2796 τὸν
3459 2741 3584 2795 Υίὸν
3608 2741 3704 2793 add

2125 2830 2221 2886 τοῦ
2250 2832 2342 2885 τὸν
2365 2831 2519 2901 ἆγιον
2549 2831 2855 2897 ἀπέστειλε,
2885 2832 2978 2884 καί
3003 2832 3059 2884 ἐν
3084 2830 3162 2901 τῷ
3182 2830 3344 2885 αὑτοῦ
3368 2831 3507 2885 ἐλέει
3529 2829 3704 2883 ἔσωσέ
3801 2884 3806 2888 .

2134 2940 2222 2994 με,
2255 2923 2350 2976 καὶ
2379 2926 2445 2977 ἐκ
2476 2925 2660 2989 πασῶν
2694 2924 2802 2976 τῶν
2828 2922 3136 2994 διαφθορῶν
3173 2940 3275 2994 μου
3309 2923 3577 2995 ἐρρύσατό
3611 2937 3702 2992 με.

451 3037 482 3076 a
514 3028 735 3092 peccato
764 3013 1313 3082 subministraretur),
1340 3018 1566 3066 sanctus
1612 3007 1775 3063 Pater
1831 3014 2081 3063 sanctum
2114 3008 2311 3064 Filium
2344 3026 2504 3066 suum
2529 3012 2807 3082 ‘allogaus,
2840 3012 3001 3081 hujus
3034 3028 3122 3066 me
3182 3012 3555 3068 misericordia
3588 3025 3705 3067 ser-

448 3111 617 3173 vavit,
648 3117 813 3177 atque
844 3120 912 3160 ex
943 3104 1091 3158 omni
1121 3100 1432 3171 corruptela
1472 3112 1592 3152 mea
1627 3112 1712 3151 me
1745 3096 2024 3153 liberavit.

522 3218 682 3276 LXV.
700 3217 958 3288 Apparuit
973 3214 1118 3269 enim
1132 3214 1306 3283 gratia
1324 3210 1537 3264 Domini
1550 3209 1718 3262 nostri
1731 3205 1860 3262 Jesu
1877 3205 2024 3262 Chri-

2193 3207 2312 3262 ΞΕ’.
2343 3207 2645 3278 Ἐπεφάνη
2674 3208 2749 3280 (2)
2775 3209 2883 3280 γὰρ
2907 3211 2944 3278 ἠ
2974 3209 3149 3279 χάρις
3170 3210 3275 3265 τοῦ
3295 3213 3516 3281 Κυρίου
3539 3214 3707 3284 ἡμῶν

451 3315 545 3377 sti,
567 3310 808 3366 erudiens
826 3324 918 3360 nos
935 3316 991 3358 ut
1008 3306 1320 3373 abnegantes
1335 3302 1654 3370 impietatem
1669 3309 1719 3354 et
1738 3299 2025 3354 saacularia

451 3401 731 3463 desideria,
765 3397 953 3460 sobrie,
987 3396 1067 3463 pie
1094 3403 1142 3447 et
1165 3393 1313 3462 juste
1340 3392 1568 3445 vivamus
1590 3390 1645 3444 in
1678 3389 1773 3443 hoc
1803 3388 2018 3453 saeculo,

450 3498 805 3561 exspectantes
830 3487 1037 3541 beatam
1077 3500 1220 3554 spem
1249 3491 1299 3537 et
1330 3483 1608 3535 adventum
1638 3481 1823 3550 glorim
1846 3481 2023 3550 magni

454 3583 555 3638 Dei
599 3592 646 3634 et
682 3578 976 3634 Saluatoris
1027 3576 1194 3630 nostri
1240 3572 1369 3628 Jesu
1410 3571 1628 3636 Christi,
1683 3574 1772 3643 qui
1802 3573 2025 3627 tradidit

453 3673 683 3739 seipsum
711 3684 805 3737 pro
835 3667 1005 3729 nobis,
1047 3674 1102 3718 ut
1132 3664 1405 3719 redimeret
1435 3680 1529 3717 nos
1562 3661 1628 3716 ab
1653 3664 1798 3717 omni
1828 3663 2025 3734 iniqui-

454 3768 582 3823 tate,
617 3770 665 3813 et
701 3767 950 3828 purgaret
989 3757 1090 3811 sibi
1128 3757 1230 3824 ipsi
1272 3754 1522 3825 populum
1560 3755 1901 3824 peculiarem,
1941 3770 2026 3809 se-

449 3860 704 3905 ctatorem
733 3849 987 3900 bonorum
1035 3860 1251 3913 operum
1274 3845 1315 3909 ',
1345 3842 1513 3897 deleto
1556 3858 1648 3912 per
1673 3842 1885 3897 decreta
1926 3859 2026 3897 sua

449 3938 797 4012 chirographo
822 3937 961 4010 quod
990 3947 1175 3991 contra
1208 3953 1303 3991 nos
1339 3944 1475 3999 erat,
1503 3952 1568 3989 ac
1597 3934 1745 3990 nobis
1778 3935 2027 3989 adversa-

451 4034 610 4088 batur
634 4047 651 4085 :
675 4030 814 4103 quod
839 4045 867 4084 e
892 4028 1059 4082 nu‘dio
1089 4027 1359 4082 sublatum
1382 4026 1546 4096 aﬂixit
1583 4026 1748 4094 cruci,
1777 4042 1841 4079 ac
1869 4026 2023 4095 prin-

447 4130 654 4196 cipatus
705 4132 754 4179 et
806 4132 1086 4192 potestates
1136 4120 1374 4190 spolians
1432 4118 1673 4172 traduxit
1726 4118 2021 4183 audacter,

449 4216 780 4284 triumphans
812 4213 933 4268 illos
962 4214 1014 4266 in
1049 4212 1322 4281 semetipso
1343 4210 1385 4274 ³,
1429 4223 1479 4265 et
1523 4225 1643 4264 cum
1676 4225 1849 4264 teneas
1882 4207 2022 4278 fores

446 4307 797 4365 contrivisset,
833 4320 894 4356 ac
925 4313 1089 4357 vectes
1118 4300 1316 4369 ferreos
1358 4301 1723 4370 confregisset,
1755 4298 1869 4368 68
1900 4290 2049 4352 vita.

447 4395 799 4469 postmodum
832 4392 1017 4446 lumen
1067 4389 1331 4455 ostendit,
1386 4404 1583 4443 manus
1613 4387 1920 4458 porrigens,
1959 4399 2025 4441 ac

449 4490 590 4545 viam
632 4484 904 4545 muniens,
954 4490 1009 4537 et
1038 4479 1104 4534 ad
1137 4481 1338 4534 coalum
1376 4477 1854 4534 conscendendum
1902 4492 2026 4532 sca-

2132 3298 2229 3353 καὶ
2255 3299 2550 3368 Σωτῆρος,
2581 3298 2959 3354 διδάσκουσα
2978 3301 3136 3370 ἡμᾶς
3171 3303 3274 3357 ἵνα
3303 3302 3704 3374 ἀρνησάμενοι

2131 3387 2245 3458 τὴν
2269 3390 2551 3444 ἀσέϐειαν
2570 3390 2791 3456 καὶτὰς
2813 3393 3106 3461 aer-sytde
3119 3393 3453 3464 ἐπιθυμίας,
3476 3398 3705 3466 σωφρόυ

2127 3497 2247 3547 νως
2297 3483 2395 3535 καὶ
2447 3481 2708 3548 εὐσεϐῶς
2760 3482 3028 3552 ζῆσωμεν
3079 3486 3149 3539 ἐν
3199 3487 3278 3551 τῷ
3324 3487 3445 3542 νῦν
3490 3488 3656 3544 αἰῶνι
3687 3523 3702 3554 ,

2129 3571 2601 3642 προσδεχόμενοι
2634 3573 2749 3641 τὴν
2767 3576 3071 3644 μακαρίαν
3104 3577 3323 3631 ἐλπίδα
3359 3579 3457 3633 καί
3492 3580 3704 3650 satyri-

2126 3679 2299 3718 νειαν
2334 3662 2440 3729 τῆς
2475 3662 2660 3731 δόξης
2686 3663 2791 3717 τοῦ
2813 3663 3083 3734 μεγάλου
3117 3667 3266 3720 Θεοῦ
3300 3668 3401 3722 καὶ
3434 3668 3706 3737 Σωτῆρος

2125 3753 2294 3823 ἡμῶν
2356 3754 2564 3821 Ἰησοῦ
2610 3754 2887 3822 Χριστοῦο
2934 3755 3003 3821 ὃς
3046 3755 3271 3810 ἔδωκεν
3308 3757 3527 3812 ἑαυτὸν
3555 3759 3706 3827 ὑπὲρ

2129 3844 2320 3914 ἡμῶν,
2351 3844 2452 3897 ἵνα
2473 3845 2850 3913 λυτρώσηται
2882 3846 3039 3915 ἡμᾶς
3062 3847 3178 3902 ἀπὸ
3209 3847 3413 3916 πάσης
3434 3850 3701 3918 ἀνομίας.

2128 3934 2227 3988 καὶ
2261 3934 2555 4002 καθαρίσῃ
2608 3932 2799 3999 ἑαυτῷ
2853 3934 3009 3990 λαὸν
3055 3938 3401 4004 περιούσιον
3439 3936 3705 4005 ζηλωτὴν

2128 4026 2333 4081 mor
2364 4016 2572 4097 ἔργων,
2605 4026 2935 4095 ἐξαλείψας
2961 4028 3029 4081 τὸ
3058 4031 3187 4083 καθ’
3213 4028 3382 4098 ἡμῶν
3406 4031 3702 4100 χειρόπκι.

2128 4135 2248 4189 ερον
2273 4116 2397 4184 τοῖς
2425 4117 2740 4187 δόγμασιν,
2779 4116 2809 4170 ὃ
2838 4114 2916 4187 ἦν
2948 4120 3313 4172 ὑπεναντίον
3343 4118 3705 4188 ήμῶν,ἄρσς

2127 4208 2199 4262 ἐκ
2226 4206 2444 4277 μέσου.
2482 4209 2579 4262 καὶ
2613 4207 3018 4278 προσηλώσας
3035 4210 3055 4240 ⁷
3112 4209 3192 4274 τῷ
3230 4209 3488 4277 σταυρῷ,
3526 4209 3705 4264 datare-

2127 4298 2471 4367 δυσάμενος
2515 4300 2621 4365 τὰς
2664 4299 2851 4367 ἀρχὰς
2897 4300 2995 4353 καί
3041 4301 3151 4366 τὰς
3179 4300 3467 4366 ἐξουσίας
3486 4341 3502 4364 ,
3559 4317 3705 4369 παρ·-

2127 4387 2537 4457 εδειγμάτισεν
2559 4389 2628 4441 ἐν
2658 4391 2986 4458 παρρησίᾳ,
3010 4392 3405 4460 θριαμϐεύσας
3426 4391 3613 4457 αὐτὰς
3638 4391 3707 4443 ἐν

2128 4479 2312 4545 αὐτῷ,
2333 4481 2532 4546 πύλας
2560 4481 2792 4548 χαλκᾶς
2818 4483 3178 4551 συντρίψας,
3205 4483 3304 4535 καὶ
3323 4481 3595 4550 μοχλοὺς
3616 4495 3705 4535 σι-

449 4575 532 4628 las
575 4571 892 4632 ostendens,
944 4584 1009 4622 ac
1060 4566 1375 4637 paradisum
1426 4566 1665 4636 denique
1713 4580 1909 4620 rursus
1956 4565 2024 4618 ad

2127 4569 2346 4637 δηροῦς
2398 4570 2773 4638 συνθλάσας,
2829 4572 2886 4626 ιδ
2936 4572 3050 4640 φῶς
3105 4566 3261 4633 αὖθις
3305 4571 3550 4637 ὑπέδειξε
3604 4572 3701 4640 τῆς

449 4662 809 4718 habitandum
831 4659 853 4692 ⁸
886 4659 1139 4714 offerens.
1175 4657 1277 4712 Hic
1323 4657 1490 4728 igitur
1527 4654 1797 4710 habitavit
1836 4655 1891 4709 in
1927 4669 2025 4708 no—

449 4755 532 4809 bis
552 4753 595 4817 ',
631 4766 697 4806 ac
730 4749 864 4821 legis
901 4749 1139 4821 Spiritus
1170 4749 1346 4803 sancti
1370 4745 1823 4817 justiticationetn
1857 4745 2018 4802 nobis

446 4854 531 4900 est
567 4843 816 4912 largitus,
859 4848 919 4895 ut
954 4850 1064 4894 tam
1093 4841 1271 4910 ipsum
1307 4853 1471 4909 quam
1505 4852 1630 4909 qua:
1684 4848 1813 4892 sunt
1850 4839 2023 4908 ipsius

448 4934 668 5005 prepria
709 4946 1152 5004 cognoscamus:
1184 4930 1330 5000 quod
1373 4929 1492 4983 vita:
1529 4929 1742 4983 initium
1795 4944 1859 4983 ac
1899 4929 2022 4985 linis

448 5033 552 5083 est.
583 5024 724 5097 Ergo
751 5025 980 5096 iustitia:
1013 5022 1172 5078 nobis
1215 5035 1480 5076 concessa
1519 5021 1605 5076 les
1629 5028 1742 5087 est;
1778 5020 1886 5087 lex,
1932 5021 2022 5076 iu-

523 5252 541 5284 ι
570 5249 727 5307 Rom.
752 5266 850 5313 vn,
892 5248 979 5304 15.
1054 5249 1075 5280 ²
1113 5247 1223 5303 Tit.
1254 5263 1312 5311 ιι,
1355 5246 1544 5313 11-14.

447 5322 591 5376 σίαν.

518 5499 607 5569 (2),
637 5497 846 5569 Ηίθεοι
881 5497 1167 5569 sequentia
1198 5514 1374 5569 usque
1402 5497 1470 5552 ad
1499 5504 1790 5554 exeuntem
1820 5515 2018 5555 nume—

446 5567 583 5624 rum
599 5568 870 5638 '13,habes
896 5575 951 5623 et
978 5569 1047 5638 in;
1061 5567 1297 5623 Panario
1319 5575 1443 5638 post
1456 5583 1754 5638 numerum
1780 5569 2017 5638 primum

445 5638 645 5695 haeres.
672 5637 759 5705 74,
787 5652 909 5711 qua:
922 5636 1672 5703 estPneumatoinachorum,
1692 5636 1807 5695 sive
1820 5638 2017 5711 dogma

1654 5248 1807 5280 ,ΡΛΙ
1864 5266 1900 5280 η
1958 5249 2020 5280 ΙΙ
2085 5251 2150 5280 ll?

682 5266 727 5306 rt.
752 5266 850 5313 vn,
892 5248 979 5304 15.
1054 5249 1075 5280 ²
1113 5248 1223 5303 Tit.
1254 5263 1312 5311 ιι,
1355 5248 1544 5303 11-14.
1654 5248 1674 5280 ³
1712 5248 1829 5304 Col.
1864 5266 1924 5311 ιι,
1958 5249 2024 5305 14

682 5321 703 5348 ⁷
731 5320 792 5376 In
824 5319 1016 5375 haeresi
1041 5317 1112 5374 61
1137 5318 1330 5390 legitur
1355 5312 1526 5389 ἦρκεν
1546 5320 1610 5372 ἐκ
1640 5318 1828 5391 μέσου,
1852 5336 2024 5391 προση

2127 5252 2172 5305 5.
2279 5251 2302 5282 ⁸
2333 5249 2482 5308 Psal.
2522 5267 2630 5318 cvi,
2662 5253 2747 5308 16.
2857 5251 3062 5311 'Joan.
3104 5255 3250 5320 1,”.
3362 5255 3383 5286 ‘

2156 5321 2179 5352 ³
2207 5320 2338 5376 Cor.
2368 5338 2437 5378 ex
2466 5323 2659 5379 haeresi
2690 5324 2757 5378 64
2780 5324 3092 5396 ὑποϐὰθραν
3124 5323 3392 5397 οὐρανῶν.

2136 4660 2301 4732 ζωῆς,
2339 4664 2528 4734 χεῖρας
2583 4663 2813 4733 ὀρέγων,
2848 4661 3103 4715 ὁδοποιῶν
3149 4661 3496 4732 ὑποϐάθρας,
3537 4661 3704 4732 οὐρα-

2128 4751 2254 4804 νὸν⁸
2282 4752 2620 4817 ὑποδεικνὺς,
2653 4753 2977 4824 παράδεισον
3002 4748 3157 4817 αὖθις
3173 4754 3341 4806 οἰκεῖν
3372 4751 3559 4819 ἀξιῶν.
3574 4753 3697 4807 Tol-

2129 4860 2223 4896 νυν
2253 4843 2571 4914 κατῴκησεν
2599 4847 2656 4897 ἐν
2687 4846 2839 4916 ἡμῖν,
2880 4844 2977 4898 καὶ
3011 4844 3071 4896 τὸ
3105 4844 3381 4915 δικαίωμα
3402 4843 3498 4896 τοῦ
3527 4842 3693 4913 νόμου

2127 4934 2250 4996 δοὺς
2288 4936 2418 5005 ἡμῖν
2445 4935 2538 4988 τοῦ
2584 4934 2921 5005 Πνεύματος,
2966 4936 3048 4998 είς
3086 4934 3147 4986 τὸ
3187 4935 3389 5003 γνῶναι
3436 4934 3597 4988 αὑτὸν
3626 4932 3695 4987 τὰ

2127 5026 2257 5096 περὶ
2283 5025 2470 5081 αὐτοῦ’
2503 5028 2532 5081 ὃ
2556 5028 2704 5081 ἐστιν
2732 5026 2877 5098 ἀρχὴ
2910 5027 3005 5081 καὶ
3044 5026 3197 5092 τέλος
3239 5027 3400 5099 ζωῆς·
3435 5026 3597 5099 νόμος
3619 5019 3700 5080 δια

2279 5251 2302 5282 ⁸
2333 5249 2482 5325 Ρειιι.
2522 5267 2630 5318 cvi,
2662 5253 2747 5325 16.
2857 5251 2879 5286 ⁸
2903 5252 3062 5325 Joan.
3104 5255 3250 5320 1,”.
3321 5323 3328 5325 Α
3362 5255 3383 5286 ⁸
3407 5253 3470 5310 F.
3499 5254 3703 5325 εὐφρα-

2125 5500 2505 5586 ἱιηρςιειιιίιιηι
2543 5504 2624 5586 de
2651 5504 2863 5586 Spiritu
2900 5518 3137 5586 sancto._
3165 5506 3241 5562 De
3268 5507 3373 5563 hac
3401 5505 3598 5586 haeresi
3622 5503 3706 5586 vi:

2124 5570 2337 5626 dendus
2376 5588 2489 5643 prae
2531 5570 2746 5630 caeteris
2776 5576 3036 5635 Socrates
3081 5580 3176 5637 lib.
3217 5593 3280 5647 tt,
3320 5580 3501 5649 capite
3528 5574 3621 5643 55.
3650 5578 3706 5630 α

2126 5640 2465 5701 Sozomenus
2494 5644 2589 5701 lib.
2622 5660 2697 5716 IV,
2733 5662 2854 5720 cap.
2886 5649 2975 5706 19.
3089 5694 3095 5699 .
