4018 6210
433 339 538 394 {SK
1796 341 1851 396 S.
1921 340 1999 394 ΕΡ

2097 343 2250 397 lANlI
3561 332 3665 392 13°!

430 451 601 505 luenti
635 449 718 505 sui
753 449 878 518 ﬁde,
911 453 1054 522 quod
1093 468 1121 505 a
1154 454 1269 523 lege
1312 461 1364 506 et
1400 453 1682 522 prophetis
1712 463 1994 508 ostensum

2100 454 2626 526 προεπηγγελμένης
2673 453 2778 506 ὑπὸ
2819 452 2911 506 τοῦ
2941 453 3103 524 νόμον
3152 451 3246 504 καὶ
3294 447 3402 502 τῶν
3450 417 3709 519 προφηοο

427 547 589 594 antea
639 540 855 596 fuerat:
890 541 1005 606 Dei,
1043 543 1262 612 inquam
1286 581 1300 606 ,
1337 538 1504 596 Filius
1540 543 1884 612 praedicatus.
1933 560 1996 596 ac

2100 547 2206 598 τῶν
2227 589 2240 611 ,
2277 545 2401 608 Υἱὸς
2440 546 2575 598 Θεοῦ
2613 546 3022 616 κηρυσσόμενος
3049 583 3064 605 ,
3099 544 3210 605 υἱὸς
3254 541 3416 594 Δαϐὶδ
3440 541 3668 609 λεγόμε-

427 628 652 686 Davidis
679 635 978 702 appellatus
1017 635 1175 694 lilius,
1205 633 1474 704 siquidem
1513 641 1804 704 utrumque
1856 635 1997 692 Deus

2100 652 2187 697 νος
2207 675 2220 697 ,
2249 634 2416 704 ἄμφω
2452 634 2560 704 γὰρ
2591 633 2722 694 Θεὸς
2757 632 2850 685 καὶ
2883 631 3196 700 ἄνθρωπος,
3235 628 3488 697 μεσίτης
3519 622 3669 678 Θεοῦ

426 729 482 775 ct
526 722 708 787 homo,
755 722 852 775 Dei
900 733 950 776 et
988 723 1256 776 hominum
1302 725 1561 777 mediator
1599 723 1737 792 fuit‘
1765 743 1780 790 ;
1811 741 1996 780 verum

2100 727 2198 780 καὶ
2235 721 2568 793 ’ἀνθρώπων
2595 764 2610 788 ,
2663 723 2912 795 ἀληθινὸς
2968 719 3112 784 οἶκος
3166 719 3300 772 Θεοῦ
3326 759 3340 782 ,
3371 719 3668 788 ἱεράτευμα

428 807 524 867 Dei
555 813 911 876 domicilium,
947 816 1316 870 sacerdotium
1365 825 1638 876 sanctum.
1675 818 1848 871 sancti
1885 817 1998 887 Spi-

2101 817 2274 884 ἅγιον,
2307 817 2460 883 ἁγίου
2491 815 2803 885 Πνεῦματος
2831 813 2991 884 δοτὴρ
3025 811 3119 865 τοῦ
3147 808 3542 878 ἀναγεννῶντος
3572 805 3669 860 καὶ

427 905 568 958 ritus
600 906 975 974 regenerantis
1039 921 1102 960 ac
1134 906 1244 960 Deo
1287 907 1643 962 instaurantis
1686 909 1866 963 omnia
1899 911 1999 963 lar-

2099 907 2534 971 ἀνακαινίζοντος
2571 902 2726 967 αὖθις
2755 906 2819 958 τά
2852 905 3026 956 πάντα
3052 902 3127 972 τῷ
3158 901 3275 971 Θεῷ
3299 917 3312 932 ·
3349 901 3430 953 ὅτι
3471 898 3534 950 '0
3559 898 3671 952 Λό-

427 994 603 1064 gitor;
635 1011 758 1050 nam
815 996 1036 1050 Verbum
1064 1014 1186 1050 caro
1217 998 1415 1064 factum
1440 1009 1538 1060 est,
1566 1009 1614 1052 et
1653 998 1906 1052 habitavit
1943 1001 1995 1052 in

2098 1016 2202 1067 γος
2234 999 2276 1028 ¹²
2305 995 2459 1064 σὰρξ
2488 996 2744 1065 ἐγένετο,
2769 994 2865 1048 καὶ
2880 991 3231 1059 ἐσκήνωσεν
3250 991 3317 1044 ἐν
3342 988 3504 1058 ἡμῖν·
3524 986 3672 1041 εῑδοο

426 1085 608 1149 nobis;
655 1097 704 1140 et
756 1087 977 1140 vidimus
1032 1088 1258 1157 gloriam
1305 1090 1417 1158 ejus
1476 1101 1728 1160 tanquam
1771 1093 1998 1161 gloriam

2097 1107 2208 1158 μεν
2243 1090 2284 1120 ⁸³
2336 1089 2452 1156 τὴν
2500 1088 2687 1152 δόξαν
2735 1085 2919 1139 αὑτοῦ
2967 1083 3047 1149 ὡς
3083 1081 3458 1151 Μονογενοῦς
3511 1079 3672 1146 παρὰ

429 1174 694 1246 Unigeniti
722 1196 752 1229 a
779 1177 940 1231 Patre
967 1181 1007 1232 ².
1043 1178 1108 1232 Ut
1144 1183 1285 1233 enim
1323 1181 1505 1249 pluvia
1539 1199 1661 1234 cum
1705 1185 1997 1238 arboribus

2098 1182 2348 1250 Πατρός.
2403 1181 2463 1234 Ὀ
2501 1181 2657 1243 ὑετὸς
2694 1179 2933 1248 δένδρεσι
2968 1176 3061 1228 καὶ
3111 1176 3295 1244 φυτοῖς
3330 1169 3670 1242 συμφυσιού·

421 1269 746 1321 σοαιοειτοιιε
791 1284 854 1322 ac
910 1270 1197 1339 stirpibus.
1248 1287 1448 1340 corpus
1496 1272 1679 1338 ellicit,
1724 1284 1778 1326 et
1813 1288 2000 1325 unum-

422 1372 696 1427 quemque
725 1358 1000 1413 l‘ructuum
1047 1361 1110 1414 ad
1145 1362 1263 1429 ejus
1294 1361 1436 1415 unde
1485 1372 1640 1417 ortus
1674 1373 1778 1428 εει,
1812 1363 2001 1416 simili-

425 1446 672 1502 tudinem
708 1449 994 1518 producit;
1031 1460 1084 1505 et
1116 1453 1168 1505 in
1208 1453 1351 1506 oliva
1380 1453 1598 1522 quidem
1646 1469 1710 1508 ex
1750 1455 1870 1523 ejus
1899 1471 2000 1508 na-

421 1543 546 1592 tura
573 1547 628 1592 et
657 1539 960 1594 substantia
998 1553 1338 1613 assumptum
1407 1543 1605 1615 pingue
1659 1545 1837 1599 oleum
1884 1547 1994 1600 elli-

422 1629 592 1693 citur;
636 1629 689 1683 iu
725 1631 834 1686 vite
865 1633 917 1685 in
966 1634 1284 1688 suavissimi
1341 1635 1448 1688 vini
1484 1636 1802 1706 qualitatem
1852 1637 2000 1690 colu—

421 1731 648 1787 remque
697 1721 928 1785 transit;
979 1721 1033 1774 in
1085 1721 1218 1777 ﬁcus
1259 1723 1455 1777 arbore
1488 1723 1809 1779 dulcissimo
1862 1724 1997 1778 ﬁcus

2103 1290 2260 1342 μενος
2285 1312 2299 1334 ,
2359 1271 2516 1339 σῶμα
2552 1267 2950 1340 ἀπεργάζεται,
2991 1266 3083 1320 καὶ
3115 1265 3222 1318 τῶν
3267 1263 3495 1333 καρπῶν
3545 1259 3672 1314 καθ’

2098 1363 2389 1434 ὁμοιότητα
2418 1363 2646 1415 ἕκαστον
2666 1378 2679 1393 °
2723 1360 2816 1414 καὶ
2849 1361 2904 1412 ἐν
2949 1359 3046 1429 μὲν
3070 1361 3135 1428 τῇ
3161 1356 3312 1427 ἐλαίᾳ
3347 1355 3520 1408 ἔλαιον
3549 1354 3670 1405 πῖον

2098 1456 2305 1526 γίνεται
2331 1454 2764 1526 προσλαϐόμενον
2800 1453 2874 1523 (5)
2905 1451 2964 1516 ἐξ
2991 1451 3159 1521 αὑτῆς
3199 1448 3259 1502 τὸ
3291 1447 3576 1510 οὑσιῶδεςυ
3611 1445 3671 1498 ὲν

2098 1548 2156 1600 δὲ
2187 1546 2414 1616 ἀμπέλῳ
2460 1541 2600 1607 οἶνος
2639 1543 2770 1614 ἡδὺς
2814 1542 3081 1612 χοῒζεται·
3121 1541 3178 1594 ὲν
3209 1539 3266 1592 δὲ
3316 1538 3454 1607 συκῇ
3506 1535 3671 1588 σῦκον

2098 1634 2484 1704 γλυκαίνεται*
2519 1633 2610 1686 καὶ
2641 1633 2854 1702 ἑκάστῳ
2883 1629 3210 1702 σπερμάτων
3244 1625 3382 1699 πρὸς
3423 1623 3485 1676 τὸ
3535 1620 3670 1686 εἶδος

2099 1724 2319 1791 αὔξεται
2346 1723 2508 1776 αὑτοῦ
2536 1763 2550 1784 ,
2587 1725 2681 1777 καὶ
2716 1723 2840 1792 φύει
2873 1719 2936 1776 ¹⁸.
2967 1711 3362 1787 Οῦτως,οἷμαι,
3405 1717 3440 1768 ὁ
3485 1713 3673 1782 Λόγος

421 1822 620 1876 sapore
672 1816 1045 1880 temperatur,
1099 1821 1152 1866 et
1214 1814 1268 1868 in
1330 1815 1573 1884 quolibet
1633 1816 1841 1871 semine
1898 1832 1996 1886 pro

2100 1816 2192 1868 τοῦ
2222 1815 2356 1869 Θεοῦ
2387 1818 2444 1868 ὲν
2473 1814 2659 1886 Μαρίᾳ
2686 1813 2842 1882 σὰρξ
2872 1811 3106 1883 ἐγένετο
3126 1850 3141 1874 ,
3171 1810 3263 1862 καὶ
3307 1809 3363 1860 ἐν
3399 1805 3672 1874 σπέρματι

421 1899 860 1970 uniuscujusque
897 1902 1072 1956 forma
1108 1904 1504 1960 incrementum
1542 1905 1690 1976 capit
1718 1922 1780 1960 ac
1813 1907 1995 1977 pullu-

419 1988 534 2044 lat:
568 1989 644 2043 ita
690 1991 910 2045 Verbum
950 1991 1064 2059 Dei,
1103 1997 1320 2064 opinor,
1351 1997 1403 2050 in
1438 1995 1606 2050 Maria
1641 2014 1767 2051 caro
1796 1998 1997 2066 factum

417 2081 539 2136 est’
589 2101 603 2136 :
645 2090 701 2138 et
742 2084 795 2140 in
834 2084 1129 2139 Abrahami
1181 2087 1352 2156 stirpe
1397 2087 1562 2140 homo
1617 2103 1684 2142 ex
1734 2089 1996 2158 promissi

421 2170 526 2224 [ide
555 2185 807 2242 repertus
829 2184 932 2229 est.
966 2173 1268 2228 Invenimus
1304 2179 1462 2241 enim,
1489 2179 1690 2246 inquit,
1718 2177 1996 2249 Messium,

417 2277 571 2332 quem
609 2265 821 2332 scripsit
857 2263 1088 2334 Moyses.
1122 2265 1266 2320 Idem
1315 2283 1446 2321 vero
1483 2267 1737 2339 Moyses:
1772 2269 1999 2324 Descen-

419 2355 535 2415 dat,
571 2352 768 2422 inquit,
807 2363 863 2405 ut
900 2353 1078 2420 pluvia
1107 2355 1370 2425 eloquium
1418 2373 1610 2424 meum,
1661 2369 1711 2412 et
1747 2369 1998 2430 tanquam

419 2453 584 2514 gutta:
625 2445 891 2499 stillantes
939 2447 994 2498 in
1055 2455 1248 2500 terram
1277 2448 1319 2502 ⁸.
1352 2447 1482 2503 Item
1521 2449 1691 2505 David
1727 2451 1996 2507 :Descen-

418 2539 513 2590 dat
544 2537 682 2591 sicut
710 2553 797 2590 ros
835 2537 889 2589 in
929 2536 1092 2591 vellus
1116 2539 1160 2594 ⁵.
1199 2539 1345 2592 Lana
1373 2541 1556 2610 itaque
1615 2556 1798 2596 rorem
1839 2543 1990 2598 exei-

422 2626 579 2696 piens
620 2625 788 2682 fetum
835 2636 998 2697 auget
1048 2629 1288 2684 velleris.
1338 2629 1508 2684 Terra
1559 2633 1796 2702 pluviam
1845 2635 1996 2689 exci-

421 2717 600 2788 piens,
629 2717 866 2771 l'ructum
891 2718 956 2772 ad
983 2721 1350 2775 maturitalem
1379 2722 1649 2790 perducit,
1681 2739 1854 2794 eaque
1878 2741 1999 2795 per-

423 2809 546 2864 fusa
579 2824 645 2864 ex
675 2808 904 2878 imperio
947 2807 1160 2864 Domini
1208 2813 1487 2868 naturales
1534 2814 1718 2886 fruges
1749 2825 1998 2886 prompte

421 2917 488 2957 se
516 2901 748 2956 libenter
777 2901 998 2968 emittit,
1039 2913 1092 2957 et
1125 2903 1194 2958 ab
1230 2904 1421 2958 eodem
1455 2919 1648 2960 rursus
1692 2908 1996 2978 accipiendi

421 2993 614 3065 majori
649 2992 922 3048 desiderio
964 3001 1201 3050 tenetur.
1245 2995 1335 3050 Sic
1384 3005 1438 3051 et
1478 2995 1644 3052 Maria
1678 3000 1832 3070 virgo
1870 3015 1995 3054 cum

421 3085 495 3139 ita
549 3086 971 3156 respondisset:
1005 3083 1174 3150 Unde,
1239 3085 1437 3157 inquit,
1488 3105 1802 3159 cognoscam
1870 3091 1997 3144 mihi

419 3179 561 3234 istud
591 3180 926 3249 afuturum?
952 3179 1162 3233 audiit:
1197 3178 1430 3247 Spiritus
1473 3179 1684 3233 Domini
1729 3182 1784 3235 in
1820 3192 1870 3236 te
1903 3183 1995 3238 de-

420 3270 652 3335 scendet,
684 3279 735 3326 et
784 3273 953 3324 virtus
992 3269 1254 3324 Altissimi
1280 3269 1612 3323 obumbrabit
1662 3279 1709 3324 te
1738 3288 1756 3324 :
1785 3271 1999 3342 ideoque

421 3371 472 3417 et
492 3365 632 3434 quod
663 3375 906 3418 nascetur
933 3379 996 3417 ex
1024 3372 1089 3428 te,
1125 3374 1366 3418 sanctum
1404 3366 1584 3429 erit,et
1623 3363 1798 3420 Filius
1829 3367 1999 3424 Altis-

422 3455 546 3508 simi
568 3455 843 3509 vocabitur
867 3457 908 3508 ⁸.
941 3455 1197 3512 Christus
1223 3460 1276 3510 iu
1312 3459 1506 3528 angelo
1546 3458 1787 3528 loquitur
1815 3477 1829 3512 :
1856 3468 1910 3514 et
1942 3461 2000 3514 in

423 3544 510 3598 sui
539 3545 713 3614 ipsius
737 3543 1065 3601 formatione
1092 3547 1442 3617 semetipsum
1480 3547 1744 3604 Dominus
1773 3549 1998 3620 eﬂingit,

422 3637 560 3691 servi
609 3635 840 3706 formam
887 3637 1110 3692 induens
1131 3637 1174 3691 '.
1223 3637 1491 3693 Caeterum
1547 3639 1713 3694 Maria
1761 3640 1999 3698 Verbum

423 3725 520 3782 Dei
555 3727 625 3782 ad
665 3727 1097 3797 generationem,
1128 3729 1280 3784 velut
1333 3738 1478 3784 terra
1515 3731 1774 3800 pluviam,
1817 3733 2002 3787 haurit

421 3826 481 3876 et
524 3820 783 3887 attrahit;
832 3819 974 3875 Deus
1020 3836 1152 3875 vero
1200 3829 1450 3876 sanctum
1499 3838 1622 3878 sese
1662 3822 1898 3878 fructum
1945 3825 1999 3877 in

425 3910 644 3965 mortali
677 3911 786 3980 7o
817 3917 1012 3964 natura
1065 3913 1399 3981 capessenda
1449 3912 1810 3968 demonstrat.
1860 3912 2002 3984 Ergo

427 4000 520 4057 hic
553 4017 620 4058 ex
649 4003 741 4056 illa
773 4007 931 4056 terra:
959 4003 1135 4058 instar
1157 4017 1221 4057 ac
1251 4004 1468 4059 velleris
1496 4005 1800 4060 attrahente
1829 4005 2003 4075 prole-

423 4097 550 4145 ctus
576 4098 683 4153 est,
725 4105 871 4146 vera:
904 4092 1203 4164 solidaeque
1233 4093 1345 4162 spei
1382 4093 1617 4156 fructus,
1649 4102 1703 4148 et
1732 4109 1762 4147 a
1791 4095 2002 4150 sanctis

422 4189 798 4253 exspectatus.
828 4182 1300 4250 Quemadmodum
1350 4183 1666 4241 Elisabetba
1692 4186 1872 4242 dixit:
1911 4187 2005 4242 Be-

424 4275 633 4328 nedicta
671 4286 726 4328 tu
767 4277 901 4329 inter
925 4279 1192 4342 mulieres,
1224 4285 1273 4331 et
1320 4277 1616 4332 benedictus
1640 4278 1844 4348 fructus
1880 4297 2002 4334 vett-

426 4366 525 4419 tris
562 4364 702 4420 tui‘.
737 4364 853 4420 lloc
893 4374 1073 4420 autem
1119 4383 1281 4420 omne
1321 4383 1387 4421 ex
1421 4368 1660 4422 humana
1691 4371 2004 4425 conditione

2112 1905 2360 1976 Ἀδραὰμ
2387 1905 2670 1976 ἄνθρωπος
2709 1903 3000 1975 ηὑρίσκετο
3028 1899 3170 1955 κατὰ
3190 1899 3288 1970 τὴν
3317 1895 3669 1966 ἐπαγγελίαν

2098 1996 2452 2066 Εὑρήκαμεν
2481 1994 2590 2065 γὰρ
2608 1995 2918 2059 Μεσσίαν,
2957 1992 3029 2046 ὃν
3054 1991 3279 2061 ἔγραψε
3311 1987 3571 2054 Μωῠσῆς
3601 1985 3668 2040 η.

2101 2088 2245 2157 Ἔφη
2266 2102 2280 2117 ⁸
2326 2084 2646 2151 Καταόήτω
2697 2085 2778 2150 ὡς
2809 2081 2984 2148 ὑετὸς
3027 2081 3094 2135 τὸ
3139 2076 3491 2149 ἀπόφθεγμὰ
3525 2093 3668 2146 μου,

2098 2177 2194 2231 καὶ
2223 2177 2302 2240 ὡς
2339 2177 2377 2244 ἡ
2413 2173 2652 2244 σταγὼν
2693 2175 2730 2242 ή
2772 2169 3076 2232 στάζουσα
3110 2169 3208 2223 ἐπὶ
3248 2167 3358 2235 τὴν
3395 2165 3532 2237 γῆν.
3559 2162 3672 2216 Καὶ

2097 2270 2126 2321 ό
2153 2267 2348 2320 Δαϐίδ’
2382 2263 2702 2330 Καταϐήτω
2748 2263 2829 2328 ὡς
2867 2261 3042 2326 ὑετὸς
3080 2258 3179 2313 ἐπὶ
3226 2259 3438 2311 πόκον.
3483 2255 3670 2323 Ἔριον

2097 2360 2274 2412 τοίνυν
2298 2357 2583 2428 δεχόμενον
2616 2355 2714 2426 τὴν
2746 2354 2956 2426 δρόσον,
2991 2352 3143 2418 αὔξει
3176 2351 3345 2404 πόκου
3371 2348 3533 2418 γονήν
3555 2363 3568 2376 ·
3597 2345 3672 2418 γῆ

2095 2448 2153 2502 δὲ
2171 2447 2433 2518 δεχομένη
2459 2446 2551 2501 τὸν
2580 2446 2733 2498 ὑετὸν
2760 2446 2824 2508 ’⁸,
2859 2443 3012 2508 αὔξει
3049 2443 3259 2515 καρπὸν
3288 2439 3672 2510 προστάγματι

2096 2538 2367 2592 Δεσπότου
2392 2579 2408 2604 ,
2467 2536 2828 2609 προσδιδοῦσα
2873 2536 2974 2606 τὴν
3011 2533 3170 2603 φύσιν
3204 2529 3667 2602 προθυμοτέρωςο

2095 2631 2158 2686 τὸ
2207 2631 2264 2684 δὲ
2315 2629 2613 2702 λαμϐάνειν
2653 2631 2782 2700 παρ’
2825 2625 2987 2682 αὑτοῦ
3040 2626 3200 2679 πλέον
3245 2624 3358 2695 ἔχει
3391 2620 3667 2693 σπουδήν.

2098 2726 2254 2782 Οὕτω
2283 2726 2347 2797 δὴ
2381 2725 2476 2780 καὶ
2504 2727 2538 2797 ἡ
2574 2723 2841 2796 παρθένος
2870 2720 3094 2792 Μαρία,
3139 2718 3301 2773 Κατὰ
3341 2716 3399 2770 τί
3441 2715 3672 2786 γνώσο-

2092 2836 2199 2889 μαι
2237 2817 2446 2883 τοῦτο,
2484 2818 2671 2888 φησιν,
2700 2816 2790 2870 ὅτι
2819 2815 2990 2868 ἔσται
3035 2829 3138 2882 μοι
3182 2809 3397 2872 τοῦτο;
3423 2808 3622 2877 ἧκουσε
3649 2820 3667 2837 ο

2097 2911 2342 2981 Πνεῦμα
2389 2907 2610 2978 Κυρίου
2661 2909 2759 2964 ἐπὶ
2808 2907 2910 2974 σὲ,
2939 2906 3038 2961 καὶ
3084 2905 3336 2972 δύναμις
3383 2897 3671 2969 Ὑψίστου

2097 3000 2436 3056 ἐπισκιάσει
2484 3017 2584 3055 σοι
2611 3017 2625 3032 ο
2675 2999 2767 3053 διὸ
2797 2999 2897 3054 καὶ
2927 2997 2993 3050 τὸ
3031 2995 3408 3064 γεννώμενον
3433 2992 3502 3044 ἐκ
3529 2988 3669 3052 σοῦ,

2098 3093 2270 3165 ἅγιον
2321 3092 2493 3146 ἔσται
2517 3130 2532 3156 ,
2583 3088 2684 3144 καὶ
2752 3087 2884 3153 Υἱὸς
2935 3071 3223 3154 Ὑψίστου
3281 3079 3666 3149 κληθήσεται.

2024 3150 2066 3208 C
2101 3150 2336 3256 X'ptatbc
2364 3185 2422 3238 ὲν
2449 3150 2667 3252 ἀγγέλῳ
2705 3150 2884 3243 λαλεῖν,
2930 3150 3258 3232 ἀναπλάττει
3306 3174 3363 3228 δὲ
3397 3173 3586 3228 ἑαυτὸν
3613 3174 3675 3227 ὲν

2098 3280 2165 3348 τῇ
2200 3275 2394 3330 ἑαυτοῦ
2425 3269 2618 3327 πλάσει
2631 3267 3191 3342 ὁΔεσπότηςμορςρὴν
3210 3265 3434 3322 δούλου
3451 3267 3668 3322 λαϐὼν.

2100 3367 2211 3421 Καὶ
2241 3367 2428 3438 Μαρία
2481 3365 2580 3438 μιν
2629 3364 2889 3434 ἀνιμᾶται
2917 3359 3010 3414 τὸν
3056 3358 3228 3428 Λόγον
3261 3358 3342 3420 εἰς
3395 3355 3672 3424 σύλληψιν,

2099 3459 2176 3523 ὡς
2197 3457 2350 3512 ὑετὸν
2379 3460 2413 3528 ἡ
2448 3457 2552 3526 γῆν
2583 3455 2777 3509 ἑαυτὸν
2796 3454 2853 3507 δὲ
2877 3451 3089 3523 καρπὸν
3114 3450 3269 3519 ἅγιον
3300 3447 3676 3501 ὑποδείκνυσιν

2100 3553 2130 3603 ό
2172 3549 2265 3604 τοῦ
2328 3549 2462 3602 Θεοῦ
2532 3548 2699 3616 Λόγος
2755 3545 3193 3617 προσλαῶμενος
3243 3537 3438 3610 θνητοῦ
3489 3536 3672 3607 φύσιν.

2101 3639 2288 3704 Οὕτως
2317 3641 2358 3672 ¹⁷
2390 3635 2482 3693 οὖν
2514 3639 2571 3705 ἐξ
2593 3636 2766 3708 αὑτῆς
2786 3634 3086 3707 ἁνιμώσης,
3121 3634 3198 3696 ὡς
3224 3632 3296 3702 γῆ
3327 3630 3420 3684 καὶ
3452 3629 3617 3691 πόκος
3647 3629 3678 3681 ό

2099 3732 2199 3800 τῆς
2242 3728 2474 3800 ἀληθοῦς
2519 3728 2731 3791 ἐλπίδος
2758 3725 2969 3798 καρπὸς
2993 3765 3008 3790 ,
3039 3725 3074 3795 ἡ
3112 3723 3221 3776 τῶν
3252 3721 3421 3790 ἁγίων
3449 3719 3678 3790 προσδο-

2101 3822 2225 3884 κία,
2259 3804 2440 3883 καθὼς
2485 3819 2762 3872 Ἐλισάδετ
2806 3817 2988 3885 ελεγεν
3010 3832 3025 3847 ·
3061 3813 3456 3882 Εὐλογημένη
3487 3811 3570 3864 σὺ
3608 3810 3678 3863 ὲν

2100 3911 2359 3983 γυναιξὶ,
2392 3911 2489 3966 καὶ
2523 3908 2926 3979 εὐλογημένος
2951 3911 2984 3962 ὀ
3029 3906 3259 3974 καρπὸς
3289 3901 3399 3973 τῆς
3446 3903 3678 3966 κοιλίας

2101 4019 2220 4060 σου
2256 4020 2272 4036 ·
2339 4004 2397 4057 ἓν
2464 4002 2830 4076 προσελάϐετο
2879 3999 2938 4065 ἐξ
2998 3999 3415 4069 ἀνθρωπότητος
3465 3993 3675 4055 παθὼν,

2101 4095 2318 4166 ἀπαθὴς
2355 4094 2429 4147 ὢν
2476 4095 2506 4146 ὁ
2549 4094 2736 4163 Λόγος.
2782 4085 2972 4156 Οὗτος
2998 4091 3175 4158 ἄρτος
3201 4093 3234 4143 ὀ
3266 4087 3409 4149 ζῶν,
3440 4090 3474 4140 ὁ
3501 4100 3678 4138 κατα.

2104 4185 2211 4252 ϐὰς
2231 4185 2300 4250 ἐξ
2327 4185 2588 4253 οὐρανοῦ
2607 4226 2621 4250 ,
2649 4185 2743 4238 καὶ
2766 4183 2910 4252 ζωὴν
2940 4181 3141 4244 διδοῦς’
3176 4174 3332 4243 οὗτος
3356 4181 3385 4232 ὀ
3421 4178 3520 4247 τῆς
3549 4177 3678 4246 άλη-

2105 4278 2230 4340 Θοῦς
2253 4277 2438 4340 ἐλαίας
2463 4276 2674 4347 καρπὸς
2692 4316 2706 4340 ,
2735 4275 2798 4331 τδ
2833 4275 3009 4327 ἔλαιον
3033 4273 3133 4343 τῆς
3161 4273 3393 4343 κρίσεως
3438 4268 3533 4322 καὶ
3580 4270 3677 4337 τῆς

2109 4369 2426 4433 συνθέσεως,
2446 4369 2475 4421 ὃ
2495 4367 2848 4441 πρωτόπωσε
2877 4366 3136 4437 Μωῦσῆς.
3162 4360 3329 4426 Οὗτος
3352 4361 3390 4430 ἠ
3417 4357 3675 4428 ἀληθινὴ

428 4467 495 4506 ac
536 4461 732 4507 natura
778 4452 832 4507 in
869 4469 990 4508 sese
1043 4454 1328 4507 transtulit
1367 4451 1604 4508 Verbum
1657 4455 1811 4516 illud,
1858 4456 1999 4524 quod

2107 4460 2395 4529 ἄμπελος,
2426 4460 2492 4529 ἣν
2517 4460 2752 4530 γεωργεῖ
2781 4458 2938 4529 μόνος
2971 4461 2998 4512 ό
3029 4457 3216 4529 Πατὴρ
3241 4497 3254 4516 ,
3286 4456 3478 4526 βότρυν
3504 4454 3678 4524 χαρᾶς

428 4560 632 4614 expers
681 4544 885 4614 alioqui
938 4545 1214 4615 passionis
1276 4547 1482 4616 perpeti
1525 4547 1720 4601 voluit.
1767 4546 1870 4603 Hic
1923 4556 2002 4601 est

429 4637 584 4707 panis
629 4635 720 4689 ille
752 4635 895 4689 vinus
945 4637 1033 4706 qui
1076 4637 1140 4691 de
1186 4639 1313 4690 cwlo
1353 4635 1684 4702 descendit’,
1738 4653 1803 4693 ac
1837 4637 2002 4692 vitam

432 4727 716 4800 impertiit.
746 4726 846 4782 llic
878 4738 961 4783 est
995 4744 1136 4782 vera:
1179 4728 1390 4784 fructus
1434 4730 1604 4794 oleze;
1640 4729 1918 4785 unetionis
1951 4739 2006 4785 et

431 4817 848 4890 compositionis
914 4818 1094 4873 oleum
1147 4819 1314 4884 illud,
1365 4819 1508 4889 quod
1553 4818 1769 4890 Moyses
1825 4820 2008 4889 specie

430 4911 669 4983 quadam
715 4911 1140 4966 adumbravit”.
1184 4910 1325 4966 Idem
1361 4929 1480 4966 vera
1503 4913 1624 4966 vitis
1657 4913 1818 4978 est“,
1844 4927 2006 4983 quam

437 5003 592 5059 solus
615 4995 780 5057 Pater
805 5003 956 5067 colit,
985 5003 1078 5073 qui
1107 5003 1310 5058 laetitiae
1335 5004 1494 5059 nobis
1513 5019 1672 5058 uvam
1699 5005 2006 5074 progenuit.

435 5094 535 5151 llic
565 5103 652 5152 est
679 5112 816 5166 aqua
844 5096 941 5150 illa
971 5095 1105 5159 viva,
1139 5111 1296 5166 quam
1329 5097 1513 5150 sitiens
1541 5095 1694 5149 homo
1720 5112 1838 5149 cum
1867 5095 2008 5151 bibe-

509 5273 525 5304 ¹
556 5270 598 5326 ll
625 5272 762 5326 Tim.
802 5287 862 5334 ιι,
889 5271 942 5327 5.
1016 5272 1036 5303 '
1061 5269 1221 5328 Joan.
1254 5287 1293 5336 ι,
1328 5271 1413 5326 li.

434 5343 457 5376 "
496 5340 729 5411 Philipp.
763 5357 826 5403 ιι,
853 5342 903 5394 7.
1000 5342 1022 5374 ⁸
1061 5342 1193 5399 Luc.
1227 5359 1264 5406 ι,
1299 5341 1389 5396 ιε.
1481 5341 1688 5411 ’γειοτιιι
1722 5357 1798 5404 vr,
1835 5343 1922 5397 5|.

1512 5272 1533 5304 ³
1566 5269 1722 5324 Joau.
1758 5287 1796 5334 ι,
1823 5272 1912 5326 4⁸5.

2106 4552 2373 4620 γεννήσας
2419 4552 2569 4621 ἡμῖν.
2608 4542 2778 4614 Οὑτος
2825 4551 2891 4604 τὸ
2923 4550 3079 4620 ὕδωρ
3113 4551 3180 4604 τὸ
3222 4548 3332 4611 ζῶν
3356 4589 3372 4613 ,
3420 4547 3450 4600 ὃ
3485 4545 3680 4616 διψῶν

2108 4643 2418 4710 ἄνθρωπος
2446 4643 2663 4708 λαϐὼν,
2704 4645 2776 4697 οὐ
2812 4643 3059 4713 διψήσει
3088 4642 3273 4696 πάλιν
3297 4681 3312 4705 ,
3345 4641 3482 4696 ἀλλ’
3511 4640 3680 4693 ἐστιν

2109 4735 2179 4787 ἐν
2207 4732 2282 4802 τῇ
2310 4736 2506 4800 κοιλίᾳ
2534 4735 2720 4790 αὐτοῦ
2746 4737 3086 4804 (ἰλλόμενον
3115 4736 3201 4799 εἰς
3237 4732 3391 4800 ζωὴν
3417 4730 3676 4784 αἰώνιον.

2123 4825 2217 4879 Ἐκ
2249 4826 2437 4880 τούτου
2470 4825 2723 4891 λαϐόντες
2749 4826 3056 4898 μετέδωκαν
3085 4827 3132 4878 οἱ
3169 4825 3278 4879 νέοι
3323 4823 3556 4894 γεωργοὶ
3602 4820 3679 4882 είς

2109 4915 2202 4969 τὸν
2257 4917 2492 4987 κόσμονο
2543 4918 2762 4971 παλαιοὶ
2813 4916 2872 4969 δὲ
2924 4915 3159 4988 γεωργοὶ
3213 4913 3476 4983 ὲξὴραναν
3506 4912 3548 4943 ⁸⁸
3590 4908 3682 4964 καὶ

2109 5004 2364 5078 ἐφθειραν
2387 5005 2476 5059 διὰ
2501 5007 2992 5076 άπιστίαν.Αἱ⁹ματι
3020 5005 3117 5076 μὲν
3147 5001 3309 5056 αὑτοῦ
3339 4998 3680 5068 άγιάζεται¹⁹

2109 5098 2176 5151 τά
2205 5098 2360 5168 ἔθνη·
2402 5098 2676 5169 Πνεύματι
2725 5098 2780 5151 δὲ
2820 5095 2987 5150 αὑτοῦ
3037 5095 3149 5165 ἰδίῳ
3181 5094 3371 5163 ἀνάγει
3400 5094 3526 5156 τοὺς
3555 5091 3683 5158 κλη⁴

2016 5274 2038 5306 ⁸
2070 5272 2223 5328 Deut.
2260 5290 2431 5336 χχχιι,
2463 5275 2516 5327 2.
2600 5275 2621 5306 ⁸
2648 5272 2791 5325 Psal.
2827 5289 2978 5336 Lxxi,
3007 5272 3059 5326 6.
3151 5271 3172 5304 ⁸
3202 5270 3337 5324 Luc.
3377 5285 3416 5328 ι.
3450 5268 3520 5322 54
3558 5284 3680 5338 sqq.

2023 5342 2068 5376 “
2099 5343 2266 5398 Exod.
2307 5361 2432 5407 xxx,
2459 5344 2546 5398 2L
2628 5345 2669 5374 ἰ
2699 5341 2857 5399 Joan.
2898 5361 2986 5404 xv,
3015 5345 3066 5396 1.

3173 5345 3216 5376 ¹²
3243 5358 3333 5410 γρ.
3366 5342 3460 5394 καὶ
3488 5339 3680 5407 Λόγος.

441 5413 485 5445 ⁸³
510 5429 602 5482 γρ.
643 5410 735 5484 καὶ
761 5411 993 5484 εἴδομεν.
1069 5413 1113 5444 ¹⁸
1139 5430 1228 5484 γρ.
1264 5411 1430 5484 αὑτοῦ
1464 5410 1617 5476 αῦξει
1647 5413 1806 5484 φυήν.
1888 5415 1931 5445 ³⁵
1956 5412 1999 5466 [λ

2097 5422 2113 5467 ι
2143 5414 2369 5480 aliquid.
2450 5416 2491 5445 ¹⁶
2522 5414 2812 5484 Perperam
2839 5416 2951 5468 haec
2973 5413 3170 5468 lucresi
3203 5413 3269 5467 74
3294 5411 3364 5466 ita
3383 5411 3680 5482 leguntur:

429 5477 623 5555 δεχομ.
657 5481 746 5536 τὸν
783 5477 994 5544 ἐλπίδος
1014 5477 1260 5554 γεωργὸν
1287 5481 1460 5535 ὑετόν.
1541 5484 1580 5515 ⁸⁷
1729 5477 1903 5546 οὗτος.
1976 5484 2020 5515 ¹⁸
2048 5502 2138 5554 γρ.
2174 5477 2392 5555 ἐξῆραν.
2473 5486 2515 5517 ³⁸
2544 5477 2644 5554 γρξ
2663 5485 2860 5539 ἑαυτοῦ
2886 5484 3124 5554 ἁγιάζει.

509 5632 1135 5708 (5)11ροσλα6όμενον.
1179 5636 1434 5708 Petavius
1477 5637 1637 5691 vertit
1667 5636 1995 5706 adjunclum.
2025 5635 2355 5694 Thomasius
2393 5647 2579 5696 noster
2615 5647 2790 5696 totum
2838 5640 2982 5696 hunc
3041 5637 3424 5696 similitudinis
3490 5635 3685 5707 pluvias

440 5706 619 5766 locum
663 5706 965 5770 Petavianie
996 5707 1460 5778 interpretationis
1496 5708 1820 5762 emendavit.

2094 5845 2156 5856 Α-
