4018 6210
421 352 524 408 139

1802 346 1857 401 S.
1908 340 2249 402 ΕΡΙΡΒΑΝῘΙ

3581 345 3687 401 HO

416 471 640 533 sancta;
672 464 777 521 tria
817 461 993 519 forma
1031 460 1279 534 praedita,
1329 460 1435 516 tria
1459 460 1707 519 eamdem
1761 460 1988 519 formam

2096 481 2216 536 τητι
2245 463 2465 536 χάριτος
2492 462 2705 536 Πατρὸς
2736 463 2831 519 καὶ
2854 459 2988 519 Υίοῦ
3033 463 3128 517 καὶ
3156 459 3312 530 άγίου
3342 461 3684 533 Πνεὺματος.

418 557 701 626 habentia;
743 558 848 613 tria
884 556 1145 621 ellicacia,
1189 557 1295 611 tria
1334 556 1497 612 simul
1532 554 1855 623 efﬁcientia;
1882 557 1990 611 tria

414 651 804 715 subsistentia,
853 650 956 705 tria
1006 647 1168 704 simul
1237 647 1603 704 subsistentia
1659 655 1714 702 et
1756 647 1992 703 invicem

418 742 731 813 conjuncta.
776 743 951 811 Atque
1004 753 1068 795 ea
1125 738 1345 794 demum
1394 749 1586 796 sancta
1611 739 1855 796 Trinitas
1893 754 1991 811 ap-

416 835 667 905 pellatur,
693 832 747 887 in
774 847 879 903 qua
914 831 1019 886 tria
1040 838 1191 897 sunt,
1226 831 1322 886 sed
1350 844 1461 885 una
1484 831 1647 886 trium
1677 831 1993 897 consensio,

416 940 522 979 una
548 922 807 977 divinitas
835 921 1084 992 eiusdem
1104 920 1325 976 virtutis
1352 920 1709 993 eiusdemque
1735 922 1996 978 substan-

414 1013 519 1077 ιίε,
561 1009 758 1067 similis
782 1025 812 1065 e
843 1009 1047 1076 simili;
1080 1024 1203 1079 qua:
1234 1010 1497 1081 aequalem
1540 1012 1772 1083 gratiam
1806 1028 1871 1068 ex
1904 1026 1995 1067 ea-

415 1104 536 1159 dem
564 1101 728 1158 ellicit
759 1102 933 1173 gratia
966 1101 1148 1157 Patris
1182 1108 1238 1157 et
1274 1100 1399 1157 Filii
1430 1117 1494 1158 ac
1524 1102 1763 1175 Spiritus
1795 1103 1992 1160 sancti.

412 1198 661 1264 Quonam
701 1209 833 1249 vero
864 1192 1029 1248 modo
1050 1194 1227 1265 possit
1251 1194 1399 1251 istud
1431 1210 1575 1263 esse,
1607 1195 1855 1268 ipsismet
1887 1196 1995 1253 illis

413 1292 721 1348 docendum
740 1290 1068 1360 relinquitur
1095 1308 1110 1346 :
1141 1286 1333 1354 Nemo,
1359 1288 1559 1358 inquit,
1586 1287 1728 1341 norit
1751 1286 1992 1354 Patrem,

414 1386 520 1439 nisi
546 1383 758 1449 Filius;
796 1400 959 1455 neque
988 1381 1215 1449 Filium,
1252 1383 1356 1437 nisi
1396 1380 1584 1446 Pater,
1611 1389 1660 1435 et
1695 1382 1781 1434 cui
1816 1378 1995 1433 Filius

413 1477 661 1534 revetarit
692 1478 743 1532 ¹;
781 1476 870 1531 cui
906 1484 1087 1531 autem
1120 1489 1217 1544 per
1251 1473 1518 1545 Spiritum
1555 1479 1807 1528 sanctum
1837 1484 1994 1526 reve-

413 1572 509 1635 lat,
545 1571 596 1626 ei
638 1578 693 1627 et
722 1568 885 1625 Pater
919 1569 1143 1625 revelat.
1179 1566 1306 1622 Tria
1348 1567 1515 1638 igitur
1558 1566 1664 1621 ista
1704 1575 1854 1634 sunt,
1900 1572 1995 1621 aut

411 1680 477 1719 ex
508 1664 650 1734 ipso,
688 1673 781 1718 aut
818 1663 888 1718 ab
927 1661 1067 1733 ipso,
1109 1668 1205 1715 aut
1234 1661 1302 1715 ad
1344 1660 1565 1731 ipsum;
1598 1674 1722 1729 quae
1766 1658 1822 1713 in
1855 1674 1995 1714 uno-

2097 557 2170 614 T6
2222 558 2280 613 δὲ
2330 557 2487 625 πῶς,
2516 559 2701 623 αὐτοῖς
2732 556 3090 613 ἀπολείπεται
3129 554 3438 610 διδάσκειν*
3476 552 3688 622 Οὐδείς
3768 603 3789 609 -

2094 651 2204 724 γάρ
2253 645 2377 705 οἶδε
2406 650 2516 705 τὸν
2550 648 2782 719 Πατέρα
2817 651 2871 704 εί
2911 647 3000 718 μὴ
3048 652 3081 702 ό
3122 646 3292 713 Υἱὸς,
3326 646 3528 713 οὐδεὶς
3576 648 3689 701 τόν

2096 742 2232 796 Υίὸν
2255 744 2305 797 εί
2333 740 2420 812 μὴ
2467 744 2501 798 ό
2543 741 2782 812 Πατὴρ,
2813 739 2913 795 καὶ
2936 732 2985 806 ᾧ
3009 740 3120 795 ἐὰν
3145 743 3179 794 ό
3219 738 3689 806 Υίόςάποκαλύ·

2096 837 2209 905 ψῃ.
2248 835 2289 866 “
2309 833 2709 902 Ἀποκαλύπτει
2739 833 2798 888 δὲ
2826 833 2914 888 διὰ
2948 830 3268 903 Πνεύματος
3291 829 3446 899 ἁγίου
3467 870 3483 895 ,
3511 827 3688 900 τούτῳ

2098 928 2192 982 καὶ
2219 930 2247 981 6
2270 927 2463 1000 Πατὴρ
2494 925 2892 982 ἀποκαλύπτει.
2929 923 3140 980 Οὐκοῦν
3175 922 3348 978 ταῦτα
3377 922 3505 995 τρία
3531 921 3684 983 ὄντα,

2096 1021 2130 1093 ἢ
2164 1018 2223 1086 ἐξ
2267 1019 2432 1075 αὑτοῦ
2458 1061 2472 1087 ,
2503 1020 2537 1093 ἢ
2583 1021 2715 1091 παρ’
2747 1017 2948 1084 αὑτοῦ,
2995 1017 3029 1090 ἢ
3065 1016 3202 1089 πρὸς
3259 1014 3422 1069 αὑτὸν
3470 1014 3688 1085 ἑκάστῳ

2096 1112 2261 1178 ἀξίως
2288 1111 2555 1184 νοούμενα
2580 1152 2594 1178 ,
2645 1109 2830 1175 καθὼς
2878 1108 3048 1164 ἑαυτὰ
3077 1106 3496 1171 ἀποκαλύπτει,
3545 1105 3683 1176 φῶς,

2095 1202 2210 1275 πῦρ
2228 1246 2243 1271 ,
2270 1203 2487 1276 πνεῦμα
2511 1245 2526 1271 ,
2552 1202 2646 1258 καὶ
2670 1203 2879 1269 ἄλλαις,
2903 1196 3079 1273 οἶμαι,
3099 1200 3341 1272 ὀράσεων
3371 1196 3683 1270 ὁμοιώσεσι,

2096 1296 2279 1359 καθὼς
2325 1296 2476 1364 ἄξιος
2511 1297 2539 1349 6
2570 1294 2985 1366 διακονούμενος
3032 1293 3341 1365 ἄνθρωπος.
3371 1291 3544 1357 Αὐτὸς
3572 1291 3686 1346 τοί-

2094 1404 2191 1442 νυν
2216 1389 2244 1441 6
2276 1387 2408 1451 Θεὸς
2431 1388 2458 1440 6
2480 1389 2537 1441 ἐν
2575 1388 2717 1459 ἀρχῇ
2749 1386 2918 1439 είπών
2938 1403 2951 1416 ·
2984 1381 3344 1453 Γεννηθήτω
3375 1382 3535 1454 ςεῶς,
3585 1383 3687 1438 καί

2095 1479 2330 1552 ἐγένετο
2361 1480 2571 1549 φῶς-’³,
2605 1479 2768 1543 αὐτὸς
2798 1481 2827 1533 6
2856 1478 3100 1550 φωτίσας
3132 1479 3281 1550 ἡμᾶς
3318 1476 3379 1530 τὸ
3408 1476 3526 1547 φῶς
3557 1477 3685 1531 ἰδεῖν

2092 1573 2155 1627 τὸ
2182 1572 2432 1644 ἀληθινὸν
2480 1571 2543 1625 τὸ
2584 1570 2836 1641 φωτίζον
2873 1569 3074 1626 πάντα
3101 1570 3418 1638 ἄνθρωπον
3442 1569 3687 1639 ἐρχόμε-

2093 1681 2205 1719 νον
2237 1665 2325 1731 είς
2353 1662 2463 1718 τὸν
2492 1663 2748 1733 κόσμον.
2797 1660 3271 1727 Ἐξαπόστειλον
3302 1658 3369 1714 τὸ
3412 1659 3538 1729 φῶς
3566 1672 3685 1715 σου

412 1771 662 1827 quoque,
722 1762 782 1809 ut
823 1769 921 1825 par
967 1752 1082 1821 est,
1132 1753 1532 1824 intelliguntur,
1581 1760 1743 1823 prout
1783 1750 1988 1821 seipsas

2098 1756 2196 1810 καὶ
2220 1755 2333 1826 τὴν
2361 1754 2653 1822 ἀλήθειάν
2675 1768 2793 1810 σου
2815 1795 2830 1817 ,
2861 1754 3027 1826 φησὶν
3056 1755 3084 1807 6
3117 1752 3301 1807 Aa6l6.
3333 1752 3505 1817 Αὐτός
3535 1753 3683 1806 ἐστιν

413 1865 661 1920 personae
687 1848 791 1903 illae
820 1847 1137 1913 declarant;
1171 1846 1287 1911 lux,
1324 1845 1484 1916 ignis,
1511 1844 1765 1916 spiritus,
1796 1850 1852 1898 et
1883 1859 1979 1898 ca:-

2094 1849 2121 1901 6
2165 1846 2372 1918 Κύριος
2420 1848 2448 1900 6
2499 1845 2670 1901 εἰπών
2702 1861 2719 1880 ο
2784 1845 2889 1900 Ἐν
2943 1844 3074 1911 ταῖς
3106 1842 3396 1915 ἐσχάταις
3436 1842 3682 1914 ἡμέραις

410 1951 648 1997 terarum
682 1955 865 1996 rerum
906 1937 1323 2009 aspectabilium
1363 1936 1680 1992 nominibus
1714 1935 1988 2006 appellau-

2094 1937 2285 2009 ἐκχεῶ
2312 1938 2432 1993 ἀπὸ
2463 1938 2571 1992 τοῦ
2599 1938 2948 2007 Πνεύματός
2997 1953 3119 2009 μου
3143 1980 3158 2006 ,
3202 1936 3301 1991 καί
3348 1935 3684 2006 προφητεύ-

408 2041 517 2094 tur,
552 2046 651 2103 pro
675 2046 741 2086 eo
763 2045 827 2084 ac
854 2029 1077 2100 quilibet
1098 2028 1380 2083 hominum
1410 2027 1609 2099 dignus
1636 2034 1742 2091 est,
1773 2026 1862 2081 cui
1888 2025 1988 2080 hoc

2096 2043 2322 2084 σουσιν
2369 2030 2424 2082 οί
2465 2028 2581 2083 υίοὶ
2631 2026 2863 2091 αὐτῶν,
2895 2026 2993 2080 καί
3021 2028 3082 2081 al
3114 2026 3432 2098 θυγατέρες
3460 2023 3681 2091 αὐτῶν,

410 2122 572 2177 officii
604 2137 777 2193 genus
811 2121 1166 2192 impenditur.
1195 2119 1341 2177 Deus
1379 2118 1546 2190 igitur
1577 2119 1667 2174 ille
1706 2118 1800 2189 qui
1833 2117 1988 2173 initio

2097 2121 2195 2175 καὶ
2239 2122 2293 2174 οί
2342 2120 2656 2175 νεανίσκοι
2704 2117 2905 2174 αὐτῶν
2934 2117 3175 2187 ὁράσεις
3214 2119 3468 2189 ὄψονται
3489 2135 3503 2149 ·
3556 2120 3684 2191 τρία

410 2216 586 2270 dixit:
620 2213 745 2268 Fiat
777 2214 891 2281 lux,
922 2222 973 2268 et
1002 2213 1147 2283 facta
1174 2222 1250 2268 est
1284 2212 1638 2283 aspectabilis
1660 2212 1753 2265 illa
1783 2211 1876 2266 lux
1930 2213 1952 2243 ’
1973 2250 1989 2277 ,

411 2308 526 2376 ipse
564 2313 669 2371 est,
702 2305 795 2375 qui
836 2305 902 2359 ad
939 2320 1128 2360 verum
1161 2305 1344 2359 lumen
1376 2303 1697 2358 intuendum
1729 2303 1891 2358 nobis
1923 2302 1981 2356 il-

2098 2213 2365 2285 πρόσωπα
2386 2212 2548 2281 ἁγίας
2574 2211 2917 2285 λειτουργίας
2942 2210 3157 2277 δεικνὺς
3190 2213 3323 2285 ἡμῖν
3353 2213 3413 2280 ἐξ
3444 2211 3685 2268 ὑποστά-

2100 2320 2237 2367 σεως
2268 2304 2315 2334 ⁸³
2347 2300 2514 2372 οὑσης
2543 2303 2750 2376 τρίτης.

404 2401 568 2465 1ιιΧίῑ,
605 2401 744 2473 quod
774 2401 1043 2454 illuminat
1077 2416 1282 2454 omnem
1338 2398 1602 2453 hominem
1643 2398 1928 2452 venientem
1984 2399 2041 2452 in
2080 2396 2333 2452 mundum
2352 2398 2393 2451 ³.
2428 2396 2627 2452 Emitte
2666 2398 2833 2452 lucem
2873 2406 3043 2463 tuam,
3100 2398 3176 2453 ait
3234 2396 3406 2453 David
3433 2397 3474 2464 ⁵,
3519 2406 3571 2452 et
3598 2413 3682 2452 ve-

410 2493 620 2546 ritatem
658 2501 822 2546 tuam.
855 2492 949 2546 llle
994 2491 1110 2562 ipse
1143 2490 1403 2545 Dominus
1435 2498 1541 2553 est,
1579 2489 1674 2560 qui
1727 2488 1905 2543 dixit:
1943 2487 2008 2543 In
2037 2490 2334 2544 novissimis
2367 2487 2550 2544 diebus
2583 2488 2851 2559 e/j'undam
2880 2489 2945 2544 de
2971 2489 3174 2559 Spiritu
3202 2505 3315 2544 meo
3374 2492 3428 2543 in
3479 2504 3681 2543 onmem

409 2603 651 2652 carnem,
692 2596 742 2641 et
772 2585 1154 2656 prophetabunt
1186 2585 1288 2655 ﬁlii
1317 2601 1522 2651 eorum,
1552 2595 1602 2639 et
1643 2585 1774 2654 ﬁlice
1816 2584 2052 2652 illorum,
2093 2594 2143 2640 et
2179 2584 2535 2640 adolescentes
2566 2585 2801 2654 ipsorum
2850 2586 3073 2640 visiones
3124 2583 3363 2640 videbunt
3390 2583 3432 2638 ⁸.
3472 2584 3547 2638 Ac
3572 2591 3685 2641 tres

414 2684 710 2739 {unctionis
754 2697 926 2739 sacra:
954 2697 1221 2755 personas
1247 2682 1407 2738 nobis
1428 2680 1687 2747 ostendit,
1716 2696 1842 2737 cum
1872 2682 2034 2738 tertia
2059 2697 2124 2737 ex
2153 2682 2434 2754 hypostasi
2465 2682 2723 2753 procedat
2745 2680 3080 2753 hypostasis.

480 2797 716 2853 LXVIII.
762 2798 896 2854 Dico
941 2800 1108 2872 igitur
1155 2799 1429 2855 Christum
1484 2801 1789 2856 ministrum
1829 2800 1995 2871 fuisse

396 2890 832 2945 circumcisionis
866 2907 961 2960 pro
994 2893 1216 2947 veritate
1246 2893 1365 2959 Dei,
1400 2901 1458 2947 ut
1482 2895 1748 2965 promissa
1768 2892 1995 2963 comple-

408 2992 487 3037 ret
508 2982 548 3037 ⁸.
603 2981 777 3038 Porro
829 2982 1094 3055 Spiritum
1140 2994 1393 3041 sanctum
1439 3003 1549 3043 una
1598 2987 1915 3044 ministrare
1962 3001 1995 3043 θ

408 3090 692 3130 sacrorum
767 3075 1059 3131 Librorum
1133 3082 1464 3135 auctoritate
1526 3080 1601 3135 ita
1673 3079 1990 3135 didicimus.

2170 2798 2296 2852 EH'.
2331 2797 2497 2869 Λέγω
2532 2794 2647 2855 οὗν
2691 2799 2953 2867 Χριστὸν
2999 2797 3285 2853 διάκονον
3324 2795 3689 2867 γεγενῆσθαι

2103 2890 2429 2961 περιτομῆς
2461 2891 2616 2961 ὑπὲρ
2647 2891 2935 2959 ἀληθείας
2976 2890 3126 2945 Θεοῦ
3152 2891 3243 2958 είς
3268 2888 3338 2943 τὸ
3369 2887 3689 2956 πληρῶσαι

2100 2984 2209 3050 τὰς
2253 2983 2652 3053 ἐπαγγελίας,
2709 2983 3074 3037 συνδιακονεῖν
3119 2982 3179 3036 δὲ
3234 2981 3297 3036 τὸ
3345 2980 3571 3052 Πνεῦμα
3624 2980 3691 3034 τὸ

2100 3076 2256 3147 ἅγιον
2300 3076 2833 3149 συμπαρειλήφαμεν
2878 3078 2943 3130 ὲκ
2996 3075 3157 3130 θείων
3205 3074 3439 3149 Γραιρῶν
3490 3073 3682 3137 οὑτως.

396 3166 661 3223 Christus
691 3183 721 3220 a
756 3166 917 3224 Patre
949 3170 1207 3237 mittitur,
1237 3171 1475 3227 mittitur
1503 3182 1559 3227 et
1589 3169 1828 3241 Spiritus
1865 3186 1988 3226 san-

2108 3168 2522 3223 ’.ἀποστέλλεται
2554 3169 2584 3222 6
2633 3167 2870 3240 Χριστὸς
2914 3168 3023 3223 ἀπὸ
3068 3167 3322 3239 Πατρὸς,
3360 3164 3689 3221 ἀποστέλλε-

405 3266 529 3313 ctus
557 3277 569 3313 :
608 3258 863 3314 Christus
893 3260 949 3314 in
982 3264 1190 3317 sanctis
1219 3262 1479 3333 loquitur,
1514 3262 1756 3332 loquitur
1782 3269 1837 3317 et
1868 3260 1993 3332 Spi-

407 3347 549 3403 ritus
594 3357 861 3405 sanetus:
912 3359 1074 3407 sanat
1115 3351 1390 3419 Christus,
1442 3361 1599 3409 sanat
1657 3362 1714 3410 et
1756 3352 1994 3425 Spiritus

405 3444 680 3494 sanctus:
724 3438 1034 3495 sanctiﬁcat
1074 3440 1352 3508 Christus,
1385 3443 1697 3498 sanctiﬁcat
1734 3451 1789 3499 et
1818 3442 1995 3514 Spiri-

396 3537 498 3584 tus
549 3536 827 3585 sanctus:
887 3530 1131 3601 baptizat
1188 3532 1244 3587 in
1297 3548 1398 3588 suo
1451 3534 1672 3590 nomine
1717 3534 1991 3601 Christus,

407 3623 651 3694 baptizat
683 3632 738 3678 et
766 3621 1006 3694 Spiritus
1041 3633 1287 3682 sanctus.
1320 3626 1401 3680 Ad
1432 3641 1557 3681 eum
1590 3627 1811 3683 modum
1845 3626 1995 3682 Scri—

408 3724 571 3786 ptura
614 3716 899 3787 loquitut"
934 3736 948 3773 :
983 3718 1090 3788 72
1143 3716 1372 3773 Emittes
1422 3718 1685 3789 Spiritum
1721 3728 1892 3787 tuum,
1942 3728 1994 3776 et

400 3807 682 3863 renovabis
747 3808 940 3879 {aciem
997 3818 1153 3865 terra:
1187 3824 1207 3865 :
1256 3810 1405 3880 quod
1466 3810 1610 3867 idem
1678 3818 1764 3868 est
1832 3819 1996 3883 atque

408 3902 600 3958 istud:
646 3901 897 3957 Emittes‘
927 3900 1148 3959 Verbum
1201 3911 1372 3965 tuum,
1414 3910 1465 3956 et
1514 3902 1818 3972 liquefacies
1864 3920 1927 3958 ea
1948 3903 1990 3959 ⁸.

407 3993 538 4049 Item
570 4011 585 4049 :
613 3992 1048 4049 Ministrantibus
1109 3993 1219 4050 illis
1266 3993 1491 4049 Domino
1532 4010 1594 4049 ac
1622 3994 1992 4065 jejunantibus

396 4087 546 4140 dixit
589 4085 825 4158 Spiritus
870 4096 1132 4142 sanctus:
1182 4085 1469 4158 Segregate
1510 4086 1643 4140 mihi
1683 4085 1993 4142 Barnabam

392 4190 451 4234 et
483 4178 708 4235 Saulum
747 4179 817 4233 ad
846 4166 975 4249 opus
1002 4178 1073 4234 ad
1099 4178 1239 4252 quod
1280 4196 1368 4235 eos
1414 4179 1664 4234 vocavi’.
1707 4178 1855 4235 Idem
1887 4178 1993 4235 hoc

401 4279 487 4327 est
514 4286 640 4326 cum
675 4273 782 4327 isto
808 4292 820 4326 :
871 4272 1126 4326 Dominus
1159 4281 1339 4326 autem
1366 4272 1504 4326 dixit
1533 4289 1553 4328 :
1591 4270 1875 4343 Ingredere
1899 4287 1993 4325 ur-

403 4362 539 4426 bem,
583 4372 632 4417 et
666 4363 737 4415 ibi
793 4362 1001 4416 dicetur
1050 4361 1299 4433 tibiquid
1345 4371 1394 4417 te
1436 4372 1676 4432 oporteat
1723 4364 1898 4431 facere
1922 4362 1987 4416 ‘°.

406 4453 579 4508 Item:
628 4451 722 4506 Illi
771 4453 936 4522 igitur
989 4454 1140 4508 missi
1185 4470 1218 4506 a
1262 4452 1467 4521 Spiritu
1514 4464 1700 4511 sancto
1746 4454 1988 4509 abierunt

475 4630 496 4664 ³
527 4628 717 4684 Matth.
745 4645 825 4694 xl,
858 4630 948 4685 27.
1026 4631 1048 4661 ³
1081 4628 1218 4686 Gen.
1249 4646 1288 4695 ι,
1325 4630 1380 4686 3.
1455 4630 1476 4662 ³
1510 4628 1671 4685 Joan.
1705 4644 1744 4698 ι,
1773 4628 1826 4684 9.
1918 4629 1940 4660 δ
1974 4627 1988 4684 I

2092 4629 2255 4696 lxut,
2281 4630 2333 4684 5.

2092 3278 2183 3316 ται
2228 3260 2291 3315 τὸ
2331 3260 2559 3332 Πνεῦμα
2603 3274 2666 3315 το
2708 3260 2899 3330 ἅγιον·
2935 3259 3177 3315 λαλεῖται
3227 3260 3271 3292 ⁸⁸
3324 3262 3384 3315 ὲν
3442 3258 3621 3327 ἁγίοις
3656 3259 3688 3310 6

2092 3350 2366 3423 Χριστὸς,
2417 3350 2660 3407 λαλεῖται
2718 3351 2780 3407 τὸ
2825 3351 3053 3424 Πνεῦμα
3097 3352 3159 3406 τὺ
3215 3350 3370 3420 ἅγιον
3397 3367 3413 3383 ο
3466 3351 3608 3403 ἰᾶται
3651 3349 3685 3400 6

2093 3443 2363 3514 Χριστὸς,
2409 3443 2556 3497 ἰᾶται
2588 3442 2650 3497 τὸ
2692 3443 2918 3515 Πνεῦμα
2960 3442 3025 3497 τὸ
3072 3442 3258 3511 ἅγιονο
3292 3440 3509 3513 ἁγιάζει
3551 3442 3685 3514 Χρι-

2094 3536 2250 3603 στδς,
2279 3537 2497 3607 ἁγιάζει
2521 3535 2583 3591 τὸ
2608 3534 2832 3608 Πνεῦμα
2861 3534 2924 3589 τὸ
2949 3534 3105 3604 ἅγιον
3125 3550 3140 3565 θ
3172 3532 3421 3604 βαπτίζει
3450 3532 3686 3605 Χριστὸς

2093 3628 2152 3683 ἐν
2174 3627 2253 3699 τῷ
2277 3628 2499 3700 ὀνόματι
2531 3626 2696 3682 αὑτοῦ
2720 3668 2736 3695 ,
2766 3625 3017 3699 βαπτίζει
3042 3624 3105 3680 τὸ
3145 3624 3372 3695 Πνεῦμα
3419 3623 3481 3679 τὸ
3506 3622 3683 3693 ἅγιον.

2094 3718 2252 3775 Οὑτω
2278 3719 2529 3790 λέγουσιν
2559 3722 2616 3775 αἱ
2637 3718 2851 3793 Γραφαί
2876 3735 2892 3752 ο
2932 3717 3315 3783 Ἀποστελεῖς
3342 3718 3412 3773 τὸ
3439 3717 3685 3788 Πνεῦμα

2093 3825 2213 3867 σου
2235 3850 2251 3877 ,
2311 3810 2411 3867 καὶ
2456 3811 2828 3879 άνακαινιεῖς
2881 3811 2949 3865 τὸ
3008 3811 3339 3881 πρόσωπον
3383 3809 3496 3879 τῆς
3532 3809 3640 3880 τῆς
3666 3825 3681 3838 ⁸

2092 3903 2278 3972 ὅμοιον
2305 3901 2384 3974 τῷ
2409 3901 2589 3973 λέγειν
2606 3943 2622 3967 ,
2673 3902 3138 3969 Ἐξαποστελεῖς
3176 3900 3287 3957 τὸν
3313 3902 3513 3973 Λόγον
3541 3917 3681 3967 σου,

2094 3995 2194 4050 καί
2243 3994 2448 4064 τήξεις
2491 3994 2665 4050 αὐτά.
2717 4025 2790 4035 -
2829 3995 3351 4065 Λειτουργούντων
3402 3992 3472 4046 δὲ
3523 3991 3685 4059 αὐτῷ

2093 4088 2175 4157 τῷ
2198 4090 2395 4159 Κυρίῳ
2423 4088 2521 4143 καὶ
2550 4091 2977 4158 νηστευόντων
2999 4126 3015 4154 ,
3048 4083 3182 4143 εἷπε
3225 4086 3293 4142 τὸ
3337 4085 3584 4155 Πνεῦμα
3614 4084 3683 4139 τὸ

2093 4180 2284 4250 ἄτιον,
2332 4178 2676 4249 Ἀφορίσατέ
2704 4195 2806 4249 μοι
2834 4175 3154 4247 Βαρνάϐαν
3185 4174 3285 4231 καί
3321 4174 3562 4230 Σαῦλον
3595 4175 3683 4240 είς

2092 4272 2160 4326 τὸ
2210 4271 2391 4343 ἔργον
2413 4310 2429 4336 ,
2477 4270 2510 4325 ὃ
2563 4269 3021 4339 προσκέκλημαι
3070 4269 3295 4334 αὐτούς
3317 4283 3334 4298 ο
3367 4266 3556 4337 ὅμοιον
3603 4263 3683 4335 τῷ

2092 4365 2289 4430 εἰπεῖν,
2340 4364 2394 4417 Ὀ
2425 4363 2495 4417 δὲ
2527 4365 2745 4433 Κύριος
2770 4359 2943 4418 εἶπεν
2962 4378 2978 4392 ·
3027 4362 3288 4417 Elim/we
3318 4361 3407 4425 είς
3434 4358 3550 4427 τὴν
3575 4358 3682 4411 πό-

2092 4458 2215 4523 λιν,
2259 4454 2438 4512 κάκεῖ
2458 4453 2876 4523 λαληθήσεταί
2913 4468 3014 4509 σοι
3046 4453 3105 4509 τί
3135 4466 3211 4508 σε
3245 4451 3343 4507 δεῖ
3369 4449 3584 4505 ποιεῖν.
3612 4478 3682 4492 -

2436 4631 2459 4663 ⁸
2495 4629 2613 4687 Joel
2649 4647 2713 4693 tt,
2741 4631 2833 4687 28.
2909 4634 2930 4666 ⁸
2966 4632 3123 4689 Rom.
3153 4647 3243 4697 xv,
3322 4630 3342 4661 ⁷
3372 4628 3520 4687 Psal.
3560 4641 3677 4694 cm,

405 4702 494 4757 1ο.
567 4700 590 4733 ⁸
624 4700 772 4758 Psal.
802 4714 1005 4764 cnvtt,
1039 4700 1127 4755 18.
1200 4702 1223 4771 9
1253 4701 1379 4757 Act.
1411 4717 1534 4768 xui,
1562 4700 1627 4771 2.
1651 4700 1705 4771 8.
1783 4700 1829 4732 ¹⁰
1855 4699 1980 4771 Act.

2126 4700 2174 4755 7.
2255 4701 2296 4732 ¹¹
2328 4701 2537 4759 Desunt
2572 4702 2686 4758 haec
2708 4703 2902 4761 haeresi
2936 4703 3021 4757 74.
3102 4705 3144 4735 ³⁸
3188 4701 3351 4758 Deest
3382 4700 3443 4755 τὸ
3471 4698 3680 4771 ὁρώμε-

403 4788 515 4825 νον.
592 4771 636 4804 ³⁸
661 4789 751 4842 γρ.
782 4771 1136 4834 ὑποστάσεως
1159 4770 1220 4837 ἐξ
1240 4771 1336 4826 ὑπ.
1414 4771 1461 4802 ¹⁸
1487 4787 1579 4841 1p.
1618 4769 1773 4825 λαλεῖ
1797 4769 2104 4844 utrobique.

406 4949 516 5025 (Emi
558 4946 905 5025 Αιθέίηίῖῗίθιῖ
932 4947 1209 5025 ,οειθιπδὲί
1263 4961 1410 5002 anno
1429 4944 1608 5025 ,δεῖς
1665 4945 1723 5025 il}
1767 4960 1878 5015 (ιιιο
1928 4945 1986 5001 So
2022 4928 2217 5006 Desse
2242 4957 2358 5007 tres
2390 4951 2444 5006 in
2484 4953 2686 5010 divinis
2732 4967 2999 5025 personas
3041 4954 3221 5011 lateri.
3253 4953 3524 5010 Caeterum
3550 4966 3678 5025 nie-

406 5020 742 5075 Athanasius
773 5018 1108 5075 dissidentes
1162 5018 1305 5073 inter
1342 5032 1401 5073 se
1429 5015 1620 5072 Patres
1651 5014 1719 5070 ad
1748 5014 1983 5072 concor-

405 5092 551 5145 diam
582 5090 809 5144 miritlce
842 5091 1118 5145 revocavit
1140 5128 1157 5155 ,
1190 5089 1327 5159 ipsis
1370 5087 1673 5159 detegendo
1700 5085 1980 5159 diversum

403 5164 555 5216 vocis
580 5160 929 5225 ὑποστάσεως
972 5174 1163 5228 usum;
1204 5157 1314 5229 quo
1348 5164 1402 5214 et
1454 5158 1702 5229 nolentes
1732 5157 1982 5229 implicag

404 5232 623 5286 bantur.
678 5230 751 5286 De
790 5247 890 5286 usu
935 5230 1180 5300 ejusdem
1224 5228 1394 5300 ’vocis
1444 5228 1794 5300 ὑποστάσεως
1833 5228 1979 5298 apud

404 5300 768 5371 Epiphanium
805 5298 1052 5356 nostrum
1080 5299 1456 5371 inspicien_dus
1486 5298 1817 5371 locusillius
1849 5314 1981 5369 pm-

403 5368 559 5427 séns:
595 5372 938 5442 inspicienda
970 5379 1025 5427 et
1066 5368 1187 5442 loca
1220 5371 1277 5425 in
1327 5368 1565 5442 Panario
1609 5368 1877 5442 plurima,
1922 5377 1980 5442 et

441 5438 705 5497 τεθεριιὶιὴ
762 5457 1024 5498 numerus
1065 5442 1131 5495 16
1172 5441 1227 5496 in
1272 5441 1464 5497 haeresi
1509 5438 1882 5497 75.7Prol‘ecto
1915 5440 1972 5496 S.

444 5516 634 5570 asilius
660 5513 889 5579 Magnus
930 5515 985 5569 in
1023 5511 1267 5582 Epistula
1308 5511 1377 5566 ad
1414 5511 1591 5582 ipsum
1624 5510 1981 5582 Epiphaniam

399 5584 547 5655 data,
598 5601 721 5655 quae
743 5584 899 5652 juxta
928 5581 1301 5655 recensionemr
1327 5581 1520 5655 novam
1568 5590 1652 5637 est
1698 5585 1754 5637 in
1783 5581 1979 5655 ordine

398 5654 524 5725 $58.
556 5652 689 5711 toin.
723 5655 789 5710 Ill
820 5655 1073 5725 Garner.,
1117 5669 1240 5725 pag.
1291 5652 1433 5714 592,
1467 5654 1624 5725 laetus
1666 5653 1869 5725 gaudet
1921 5661 1977 5708 et

399 5723 701 5799 Epiphanio
728 5722 1224 5799 gratulaturpqitod
1259 5723 1511 5799 statuerit
1539 5722 1601 5776 τὸ
1623 5722 1773 5795 τρεῖς
1801 5722 1974 5799 ἀναγι-

402 5792 553 5857 κὰἰὸν
581 5792 845 5864 είναιῖιὰς
874 5792 1206 5860 ὑποστάσεις
1250 5793 1554 5865 ὁμολογεῖν,
1595 5792 1971 5861 necessarium

2082 5029 2311 5077 morata:
2346 5023 3078 5095 usurpationis—varietatem
3110 5041 3225 5097 pra;
3270 5026 3447 5080 oculis
3477 5023 3677 5097 habent

2077 5106 2304 5149 necesse
2334 5102 2418 5167 est
2453 5093 2740 5167 theologia:
2766 5097 3072 5161 studiosus,
3111 5093 3164 5153 si
3195 5095 3419 5167 Patrum
3469 5093 3675 5167 doctri-

2076 5176 2178 5219 nas
2224 5171 2281 5236 et
2331 5162 2468 5220 falsa
2503 5162 2891 5236 haereticorum
2947 5182 3109 5222 sensa
3154 5166 3374 5236 assequj
3415 5164 3566 5221 velit.
3610 5164 3675 5218 ω

2076 5234 2324 5307 exemplo
2351 5251 2439 5291 res
2472 5236 2687 5307 planior
2717 5236 2831 5303 ﬁat,
2868 5234 3172 5293 Sabelliani
3208 5234 3312 5292 Dei
3331 5234 3531 5307 Filium
3562 5251 3674 5305 μο-

2076 5306 2318 5388 νοούσιον
2352 5305 2732 5388 appellabant,
2777 5307 2926 5379 quod
2969 5319 3122 5388 recto
3182 5323 3352 5363 sensu
3376 5305 3673 5388 theologus

2077 5376 2355 5444 accipiens
2390 5391 2499 5447 non
2531 5376 2824 5447 rejiceret';
2859 5393 2989 5433 vere
3013 5379 3162 5436 enim
3199 5376 3514 5447 μονοούσιος
3562 5377 3672 5430 sic-

2083 5453 2142 5518 ut
2190 5454 2244 5500 et
2291 5446 2597 5518 ὀμοοὺσιος
2627 5456 2711 5503 est
2757 5448 2856 5503 Dei
2914 5447 3113 5505 Filius.
3161 5446 3323 5505 Absit
3374 5455 3559 5518 tamen
3613 5452 3673 5499 ut

2076 5514 2350 5591 haereticis
2382 5518 2489 5573 illis
2515 5519 2895 5591 adhaereatnus
2921 5561 2938 5588 ,
2982 5520 3186 5591 quippe
3215 5520 3309 5589 qui
3342 5517 3535 5579 οὐσίας
3567 5531 3673 5570 no-

2076 5586 2220 5641 mine
2248 5602 2542 5655 personam
2570 5586 3188 5646 denotabant'et’una'm
3232 5586 3453 5658 tantum
3481 5600 3673 5658 pergo:

2072 5671 2199 5733 gent
2247 5653 2623 5733 agnoscebant
2664 5660 2720 5717 in
2754 5661 3001 5731 divinis,
3057 5660 3190 5718 dum
3232 5653 3547 5733 μονοούσιον
3574 5653 3669 5711 Dei

2071 5727 2269 5784 Filium
2288 5727 2576 5787 dicebant.

3525 5912 3571 5942 ,ἓν
