4018 6210
329 4820 396 4871 1"
490 4821 506 4852 ¹
541 4837 633 4890 γρ.
671 4817 907 4890 Χριστὸς
953 4819 1115 4873 εἴποι.

406 305 500 370 l4!

1825 292 2266 362 ANCORA'I‘US.

3573 293 3676 348 ιιιει

404 419 583 480 οὗτοι
630 421 750 499 μέν
802 415 917 476 οὖν
976 417 1420 489 ἐκπεμφθέντες
1481 413 1600 469 ὑπὸ
1653 413 1759 470 τοῦ
1814 414 1988 483 ἀγίου

2099 409 2465 478 Seleuciam’;
2499 406 2960 482 quemadmodum
2989 406 3248 464 Christus
3273 407 3394 479 ipse
3421 405 3668 462 diceret.

401 515 751 583 ιίνεύματος
773 551 790 577 ,
836 510 1143 580 κατῆλθον
1197 512 1284 576 εις
1327 507 1688 562 Σελεύκειαν
1715 522 1728 535 ·
1792 504 1869 569 ὡς
1922 503 1989 559 ἂν

403 604 549 658 εἴποι.
594 603 865 676 Χριστὸς,
927 601 1076 658 Ἰδοὺ
1109 599 1470 656 ἀποστέλλω
1517 595 1674 669 ὑμᾶς
1729 595 1811 662 ὠς
1847 594 1990 664 πρό-

401 698 553 754 ϐατα
585 696 658 751 έν
694 696 866 768 μέσῳ
904 695 1130 750 λύκων.
1170 721 1242 733 —-
1277 690 1496 755 Ἔδοξε
1529 688 1640 760 γὰρ
1682 685 1765 754 τῷ
1801 685 1992 741 Πνεύ-

396 807 540 861 ματι
603 787 685 854 τῷ
748 786 896 858 ἀγίφ
937 784 1136 856 μηδὲν
1189 783 1348 838 ἄλλο
1395 781 1764 835 ἐπιτίθεσθαι
1798 776 1992 845 ,βάρος

401 883 572 951 πλὴν
621 880 741 935 τῶν
772 877 1141 950 ἐπάναγκες·
1181 877 1257 940 ὡς
1295 875 1362 929 ἂν
1415 873 1561 929 εἴποι
1609 873 1649 938 ⁸,
1713 871 1878 942 Λέγω
1924 869 1990 924 δέ

400 977 515 1028 οὐκ
543 972 680 1042 ἐγὼ,
711 971 850 1026 ἀλλ’
882 973 914 1025 ό
947 970 1164 1038 Κύριος
1195 967 1294 1038 (‘9),
1330 965 1588 1038 γυναῖκα
1619 963 1740 1020 ἀπὸ
1768 962 1991 1032 ἀνδρὸς

396 1067 484 1137 μὴ
517 1063 904 1138 χωρισθῆναι.
931 1095 1002 1105 -
1033 1061 1292 1132 Διῆλθον
1337 1058 1406 1114 δέ
1441 1058 1558 1128 τὴν
1597 1058 1860 1129 Φρυγίαν
1891 1055 1990 1111 καὶ

403 1159 520 1229 τὴν
571 1139 923 1225 Γαλατικὴν
978 1155 1211 1225 χώραν,
1283 1150 1656 1218 κωλυθέντες
1711 1149 1828 1205 ἀπὸ
1883 1147 1989 1203 τοῦ

406 1246 753 1315 Πνεύματος
795 1241 904 1298 τοῦ
931 1242 1106 1314 ἀγίου
1144 1239 1418 1310 λαλῆσαι
1463 1241 1574 1295 τὸν
1597 1241 1784 1310 λόγον
1811 1240 1881 1294 έν
1913 1236 1989 1309 τῇ

416 1341 580 1407 Ἀσίᾳ
606 1355 622 1370 ο
661 1337 945 1404 ἐλθόντες
981 1335 1054 1390 δὲ
1085 1337 1173 1402 εὶς
1221 1334 1338 1404 τὴν
1369 1333 1650 1396 Μυσίαν,
1683 1329 1992 1401 ἐπείραζον

401 1435 490 1498 εἰς
527 1431 645 1500 τὴν
697 1429 985 1485 Βιθυνίαν
1037 1429 1427 1498 πορεύεσθαι,
1467 1427 1567 1480 καὶ
1618 1426 1732 1481 οὐκ
1780 1425 1992 1478 alacer

403 1525 626 1592 αὐτοὺς
653 1523 720 1577 τὸ
750 1522 993 1592 Πνεῦμα
1026 1539 1040 1554 ·
1076 1521 1152 1586 ὡς
1181 1520 1248 1576 ἂν
1286 1523 1430 1576 εἴποι
1464 1519 1734 1594 Χριστὸς,
1765 1522 1989 1588 Πορευ-

405 1620 610 1684 θέντες
649 1617 994 1684 ⁴βαπτίσαιέ
1046 1613 1247 1669 πάντα
1285 1614 1358 1670 τὰ
1397 1615 1565 1683 ἔθνη.
1624 1611 1723 1681 Μὴ
1751 1609 1989 1677 ,ϐαστά-

403 1708 536 1777 (nte
576 1707 797 1778 πήραν,
829 1707 916 1778 μὴ
942 1706 1171 1776 ῥάϐδον
1195 1703 1352 1776 μηδὲ
1383 1704 1761 1774 ὑποδήματα.
1795 1733 1862 1744 -
1895 1701 1991 1756 02'—

2091 501 2228 556 Ecce
2248 503 2402 556 mitto
2426 518 2515 558 vos
2537 502 2675 558 sicut
2701 517 2818 557 oves
2851 501 2907 556 in
2927 500 3100 556 medio
3150 498 3394 569 luporum
3425 499 3466 555 ³.
3499 500 3672 562 Item;

2103 592 2284 648 Visum
2316 602 2394 648 est
2427 592 2653 662 Spiritui
2684 601 2870 647 sancto
2898 592 3029 647 nihil
3068 591 3216 647 aliud
3242 593 3508 660 imponere
3530 587 3673 646 vobis

2091 686 2264 741 oneris
2308 695 2501 755 praeter
2545 684 2656 740 htec
2706 685 3005 740 necessaria
3055 682 3096 738 ‘.
3147 681 3285 738 Cum
3325 697 3435 752 quo
3482 681 3673 737 eodem

2093 775 2237 831 istud
2273 775 2469 830 recidit
2500 793 2514 830 :
2567 773 2702 829 Dico
2768 785 2943 830 autem
2975 791 3079 829 non
3115 791 3232 846 ego,
3273 773 3364 829 sed
3397 774 3672 832 Dominus.

2091 887 2308 926 uxorem
2344 870 2409 923 ab
2449 869 2656 923 homine
2685 884 2789 921 non
2837 869 3078 937 separari
3103 868 3144 920 ⁵.
3201 867 3371 922 Item:
3411 865 3677 937 Peragra-

2092 974 2215 1018 runt
2245 979 2366 1018 vero
2398 960 2689 1032 Phrygiam
2722 971 2771 1012 et
2811 957 3041 1014 Calatia:
3069 969 3318 1024 tractum,
3350 959 3602 1027 prohibiti
3642 976 3676 1012 ι

2094 1054 2302 1126 Spiritu
2337 1063 2526 1109 sancto
2565 1051 2860 1122 pra'dicare
2891 1050 3102 1105 verbum
3142 1052 3196 1104 in
3225 1052 3377 1105 Asia.
3409 1049 3546 1106 Cum
3573 1065 3672 1104 au-

2095 1158 2194 1202 tem
2237 1146 2594 1218 pervenissent
2640 1144 2696 1196 in
2735 1140 2990 1214 Mysiam,
3041 1140 3372 1195 conabantur
3401 1143 3455 1194 in
3493 1139 3678 1212 Bithy-

2094 1241 2240 1295 niam
2267 1237 2575 1309 proﬁcisci:
2605 1251 2768 1307 neque
2794 1234 2914 1289 sivit
2966 1249 3054 1288 eos
3105 1230 3338 1301 Spiritus
3371 1242 3588 1288 sanctus
3612 1234 3672 1300 ’ς

2093 1331 2320 1404 perinde
2361 1346 2426 1386 ac
2451 1329 2706 1385 Christus
2739 1327 2874 1386 diﬁl.
2904 1346 2919 1380 :
2956 1324 3153 1380 Euntes
3195 1325 3463 1395 baptisate
3496 1341 3677 1379 omnes

2087 1433 2265 1494 gentes
2290 1421 2331 1476 τ.
2374 1420 2556 1476 Nolite
2609 1430 2823 1489 portare
2868 1433 3049 1488 peram
3087 1431 3250 1487 neque
3289 1416 3488 1486 virgam
3519 1431 3680 1485 neque

2090 1514 2457 1569 calceamentis
2497 1513 2540 1568 ⁸.
2585 1512 2716 1568 Item
2761 1530 2776 1567 :
2817 1511 2924 1578 Qui
2968 1508 3177 1580 quidem
3219 1507 3393 1562 Paulo
3435 1505 3680 1564 dicebant

2090 1624 2182 1678 per
2203 1605 2484 1677 Spiritum,
2518 1623 2581 1660 ne
2612 1603 2916 1660 ascenderet
2952 1602 3326 1674 Hierosolyma
3345 1603 3368 1634 ’
3393 1621 3408 1658 :
3439 1609 3493 1658 et
3536 1601 3676 1674 Aga-

2092 1700 2235 1756 bus:
2290 1697 2418 1752 Ha’c
2473 1696 2604 1751 dicit
2657 1696 2890 1766 Spiritus
2927 1711 2946 1749 :
3000 1693 3188 1749 Virum
3235 1693 3388 1764 cujus
3434 1702 3515 1750 est
3567 1693 3680 1750 ha'e

403 1763 596 1866 τινες,
627 1763 1058 1869 ᾆησὶιι,.έλεγον
1084 1793 1165 1862 τῷ
1194 1763 1414 1860 Παύλῳ
1451 1793 1550 1849 διὰ
1565 1763 1685 1850 ’τοῦ
1713 1794 1988 1863 Πνεῦμα-

2099 1809 2230 1846 eona
2265 1791 2330 1845 ¹⁶.
2371 1789 2472 1846 Cui
2513 1763 2806 1846 simile-est
2841 1787 2973 1843 illud
3016 1786 3264 1858 Apostoli
3298 1763 3312 1840 ξ
3349 1785 3432 1840 Αη
3473 1787 3676 1856 experi-

403 1907 538 1957 τος,
590 1889 677 1960 μὴ
725 1888 1071 1943 ἀναϐαίνειν
1112 1890 1200 1953 εις
1274 1885 1696 1957 Ἰερουσαλήμ·
1757 1884 1993 1956 Ἀγαόός

403 1997 572 2052 φησι·
611 1977 755 2033 Τάδε
797 1975 960 2047 λέγει
1005 1976 1073 2030 τὸ
1103 1976 1348 2046 Πνεῦμα
1385 1975 1451 2030 τὸ
1481 1975 1654 2044 ἅγιον
1678 2015 1693 2040 ,
1736 1976 1848 2029 Τὸν
1884 1972 1993 2028 dre

403 2069 518 2138 δρα
561 2065 635 2125 οὗ
683 2069 856 2123 ἐστιν
902 2069 942 2138 ἡ
987 2065 1136 2136 ζώνη
1174 2067 1327 2136 αὕτη
1356 2084 1372 2100 ο
1427 2066 1630 2138 ὁμοίως
1675 2065 1810 2120 ὡσεὶ
1840 2065 1993 2135 ὒεγε

405 2157 648 2222 Παῦλος,
681 2159 751 2211 El
799 2154 1057 2224 δοκιμὴν
1086 2153 1404 2224 ζητοῦντες
1437 2155 1546 2210 τοῦ
1595 2154 1666 2208 έν
1719 2155 1848 2220 ἐμοὶ
1879 2154 1991 2226 (10)

405 2250 744 2316 λαλοῦντος
799 2249 992 2313 Θεοῦ;
1042 2247 1098 2320 ἢ,
1152 2247 1572 2319 Μνημονεύετε
1627 2246 1746 2301 τῶν
1796 2247 1995 2317 λόγων

406 2343 652 2411 Κυρίου,
679 2341 768 2396 ὅτι
787 2340 972 2408 αὐτὸς
997 2341 1187 2404 εἶπεν,
1217 2339 1476 2410 Ἀγαθὸν
1501 2339 1732 2393 διδόναι
1751 2337 1996 2408 μᾶλλον

406 2433 446 2504 ἢ
484 2432 830 2503 λαμϐάνειν.
861 2463 933 2475 σ-
952 2431 1066 2486 Kal
1100 2430 1218 2486 νῦν
1264 2431 1394 2486 ἰδοὺ
1428 2429 1542 2501 ἐγὼ
1574 2429 1893 2501 δεδεμένος
1916 2429 1996 2497 τῷ

407 2525 707 2594 Πνεύματι
745 2523 1072 2593 πορεύομαι
1096 2538 1110 2554 ’
1144 2522 1222 2588 ὡς
1256 2523 1434 2587 εἴποι,
1471 2521 1716 2589 Παῦλος
1751 2520 1995 2590 δέσμιος

417 2614 616 2683 Ἰησοῦ
645 2612 924 2683 Χριστοῦ.
955 2644 1024 2655 -
1049 2611 1225 2681 Πλὴν
1250 2612 1317 2667 τὸ
1352 2613 1594 2684 Πνεῦμά
1617 2630 1720 2683 μοι
1752 2612 1996 2683 διαμαρ-

407 2707 644 2776 τύρεται
670 2705 822 2760 κατὰ
844 2707 1028 2760 πόλιν
1046 2703 1260 2774 λέγον·
1301 2706 1486 2777 ὅμοιον
1522 2705 1600 2778 τῷ
1641 2709 1842 2774 εἰπεῖν,
1881 2705 1996 2761 Κύ-

399 2814 534 2866 ριος
546 2796 840 2866 μαρτῳεῖ
861 2794 938 2865 τῇ
964 2793 1079 2865 ἐμῇ
1105 2795 1283 2866 ψυχῇ
1309 2795 1398 2850 ὅτι
1429 2797 1500 2851 οὑ
1531 2795 1853 2866 ψεύδομαι.
1893 2798 1997 2852 Ἐν

403 2887 660 2960 δυνάμει
702 2889 855 2944 κατὰ
883 2889 1128 2959 Πνεῦμα
1157 2887 1526 2957 ἁγιωσύνηςο
1561 2889 1745 2960 ὅμοιον
1787 2891 1866 2958 τῷ
1913 2889 1996 2942 εὶ-

408 2981 532 3033 πεῖν
551 3019 566 3044 ,
600 2979 805 3049 Ἀγιος
837 2982 871 3033 ό
895 2979 967 3033 έν
1003 2978 1194 3049 ἁγίοις
1220 2977 1681 3049 ἀναπαυόμενος
1710 2979 1846 3050 (II),
1878 2979 1994 3044 καὶ,

2095 1877 2326 1938 mentum
2371 1881 2612 1954 quaeritis
2674 1880 2934 1951 loquentis
2983 1880 3145 1934 inme
3194 1876 3504 1934 Christi“?
3540 1879 3675 1935 vel:

2096 1975 2412 2031 Mementote
2460 1975 2735 2030 verborum
2782 1972 3018 2038 Domini,
3049 1972 3302 2042 quoniam
3344 1973 3455 2040 ipse
3499 1970 3679 2027 dixit:

2097 2063 2293 2117 Helius
2340 2073 2419 2118 est
2460 2062 2610 2127 dare,
2654 2079 2815 2134 quam
2855 2062 3088 2130 accipere
3113 2061 3178 2116 ".
3216 2061 3391 2118 Item:
3433 2060 3501 2115 Et
3543 2079 3680 2118 nunc

2095 2171 2187 2226 ego
2230 2153 2434 2225 Spiritu
2475 2153 2732 2225 alligatus
2765 2153 2892 2208 abeo
2917 2153 2982 2208 ".
3023 2152 3190 2218 Quasi
3232 2150 3420 2206 dicat:
3476 2151 3680 2210 Paulus

2095 2249 2298 2302 uinctus
2325 2246 2455 2302 Iesu
2485 2245 2686 2302 Christi
2717 2245 2781 2302 “.
2820 2245 2955 2302 Item
2981 2264 2994 2300 :
3042 2242 3416 2300 Verumtamen
3447 2243 3681 2316 Spiritus

2064 2347 2426 2401 _contestatur
2453 2338 2582 2412 mihi
2618 2352 2710 2408 per
2741 2336 2895 2390 urbes
2928 2333 3109 2390 dicens
3137 2335 3202 2387 “.
3232 2333 3560 2406 Cujusmodi
3599 2344 3686 2390 est

2097 2431 2230 2488 illud
2259 2452 2272 2487 :
2301 2431 2561 2487 Dominus
2593 2430 2742 2486 testis
2770 2437 2849 2484 est
2875 2429 3076 2484 animle
3099 2443 3226 2484 mete
3246 2427 3386 2499 quod
3413 2445 3518 2483 non
3538 2444 3682 2483 men-

2098 2527 2204 2580 tior
2227 2525 2294 2580 “.
2335 2524 2404 2580 In
2449 2526 2639 2580 virtute
2678 2521 2965 2578 secundum
3001 2519 3264 2592 Spiritum
3290 2522 3683 2592 sanctiﬁcatio-

2097 2620 2182 2673 nis
2210 2619 2252 2649 "
2285 2636 2299 2673 :
2336 2617 2516 2673 simile
2535 2623 2626 2673 est
2662 2616 2790 2671 huic
2822 2635 2836 2672 :
2871 2613 3104 2670 Sanctus
3143 2615 3201 2669 in
3235 2615 3438 2670 sanctis
3479 2614 3685 2686 requie-

2099 2728 2246 2767 scens
2272 2709 2339 2767 ¹⁶.
2363 2709 2497 2766 ιιειιι
2525 2728 2538 2764 :
2577 2708 2930 2766 Circumcisio
2958 2706 3136 2764 cordis
3165 2708 3220 2764 in
3247 2707 3454 2778 Spiritu
3478 2709 3546 2766 ".
3577 2707 3682 2764 Cui

2098 2801 2395 2875 respondet
2427 2801 2600 2858 illud:
2639 2801 2710 2856 Et
2747 2801 3092 2857 circumcisus
3132 2800 3534 2856 circumcisione
3578 2815 3684 2854 nou

2099 2911 2263 2950 manu
2290 2895 2460 2966 facta,
2493 2895 2547 2949 in
2585 2892 2972 2962 exspoliatione
2995 2893 3231 2962 corporis
3249 2901 3608 2962 peccatorum,
3628 2892 3687 2946 in

2101 2987 2502 3042 circumcisione
2532 2984 2737 3041 Christi
2761 2987 2828 3041 ¹⁰.
2855 2982 2992 3040 Illud
3020 3000 3150 3040 vero
3179 3002 3192 3038 :
3233 2982 3294 3038 Si
3319 2983 3551 3054 Spiritus
3591 2982 3687 3038 Dei

407 3070 844 3141 Περιετμήθητε
867 3070 1154 3141 περιτομῇ
1177 3070 1608 3141 ἀχειροποιήτῳ
1639 3072 1710 3125 ἐν
1737 3071 1995 3126 ἀπεκδύ-

2101 3079 2307 3135 habitat
2349 3079 2404 3133 in
2433 3077 2577 3134 vobis
2600 3079 2668 3144 ¹¹,
2701 3075 2830 3133 huic
2868 3086 2951 3132 est
3000 3076 3194 3132 aliine:
3231 3075 3688 3144 Quemadmodum

403 3178 506 3216 σει
552 3162 664 3218 τοῦ
712 3163 990 3232 σώματος
1043 3162 1166 3218 τῶν
1213 3161 1548 3232 ἁμαρτιῶν,
1600 3163 1670 3217 έν
1700 3161 1990 3235 περιτομῇ

407 3253 518 3308 τοῦ
559 3253 839 3323 Χριστοῦ.
884 3284 958 3296 -
1008 3254 1194 3323 Εἴπερ
1233 3254 1478 3324 Πνεῦμα
1530 3255 1679 3310 Θεοῦ
1725 3255 1875 3310 οἰκεῖ
1923 3255 1994 3310 ἐν

407 3344 580 3414 ὑμῖν·
625 3345 812 3416 ὅμοιον
838 3343 916 3416 τῷ
940 3344 1113 3399 εἰπεῖν
1133 3383 1148 3407 ,
1188 3341 1392 3410 Καθὼς
1435 3343 1681 3398 ἐλάϐετε
1711 3345 1992 3413 Χριστὸν,

406 3438 480 3492 ἐν
521 3434 684 3501 αὐτῷ
719 3435 1112 3504 περιπατεῖτε.
1146 3437 1258 3490 Καὶ
1283 3475 1296 3499 ,
1331 3434 1576 3505 Πνεῦμα
1601 3436 1823 3505 Κυρίου
1859 3435 1995 3491 ἐλά⁴

409 3531 604 3596 λησεν
631 3527 704 3580 έν
729 3525 862 3596 ἐμοι
885 3545 896 3556 ·
954 3526 1069 3592 καὶ,
1119 3527 1313 3597 Λόγος
1333 3526 1520 3581 αὑτοῦ
1542 3527 1612 3581 έν
1637 3524 1717 3593 τῷ
1741 3526 1998 3590 στόματί

405 3637 545 3690 μου.
576 3619 710 3686 Καὶ,
755 3617 874 3687 Τὴν
887 3618 1174 3689 ἀπαρχὴν
1208 3619 1317 3674 τοῦ
1347 3619 1695 3688 Πνεύματος
1725 3618 1992 3688 ἔχοντες

409 3713 598 3784 ὅμοιον
630 3710 708 3783 τῷ
743 3713 938 3776 εἰπεῖν,
1000 3711 1262 3782 Ἀπαρχὴ
1299 3713 1575 3782 Χριστός.
1632 3711 1798 3767 Ἀλλ’
1848 3710 1998 3767 αὐτὸ

411 3805 478 3859 τὸ
510 3804 756 3874 Πνεῦμα
795 3803 1304 3873 ὑπερεντυγχάνει
1355 3803 1508 3872 ὑπὲρ
1564 3803 1733 3873 ἡμῶν
1754 3820 1768 3835 ο
1813 3803 1999 3876 ὅμοιον

409 3895 491 3967 τῷ
524 3897 733 3962 εἰπεῖν,
769 3896 870 3962 Ὅς
901 3897 1074 3950 ἐστιν
1113 3896 1184 3948 ἐν
1215 3895 1386 3964 δεξιᾷ
1434 3896 1542 3952 τοῦ
1578 3897 1730 3951 Θεοῦ
1750 3935 1765 3962 ,
1801 3896 1870 3964 ὃς
1901 3896 2001 3951 καὶ

414 3989 769 4061 ἐντυγχάνει
805 3990 958 4060 ὑπὲρ
989 3991 1176 4062 ἡμῶν.
1215 4019 1282 4032 --
1299 3991 1425 4046 Ἵνα
1467 3990 1712 4062 γένηται
1739 3991 1778 4059 ἠ
1803 4005 1996 4061 προσ-

414 4083 570 4152 φορὰ
596 4082 717 4136 τῶν
760 4081 952 4147 ἐθνῶν
1007 4082 1457 4153 εὐπρόσδεκτος
1475 4122 1490 4146 ,
1539 4081 1898 4153 ἀγιασθεῖσα
1929 4081 2000 4137 έν

416 4175 714 4244 Πνεύματι
758 4175 934 4244 ἁγίῳ·
983 4175 1169 4246 ὅμοιον
1209 4174 1286 4246 τῷ
1326 4175 1522 4241 εἰπεῖν,
1581 4174 1633 4226 Ὁ
1681 4172 1751 4226 δὲ
1787 4175 2004 4242 Κύριος

414 4266 634 4338 ἁγιάζει
656 4268 811 4338 ὑμᾶς
830 4308 846 4333 ,
877 4268 981 4323 ἵνα
1001 4263 1109 4339 ἦτε
1133 4267 1478 4338 εἰλικρινεῖς
1500 4267 1597 4322 καὶ
1625 4268 2006 4336 ἀπρόσκοποι

413 4361 504 4425 είς
547 4360 778 4431 ἡμέραν
809 4361 1090 4431 Χριστοῦ.
1125 4392 1192 4402 -
1233 4361 1399 4432 Ἡμῖν
1442 4360 1513 4415 δέ
1556 4359 1668 4434 (12)
1699 4358 2008 4416 ἀπεκάλυ-

2093 3171 2367 3241 accepistis
2392 3169 2686 3233 Christum,
2711 3170 2762 3224 in
2794 3170 2910 3240 ipso
2939 3167 3210 3223 ambulate
3228 3169 3295 3223 “.
3328 3167 3417 3231 Et,
3451 3165 3684 3238 Spiritus

2095 3263 2312 3318 Domini
2340 3261 2548 3317 locutus
2573 3272 2651 3316 est
2677 3261 2732 3328 in
2764 3277 2845 3315 me
2861 3259 2944 3326 ”;
2990 3268 3067 3325 et,
3106 3258 3329 3314 Verbum
3363 3258 3479 3330 ejus
3512 3260 3568 3314 in
3597 3277 3688 3315 ore

2096 3370 2210 3408 meo
2240 3353 2322 3420 ²⁶;
2356 3353 2482 3408 item
2510 3369 2525 3407 :
2553 3350 2836 3406 Primitias
2860 3349 3094 3419 Spiritus
3111 3347 3361 3404 habentes
3375 3349 3443 3413 ³⁵,
3462 3348 3527 3403 ad
3556 3348 3689 3404 illud

2097 3445 2310 3501 accedit
2350 3461 2364 3498 :
2422 3442 2688 3498 Primitiae
2733 3441 2979 3498 Christus
3011 3440 3079 3495 “.
3133 3439 3240 3496 Sed
3287 3440 3400 3511 ipse
3451 3439 3688 3512 Spiritus

2096 3538 2332 3609 postulat
2361 3553 2456 3607 pro
2484 3536 2631 3591 nobis
2652 3537 2722 3601 ³⁷,
2773 3535 2914 3590 idem
2944 3541 3031 3590 est
3062 3549 3188 3591 cum
3217 3535 3309 3589 illo
3334 3551 3347 3588 :
3386 3533 3493 3602 Qui
3513 3543 3590 3588 est
3619 3533 3690 3587 ad

2101 3633 2372 3688 dexteram
2397 3629 2516 3700 Dei,
2537 3630 2628 3701 qui
2652 3629 2948 3698 interpellat
2965 3644 3062 3698 pro
3088 3627 3236 3682 nobis
3259 3627 3326 3681 ⁸⁸.
3354 3625 3423 3680 Ut
3449 3627 3523 3682 sit
3541 3624 3692 3682 abls-

2103 3729 2176 3782 tio
2197 3726 2428 3798 gentium
2453 3732 2687 3794 accepta,
2728 3723 3066 3792 sanctificata
3090 3722 3145 3776 in
3166 3719 3370 3790 Spiritu
3393 3729 3576 3775 saneto
3593 3719 3641 3752 ”
3672 3736 3687 3774 :

2102 3820 2190 3874 cui
2227 3819 2331 3874 hoc
2361 3816 2540 3873 simile
2561 3823 2647 3872 est
2678 3833 2693 3870 :
2729 3813 2990 3869 Dominus
3029 3823 3205 3868 autem
3240 3813 3540 3882 sancti/Scel
3572 3828 3686 3876 vos,

2103 3921 2161 3965 ut
2185 3911 2304 3967 sitis
2344 3909 2538 3965 sinceri
2582 3916 2635 3963 et
2672 3907 2776 3978 73
2817 3907 2932 3961 sine
2978 3906 3264 3976 ofensioue
3303 3905 3360 3960 in
3397 3905 3538 3959 diem
3573 3902 3690 3959 Do-

2104 3994 2236 4058 mini
2273 4003 2338 4058 ”.
2397 3999 2568 4056 Nobis
2613 4017 2732 4056 vero
2779 3998 3026 4054 reuelauit
3072 3997 3335 4054 Dominus
3377 4012 3470 4068 per
3523 3997 3690 4068 ipsius

2105 4091 2368 4162 Spiritum
2393 4091 2462 4156 ⁸¹,
2495 4091 2639 4150 idem
2669 4105 2794 4144 cum
2827 4088 2932 4142 isto
2973 4088 3094 4142 loco
3127 4087 3398 4159 signiﬁcat
3421 4104 3436 4141 :
3463 4085 3694 4153 Quando

2105 4183 2307 4253 placuit
2334 4183 2403 4246 ei,
2448 4183 2538 4253 qui
2573 4198 2652 4236 me
2685 4179 2976 4250 segregavit
3021 4179 3086 4234 ab
3126 4190 3275 4234 utero
3317 4167 3504 4232 matris
3539 4193 3688 4240 mew,

2103 4291 2197 4344 per
2236 4275 2467 4344 gratiam
2501 4273 2690 4343 ipsius,
2735 4271 2966 4326 revelare
2993 4271 3050 4326 in
3089 4287 3171 4325 me
3204 4268 3410 4324 Filium
3441 4285 3601 4324 suum
3619 4267 3686 4324 ³⁸.

2109 4363 2224 4421 Nos
2247 4375 2424 4420 autem
2451 4381 2556 4420 non
2589 4363 2771 4418 mundi
2807 4363 3054 4434 spiritum
3087 4363 3408 4433 accepimus,
3441 4361 3530 4418 sed
3563 4361 3690 4432 Spi-

415 4457 537 4524 ψεν
563 4458 598 4509 ό
620 4455 876 4524 Χριστὸς
903 4455 1000 4510 διὰ
1052 4456 1403 4526 Πνεύματος
1431 4455 1621 4514 αὐτοῦ
1649 4471 1661 4484 ³
1696 4455 1882 4526 ὅμοιον
1923 4451 1995 4524 τῷ

2111 4457 2273 4512 ritum
2310 4457 2406 4512 Dei
2429 4456 2498 4525 ³³,
2522 4472 2647 4512 cum
2668 4471 2734 4512 eo
2771 4456 3164 4512 conferendum
3204 4454 3356 4512 istud
3388 4463 3513 4511 est:
3560 4453 3692 4510 Vos-

415 4548 612 4614 ειπεῖν,
645 4548 783 4603 Ὅτε
803 4547 1146 4616 εὐδόκησεν
1174 4551 1206 4602 ό
1234 4547 1380 4613 Θεὸς
1401 4550 1434 4602 ό
1461 4547 1760 4617 ἀφορίσας
1789 4547 1860 4601 ἐκ
1887 4563 2002 4600 κοιί-

414 4639 555 4707 λίας
575 4640 801 4712 μητρός
819 4659 959 4711 μου,
987 4641 1086 4696 διὰ
1118 4640 1229 4710 τῆς
1261 4639 1504 4711 χάριτος
1522 4642 1710 4696 αὐτοῦ
1728 4683 1743 4709 ,
1773 4641 2000 4696 ἀποκα-

1195 4809 1359 4873 ²Ᾱει.
1419 4834 1541 4881 xIII,
1578 4819 1633 4874 4.

1747 4819 1768 4852 ³
1798 4819 1988 4874 Matth.
2027 4836 2081 4883 ι,
2127 4821 2213 4877 I6.

2108 4553 2355 4620 metipsos
2390 4551 2610 4619 probate
2649 4566 2776 4604 num
2807 4549 3048 4604 Christus
3082 4549 3150 4604 sit
3178 4549 3232 4602 in
3268 4547 3410 4603 vobis
3432 4547 3499 4601 “.
3536 4545 3692 4602 Temo

2109 4642 2257 4712 plum
2292 4642 2391 4697 Dei
2425 4641 2576 4708 estis,
2619 4650 2669 4695 et
2713 4640 2943 4710 Spiritus
2973 4639 3072 4694 Dei
3114 4639 3319 4694 habitat
3367 4640 3422 4692 in
3457 4639 3600 4695 vobis
3623 4637 3690 4702 ⁸⁸,

2327 4822 2496 4877 ‘Act.
2549 4837 2638 4888 xv,
2698 4819 2790 4875 28.

2894 4822 2916 4853 '
2955 4819 3131 4875 ICor.
3177 4835 3276 4884 νιι,
3314 4819 3404 4877 ιιι.
3506 4819 3528 4849 ⁸
3566 4819 3690 4877 Aet.

420 4906 530 4951 XVI,
564 4889 618 4944 ϐ.
694 4889 940 4945 ⁷Μιιιι1ι.
977 4905 1166 4953 XXVIII,
1209 4889 1298 4944 19.
1373 4889 1395 4921 ⁸
1426 4889 1619 4943 Matth.
1664 4905 1719 4948 χ.
1760 4889 1850 4954 10;
1886 4891 2026 4945 Mar.
2059 4907 2134 4956 VI,
2162 4893 2214 4947 8.
2292 4892 2314 4923 ⁸
2344 4893 2465 4946 Act.
2499 4908 2612 4955 xxI,
2655 4892 2708 4945 4.
2790 4891 2832 4923 ¹⁶
2870 4891 3000 4946 ibid.
3043 4892 3127 4946 II.
3207 4893 3247 4923 “
3283 4889 3324 4946 II
3353 4891 3480 4947 Cor.
3511 4892 3690 4954 xtll,5.

420 4963 464 4994 “'
495 4961 616 5016 Act.
660 4975 751 5025 xx,
791 4961 881 5015 35.
937 4961 980 4993 "
1010 4959 1140 5015 ibid.
1169 4960 1261 5015 22.
1341 4958 1384 4991 ιδ
1416 4959 1648 5015 Philem.
1688 4959 1739 5015 7.

418 5032 508 5088 I5.
600 5033 642 5063 "
674 5030 931 5093 Rom..II,
989 5030 1078 5085 29.

417 5118 535 5166 νιιι,
569 5101 678 5170 25.
736 5102 783 5133 ²⁸
816 5099 884 5155 ΙΙΙ
915 5101 1175 5170 Βρε.ινιι
1205 5101 1299 5170 24.
1379 5102 1426 5134 ³⁸
1456 5101 1473 5156 I
1513 5099 1640 5157 Cor.
1673 5117 1762 5165 xv,
1790 5101 1881 5170 25.

1179 4960 1261 5015 Β.
1341 4960 1384 4991 ιδ
1416 4960 1648 5015 Philem.
1688 4960 1739 5015 7.
1849 4960 1892 4992 ’⁵
1922 4960 1995 5014 Ac

1179 5033 1224 5063 ²⁰
1257 5030 1471 5086 Coloss.
1514 5047 1575 5093 ιι,
1618 5031 1706 5085 Η.
1783 5030 1829 5064 ²¹
1860 5028 1879 5083 I
1907 5030 1995 5086 C01

2099 4977 2157 5025 ιι,
2197 4962 2280 5018 12.
2382 4962 2427 4994 ⁸⁸
2453 4961 2572 5015 Gal.
2613 4977 2651 5027 I,
2679 4960 2766 5016 ‘20.
2848 4963 2890 4994 ¹⁷
2924 4961 3081 5016 Rom.
3125 4978 3166 5027 I,
3202 4962 3256 5018 4.
3335 4962 3348 4993 '

2108 5049 2145 5098 I,
2178 5033 2266 5088 I6.
2343 5035 2386 5067 ³³
2417 5031 2536 5088 Col.
2570 5048 2629 5096 II,
2659 5033 2713 5087 6.
2791 5033 2838 5065 ’³
2873 5031 2912 5087 II
2944 5031 3068 5100 Reg.
3107 5048 3265 5099 XXIII,
3291 5031 3348 5087 2.

2382 4962 2427 4994 ⁸⁸
2453 4961 2572 5015 Gal.
2613 4977 2651 5027 I,
2679 4960 2766 5016 ‘20.
2848 4963 2890 4994 "
2924 4961 3081 5016 Rom.
3125 4978 3166 5027 I,
3202 4962 3256 5018 4.
3335 4962 3382 4993 ¹⁶
3411 4961 3518 5018 Isa.
3555 4975 3693 5030 LVII,

2382 5037 2386 5066 '
2417 5031 2536 5084 Col.
2570 5048 2629 5084 II.
2659 5033 2713 5084 6.
2791 5033 2838 5065 ’³
2873 5031 2912 5084 II
2944 5031 3068 5084 Reiz.
3107 5048 3265 5084 nm.
3291 5031 3348 5084 2.
3456 5032 3503 5066 ’δ
3534 5031 3692 5084 Rom.

3582 5047 3692 5088 Olli.

1957 5103 2002 5132 ν
2027 5101 2183 5158 Rom.
2216 5119 2338 5166 VIII.
2360 5101 2452 5158 εδ.
2527 5104 2572 5136 ’⁸
2600 5105 2733 5158 ibid.
2761 5103 2850 5166 5.4.
2928 5104 2972 5136 ³³
3003 5103 3161 5160 ltum.
3192 5101 3395 5166 “.16.
3473 5103 3518 5135 '°
3548 5102 3694 5158 I’hil.

418 5163 530 5227 Io;
590 5171 633 5204 "
666 5169 686 5224 Ι
725 5170 855 5228 Cor.
892 5187 952 5236 II,
987 5163 1076 5226 ῑο.
1150 5172 1197 5208 ι’
1228 5167 1349 5228 Gal.
1388 5187 1428 5237 I,
1464 5172 1552 5228 15.
1627 5171 1674 5204 ³⁸
1712 5163 1896 5227 [Ωον.
1933 5187 1994 5237 II,

2099 5216 2108 5231 .
2183 5173 2230 5206 “
2257 5172 2304 5227 II
2327 5163 2470 5229 Cor.
2506 5189 2626 5240 XIII,
2653 5175 2705 5230 5.
2783 5163 2828 5206 ³³
2868 5172 3040 5230 ICor.
3069 5190 3151 5240 III,
3196 5163 3284 5229 16.

489 5328 566 5399 l9)
596 5326 761 5397 Λέγω
777 5324 857 5400 -δέ
881 5328 998 5400 οὐκ
1025 5326 1162 5396 ἐγὼ,
1188 5327 1327 5383 ἀλλ’
1349 5330 1385 5400 ό
1429 5328 1664 5400 Κύριος.
1705 5326 2006 5400 Irrepserat

423 5398 482 5481 in.
509 5395 744 5481 utraque
777 5395 970 5481 Latina
1022 5395 1469 5481 interpretatione
1497 5395 1584 5481 et“
1603 5395 1895 5481 I’etaviaha
1949 5407 2004 5481 rt

421 5466 789 5541 Thomasiana
813 5485 836 5541 _:
862 5466 995 5541 Dico
1026 5479 1224 5534 autem,
1249 5484 1339 5540 ego
1367 5485 1507 5535 non;
1539 5467 1822 5538 Dominus,
1855 5470 2000 5541 quod

421 5553 524 5594 nos
545 5539 828 5595 emendari
863 5538 1158 5593 voluimus.

490 5610 604 5682 (ιιι)
635 5607 922 5682 _In_Graa_co
947 5616 1098 5682 textu
1121 5608 1291 5682 illius
1319 5608 1713 5682 lociiEpistolze
1745 5610 2002 5667 secundte

425 5678 840 5750 ad‘Corinthios
862 5679 1093 5750 legimus
1120 5678 1407 5743 λαλοῦντος
1431 5678 1689 5750 Χριστοῦ.

493 5750 609 5822 (II)
659 5749 824 5806 Juxta
860 5749 1108 5807 Latinam
1159 5749 1801 5808 rcrsiouemlinGrzeco
1850 5758 2000 5806 textu

2112 5328 2262 5402 illius
2285 5329 2390 5385 loci
2415 5330 2760 5402 desideratur
2791 5329 2922 5386 illud
2947 5329 3208 5402 Epistolas
3237 5333 3302 5388 ad
3329 5333 3610 5390 Romanos
3633 5348 3694 5399 Ir,

2109 5399 2180 5453 29
2197 5417 2226 5474 ε
2253 5401 2526 5474 περιτομὴ
2556 5401 2786 5474 καρδίας
2809 5403 2866 5454 ὲν
2889 5399 3181 5474 πνεῦματι,
3212 5404 3395 5474 ὅμοιον
3424 5402 3520 5474 τῷ.
3540 5403 3695 5469 Quod

2109 5477 2165 5526 et
2193 5468 2417 5526 Peta'vio
2448 5468 2722 5526 excidisse
2753 5480 2995 5528 constat.
3029 5468 3042 5474 ’
3168 5482 3177 5490 ’

2183 5539 2882 5614 (12)_G_riecumiEpisto_lge
2933 5545 3120 5614 prima:
3167 5542 3232 5614 ad
3283 5541 3598 5614 Corinthios
3632 5557 3696 5606 II.

2113 5609 2217 5684 I_0
2244 5609 2420 5684 sese;
2443 5609 2780 5684 ἀπενκὰλύψε.
2809 5609 3060 5684 vulgata,
3077 5609 3320 5684 reuelauit
3351 5609 3508 5665 Deus.
3534 5609 3699 5684 Juxta

2113 5679 2400 5806 [Ξειίιὲῗεῃὶἐ
2429 5679 2726 5741 dictionem
2759 5679 2951 5742 Latine
2979 5680 3272 5740 dicendum
3298 5689 3467 5750 esset,
3505 5681 3703 5736 reuela-

2113 5768 2140 5805 v
2277 5767 2374 5805 ms
2401 5767 2483 5806 us.
3569 5761 3577 5766 -
3631 5760 3637 5765 ο

2112 5760 2183 5805 ινιι
2217 5760 2483 5810 Christus.
3569 5761 3577 5766 ’
3631 5760 3637 5765 ’
