4018 6210
325 331 429 391 143

1707 316 1766 374 5.
1804 312 2149 371 EPIPHANII

3472 312 3579 373 ιιι

321 443 547 520 perinde
567 448 730 515 atque
748 439 921 500 illud:
949 437 1217 494 Habitabo
1244 436 1298 491 in
1322 433 1434 491 illis
1459 442 1508 490 et
1532 431 1897 499 inambulaba,

2008 432 2195 501 λύψαι
2240 430 2348 485 τὸν
2385 430 2521 486 Υιὸν
2539 430 2728 486 αὐτοῦ
2775 429 2846 486 ἐν
2891 430 3042 501 ἐμοί.
3070 458 3139 472 -
3174 428 3372 501 Ἡμεῖς
3404 429 3473 485 δὲ
3503 434 3579 488 οὐ

318 545 373 596 et
393 554 483 595 ero
509 537 724 593 illorum
755 534 919 599 Deus,
950 541 999 589 et
1023 532 1124 602 ipsi
1149 537 1302 585 erant
1332 528 1461 583 mihi
1491 526 1721 597 populus
1744 526 1788 579 ι.

2000 522 2070 578 τὸ
2097 521 2333 592 πνεῦμα
2361 520 2469 576 τοῦ
2502 523 2737 591 κόσμου
2761 520 3086 591 ἐλάϐομεν,
3115 520 3278 575 ἀλλὰ
3300 521 3366 575 τὸ
3391 522 3582 576 Πνεῦ-
3672 575 3691 581 -

319 651 405 707 μα
427 631 497 688 τὸ
524 632 593 687 ἐκ
621 630 769 686 Θεοῦ
792 645 808 662 ο
837 629 1023 701 ὅμοιον
1068 624 1146 697 τῷ
1174 625 1384 690 εἰπεῖν,
1430 619 1721 688 Ἑαυτοὺς
1742 615 2113 690 δοκιμάζετε,
2154 619 2207 671 ει
2242 616 2575 707 ὀγΧριστὸς
2612 614 2685 671 ἐν
2718 615 2880 687 ὑμῖν.
2922 643 2996 656 --
3048 614 3209 707 Ναὸς
3262 614 3372 707 τοῦ
3425 613 3579 707 Θεοῦ

321 726 491 793 ἐστε,
547 723 646 779 καὶ
686 722 754 778 τὸ
786 719 1028 789 Πνεῦμα
1059 718 1167 773 τοῦ
1210 715 1359 772 Θεοῦ
1418 713 1569 770 οἰκεῖ
1620 712 1692 767 ἐν
1734 711 1879 782 ὑμῖν
1927 734 1944 748 ·

2003 710 2190 781 ὅμοιον
2235 706 2315 779 τῷ
2368 709 2585 795 εἰπεῖῃ
2654 707 2987 777 Ἐνοικήσω
3039 706 3111 763 ἐν
3162 706 3371 774 αὐτοῖς
3395 748 3411 775 ,
3477 706 3579 762 καὶ

321 813 779 889 ἐμπεριπατήσω
802 851 819 880 ,
848 811 946 866 καὶ
973 810 1189 880 ἔσομαι
1215 806 1415 863 αὐτῶν
1438 805 1584 872 Θεὸς
1601 844 1616 871 ,
1655 803 1755 860 καὶ
1786 801 1957 859 αὐτοὶ
1985 800 2233 857 ἔσονταί
2258 817 2361 870 μοι
2388 800 2557 867 λαός.

389 927 576 985 LXIX.
619 924 925 996 Quinetiam
948 921 1398 997 iustiﬁcationem
1429 920 1497 976 ab
1521 928 1750 992 utroque
1777 933 1886 973 ma-

320 1038 455 1079 nare
498 1020 841 1076 demonstrat
886 1025 941 1072 et
982 1015 1238 1087 gratiam.
1306 1010 1607 1081 Justiﬁcati
1638 1027 1797 1082 porro
1837 1009 1894 1064 in

319 1098 529 1167 nomine
558 1107 777 1164 Domini
808 1106 981 1162 nostri
1010 1102 1141 1159 Iesu
1175 1101 1377 1159 Christi
1409 1112 1458 1158 et
1486 1102 1538 1157 in
1566 1101 1772 1173 Spiritu
1795 1100 1895 1156 Dei

317 1204 491 1259 nostri
529 1204 586 1268 ³;
621 1201 712 1257 cui
744 1198 923 1257 simile
955 1204 1080 1254 est:
1125 1194 1421 1267 Justiﬁcati
1461 1203 1637 1251 autem
1675 1209 1739 1249 ea:
1767 1193 1893 1266 ﬁde,

315 1310 497 1365 pacem
531 1291 784 1347 habemus
816 1306 935 1345 cum
970 1287 1078 1344 Deo
1107 1304 1199 1358 per
1230 1286 1514 1342 Dominum
1538 1295 1780 1341 nostrum
1805 1282 1899 1339 Je-

318 1402 437 1441 sum
461 1382 731 1441 Christum
754 1383 796 1437 ⁸.
860 1380 1030 1437 Nemo
1066 1389 1233 1451 potest
1276 1378 1448 1434 dicere
1487 1378 1772 1433 Dominum
1801 1377 1897 1434 Je-

319 1492 460 1541 sum,
502 1474 609 1529 nisi
642 1475 696 1529 in
724 1473 931 1543 Spiritu
962 1472 1217 1540 sancto";
1270 1479 1325 1527 et
1352 1490 1366 1527 :
1397 1470 1568 1527 Nemo
1602 1479 1772 1542 potest
1805 1488 1900 1526 ασσ-

319 1568 491 1637 cipere
525 1564 788 1637 Spiritum
817 1572 1081 1628 sanctum,
1113 1563 1218 1619 nisi
1253 1580 1287 1618 a
1317 1561 1567 1619 Domino.
1604 1562 1751 1618 Diris
1776 1580 1898 1620 ones

318 1674 478 1729 porro
508 1658 805 1730 gratiarum
830 1664 976 1721 sunt,
999 1655 1136 1711 idem
1165 1672 1282 1711 vero
1314 1653 1582 1726 Spiritus;
1612 1664 1661 1711 et
1682 1655 1900 1711 divisio-

2067 914 2186 973 ΞΘ¹.
2228 915 2391 971 Ἀλλὰ
2428 915 2523 970 καὶ
2567 915 2666 988 τὴν
2711 912 3057 986 δικαιοσύνην
3091 913 3151 982 ἐξ
3195 914 3400 986 ἀμφοῖν
3433 913 3585 984 λέγει

1998 1008 2091 1065 καὶ
2117 1008 2217 1082 τὴν
2267 1007 2448 1079 χάριν.
2504 1005 2926 1070 Δικαιωθέντες
2968 1004 3036 1059 δὲ
3084 1005 3156 1059 ἐν
3208 1003 3290 1072 τῷ
3341 1006 3585 1077 ὀνόματι

2010 1099 2206 1170 Ἰησοῦ
2251 1095 2511 1169 Χριστοῦ
2551 1094 2659 1152 τοῦ
2702 1098 2922 1166 Κυρίου
2959 1094 3128 1168 ήμῶν
3168 1096 3270 1151 καὶ
3299 1096 3369 1151 ἐν
3392 1098 3587 1153 Πνεύ-

1993 1188 2275 1264 ματιλτοῦ
2319 1189 2467 1246 Θεοῦ
2507 1188 2707 1260 ἡμῶνθ
2746 1190 2931 1262 ὅμοιον
2977 1188 3056 1261 τῷ
3101 1189 3297 1254 εἰπεῖν,
3345 1190 3585 1247 Δικαιω-

2002 1282 2204 1351 θέντες
2234 1282 2302 1337 δὲ
2328 1283 2398 1337 ἐκ
2431 1283 2713 1351 πίστεως,
2751 1281 3000 1351 εἰρήνην
3036 1281 3254 1352 ἔχομεν
3289 1281 3439 1352 πρὸς
3474 1281 3587 1339 τὸν

2005 1376 2155 1431 Θεὸν
2190 1375 2287 1431 διὰ
2329 1373 2438 1432 τοῦ
2482 1375 2705 1445 Κυρίου
2751 1373 2921 1444 ήμῶν
2962 1373 3158 1444 Ἰησοῦ
3196 1372 3481 1445 Χριστοῦ.
3515 1405 3590 1418 -

2005 1467 2215 1536 Οὐδεὶς
2251 1467 2500 1524 δύναται
2529 1467 2722 1523 εἰπεῖν
2756 1469 2979 1537 Κύριον
3009 1467 3268 1537 Ἰησοῦν,
3309 1469 3364 1523 ει
3395 1467 3483 1539 μὴ
3517 1468 3590 1524 ἐν

2000 1557 2299 1629 Πνεύματι
2355 1557 2535 1628 ἁγίφ’
2589 1558 2686 1612 καὶ
2708 1596 2725 1623 ,
2786 1556 2995 1625 Οὐδεὶς
3043 1555 3293 1611 δύναται
3344 1555 3589 1627 Πνεῦμα

2001 1646 2173 1719 ἅγιον
2189 1647 2417 1717 λαϐεῖν,
2439 1651 2490 1704 ει
2513 1649 2599 1719 μὴ
2634 1647 2792 1718 παρὰ
2821 1649 3064 1719 Κυρίου.
3081 1678 3152 1689 -
3170 1647 3498 1718 Διαιρέσεις
3519 1646 3591 1702 δὲ

322 1766 412 1806 nes
459 1750 876 1805 ministeriorum
922 1759 1067 1815 sunt,
1112 1746 1252 1803 idem
1294 1756 1468 1802 autem
1520 1746 1811 1817 Dominus;
1849 1756 1900 1805 et

2008 1741 2389 1813 χαρισμάτων
2416 1742 2557 1810 εισι,
2588 1742 2653 1797 τὸ
2695 1741 2765 1797 δὲ
2817 1741 2966 1798 αὐτὸ
2994 1741 3237 1813 Πνεῦμα
3256 1757 3269 1771 ·
3310 1740 3411 1796 καὶ
3442 1740 3592 1796 διαι-

320 1840 603 1895 divisiones
647 1839 1014 1910 operationum
1054 1846 1198 1903 sunt,
1243 1835 1383 1892 idem
1425 1846 1603 1892 autem
1639 1837 1780 1893 Deus
1812 1837 1904 1909 qui

2008 1832 2201 1903 ρέσεις
2224 1833 2543 1891 διακονιῶν
2583 1836 2763 1903 εζσιν,
2811 1838 2845 1891 d
2888 1834 2957 1888 δὲ
2995 1833 3179 1902 αὐτὸς
3209 1834 3426 1903 Κύριος
3444 1850 3460 1867 ο
3490 1834 3593 1890 καὶ

319 1940 573 2003 operatur
594 1930 772 1985 omnia
792 1930 847 1984 in
871 1930 1111 1983 omnibus
1130 1927 1152 1959 '
1184 1945 1198 1997 ;
1222 1935 1274 1983 et
1298 1945 1311 1982 :
1331 1926 1374 1981 A
1392 1926 1565 1998 gloria
1580 1928 1633 1983 in
1650 1928 1900 1999 gloriam,

322 2032 576 2095 tanquam
606 2038 639 2076 a
668 2018 888 2077 Domini
910 2019 1116 2092 Spiritu
1142 2019 1185 2074 ⁸.
1235 2021 1303 2074 Et
1328 2037 1342 2075 :
1378 2018 1559 2076 Nolite
1589 2022 1903 2078 contristare

321 2108 585 2182 Spiritum
624 2120 891 2176 sanctum,
931 2110 986 2164 in
1019 2127 1121 2176 quo
1157 2110 1356 2181 signati
1398 2111 1525 2166 estis
1563 2112 1618 2165 in
1646 2110 1785 2166 diem
1820 2129 1904 2167 re-

310 2203 719 2274 demptionis";
756 2217 881 2257 cum
931 2201 1026 2257 illo
1059 2202 1444 2258 consentiunt:
1473 2200 1535 2257 Si
1559 2217 1903 2271 provocamus

320 2293 634 2359 Dominum,
674 2309 743 2348 an
773 2292 1022 2364 fortiores
1065 2293 1178 2363 ipso
1209 2308 1393 2347 sumus
1414 2291 1475 2347 ’τ
1526 2291 1642 2347 lloc
1671 2301 1850 2349 autem
1885 2312 1900 2350 :

323 2383 560 2455 Spiritus
602 2384 885 2456 manifeste
937 2383 1069 2438 dicit
1113 2385 1159 2450 ’,
1202 2383 1382 2439 simile
1432 2389 1520 2439 est
1562 2384 1732 2440 huic:
1776 2387 1906 2441 Hazc

322 2474 748 2531 dicit‘Dominus
783 2475 1110 2544 omnipotens
1132 2473 1205 2529 ¹⁰.
1230 2472 1316 2540 Et,
1350 2473 1580 2544 Spiritus
1629 2490 1772 2531 meus
1797 2483 1906 2531 stat

324 2567 383 2622 in
418 2566 590 2622 medio
631 2565 890 2634 vestri“,
935 2581 1060 2621 cum
1101 2566 1210 2621 isto
1256 2565 1647 2638 coujungitur:
1691 2566 1752 2623 Si
1787 2569 1905 2640 quis

326 2658 594 2725 aperuerit
622 2656 752 2713 mihi
775 2659 842 2724 ",
875 2655 1234 2729 ingrediemur
1254 2672 1345 2729 ego
1376 2665 1426 2712 et
1458 2656 1644 2726 Pater,
1669 2667 1720 2713 et
1754 2674 1907 2714 man-

324 2750 529 2807 sionem
556 2749 910 2823 apudipsum
941 2748 1198 2820 faciemus
1223 2748 1289 2803 ⁸³.
1320 2748 1403 2805 Ad
1432 2748 1552 2805 ιιιεο
1580 2750 1787 2807 Isaias:
1834 2747 1907 2804 Et

326 2859 483 2913 super
505 2844 701 2914 ipsum,
729 2844 927 2914 inquit,
954 2841 1187 2913 Spiritus
1223 2841 1318 2898 Dei
1339 2843 1419 2913 “;
1450 2841 1704 2901 Christus
1731 2858 1861 2901 vero
1886 2861 1902 2902 :

326 2932 563 3006 Spiritus
593 2934 810 2991 Domini
837 2951 995 3007 super
1020 2946 1123 3002 me,
1156 2943 1369 3007 propter
1386 2936 1525 3007 quod
1550 2936 1701 2992 unxit
1732 2953 1814 2992 me
1837 2936 1902 3006 ";

326 3036 429 3085 et:
478 3026 663 3084 Jesum
710 3044 744 3083 a
789 3025 1049 3095 Nazaret,
1096 3044 1247 3099 quem
1288 3030 1444 3083 unxit
1491 3026 1635 3083 Deus
1697 3026 1904 3099 Spiritu

326 3121 615 3190 sancto‘“;
642 3121 730 3177 vel
756 3138 770 3175 :
805 3120 1063 3176 Dominus
1090 3121 1233 3176 misit
1259 3137 1339 3177 me
1363 3129 1412 3177 et
1436 3117 1668 3190 Spiritus
1696 3121 1810 3191 ejus
1837 3120 1901 3177 ".
1930 3102 1974 3160 (ἶ

325 3209 440 3267 Nec
484 3212 721 3268 obscura
768 3212 1183 3283 seraphinorum
1252 3211 1606 3267 clamantium
1641 3226 1744 3266 vox
1776 3218 1904 3267 est:

331 3301 587 3371 Sanetus,
616 3313 856 3365 sanctus,
889 3309 1105 3357 sanctus
1134 3299 1392 3355 Dominus
1424 3298 1660 3356 Sabaoth
1674 3300 1744 3356 ¹⁸.
1769 3298 1909 3355 Prm-

330 3403 479 3450 terea
525 3407 649 3448 cum
686 3390 823 3447 illud
866 3388 1055 3445 audies
1093 3407 1109 3445 :
1164 3390 1363 3445 Dextra
1403 3390 1503 3445 Dei
1554 3389 1820 3445 exaltatus
1859 3399 1908 3444 et

330 3483 737 3555 promissionem
789 3478 1023 3549 Spiritus
1074 3478 1334 3547 accipiens
1392 3492 1426 3533 a
1473 3477 1704 3533 Patre“
1745 3496 1759 3533 :
1801 3476 1905 3545 vel,

335 3573 660 3646 Exspectare
691 3572 1098 3645 promissionem
1138 3569 1348 3638 Patris,
1378 3587 1537 3642 quam
1575 3571 1805 3625 audistis
1828 3571 1905 3638 ὀς

332 3666 419 3722 vel
448 3664 906 3736 quemadmodum
933 3661 1164 3731 Spiritus
1199 3662 1352 3717 illum
1374 3663 1429 3716 in
1457 3660 1720 3717 desertum
1746 3678 1910 3733 expu-

335 3758 400 3813 lit
423 3757 479 3790 ¹¹’
503 3775 517 3813 :
544 3756 632 3813 vel
660 3754 807 3827 quod
837 3755 980 3811 idem
1032 3754 1142 3809 ait:
1186 3752 1370 3808 Nolite
1398 3755 1628 3825 cogitare
1666 3753 1794 3824 quid
1830 3753 1912 3809 ίο-

332 3847 592 3921 quamini,
644 3848 903 3919 quoniam
945 3846 1185 3918 'Spiritus
1226 3845 1410 3901 Patris
1449 3846 1551 3900 mei
1588 3846 1819 3916 loquitur
1855 3848 1912 3902 in

334 3940 479 3996 vobis
503 3942 592 3997 “:
634 3940 749 3996 sive
770 3940 942 3995 illud:
985 3938 1046 3996 Si
1077 3948 1254 3994 autem
1289 3939 1345 3993 in
1377 3937 1584 4008 Spiritu
1620 3936 1719 3994 Dei
1758 3940 1912 4010 ejicio

334 4033 603 4091 daemonia
637 4034 717 4102 ¹⁸;
753 4032 863 4106 ⁵14
879 4033 958 4090 vel
987 4052 1000 4089 :
1036 4033 1143 4101 Qui
1179 4042 1356 4089 autem
1389 4032 1826 4105 blasphemaverit
1858 4033 1912 4088 in

334 4124 594 4197 Spiritum
613 4136 873 4192 sanctum,
893 4141 998 4180 non
1028 4127 1325 4182 remittetur
1351 4127 1400 4182 ei
1418 4126 1483 4197 κ,
1504 4141 1640 4195 etc.;
1662 4127 1766 4191 vel,
1801 4122 1913 4179 Pa-

338 4226 435 4283 ser,
450 4216 502 4270 in
534 4231 721 4270 manus
752 4223 872 4269 tuas
892 4213 1197 4269 commendo
1214 4212 1465 4284 spiritum
1500 4227 1671 4264 meum
1684 4212 1738 4243 ³³
1766 4209 1908 4274 :vel,

334 4307 481 4363 Puer
515 4306 800 4373 crescebat,
831 4312 882 4360 et
910 4305 1357 4360 corroborabatur
1383 4302 1587 4373 Spiritu
1607 4302 1655 4335 "
1680 4309 1787 4369 :et,
1815 4299 1911 4358 Ie-

335 4415 427 4453 sus
455 4398 680 4467 repletus
701 4396 907 4465 Spiritu
929 4404 1135 4460 sancto,
1152 4410 1387 4449 reversus
1416 4401 1495 4448 est
1516 4410 1549 4447 a
1570 4392 1809 4447 Jordane
1824 4392 1868 4425 "’
1894 4408 1909 4445 :

2002 1928 2323 1999 διαιρέσεις
2357 1928 2774 2002 ἐνεργημάτων
2808 1929 2989 1995 εἰσιν,
3038 1932 3071 1984 ὀ
3115 1927 3185 1982 δὲ
3226 1928 3412 1996 αὐτὸς
3446 1930 3594 1997 Θεὸς

2003 2023 2038 2076 ὀ
2068 2012 2329 2094 ἐνεργῶν
2375 2021 2449 2077 τὰ
2496 2021 2694 2077 πάντα
2726 2021 2797 2076 ἐν
2839 2018 3018 2077 πᾶσι·
3065 2021 3179 2087 καὶ,
3220 2019 3362 2077 Ἀπὸ
3403 2020 3594 2090 δόξης

2002 2114 2091 2180 εις
2121 2112 2330 2178 δόξαν,
2364 2112 2630 2182 καθάπερ
2661 2112 2782 2167 ἀπὸ
2811 2112 3033 2180 Κυρίου
3062 2112 3408 2182 Πνεύματος
3427 2129 3441 2143 ·
3470 2113 3590 2178 καὶ,

2002 2203 2100 2274 Μὴ
2125 2204 2371 2260 λυπεῖτε
2401 2204 2470 2259 τὸ
2497 2204 2739 2274 Πνεῦμα
2767 2204 2834 2260 τὸ
2874 2204 3067 2274 ἅγιον,
3106 2204 3177 2258 ἐν
3221 2197 3269 2271 ᾧ
3311 2204 3595 2275 ἐσφραγί-

1999 2298 2189 2365 σθητε
2218 2298 2306 2363 εις
2337 2294 2566 2368 ἡμέραν
2608 2288 3112 2366 ἀπολυτρώσεωςο
3152 2298 3338 2370 ὅμοιον
3387 2299 3467 2371 τῷ
3510 2300 3594 2353 εἰσ

2005 2386 2151 2452 πεῖν,
2190 2388 2262 2441 El
2306 2385 2766 2458 παραζηλοῦμεν
2794 2387 2904 2443 τὸν
2936 2390 3174 2459 Κύριον,
3211 2392 3299 2461 μὴ
3347 2393 3596 2462 ιονχυρό⁴

2003 2495 2158 2549 τεροι
2178 2479 2363 2535 αὐτοῦ
2379 2479 2598 2550 ἑσμεν;
2629 2478 2702 2533 Τὸ
2730 2478 2809 2545 δὲ,
2836 2481 3080 2552 Πνεῦμα
3092 2480 3294 2551 ῥητῶς
3327 2483 3369 2515 ³¹
3394 2483 3592 2554 λέγει·

2004 2570 2189 2642 ὅμοιον
2237 2570 2317 2643 τῷ
2359 2572 2553 2638 εἰπεῖν,
2606 2569 2751 2628 Τάδε
2785 2571 2949 2643 λέγει
2982 2574 3211 2644 Κύριος
3260 2575 3597 2646 παντοκρά-

2004 2678 2120 2730 τωρ
2137 2678 2153 2693 ·
2188 2662 2303 2729 καὶ,
2362 2661 2433 2717 Τὸ
2486 2660 2732 2732 Πνεῦμα
2783 2680 2903 2732 μου
2945 2662 3280 2734 ἐφέστηκεν
3315 2665 3385 2721 ἐν
3425 2665 3598 2738 μέσῳ

2003 2750 2203 2823 ὑμῶν’
2235 2750 2379 2809 Ἐάν
2405 2769 2496 2819 τις
2522 2751 2651 2823 ἐμοὶ
2690 2751 2928 2823 ἀνοίξῃ,
2959 2753 3211 2810 εἰσέλθω
3253 2754 3369 2827 ἐγὼ
3416 2755 3516 2812 καὶ
3558 2759 3597 2812 ό

2004 2843 2230 2914 Πατὴρ,
2262 2843 2360 2898 καὶ
2384 2843 2588 2915 μονὴν
2606 2844 2742 2913 παρ’
2761 2842 2921 2910 αὐτῷ
2949 2847 3340 2917 ποιησόμεθα.
3369 2848 3598 2914 Ἡσαΐας

2004 2933 2083 3003 δὲ,
2115 2933 2227 2990 Kal
2266 2933 2359 2988 ἐπ’
2382 2934 2569 2991 αὐτὸν
2599 2935 2841 3006 Πνεῦμα
2879 2935 3027 2991 Θεοῦ
3046 2952 3060 2966 ·
3105 2938 3135 2991 ὁ
3172 2937 3231 2992 δὲ
3259 2939 3304 2971 ⁸³
3335 2941 3595 3013 Χριστὸς,

2004 3024 2252 3096 Πνεῦμα
2294 3024 2518 3094 Κηφίου
2564 3020 2637 3081 οὗ
2683 3026 2916 3081 εἵνεκεν
2957 3024 3167 3096 ἕχρισέ
3201 3045 3307 3099 με·
3343 3029 3457 3097 καὶ,
3485 3030 3598 3101 Ἰηο

2006 3116 2171 3203 σοῦν.
2214 3116 2324 3172 τὸν
2380 3116 2498 3174 ἀπὸ
2549 3116 2809 3203 Ναζαρὲτ
2830 3159 2846 3188 ,
2909 3118 2983 3173 ὃν
3027 3120 3238 3190 ἔχρισε
3300 3122 3598 3193 Πνεῦματι

2006 3201 2201 3274 tirio)“
2296 3205 2391 3260 καὶ
2422 3243 2438 3267 ,
2519 3201 2733 3271 Κύριος
2830 3205 3177 3262 ἀπέσταλκέ
3229 3227 3307 3279 με
3373 3212 3473 3266 καὶ
3522 3214 3597 3268 τὸ

2006 3291 2251 3362 Πνεῦμα
2272 3289 2481 3346 αὑτοῦ.
2516 3292 2729 3365 Φανερὰ
2754 3292 2810 3347 δὲ
2840 3295 2935 3348 καὶ
2966 3296 2998 3368 ἡ
3034 3295 3187 3368 φωνὴ
3210 3297 3319 3351 τῶν
3346 3299 3601 3373 Σεραφὶμ

2008 3382 2317 3453 πράξουσα*
2354 3381 2572 3453 Ἄγιος,
2618 3382 2805 3454 ἅγιος,
2854 3383 3020 3456 ἅγιος
3073 3387 3291 3456 Κύριος
3329 3388 3593 3445 Σαϐαὼθ.

2022 3475 2147 3529 Ἐὰν
2180 3474 2236 3528 δὲ
2269 3474 2534 3548 ἀκούσῃς,
2559 3476 2642 3530 ὅτι
2694 3475 2773 3547 Τῇ
2804 3476 2972 3546 δεξιᾷ
3016 3479 3123 3535 τοῦ
3155 3480 3303 3536 Θεοῦ
3336 3482 3601 3553 ὑψωθεὶς

2008 3565 2123 3635 τήν
2160 3584 2224 3621 τε
2261 3566 2626 3639 ἐπαγγελίαν
2657 3568 2764 3623 τοῦ
2806 3571 3147 3642 Πνεύματος
3188 3571 3393 3629 λαϐὼν
3436 3574 3599 3644 παρὰ

2009 3657 2116 3713 τοῦ
2157 3659 2419 3726 Πατρόςο
2471 3657 2528 3729 ἢ,
2574 3660 2919 3731 Περιμένειν
2950 3662 3065 3733 τήν
3093 3664 3459 3737 ἐπαγγελίαν
3488 3667 3599 3723 τοῦ

2008 3751 2241 3821 Πατρός
2269 3750 2351 3821 ἢν
2386 3752 2721 3822 ἠκούσατε·
2753 3754 2788 3820 ἢ
2828 3755 2932 3821 ὅτι,
2994 3756 3067 3813 Τὸ
3118 3759 3365 3830 Πνεῦμα
3410 3760 3601 3816 αὐτὸν
3702 3822 3709 3826 ,

2009 3842 2291 3900 ἐκϐάλλει
2328 3846 2418 3913 είς
2463 3845 2579 3915 τὴν
2612 3846 2869 3916 ἔρημον,
2908 3847 2942 3920 ἢ
2978 3849 3061 3903 ὅτι
3098 3851 3259 3916 αὐτὸς
3290 3852 3460 3921 λέγει,
3500 3852 3597 3921 Μὴ

2006 3936 2418 4006 μεριμνήσητε
2468 3936 2527 3991 τι
2568 3939 2795 4007 εἴπητε,
2830 3939 2913 3992 ὅτι
2951 3940 3018 3995 Τὸ
3063 3942 3308 4010 Πνεῦμα
3346 3943 3454 3998 τοῦ
3483 3946 3602 3998 Πα-

2011 4028 2151 4096 τρός
2172 4044 2293 4101 μου
2331 4028 2396 4082 τὸ
2422 4028 2661 4084 λαλοῦν
2685 4028 2756 4082 ἐν
2785 4029 2958 4101 ὑμῖν*
2990 4029 3048 4103 ἢ,
3098 4034 3165 4087 Ei
3194 4030 3267 4087 δὲ
3302 4034 3375 4089 ἐν
3408 4034 3600 4101 Πνεύ-

2006 4133 2148 4189 ματι
2178 4118 2326 4174 Θεοῦ
2361 4119 2635 4176 ἐκϐάλλω
2671 4119 2747 4175 τὰ
2774 4120 3084 4192 δαιμόνια·
3117 4122 3174 4196 ἢ,
3217 4124 3270 4178 '0
3307 4124 3377 4180 δὲ
3394 4126 3603 4192 ,ϐλασ-

2010 4208 2227 4281 φημῶν
2270 4212 2358 4278 είς
2394 4211 2464 4267 τὸ
2496 4213 2746 4282 Πνεῦμα
2782 4214 2849 4269 τὸ
2888 4213 3059 4287 ἅγιον
3080 4256 3096 4283 ,
3130 4217 3245 4271 οὐκ
3298 4217 3603 4288 ἀφεθήσε-

2012 4318 2108 4356 ται
2152 4299 2331 4371 αὐτῷ,
2370 4303 2466 4359 καὶ
2494 4303 2563 4358 τὰ
2605 4303 2733 4376 ἑξῆς
2756 4321 2769 4337 ⁸
2799 4303 2833 4377 ἢ
2883 4305 2950 4374 ³⁸,
2988 4307 3059 4361 Τὸ
3097 4307 3336 4363 παιδίον
3372 4308 3606 4379 ηὔξανε

2015 4391 2116 4446 καὶ
2157 4391 2543 4461 ἐκραταιοῦτο
2594 4396 2893 4466 Πνεὺματι
2911 4414 2925 4429 ο
2968 4398 3028 4469 ἦ,
3082 4398 3313 4468 Ἰησοῦς
3363 4398 3605 4471 πλήρης

337 4485 476 4550 sive,
506 4459 757 4538 Πενθιλιιᾶ
776 4490 853 4536 est
874 4479 1031 4536 Iesus
1059 4459 1250 4536 virtute
1287 4480 1555 4549 Spiritus:
1598 4481 1705 4545 vel,
1760 4479 1908 4547 Quod

2016 4459 2364 4550 Πνεὺματος
2389 4483 2563 4553 ἁγίου
2588 4459 2969 4558 ὑπέστρεψεν
2990 4459 3110 4545 απὸ
3138 4459 3244 4547 τοῦ
3270 4459 3602 4561 ’ίορδιὶιῗοῦἰ

335 4585 522 4631 uatum
556 4582 633 4629 est
665 4588 694 4628 e
725 4570 955 4639 Spiritu,
997 4572 1216 4640 spiritus
1244 4579 1323 4627 est
1348 4571 1427 4626 'i:
1459 4570 1574 4625 haec
1605 4570 1789 4624 omnia
1819 4584 1913 4624 eo-

334 4666 463 4723 dem
495 4681 620 4721 cum
648 4665 785 4722 iisce
818 4665 1068 4721 recidunt
1095 4684 1108 4719 :
1144 4665 1299 4732 Quod
1325 4664 1528 4736 factum
1561 4674 1662 4728 est,
1702 4664 1756 4717 in
1797 4665 1912 4734 ipso

334 4757 445 4813 vita
492 4765 607 4812 erat
630 4756 676 4788 ”
703 4774 717 4811 :
747 4755 835 4811 vel
873 4771 996 4812 cum
1026 4770 1131 4811 eo:
1181 4755 1291 4827 Ego
1340 4756 1537 4827 rogabo
1583 4754 1824 4821 Patrem,
1863 4764 1913 4810 et

337 4848 508 4905 alium
536 4847 882 4903 Paracletum
906 4848 1055 4903 dabit
1083 4846 1253 4915 vobis,
1284 4847 1542 4919 Spiritum
1564 4848 1801 4904 ueritatis
1822 4847 1869 4880 ”
1898 4867 1911 4905 :

335 4942 427 5000 vel
460 4955 584 4997 cum
619 4939 726 4998 isto
756 4958 771 4997 :
813 4941 925 4998 Cur
955 4941 1189 5013 implevit
1233 4956 1324 4996 cor
1371 4950 1518 4995 tuum
1552 4938 1787 4997 Satanas
1816 4939 1917 5013 (ait

336 5033 536 5092 Petrus
554 5030 802 5107 Ananiae)
832 5034 1044 5089 mentiri
1076 5042 1125 5087 te
1147 5030 1373 5102 Spiritui
1401 5041 1588 5089 sancto
1611 5031 1654 5065 ⁸¹
1670 5034 1697 5087 -?
1718 5032 1915 5091 deinde

337 5121 567 5196 subiicit
596 5140 612 5181 :
646 5120 774 5180 Non
797 5122 1097 5179 hominibus
1137 5124 1387 5179 mentitus
1413 5140 1491 5192 es,
1520 5122 1611 5180 sed
1640 5122 1770 5180 Deo.
1803 5123 1914 5197 Igi-

409 5374 427 5407 ¹
456 5372 501 5429 ll
524 5371 653 5428 Cor.
687 5385 768 5437 γι,
801 5369 888 5425 16.
965 5369 1034 5424 ³1
1074 5368 1307 5437 Con",
1354 5366 1438 5437 ll.

272 5554 282 5563 ο
334 5511 453 5577 xw,
481 5515 571 5570 25.
652 5514 696 5545 ’⁵
722 5511 824 5567 lsa.
857 5527 934 5577 ιι,
973 5511 1029 5566 2.

2018 4569 2073 4641 ἤ,
2118 4569 2522 4642 Ὑπέστρεψεν
2556 4574 2801 4646 Ἰησοῦς
2848 4579 2925 4651 τῇ
2971 4581 3223 4652 δυνάμει
3266 4581 3375 4637 τοῦ
3418 4584 3607 4639 Πνεύ-

2011 4679 2200 4733 ματος
2219 4677 2233 4693 ⁸
2273 4663 2330 4734 ἢ,
2385 4664 2457 4721 Τὸ
2498 4671 2939 4741 γεγεννημένον
2981 4672 3051 4728 ἐκ
3083 4661 3199 4729 ’τοῦ
3236 4676 3603 4746 Πνεύματος,

2017 4754 2255 4826 πνεῦμά
2299 4757 2499 4814 ἐστιν*
2534 4761 2718 4832 ὅμοιον
2761 4763 2842 4836 τῷ
2892 4766 3085 4832 εἰπεῖν,
3118 4768 3179 4819 Ὃ
3216 4767 3484 4839 γέγονεν,
3532 4767 3606 4823 ἐν

2018 4848 2180 4915 αὐτῷ
2208 4847 2321 4920 ζωὴ
2355 4847 2436 4923 ἦν
2455 4868 2470 4883 ο
2507 4852 2562 4926 ἥ,
2591 4855 2767 4926 Κάγὼ
2792 4856 3191 4926 παρακαλέσω
3234 4859 3345 4914 τὸν
3373 4859 3607 4929 Πατέρα

2012 4959 2132 5012 μου
2157 4981 2173 5008 ,
2223 4943 2325 4997 καὶ
2385 4943 2581 5000 ἄλλον
2636 4947 3034 5018 Παράκλητον
3088 4951 3268 5006 δώσει
3334 4952 3479 5023 ὑμῖν
3533 4952 3605 5007 τὰ

2016 5034 2260 5104 Πνεῦμα
2293 5035 2402 5105 τῆς
2428 5036 2750 5107 ἀληθείας*
2790 5039 2847 5112 ἢ,
2902 5041 3005 5097 Διὰ
3047 5043 3108 5097 τί
3146 5043 3463 5116 ἐπλήρωσε
3490 5044 3608 5116 τὴν

2017 5126 2270 5198 καρδίαν
2296 5144 2414 5184 σου
2443 5130 2478 5184 ό
2514 5128 2806 5198 Σατανᾶς,
2838 5129 2916 5205 τῷ
2942 5132 3165 5209 ’Δνανιᾳ
3201 5135 3429 5209 Πέτρος,
3457 5136 3607 5208 ψεύ-

1504 5437 1515 5449 θ
1554 5366 1577 5397 ³
1607 5364 1767 5449 Rom;
1795 5380 1852 5434 v,

2033 5368 2057 5400 ⁵
2084 5366 2104 5423 1
2134 5365 2262 5449 (ἔρι’.
2287 5383 2388 5449 ιιι,
2417 5369 2469 5449 ζ).
2568 5370 2591 5405 ³
2621 5344 2975 5449 midst-sqq.
3079 5379 3102 5413 ⁸
3134 5377 3183 5449 ll
3220 5378 3351 5437 Cor.
3385 5395 3473 5446 ιιι,
3513 5377 3605 5437 18.

333 5445 359 5480 τ
393 5445 633 5516 Epliqv,
832 5441 908 5505 ’,1
949 5440 1079 5516 C_or.
1110 5455 1176 5516 x_,_
1365 5435 1423 5490 Ἰ
1454 5434 1600 5516 Tim.
1634 5453 1707 5516 ιχ,
1876 5437 1908 5469 ⁸⁸

2008 5452 2079 5516 g3.
2109 5437 2239 5516 t,__2_.
2332 5440 2377 5472 “
2402 5438 2536 5513 Agg.
2580 5456 2645 5516 _n_.
2678 5443 2731 5498 6.
2758 5438 2773 5457 ‘
2798 5447 2841 5516 ιε
2877 5434 2916 5502 Ᾰ

2926 5463 3047 5519 poc.
3085 5464 3168 5517 ιιι,
3198 5450 3291 5506 20.
3370 5452 3417 5484 ⁸³
3442 5451 3604 5508 Juan.

1136 5508 1177 5583 ’ξ
1208 5508 1575 5583 Luc._tv,_18.
1650 5508 1908 5583 fiAct.)

2008 5507 2058 5563 8.
2117 5509 2180 5583 ff
2213 5507 2531 5583 lsa_._x_t_.vili.
2571 5512 2657 5567 16.
2754 5515 2797 5548 ’⁸
2830 5507 2941 5573 1εαῖ
2969 5536 3041 5575 vn.
3072 5520 3125 5575 5.
3156 5507 3167 5517 ’
3205 5523 3249 5555 ¹⁹
3275 5523 3396 5576 Act.
3424 5538 3485 5583 ιι.
3512 5507 3605 5577 53.

335 5586 388 5619 “
412 5573 532 5661 ᾼςι.
565 5583 690 5661 ιε).
771 5581 817 5614 ’³
842 5573 1009 5661 Marc.
1041 5596 1079 5645 ι,
1108 5578 1216 5661 12..
1248 5579 1292 5610 ³⁸
1326 5578 1611 5661 Matth...»
1790 5574 1908 5630 “LI

2008 5577 2197 5661 tt,_l9.
2228 5579 2495 5661 “'tllar.
2528 5597 2611 5647 ιιι,
2643 5584 2734 5661 9.9.
2810 5588 2868 5661 ’ξΔ
2896 5573 3038 5661 Luc;
3061 5573 3603 5661 {unguii—ri'FLI—te;

337 5670 377 5718 ι.
419 5654 509 5710 80.
584 5655 628 5686 ’⁷
668 5651 799 5708 Luc.
826 5668 900 5714 tv,
935 5652 985 5706 1.
1107 5649 1156 5681 ’⁸
1186 5646 1346 5718 Joan.
1386 5665 1470 5713 ιιι,
1495 5647 1563 5718 ‘6.

1646 5649 1692 5680 "
1721 5645 1880 5703 Joan.
1914 5663 1951 5707 ι.
1983 5648 2037 5711 5,
2071 5648 2126 5703 4.

2226 5648 2275 5735 ³1
2312 5647 2472 5735 Joaﬂn'.
2501 5667 2613 5717 xw,
2647 5653 2739 5735 16.
2830 5657 2872 5690 ⁸⁸
2899 5659 3022 5735 ᾼεε.
3055 5676 3110 5726 νο
3150 5647 3335 5735 δ’δίιίῑ·
3428 5663 3475 5697 ³³
3507 5677 3609 5735 τρθ

335 5713 611 5799 ᾣρἡως.
685 5723 733 5757 ⁸³
757 5713 915 5780 Deest
939 5720 1166 5794 aliquid.
1241 5718 1288 5752 ”
1319 5713 1907 5787 Dccstﬁ,ﬂdrep,slq7;

2008 5716 2070 5785 εὶς
2089 5733 2207 5777 σου
2229 5713 2647 5796 παραθήσομαι
2678 5726 2747 5783 τὸ
2771 5713 3176 5801 πνεῦμά
