4018 6210
416 767 512 821 τοῦ
542 770 852 860 τιμήματος
880 772 974 826 τοῦ
1026 777 1225 849 χωρίου
1271 783 1675 855 νοσφισάμενοι.
1706 788 1797 853 Ἦ,
1829 788 2012 860 Ἐφα-

419 858 648 929 νερώθη
678 863 749 916 ἐν
785 865 986 933 σαρκί,
1020 867 1329 940 ἐδικαιώθη
1357 873 1430 929 ἐν
1453 878 1773 946 Πνεύματι.
1807 858 2010 937 Τοῦτου

423 953 610 1024 μεῖζον
635 954 736 1008 οὐκ
770 955 879 1027 ἔχω
907 956 1104 1024 λέγειν.
1131 960 1263 1026 Θεὸς
1299 963 1357 1017 δὲ
1386 955 1415 1018 ὁ
1445 965 1571 1031 Υἱός
1589 985 1604 999 ο
1636 968 1740 1035 Ἐξ
1766 964 1876 1036 ὧν,
1906 989 2012 1045 φη-

425 1046 532 1110 σὶν,
557 1049 592 1101 ό
619 1048 874 1115 Χριστός
905 1049 970 1104 τὸ
1001 1050 1152 1105 κατὰ
1189 1051 1409 1124 σάρκα,
1443 1060 1479 1112 ό
1519 1059 1604 1114 ὢν
1630 1060 1730 1116 ἐπὶ
1768 1062 2012 1119 πάντων

425 1138 590 1201 Θεός.
620 1142 986 1208 Πίστευσον,
1022 1146 1208 1215 φησὶν,
1245 1150 1333 1212 είς
1367 1148 1475 1204 τὸν
1509 1154 1728 1222 Κύριον
1753 1155 2010 1224 Ἰησοῦν,

423 1225 522 1280 καὶ
573 1227 859 1298 σωθήσῃ·
895 1230 1008 1297 καὶ,
1048 1233 1391 1304 Ἐλάλησεν
1416 1241 1622 1310 αὐτοῖς
1673 1244 1782 1299 τὸν
1828 1246 2014 1316 λόγον

422 1316 532 1371 τοῦ
563 1320 783 1408 Κυρίου
805 1337 821 1352 ’
859 1322 1173 1396 ἀναγαγών
1213 1345 1278 1382 τε
1324 1332 1541 1396 αὐτοὺς
1570 1337 1659 1402 είς
1690 1336 1798 1392 τὸν
1819 1333 2010 1408 οἷκον,

423 1407 763 1477 παρέθηκεν
809 1414 1016 1481 αὐτοῖς
1065 1417 1356 1486 ζράπεᾶιν
1370 1461 1387 1486 ,
1450 1424 1548 1478 καί
1600 1407 2014 1494 ἠγαλλιάσατο

423 1501 664 1590 scaroth
706 1507 1119 1576 πεπιστευκὼς
1157 1509 1240 1576 τῷ
1285 1509 1425 1578 Θεῷ.
1472 1515 1544 1568 Ἦ
1612 1517 1694 1572 ὅτι
1720 1517 1776 1571 Ἐ
1781 1537 1821 1574 ν
1851 1519 2015 1590 άρχῇ

425 1588 506 1663 ἦν
531 1597 566 1649 δ
596 1596 809 1667 Λόγος,
840 1599 940 1654 καί
967 1604 1002 1657 ὁ
1033 1603 1221 1675 Λόγος
1253 1601 1333 1678 ἦν
1360 1591 1514 1676 ipsc
1550 1609 1660 1664 τὸν
1705 1588 2012 1679 Θεὸνίκαί

427 1686 575 1754 Θεὸς
613 1683 692 1758 ἦν
739 1692 772 1744 ὁ
817 1692 1036 1762 Λόγος·
1078 1694 1134 1766 ἢ,
1161 1696 1286 1751 Ἵνα
1328 1700 1446 1768 τὴν
1480 1700 1882 1760 διδασκαλίαν
1905 1705 2013 1761 τοῦ

425 1779 658 1848 nasz
692 1781 861 1850 ἡμῶν
888 1784 1036 1838 Θεοῦ
1069 1787 1180 1858 (15)
1211 1790 1609 1860 κοσμήσωσιν
1659 1794 1677 1826 ί
1699 1811 1712 1827 ⁸
1743 1796 1800 1868 ἢ,
1870 1796 2013 1851 Ἐπ-

1830 400 2272 464 ANCORATUS.

2111 622 2257 679 etus,
2297 613 2387 668 cui
2415 615 2625 670 mentiti
2662 623 2792 672 sunt
2834 615 2928 686 qui
2955 631 3022 672 ex
3067 618 3182 689 agri
3216 619 3396 689 pretio
3437 620 3689 678 nonnihil

2112 707 2560 764 interverterant.
2596 707 2881 777 Ejusmodi
2913 717 2999 765 est
3027 719 3082 766 et
3121 711 3271 766 istud
3305 731 3319 768 :
3360 712 3466 778 Qui
3513 714 3691 770 mania

2111 798 2337 868 festatus
2376 805 2458 852 est
2505 799 2563 852 in
2605 815 2783 864 carne,
2808 801 3144 872 justiﬁcatus
3185 812 3261 858 est
3295 804 3350 858 in
3397 804 3603 876 Spiritu
3640 807 3687 863 ⁸.

2113 889 2242 945 Hoc
2267 904 2369 962 ego
2422 889 2602 961 majus
2650 891 2788 945 nihil
2845 891 3021 947 habeo
3067 894 3212 965 quod
3265 895 3465 950 dicam.
3516 895 3690 963 Porro

2112 981 2258 1038 Deus
2283 990 2368 1038 est
2391 981 2564 1037 Filius
2586 1001 2601 1038 :
2623 998 2749 1037 nam
2777 983 3076 1053 Apostolus
3103 1005 3116 1041 :
3147 985 3231 1040 Ex
3250 987 3458 1057 quibus,
3491 974 3719 1057 inquit,"

2115 1073 2360 1129 Christus
2413 1073 2701 1129 secundum
2743 1091 2979 1141 carnem,
3033 1077 3124 1147 qui
3173 1086 3250 1132 est
3302 1095 3462 1146 supra
3513 1079 3696 1134 omnia

2113 1165 2257 1220 Deus
2282 1166 2324 1221 ’.
2373 1164 2558 1232 Crede,
2592 1166 2788 1236 inquit,
2833 1168 2889 1220 in
2936 1166 3222 1220 Dominum
3248 1166 3454 1233 Iesum,
3492 1177 3543 1223 et
3577 1169 3694 1223 salo

2114 1255 2316 1309 vaberis
2343 1256 2418 1322 ¹⁰;
2447 1257 2610 1310 item:
2645 1256 2875 1312 Locutus
2893 1267 2992 1325 est,
3019 1259 3219 1327 inquit,
3253 1257 3366 1312 illis
3401 1276 3694 1315 sermonem

2113 1336 2351 1395 Domini.
2389 1337 2458 1393 Et
2501 1339 2762 1396 deducens
2795 1358 2884 1397 eos
2916 1343 2969 1396 in
3023 1342 3262 1407 domum,
3303 1346 3550 1412 apposuit
3583 1345 3696 1400 illis

2116 1445 2391 1484 mensam:
2425 1439 2477 1485 et
2508 1431 2720 1486 laztatus
2762 1441 2840 1488 est
2873 1449 2993 1487 cum
3020 1435 3268 1488 universa
3295 1433 3507 1504 familia
3544 1443 3697 1504 post.

2113 1538 2273 1592 quam
2291 1521 2513 1577 credidit
2535 1522 2644 1577 Deo
2668 1525 2734 1579 ιι.
2764 1522 2888 1579 Sive
2912 1524 3045 1579 illud
3068 1524 3388 1581 consideres
3419 1542 3434 1580 :
3466 1523 3535 1579 In
3553 1524 3699 1594 print

2113 1611 2249 1678 cipio
2278 1621 2394 1666 erat
2441 1602 2689 1674 Verbum,
2721 1622 2772 1667 et
2812 1611 3040 1667 Verbum
3082 1622 3199 1668 erat
3227 1612 3368 1683 apud
3408 1611 3601 1678 Deum,
3645 1613 3698 1668 et

2113 1701 2258 1757 Deus
2296 1713 2411 1757 erat
2456 1702 2680 1758 Verbum
2703 1705 2746 1736 “
2772 1721 2787 1759 :
2829 1705 2936 1770 vel,
2961 1703 3028 1758 Ut
3050 1703 3352 1758 doctrinam
3377 1705 3547 1760 nostri
3572 1701 3700 1760 Sal-

2116 1787 2317 1848 vatoris
2327 1804 2512 1849 ornent
2534 1795 2577 1828 ¹³
2596 1811 2611 1849 :
2637 1794 2776 1862 sive,
2797 1796 3057 1866 Apparuit
3073 1797 3251 1867 gratia
3269 1795 3481 1851 Domini
3493 1805 3544 1852 et
3569 1795 3698 1851 Sal-

420 1869 620 1940 εφάνη
667 1873 707 1941 ἡ
736 1872 908 1942 χάρις
941 1876 1047 1932 τοῦ
1094 1880 1266 1946 Θεοῦ,
1309 1883 1350 1950 ἡ
1400 1885 1696 1955 σωτήριος
1738 1890 1758 1921 ¹
1825 1888 2013 1944 πᾶσιν

2117 1885 2314 1941 uetaris
2331 1887 2502 1958 nostri
2518 1884 2555 1940 J
2557 1903 2650 1942 esu
2665 1885 2865 1942 Christi
2879 1886 3120 1942 omnibus
3137 1888 3438 1942 hominibus
3449 1887 3696 1944 erudiens

422 1963 778 2031 ἀνθρώποις,
813 1967 1187 2027 παιδεύουσα
1219 1973 1377 2044 ἡμᾶς
1396 1991 1410 2004 ο
1443 1975 1499 2046 ἢ,
1535 1978 2012 2050 Προσδεχόμενοι

427 2055 544 2123 τὴν
559 2058 864 2125 μακαρίαν
885 2059 1123 2128 ἐλπίδα,
1155 2065 1253 2120 καὶ
1298 2067 1652 2137 ἐπιφάνειαν
1678 2070 1788 2139 τῆς
1827 2071 2014 2138 δόξης

429 2147 538 2201 τοῦ
576 2149 798 2217 Χιφίου
842 2152 943 2206 καὶ
985 2153 1260 2223 Σωτῆρος
1297 2157 1467 2228 ἡμῶν
1495 2160 1689 2230 Ἰησοῦ
1719 2162 1975 2231 Χριστοῦ
1993 2179 2008 2195 °

428 2239 484 2309 ἢ.
512 2242 676 2309 Αὕτη
708 2241 746 2309 ἡ
781 2242 1054 2299 διακονία
1094 2247 1200 2301 τοῦ
1237 2253 1584 2322 Πνεύματος
1609 2255 1709 2310 καὶ
1755 2256 1861 2311 τοῦ
1902 2257 2016 2312 Λό-

427 2347 558 2397 γου.
593 2331 926 2402 Προσέχετε
967 2334 1046 2400 δὲ,
1093 2339 1276 2408 φησὶν,
1307 2341 1545 2409 ἑαυτοῖς
1579 2345 1678 2398 καὶ
1724 2347 1904 2400 παντὶ
1933 2346 2014 2412 τῷ

425 2423 703 2490 ποιμνίῳ,
737 2425 806 2478 ἐν
846 2418 896 2492 ᾦ
945 2429 1098 2497 ὑμᾶς
1135 2431 1299 2486 ἔθετο
1342 2434 1410 2488 τὸ
1448 2436 1692 2506 Πνεῦμα
1734 2439 1799 2492 τὸ
1845 2439 2016 2508 ἅγιον

427 2512 803 2583 ἐπισκόπους
829 2523 1166 2590 ποιμαίνειν
1192 2525 1307 2594 τὴν
1326 2527 1690 2598 Ἐκκλησίαν
1712 2532 1817 2586 τοῦ
1842 2531 2014 2586 Θεοῦο

427 2605 615 2676 ὅμοιον
656 2608 736 2680 τῷ
782 2613 975 2678 είπείν,
1014 2615 1197 2685 Χάριν
1239 2618 1357 2687 ἔχω
1405 2619 1487 2686 τῷ
1521 2621 2017 2694 ἐνδυναμώσαντί

426 2715 505 2767 με
531 2701 761 2768 Χριστῷ
793 2705 989 2773 Ἰησοῦ
1018 2708 1098 2774 τῷ
1136 2711 1325 2778 Κυρίῳ
1349 2713 1538 2782 ἡμῶν,
1569 2715 1658 2769 ὅτι
1691 2717 1914 2772 πιστόν
1938 2733 2018 2787 με

432 2789 705 2859 ἡγήσατο
736 2795 982 2865 θέμενος
1011 2802 1100 2867 εἰς
1133 2800 1466 2859 διακονίαν.

2119 1993 2214 2032 nos
2235 1978 2299 2044 ";
2331 1980 2434 2041 vel,
2476 1977 2855 2045 Exspectantes
2890 1977 3098 2033 beatam
3151 1995 3295 2049 spem
3330 1989 3382 2034 et
3419 1979 3698 2033 adventum

2118 2068 2304 2140 glorite
2326 2069 2506 2138 magni
2529 2067 2628 2123 Dei
2655 2078 2704 2123 et
2727 2067 3024 2124 Saluatoris
3054 2072 3224 2125 nostri
3246 2069 3375 2125 Jesu
3395 2069 3594 2125 Christi
3619 2070 3696 2139 ¹³ς

2119 2160 2248 2216 item
2274 2178 2285 2214 :
2309 2159 2425 2213 Hoc
2441 2169 2519 2214 cst
2540 2160 2889 2215 ministerium
2907 2160 3141 2230 Spiritus
3155 2171 3203 2215 et
3217 2161 3392 2215 Verbi.
3407 2161 3698 2227 Attendite,

2119 2249 2318 2319 inquit,
2347 2248 2490 2304 vobis
2519 2257 2568 2303 et
2595 2251 2836 2304 uniuerso
2868 2251 3032 2320 gregi,
3062 2250 3118 2304 in
3141 2266 3242 2320 quo
3270 2251 3548 2322 posuitvos
3579 2249 3701 2318 Spi-
3792 2317 3796 2320 Α

2121 2343 2259 2397 ritus
2304 2353 2522 2398 sanctus
2573 2344 2842 2413 episcopos
2898 2359 3074 2414 regere
3124 2343 3417 2398 Ecclesium
3479 2341 3575 2397 Dei
3602 2344 3689 2398 “:

2122 2433 2350 2503 perinde
2379 2449 2444 2488 ac
2477 2435 2522 2490 si
2553 2434 2756 2489 diceret
2787 2452 2801 2488 :
2840 2432 3062 2490 Gratias
3089 2451 3187 2506 ago
3213 2434 3582 2489 corroboranti
3617 2449 3703 2489 me

2123 2525 2335 2580 Christo
2375 2523 2508 2580 Jesu
2540 2525 2768 2580 Domino
2793 2536 2996 2591 nostro,
3033 2526 3172 2596 quod
3203 2542 3284 2581 me
3321 2525 3526 2598 ﬁdelem
3556 2524 3702 2579 arbi-

2123 2625 2292 2672 trarus
2324 2626 2401 2672 est
2433 2615 2502 2671 ad
2531 2617 2880 2674 ministerium
2900 2618 3224 2673 constituens
3248 2616 3311 2672 ".

2195 2880 2358 2955 LXX.
2392 2881 2582 2954 itaque
2612 2881 2785 2939 Filius
2811 2889 2868 2939 et
2900 2881 3140 2954 Spiritus
3166 2889 3396 2940 sanctus
3434 2898 3558 2940 cum
3595 2881 3700 2937 Pa-

504 2881 580 2934 0’.
618 2882 876 2954 Συνεργεί
903 2887 1102 2954 τοίνυν,
1131 2889 1207 2954 ὡς
1240 2891 1634 2961 ἀποδέδεικται,
1659 2896 1737 2969 τῷ
1781 2897 1954 2971 Πατρῖ
1987 2899 2018 2953 ὁ

433 2969 564 3034 Υἱὸς
603 2973 792 3028 καὶτὸ
837 2977 1062 3049 Πνεῦμα
1101 2980 1163 3034 τὸ
1193 2981 1376 3050 ἅγιονο
1421 2983 1509 3050 Τῷ
1548 2988 1661 3056 γὰρ
1707 2990 1877 3058 Λόγῳ
1903 2969 2013 3045 Κυ-

2123 2982 2228 3038 tre,
2253 2977 2334 3030 uti
2359 2976 2880 3045 demonstravimus,
2902 2984 3071 3049 agunt
3100 2976 3503 3062 communiter:
3540 2973 3699 3031 Verbo

426 3064 568 3132 ρίου
599 3067 653 3118 οὶ
684 3067 927 3134 οὐρανοὶ
955 3070 1422 3142 ἐστερεώθησαν,
1459 3076 1558 3131 καὶ
1596 3077 1678 3145 τῷ
1716 3081 2013 3150 Πνεύματι

2122 3070 2263 3124 enim
2291 3067 2508 3124 Domini
2540 3069 2658 3124 cali
2681 3070 2884 3140 ﬁrmati
2911 3078 3069 3134 sunt;
3091 3079 3140 3124 et
3168 3067 3373 3137 Spiritu
3397 3069 3506 3123 oris
3527 3067 3694 3138 ipsius

432 3159 542 3212 τοῦ
583 3164 879 3230 στόματος
923 3166 1109 3220 αὑτοῦ
1169 3165 1338 3223 πᾶσα
1387 3172 1426 3239 ἡ
1485 3171 1740 3242 δύναμις
1797 3174 2013 3231 αὐτῶν.

2125 3163 2296 3216 omnis
2329 3161 2499 3216 uirtus
2533 3177 2714 3216 eorum
2749 3161 2814 3217 ¹⁸.
2845 3161 3083 3232 Spiritus
3132 3176 3264 3218 vero
3315 3169 3539 3217 sanctus
3603 3158 3700 3213 ad—

435 3249 814 3325 Προσκυνητὸν
841 3254 908 3308 δὲ’
929 3257 1152 3328 Πνεῦμα
1188 3259 1250 3312 τὸ
1276 3260 1430 3329 ἆγιον
1453 3277 1464 3290 ’
1501 3261 1654 3327 Τοὺς
1690 3263 1799 3335 γὰρ
1837 3279 2013 3333 προσ-

2125 3255 2367 3312 orandus
2394 3264 2479 3313 est
2504 3275 2518 3313 :
2552 3256 2657 3324 Qui
2689 3258 2826 3312 enim
2856 3256 3084 3312 adorant
3125 3256 3294 3311 Deum
3320 3295 3335 3322 ,
3373 3255 3574 3320 Spiritu
3602 3251 3701 3306 mt-

434 3341 774 3410 κυνοῦντας
797 3345 938 3412 Θεῷ,
972 3347 1042 3401 ἐν
1077 3351 1376 3420 Πνεύματι
1404 3351 1500 3406 δεῖ
1529 3355 1896 3423 προσκυνεῖν
1925 3355 2013 3411 καὶ

2125 3363 2284 3403 orare
2315 3357 2517 3417 oportet
2545 3357 2595 3404 et
2623 3349 2840 3405 ueritate
2863 3351 2928 3405 ⁸9.
2957 3349 3065 3420 75
3095 3348 3299 3416 Quodsi
3322 3349 3522 3404 veritas
3549 3360 3702 3401 como

435 3431 706 3502 ἀληθείᾳ.
737 3436 801 3488 Ei
829 3437 884 3490 δὲ
915 3443 1166 3510 συνεργεῖ
1207 3441 1380 3496 ταῦτα
1417 3443 1459 3510 ³,
1520 3445 1696 3510 κτίσις
1723 3447 1900 3501 κτίσιν
1928 3449 2013 3502 οὖν

2127 3441 2370 3496 muniter
2398 3441 2534 3512 agit,
2570 3449 2826 3497 creatura
2849 3449 3158 3498 creaturam
3194 3440 3356 3495 aliam
3379 3456 3489 3495 non
3523 3438 3706 3507 eliicit,

438 3523 750 3596 ἑργάζεται,
780 3527 900 3580 οὐδὲ
934 3531 1122 3602 κτιστὴ
1155 3531 1344 3602 θεότης
1381 3533 1610 3602 γίνεται,
1661 3535 1783 3601 οὐδὲ
1829 3539 1886 3592 ἐν
1931 3537 2013 3609 μέ·

2129 3547 2306 3603 neque
2334 3533 2510 3588 creari
2539 3531 2797 3588 divinitas
2815 3539 3033 3604 potest,
3062 3547 3240 3603 neque
3277 3539 3425 3587 certo
3454 3530 3617 3586 modo
3645 3544 3709 3585 ac

437 3632 552 3688 τρῳ
580 3617 614 3686 ἢ
667 3621 894 3691 περιοχῇ
939 3620 1071 3686 Θεὸς
1116 3623 1465 3691 γινώσκεται.
1503 3627 1658 3681 Ἔστι.
1685 3628 1796 3700 γὰρ
1829 3629 2013 3700 ἀπερί-

2129 3621 2645 3690 circumscriptione
2682 3620 2942 3676 deﬁnitus
2988 3620 3342 3692 cognoscitur
3381 3619 3561 3684 Deus;
3607 3619 3711 3673 cir-

437 3722 668 3776 γραφος,
721 3707 1040 3780 ἀχώρητος,
1094 3712 1469 3783 ἅπερινόητος,
1526 3715 1705 3770 πάντα
1759 3717 2013 3788 περιέχωι

2129 3711 2426 3767 cumscribi
2469 3711 2616 3766 enim
2656 3727 2768 3766 non
2800 3720 3013 3783 potest,
3055 3721 3148 3767 aut
3198 3711 3345 3782 capi,
3381 3717 3476 3764 aut
3507 3709 3711 3764 intelli-

438 3797 509 3851 τὰ
537 3799 815 3871 ποιήματα
840 3803 868 3854 ὸ
896 3801 1028 3866 Θεός
1059 3801 1101 3856 ⁸.
1155 3804 1288 3857 Οὐδὲ
1314 3804 1580 3877 λατρευτὴ
1616 3806 1826 3872 κτίσιςο
1872 3807 2013 3863 Ἑλά

2132 3802 2314 3873 gentia
2342 3802 2760 3873 comprehendi,
2791 3818 2916 3858 cum
2949 3805 3209 3859 universa
3248 3801 3346 3858 Dei
3377 3817 3544 3873 opera
3572 3815 3711 3856 con-

437 3905 704 3956 τρευσαν
733 3891 842 3964 γὰρ
873 3892 951 3962 τῇ
972 3894 1166 3949 κτίσει
1217 3896 1379 3966 παρὰ
1427 3896 1534 3951 τὸν
1573 3899 1889 3967 κτίσαντα,
1929 3901 2013 3954 καὶ

2130 3894 2323 3949 tinent.
2385 3892 2492 3948 Sed
2545 3908 2724 3964 neque
2765 3902 3033 3948 creaturas
3063 3891 3412 3948 serviendum
3451 3910 3464 3946 :
3510 3889 3715 3946 Servie-

437 3978 892 4050 ἐμωράνθησαν.
923 3983 1048 4047 Πῶς
1085 3984 1194 4057 γὰρ
1219 3987 1280 4040 οὐ
1314 3986 1495 4057 μωρὸν
1529 3987 1704 4043 κτίσιν
1737 3988 2006 4058 θεολογεῖν

2131 3994 2275 4050 runt,
2347 3985 2542 4055 inquit,
2577 3993 2836 4041 creatura:
2863 3985 3040 4054 potius
3067 4001 3226 4054 quam
3255 3982 3520 4049 Creatori,
3544 3993 3594 4039 et
3624 3983 3712 4054 [a-

441 4070 654 4128 ὰθετεῖν
683 4073 740 4127 δὲ
773 4075 998 4148 πρώτην
1025 4077 1047 4109 ⁸
1102 4077 1320 4148 ἐντολὴν
1352 4079 1450 4148 τὴν
1475 4078 1769 4148 λέγουσανο
1798 4083 2006 4136 Ἄκουε

2134 4078 2212 4131 tui
2241 4075 2434 4130 redditi
2465 4085 2589 4131 sunt
2613 4078 2682 4132 ⁸ο.
2711 4076 2905 4133 Nonne
2935 4076 3193 4132 stolidum
3220 4083 3306 4131 est
3333 4084 3602 4130 creatura:
3629 4075 3713 4130 di-

441 4161 702 4232 Ἰσραὴλ,
753 4167 966 4236 Κύριος
1009 4170 1043 4222 ὁ
1101 4169 1247 4235 Θεός
1289 4184 1406 4225 σου
1453 4172 1668 4239 Κύριος
1715 4166 1801 4238 εἷς
1839 4172 2010 4226 ἐστιν

2131 4169 2412 4224 vinitatcm
2448 4169 2691 4224 tribuere
2713 4209 2728 4234 ,
2763 4183 2828 4223 ac
2869 4169 3104 4238 primum
3133 4168 3238 4222 hoc
3266 4167 3472 4224 violare
3517 4183 3713 4240 praece-

441 4257 553 4310 οὐκ
592 4255 764 4310 ἔσται
808 4258 878 4312 ἐν
905 4257 1003 4312 σοὶ
1045 4260 1180 4326 θεὸς
1220 4262 1610 4330 πρόσφατοω
1664 4263 1751 4317 Ἐν
1788 4263 2013 4334 Γραφαῖς

2132 4268 2318 4331 ptum:
2351 4259 2514 4324 Audi,
2539 4259 2750 4314 Israel:
2783 4258 3038 4314 Dominus
3070 4258 3211 4315 Deus
3243 4268 3363 4314 tuus
3380 4275 3515 4314 unus
3545 4269 3622 4314 est
3646 4262 3712 4317 “.

442 4346 506 4418 δὴ
532 4347 715 4416 ἁγίαις
745 4349 977 4423 διάφορα
999 4351 1238 4422 ὀνόματα
1264 4353 1506 4407 καλεῖται
1533 4353 1746 4426 Πατρὸς
1780 4353 1874 4407 καὶ
1900 4353 2013 4407 Υίοῐ

2136 4352 2261 4408 Non
2297 4353 2397 4408 erit
2434 4353 2488 4407 in
2536 4362 2584 4408 te
2642 4352 2784 4409 Deus
2823 4370 3002 4408 recens
3045 4354 3132 4408 “?
3161 4353 3431 4409 Caeterum
3479 4353 3717 4409 diversis

441 4437 540 4488 καὶ
555 4437 710 4504 ἁγίου
735 4438 873 4490 Πνεύ
883 4457 1066 4509 ματος.
1097 4440 1308 4512 Πατρὸς
1332 4442 1450 4512 μέν’
1473 4441 1675 4512 Πατὴρ
1694 4444 2013 4512 παντοκρά·

2135 4445 2190 4500 in
2226 4442 2508 4514 Scriptura
2539 4444 2857 4500 nominibus
2897 4443 3060 4500 Pater
3098 4452 3151 4501 et
3177 4444 3350 4500 Filius
3389 4451 3444 4499 et
3475 4444 3716 4516 Spiritus

444 4544 578 4598 τωρ,
596 4527 798 4598 Πατὴρ
819 4530 1118 4597 ἁπάντων,
1137 4531 1338 4602 Πατὴρ
1362 4533 1640 4602 Χριστοῦο
1670 4532 1792 4589 Υἱοῦ
1815 4534 1872 4589 δέ
1889 4552 1902 4565 ’
1924 4536 2010 4590 Λό

2135 4541 2360 4593 sanctus
2387 4534 2637 4605 insigniri
2666 4537 2845 4592 solent
2874 4555 2887 4591 :
2916 4545 3110 4608 utputa
3140 4535 3324 4602 Pater,
3351 4536 3516 4591 Pater
3545 4538 3718 4590 omni-

445 4639 567 4690 γος,
587 4623 861 4689 Χριστὸς,
884 4621 1008 4692 φῶς
1034 4625 1345 4693 ἀληθινόν,
1373 4613 1478 4679 Τοῦ
1505 4625 1562 4679 δὲ
1601 4626 1756 4694 ἁγίου
1785 4625 2013 4697 Πνεύμαι

2132 4634 2356 4696 potens,
2428 4625 2593 4681 Pater
2657 4627 2926 4692 omnium,
2971 4627 3137 4681 Pater
3195 4626 3396 4683 Christi
3450 4637 3715 4709 vocatur;

440 4729 561 4774 τος·
581 4712 1251 4785 Παράκλητοςι,ηνεῦμα
1271 4717 1576 4785 ἀληθείας,
1593 4717 1835 4787 Πνεῦμα
1857 4717 2013 4773 Θεοῦ

2137 4715 2309 4773 Filius
2367 4731 2537 4783 vero,
2601 4715 2864 4782 Verbum,
2923 4715 3190 4783 Christus,
3246 4717 3340 4771 lux
3395 4734 3554 4784 vera;
3596 4717 3718 4789 Spi-

444 4803 687 4873 Πνεῦμα
723 4805 1001 4874 Χριστοῦ.
1047 4805 1113 4860 Τί
1157 4807 1332 4860 τοίνυν
1384 4807 1405 4839 ⁸
1463 4810 1491 4862 ὁ
1541 4807 1673 4872 Θεὸς
1703 4810 1901 4864 νοεῖται
1937 4808 2013 4862 καὶ

2140 4808 2282 4864 ritus
2344 4816 2570 4864 sanctus
2615 4806 2871 4878 denique,
2919 4805 3254 4877 Paracletus,
3307 4807 3540 4878 Spiritus
3573 4809 3713 4863 veri-

447 4893 802 4966 Πατὴμφῶς
829 4894 942 4950 ἀλλ’
967 4896 1042 4960 ὼς
1071 4895 1487 4971 ὑπέρλαμπρον,
1510 4897 1783 4968 δύναμις,
1819 4899 2013 4969 σοφία.

2138 4901 2284 4966 tatis,
2355 4898 2586 4970 Spiritus
2642 4898 2763 4964 Dei,
2825 4897 3058 4968 Spiritus
3123 4897 3345 4957 Christi.
3406 4898 3718 4966 Quinetiam

447 4985 510 5038 Εἰ
540 4985 596 5038 δὲ
621 4985 738 5054 φῶς
766 4988 794 5040 ὁ
831 4987 960 5052 Θεὸς
993 4987 1088 5041 καὶ
1128 4989 1340 5061 Πατὴρ,
1379 4989 1493 5058 φῶς
1529 4988 1640 5061 ἄρα
1683 4991 1748 5044 ὲκ
1795 4989 1970 5061 φωτὸς
2004 5009 2013 5042 ι

2138 4991 2282 5048 Deus
2305 4992 2396 5047 ille
2435 4991 2577 5047 idem
2627 5005 2692 5046 ac
2729 4990 2892 5046 Pater
2917 4992 3008 5045 lux
3037 4990 3380 5062 intelligitur,
3410 5000 3464 5047 et
3490 4991 3712 5062 quidem

447 5073 596 5142 Υἱὸς,
631 5077 726 5130 καὶ
761 5076 847 5130 διὰ
883 5075 1058 5132 τοῦτο,
1087 5074 1266 5133 οίκῶν
1314 5079 1440 5149 φῶς
1477 5080 1499 5112 ⁷
1563 5079 1630 5134 τὸ
1679 5079 2010 5147 ἀπρόσιτον

2138 5080 2448 5136 admirabili
2481 5079 2773 5151 splendore
2795 5081 3072 5138 collucens
3091 5122 3106 5147 ,
3138 5097 3352 5137 necnon
3379 5088 3434 5137 et
3461 5083 3626 5137 virtus
3657 5090 3712 5138 et

448 5168 685 5237 Δύναμις
727 5167 784 5221 δὲ
820 5168 938 5232 ὅλος
967 5169 996 5222 ὁ
1030 5170 1182 5235 Θεὸς,
1218 5173 1310 5226 καὶ
1355 5169 1444 5226 διὰ
1479 5170 1636 5226 τοῦτο
1666 5171 1885 5240 Κύριος
1918 5168 2013 5225 τῶι

2141 5172 2423 5242 sapientia.
2455 5171 2632 5243 Atque
2672 5171 2752 5227 uti
2782 5173 2876 5227 lux
2909 5179 2994 5228 est
3015 5171 3162 5228 Deus
3196 5179 3250 5227 et
3284 5171 3465 5238 Pater,
3503 5173 3578 5228 ita
3622 5173 3716 5236 lux

449 5256 781 5330 δυνάμεων.
821 5259 992 5330 Σοφία
1037 5261 1155 5328 ὅλος
1190 5264 1220 5316 ὁ
1265 5263 1388 5326 Υἱός
1419 5263 1556 5336 (15⁸)
1581 5280 1594 5294 ·
1637 5261 1833 5318 οὐκοῦν
1877 5262 2013 5332 coepit

2141 5270 2227 5319 est
2253 5262 2320 5318 do
2346 5261 2467 5317 luce
2486 5261 2659 5318 Filius
2687 5279 2700 5316 :
2735 5261 2882 5316 unde
2906 5267 2960 5316 et
2986 5259 3156 5315 lucem
3188 5259 3451 5314 inhabitat
3481 5259 3719 5325 intrares,

523 5414 1074 5518 ἶτθ⁹ςκ⁰⁶μ¹ἰ⁶ωμεν·
1093 5487 1113 5518 τ
1149 5419 1170 5450 ¹
1202 5416 1411 5518 π”πτὲδ
1444 5417 1885 5518 Σαὶτῆροςιὴμῶἔ
1913 5416 2178 5518 διὲστοδε
2235 5416 2398 5518 ἰρυοο
2428 5416 2466 5518 ’ἱ
2491 5415 2737 5518 ἐλήξείῗε
2792 5413 2840 5518 κ’
2864 5414 3089 5518 γηλτξῖθ.
3110 5413 3266 5518 θΞΞῨ’
3295 5414 3458 5518 ξιπλ
3480 5411 3717 5518 Ῑξῗτξῗῗν

452 5483 474 5514 ⁸
503 5484 766 5562 Ουιὲ-ἕτι-
789 5482 990 5562 τοίνυν.
1093 5482 1250 5562 "rp:
1445 5488 1539 5540 τοῦ
1576 5482 1810 5562 parte;
1906 5482 2013 5562 _I_Ti

2130 5501 2201 5562 ,ιιι
2235 5482 2350 5562 ίϐέζ
2385 5555 2418 5562 ..
2445 5482 2654 5562 {30in
2685 5501 2766 5562 ιξε
2789 5482 2880 5562 5.?
2925 5483 2967 5516 ¹⁰
2996 5485 3271 5562 Aci-3Y5.
3295 5485 3414 5562 51;.
3448 5549 3464 5562 .
3498 5482 3561 5562 Σ.
3593 5482 3717 5537 Ac"-

453 5568 562 5624 ιινι,
594 5556 682 5611 54.
789 5555 832 5589 ⁸³
861 5557 1018 5610 loan.
1047 5571 1087 5621 ι,
1125 5549 1186 5611 ιζ’
1271 5558 1314 5590 ⁸³
1343 5557 1450 5611 Tit.
1482 5573 1541 5616 ιι.
1584 5549 1671 5613 ιο.
1732 5549 1745 5552 “
1777 5557 1977 5612 “ibid.

2126 5556 2208 5611 ιε.
2305 5557 2348 5589 ιε
2385 5555 2516 5609 ibid.
2557 5549 2650 5611 is.
2725 5555 3299 5624 “Act.xx,27,28._
3372 5549 3640 5610 "lTim.
3673 5564 3717 5623 ι,

455 5623 541 5678 12.
623 5627 664 5657 ⁸⁸
703 5625 792 5682 Ps.
825 5642 1002 5693 xxxii,
1030 5626 1084 5682 6.
1163 5628 1206 5660 ¹⁹
1231 5624 1388 5683 Joan.
1412 5643 1486 5694 tv,
1517 5627 1608 5682 24.
1683 5627 1729 5660 ³⁸
1758 5627 1960 5693 Roma,
1989 5628 2013 5681 ﬁ

2118 5626 2210 5682 2l.
2287 5627 2332 5660 “
2363 5625 2523 5680 Deut.
2551 5625 2700 5692 vt,4.
2777 5623 2991 5679 “Psal.
3035 5637 3198 5688 Lux,
3239 5622 3328 5676 10.

529 5761 880 5839 (l5)_1‘_cxtus
897 5762 1121 5839 Grmcus
1151 5763 1409 5839 Epistolas
1448 5767 1514 5824 ad
1553 5767 1733 5825 Titum
1764 5767 1925 5825 habet
1965 5783 2027 5839 ιι,

2209 5767 2341 5842 (15⁸)
2367 5767 2514 5841 Lege
2545 5766 2706 5838 σοφία
2739 5765 2854 5828 ὅλος
2887 5765 2914 5817 ὁ
2943 5762 3096 5826 Θεός.
3130 5758 3288 5814 Eutr.

462 5832 551 5902 ιο.
573 5832 666 5887 τοῦ
697 5834 943 5908 Σωτῆρος
972 5837 1127 5908 ἡμῶν
1159 5835 1314 5893 Θεοῦ.
