4018 6210
404 314 521 373 N9

404 526 617 599 Πατὴρ,
650 525 683 596 ἢ
715 524 955 580 ἐκλιπών
995 542 1125 579 ποτε
1156 526 1334 599 χρόνῳ
1370 525 1461 581 τοῦ
1492 522 1630 581 εἶναι
1683 527 1890 601 Πατήρ.
1928 530 1993 585 El

401 620 513 690 γάρ
555 619 781 691 ἄρχεται
827 616 921 671 τοῦ
974 613 1112 672 εἶναι
1157 618 1368 692 Πατὴρ,
1426 618 1555 685 Υἱὸς
1597 620 1706 692 ἀρα
1743 614 1811 692 ἦν
1861 639 1992 675 ποτε

401 710 592 781 ἑτέρου
623 709 857 782 Πατρὺς,
893 708 1000 782 πρὸ
1036 709 1130 765 τοῦ
1163 704 1301 765 εἶναι
1346 710 1507 764 αὐτὸν
1555 711 1777 783 Πατέρα
1818 714 1993 768 Μονο-

402 801 615 870 γενοῦς.
662 802 798 856 Καθ’
849 803 1145 875 ὁμοιότητα
1187 802 1298 874 (20)
1342 802 1399 856 δὲ
1452 803 1687 875 πατέρες
1744 804 1995 877 πατέρων

401 889 671 961 νοούμενα
708 892 726 923 ¹
758 891 944 959 τέκνα,
989 894 1070 957 είς
1116 893 1341 963 ἄπειρον
1384 892 1476 948 τδν
1523 894 1739 966 ἀληθῶς
1779 895 1994 967 πατέρα

399 979 501 1051 τῆς
549 981 935 1053 ἀρχαιολογίας
976 983 1156 1054 εὑρεῖν
1203 983 1371 1039 ἔστιν.
1414 983 1549 1039 Οὐδὲ
1599 984 1676 1049 ὡς
1722 984 1791 1040 τά
1835 986 1995 1042 λοιπά

398 1070 565 1125 τέκνα
594 1071 759 1137 θέσει,
789 1074 818 1126 ὁ
850 1072 978 1135 Υἱὸς
1017 1073 1046 1125 ὁ
1077 1072 1347 1144 ἀληθινὸς,
1384 1073 1501 1138 νέος
1529 1074 1623 1128 τοῦ
1657 1070 1793 1129 είναι
1832 1075 1990 1141 Υίός·

400 1160 451 1213 εί
480 1160 588 1231 γὰρ
617 1159 739 1225 νέος
772 1160 865 1215 τοῦ
911 1157 1050 1217 εῖναι
1083 1162 1231 1228 Υἱὸς,
1261 1158 1329 1235 ἦν
1378 1181 1506 1217 ποτε
1552 1165 1741 1237 χρόνος
1772 1167 1859 1220 ὅτε
1895 1168 1996 1221 οὐκ

397 1245 467 1324 ἦν
516 1252 707 1324 Πατὴρ
753 1252 943 1325 Πατὴρ
985 1254 1342 1323 Μονογενοῦς.
1399 1257 1532 1310 Οὐδὲ
1582 1257 1657 1322 ὡς
1715 1257 1783 1312 τά
1834 1258 1995 1314 λοιπά

401 1342 712 1415 πνεύματα,
741 1344 803 1398 τὺ
832 1345 1059 1416 Πνεῦμα
1088 1347 1187 1418 τῆς
1216 1347 1473 1420 ἀληθείας
1507 1349 1723 1404 κτιστδν
1760 1351 1793 1422 ἢ
1839 1368 1996 1422 ποιη-

398 1437 510 1490 τόνο
537 1436 658 1489 οὐδὲ
684 1437 759 1501 ὡς
780 1438 830 1491 oi
853 1438 931 1493 λοι
942 1438 1027 1491 ml
1052 1437 1290 1508 ἄγγελοι,
1306 1440 1335 1491 ό
1357 1440 1457 1513 τῆς
1469 1440 1738 1513 μεγάλης
1757 1442 1996 1513 ,βουλῆς

404 1527 701 1597 Ἀγγελος
746 1526 1012 1584 καλεῖται.
1048 1529 1117 1581 ’Δ
1169 1528 1269 1600 μὲν
1328 1529 1437 1602 γάρ
1483 1530 1655 1601 ἀρχὴν
1702 1530 1797 1585 καὶ
1840 1530 1995 1596 τέλος

401 1615 532 1688 ἔχει,
561 1620 590 1671 ό
621 1617 667 1670 δ’
710 1618 777 1672 ἂν
813 1618 929 1690 (21)
978 1620 1330 1692 ἀνεπινόητον
1388 1620 1499 1693 ἔχει
1540 1622 1639 1693 τὴν
1684 1623 1859 1696 ἀρχὴν
1900 1624 1994 1678 καὶ

398 1708 462 1763 τὸ
490 1709 721 1781 κράτος*
753 1711 849 1764 καὶ
884 1710 919 1764 ἀ
949 1711 1048 1782 μὲν
1080 1710 1254 1777 κτίζει
1292 1712 1359 1766 τὰ
1389 1714 1567 1768 πάντα
1610 1714 1690 1778 είς
1731 1715 1995 1786 ἀπείρους

1830 316 2202 375 ΑΝΕΟΠᾹἸἫ
2213 320 2269 377 S.

404 431 741 504 πατριάρχαι
785 434 814 486 ὁ
860 433 1107 505 ἀληθινὸς
1142 433 1333 507 Πατὴρ
1376 434 1679 507 ἀρξάμενος
1726 436 1820 490 τοῦ
1854 435 1990 491 εἶναι

2103 440 2321 491 ternitas
2362 438 2412 492 in
2442 438 2584 491 caelis
2619 445 2670 490 st
2714 437 2769 490 in
2812 445 2955 490 terra
2980 436 3035 503 ",

3573 312 3676 367 I50

3080 434 3194 491 sive
3232 452 3245 490 :
3296 433 3407 505 Ego
3447 433 3670 504 ﬁrmans

2099 529 2324 595 tonitru,
2348 537 2397 583 et
2431 544 2615 583 creans
2659 529 2901 597 spiritum
2927 527 2970 581 ⁸.
3012 524 3128 583 Non
3163 528 3307 582 enim
3347 534 3669 582 cmlerorum

2099 628 2316 693 patrum
2348 619 2855 691 patriarcharumve
2879 634 3052 685 more,
3078 634 3238 674 verus
3272 618 3361 673 ille
3389 615 3551 673 Pater
3579 627 3672 671 aut

2095 728 2219 768 esse
2254 711 2417 768 Pater
2452 712 2749 781 aliquando
2782 712 2969 782 ctrpit,
3005 718 3099 767 aut
3134 725 3424 782 progressu
3464 716 3672 779 tempo-

2097 804 2174 859 ris
2203 819 2327 859 esse
2356 801 2683 874 quandoque
2722 800 2956 857 desinet.
2981 800 3117 856 Nam
3141 801 3187 857 si
3225 798 3385 855 Pater
3410 816 3533 855 esse
3559 814 3672 854 ca:-

2097 894 2259 966 perit,
2291 908 2526 950 necesse
2559 899 2641 948 est
2670 902 2729 947 ut
2751 890 2925 949 Filius
2949 892 3174 947 alterius
3200 890 3382 945 Patris
3408 891 3538 944 olim
3566 887 3676 945 Ine-

2098 989 2187 1053 rit,
2227 994 2520 1057 antequam
2550 985 2667 1056 ipse
2701 992 2851 1041 esset
2888 982 3164 1055 Unigeniti
3200 985 3388 1038 Pater:
3420 982 3673 1037 similiter

2097 1091 2161 1131 ac
2182 1084 2389 1148 patres,
2435 1075 2527 1148 qui
2574 1076 2705 1131 dum
2739 1075 3122 1146 intelliguntur
3157 1089 3280 1129 esse
3308 1073 3400 1127 lilii
3431 1080 3672 1143 patrum,

2097 1166 2152 1221 in
2190 1165 2466 1222 inﬁnitum
2497 1180 2662 1222 verus
2703 1165 2933 1237 originis
2970 1170 3121 1220 sator
3152 1178 3215 1218 ac
3245 1171 3398 1232 pater
3438 1163 3672 1217 inveniri

2098 1271 2300 1334 potest.
2334 1262 2521 1333 Neque
2568 1276 2700 1317 vero
2734 1273 3059 1316 caaterorum
3099 1259 3274 1313 instar
3307 1259 3538 1315 liliorum
3581 1256 3673 1329 qui

2096 1353 2390 1424 adeptione
2427 1351 2557 1407 l‘aeti
2589 1358 2738 1420 sunt,
2766 1367 2927 1407 verus
2957 1350 3128 1406 Filius
3159 1364 3352 1404 recens
3377 1357 3461 1404 est
3496 1346 3675 1403 factus

2096 1445 2289 1501 Filius.
2340 1443 2598 1517 Alioquin
2630 1442 2776 1499 enim
2820 1449 3037 1512 tempus
3069 1438 3367 1513 aliquando
3408 1437 3533 1503 fuit,
3565 1452 3674 1508 quo

2097 1536 2261 1592 Pater
2284 1536 2528 1592 nondum
2561 1543 2708 1593 esset
2735 1534 3014 1606 Unigeniti
3042 1518 3222 1589 Pater.
3260 1534 3366 1589 Sed
3393 1547 3569 1602 neque
3597 1530 3674 1585 uti

2096 1630 2293 1701 reliqui
2322 1630 2573 1701 spiritus,
2606 1628 2856 1684 veritatis
2877 1624 3114 1699 Spiritus
3139 1633 3383 1682 creatum
3415 1623 3675 1696 quiddam

2095 1731 2178 1778 est
2197 1728 2291 1776 aut
2319 1720 2555 1789 factum;
2583 1735 2761 1792 neque
2791 1727 3112 1775 eazterorum
3137 1720 3311 1774 instar
3333 1717 3673 1787 angelorum,

399 1798 624 1864 αίῶνας.
651 1800 1018 1872 συνεργοῦντα
1040 1802 1215 1875 Πατρί
1237 1820 1250 1835 ο
1282 1802 1317 1857 ἀ
1347 1803 1403 1856 δὲ
1450 1804 1693 1869 κτίζεται
1726 1805 1834 1859 ἀπὸ
1869 1804 1990 1858 τσύ-

2095 1813 2270 1883 magni
2303 1812 2391 1868 ille
2426 1813 2640 1868 consilii
2671 1812 2898 1883 Angelus
2928 1811 3132 1868 dicitur
3163 1810 3204 1865 ⁸.
3243 1809 3527 1880 Siquidem
3584 1808 3675 1863 illa

398 1907 527 1955 των,
558 1890 634 1955 ὠς
667 1892 733 1945 ἂν
760 1892 997 1946 ἐθέλοιεο
1041 1893 1135 1947 καὶ
1179 1893 1215 1947 ἃ.
1252 1895 1351 1965 μὲν
1386 1894 1635 1967 λατρεύει
1681 1895 1909 1962 τούτοις,
1954 1896 1991 1951 ἃ.

396 1982 456 2037 δὲ
488 1983 757 2055 λατρευτά
805 1984 911 2038 ὑπὸ
963 1985 1072 2039 τῶν
1115 1986 1252 2040 ὅλων
1307 1987 1651 2059 κτισμάτων·
1694 1988 1788 2042 καὶ
1824 1987 1860 2042 ἀ
1893 1988 1991 2058 μὲν

401 2075 550 2129 ίᾶται
600 2075 669 2131 τά
709 2076 1009 2148 ποιήματα,
1052 2077 1087 2131 ἀ
1120 2077 1176 2131 δὲ
1227 2077 1325 2149 τὴν
1371 2079 1513 2133 ίασιν
1562 2078 1825 2149 λαμϐάνει
1859 2095 1994 2151 παρ,

398 2165 579 2221 αὐτῶν
600 2183 615 2197 ⁸
656 2167 748 2221 καὶ
774 2167 811 2221 ἀ
841 2169 939 2236 μὲν
971 2168 1215 2241 κρίνεται
1242 2169 1364 2224 κατ’
1386 2170 1561 2236 ἀξίαν,
1586 2170 1621 2224 ἀ
1649 2171 1704 2224 δὲ
1743 2171 1839 2241 τὴν
1869 2171 1987 2242 κρί-

399 2275 485 2315 σιν
516 2263 634 2334 εχεὶ
659 2261 758 2333 τὴν
790 2261 1001 2316 δικαίαν
1022 2278 1035 2292 °
1070 2262 1164 2316 καὶ
1190 2262 1226 2317 ἃ
1258 2263 1359 2335 μὲν
1390 2263 1567 2335 χρόνῳ
1592 2266 1612 2295 ’
1665 2264 1832 2328 ἐστὶν,
1866 2262 1902 2317 ἀ
1929 2263 1985 2316 δὲ

395 2351 495 2405 οὐκ
523 2354 581 2405 έν
607 2352 784 2424 χρόνῳ
808 2353 1065 2425 τυγχάνει
1087 2372 1101 2385 ο
1127 2354 1222 2409 καὶ
1248 2353 1284 2408 ἃ
1311 2354 1409 2425 μὲν
1438 2352 1661 2423 φωτίζει
1685 2355 1754 2407 τὰ
1784 2354 1982 2420 πάντα,

395 2442 437 2498 ι
481 2442 539 2496 δὲ
588 2444 877 2514 φωτίζεται
925 2445 1029 2498 ὑπὸ
1068 2445 1303 2501 τούτων·
1346 2446 1442 2499 καὶ
1487 2444 1523 2499 ἀ
1571 2446 1670 2517 μὲν
1712 2446 1867 2500 καλεῖ
1900 2464 1988 2519 νη-

397 2535 555 2600 πίους
585 2537 665 2600 είς
694 2535 847 2606 ὕψος,
873 2536 909 2592 ἀ
937 2536 994 2590 δὲ
1023 2537 1270 2592 καλεῖται
1313 2538 1417 2592 ὑπὸ
1442 2539 1677 2592 τελείου·
1710 2540 1803 2594 καὶ
1826 2539 1861 2593 ἃ
1887 2540 1985 2610 μὲν

396 2625 680 2697 χαρίζεται
728 2630 933 2694 πᾶσιν,
991 2628 1028 2683 ἀ
1076 2629 1133 2682 δὲ
1187 2631 1499 2702 χαρίσματα
1545 2630 1843 2701 λαμϐάνει·
1894 2632 1988 2684 καὶ

398 2718 651 2786 καθάπαξ
680 2720 874 2787 εἰπεῖν,
898 2720 934 2775 ἀ
982 2722 1082 2793 μὲν
1129 2720 1351 2791 ὲξυμνεῖ
1380 2722 1479 2794 τὴν
1522 2724 1784 2794 ἀγιότητα
1813 2724 1869 2775 ἐν
1900 2722 1990 2775 ού-

400 2812 580 2880 ρανοῖς
606 2812 849 2884 οὐρανῶν
882 2812 976 2866 καὶ
996 2812 1202 2878 λοιποῖς
1231 2814 1481 2884 ἀοράτοις
1508 2814 1711 2878 τόποις,
1751 2814 1786 2869 ἀ
1821 2814 1878 2868 δὲ
1904 2814 1989 2882 ιε-

397 2901 712 2973 υμνούμενα
741 2901 809 2956 τὰ
845 2903 993 2974 δῶρα
1015 2904 1179 2971 ἀξίως
1216 2905 1447 2976 παρέχει
1473 2908 1586 2969 τοῖς
1606 2905 1794 2973 ἀξίοις.

2097 1904 2314 1961 initium
2352 1903 2553 1958 habent
2584 1911 2638 1958 et
2671 1902 2834 1957 linem
2865 1916 2881 1955 :
2931 1901 3046 1958 haec
3074 1902 3182 1957 duo
3208 1901 3377 1957 robur
3414 1916 3478 1956 ac
3521 1900 3675 1970 prin-

2098 1996 2338 2066 cipatum
2378 1993 2610 2059 habent,
2641 2008 2800 2063 quem
2832 1993 2979 2047 nulla
3008 1992 3333 2063 cujusquam
3367 1992 3676 2062 intelligen-

2101 2088 2175 2141 tia
2209 2085 2382 2156 possit
2411 2084 2654 2155 assequi.
2691 2082 2817 2139 Haae
2852 2085 3107 2141 universa
3137 2091 3520 2155 procrearunt,
3554 2098 3673 2153 qua:

2094 2194 2219 2233 cum
2274 2176 2433 2232 Patre
2468 2192 2562 2247 per
2609 2176 2820 2231 infinita
2861 2176 3059 2231 saecula
3090 2176 3455 2231 communiter
3493 2174 3675 2227 omnia

2093 2270 2393 2325 moliuntur
2424 2286 2439 2324 :
2473 2275 2669 2323 uetera
2699 2267 2768 2322 ab
2796 2267 2902 2323 illis
2931 2276 3095 2338 prout
3138 2267 3273 2338 ipsis
3304 2266 3467 2331 libet,
3493 2278 3679 2317 crean-

2092 2369 2202 2415 tur.
2253 2360 2349 2414 Illa
2393 2361 2639 2427 semiunt
2686 2359 2755 2415 iis
2798 2366 2853 2415 et
2902 2360 3125 2427 colunt;
3179 2360 3264 2413 his
3324 2374 3353 2411 a
3407 2356 3678 2411 creaturis

2093 2453 2351 2510 omnibus
2398 2453 2637 2508 servitus
2682 2452 2977 2522 cultusque
3009 2451 3289 2505 tribuitur.
3340 2448 3465 2503 Haec
3495 2448 3680 2520 operi-

2095 2546 2201 2601 bus
2235 2544 2353 2600 suis
2401 2543 2729 2599 medicinam
2764 2542 3025 2598 adhibent
3056 2561 3070 2597 :
3118 2542 3209 2596 illa
3242 2541 3570 2595 medicinam
3608 2540 3678 2594 ab

2095 2637 2217 2691 istis
2262 2635 2562 2705 accipiunt.
2612 2632 2705 2686 Illa
2756 2649 2853 2703 pro
2896 2648 2998 2688 suo
3035 2648 3265 2704 quasque
3299 2632 3494 2686 merito
3524 2629 3675 2700 judi-

2097 2725 2241 2780 cium
2301 2722 2582 2779 subeunt:
2640 2722 2756 2777 haec
2807 2721 3019 2791 justum
3073 2728 3330 2777 exercent
3382 2720 3674 2791 judicium.

2098 2814 2224 2869 Haec
2252 2813 2307 2869 in
2329 2822 2572 2884 tempore
2600 2831 2612 2867 :
2645 2813 2737 2867 illa
2772 2820 2924 2868 extra
2961 2821 3174 2884 tempus
3203 2821 3349 2869 sunt.
3394 2812 3519 2867 Haec
3552 2812 3677 2866 uni-

2098 2922 2257 2961 versa
2309 2906 2683 2961 collustrant:
2725 2905 2792 2959 ab
2836 2906 2920 2960 his
2952 2905 3043 2959 illa
3093 2906 3508 2961 collustrantur.
3552 2904 3677 2960 Ilaec

398 2994 635 3052 infantes
679 2995 748 3050 ad
798 2997 1189 3054 sublimitatem
1227 3010 1454 3054 vocant:
1510 3001 1601 3055 illa
1642 3015 1671 3053 a
1712 2999 1954 3072 perfecto
2002 3011 2288 3056 vocantur.
2333 2997 2459 3055 Haac
2501 2999 2807 3071 largiuntur
2865 2998 3168 3055 omnibus:
3208 2999 3299 3052 illa
3349 2998 3668 3053 muneribus

398 3088 728 3145 aliieiuntur.
765 3091 847 3146 Ad
888 3108 1157 3148 summam
1214 3094 1307 3148 illa
1359 3094 1415 3148 in
1453 3096 1607 3151 caelis
1643 3097 1909 3150 emlorum
1952 3110 2017 3151 ac
2070 3093 2285 3150 caneris
2345 3109 2465 3163 qua:
2508 3094 2682 3148 oculis
2751 3091 3019 3147 subducta
3066 3098 3231 3156 sunt,
3279 3091 3416 3147 locis
3474 3092 3678 3146 sancti-

400 3192 567 3239 tatem
602 3185 748 3239 illam
777 3186 1243 3257 pradicantzham
1263 3188 1480 3245 illorum
1514 3188 1897 3260 prazdicatione
1921 3189 2194 3245 celebrata
2228 3204 2353 3243 cum
2386 3187 2565 3258 dignis
2600 3204 2700 3244 sua
2734 3187 2898 3259 digne
2930 3187 3073 3242 dona
3105 3186 3533 3241 communicant.

471 3280 589 3335 OB'.
632 3282 929 3353 Πνεύματα
973 3283 1029 3336 δὲ
1076 3282 1340 3350 πλεῖστα,
1375 3286 1602 3358 φησὶνή
1642 3287 1864 3358 Γραφή’
1921 3286 1983 3339 '0

2157 3282 2367 3339 LXXII.
2408 3284 2677 3339 Caeterum
2714 3284 3027 3355 complures
3072 3282 3301 3355 spiritus
3346 3298 3520 3337 sacrae
3548 3282 3666 3337 Lit—

400 3371 590 3427 ,ποιῶν
618 3372 758 3440 τοὺς
797 3373 1095 3443 ἀγγέλους
1133 3375 1319 3431 αὐτοῦ
1352 3378 1683 3447 πνεύματα,
1714 3379 1811 3432 καὶ
1849 3378 1991 3445 τοὺς

400 3465 793 3535 λειτουργοὺς
816 3465 1006 3520 αὐτοῦ
1036 3467 1222 3535 πυρὸς
1260 3470 1459 3538 φλόγα
1478 3485 1489 3500 ³
1528 3470 1651 3537 καὶ,
1686 3469 1890 3524 Πάντα
1919 3469 1990 3524 τὰ

404 3557 734 3627 πνεύματα,
758 3556 975 3612 αίνεῐτε
999 3556 1105 3611 τὸν
1128 3560 1369 3628 Κύριον.
1394 3560 1723 3633 Χαρίσματα
1742 3561 1798 3615 δὲ
1819 3560 1989 3628 ἀξίοις

400 3647 601 3702 δίδοται
636 3648 962 3719 διακρίσεως
1005 3650 1349 3721 πνευμάτων.
1381 3652 1448 3704 "A
1484 3652 1582 3723 μὲν
1609 3652 1716 3725 γὰρ
1752 3652 1988 3724 ἐπουραί⁴

407 3742 497 3795 νιά
526 3743 655 3805 είσι,
684 3741 942 3813 χαίροντα
967 3745 1033 3813 τῇ
1070 3742 1326 3815 ἀληθείᾳ·
1359 3743 1394 3798 ἃ
1417 3745 1474 3797 δὲ
1502 3744 1741 3815 ἐπίγεια,
1773 3746 1990 3819 ἀπάτης

403 3834 497 3888 καὶ
542 3833 755 3905 πλάνης
794 3834 1106 3905 ἐπιτήδεια*
1135 3834 1169 3889 ἆ
1204 3835 1260 3889 δὲ
1299 3836 1527 3906 ὑπόγεια
1552 3876 1567 3901 ,
1619 3836 1856 3891 ἀϐύσσου
1896 3838 1990 3892 καὶ

407 3922 637 3986 σκότους’
659 3924 847 3977 τέκνα.
882 3923 1211 3991 Παρεκάλει
1256 3923 1386 3996 γὰρ,
1413 3925 1475 3979 τὸ
1517 3924 1851 3995 Εὐαγγέλιόν
1887 3943 1991 3999 φη-

405 4031 525 4079 σιν,
583 4014 687 4070 ινα
731 4013 818 4084 μὴ
872 4013 1082 4084 πέμψῃ
1127 4014 1350 4080 αὐτοὺς
1394 4018 1481 4083 είς
1526 4016 1641 4085 τὴν
1687 4016 1983 4072 ἄϐυσσον.

416 4106 691 4171 Ὡσαύτως
724 4107 783 4161 δὲ
825 4108 917 4160 καὶ
951 4109 1065 4170 τοῖς
1096 4107 1400 4177 πνεύμασιν
1441 4106 1705 4161 ἐπέτασσε
1724 4112 1751 4170 ,’
1790 4106 1883 4161 καὶ
1918 4107 1987 4160 τά

405 4196 696 4269 πνεύματα
728 4197 980 4264 ὲξεδίωκε
1002 4197 1168 4268 λόγῳ,
1187 4197 1285 4250 καί
1314 4198 1426 4250 οὐκ
1456 4196 1548 4250 εἴα
1580 4198 1731 4250 αὐτὰ
1751 4197 1987 4252 λαλεῖν.

402 4285 636 4354 Λέγεται
673 4285 730 4339 δὲ
778 4284 1018 4355 πνεῦμα
1071 4286 1356 4354 κρίσεως,
1404 4283 1497 4337 καὶ
1549 4284 1785 4353 πνεῦμα
1845 4286 1989 4340 καύ-

402 4388 558 4442 σεως
582 4374 603 4407 ⁸
623 4392 637 4407 ·
678 4374 895 4447 λέγεται
952 4375 1048 4430 καὶ
1097 4374 1333 4444 πνεῦμα
1390 4374 1621 4445 κόσμου
1639 4392 1654 4408 ’
1696 4375 1886 4447 Ἡμεῖς
1923 4375 1993 4430 δὲ

474 4534 494 4604 1
532 4547 625 4601 γρ.
656 4531 921 4604 νοοῦνται.
978 4534 1020 4604 _'
1051 4550 1141 4604 γρ.
1177 4532 1393 4604 χρόνου.
1453 4530 1494 4604 ,⁸
1526 4548 1616 4604 γρ.
1657 4529 1959 4604 καύσωνος.

402 4599 425 4631 ⁸
446 4599 594 4657 Psai.
616 4617 712 4670 en,
742 4603 829 4659 I6.
931 4604 954 4636 ⁸
974 4599 1118 4659 Psal.
1149 4599 1235 4668 et,
1292 4603 1345 4657 6.

399 4685 481 4738 tv,
504 4674 558 4730 4.

1450 4601 1470 4632 ⁹
1526 4601 1706 4657 ICor.
1740 4618 1843 4667 xu,
1886 4603 1974 4669 12,
2022 4601 2090 4658 10
2133 4601 2255 4675 sqq.

2097 3383 2230 3430 terna
2303 3390 2427 3430 esse
2476 3374 2785 3446 signiﬁcant
2817 3389 2832 3427 :
2866 3374 2974 3442 Qui
3019 3374 3186 3441 facit,
3219 3373 3430 3443 inquit,
3463 3374 3673 3442 angelos

2096 3482 2218 3520 suos
2251 3467 2507 3535 spiritus,
2559 3476 2609 3520 et
2658 3466 2928 3520 ministros
2968 3482 3092 3520 suos
3138 3465 3412 3535 ﬂammam
3460 3465 3597 3535 ignis
3633 3466 3674 3519 ".

2095 3556 2226 3613 Item
2264 3579 2277 3613 :
2312 3557 2504 3613 Omnes
2550 3557 2770 3626 spiritus
2792 3597 2806 3621 ,
2840 3554 3055 3610 laudate
3097 3555 3383 3610 Dominum
3413 3556 3458 3621 ⁸,
3504 3554 3597 3609 sed
3624 3564 3691 3621 ει,

2096 3647 2166 3703 iis
2204 3647 2310 3718 77
2343 3647 2434 3716 qui
2484 3645 2636 3717 digni
2669 3653 2835 3711 sunt,
2868 3645 3356 3700 discernendorum
3383 3645 3675 3715 spirituum

2094 3740 2236 3795 dona
2264 3738 2578 3793 tribuuntur
2601 3738 2645 3791 ’.
2698 3737 2834 3792 Nam
2865 3737 2958 3791 alii
2993 3735 3245 3791 cmlestes
3275 3745 3403 3791 sunt
3425 3736 3673 3806 spiritus,

2095 3833 2189 3903 qui
2222 3830 2453 3886 veritate
2485 3829 2867 3897 delectantur;
2900 3830 2993 3883 alii
3020 3829 3248 3896 terreni,
3274 3827 3367 3899 qui
3393 3827 3675 3883 fraudibus

2098 3932 2154 3980 et
2189 3924 2474 3979 erroribus
2512 3923 2735 3979 obnoxii
2791 3930 2954 3989 sunt;
2997 3921 3086 3976 alii
3126 3920 3359 3991 denique
3398 3920 3677 3974 subterra~

2092 4017 2202 4080 nei,
2234 4016 2437 4087 abyssi,
2479 4013 2937 4084 tenebrarumque
2973 4013 3084 4067 ﬁlii.
3120 4011 3358 4087 Rogabat
3389 4013 3533 4068 enim
3558 4049 3573 4075 ,
3617 4018 3677 4065 ut

2092 4082 2444 4177 Evangelium
2472 4106 2566 4171 ait,
2594 4122 2727 4159 nese
2748 4106 2804 4158 in
2833 4082 3081 4175 abyssum
3110 4082 3403 4173 irejuberet
3431 4104 3497 4156 ν’.
3516 4103 3594 4155 Ita
3622 4109 3677 4157 et

2096 4196 2383 4267 spiritibus
2424 4196 2727 4266 imperabat
2758 4194 3048 4262 Christus;
3092 4202 3147 4249 et
3185 4193 3411 4263 spiritus
3446 4193 3668 4263 Iugabat

2097 4287 2288 4353 verbo,
2325 4302 2427 4343 nec
2472 4287 2674 4341 sinebat
2708 4303 2794 4341 eos
2846 4286 2987 4356 loqui
3019 4287 3084 4340 “.
3113 4284 3423 4350 Quinetiam
3457 4284 3674 4354 spiritus

2092 4377 2311 4450 judicii,
2358 4390 2408 4435 et
2442 4379 2662 4449 spiritus
2687 4377 2895 4433 ardoris
2930 4377 3246 4432 nominatur
3280 4376 3340 4429 ¹².
3380 4374 3677 4444 Itidemque

2052 4532 2301 4604 prhes.
2342 4535 2513 4604 "1,5.
2585 4537 2607 4567 '
2640 4534 2807 4604 Amos
2836 4548 2909 4598 ιν,
2942 4532 3092 4604 159}
3121 4545 3248 4584 tu.
3289 4531 3349 4604 _‘_
3378 4530 3483 4584 Isa.
3509 4544 3591 4604 _I_x_,
3619 4529 3673 4583 6.

3506 4600 3549 4631 "
3568 4599 3672 4654 Isa.

2358 4606 2401 4637 ⁸⁸
2426 4603 2562 4660 Luc.
2589 4621 2686 4670 vn,
2715 4603 2805 4658 5i.
2949 4602 2989 4634 “
3019 4600 3189 4656 Marc.
3220 4617 3261 4669 ι,
3288 4600 3377 4654 54.

475 4787 590 4860 (20)
611 4787 755 4860 Καθ’,
776 4790 1113 4859 ὁμοιότητα,
1134 4794 1239 4842 etc.
1265 4784 1525 4842 Petavius
1549 4785 1940 4860 interpretatur
1964 4806 1980 4844 :

2095 4784 2450 4860 Epiphanium
2478 4779 2750 4860 ἀντίθεσιν
2776 4779 2864 4860 hic
2887 4778 3232 4860 constituere
3253 4776 3397 4831 inter
3413 4777 3672 4860 spiritum

409 4857 579 4915 Porro
611 4857 959 4913 similitudine
984 4860 1214 4928 quadam
1242 4866 1454 4927 patrum
1482 4865 1657 4924 patres
1680 4857 1987 4928 intelligun-

409 4942 495 4984 tur
526 4946 639 4985 esse
692 4929 814 4998 ﬁlii,
844 4938 891 4983 et
932 4930 985 4982 in
1012 4929 1277 4998 inﬁnitum
1317 4942 1467 4982 verus
1499 4928 1719 4995 originis
1745 4936 1893 4981 sator
1924 4943 1987 4982 ac

407 5017 598 5071 parens
631 4998 843 5071 perduci
880 5008 1070 5069 potest.
1113 5000 1245 5053 Eam
1278 4998 1779 5068 interpretationem
1815 5007 1989 5053 muta-

406 5068 481 5126 rit
512 5068 860 5125 Thomasius.

478 5140 591 5208 (ει)
626 5141 680 5191 '0
706 5139 758 5191 δ’
784 5140 879 5193 ἄν.
907 5138 1318 5194 Emendandum
1342 5152 1467 5193 esse
1494 5137 1674 5192 locum
1696 5135 1848 5208 illum
1871 5152 1990 5191 cre-

407 5211 544 5265 didit
574 5206 869 5273 Petavius,
905 5220 959 5263 et
1004 5210 1236 5265 fortasse
1282 5224 1405 5264 esse
1442 5207 1726 5272 legendum
1763 5206 1798 5261 ἃ
1834 5207 1877 5260 δ’
1901 5208 1987 5272 ἄν,

406 5280 865 5352 quemadmodum
891 5281 945 5352 in
972 5278 1206 5352 Panario
1233 5279 1427 5348 legitur
1459 5278 1527 5333 ad
1554 5293 1704 5352 num_.
1744 5276 1777 5352 8_
1814 5277 1990 5352 haue-

408 5347 533 5407 seos
564 5350 652 5403 74.
685 5352 754 5404 At
786 5349 1027 5419 suspicio
1071 5365 1191 5405 esse
1233 5347 1416 5419 posset
1455 5347 1813 5419 correctionis
1843 5347 1990 5419 illius

408 5423 610 5476 nullam
643 5420 835 5475 adesse
861 5417 1264 5474 necessitatem.
1304 5417 1370 5471 Et
1399 5418 1549 5471 nulla
1579 5418 1794 5472 adesset
1838 5418 1883 5472 si
1914 5418 1990 5471 nil

407 5499 616 5547 vetaret
647 5491 778 5545 illud
805 5493 834 5545 ὁ
858 5491 903 5543 δ’
926 5488 1119 5544 referri
1152 5488 1220 5543 ad
1249 5488 1428 5558 magni
1452 5488 1664 5558 consilii
1687 5487 1987 5558 Angelum;

407 5561 487 5633 Ila
523 5568 585 5616 ut
614 5561 936 5633 ajqnivaleat
965 5559 1190 5622 dicenti,
1211 5558 1240 5610 ό
1270 5558 1329 5633 ρὲ
1350 5557 1601 5633 μεγάλης
1646 5557 1840 5628 βουλῆς
1855 5558 1992 5633 ξΑγ-

409 5630 587 5701 γελος.
618 5626 888 5686 δίἰιιιιεηι
920 5632 1072 5701 locus
1094 5626 1487 5701 emendandus,
1518 5626 1656 5682 forte
1692 5626 1990 5701 etgrefnerre

411 5696 564 5758 illum
594 5717 703 5756 non
726 5700 1070 5757 incommode
1102 5712 1385 5770 possemus
1418 5698 1484 5751 ad
1522 5712 1709 5753 vocem
1744 5696 1987 5770 Πνεῦμα,

414 5780 469 5828 et
506 5773 683 5844 legere
706 5772 765 5827 τὸ
789 5772 832 5837 δέ
862 5772 943 5827 ἄν.
996 5766 1349 5826 Dissimulare
1379 5776 1557 5824 tamen
1589 5783 1699 5824 non
1729 5766 1991 5825 debemus

2092 4847 2398 4912 inereatum
2426 4860 2481 4907 et
2502 4858 2757 4915 creatos;
2803 4858 2859 4906 et
2899 4849 2955 4903 in
2998 4847 3264 4903 orationis
3305 4847 3562 4901 contextu
3598 4850 3674 4903 uti

2093 4926 2329 4998 plurium
2347 4919 2641 4998 numeroa.
2663 4919 2761 4991 μὲν
2791 4927 2846 4998 et
2882 4917 2919 4972 ἃ
2955 4918 3033 4985 δέ,
3057 4932 3301 4998 quorum
3334 4918 3677 4998 altefum‘re-

2093 4984 2266 5051 iertur
2295 4994 2363 5048 ad
2392 4992 2465 5045 τά
2495 4984 2991 5059 λοιπά’πνεύματα,
3019 4984 3073 5043 et
3090 4984 3143 5040 ei
3184 4987 3361 5059 laurel
3434 4984 3677 5059 ἄγγελοι,

2096 5062 2326 5117 alterum
2359 5060 2426 5117 ad
2459 5059 2718 5128 Spiritum
2749 5058 3020 5122 sanctum,
3045 5072 3205 5128 quem
3239 5058 3398 5128 paulo
3421 5058 3675 5128 superius

2097 5136 2461 5204 appellaverat
2484 5126 2625 5204 Πνξῦ
2635 5148 2709 5201 μα
2728 5130 2826 5204 τῆς
2863 5126 3119 5204 ἀληθείας
3144 5134 3203 5204 ,ει
3215 5126 3463 5204 1μεγάλης
3480 5126 3675 5200 βουλῆς
3693 5138 3695 5143 ‘

2100 5198 2383 5278 Ἄγγελος.
2414 5200 2539 5256 ﬂare
2559 5198 2869 5278 Petavianaa
2889 5198 3285 5278 emendationis
3317 5198 3484 5278 ratio.
3511 5198 3674 5278 quam

2094 5265 2383 5347 probarem
2409 5287 2562 5347 sane,
2595 5270 2642 5326 si
2680 5272 3023 5347 exploratum
3064 5268 3194 5347 mihi
3230 5275 3406 5347 esset,
3443 5265 3675 5347 Epipha~

2096 5338 2188 5400 itio
2227 5342 2383 5398 nefas
2415 5342 2584 5396 fuisse
2612 5341 2695 5396 vel
2739 5338 2927 5410 semel,
2970 5340 3025 5392 in
3075 5338 3675 5410 principiohpraesertim

2096 5416 2242 5470 illius
2267 5413 2611 5477 ἀντιθέσεως,
2644 5409 2906 5480 singulari
2946 5406 3173 5464 numero
3206 5406 3494 5480 appellare,
3527 5406 3670 5480 quod

2095 5498 2283 5540 revera
2338 5476 2613 5552 singulare
2650 5476 2757 5535 est:
2790 5479 3101 5552 Sequentia
3148 5476 3300 5552 vero,
3327 5476 3676 5552 ἀνεπινόητον

2096 5554 2208 5626 εχει
2252 5553 2351 5626 τὴν
2402 5547 2575 5626 ἀρχὴν
2605 5552 2703 5626 καὶ
2753 5550 2814 5603 τὸ
2851 5547 3073 5626 κράτος,
3112 5547 3309 5626 redde,
3339 5547 3677 5626 'iiiexeoqita-

2099 5614 2201 5701 bile
2221 5614 2397 5701 “habet
2442 5614 2758 5701 principium
2812 5632 2860 5675 et
2889 5614 3673 5701 Iortitudinem.‘"i’rincipium

2096 5692 2378 5767 videlicet,
2402 5685 2511 5767 quo
2546 5685 2726 5767 magni
2756 5685 2969 5767 (ξριιεῖϋὶ
2999 5687 3238 5767 Angelus
3272 5685 3507 5767 Spiritus
3527 5685 3669 5742 san—

2098 5773 2222 5823 ctus
2246 5754 2501 5823 ineli‘abili
2534 5754 2693 5817 modo
2724 5776 2753 5815 a
2783 5759 2944 5815 Patre
2969 5768 3019 5814 et
3051 5754 3188 5812 Filio
3210 5754 3475 5827 procedit.
