4018 6210
462 397 565 458 153

1872 396 1929 452 S.
1974 394 2321 452 EPIPHANII‘

3617 386 3726 443 156

453 534 632 592 spem,
676 518 1044 588 cbaritatem;
1082 519 1392 592 praeterita,
1447 518 1772 589 praesentia,
1814 517 2037 585 futura;

2153 518 2235 572 τοῦ
2279 518 2338 571 ὲν
2366 518 2432 589 τῇ
2482 515 2781 570 ἀπεκδύσει
2810 514 2911 569 ’1τοῦ¹
2960 512 3212 585 σώματος
3255 511 3364 566 τῶν
3413 509 3731 583 ἁμαρτιῶν.

455 611 717 666 saeuitum
758 612 965 678 saeculi,
1002 610 1201 667 saecula
1245 606 1572 665 saeculorum
1599 648 1615 673 ,
1658 606 1882 665 sabbata
1917 608 2043 664 sab-

454 706 743 762 batorum:
780 704 1253 761 circumcisionem
1296 703 1480 759 carnis
1503 743 1519 769 ,
1558 702 2032 758 circumcisionem

455 797 660 863 cordis,
683 797 1160 852 (.ircumcisionem
1188 794 1395 850 Christi
1414 795 1468 849 in
1487 793 1885 864 exspoliatione
1914 809 2037 849 cor-

456 892 606 959 poris
623 898 968 961 pcccatorum
988 889 1030 956 ¹;
1051 887 1287 957 denique
1316 884 1639 956 sibimetipsi
1667 885 1925 941 universa
1944 899 2034 939 re-

456 988 672 1052 purgat,
696 989 806 1036 tam
832 997 953 1052 quae
989 979 1163 1035 videri
1198 986 1496 1049 nequeunt,
1527 992 1691 1048 quam
1731 992 1853 1049 quae
1883 989 2035 1046 aspe-

453 1074 676 1129 ctabilia
716 1080 868 1137 sunt,
899 1073 1131 1127 thronos
1156 1110 1172 1137 ,
1210 1070 1644 1135 dominationes,
1670 1070 2033 1141 principatus,

453 1170 774 1234 potestates,
799 1163 1051 1217 virtutes.
1069 1160 1129 1237 lu
1157 1162 1413 1216 omnibus
1447 1176 1577 1216 vero
1600 1160 1791 1215 eadem
1820 1158 2039 1230 sapien-

456 1256 530 1308 tia
551 1263 607 1310 et
657 1262 847 1310 sancta
906 1269 1012 1309 vox
1048 1269 1077 1308 a
1136 1253 1309 1324 gloria
1338 1253 1407 1307 iu
1460 1252 1721 1323 gloriam,
1786 1249 2035 1313 Sanctus,

2146 610 2391 665 Καθόλου
2426 608 2482 663 δὲ
2514 607 2875 680 καθαροποιεϊ
2908 607 3072 678 ἑαυτῇ
3103 606 3173 660 τά
3198 605 3395 671 πάντα,
3421 602 3491 658 τὰ
3514 603 3727 676 ἀόρατα

2142 704 2236 756 καὶ
2264 701 2333 757 τὰ
2359 702 2553 773 ὁρατὰ,
2578 700 2820 772 θρόνους,
2853 698 3203 771 κυριότητας,
3226 695 3422 768 ἀρχὰς,
3453 692 3723 760 ἐξουσίαις.

2140 791 2421 862 δυνάμεις.
2459 788 2549 845 Ἐν
2582 791 2718 844 πᾶσι
2745 789 2802 843 δὲ
2828 790 2864 861 ἡ
2901 786 3040 859 αὐτὴ
3072 786 3223 858 φωνὴ
3261 786 3395 856 ἁγία
3434 784 3542 840 ἀπὸ
3566 783 3726 851 δόξης

2142 884 2224 948 είς
2259 883 2440 950 δόξαν,
2468 883 2685 954 Ἄγιος,
2738 881 2924 952 ἅγιος,
2958 880 3125 950 ἅγιος
3172 876 3426 949 φωνοῦσα
3447 924 3462 944 ,
3504 876 3727 947 Πατέρα

2144 976 2202 1029 ἔν
2232 973 2367 1046 Υίῷ,
2417 974 2547 1029 Υἱδν
2593 974 2653 1028 ἓν
2700 974 2875 1043 Πατρὶ
2918 973 3015 1026 σὺν
3056 972 3196 1044 ἁγίῳ
3252 970 3568 1041 Πνεύματι·
3597 960 3642 1036 ᾧ
3689 969 3727 1038 ἡ

2140 1067 2268 1135 δόξα
2310 1067 2407 1121 καὶ
2458 1067 2519 1120 τὸ
2554 1066 2758 1139 κράτος
2792 1067 2873 1129 είς
2916 1066 3043 1129 τοὺς
3086 1062 3288 1128 αίῶνας
3336 1062 3446 1116 τῶν
3492 1059 3727 1116 αἰώνων.

2157 1160 2355 1231 Ἀμήν.
2397 1160 2507 1213 Καὶ
2554 1160 2674 1231 ὲρεῖ
2713 1159 2743 1211 ό
2792 1157 2936 1211 οὕτω
2980 1156 3290 1213 πιστεύωνο
3333 1155 3586 1219 Γένοιτο,
3633 1151 3743 1222 76,-

2148 1267 2293 1304 νοιτο
2310 1251 2323 1303 !

456 1362 695 1415 sanctus,
728 1353 989 1405 sanctus’
1036 1352 1389 1415 exclamans,
1422 1364 1482 1403 ac
1518 1346 1733 1403 Patrem
1789 1349 1844 1402 in
1890 1346 2067 1415 Filio,
2122 1344 2319 1400 Filium
2379 1344 2436 1402 in
2487 1344 2649 1399 Patre
2695 1360 2820 1399 cum
2876 1343 3095 1416 Spiritu
3138 1351 3343 1399 sanolo-
3374 1340 3683 1412 praedicans
3714 1355 3747 1391 ιε

457 1440 550 1496 cui
600 1440 769 1510 gloria
834 1449 889 1497 et
948 1440 1235 1510 imperium
1300 1446 1359 1494 tn
1428 1442 1626 1493 szecula
1681 1438 2030 1492 saeculorum.
2073 1436 2269 1491 Amen.
2305 1434 2369 1488 Et
2409 1435 2553 1491 dicet
2586 1436 2678 1505 qui
2716 1435 2791 1489 ita
2817 1434 3024 1491 credit:
3057 1433 3203 1498 Fiat,
3229 1432 3355 1487 ﬁatl

530 1544 766 1602 LXXIV.
808 1546 885 1603 De
910 1546 1181 1603 Trinitate
1212 1548 1403 1619 igitur,
1446 1555 1503 1603 et
1546 1547 1739 1603 eadem
1778 1545 1961 1601 Patris
1986 1554 2052 1601 et-

458 1632 584 1690 Filii
624 1651 688 1690 ae
733 1634 970 1707 Spiritus
1037 1636 1214 1693 sancti
1262 1638 1590 1704 substantia,
1627 1652 1730 1693 nos
1785 1636 2039 1693 imbecilli

460 1727 590 1782 licet
634 1742 699 1781 ac
751 1728 919 1783 rudes
948 1728 1069 1783 sine
1110 1728 1223 1783 ullo
1256 1727 1381 1783 luco
1415 1728 1889 1797 cavillationeque,
1928 1742 2038 1781 non

460 1822 521 1867 ut
552 1815 845 1887 praestigiis
895 1817 1175 1872 hominum
1215 1833 1319 1873 nos
1351 1833 1780 1888 opponeremus,
1812 1815 1906 1872 sed
1952 1831 2041 1869 ar-

2156 1591 2160 1596 .
2221 1548 2338 1600 OA'.
2393 1547 2502 1600 Καὶ
2561 1545 2694 1618 περὶ
2741 1545 2841 1617 μὲν
2904 1545 3135 1617 Τριάδος
3179 1542 3275 1597 καὶ
3318 1540 3751 1613 όμοουσιότητος-

2144 1636 2283 1701 ,Θεοῦ
2316 1638 2531 1711 Πατρός
2557 1639 2651 1692 καὶ
2680 1637 2814 1692 Υίοῦ
2842 1638 2936 1693 καί⁵
2958 1637 3113 1707 ἁγίου
3147 1634 3467 1707 Πνεύματος
3497 1634 3545 1686 oi
3574 1631 3738 1686 ἀσθε-

2148 1725 2427 1799 νεῖς’ὴμῖν
2478 1729 2574 1783 καὶ
2610 1728 2820 1787 ίδιῶται
2861 1728 3028 1801 μηδὲν
3073 1727 3449 1797 σοφιζόμενοι,
3499 1723 3633 1796 μηδὲ
3664 1724 3752 1793 ἰτῗὶΔ

2146 1818 2255 1872 τῶν
2282 1818 2592 1891 ἀνθρώπων
2622 1820 2821 1892 κυδείᾳ
2852 1820 3080 1883 ἑαυτοὺς
3105 1817 3436 1881 ἀντιθέντες,
3468 1816 3535 1868 ὲκ
3570 1812 3750 1868 θείων.

458 1907 680 1961 cessitis
707 1923 737 1961 e
766 1905 1053 1978 Scriptura
1102 1908 1438 1964 testimoniis
1481 1908 1548 1964 ad
1596 1923 1789 1964 eorum
1832 1908 1926 1978 qui
1971 1906 2041 1962 iis

2153 1869 2979 1982 t;.,s;';aiit"g..;:.g.g
2993 1869 3010 1873 ⁷
3022 1869 3436 1977 sanna;
3454 1909 3567 1970 τοῖς
3605 1906 3734 1976 βουτ

460 1996 537 2051 uti
599 1996 834 2061 vellent,
902 1997 1180 2064 l‘ructum,
1255 2000 1445 2054 saltem
1510 2014 1576 2054 ex
1637 2006 1790 2070 parte
1859 1999 2041 2053 disse-

459 2085 714 2152 ruimus,
772 2103 883 2159 quo
932 2097 986 2144 et
1032 2088 1286 2145 ﬁdelibus
1360 2092 1477 2144 haec
1532 2091 1585 2143 in
1648 2097 1903 2160 promptu
1958 2104 2046 2143 es-

460 2182 604 2238 sent,
637 2185 691 2231 et
715 2178 961 2235 inﬁdeles
994 2195 1060 2234 ac
1091 2182 1376 2236 vanissimi
1417 2181 1667 2236 homines
1711 2180 1883 2235 rel‘elli
1923 2196 2048 2249 pns-

460 2276 604 2324 sent.
649 2266 801 2323 Fidei
854 2270 1057 2340 quippe
1108 2275 1163 2325 in
1213 2270 1420 2340 Spiritu
1468 2280 1663 2326 saneto
1711 2286 1907 2341 magna
1966 2271 2046 2325 vis

460 2369 565 2424 est,
609 2374 731 2428 qua:
782 2362 958 2417 sacris
1005 2363 1262 2417 omnibus
1314 2363 1367 2416 in
1422 2361 1646 2417 Litteris
1700 2376 1810 2415 non
1855 2360 2045 2416 eodem

461 2447 625 2504 modo
680 2448 1032 2519 praedicatur.
1095 2448 1203 2504 Sed
1261 2451 1524 2521 quoniam
1590 2452 1788 2508 salutis
1844 2461 2049 2507 nostrae

461 2537 862 2593 ﬁrmamentum
900 2554 1060 2594 omne
1101 2538 1157 2594 in
1192 2550 1345 2595 certa
1392 2542 1791 2598 incarnationis
1834 2540 2048 2597 Domini

464 2629 661 2693 nostri,
710 2641 1119 2701 assumplaeque
1148 2632 1218 2686 ab
1247 2648 1311 2687 eo
1339 2642 1547 2687 natura:
1577 2632 1925 2688 confessione
1981 2647 2049 2687 ac

462 2716 581 2788 spei
625 2716 1046 2774 conﬁrmatione
1084 2720 1261 2789 posita
1305 2728 1413 2785 est,
1461 2735 1569 2792 qua
1609 2731 1663 2775 ct
1708 2730 2047 2776 iuortuorum

462 2809 932 2862 resurrectionem
965 2818 1020 2863 et
1051 2809 1417 2864 instauratam
1461 2810 1866 2880 quodammodo
1896 2826 2053 2881 geueo

464 2896 735 2954 rationem
785 2900 945 2955 nobis
990 2900 1352 2971 pollicemur;
1397 2901 1656 2972 deinceps
1687 2904 1952 2957 nonnulla
1983 2902 2050 2959 ad

462 3002 780 3062 Susceptum
820 2992 1063 3049 laborem
1110 2996 1429 3050 accessione
1458 2994 1627 3060 facta,
1663 2995 1856 3051 iisdem
1893 3011 1924 3052 e
1958 3011 2051 3051 sa-

460 3084 573 3139 cris
620 3083 840 3141 Litteris
881 3101 1212 3158 corrogare,
1256 3096 1311 3142 et
1349 3087 1418 3142 ad
1454 3104 1697 3158 praesens
1734 3104 1875 3158 opus
1907 3089 2051 3161 adji-

2146 2002 2399 2074 λομένοις
2446 2004 2527 2068 είς
2569 2003 2787 2074 εὕρεσιν
2824 2003 3033 2058 πιστῶν
3066 2005 3161 2058 καὶ
3198 2002 3521 2075 ἀντίρρησιν
3562 2017 3747 2053 naxo-

2148 2097 2356 2149 πίστων
2398 2096 2493 2151 καὶ
2554 2095 2878 2162 κενοδόξων,
2914 2096 3023 2150 ἀπὸ
3068 2098 3269 2169 μέρους
3331 2094 3749 2165 συνηγάγομεν..

2147 2185 2325 2257 Πολλὴ
2363 2185 2468 2257 γὰρ
2508 2188 2544 2258 ἡ
2591 2187 2692 2258 τῆς
2742 2187 2980 2251 πίστεως
3020 2188 3077 2241 ὲν
3128 2186 3405 2256 Πνεύματι
3458 2184 3600 2253 ἁγίῳ
3644 2183 3745 2236 δύα

2148 2294 2345 2349 ναμις,
2379 2280 2436 2333 ἐν
2482 2278 2723 2339 ἁπάσαις
2773 2276 2946 2341 θείαις
2988 2277 3230 2349 Γραφαῖς
3260 2274 3531 2347 διαφόρως
3563 2290 3737 2343 κεκηο

2153 2370 2414 2440 ρυγμένη.
2466 2368 2685 2440 Ἐπειδὴ
2724 2369 2782 2422 δὲ
2818 2368 2919 2441 τῆς
2953 2368 3111 2441 ἡμῶν
3159 2366 3435 2439 σωτηρίας
3465 2365 3739 2435 ἀσφάλειά

2151 2463 2301 2514 ἐστιν
2326 2463 2359 2532 ὴ
2393 2461 2525 2533 περὶ
2552 2462 2653 2532 τῆς
2677 2460 2772 2515 τοῦ
2799 2460 3057 2533 Σωτῆρος
3086 2459 3242 2531 ἡμῶν
3266 2458 3737 2532 ὲνανθρωπήσεως

2150 2552 2246 2605 καὶ
2278 2553 2543 2624 ὲνσάρκου
2584 2552 2891 2624 παρουσίας
2937 2550 3188 2623 ἀσφαλὴς
3221 2549 3483 2621 ὁμολογία
3525 2566 3586 2602 τε
3640 2549 3739 2602 καὶ

2152 2639 2441 2710 βεϐαίωσις
2475 2641 2688 2705 ἐλπίδος
2719 2644 2815 2696 καὶ
2844 2643 2977 2713 περὶ
3026 2639 3378 2702 ἀναστάσεως
3401 2639 3613 2712 νεκρῶν
3644 2639 3738 2693 καὶ

2150 2733 2249 2803 τῆς
2274 2733 2551 2806 ἡμετέρας
2590 2733 3032 2803 παλιγγενεσίας,
3068 2728 3228 2797 αὖθις
3255 2732 3433 2803 ὀλίγον
3459 2732 3613 2785 αὐτοὶ
3645 2732 3737 2783 ἐπὶ

2150 2822 2327 2894 τούτῳ
2357 2822 2435 2894 τῷ
2471 2824 2727 2896 ἡμετέρῳ
2753 2825 2987 2897 καμάτῳ
3026 2823 3378 2895 προσθέντες,
3403 2824 3516 2886 τοῖς
3554 2820 3737 2892 βουλο-

2157 2911 2341 2982 μένοις
2407 2911 2799 2985 ἀκριϐέστερον
2858 2912 3208 2985 ἐντυγχάνειν
3232 2953 3247 2978 ,
3290 2913 3355 2968 ἐκ
3404 2911 3512 2966 τῶν
3557 2910 3753 2964 αὐτῶν

2155 3003 2317 3057 θείων
2346 3004 2579 3075 Γραφῶν
2612 3004 2947 3076 ὲπιμένομεν
2989 3005 3395 3075 συναγαγόντες
3436 3022 3496 3058 τε
3534 3003 3629 3057 καὶ
3660 3002 3741 3074 τῷ

2152 3095 2297 3167 λόγῳ
2339 3095 2744 3165 προστιθέντες.
2787 3096 2941 3149 Ἐπεὶ
2973 3095 3105 3168 γὰρ,
3135 3095 3210 3159 ὼς
3253 3094 3612 3166 ἐδιδάχθημεν
3641 3093 3742 3165 ἤδη

462 3188 589 3228 cere
653 3175 968 3228 testimonia
1026 3191 1359 3246 pcrgemus;
1423 3192 1546 3247 quze
1594 3177 1651 3232 in
1709 3192 1900 3231 eorum
1957 3179 2048 3250 qui

2156 3189 2213 3242 ὲν
2244 3191 2358 3251 τοῖς
2396 3187 2938 3260 προγεγραμμένοις,
2987 3187 3151 3249 αὐτὸς
3179 3188 3207 3240 6
3247 3186 3452 3257 Κύριος
3492 3185 3652 3256 ⁴ἡμῶν
3684 3187 3745 3239 ἐν

468 3264 736 3319 attentius
777 3265 958 3336 legere
998 3265 1104 3320 ista
1150 3267 1356 3331 volent,
1394 3267 1681 3323 utilitatem
1714 3268 2039 3325 redundent.

467 3354 965 3427 Quandoquidem,
1032 3364 1091 3411 ut
1158 3374 1224 3413 ex
1284 3360 1660 3430 superioribus
1716 3361 2053 3429 didicimus,

470 3445 741 3505 Dominus
792 3448 1048 3518 ipseso
1080 3461 1269 3504 noster
1318 3451 1371 3505 in
1423 3451 1717 3523 Evangelio
1766 3453 2055 3524 discipulis

467 3539 585 3594 suis
633 3539 708 3592 ita
758 3541 1057 3610 praecepit:
1089 3538 1286 3597 Euntes
1338 3541 1605 3612 baptizata
1648 3562 1827 3599 omnes
1877 3556 2054 3615 gentes

465 3630 522 3688 in
554 3630 760 3685 nomine
784 3630 964 3685 Patris
996 3641 1043 3685 et
1077 3630 1207 3686 Filii
1232 3642 1281 3688 et
1321 3632 1554 3704 Spiritus
1577 3642 1775 3703 sancti,
1813 3636 2055 3694 decentes

464 3739 554 3781 eos
588 3737 795 3776 seruare
824 3732 1086 3792 prwcepta
1101 3740 1219 3795 quae
1252 3725 1500 3780 mandavi
1523 3727 1666 3782 vobis
1693 3729 1735 3781 ³.
1784 3728 1929 3789 llaec,
1965 3730 2051 3783 in-

465 3827 667 3887 quam,
714 3824 1129 3870 sacrosanctum
1184 3815 1280 3871 Dei
1340 3815 1575 3873 Verbum
1624 3833 1687 3873 ac
1740 3820 2054 3877 subsistens

467 3904 635 3971 dixit,
684 3911 739 3960 et
797 3921 828 3960 a
871 3906 1032 3962 Patre
1084 3907 1425 3979 procedens,
1475 3926 1572 3981 per
1616 3910 1762 3981 quod
1814 3922 2057 3984 tempora

472 4004 942 4069 tempestatesque
984 4000 1266 4070 productae
1308 4010 1476 4068 sunt;
1527 4017 1636 4057 non
1677 4004 1822 4058 enim
1856 4001 2055 4060 Filium

469 4094 686 4158 tempus
736 4090 907 4146 ullum
949 4099 1045 4146 aut
1102 4100 1402 4163 tempestas
1462 4095 1781 4150 antecessit.
1831 4093 1967 4149 Nam
2010 4095 2056 4150 si

475 4190 693 4254 tempus
721 4181 861 4238 Filio
890 4187 1043 4255 prius
1069 4187 1396 4254 exstitisset,
1426 4185 1565 4243 Filio
1598 4186 1846 4257 profecto
1877 4187 2058 4258 majus

468 4283 635 4332 esset.
664 4274 914 4344 Quonam
947 4293 1080 4334 vero
1114 4288 1295 4348 pacto,
1338 4296 1430 4349 per
1471 4281 1642 4347 ipsum
1676 4278 1823 4349 facta
1871 4288 2060 4336 essent

471 4368 674 4430 omnia,
703 4377 751 4422 et
782 4370 897 4422 sine
930 4370 1041 4437 ipso
1079 4370 1210 4422 nihil
1248 4370 1449 4440 factum
1472 4380 1641 4438 esset,
1671 4370 1809 4442 quod
1857 4371 2060 4439 factum

473 4459 624 4514 est‘?
675 4457 949 4524 Quoniam
999 4459 1263 4531 quidquid
1319 4461 1522 4517 factum
1574 4473 1678 4528 est,
1730 4479 1827 4534 per
1877 4462 2055 4532 ipsum

2155 3283 2233 3354 τῷ
2260 3282 2578 3353 Εὐαγγελίῳ
2620 3281 2785 3336 αὐτοῦ
2827 3281 3009 3352 φήσας
3053 3282 3168 3342 τοῖς
3201 3278 3393 3332 ἑαυτοῦ
3443 3276 3739 3348 μαθηταῖς,

2169 3377 2551 3442 Ἀπελθόντες
2575 3375 2921 3441 ,βαπτίσατε
2945 3372 3143 3429 πάντα
3172 3373 3246 3427 τὰ
3278 3372 3422 3440 ἔθνη
3445 3373 3531 3439 είς
3556 3370 3746 3438 ὄνομα

2156 3469 2388 3537 Πατρός
2439 3467 2539 3522 καί
2604 3466 2740 3523 Υίοῦ
2774 3466 2875 3521 καί
2919 3465 3092 3537 ἁγίου
3144 3464 3526 3533 Πνεύματος,
3579 3460 3746 3515 διδό-

2155 3570 2412 3623 σκοντες
2451 3556 2676 3623 αὐτοὺς
2716 3554 2921 3624 τηρεῖν
2963 3556 3071 3621 τὰς
3115 3553 3367 3619 ἐντολὰς
3418 3549 3493 3618 ἇς
3523 3553 3761 3605 ἐνετειο.

2155 3648 2358 3718 λάμην
2392 3647 2537 3719 ὑμῖν
2559 3665 2573 3678 ·
2608 3647 2771 3711 αὐτὸς
2809 3649 2838 3701 6
2875 3647 3032 3717 ἅγιος
3068 3646 3430 3710 ὲνυπόστατος
3479 3646 3509 3698 6
3540 3648 3606 3698 ὲκ
3635 3645 3747 3698 Πα-

2156 3739 2286 3808 τρὸς
2314 3738 2614 3811 προελθὼν,
2644 3738 2710 3794 δι’
2740 3731 2802 3792 οὗ
2832 3739 3027 3803 αίῶνες
3053 3739 3330 3808 γεγόνασι,
3364 3737 3431 3791 δι’
3462 3728 3523 3790 οὗ
3562 3738 3747 3808 χρόνοι

2158 3831 2251 3884 καὶ
2285 3831 2488 3903 καιροί.
2520 3832 2596 3886 Οὐ
2622 3831 2733 3901 γὰρ
2756 3825 2825 3901 ἦν
2853 3830 3045 3901 καιρὸς
3072 3828 3199 3884 οὔτε
3229 3830 3419 3901 χρόνος
3456 3828 3565 3901 πρὸ
3588 3828 3743 3883 Υἱοῦ.

2158 3925 2221 3977 Εί
2249 3924 2358 3996 γάρ
2389 3920 2457 3995 ἦν
2487 3924 2678 3996 χρόνος
2706 3924 2813 3995 πρὸ
2842 3922 2997 3989 Υίοῦ,
3023 3922 3133 3994 ἄρα
3162 3921 3363 3993 μείζων
3386 3923 3415 3974 ό
3438 3921 3627 3993 χρόνος
3648 3920 3746 3973 τοῦ

2158 4010 2319 4068 Υίοῦ”
2363 4014 2456 4067 καὶ
2498 4012 2615 4077 πῶς
2655 4011 2730 4066 δι’
2773 4012 2962 4068 αὐτοῦ
3013 4011 3238 4078 πάντες
3278 4010 3589 4081 ἐγένοντο,
3641 4010 3747 4063 καί

2159 4103 2335 4174 χωρίς
2359 4104 2545 4159 αὐτοῦ
2588 4104 2824 4175 ἐγένετο
2864 4104 3049 4159 οὐδὲν
3090 4103 3121 4156 ὃ
3166 4103 3416 4173 γέγονεν
3432 4100 3652 4167 ;.ὅτις.εί
3689 4118 3748 4155 τι

2158 4194 2373 4265 γέγονε,
2403 4195 2471 4249 δι’
2501 4196 2666 4251 αὑτοῦ
2690 4197 2933 4266 γέγονεν,
2966 4195 3127 4258 αὐτὸς
3154 4195 3211 4249 δὲ
3237 4195 3496 4258 ἄκτιστος
3524 4194 3619 4248 καὶ
3658 4194 3750 4248 ἀεὶ

2158 4282 2257 4348 ῶν,
2277 4285 2364 4337 ὅτι
2386 4286 2414 4337 6
2449 4285 2639 4357 Πατὴρ
2671 4285 2759 4339 ἀεὶ
2787 4280 2876 4356 ἦν,
2913 4283 3007 4339 καί
3037 4284 3099 4337 τὸ
3128 4283 3282 4353 ἅγιον
3319 4282 3484 4337 αὑτοῦ
3518 4282 3755 4354 Πνεῦμα

2158 4375 2245 4427 ἀεὶ
2269 4368 2356 4447 ἦν.
2388 4376 2451 4429 Εί
2473 4376 2583 4447 γὰρ
2601 4370 2668 4447 ἧν
2701 4377 2893 4449 χρόνος
2917 4377 3025 4449 πρὸ
3056 4376 3210 4440 Υἱοῠ,
3240 4376 3610 4448 ζητηθήσεται
3636 4376 3752 4450 ἄρα

2161 4459 2358 4526 πάλιν,
2408 4460 2474 4514 δι’
2514 4456 2577 4520 οὗ
2628 4463 2724 4516 καὶ
2764 4465 2793 4516 6
2825 4464 2917 4518 ἐπὶ
2951 4463 3043 4517 τοῦ
3079 4464 3211 4518 Υἱοῦ
3261 4465 3454 4537 χρόνος
3491 4460 3594 4537 ἦν;
3651 4466 3757 4519 καὶ

475 4549 679 4605 factum
703 4560 787 4605 est
818 4571 831 4605 :
862 4552 981 4621 ipse
1033 4567 1161 4607 vero
1210 4552 1491 4609 increatus
1534 4570 1599 4609 ac
1651 4557 2047 4626 sempiternus,

2161 4551 2375 4624 μνρία⁸
2406 4553 2592 4608 λοιπὸν
2640 4556 2719 4618 είς
2770 4556 3071 4624 φαντασίαν
3116 4555 3518 4628 ὲνδομυχοῦσαν
3569 4558 3627 4610 ὲν
3674 4560 3755 4628 τῇ

474 4660 540 4699 eo
558 4642 705 4713 quod
737 4650 850 4697 tum
879 4642 1061 4711 Pater,
1093 4652 1207 4699 tum
1240 4643 1477 4715 Spiritus
1503 4655 1729 4703 sanctus
1758 4648 1825 4701 ab
1850 4657 2056 4703 aeterno

476 4735 719 4793 fuerunt.
757 4734 913 4802 Quod
949 4737 993 4791 si
1033 4743 1247 4806 tempus
1287 4746 1435 4794 esset
1478 4736 1622 4794 Filio
1660 4739 1834 4811 prius,
1887 4740 2055 4811 quani

477 4824 672 4879 merito
712 4832 921 4896 posset,
968 4841 1064 4896 per
1093 4840 1385 4895 quemnam
1434 4827 1691 4897 superius
1736 4826 1869 4881 illud
1916 4825 2059 4883 Filio

479 4928 693 4990 tempus
719 4927 1067 4990 procreatum
1099 4918 1308 4976 fuerit?
1346 4920 1525 4992 Atque
1545 4922 1622 4975 ita
1655 4920 1887 4976 miriﬁca
1913 4936 2054 4992 qua:-

477 5011 602 5066 dam
646 5012 878 5068 stultitia
917 5024 1214 5082 occupatas
1254 5023 1466 5071 mentes
1502 5024 1725 5072 nostras
1757 5018 1824 5071 ad
1867 5018 2055 5073 absur-

479 5104 602 5156 dam
638 5103 933 5157 vanitatem
978 5103 1034 5157 in
1075 5103 1355 5159 hominum
1403 5106 1565 5161 sitam
1607 5106 1864 5177 opinione
1918 5122 2051 5161 con-

476 5199 692 5258 vertet;
741 5194 858 5248 sive
897 5194 1083 5264 potius
1112 5196 1178 5250 ad
1204 5196 1479 5267 quoddam
1510 5197 1905 5267 cogitationum
1943 5195 2049 5250 mi-

476 5288 625 5343 nime
687 5299 962 5344 castarum
1017 5292 1343 5348 adulterium
1401 5293 1712 5349 transferet.
1771 5291 2041 5358 Quocirca
2114 5292 2328 5346 nullum
2380 5301 2510 5347 ante
2565 5291 2775 5348 Filium
2821 5302 3040 5366 tempus
3107 5296 3371 5351 exstitit:

2161 4642 2270 4697 τῶν
2298 4642 2603 4714 ἀνθρώπων
2636 4645 2905 4717 ὑπολήψει
2958 4647 3148 4719 τρέψει
3196 4648 3285 4701 τὸν
3337 4647 3604 4719 ἡμέτερον
3657 4648 3751 4701 λο-

2160 4735 2643 4808 γισμὸν,ἢμᾶλλον
2675 4738 2758 4802 είς
2796 4739 3054 4811 πορνείαν
3099 4739 3506 4811 διανοημάτων,
3548 4741 3643 4793 καὶ
3679 4740 3748 4794 οὐ

2160 4829 2289 4901 περὶ
2334 4830 2710 4903 σωφροσύνης.
2744 4832 2860 4886 Οὐκ
2897 4828 2964 4903 ἦν
2994 4832 3173 4885 τοίνυν
3213 4833 3404 4904 χρόνος
3444 4833 3550 4906 πρὸ
3576 4832 3707 4887 Υίοῦ
3733 4851 3748 4865 ·

2160 4920 2348 4992 ἐπειδὴ
2378 4922 2440 4975 οὐ
2470 4921 2559 4976 διὰ
2591 4923 2797 4996 χρόνων
2829 4926 2858 4977 6
2886 4924 3015 4988 Υἱὸς
3046 4925 3292 4994 γέγονεν,
3329 4924 3466 4979 ἀλλὰ
3488 4925 3577 4978 διὰ
3609 4923 3763 4979 Υίοῦν

2158 5014 2341 5085 χρόνοι
2375 5013 2471 5067 καὶ
2505 5016 2557 5068 oi
2585 5016 2806 5084 ἄγγελοι
2845 5016 3030 5070 καὶτὰ
3058 5017 3191 5071 ἄλλα
3224 5018 3401 5072 πάντα
3440 5017 3765 5087 κτίσματο..

2158 5105 2271 5157 Οὐκ
2294 5100 2362 5179 ἦν
2389 5106 2582 5176 χρόνος
2613 5107 2744 5163 ποτὲ
2783 5108 2872 5167 ὅτε
2904 5110 3004 5163 οὐκ
3035 5106 3103 5181 ἦν
3132 5112 3161 5164 6
3191 5110 3336 5176 Υίὸς,
3363 5108 3485 5163 οὐδὲ
3516 5103 3586 5179 ἦν
3611 5124 3748 5162 ποτε

2157 5196 2246 5251 ὅτε
2274 5195 2377 5249 οὐκ
2405 5191 2474 5269 ἦν
2507 5196 2756 5266 Πνεῦμα.

3451 5301 3759 5365 propterea

458 5379 625 5451 «μιοά
659 5397 783 5437 non
813 5398 910 5452 per
939 5389 1186 5454 tempora
1214 5385 1417 5447 Filius,
1452 5384 1545 5440 sed
1588 5398 1684 5455 per
1745 5381 1944 5438 Filium
2012 5392 2257 5453 tempora
2305 5389 2361 5439 et
2412 5384 2615 5455 angeli,
2660 5395 2958 5458 crcataque
3005 5395 3200 5442 caetera
3244 5388 3510 5459 producta
3583 5394 3738 5441 sunt.

475 5470 695 5530 Nullum
763 5489 1003 5543 unquam
1054 5482 1269 5546 tempus
1321 5476 1469 5541 fuit,
1524 5490 1634 5547 quo
1682 5491 1793 5531 non
1838 5484 1987 5533 esset
2054 5473 2231 5531 Filius
2288 5494 2302 5530 :

475 5560 716 5618 sisteret.

2388 5476 2640 5542 nullum,
2704 5493 2823 5548 quo
2871 5494 2984 5535 non
3044 5478 3292 5549 Spiritus
3342 5487 3576 5535 sanctus
3637 5489 3751 5532 es.-

553 5760 572 5794 ¹
599 5762 719 5819 Col.
752 5780 817 5831 tt,
847 5765 931 5821 ll.
1010 5769 1029 5798 '
1054 5765 1158 5824 ιω.
1189 5784 1268 5835 vi,
1301 5769 1355 5825 3.
1433 5771 1453 5801 ³
1485 5768 1674 5825 Matth.
1723 5782 1919 5835 uvnt,
1968 5768 2048 5835 19,

2153 5785 2174 5822 ι.
2258 5767 2277 5799 δ
2304 5765 2531 5833 Joan..t,
2559 5767 2610 5822 '5.
2688 5769 2707 5798 ⁵
2745 5765 2805 5820 F.
2838 5763 3040 5841 μωρίαν.
