4018 6210
267 410 371 467 157

1681 421 2056 481 ANCORATU
2067 426 2126 482 S.

3426 433 3528 493 158

336 533 459 633 ({E'.
498 531 796 633 Νρμίζουσι
821 536 880 591 δὲ
912 536 1432 633 μπαραγινώσιὶοντες
1461 543 1576 616 (27)
1619 545 1716 600 xu)
1756 548 1833 620 μὴ

2016 548 2230 606 LXXV.
2274 549 2474 609 Verum
2528 554 2667 612 falsa
2710 555 2949 628 quadam
2996 556 3356 631 intelligentia
3385 578 3527 633 pra:-

267 623 515 687 νοοῦντες
542 625 875 682 διαστέλλειν
901 629 1015 701 (28)
1039 632 1140 704 τὴν
1168 633 1473 703 ἀνάγνωσιν
1509 653 1657 701 τινες
1679 639 1738 692 ιν
1760 638 1847 710 τῷ

264 715 440 769 είπετν
461 733 474 746 ·
504 715 711 772 Πάντα
733 717 807 772 δι’
827 722 1016 778 αὐτοῦ
1040 724 1299 794 ἐγένετο,
1325 728 1425 782 καὶ
1454 729 1636 798 χωρὶς
1658 730 1848 785 αὐτοῦ

263 806 504 875 ἐγένετο
532 810 714 863 οὐδέν
731 833 743 842 ·
776 811 881 877 ἕως
908 807 1014 868 ὦδε
1041 817 1396 885 ἁποτιθέντες
1422 820 1484 874 τὸ
1516 822 1700 892 ῥητὸν,
1723 822 1850 877 ὑπό-

266 916 419 954 νοιαν
440 899 792 973 βλασφημίας
817 906 899 969 είς
924 906 987 960 τὸ
1019 908 1242 980 Πνεῦμα
1268 910 1329 965 τὸ
1369 910 1524 981 ἁγιον
1556 912 1809 978 λαϐόντες
1829 929 1844 944 ⁶

273 993 601 1061 σφάλλονται
631 999 761 1071 περὶ
787 999 886 1071 τὴν
924 1001 1251 1070 ἀνάγνωσιν,
1273 1004 1366 1058 καὶ
1402 1005 1511 1058 ἀπὸ
1550 1006 1646 1060 τοῦ
1675 1005 1846 1076 σφάλ-

268 1104 442 1156 ματος
472 1088 573 1159 τῆς
609 1090 972 1159 ἀναγνώσεως
1020 1094 1345 1160 σκάξουσιν,
1376 1098 1457 1160 είς
1498 1097 1847 1168 βλασφημίαν

266 1180 615 1250 τρεπόμενοι.
662 1182 729 1235 Ἦ
774 1183 832 1237 δὲ
873 1184 1183 1253 ἀνάγνωσις
1234 1185 1408 1250 οὕτως
1458 1187 1603 1259 ἔχει·
1642 1188 1847 1243 Πάντα

266 1269 345 1323 δι’
380 1271 569 1326 αὐτοῦ
605 1272 865 1342 ἐγένετο,
894 1275 995 1329 καί
1026 1278 1209 1345 χωρίς
1251 1279 1439 1334 αὐτοῦ
1470 1277 1707 1350 ἐγένετο
1743 1281 1846 1335 οὐ-

265 1359 397 1427 δὲν,
429 1361 463 1416 6
494 1361 741 1433 γέγονεν
778 1364 849 1418 ἐν
866 1365 1052 1432 αὐτῷ·
1080 1367 1358 1421 τουτέστιν
1383 1370 1464 1423 ὅτι
1498 1369 1552 1423 εί
1596 1387 1650 1423 τι
1683 1369 1844 1439 γέγο-

266 1469 326 1505 νε
348 1452 483 1523 (29),
513 1453 580 1507 δι’
605 1455 771 1509 αὑτοῦ
804 1457 1040 1526 ἐγένετο.
1074 1458 1265 1513 Τοίνυν
1294 1459 1484 1532 Πατὴρ
1502 1455 1570 1533 ἦν
1602 1462 1710 1525 ἀεὶ,
1750 1462 1845 1514 καὶ

265 1542 328 1596 τὸ
350 1542 573 1616 Πνεῦμα
601 1547 669 1599 ὲκ
695 1548 910 1619 Πατρὸς
930 1550 1025 1603 καὶ
1055 1548 1186 1604 Υἰοῦ
1212 1550 1362 1604 πνέει
1390 1550 1502 1622 (50)
1525 1568 1540 1583 ο
1577 1554 1673 1607 καὶ
1714 1551 1841 1608 οὔτε

264 1637 295 1690 6
329 1635 456 1700 Υἱὸς
486 1638 728 1703 κτιστδς,
751 1638 877 1693 οὕτε
907 1640 969 1694 τὺ
992 1640 1219 1712 Πνεῦμα
1246 1644 1463 1699 κτιστόν
1482 1662 1496 1677 ο
1525 1643 1595 1699 τὰ
1623 1644 1681 1698 δὲ
1705 1645 1844 1716 μετὰ

266 1729 490 1802 Πατέρα
523 1733 618 1787 καὶ
664 1732 795 1787 Υίὸν
831 1734 927 1787 καὶ
972 1735 1127 1803 ἁγιον
1172 1735 1401 1808 Πνεῦμα
1432 1737 1615 1792 πάντα
1648 1736 1844 1792 κτιστὰ

265 1822 365 1874 καὶ
395 1822 619 1893 γενητὰ,
651 1824 752 1877 οὐκ
780 1823 909 1878 ὄντα
931 1825 1082 1891 ποτὲ,
1109 1827 1331 1894 ἐγένετο
1354 1827 1463 1881 ἀπὸ
1498 1825 1712 1897 Πατρδς
1746 1828 1842 1882 καὶ

1948 642 2050 698 ditl
2104 644 2288 698 locum
2333 645 2489 700 illum
2548 645 2848 719 Scriptura:
2901 650 3147 705 nonnulli
3199 651 3275 705 ita
3328 650 3526 708 distin-

1953 751 2122 807 guere
2153 736 2333 791 solent
2363 755 2379 803 ;
2430 747 2491 792 ut
2523 753 2649 793 cum
2703 741 2907 795 dicitur
2934 759 2948 796 :
2979 741 3172 796 Omnia
3213 758 3308 811 per
3350 743 3524 812 ipsum

1948 826 2097 897 facta
2130 836 2274 893 sunt,
2301 838 2352 882 et
2372 828 2487 882 sine
2514 829 2627 897 ipso
2654 829 2854 898 factum
2884 840 2961 884 est
2994 832 3146 893 nihil.
3190 832 3268 887 ibi
3302 841 3526 888 senten-

1950 923 2081 977 tiam
2108 923 2460 986 concludant,
2510 930 2566 977 et
2614 922 2847 993 plenam
2885 924 3231 979 contumeliae
3258 924 3313 978 in
3349 923 3523 994 Spiri-

1950 1022 2065 1069 tum
2092 1023 2345 1071 sanctum
2394 1016 2708 1085 Opinlonem
2759 1015 3074 1085 concipiant
3107 1033 3120 1070 :
3157 1018 3249 1085 qui
3293 1031 3417 1070 cum
3453 1016 3523 1071 ab

1949 1120 2078 1158 vera
2112 1106 2348 1161 lectione
2386 1105 2663 1170 aberrent,
2694 1121 2760 1161 ex
2788 1104 3060 1174 ejusmodi
3089 1120 3277 1161 errore
3307 1106 3511 1159 claudi-

1945 1203 2135 1251 cantes
2184 1195 2252 1249 ad
2298 1196 2690 1265 blasphemiam
2730 1193 3045 1251 deﬂectunt.
3095 1194 3364 1250 Ceterum
3396 1210 3521 1265 ger-

1948 1299 2111 1339 mana
2151 1285 2315 1340 lectio
2349 1285 2422 1338 ita
2447 1284 2806 1354 concipienda
2840 1290 2923 1340 est
2956 1301 2970 1338 :
3003 1284 3200 1339 Omnia
3226 1300 3319 1352 per
3347 1285 3518 1351 ipsum

1945 1374 2091 1443 facta
2137 1382 2283 1440 sunt,
2320 1383 2371 1428 ει
2400 1377 2511 1429 sine
2560 1374 2673 1443 ipso
2705 1374 2906 1443 factum
2952 1381 3030 1428 est
3074 1374 3228 1435 nihil,
3267 1373 3405 1443 quod
3441 1373 3525 1442 fa-

1946 1475 2088 1519 ctum
2141 1475 2219 1519 est
2267 1466 2322 1519 in
2373 1467 2511 1535 ipso,
2565 1465 2670 1521 hoc
2714 1474 2823 1531 est,
2878 1464 3140 1537 quidquid
3164 1464 3367 1518 factum
3413 1473 3521 1527 est,

1938 1574 2043 1629 per
2074 1558 2253 1628 ipsum
2290 1558 2496 1612 factum
2525 1566 2629 1612 cst.
2660 1556 2804 1627 Ergo
2836 1565 2893 1611 et
2925 1564 3189 1627 perpetuo
3230 1554 3391 1610 Pater
3424 1569 3523 1610 ex-

1941 1647 2103 1714 etitit,
2132 1654 2189 1701 et
2215 1645 2454 1717 Spiritus
2493 1661 2524 1700 a
2556 1645 2717 1701 Patre
2749 1644 2998 1716 Filioque
3037 1660 3252 1715 semper
3278 1644 3520 1713 aspirat;

1944 1754 2124 1809 neque
2157 1745 2377 1794 creatus
2423 1745 2509 1795 est
2564 1736 2761 1802 Filius,
2790 1751 2966 1807 neque
3007 1746 3229 1792 creatus
3282 1735 3522 1806 Spiritus

1945 1838 2192 1886 sanctus.
2235 1829 2443 1885 (latera
2470 1829 2613 1885 inira
2642 1827 2880 1893 Patrem,
2910 1827 3106 1884 Filium
3144 1827 3524 1898 Spiritumque

265 1911 400 1965 Υίοῦ
428 1914 523 1967 καὶ
553 1914 712 1983 ἁγίου
747 1914 1089 1986 Πνεύματος,
1121 1916 1210 1971 διὰ
1233 1918 1329 1971 τοῦ
1364 1919 1453 1972 ἀεὶ
1487 1895 1639 1982 δντος
1666 1918 1840 1987 Λόγου

1949 1930 2194 1978 sanctum
2236 1930 2421 1978 creata
2458 1921 2642 1978 omnia
2693 1920 3066 2005 productaque
3098 1895 3265 1987 sunt;
3303 1895 3523 1976 eadem-

265 2002 367 2055 σὺν
394 2000 475 2073 τῷ
500 2002 587 2057 ἀεὶ
618 2002 733 2056 ὄντι
782 2004 978 2076 Πατρί.
1020 2006 1098 2058 Δι’
1133 2005 1300 2059 αὑτοῦ
1337 2007 1516 2061 τοίνυν
1537 2006 1630 2061 τοῦ
1665 2008 1841 2076 Λόγου

263 2094 449 2149 πάντα
475 2094 545 2148 τὰ
570 2095 764 2149 κτιστὰ
790 2096 1004 2165 γέγονε,
1026 2095 1121 2150 τοῦ
1147 2096 1413 2167 βασιλέως
1439 2097 1533 2152 τοῦ
1568 2098 1840 2169 οὐρανίου,

259 2184 362 2241 τοῦ
410 2186 776 2241 ὲνυποστάτου
823 2187 1002 2255 Λόγου
1021 2226 1036 2247 ,
1085 2186 1181 2242 τοῦ
1241 2190 1495 2260 Σωτῆρος
1535 2190 1694 2260 ήμῶν
1748 2190 1843 2244 καὶ

262 2276 583 2348 εὐεργέτου.
607 2278 781 2342 Δὺτὺς
802 2277 913 2350 γὰρ
942 2281 972 2333 6
996 2279 1187 2351 Σωτὴρ
1210 2282 1238 2334 6
1283 2280 1437 2350 ἆγιος
1464 2281 1560 2333 ἀπ’
1596 2281 1842 2352 οὐρανῶν

261 2370 565 2437 κατελθὼν,
586 2372 615 2425 6
641 2372 701 2425 ἑν
728 2372 1075 2444 ἐργαστηρίῳ
1105 2372 1360 2443 παρθένῳ
1381 2371 1724 2439 καταξιώσας
1741 2372 1842 2444 τὴν

260 2462 544 2534 ἡμετέραν
579 2464 911 2534 ποιήσασθαι
950 2462 1248 2535 σωτηρίαν,
1289 2464 1319 2517 6
1355 2464 1418 2518 ὲκ
1443 2463 1662 2535 Μαρίας
1686 2460 1842 2529 αὖθις

1941 2032 2051 2087 que
2103 2031 2227 2072 cum
2284 2014 2581 2087 aliquando
2630 2029 2740 2069 non
2784 2014 3150 2081 exstitissent,
3203 2029 3234 2068 a
3271 2012 3436 2068 Patre
3466 2020 3522 2067 et

1942 2109 2083 2164 Filio
2139 2116 2195 2165 et
2251 2108 2459 2179 Spiritu
2531 2116 2737 2162 sancto
2779 2121 2878 2176 per
2928 2106 3326 2176 sempiternum
3383 2102 3520 2159 illud

1942 2201 2183 2258 Verbum
2239 2200 2506 2271 originem
2561 2197 2898 2261 habuerunt,
2946 2196 3092 2268 quod
3140 2210 3267 2251 cum
3319 2194 3523 2265 sempi-

1942 2301 2102 2350 terno
2154 2292 2319 2347 Patre
2349 2291 2625 2346 subsistit.
2662 2290 2846 2356 Quare
2875 2304 2976 2361 per
3007 2289 3143 2343 illud
3174 2288 3351 2357 ipsum
3391 2286 3524 2342 Ver-

1940 2384 2073 2439 bum
2116 2389 2318 2437 creatse
2357 2395 2449 2437 res
2486 2394 2680 2435 omnes
2704 2379 3076 2444 exstiterunt;
3104 2392 3202 2448 per
3238 2377 3522 2431 caelestem

1943 2474 2120 2537 illum,
2160 2472 2404 2542 inquam,
2446 2485 2631 2541 regem
2671 2472 2778 2541 ει
2817 2486 2882 2525 ac
2912 2469 3220 2526 subsistens
3260 2466 3521 2533 Verbum,

259 2554 680 2626 γεγεννημένος,
728 2554 818 2610 διὰ
846 2556 1165 2626 Πνεύματος
1217 2556 1376 2624 ἁγίου
1424 2555 1778 2628 συλληφθεὶς,
1810 2555 1840 2607 6

1949 2571 1998 2621 et
2024 2564 2371 2620 Senatorem
2413 2569 2662 2616 nostrum
2707 2576 2771 2616 ac
2818 2559 3143 2616 beneficum.
3209 2557 3311 2613 Hic
3376 2558 3523 2614 enim

259 2645 365 2716 τὴν
395 2645 578 2717 σάρκα
620 2644 822 2710 λαϐὼν,
845 2647 876 2699 6
909 2647 1101 2716 Λόγος
1140 2644 1295 2714 σὰρξ
1333 2647 1673 2715 γενόμενος,
1702 2648 1731 2700 6
1766 2645 1843 2717 μὴ

259 2737 496 2808 τραπεὶς
526 2738 627 2811 τὴν
656 2737 840 2806 φύσιν,
860 2739 890 2791 ό
918 2738 1016 2792 σὺν
1051 2739 1117 2808 τῇ
1155 2736 1368 2807 θεότητι
1401 2734 1579 2791 λαθὼν
1607 2736 1705 2808 τὴν
1745 2737 1842 2790 ἁν-

261 2829 616 2901 θρωπότητα,
654 2829 858 2893 τέλειος
900 2827 977 2883 ὣν
1021 2828 1130 2882 ἀπὸ
1167 2828 1403 2900 Πατρδς,
1442 2828 1470 2881 6
1501 2827 1602 2898 τὴν
1636 2826 1844 2881 τελείαν

262 2919 579 2989 οἰκονομίαν
603 2918 921 2989 πληρώσας,
943 2914 1108 2989 ἦλθεν
1132 2920 1215 2982 είς
1251 2917 1344 2972 τὸν
1374 2918 1578 2989 κόσμον
1606 2918 1671 2971 δι’
1694 2919 1845 2991 ἡμᾶς

264 3010 361 3062 καὶ
389 3008 480 3063 διὰ
521 3008 620 3081 τὴν
647 3009 927 3081 ἡμετέραν
962 3008 1267 3081 σωτηρίαν·
1310 3011 1339 3063 6
1388 3009 1489 3081 τὴν
1534 3010 1714 3081 σάρκα
1751 3009 1845 3063 καὶ

262 3100 446 3171 ψυχὴν
501 3102 604 3172 τὴν
644 3100 995 3172 ἀνθρωπίνην
1046 3099 1228 3155 λαὸὼν
1253 3139 1270 3163 ,
1317 3100 1524 3166 τέλειος
1565 3102 1642 3155 ὢν
1694 3101 1845 3173 παρὰ

1942 2655 2038 2711 ille
2067 2653 2452 2709 sanctissimus
2487 2652 2739 2707 Salvator
2769 2660 2873 2719 est,
2920 2651 3015 2721 qui
3055 2666 3087 2705 e
3131 2649 3271 2704 ccelo
3314 2650 3521 2719 lapsus,

1944 2745 2003 2802 in
2033 2744 2276 2814 Virginis
2306 2743 2523 2799 oliicina
2571 2744 2806 2798 salutem
2846 2751 3089 2799 nostram
3139 2741 3525 2796 administrare

1946 2835 2209 2906 dignatus
2240 2843 2349 2891 est.
2391 2834 2497 2901 Qui
2531 2851 2598 2891 cx
2625 2834 2796 2889 Maria
2827 2834 3069 2904 genitus,
3119 2842 3281 2902 atque
3324 2848 3357 2886 e
3396 2830 3522 2901 Spi—

1944 2929 2053 2984 ritu
2099 2936 2296 2983 sancto
2352 2928 2656 2997 conceptus
2688 2933 2810 2994 est;
2848 2926 2941 2996 qui
2977 2939 3197 2979 carnem
3236 2924 3431 2987 induit,
3468 2930 3525 2977 et

1955 3017 2182 3074 Verbum
2219 3034 2347 3073 caro
2378 3017 2578 3086 factum
2605 3027 2723 3083 est;
2754 3017 2847 3086 qui
2881 3025 3078 3071 natura
3110 3014 3246 3069 nihil
3272 3014 3527 3069 immuta-

1946 3117 2058 3179 tus,
2090 3110 2159 3165 ad
2188 3109 2531 3165 divinitatem
2565 3123 2724 3164 suam
2761 3115 3012 3162 naturam
3054 3106 3295 3161 hominis
3324 3104 3523 3174 adjun-

264 3193 505 3265 Πατρδς,
529 3192 957 3265 ὶνανθρωπήσας
977 3193 1035 3246 ὲν
1065 3194 1198 3264 ἡμῖν
1223 3192 1284 3246 οὐ
1315 3193 1555 3265 δοκήσει,
1577 3193 1692 3247 ἀλλ’
1714 3194 1845 3265 ἁλη-

1950 3203 2052 3269 xit,
2082 3217 2114 3257 a
2142 3202 2304 3257 Patre
2327 3200 2606 3273 perfectus
2633 3200 2950 3265 exsistens;
2978 3198 3073 3268 qui
3104 3205 3165 3251 ut
3188 3195 3524 3251 iunctionem

262 3283 417 3353 θείᾳ,
450 3282 654 3338 τέλειον
694 3286 774 3349 είς
816 3282 1011 3339 ἑαυτὸν
1053 3285 1372 3349 ἀναπλάσας
1410 3285 1699 3356 ἄνθρωπον
1738 3286 1847 3340 ἀπὸ

264 3375 489 3448 Μαρίας
514 3376 615 3447 τῆς
658 3377 915 3431 θεοτόκου
945 3377 1035 3432 διὰ
1064 3377 1383 3450 Πνεύματος
1432 3379 1589 3447 ἁγίου
1608 3396 1623 3411 ο
1652 3379 1755 3433 οὐκ
1786 3380 1846 3433 ὲν

261 3466 543 3538 ἀνθρώπῳ
571 3468 821 3539 οίκήσας,
848 3469 926 3532 ὠς
955 3468 1146 3543 εἴωθεν
1184 3471 1241 3523 ὲν
1283 3472 1595 3543 προφήταις
1642 3470 1843 3537 λαλεῖν,

263 3562 545 3616 κατοικεῖν
568 3575 631 3613 τε
675 3560 735 3615 ὲν
765 3560 992 3632 δυνάμει
1022 3562 1116 3617 καὶ
1154 3564 1428 3635 ἐνεργεῖν·
1472 3563 1587 3617 ἁλλ’
1624 3563 1786 3628 αὐτὸς
1814 3564 1846 3615 6

262 3649 461 3719 Λόγος
494 3649 652 3720 σὰρξ
684 3650 1025 3721 γενόμενος,
1063 3651 1126 3706 οὐ
1152 3652 1381 3722 τραπεὶς
1402 3650 1493 3706 τοῦ
1525 3648 1665 3707 εἶναι
1686 3652 1845 3725 σὰρξ,

261 3742 328 3796 οὐ
364 3741 684 3812 μεταϐαλὼν
721 3742 823 3815 τὴν
856 3742 1085 3813 θεότητα
1129 3745 1211 3807 είς
1247 3743 1676 3816 ἀνθρωπότητα,
1709 3743 1847 3800 ἀλλὰ

264 3834 371 3887 σὺν
403 3832 483 3903 τῷ
532 3833 648 3905 ίδίῳ
697 3833 911 3905 σώματι
952 3836 1052 3905 τῆς
1103 3834 1267 3889 αὐτοῦ
1306 3835 1592 3906 θεότητος,
1642 3836 1737 3890 καὶ
1777 3839 1844 3909 τῇ

263 3927 381 4000 ιδίᾳ
429 3928 727 3983 ὑποστάσει
777 3927 876 3982 τοῦ
927 3927 1063 3983 Θεοῦ
1117 3928 1294 3997 Λόγου
1332 3928 1429 3982 καὶ
1480 3928 1847 3982 ὲνυποστάτου

264 4018 696 4091 συμπεριλαϐών
717 4019 779 4072 τὸ
801 4016 939 4075 εἶναι
960 4018 1056 4074 ἁνθ
1063 4036 1265 4090 ρωπος.
1288 4018 1607 4089 ’Ἄνθρωπον
1627 4018 1685 4073 δὲ
1705 4018 1849 4088 λέγω

262 4108 495 4176 τέλειον,
524 4110 626 4164 ὅσα
656 4111 716 4165 ἐν
743 4109 1038 4183 ἀνθρώπῳ,
1075 4110 1172 4163 καὶ
1209 4102 1299 4162 οἷα
1326 4108 1636 4180 ἄνθρωπος,
1674 4110 1769 4163 καὶ
1800 4109 1853 4163 ετ

263 4218 319 4256 τι
348 4201 495 4255 ἐστὶν
529 4200 834 4273 ἄνθρωπος.
862 4201 1066 4255 Τοῦτον
1093 4197 1224 4273 ἦλθε
1257 4201 1353 4254 καὶ
1381 4199 1572 4254 ἔλασεν
1606 4200 1634 4253 6
1672 4201 1849 4255 Mavo-

263 4293 454 4364 γενὴς,
501 4293 590 4347 ἶνα
621 4295 679 4347 ὲν
717 4294 796 4365 τῷ
833 4293 1025 4365 τελείῳ
1066 4290 1338 4366 ἀνθρώπῳ
1377 4290 1597 4356 τελείως
1638 4290 1700 4344 τὸ
1740 4291 1850 4345 πᾶν

264 4384 371 4455 τῆς
400 4384 678 4457 σωτηρίας
706 4385 839 4449 Θεὸς
870 4383 948 4438 ὣν
978 4384 1298 4457 ἐργάσηται,
1350 4382 1516 4454 μηδὲν
1551 4381 1851 4453 ἁπολείψας

1824 4501 1857 4511 ‘-

1947 3294 2203 3350 omnibus
2231 3294 2538 3350 absolutam
2564 3292 2811 3349 numeris
2846 3291 3107 3361 expleret,
3153 3294 3377 3359 propter
3418 3301 3526 3343 nos

1946 3395 2012 3437 ac
2040 3390 2258 3452 propter
2280 3390 2525 3437 nostram
2576 3381 2808 3436 salutem
2836 3377 3120 3434 descendit
3145 3377 3200 3432 in
3230 3375 3525 3431 mundum:

1946 3472 2040 3543 qui
2073 3472 2367 3527 humanam
2392 3486 2617 3527 carnem
2669 3481 2834 3541 atque
2872 3469 3110 3523 animam
3146 3465 3465 3536 assumpsit,
3494 3478 3529 3519 a

1948 3564 2112 3620 Patre
2139 3563 2418 3634 perfectus
2444 3561 2759 3628 exsistens;
2802 3571 2859 3615 et
2900 3559 2955 3614 in
2994 3558 3158 3615 nobis
3207 3556 3373 3610 homo
3414 3569 3531 3609 non

1949 3654 2133 3725 specie
2161 3654 2303 3718 sola,
2335 3652 2429 3709 sed
2463 3651 2694 3708 veritate
2724 3650 2940 3706 factus:
2973 3650 3111 3705 adeo
3141 3656 3197 3709 ut
3226 3645 3528 3718 perfectum

1950 3746 2005 3801 in
2033 3762 2153 3803 sese
2206 3745 2482 3801 hominem
2514 3760 2545 3801 e
2572 3743 2743 3799 Maria
2780 3742 2873 3799 Dei
2905 3741 3176 3815 genitrice
3219 3755 3315 3811 per
3350 3736 3531 3809 Spiri-

1950 3847 2066 3892 tum
2102 3844 2353 3893 sanctum
2385 3835 2685 3906 eﬂingeret.
2728 3833 2916 3904 Neque
2946 3848 3077 3888 vero
3107 3833 3162 3885 in
3193 3830 3415 3886 homine
3447 3828 3535 3884 sic

1950 3928 2218 3983 duntaxat
2245 3923 2534 3993 habitavit,
2568 3924 2646 3979 uti
2676 3925 2731 3979 in
2778 3922 3061 3994 prophetis
3108 3921 3281 3991 l0qui,
3332 3933 3397 3975 ac
3433 3933 3532 3990 per

1950 4022 2059 4077 vim
2088 4020 2383 4092 quamdam
2417 4019 2670 4074 habitare
2710 4024 2875 4087 atque
2900 4030 3061 4086 agere
3089 4011 3399 4075 consuevit,
3432 4008 3533 4066 sed

1962 4111 2183 4167 Verbum
2213 4112 2389 4182 ipsum
2418 4126 2544 4164 caro
2574 4110 2775 4177 factum
2794 4115 2909 4161 est:
2936 4122 3046 4161 non
3074 4104 3198 4159 ideo
3227 4110 3530 4158 commuta-

1950 4210 2065 4258 tum
2088 4211 2148 4257 ut
2168 4217 2299 4257 caro
2322 4201 2494 4263 ﬁeret,
2513 4215 2621 4254 non
2643 4198 2981 4253 divinitatem
3011 4195 3183 4265 ipsam
3213 4194 3267 4249 in
3292 4189 3535 4246 hominis

1952 4302 2207 4351 naturam
2258 4299 2609 4355 convertens,
2644 4288 2740 4346 sed
2781 4304 2905 4343 cum
2949 4286 3173 4358 proprio
3205 4297 3431 4354 corpore
3460 4282 3538 4336 adv

1953 4386 2291 4444 divinitatem
2319 4391 2373 4439 et
2398 4383 2465 4438 ad
2494 4382 2823 4455 peculiarem
2843 4378 3014 4434 divini
3041 4376 3200 4434 Verbi
3226 4373 3539 4432 subsisteu-L

343 4580 458 4651 (27)
496 4582 924 4654 Νομίζουσιγὸὲ
960 4582 1538 4654 παραγινὼσκοντες.
1571 4580 1718 4651 Lego
1745 4598 1845 4635 πα-

1955 4586 2032 4641 De
2064 4584 2335 4646 Trinitate,
2362 4596 2484 4654 cap.
2510 4580 2562 4646 6,
2584 4595 2738 4654 num.
2764 4576 2818 4633 6.

268 4651 797 4723 ραναγινώσκοντες.
830 4653 904 4709 De
925 4651 1073 4709 varia
1103 4651 1203 4709 luci
1236 4655 1381 4710 illius
1404 4654 1852 4723 interpunctione

262 4722 485 4794 erudite
511 4724 761 4794 disputat
787 4724 1133 4780 Maldonatus
1164 4732 1369 4779 uoster.
1401 4722 1609 4794 Psnv.

342 4791 455 4862 (28)
493 4791 930 4861 Μὴ⁷νοοῦντες
970 4795 1374 4849 διαστέλλειν.
1418 4792 1853 4862 Ριιειιηιιιιοηιιι-

264 4863 409 4935 chos
457 4863 866 4935 distinctionem
901 4872 956 4919 et
999 4865 1493 4935 interpunctionem
1542 4861 1726 4935 studio
1767 4863 1848 4915 vi-

267 4933 684 5006 tiavissegillius
728 4934 832 4989 loci
874 4931 1498 5006 evangelisimloannis.
1536 4931 1851 5006 0mnia__per

266 5005 445 5073 ipsum
494 5003 641 5070 facta
680 5014 834 5070 sunt,
889 5002 1041 5065 etc..'
1066 5006 1417 5061 crediderunt
1467 5003 1534 5058 de
1572 5002 1849 5073 veteribus

268 5072 524 5146 nonnulli
567 5076 713 5146 quod
737 5076 991 5146 haeretici
1026 5076 1103 5130 illi
1159 5077 1232 5130 ita
1265 5076 1445 5130 locum
1483 5072 1848 5142 exponebant,

269 5153 333 5198 ut
358 5144 484 5199 inde
518 5144 905 5201 concluderent
946 5146 1207 5216 Spiritum
1250 5153 1661 5216 sanctumesse
1690 5157 1848 5196 crea-

269 5224 424 5277 tum,
460 5230 585 5271 esse
626 5215 865 5276 factum,
909 5213 1074 5285 atque
1131 5213 1523 5285 comprehendi
1560 5227 1846 5285 imarum

266 5286 528 5340 omnibus
556 5286 759 5341 creatis
792 5287 956 5341 rebus
984 5280 1036 5339 in
1070 5301 1135 5340 eo
1163 5280 1273 5354 quo
1300 5285 1524 5345 dicitur,
1545 5280 1739 5336 Omnia
1756 5298 1850 5350 per

264 5356 444 5423 ipsum
473 5355 746 5427 (verbum
779 5358 1005 5425 nempe)
1041 5356 1186 5425 facta
1216 5365 1364 5427 sunt.
1406 5355 1475 5427 A_t
1507 5367 1848 5427 quaecunque

268 5423 512 5496 ponatur
540 5426 824 5481 distinctio
850 5423 1139 5481 verborum
1173 5423 1585 5496 Joannis,facile
1611 5423 1842 5496 cst_i_llo-

268 5493 394 5551 rum
421 5497 802 5552 haereticorum
837 5497 1119 5550 audaciam
1152 5496 1458 5554 retundere.
1492 5501 1545 5547 et
1571 5493 1845 5547 inscitiam

268 5566 491 5629 ridere,
547 5568 593 5622 si
645 5582 975 5637 reponamus
1009 5580 1194 5621 revera
1256 5580 1350 5635 per
1390 5562 1624 5618 Verbum
1664 5564 1845 5616 omnia

268 5637 418 5691 facta
463 5637 664 5698 fuisse.
694 5653 816 5707 qua:
858 5647 1064 5693 aeterna
1094 5641 1147 5690 et
1192 5637 1431 5707 increata
1486 5649 1594 5707 non
1648 5641 1842 5687 erant:

269 5722 382 5780 non
417 5703 893 5780 autemSpiritum
935 5714 1209 5771 sanctum,
1256 5705 1454 5780 quippe
1481 5703 1572 5771 qui
1609 5710 1845 5758 aeternus

271 5775 421 5848 Deus
448 5793 573 5848 cura]
609 5775 722 5848 jain
758 5786 926 5844 esset,
961 5790 1137 5848 neque
1165 5775 1338 5832 creari
1384 5780 1625 5848 poterat,
1670 5788 1846 5848 neque

275 5847 418 5904 ﬁeri.
447 5844 586 5905 Vide
612 5844 893 5907 Patavium
913 5848 981 5905 de
1012 5844 1114 5906 hac
1142 5864 1200 5907 re
1230 5844 1553 5905 tractantem
1582 5845 1638 5901 in
1675 5844 1841 5911 lib-"

2023 4656 2138 4723 (29)
2178 4640 2515 4708 ⁹Ὀτιέϊ’τι
2542 4640 2788 4723 ferere.
2830 4645 3031 4723 Eadem
3062 4653 3145 4701 est
3187 4651 3245 4723 et
3296 4640 3534 4723 aliorum

1952 4710 2175 4779 Patrum
2208 4722 2501 4779 sententia.
2538 4710 2595 4773 S.
2632 4710 2957 4773 Ambrosius
2983 4716 3037 4769 in
3081 4714 3261 4785 capite
3286 4710 3535 4785 secundo.

1952 4796 2075 4851 libri
2109 4793 2268 4865 primi
2312 4791 2401 4865 De‘
2416 4791 2619 4865 Spiritu
2654 4796 2859 4865 sancto.
2891 4802 3027 4865 rem,
3051 4786 3127 4865 _de
3153 4782 3529 4865 quanagimus,

1950 4852 2179 4921 versans
2215 4865 2292 4917 ait
2316 4882 2327 4915 :
2364 4852 2557 4917 Omnia
2584 4876 2677 4930 per
2706 4855 2909 4933 Filium
2940 4852 3219 4933 Scriptura
3243 4852 3370 4933 dicit
3390 4866 3526 4933 esse,

1949 4920 2066 5007 qua
2098 4935 2241 5005 facta
2263 4941 2386 4985 sunt
2407 4949 2425 4985 :
2459 4920 2785 5007 eum'autem
2820 4928 2995 4997 factus
3020 4920 3127 5007 “non
3161 4924 3373 5007 dicatur
3410 4920 3530 5007 Spi-

1953 4994 2332 5060 ritus'sauclus
2353 5041 2368 5065 ,
2397 5003 2575 5070 utique
2596 5017 2688 5073 uec
2719 4994 3064 5073 internuntia
3095 4994 3313 5065 probari
3335 4998 3527 5073 potest,

1948 5078 2040 5145 qui
2071 5091 2232 5143 neque
2247 5061 2434 5145 facta:
2467 5061 2545 5145 εέζ
2575 5072 2709 5145 sicut
2741 5068 2941 5145 omnia,
2978 5084 3069 5121 nec
3095 5061 3529 5145 creatus.”Sitn‘i-

1950 5134 2024 5199 l'ia
2056 5134 2216 5201 habet
2240 5134 2298 5198 S.
2322 5141 2618 5211 Gregorius
2647 5139 3029 5211 Nazianzenus
3055 5143 3195 5189 urat.
3213 5134 3303 5198 57,
3325 5134 3531 5211 diserte

1949 5200 2207 5272 asserens
2238 5230 2347 5269 non
2374 5200 2555 5267 omnia
2590 5209 2888 5265 univcrsim
2928 5208 3069 5262 facta
3094 5220 3216 5261 esse
3258 5218 3355 5272 per
3390 5200 3529 5257 Ver-

1951 5287 2103 5351 bum,
2143 5301 2249 5341 non
2283 5284 2450 5337 Deum
2480 5282 2719 5342 Patrem,
2740 5293 2848 5333 non
2879 5288 3218 5351 qtlatcunque
3252 5281 3392 5351 [acta
3418 5287 3528 5351 npn

1950 5341 2121 5423 sunt',
2159 5356 2253 5411 sed
2289 5355 2463 5410 solum
2496 5341 2854 5423 quaecunque
2882 5341 3023 5402 facta
3066 5341 3215 5423 sunt.
3254 5343 3333 5397 En
3365 5341 3528 5423 verba

1949 5410 2149 5504 illius:
2168 5410 2175 5411 ί
2196 5425 2406 5504 βάντα
2458 5410 2761 5504 γέξρῃὸσα
2789 5417 3035 5504 γέντο-νειμ
3062 5458 3077 5481 ,
3131 5413 3404 5504 sipara);
3428 5410 3490 5504 οῦ

1948 5496 2135 5561 ἁπλῶς
2181 5494 2437 5550 ἅπαντα.
2465 5484 2617 5546 Ὀῦδὲ
2647 5489 2756 5560 γὰρ
2797 5484 2828 5543 6
2866 5484 3105 5559 Πατὴρ,
3150 5484 3258 5537 οὐδ’
3308 5484 3408 5535 ὅσα
3453 5494 3492 5547 μ

1984 5567 2157 5628 έγονε.
2983 5626 3015 5628 __
3076 5623 3091 5628 _
3132 5622 3143 5628 _
3226 5618 3263 5628 ,,
3306 5618 3316 5628 ,
3362 5617 3375 5628 ,
3476 5614 3489 5628 ,

1947 5584 2350 5706 γεῖἕόῗήνέει,
2391 5633 2575 5706 redde
2599 5633 2815 5706 τρίται.-
2837 5628 2925 5706 E_1n_
2940 5623 3092 5706 aliud
3131 5614 3528 5706 inllipiphapin

1947 5685 2350 5763 ηοὶεῖιῖίιέῖιίιὶῖιῖ
2380 5685 2726 5776 prec—edentis
2784 5698 3022 5771 Spiritus
3069 5690 3241 5747 sancti
3273 5685 3524 5743 _a'Patre

1950 5789 2003 5836 et
2026 5776 2179 5834 Filio.
