4018 6210
525 407 627 466 150
1890 413 1948 472 S.
1988 414 2103 473 EPlI

2206 415 2336 475 AN"
3662 424 3665 425 ⁷
3690 419 3813 477 ιω

521 529 705 598 tisque
750 542 1067 599 personam,
1115 527 1246 585 illud
1295 530 1473 601 ip‘sum
1515 531 1681 588 homo
1723 540 1783 591 ut
1820 542 1970 591 esset
2007 538 2103 592 ad-

2208 538 2302 594 τοῦ
2330 538 2621 613 ἀνθρώπου
2640 580 2654 608 ,
2694 540 2785 596 ἵνα
2818 540 2892 614 μὴ
2921 540 2983 596 τὸ
3012 539 3335 611 ἀπολειφθὲν
3376 538 3541 614 μέρος
3571 539 3655 607 εἰς
3690 540 3798 615 μὲ-

515 618 782 691 iungens.
842 620 1129 679 Hominem
1162 638 1328 694 porro
1356 625 1482 680 dico
1512 626 1835 696 perfectum,
1881 627 1986 683 hoc
2022 637 2103 686 est

2216 648 2309 703 ρος
2331 631 2491 686 πάλιν
2518 633 2743 703 γένηται
2779 632 3069 707 βρώματος
3097 632 3369 687 διαϐόλου.

519 729 862 785 quacunque
898 716 1087 773 insunt
1117 717 1171 773 in
1201 718 1443 785 homine,
1482 736 1546 776 ac
1586 721 1897 792 cuiusmodi
1931 723 2096 779 homo
2134 732 2190 780 et
2234 726 2503 797 quidquid
2568 729 2733 784 homo
2776 737 2882 785 est.
2932 728 3235 799 Ejusmodi,
3304 728 3549 798 inquam,
3610 725 3791 781 homi-

521 826 646 866 nem
691 812 887 867 unicus
928 811 1025 869 Dei
1068 814 1237 871 Filius
1271 817 1336 870 ad
1368 831 1472 872 nos
1518 817 1744 874 veniens
1786 819 1999 885 induit;
2038 832 2098 877 ut
2134 822 2191 877 in
2219 823 2464 893 perfecto
2493 824 2715 879 homine
2760 823 2903 881 Deus
2933 824 3051 895 ipse
3118 823 3357 895 perfecte
3408 832 3585 879 totum
3638 823 3789 879 salu-

520 903 596 957 tis
635 912 835 959 nostrae
859 907 1140 976 negotium
1175 922 1475 976 procurare
1501 917 1709 980 posset,
1780 911 1933 965 nulla
1998 913 2236 972 hominis
2272 922 2431 985 parte
2476 916 2761 983 derelicta,
2807 931 2878 972 ne
2917 930 2982 973 ea
3026 917 3145 986 ipsa
3204 915 3422 972 deserta
3451 915 3519 970 ad
3583 913 3790 971 diaboli

518 993 703 1049 cibum
738 996 1110 1067 pabulumque
1133 999 1453 1067 pertineret.

590 1085 828 1145 LXXVI.
871 1090 1081 1157 Quodsi
1114 1092 1167 1147 id
1195 1107 1225 1149 a
1254 1095 1536 1152 nonnullis
1580 1097 1897 1168 obiiciatur,
1928 1101 2103 1157 solam

2280 1100 2417 1167 θεῖ’.
2440 1099 2551 1155 Καὶ
2601 1102 2696 1155 ἐὰν
2731 1099 2927 1155 εἴπωσι
2967 1117 3134 1167 τινες,
3161 1101 3244 1155 ὅτι
3292 1101 3472 1173 σάρκα
3504 1102 3675 1174 μόνην
3704 1102 3793 1157 ef-

519 1179 642 1236 sine
664 1181 849 1235 anima
882 1196 1107 1239 carnem
1138 1188 1510 1257 assumpsisse
1535 1187 1839 1255 Christum,
1874 1199 1934 1246 ut
1963 1192 2100 1248 falsa

2206 1188 2369 1262 ληφε,
2434 1191 2611 1263 ψυχὴν
2648 1192 2707 1246 δὲ
2742 1190 2803 1246 οὒ
2843 1191 2977 1263 (5i),
3012 1191 3458 1264 παραπλέκοντες
3500 1195 3786 1265 μυθωδῶς,

520 1272 772 1339 quaedam
810 1272 1112 1345 Scripturis
1135 1278 1365 1348 illigent,
1397 1294 1602 1352 easque
1627 1283 1693 1337 ad
1726 1283 2099 1355 ineptissimas

2206 1284 2303 1337 καὶ
2336 1283 2436 1355 τὴν
2487 1283 2710 1355 Γραφὴν
2749 1286 2830 1348 εἰς
2879 1283 3082 1355 μύθους
3125 1283 3504 1355 ἐκτρέποντες,
3553 1285 3661 1340 ἀπὸ
3688 1285 3786 1340 τοῦ

521 1364 739 1421 fabulas
770 1375 1095 1423 convertant
1119 1388 1132 1425 ε
1161 1370 1238 1425 illi
1264 1372 1430 1443 igitur
1453 1389 1518 1429 ex
1547 1390 1611 1429 ea
1640 1374 1941 1447 Scripturae
1973 1393 2096 1434 sen-

2208 1375 2374 1447 ῥητοῦ
2415 1375 2530 1445 τοῦ,
2576 1376 2769 1447 Ἡμεῖς
2815 1377 2874 1433 δὲ
2909 1376 3061 1431 νοῦν
3101 1375 3363 1445 Χριστοῦ
3394 1375 3644 1446 ἔχομεν’
3689 1378 3790 1432 ἀπ’

519 1456 691 1510 tentia
720 1476 733 1511 :
768 1457 884 1514 Nos
924 1470 1151 1515 mentem
1187 1460 1388 1518 Christi
1435 1466 1689 1521 habemus
1718 1467 1757 1533 ⁸,
1791 1469 2099 1539 intelligant

2206 1467 2370 1523 αὑτοῦ
2419 1468 2515 1523 τοῦ
2585 1466 2752 1539 ῥητοῦ
2807 1467 3226 1535 καταλάὸωσιν,
3272 1468 3367 1521 ὃτι·
3402 1467 3452 1521 οἱ
3505 1467 3785 1537 λέγοντες,

518 1561 615 1602 eos
647 1548 739 1618 qui
774 1549 919 1605 istud
951 1551 1161 1618 dicunt,
1196 1552 1312 1608 Nos
1338 1565 1561 1610 mentem
1592 1556 1795 1613 Christi
1826 1558 2098 1624 habemus,

2212 1559 2405 1630 Ἡμεῖς
2431 1563 2491 1617 δὲ
2540 1559 2695 1615 γοῦν
2744 1559 3002 1628 Χριστοῦ
3023 1560 3261 1630 ἔχομεν,
3294 1559 3388 1614 τὸν
3414 1561 3578 1615 eam
3608 1561 3630 1593 '
3660 1561 3790 1615 νοῦν

519 1656 677 1695 suam
727 1642 989 1700 habuisse
1032 1654 1292 1712 mentem,
1329 1663 1431 1704 nec
1463 1665 1586 1705 eam
1620 1651 1929 1721 exspuisse.
1958 1650 2098 1707 Cum

2206 1645 2370 1721 εἶχον,
2399 1652 2495 1704 καὶ
2540 1649 2730 1704 τοῦτον
2764 1651 2866 1704 οὐκ
2915 1650 3298 1715 ὲξεπτύκασιν.
3334 1653 3398 1705 Et
3428 1652 3487 1705 δὲ
3518 1652 3612 1707 τὺν
3655 1652 3791 1707 ἴδιον

523 1734 695 1804 igitur
732 1744 842 1791 tam
888 1753 1068 1805 suam,
1112 1755 1280 1811 quam
1302 1742 1507 1799 Christi
1540 1750 1777 1798 mentem
1810 1744 2096 1811 habentes,

2206 1745 2421 1817 ἔχοντες
2450 1745 2549 1798 σὺν
2590 1741 2672 1815 τῷ
2711 1743 2808 1798 τοῦ
2839 1742 3080 1816 Χριστοῦ
3114 1743 3213 1814 νῷ,
3247 1744 3576 1816 ἀμφοτέρων
3600 1744 3792 1813 ἐνεφο-

518 1834 757 1897 ulraque
803 1830 1069 1885 cumulati
1124 1832 1325 1900 forent,
1373 1834 1450 1889 ita
1499 1842 1561 1890 ut
1601 1843 1656 1892 et
1703 1836 1911 1892 Christi
1942 1854 2101 1895 mens

2208 1835 2416 1908 ροῦντο,
2478 1834 2574 1889 τοῦ
2628 1835 2726 1906 μὲν
2764 1833 2858 1888 νοῦ
2899 1833 3137 1905 Χριστοῦ
3181 1834 3425 1904 βελτιοῦν
3462 1836 3787 1907 δυναμένου,

518 1918 774 1974 meliores
804 1920 954 1991 ipsos
981 1922 1195 1979 efficere
1221 1933 1428 1995 posset,
1458 1935 1513 1983 et
1539 1942 1638 1983 sua
1670 1927 1915 1998 ipsorum
1944 1945 2100 1986 mens

519 2018 670 2066 recte
727 2012 1082 2083 intelligendo
1128 2020 1455 2090 perciperet,
1509 2022 1701 2077 eodem
1744 2022 1911 2077 modo
1948 2022 2101 2079 etde

518 2099 741 2155 (Ihristo
786 2110 1030 2159 statuere
1059 2106 1259 2161 debent
1290 2126 1303 2162 :
1354 2107 1521 2163 Deum
1559 2110 1735 2178 ipsum
1765 2109 2019 2164 videlicet
2047 2115 2101 2163 et

519 2203 645 2255 qum
671 2190 725 2242 in
764 2191 885 2260 ipso
932 2208 1090 2248 mens
1145 2195 1346 2257 inerat,
1395 2196 1639 2251 hominis
1691 2204 1927 2251 mentem
1974 2211 2099 2250 cum

518 2293 689 2334 carne
720 2281 1018 2351 animaque
1049 2282 1155 2337 sibi
1192 2284 1506 2353 copulassc.
1541 2285 1662 2339 Non
1703 2285 1870 2354 igitur
1910 2290 2103 2354 quate-

520 2384 626 2423 nus
681 2369 844 2424 homo
893 2382 1033 2436 erat,
1076 2382 1314 2429 mentem
1345 2374 1654 2444 repudiavit
1697 2375 1972 2442 hominis;
2004 2373 2100 2431 sed

523 2462 691 2514 menti
721 2461 838 2531 ipse
867 2464 977 2533 82
1011 2466 1328 2523 moderatus
1369 2477 1474 2533 est,
1518 2481 1583 2522 ac
1627 2467 1847 2535 direxit,
1903 2467 2099 2523 melio-

519 2563 746 2634 remque
778 2554 1051 2622 prmstitit.
1104 2552 1573 2617 Quemadmodum
1600 2558 1745 2613 enim
1771 2558 1847 2611 ita
1876 2572 2098 2613 carnem

521 2639 720 2704 induit,
772 2642 995 2697 minime
1023 2651 1084 2697 ut
1114 2660 1143 2697 a
1172 2657 1338 2699 carne
1361 2646 1669 2702 vinceretur
1701 2665 1715 2702 :
1752 2646 1833 2702 sic
1862 2656 2099 2703 mentem

522 2734 628 2787 sibi
675 2733 805 2788 dum
854 2736 1129 2807 adjunxit,
1159 2752 1271 2792 non
1300 2746 1386 2794 est
1415 2753 1446 2792 a
1470 2748 1655 2796 mente
1686 2750 1991 2811 superatus.
2030 2741 2101 2793 At

520 2826 597 2880 illi
628 2840 659 2881 e
686 2828 965 2882 contrario
1015 2831 1187 2885 multo
1230 2831 1409 2902 magis
1457 2847 1643 2887 secum
1690 2832 1793 2902 ipsi
1829 2839 2095 2903 pugnant,

517 2933 585 2971 ac
635 2934 757 2975 sese
804 2921 1274 2977 inextricabilibus
1321 2922 1734 2980 dillicultatihus
1790 2925 2095 2995 implicant.

518 3010 730 3065 Etenim
756 3028 927 3068 sacrae
952 3010 1170 3070 Litterae
1199 3015 1402 3086 ubique
1421 3016 1627 3072 diserte
1652 3016 1953 3072 clamantes
1986 3030 2096 3070 non

519 3104 789 3160 adversus
843 3114 1105 3173 mentem,
1157 3107 1252 3162 sed
1306 3107 1572 3164 adversus
1624 3124 1845 3164 carnem
1900 3120 2099 3178 aspera

2200 1927 2297 1981 τοῦ
2327 1927 2371 1980 δ’
2401 1926 2584 1981 αὐτῶν
2613 1925 2789 1998 ὀρθῶς
2811 1925 3088 1990 νοοῦντος·
3116 1925 3177 1979 τὸ
3206 1926 3252 1979 δ’
3286 1926 3420 1980 αὐτὸ
3456 1928 3557 1981 καὶ·
3578 1927 3672 1980 ἐπὶ
3690 1926 3788 1980 τοῦ

2201 2016 2441 2088 Χριστοῦ
2490 2016 2931 2089 γινωσκέτωσαν,
2969 2016 3051 2069 ὃτι
3098 2015 3175 2069 ῶν
3212 2014 3346 2080 Θεὸς
3404 2016 3499 2069 καὶ
3534 2018 3597 2070 ὲν
3636 2015 3791 2086 αὺαῷ

2199 2105 2277 2160 ῶν
2292 2106 2437 2170 νοῦς,
2469 2102 2582 2177 εἶχε
2613 2106 2706 2160 τὸν
2725 2106 2821 2160 τοῦ
2857 2105 3147 2179 ἀνθρώπου
3177 2105 3304 2160 νοῦν
3335 2106 3476 2178 μετὰ
3520 2109 3621 2178 τῆς
3656 2124 3790 2177 σαρ-

2201 2196 2318 2261 κὸς,
2347 2197 2441 2249 xui.
2472 2197 2652 2268 ψυχὴν
2702 2196 2928 2268 ετληφεν
2974 2197 3111 2269 (32).
3143 2196 3355 2251 Οὔκουν
3387 2197 3464 2260 ὡς
3501 2196 3790 2268 ἄνθρωπος

2202 2289 2364 2343 αὐτὸν
2387 2287 2700 2360 ἐξέτρεπεν,
2750 2288 2889 2343 ἀλλὰ
2915 2289 3078 2353 αὐτὸς
3110 2288 3205 2342 τοῦ
3236 2288 3328 2342 νοῦ
3361 2289 3656 2359 κοσμήτωρ
3689 2290 3790 2341 καὶ

2200 2382 2445 2454 opilio-ri};
2483 2381 2579 2435 καὶ
2614 2380 2909 2452 βελτιωτὴς
2932 2379 3163 2451 ἐγίνετο.
3202 2380 3291 2443 Ὠς
3319 2377 3430 2450 γὰρ
3472 2379 3575 2451 τὴν
3604 2379 3791 2450 σάρκα

2201 2474 2362 2527 ἔλαϐε
2416 2472 2490 2546 μὴ
2536 2474 2641 2528 ὑπὸ
2699 2474 2903 2544 σαρκὸς
2932 2472 3208 2544 ἡττηθεὶς,
3246 2470 3391 2524 οὕτω
3413 2470 3626 2525 καὶτὸν
3658 2470 3793 2524 νοῦν

2200 2563 2437 2636 εἰληφὼς
2463 2565 2561 2634 οὐχ
2589 2563 2697 2617 ὑπὸ
2719 2563 2839 2629 νοὸς
2867 2564 3121 2635 ἥττηται.
3150 2561 3471 2616 Τοῦναντίον
3489 2562 3668 2615 τοίνυν
3692 2561 3792 2615 καὶ

2204 2655 2387 2728 μεῖζον
2409 2658 2457 2710 oi
2474 2655 2703 2710 τοιοῦτοι
2733 2655 2988 2727 χαλεπῶς
3011 2656 3094 2720 εἰς
3116 2654 3794 2726 ἐναντιότητασὲμπίπτου-

2203 2768 2306 2805 σιν.
2343 2752 2491 2804 ’Λνω
2533 2750 2644 2821 γὰρ
2687 2750 2780 2804 καὶ
2800 2748 2952 2803 κάτω
2982 2752 3037 2804 αἱ
3068 2749 3211 2804 θεῖαι
3234 2750 3451 2824 Γραφαὶ
3484 2748 3791 2821 διαρρήδην

2204 2840 2428 2912 βοῶσαι,
2478 2841 2539 2894 οὐ
2590 2840 2734 2895 κατὰ
2759 2840 2854 2894 τοῦ
2886 2840 2979 2894 νοῦ
3009 2840 3077 2894 τὰ
3102 2841 3318 2912 χαλεπὰ
3353 2838 3790 2909 διαγορεύουσιν,

2201 2930 2337 2984 ἀλλὰ
2399 2930 2540 2984 κατὰ
2582 2930 2683 2998 τῆς
2739 2932 2971 3003 σαρκός·
3021 2931 3143 3000 Τῆς
3167 2932 3276 3003 γὰρ
3314 2931 3558 3000 σαρκὸς,
3597 2928 3791 3000 φησὶν,

2201 3024 2257 3075 ol
2307 3022 2541 3089 καρποὶ,
2590 3024 2861 3091 πορνεία,
2914 3024 3175 3093 μοιχεία,
3216 3023 3523 3092 ἀσέλγεια,
3579 3022 3677 3075 καὶ
3713 3020 3793 3075 τὰ

2199 3113 2425 3168 τούτων
2473 3112 2674 3183 ὅμοια·
2732 3114 2860 3179 καὶ,
2906 3117 2969 3168 οι
3023 3114 3094 3167 ἐν
3131 3112 3312 3182 σαρκὶ
3341 3112 3409 3167 δὲ
3461 3113 3631 3179 ἅντες
3664 3110 3791 3176 Θεῷ

517 3195 611 3250 illa
654 3211 719 3250 ac
762 3198 993 3253 molesta
1043 3200 1446 3269 pronuntiant:
1481 3199 1677 3256 Carnis
1707 3200 1877 3263 enim,
1920 3198 2101 3268 inquit

2206 3205 2415 3274 ἀρέσαι
2448 3207 2519 3258 οὐ
2554 3204 2839 3259 δύνανται
2858 3220 2873 3236 ο
2900 3205 3017 3269 καὶ,
3053 3204 3115 3260 Ἡ
3146 3204 3304 3273 σὰρξ
3333 3203 3607 3273 ἐπιθυμεῖ
3636 3204 3790 3257 κατὰ

520 3288 841 3355 Apostolus,
874 3290 1079 3358 fructus
1121 3301 1263 3356 sunt,
1307 3292 1614 3361 fornicatio,
1656 3291 2001 3358 adulterium,
2032 3291 2100 3345 li-

520 3378 642 3431 bido
662 3390 711 3432 et
746 3380 827 3433 his
852 3382 1051 3436 similia
1075 3385 1117 3447 ¹;
1148 3392 1235 3439 et:
1260 3384 1365 3450 Qui
1396 3385 1450 3438 in
1477 3400 1636 3439 carne
1655 3393 1800 3447 sunt,
1830 3383 1939 3437 Deo
1978 3384 2101 3452 pla-

520 3484 635 3522 cere
690 3472 1031 3541 nequeunt‘;
1077 3474 1253 3528 item:
1290 3473 1431 3529 Caro
1476 3475 1801 3542 concupiscit
1849 3476 2098 3530 adversus

519 3563 766 3629 spiritum
794 3563 837 3618 ⁸,
884 3564 957 3621 De
989 3576 1171 3621 mente
1213 3582 1344 3621 vero
1389 3568 1471 3623 sic
1534 3568 1815 3637 ιοίιιιὶιυτε
1849 3567 2098 3622 Psallam

521 3655 732 3723 spiritu,
781 3657 1013 3724 psallam
1045 3667 1094 3711 et
1123 3668 1291 3713 mente
1311 3661 1367 3727 ';
1412 3661 1539 3714 item
1568 3679 1581 3714 :
1612 3659 1761 3714 Mens
1794 3677 1908 3715 mea
1932 3662 2100 3730 infru-

520 3757 705 3804 ctuosa
744 3749 827 3804 vel
872 3755 1147 3822 fructuosa
1184 3754 1326 3806 est‘.
1352 3752 1569 3819 Quibus
1598 3753 1652 3807 in
1682 3753 1817 3809 locis
1855 3764 2093 3810 mentem

598 3906 660 3960 ¹1
698 3907 825 3961 Cor.
869 3923 931 3974 tt,
978 3907 1066 3963 16.

520 3976 542 4016 ⁷
576 3977 637 4033 F.
671 3977 871 4035 αὐτῶν.

595 4097 708 4169 (3i)
740 4098 959 4166 Ψυχὴν
994 4095 1064 4169 δέ
1098 4095 1191 4150 οὔ.
1230 4093 1526 4169 Error__ille
1559 4093 2098 4169 Apollinaristarum,

523 4170 592 4228 de
606 4162 816 4239 quibus
831 4162 998 4239 agunt
1026 4166 1282 4223 Socrates
1302 4174 1357 4222 et
1387 4162 1764 4239 Solomenus;
1794 4166 1993 4239 illelib
2038 4181 2099 4239 it,

521 4235 650 4311 cap:
677 4239 766 4300 46,
800 4235 904 4294 iste
934 4239 1074 4311 libro
1105 4254 1179 4311 vi,
1230 4252 1367 4311 cap._
1397 4236 1488 4311 25.
1524 4238 1701 4311 Agunt
1735 4243 1805 4311 eL
1832 4235 1922 4311 alii
1960 4253 1973 4289 :
2006 4235 2103 4311 sed

521 4303 632 4381 pne
674 4311 887 4381 caeteris
936 4307 1206 4381 videndus
1263 4303 1604 4381 potissimum
1652 4306 1729 4381 ὃ.Δ
1767 4303 2104 4376 Epiphanius

522 4376 713 4435 hoster
743 4380 797 4431 in
828 4379 1019 4432 haeresi
1059 4377 1148 4438 77,
1192 4392 1422 4429 numero
1454 4376 1617 4438 20,et
1648 4376 1935 4443 deinceps-

595 4449 708 4517 (32)
736 4449 845 4501 Τὸν
878 4446 984 4501 τοῦ
1028 4444 1343 4517 ἀνθρώπου
1369 4444 1521 4517 νοῦν
1545 4445 1695 4517 μετᾲ
1720 4446 1830 4513 τῆς
1846 4441 2103 4511 σαρκὸς,

1177 3910 1197 3941 ²
1224 3907 1397 3965 Galat.
1438 3925 1497 3974 v,
1539 3908 1631 3967 19.

523 4512 629 4610 eral
651 4512 1170 4610 ψ’χὴναεῖέηφξν.
1212 4512 1601 4610 ᾼηίιῐιλθάνεςιο
1644 4514 1811 4610 juxta
1876 4528 2098 4610 scn's'um
2137 4551 2183 4610 D

526 4590 631 4649 looi
658 4584 830 4655 hujus
872 4586 929 4642 S.
959 4584 1320 4658 Epiphanium
1357 4584 2104 4658 Apollinaristispermittere

524 4653 933 4718 distinctionem
962 4653 1131 4718 illam,
1154 4672 1261 4725 qua
1286 4653 1522 4706 animam
1552 4655 1605 4707 in
1638 4653 1855 4709 homine
1880 4667 1908 4705 a
1925 4663 2105 4725 mente

524 4730 902 4791 secernebant.
936 4721 1245 4782 Debebat'ur
1265 4725 1548 4779 distinctio
1579 4724 1671 4777 illa
1698 4734 1935 4779 veterum
1957 4721 2108 4777 Grze-

524 4816 715 4855 corum
761 4798 1135 4870 philosophiae,
1173 4811 1293 4870 qtue
1317 4802 1544 4870 __quar_to
1583 4802 1637 4849 et
1684 4795 1877 4864 quinto
1911 4793 2107 4870 decur-

523 4880 677 4927 rcntc
721 4866 991 4924 Ecclesire’
1024 4868 1224 4923 szeculo
1266 4866 1444 4920 adhuc
1483 4866 1537 4918 in
1569 4881 1670 4919 usu
1720 4876 1870 4929 erat,
1906 4879 2008 4918 nec
2039 4866 2109 4920 ab

523 4958 586 4998 ea
640 4940 831 4996 Patres
891 4938 1260 4992 abhorrebant
1317 4936 1563 4990 omnino.
1605 4936 1721 5003 Qua
1767 4936 1835 4992 de
1878 4951 1938 4991 re
1988 4935 2108 4992 fuse

523 5019 772 5082 agentem
802 5011 1006 5082 videsjs
1036 5008 1306 5063 hominem
1345 5008 1593 5082 surculari
1628 5012 1753 5082 licet
1802 5006 2108 5082 eruditione

522 5077 898 5157 pollentem,‘a
938 5079 1198 5157 Romani}!
1234 5087 1417 5133 tamen
1470 5077 1933 5157 Ecelesiaansacris
1976 5079 2110 5157 alie-

522 5149 965 5218 iium,Jarobum
1022 5150 1356 5204 Bruckerum
1403 5165 1667 5219 nuperum
1706 5149 1961 5204 Πίερον-ἕω
2004 5150 2111 5201 eri-

524 5225 644 5278 tica:
708 5222 1057 5291 philosophia:
1109 5222 1431 5292 scriptorem
1480 5218 1534 5274 in
1593 5229 1739 5277 tomo
1774 5220 1861 5285 ill,
1900 5221 1990 5275 ubi
2041 5218 2111 5292 de

520 5289 767 5347 veterum
812 5289 1250 5362 Christianorum
1295 5292 1637 5362 philosophia
1682 5300 1903 5355 tractat,
1944 5299 2000 5345 et
2033 5289 2103 5344 de

523 5364 617 5419 illa
657 5372 975 5433 sanctorum
1014 5361 1260 5433 Patrum.
1299 5361 1669 5433 Exploratum
1701 5362 1967 5416 habemus
2008 5375 2102 5415 ve-

524 5443 669 5489 teres
704 5430 1099 5556 Pitliagoreos,
1143 5430 1475 5495 Platonicos,
1514 5432 1749 5496 Stoicos,
1784 5443 1878 5486 aut
1913 5433 2099 5502 plures

524 5504 579 5556 iu
614 5518 725 5556 uno
794 5506 974 5556 omine
1007 5505 1257 5556 posuisse
1290 5507 1534 5556 animas:
1578 5511 1670 5556 aut
1709 5505 1872 5556 unius
1906 5503 2099 5556 animae

524 5504 579 5558 iu
614 5518 725 5558 uno
754 5503 974 5573 homine
1007 5505 1257 5573 posuisse
1290 5507 1534 5567 animas;
1578 5511 1670 5558 aut
1709 5505 1872 5557 unius
1906 5503 2101 5556 animae

520 5576 707 5645 plures
733 5572 1033 5630 credidisse
1073 5574 1336 5644 quasdam
1387 5576 1553 5630 veluti
1588 5580 1772 5644 partes
1798 5589 1829 5627 a
1864 5588 1925 5628 se
1961 5573 2100 5645 invio

522 5643 642 5700 rem
684 5644 995 5700 distinctas.
1041 5643 1290 5711 Ipsorum
1331 5662 1459 5701 vero
1502 5643 1853 5713 partitionem
1906 5643 2101 5713 pratci-

523 5729 684 5792 puam
740 5713 911 5771 fuisse
970 5716 1025 5770 in
1076 5731 1196 5792 eam
1249 5715 1685 5792 animamhquam
1732 5714 2001 5792 vivifigam
2048 5720 2104 5766 et

526 5784 739 5847 iatione
795 5793 1070 5841 carentem
1137 5785 1412 5849 dicebant,
1481 5784 1718 5853 ζωτικὴν
1768 5793 1820 5839 et
1873 5784 2102 5850 ἅλογον;

530 5865 693 5935 atque
722 5857 777 5915 in
803 5871 922 5915 cum
953 5871 1115 5933 quam
1149 5856 1395 5928 λογικήν,
1430 5855 1480 5912 id
1508 5863 1592 5912 est
1617 5855 1961 5925 rationalem,
1992 5854 2105 5915 sive

1738 3908 1939 3966 ‘Rom.
1977 3924 2100 3976 vm,
2148 3907 2207 3966 8.

2205 3298 2311 3351 τοῦ
2336 3299 2691 3366 πνεύματος.
2723 3298 2861 3369 Περὶ
2883 3297 2939 3350 δὲ
2974 3296 3069 3350 τοῦ
3093 3296 3187 3351 νοῦ
3231 3314 3395 3369 φησιν
3414 3338 3429 3363 ,
3465 3297 3548 3351 ὃτι
3599 3295 3787 3350 Ψαλῶ

2204 3385 2287 3451 τῷ
2316 3389 2630 3457 πνεύματι,
2661 3386 2841 3455 ψαλῶ
2890 3385 2959 3439 δὲ
2988 3384 3070 3451 τῷ
3103 3387 3234 3441 νοτο
3278 3388 3393 3451 καὶ,
3427 3388 3510 3440 ὅτι
3545 3387 3600 3439 '0
3632 3387 3790 3454 νοῦς

2201 3496 2320 3549 μου
2363 3479 2651 3547 ἄκαρπος,
2682 3478 2739 3550 ἢ,
2775 3476 3075 3547 ἕγκαρπός
3107 3476 3299 3531 ἐστιν.
3322 3478 3345 3498 "
3364 3476 3530 3531 Εθετο
3556 3478 3668 3548 γὰρ
3694 3478 3801 3532 τὸν

2206 3568 2351 3636 νοῦν,
2367 3570 2535 3642 ὅνπερ
2551 3567 2739 3622 εἴωθεν
2759 3570 2792 3640 ὴ
2811 3568 3003 3640 Γραφὴ
3023 3568 3207 3623 καλεῖν
3226 3568 3498 3636 καρδίαν,
3513 3568 3788 3638 ἡγεμόνα,

2202 3661 2276 3727 ὡς
2304 3664 2498 3724 εἰπεῖν,
2529 3662 2623 3715 καὶ
2649 3660 2862 3731 ἡνίοχον
2892 3658 2986 3712 τοῦ
3008 3658 3210 3722 παντὸς
3228 3659 3475 3722 σκεύους,
3500 3658 3805 3731 διακριτὴν.

2200 3752 2420 3823 ἀγαθῶν
2468 3769 2528 3805 τε
2569 3751 2663 3806 καὶ
2701 3750 2939 3821 φαύλων,
2984 3750 3318 3822 ὼκιμαστὴν
3349 3750 3459 3803 τῶν
3487 3752 3545 3805 ὲν
3569 3752 3704 3821 ἡμῖν
3723 3745 3791 3803 εὖ

2315 3907 2538 3965 δϐειιιιι.
2572 3923 2629 3976 v,
2662 3904 2749 3963 ιτ.
2857 3904 2923 3962 ιι
2956 3904 3088 3963 Cor.
3139 3890 3245 3974 ιι,
3294 3908 3380 3963 is.
3463 3906 3647 3963 “ibid.
3695 3905 3792 3963 tt.

2207 4100 2445 4149 mentem
2496 4093 2867 4165 appellabant.
2920 4093 3196 4152 Doctrina:
3238 4094 3405 4165 hujus
3457 4094 3803 4165 documenta

2208 4165 2345 4222 satis
2375 4164 2752 4235 apertanobis
2813 4178 3115 4221 occurrunt
3155 4167 3210 4220 in
3243 4164 3444 4230 Tullio,
3495 4164 3794 4219 Plutarcho

2211 4243 2265 4308 et
2306 4232 2450 4308 aliis.
2496 4232 2674 4308 Porro
2723 4249 2788 4289 co
2837 4235 3258 4308 philosophandi
3305 4249 3501 4308 genere
3545 4235 3805 4291 imbutus.

2208 4304 2541 4374 Apollinaris
2582 4312 2813 4375 uterque
2839 4304 3069 4372 'fuerat,
3120 4316 3275 4375 pater
3312 4304 3371 4361 et
3410 4307 3587 4369 filius;
3628 4313 3803 4359 erant

2208 4375 2357 4428 enim
2395 4389 2497 4429 sua
2533 4383 2691 4431 aetate
2721 4375 3064 4445 doctissimi;
3118 4375 3432 4432 Christiana
3474 4377 3637 4430 etiam
3673 4376 3794 4445 pie-

2210 4450 2323 4498 tate
2361 4446 2665 4516 prmstitere
2688 4447 2980 4516 aliquando
3008 4465 3022 4502 :
3052 4457 3250 4502 etcum
3290 4446 3355 4501 ad
3403 4446 3652 4501 haeresim
3689 4461 3796 4516 no—

2211 4528 2333 4566 vam
2351 4515 2689 4586 condendam
2723 4515 2790 4571 se
2814 4517 3169 4572 contulerunt
3199 4516 3343 4586 quod
3359 4517 3413 4570 in
3433 4515 3792 4585 philoSOpho—

2208 4598 2331 4658 rum
2363 4585 2566 4641 scholis
2583 4587 2877 4643 hauserant
2895 4588 2961 4643 ad
2990 4588 3318 4658 theologiam
3344 4587 3792 4658 Christianorum

2209 4654 2581 4726 traducentes,
2625 4665 2883 4720 mentem,
2940 4658 3042 4712 hoc
3075 4666 3159 4713 est
3182 4654 3317 4710 'eam
3349 4657 3611 4722 animam,
3670 4671 3795 4726 amre

2208 4722 2400 4797 λογική
2427 4728 2745 4790 vocabatur,
2771 4727 2992 4783 Christo
3025 4727 3253 4782 Domino
3282 4727 3646 4797 abstulerunt,
3683 4722 3791 4779 ra-ti

2210 4796 2412 4851 munus
2447 4797 2595 4852 illius
2643 4812 2671 4850 a
2712 4797 2893 4868 Verbo
2939 4798 3423 4868 cssegsupplctum.
3476 4796 3554 4849 Ita
3601 4796 3794 4868 miseri

2211 4880 2357 4939 caeco
2384 4881 2581 4939 errore
2608 4868 2821 4939 abrepti
2852 4866 2990 4922 Filio
3029 4866 3123 4924 Dei
3150 4866 3256 4922 non
3288 4868 3561 4921 hominem
3593 4866 3792 4939 jtrngef

2210 4935 2363 5001 bant,
2414 4938 2510 4992 scd
2573 4935 2809 4993 hominis
2859 4940 3048 4998 avulsa
3094 4947 3276 4993 mente
3311 4945 3588 4995 triuicum.
3633 4936 3791 5001 Quod

2210 5021 2309 5083 ceu
2375 5007 2601 5083 impium
2652 5008 3403 5083 refellitu‘l-Zpiphanjus_tum
3446 5007 3556 5083 hic,
3590 5009 3789 5083 t_um__iu

2217 5077 2412 5133 haeresi
2451 5076 2538 5143 77,
2570 5080 2816 5135 numeris
2847 5080 2917 5133 9.5
2946 5076 3110 5133 (1’26.
3145 5077 3279 5132 lllud
3316 5092 3444 5131 vero
3473 5076 3540 5131 de
3581 5076 3787 5146 duplici

2214 5148 2469 5219 hominis
2505 5151 2710 5212 anima,
2768 5150 2914 5219 quod
2955 5165 3102 5205 mera
3144 5155 3292 5205 esset
3337 5148 3790 5219 philosophorum

2211 5218 2401 5289 Opinio
2441 5217 2515 5291 _in
2568 5217 3081 5291 scholis—ipsorum
3132 5217 3447 5290 disputata;
3486 5233 3584 5291 nec
3607 5218 3790 5286 aliqua

2211 5287 2360 5359 esset
2391 5288 2571 5343 adhuc
2612 5287 2872 5345 Ecclesiae
2920 5287 3241 5345 definitione
3290 5288 3632 5359 proscripta;
3683 5301 3790 5339 non

2213 5373 2244 5411 a
2267 5358 2487 5412 Patrum
2520 5359 2881 5415 universitate
2908 5362 3109 5429 reiecta
3133 5378 3147 5425 ;
3196 5376 3265 5415 ne
3292 5358 3791 5429 adversariismo-

2213 5430 2385 5484 lestus
2400 5431 2537 5483 citra
2567 5432 2949 5486 necessitatem
2966 5426 3245 5493 evaderet,
3262 5431 3522 5483 intactum
3546 5426 3797 5481 modeste

2212 5500 2454 5569 reliquit.
2475 5569 2488 5571 _
2517 5500 2588 5553 At
2633 5502 2825 5571 quinto
2859 5503 3073 5555 labente
3116 5501 3374 5555 Ecclesiae
3408 5499 3616 5571 saeculo
3644 5496 3796 5551 Cen-

2214 5568 2411 5625 nadius
2440 5568 2797 5627 Massiliensis
2828 5572 3037 5627 inlibro
3070 5571 3147 5627 De
3170 5568 3543 5625 ecclesiasticis
3582 5568 3798 5635 dogma-

2216 5641 2377 5703 tibus,
2410 5642 2551 5696 inter
2602 5642 2856 5712 dogmata
2908 5640 3044 5712 illud
3090 5648 3338 5696 recenset
3382 5654 3504 5708 cap.
3550 5638 3641 5712 15,
3675 5654 3797 5712 non

2214 5728 2327 5767 esse
2359 5712 2494 5765 duas
2558 5708 2767 5767 animus
2799 5714 2853 5766 in
2880 5729 2985 5766 uno
3026 5711 3253 5777 homine,
3285 5726 3443 5764 unam
3479 5708 3797 5770 animalem,

2214 5799 2319 5853 qua
2348 5784 2611 5837 unintetur
2634 5798 2843 5852 corpus,
2874 5794 2923 5837 et
2950 5783 3185 5837 immista
3225 5783 3291 5835 sit
3314 5780 3608 5853 sanguine;
3642 5790 3691 5833 et
3716 5778 3803 5833 al-

2216 5852 2382 5911 teram
2409 5854 2722 5925 spiritalem,
2747 5869 2863 5926 qum
2897 5855 3154 5911 rationem
3192 5852 3475 5908 ministret.
