4018 6210
248 291 352 352 161
1667 296 2112 357 ANCORATUS.
3418 304 3527 368 182

249 401 576 476 γινομένων.
622 405 785 474 Νοῦς
824 407 926 479 μὲν
965 406 1076 479 γὰρ
1103 406 1347 493 ῥήματα
1392 409 1700 481 διακρίνει,
1731 413 1828 469 λά-

1941 412 2090 467 illam
2133 413 2604 481 commemoravit,
2648 430 2814 486 quam
2865 416 3152 493 Scriptura
3202 424 3380 480 cordis
3425 443 3525 481 no-

243 494 403 566 per
461 495 530 549 δὲ
572 497 715 553 σῖτα
752 501 1006 569 γεύεται.
1052 503 1398 571 Διακριτικὺς
1434 503 1490 558 δὲ
1527 504 1556 556 ὁ
1609 506 1731 571 νοῦς
1776 509 1828 562 ὲν

1944 506 2095 561 mine
2123 507 2434 577 signilicare
2458 511 2597 564 solet
2625 532 2652 565 :.
2673 526 2793 582 quae
2821 513 2986 572 totius
3017 517 3255 575 hominis
3281 518 3392 575 dus
3415 526 3522 584 est,

245 590 324 658 τῷ
365 587 660 662 ἀνθρώπῳ,
683 589 836 646 οὔπω
887 592 944 647 δὲ
997 595 1589 669 συγκαταθετικὸς,ὲάν
1633 599 1707 672 μὴ
1756 602 1828 666 είς

1943 607 2006 654 ιιι
2035 599 2110 653 ita
2131 599 2335 666 dicam,
2367 611 2423 657 et
2454 603 2684 674 auriga;
2711 621 2838 675 quae
2869 607 3012 662 bona
3045 624 3110 665 ac
3145 611 3289 666 mala
3319 613 3526 668 discer-

1667 296 1998 392 ANCQRAT
2007 297 2044 354 U
2055 297 2112 353 S.

247 680 458 752 τροπὴν
482 682 676 737 ἑαυτὸν
705 682 840 755 δῴη.

1934 697 2045 764 nit,
2095 704 2150 754 et
2203 713 2394 753 eorum
2446 714 2567 769 qua:
2619 699 2676 754 in
2728 703 2890 757 nobis
2939 704 3202 773 praeclare
3256 712 3524 774 geruntur

246 777 530 848 probatrix
561 787 665 835 est.
716 778 871 836 Mens
930 797 1076 837 emm
1123 783 1281 838 verba
1323 784 1628 856 dijudicat;
1685 797 1867 859 guttur
1895 809 2014 848 vero
2063 795 2206 849 cibos
2261 793 2503 864 degustat
2529 796 2570 848 ί.
2644 794 2819 852 Porro
2867 813 3025 854 mens
3085 799 3140 853 in
3174 797 3397 853 homine
3443 797 3524 851 di-

247 874 439 929 scendi
489 875 595 929 vim
663 875 859 946 habet;
903 879 1149 934 nondum
1203 887 1384 938 tamen
1432 897 1554 940 sese
1601 884 1672 940 ad
1722 889 2137 946 assentiendum
2185 889 2418 956 inclinat
2447 929 2463 957 ,
2525 889 2637 946 nisi
2692 893 3057 956 seinetipsam
3105 899 3407 949 commutet
3457 904 3523 944 ac

245 976 558 1025 convertat.

322 1071 440 1128 OZ'.
482 1077 549 1132 Τί
582 1073 678 1135 ὧν
717 1079 864 1148 εδοξε
903 1100 1015 1139 τισι
1057 1087 1248 1144 τοῦτον
1285 1091 1394 1146 ἀπὸ
1437 1093 1537 1164 τῆς
1573 1093 1845 1166 ινανθρω-

2015 1093 2280 1150 LXXVII.
2321 1095 2458 1162 Quae
2493 1109 2619 1152 eum
2665 1095 2741 1151 ita
2786 1095 2919 1164 sint,
2961 1097 3094 1168 quid
3129 1099 3344 1156 tandem
3377 1116 3520 1155 non-

247 1170 473 1260 πήσεως
495 1170 596 1225 τοῦ
629 1173 840 1244 Κυρίου
883 1179 1320 1250 παραϐάλλειν;
1347 1185 1413 1238 Τί
1453 1185 1511 1238 δὲ
1549 1186 1828 1260 ὠφέλησαι

1945 1188 2116 1242 nullis
2153 1187 2208 1240 in
2240 1187 2484 1241 animum
2515 1187 2732 1252 incidit,
2765 1195 2826 1242 ut
2859 1187 2931 1242 ab
2961 1199 3243 1259 assumpta
3281 1191 3522 1249 hominis

245 1259 342 1315 τὸν
373 1259 508 1332 βίον,
538 1264 619 1328 εἰς
647 1266 1060 1326 ἀκαταστασίαν
1114 1273 1315 1344 μᾶλλον
1350 1275 1684 1349 τρέψαντεςς
1720 1278 1752 1349 ἦ
1787 1295 1828 1331 τι

1939 1292 1972 1333 a
2001 1277 2224 1334 Christo
2263 1289 2463 1333 natura
2506 1286 2745 1335 mentem
2773 1280 3178 1336 excluderent?
3212 1281 3332 1348 Qua
3367 1283 3423 1338 in
3462 1299 3524 1338 re

247 1352 410 1407 τοῦτο
428 1353 662 1425 ἔϐλαψεν
679 1358 826 1429 ἡμᾶς
851 1360 885 1429 ἢ
911 1360 1192 1436 ὠφέλησεν
1215 1381 1229 1442 ;
1255 1367 1322 1421 ἵν’
1342 1366 1514 1432 οὕτως
1533 1369 1672 1423 simu
1693 1371 1831 1440 (55),

249 1444 562 1517 βοηθήσωσι
592 1448 670 1520 τῷ
693 1451 948 1522 Χριστῷ;
988 1453 1021 1525 ἢ
1077 1455 1166 1510 ἵνα
1201 1459 1362 1530 χάριν
1393 1459 1540 1532 αὑτῷ
1567 1461 1834 1533 ποιήσωσι

249 1539 496 1611 μεγάλην
516 1538 742 1610 ταύτην,
781 1544 875 1598 καὶ
903 1545 1129 1600 εἴπωσιν
1148 1548 1320 1620 αὑτῷ,
1340 1549 1456 1605 Οὑκ
1478 1549 1640 1606 ἔλασε
1669 1550 1795 1608 νοῦν
1813 1571 1830 1621 ;

244 1630 515 1687 Γαλάται
561 1634 661 1705 μὲν
698 1633 809 1706 γὰρ
845 1635 1109 1707 ἀνόητοι,
1150 1641 1250 1693 καὶ
1283 1638 1516 1709 Κρῆτες
1561 1641 1650 1697 dei
1683 1642 1834 1712 ψεῦ-

1942 1379 2038 1425 aut
2067 1383 2232 1440 quam
2257 1371 2476 1426 demum
2507 1372 2784 1427 communi
2817 1373 2940 1428 vitae
2979 1373 3267 1428 utilitatem
3315 1375 3521 1444 impare

1941 1465 2152 1524 tarunt,
2184 1475 2349 1530 quam
2381 1460 2562 1516 turbis
2601 1461 2788 1530 potius
2820 1476 2886 1518 ac
2919 1463 3245 1518 tumultibus
3279 1464 3522 1520 miscuea.

1939 1549 2115 1605 runt?
2153 1549 2322 1616 Quid,
2369 1550 2621 1622 inquam,
2657 1565 2724 1607 ea
2763 1566 2855 1608 res
2885 1551 3200 1608 detrimenti
3235 1553 3417 1617 nobis,
3461 1561 3522 1609 ut

1937 1643 2013 1697 ita
2031 1642 2230 1709 dicam,
2257 1652 2354 1699 aut
2371 1644 2726 1702 emolumenti
2747 1645 2966 1700 attulit?
2981 1661 3054 1700 an
3077 1653 3137 1701 ut
3156 1645 3378 1703 Christo
3402 1648 3522 1718 Opia.

244 1738 410 1788 σται,
450 1725 546 1779 καὶ
582 1726 831 1797 Ἐςοραΐμ
871 1729 1197 1799 περιστερὰ
1227 1730 1416 1798 ἄνους
1435 1748 1450 1762 “
1487 1734 1516 1786 ὁ
1540 1733 1599 1787 δὲ
1625 1733 1828 1808 Κύριος

1938 1731 2264 1798 tnlarentur,
2313 1733 2422 1789 ista
2472 1732 2777 1789 dixerunt?
2828 1748 2900 1790 an
2953 1743 3014 1791 ut
3061 1750 3320 1808 magnam
3354 1738 3520 1793 abeo

244 1816 407 1888 ἡμῶν
450 1818 878 1890 suam“;
908 1822 990 1884 εις
1032 1822 1125 1878 τὸν
1163 1822 1278 1894 βίον
1301 1822 1372 1878 τὰ
1408 1824 1587 1879 πάντα
1613 1827 1835 1892 τελείως

245 1907 526 1980 ἀνείληφε,
559 1909 762 1980 μᾶλλον
789 1911 849 1965 δὲ
899 1911 1061 1967 ἔλασε
1093 1914 1262 1978 αὐτὸς
1287 1915 1382 1969 τοῦ
1417 1914 1619 1972 ἑαυτοῦ
1648 1917 1835 1990 σώμαι

242 2017 338 2064 τος
357 2000 597 2070 γεγονὼς
617 2003 886 2075 πλάστης,
903 2005 1070 2068 αὑτὸς
1085 2005 1264 2078 ἐαυτῷ
1291 2007 1473 2062 λαϐὼν
1504 2009 1605 2080 τὴν
1632 2009 1833 2082 ψυχὴν,

243 2090 367 2161 ἦτοι
419 2091 612 2157 ἐνθείς.
666 2093 822 2159 Τινὲς
849 2095 906 2148 δὲ
944 2094 1259 2168 βουλόμενοι
1287 2097 1484 2170 ἐλλιπῆ
1529 2103 1704 2154 ποιεῖν
1735 2101 1835 2172 τὴν

243 2184 511 2258 ενσαριιον
562 2186 802 2259 Χριστοῦ
845 2189 1151 2261 παρουσίαν
1191 2191 1287 2244 καὶ
1333 2191 1548 2245 τελείαν
1585 2194 1644 2246 ὲν
1684 2192 1832 2265 αὑτῷ

243 2276 577 2348 οἰκονομίαν,
631 2278 732 2332 οὑκ
779 2272 900 2333 οἶδα
955 2279 1009 2333 τί
1057 2281 1451 2353 διανοούμενοι,
1507 2283 1608 2336 οὐκ
1655 2283 1833 2355 ὀρθῶς

242 2361 422 2432 εἶπον,
440 2365 566 2422 νοῦν
580 2367 671 2421 τὸν
692 2369 932 2440 Χριστὸν
951 2371 1025 2443 μὴ
1041 2371 1342 2443 εἰληφέναι.
1372 2371 1699 2428 ’Υπόστασιν
1716 2374 1830 2446 (54)

241 2457 302 2511 δὲ
331 2449 480 2512 οὗτοι
503 2458 594 2512 τὸν
624 2460 750 2513 νοῦν
772 2461 1087 2532 νομίζουσιν
1107 2458 1272 2528 εἶναι,
1296 2465 1390 2518 καὶ
1407 2464 1568 2534 φύσει
1593 2465 1830 2536 τολμῶσι

241 2547 425 2616 λέγειν
473 2548 536 2602 τὸ
575 2549 765 2615 είωθδς
793 2553 852 2606 ἐν
888 2555 955 2623 τῇ
991 2553 1183 2625 Γραφῇ
1222 2553 1500 2622 λέγεσθαι,
1542 2555 1602 2609 ὲν
1631 2554 1710 2626 τῷ
1737 2557 1832 2610 ἁν-

244 2638 452 2712 θρὼπῳ
501 2642 739 2714 πνεῦμα,
782 2642 858 2707 ὡς
890 2643 1038 2713 λέγει
1075 2647 1105 2699 ὁ
1154 2645 1476 2710 Ἀπόστολος
1500 2665 1515 2679 ο
1541 2648 1676 2703 Ἵνα
1698 2649 1834 2704 ὀλό-

244 2736 478 2802 κληρον
494 2733 663 2804 ἡμῶν
688 2735 756 2790 τὸ
775 2737 1013 2806 πνεῦμα
1039 2737 1137 2792 καί
1166 2739 1205 2807 ἠ
1221 2737 1397 2807 ψυχὴ
1429 2739 1620 2794 καὶτὸ
1659 2739 1833 2810 σῶμα

242 2824 315 2879 ἐν
356 2823 435 2894 τῇ
479 2825 670 2895 ἡμέρᾳ
723 2827 832 2882 τοῦ
863 2829 1088 2896 Κυρίου
1123 2827 1296 2899 ήμῶν
1339 2829 1543 2898 Ἰησοῦ
1574 2832 1831 2900 Χριστοῦ

242 2917 544 2986 τηρηθείη.
593 2917 925 2987 Σφάλλονται
987 2914 1102 2976 οὖν.
1147 2921 1210 2975 Ei
1269 2921 1380 2992 γάρ
1431 2923 1549 2976 ἔστι
1592 2923 1719 2988 νοῦς
1771 2923 1833 2978 τὸ

241 3007 484 3078 πνεῦμα,
503 3008 601 3062 καὶ
627 3008 690 3062 τὸ
716 3009 933 3081 πνεῦμα
949 3010 1094 3076 νοῦς,
1120 3012 1198 3076 ὡς
1221 3013 1316 3067 καὶ
1340 3012 1494 3067 αὑτοὶ
1522 3013 1828 3085 νομίξουσι,

1937 1823 2042 1879 hac
2095 1824 2310 1880 ratione
2362 1825 2596 1896 gratiam
2654 1827 2796 1883 inire
2843 1835 3092 1899 possent,
3122 1843 3248 1883 cum
3277 1839 3518 1885 mentem

1936 1916 1986 1971 ei
2018 1916 2410 1974 detraherent?
2432 1915 2642 1974 Galate
2670 1918 2893 1989 quidem
2921 1920 3222 1988 insipientes
3240 1922 3281 1987 ³,
3310 1929 3365 1975 et
3391 1920 3521 1978 Crs~

1940 2014 2013 2061 tes
2048 2023 2253 2078 semper
2280 2007 2559 2063 mendaces
2581 2008 2623 2072 ³,
2655 2016 2710 2063 et
2737 2007 2994 2078 Epitraim
3012 2009 3256 2064 columba
3285 2009 3519 2066 stolida‘

1936 2096 1993 2152 in
2045 2096 2330 2168 Scriptura
2386 2099 2774 2169 appellantur;
2829 2091 3097 2157 Dominus
3154 2117 3282 2158 vero
3326 2113 3520 2159 noster

1935 2196 2194 2244 naturam
2240 2190 2482 2246 hominis
2534 2193 2590 2246 in
2642 2193 2746 2247 hoc
2778 2194 2986 2248 mundo
3023 2195 3353 2264 suscipiens,
3393 2211 3521 2266 per-

1937 2284 2077 2338 recte
2107 2285 2409 2355 assumpsit
2453 2287 2659 2353 omnia,
2698 2286 2804 2353 vel,
2847 2296 2909 2342 ut
2957 2288 3139 2344 verius
3165 2289 3369 2355 dicam,
3410 2289 3516 2345 sibi

1938 2373 2252 2444 conjunxit,
2277 2381 2463 2444 utpote
2477 2376 2570 2446 qui
2587 2391 2748 2432 suum
2770 2377 2873 2432 sibi
2893 2392 3096 2448 corpus
3118 2377 3347 2444 eilinxit,
3383 2379 3520 2434 sibi-

1938 2481 2050 2536 que
2080 2466 2318 2522 animam
2345 2467 2464 2538 ipse
2492 2467 2752 2538 sumpsit,
2785 2469 2869 2524 vel
2902 2470 3086 2540 potius
3117 2469 3333 2526 indidit.
3384 2468 3520 2538 Qui-

1936 2557 2062 2613 dam
2093 2573 2225 2615 vero
2278 2558 2487 2614 Christi
2519 2559 2738 2616 Domini
2777 2561 3213 2620 incarnationem
3245 2571 3520 2622 etsusee-

1937 2656 2087 2722 ptam
2118 2651 2188 2705 ab
2217 2665 2283 2705 eo
2309 2659 2566 2706 naturam
2607 2652 2848 2708 hominis
2890 2667 3142 2708 mancam
3189 2654 3401 2710 edicere
3428 2671 3520 2710 cu-

1937 2743 2173 2813 pientes,
2193 2744 2382 2799 nescio
2399 2743 2531 2814 quid
2551 2744 2608 2799 in
2625 2745 2868 2800 animum
2885 2745 3240 2813 induxerunt,
3258 2753 3317 2801 ut
3334 2762 3520 2817 perpe-

1936 2847 2054 2886 ram
2084 2830 2366 2888 Christum
2394 2849 2508 2888 non
2527 2835 2900 2905 assumpsisse
2922 2845 3158 2892 mentem
3181 2842 3515 2892 assererent.

1936 2920 2039 2988 Qui
2073 2921 2292 2992 quidem
2323 2933 2560 2977 mentem
2598 2924 2916 2994 hypostasin
2952 2925 3245 2995 quamdam
3279 2940 3345 2979 ac
3391 2941 3518 2997 per-

1936 3027 2132 3068 sonam
2177 3027 2302 3068 esse
2346 3013 2450 3067 sibi
2493 3013 2866 3082 persuadent;
2916 3024 2972 3070 et
3013 3015 3082 3069 ad
3144 3015 3199 3070 id
3251 3016 3512 3086 spiritum

240 3074 400 3172 spuli;
418 3101 474 3155 δὲ
519 3101 652 3173 ἄλλη
706 3074 871 3173 παρὰ.
899 3103 992 3158 τὸν
1031 3074 1157 3158 νοῦν
1178 3074 1285 3160 ﬁxa!
1313 3103 1466 3176 παρὰ
1500 3105 1562 3159 τὸ

1938 3105 2090 3160 illum
2115 3105 2208 3175 qui
2239 3105 2297 3159 in
2331 3102 2634 3174 Seripturis
2657 3107 3079 3161 commemorari
3103 3107 3262 3172 solet,
3298 3122 3517 3163 accom-

242 3191 426 3246 οὐκέτι
479 3191 573 3245 δύο
600 3191 928 3256 ὑποστάσεις
959 3192 1076 3264 ('55)
1109 3195 1166 3247 ὲν
1190 3191 1269 3265 τῷ
1301 3192 1596 3264 ἀνθρώπῳ,
1632 3195 1692 3248 ὲν
1732 3195 1831 3265 μιᾷ

242 3284 610 3354 συναγόμεναι
663 3283 991 3338 ὑποστάσειο
1052 3285 1238 3338 οὐκέτι
1282 3285 1647 3350 ὲνυπόστατος
1693 3285 1832 3357 μόνη

239 3376 387 3448 ψυχὴ
412 3376 509 3431 καὶ
536 3377 899 3432 ὲνυπόστατον
925 3376 987 3430 τὸ
1015 3376 1194 3448 σῶμα,
1231 3376 1346 3432 ἀλλ’
1380 3377 1696 3449 εὑρήκαμεν
1725 3377 1836 3432 λοιο

241 3464 348 3519 πὺν
377 3465 652 3538 τέσσαρας
672 3483 687 3498 ο
715 3465 841 3530 νοῦς
877 3465 977 3538 μία
1014 3466 1332 3534 ὑπόστασις,
1367 3466 1516 3539 ψυχὴ
1551 3467 1690 3538 ἄλλη
1710 3467 1836 3522 ὑπό-

241 3571 456 3619 στασις,
484 3555 705 3628 πνεῦμα
733 3556 871 3628 ἄλλη
900 3555 1223 3622 ὑπόστασις,
1257 3556 1417 3628 σῶμα
1439 3556 1575 3628 ἄλλη
1599 3559 1835 3612 ὑπόστα-

241 3662 351 3710 σις.
389 3647 497 3700 Καὶ
522 3646 618 3703 ἐὰν
657 3647 820 3702 πάλιν
870 3648 1277 3720 ὲρευνήσωμεν,
1309 3648 1404 3702 ἐπὶ
1450 3649 1612 3703 πλέον
1639 3649 1830 3704 ἔσται·

239 3737 434 3810 ἐπειδὴ
481 3739 592 3810 γὰρ
640 3738 812 3794 πολλὰ
869 3739 1111 3811 ὀνόματα
1149 3737 1414 3810 κέκτηται
1459 3741 1489 3794 ὁ
1522 3739 1830 3812 ἄνθρωπος,

238 3829 342 3884 καὶ
396 3833 431 3884 ὁ
464 3829 588 3884 ἔσω
616 3829 927 3900 ἄνθρωπος
970 3831 1066 3885 καὶ
1109 3833 1142 3884 ὁ
1195 3829 1312 3896 ἔξω
1354 3830 1666 3900 ἅνθρωπος
1683 3847 1698 3862 ·
1736 3831 1831 3886 καὶ

237 3919 418 3975 ταῦτα
446 3921 626 3976 πάντα
647 3923 680 3994 ἡ
706 3922 897 3994 Γραφὴ
913 3922 1106 3994 εἴρηκε
1135 3922 1508 3994 νοηματικῶς,
1533 3922 1828 3994 περισφίγ-

237 4028 419 4084 γουσα
455 4013 614 4085 ἡμῶν
653 4013 753 4085 τὴν
789 4014 1053 4079 διάνοιαν,
1087 4015 1175 4068 ἴνα
1208 4013 1375 4086 μηδὲν
1412 4013 1830 4085 καταλείψωμεν

236 4105 343 4177 τῆς
361 4105 658 4178 σωτηρίας,
683 4106 818 4178 μηδὲ
843 4105 1118 4179 πρόφασις
1137 4107 1270 4178 ἡμῖν
1295 4105 1520 4177 γένηται
1537 4104 1632 4159 τοῦ
1664 4104 1830 4177 ὲκσῆ-

236 4215 332 4254 ναι
385 4197 482 4253 τοῦ
527 4200 913 4271 προκειμένου.
969 4198 1128 4252 Ἔστι
1161 4196 1272 4270 γὰρ
1317 4197 1497 4253 ταῦτα
1524 4198 1583 4253 ὲν
1619 4197 1698 4271 τῷ
1727 4198 1828 4253 ἁν-

1940 3196 2165 3257 modare
2214 3209 2326 3250 non
2378 3193 2672 3262 dubitant;
2728 3195 2898 3252 veluti
2941 3211 3066 3251 cum
3103 3196 3238 3251 dicit
3277 3196 3519 3267 Aposto-

1941 3286 2026 3342 lus
2056 3305 2068 3340 :
2102 3284 2170 3340 Ut
2204 3287 2403 3357 integer
2442 3294 2621 3340 noster
2662 3288 2881 3356 spiritus
2933 3296 2983 3341 et
3015 3288 3197 3342 anima
3235 3297 3285 3343 et
3323 3305 3516 3358 corpus

1933 3379 2042 3450 83
2095 3380 2150 3433 in
2183 3378 2270 3432 die
2317 3377 2533 3434 Domini
2581 3379 2749 3434 nostri
2791 3377 2922 3433 Jesu
2964 3377 3165 3436 Christi
3215 3390 3448 3436 seruetur
3469 3380 3516 3438 '.

1937 3468 2144 3524 Verum
2184 3469 2276 3526 isti
2311 3469 2665 3526 vehementer
2689 3470 2950 3541 opinione
2979 3470 3103 3527 falsi
3126 3479 3290 3539 sunt;
3311 3473 3517 3528 etenim

1934 3559 1980 3616 si
2029 3575 2187 3616 mens
2236 3559 2379 3616 idem
2424 3567 2510 3616 est
2553 3576 2618 3616 ac
2661 3562 2914 3632 spiritus,
2946 3570 3006 3617 ut
3044 3569 3099 3618 et
3141 3562 3219 3618 illi
3264 3573 3513 3629 censent,

1933 3650 2117 3704 anima
2146 3664 2276 3705 vero
2321 3659 2518 3720 praeter
2545 3657 2784 3705 mentem
2835 3664 2901 3706 ac
2951 3650 3209 3721 spiritum
3255 3650 3361 3704 alia
3392 3657 3510 3706 est:

1931 3757 2042 3797 non
2079 3742 2192 3813 jam
2229 3755 2478 3812 persona:
2509 3741 2565 3796 in
2597 3741 2822 3797 homine
2862 3741 3005 3806 duae,
3035 3749 3090 3797 et
3116 3742 3172 3796 in
3198 3757 3362 3797 unam
3390 3757 3515 3812 per-

1930 3849 2120 3891 sonam
2159 3833 2408 3890 conllatae
2447 3841 2596 3900 sunt,
2639 3849 2818 3904 neque
2868 3833 2985 3888 sola
3022 3833 3135 3904 jam
3175 3834 3357 3888 anima
3395 3847 3512 3888 coro

1928 3940 2100 3998 pusve
2116 3924 2380 3981 subsistet
2404 3941 2420 3988 ;
2449 3923 2545 3981 sed
2571 3931 2809 3996 quatuor
2831 3923 2934 3977 hac
2963 3922 3176 3979 ratione
3200 3922 3510 3978 subsisten-

1928 4019 2017 4072 tia:
2057 4024 2424 4088 consurgent;
2449 4031 2604 4072 mens
2648 4016 2796 4071 enim
2837 4013 3198 4070 subsistentia
3231 4013 3338 4068 erit
3367 4026 3512 4078 una;

1927 4115 2043 4164 tum
2068 4107 2252 4164 anima
2278 4106 2640 4163 subsistentia
2688 4107 2794 4163 erit
2835 4106 3046 4174 altera;
3109 4105 3273 4160 tertia
3323 4103 3510 4159 subsi-

1929 4198 2130 4253 stentia
2155 4195 2387 4268 spiritus
2415 4195 2558 4263 erit;
2602 4209 2807 4267 corpus
2834 4193 3072 4265 denique
3120 4199 3319 4265 quarta
3372 4191 3511 4249 sub-

327 4377 348 4412 ¹
377 4377 483 4436 Job
521 4393 625 4446 xu,
657 4379 746 4434 ιι.
822 4380 843 4412 '
875 4377 995 4436 Gal.
1028 4381 1110 4447 ni,
1141 4378 1196 4436 l.
1270 4378 1292 4410 ⁸
1323 4375 1432 4436 Tit.
1464 4338 1618 4448 1,.i3.
1693 4376 1717 4411 ⁸
1745 4376 1875 4435 Ose.
1909 4393 2006 4445 vn,
2038 4375 2126 4435 li.
2199 4375 2221 4407 ⁸
2242 4374 2286 4431 ll
2315 4374 2508 4432 Thess.
2539 4389 2624 4442 ιιι,
2647 4374 2740 4430 ‘25.

315 4533 429 4605 (53)
456 4533 636 4590 Locus
672 4535 921 4591 vitiosus.
955 4533 1112 4591 EDIT.

312 4603 426 4677 (54)
459 4606 836 4677 Ὺπόστασιν.
861 4606 1056 4660 Narrat
1082 4605 1417 4677 Epiphanius
1433 4605 1487 4677 in
1509 4603 1704 4660 haeresi
1731 4604 1820 4668 77,

239 4675 331 4741 se,
353 4676 661 4731 Antiochiae
686 4691 808 4732 cum
830 4685 997 4740 esset,
1031 4675 1364 4746 colloquium
1404 4675 1664 4732 habuisse
1693 4689 1820 4729 cum

239 4747 704 4818 épollinaristioa:
728 4755 903 4818 secta:
920 4748 1285 4818 primoribus,
1306 4761 1445 4818 quos
1465 4746 1608 4818 inter
1635 4746 1823 4818 aderat

239 4813 443 4889 Vitalis
466 4817 557 4889 ille
596 4817 884 4889 presbyter
914 4813 1074 4889 quia
1113 4813 1699 4872 Meletio'Antiocbeno
1727 4817 1826 4869 dc-

239 4887 437 4942 liciens
492 4886 561 4941 ad
596 4886 799 4944 eorum
853 4886 1234 4943 bze'reticorum
1274 4894 1586 4943 accesserat
1614 4893 1820 4947 partes,

236 4956 700 5026 quemadmodum
748 4958 909 5026 nobis
964 4957 1304 5014 Sozomenus
1365 4965 1556 5011 narrat
1614 4955 1688 5009 Il.
1751 4955 1815 5010 E.

238 5023 384 5099 libro
408 5043 640 5099 vr,_cap.
683 5027 782 5099 25.7
808 5023 886 5084 Eo
913 5028 1080 5098 igitur
1108 5029 1162 5083 in
1197 5043 1496 5098 congressu
1529 5035 1820 5099 postquam

238 5098 440 5170 multa
480 5095 699 5155 fuerant
740 5098 809 5154 ab
853 5095 1087 5170 utraque
1135 5095 1396 5170 parte—ing
1425 5095 1822 5170 mediumfpro-

239 5168 373 5233 lata,
411 5168 678 5252 homines
721 5169 845 5252 illos
892 5166 1193 5240 interrogat
1249 5167 1607 5252 Epiphanius,
1663 5166 1822 5252 qttid-

239 5253 369 5294 nam
409 5238 488 5292 illi
512 5239 802 5294 crederent
853 5254 979 5296 esse
1005 5236 1128 5294 cani
1180 5236 1439 5308 mentem,
1474 5236 1824 5308 quamChri-

241 5316 332 5364 sto
352 5309 737 5382 denegabant‘i
761 5325 892 5382 num
912 5309 1213 5382 ὑπόστασιν
1235 5305 1516 5382 aliquam"!
1547 5305 1623 5362 Ea
1647 5307 1823 5382 inter-

240 5377 527 5450 rogatione
555 5380 793 5451 perculsi
844 5378 1116 5451 principio
1151 5377 1452 5451 admittunt
1479 5377 1824 5451 hypostasim

239 5447 388 5513 esse,
423 5447 1140 5520 eum'videlicet'spiritum,
1173 5449 1266 5519 qui
1307 5447 1623 5520 hominibus
1656 5449 1711 5502 in
1740 5447 1826 5501 di-

241 5520 386 5574 vinis
427 5520 728 5590 Scripturis
777 5517 1062 5576 tribuitur.
1123 5517 1294 5572 Instat
1328 5517 1692 5590 Epiphanius,
1731 5533 1825 5572 ur-

243 5598 440 5660 getque
473 5588 727 5660 spiritum
752 5593 902 5660 illum
928 5604 1055 5646 esse
1080 5596 1316 5660 afluente
1330 5588 1648 5660 distinctum
1666 5588 1824 5659 juxta

242 5661 378 5730 illud
415 5660 475 5716 Β.
510 5659 688 5716 ίΡιιυΙί
727 5659 1013 5717 :Psallam
1037 5659 1268 5730 spiritu,
1300 5659 1552 5730 psallam
1579 5666 1628 5714 et
1657 5667 1826 5730 mente

244 5728 291 5796 (ι
310 5730 440 5790 Cor.
475 5747 590 5802 xiv,
617 5731 752 5806 15).
777 5732 861 5791 Ad
892 5732 1006 5790 hzec
1035 5728 1264 5790 haesisse
1296 5728 1420 5790 illos
1451 5736 1640 5788 narrat
1678 5728 1825 5788 idem

1859 4539 1900 4594 ι)
1929 4530 2396 4615 Epiphanius-Ia
2443 4531 2749 4615 implicatos
2800 4531 2898 4596 nil,
2932 4527 3103 4615 ‘quod
3156 4523 3511 4615 reponerent,

1926 4600 2228 4660 invenisse.
2289 4603 2415 4658 Haec
2460 4600 2707 4657 narratio
2749 4615 2850 4656 nos
2915 4601 3074 4672 docet
3119 4600 3396 4672 quomodo
3455 4609 3513 4654 et

1926 4689 2034 4744 qua
2051 4674 2346 4730 occasione
2376 4673 2617 4728 dixerint
2643 4671 3050 4744 Apollinaristae
3079 4670 3320 4728 hominis
3350 4685 3511 4725 men-

1926 4740 2036 4815 tem
2096 4757 2220 4800 esse
2285 4740 2818 4815 Iiypostasitn._Quo
2871 4751 3078 4815 autem
3108 4757 3282 4815 sensu
3321 4755 3512 4815 vocem

1925 4813 2075 4868 illam
2109 4809 2516 4883 usurpaverint,
2548 4812 2706 4883 facile
2731 4827 2839 4867 non
2866 4819 2949 4866 est
2978 4809 3522 4882 delinire.'Petavius,

1925 4883 2014 4939 cui
2059 4881 2394 4954 suifragatur
2439 4881 2811 4954 Thomasius.
2835 4883 3230 4954 interpretatur
3272 4885 3343 4954 de
3385 4881 3515 4953 per-4

1925 4968 2080 5024 sona.
2121 4951 2254 5021 Quae
2282 4967 2410 5024 vero
2436 4953 2619 5024 paulo,
2655 4951 2888 5009 inferius
2921 4951 3114 5024 eodem
3155 4953 3260 5008 hoc
3288 4953 3345 5008 in
3376 4951 3514 5024 loco

1927 5023 2268 5094 Epiphanius
2292 5022 2477 5094 habet,
2512 5022 2756 5094 indicare
2793 5023 3049 5094 videntur
3085 5022 3512 5094 Apollinaristas

1928 5090 2281 5158 ὑποστάσεως
2311 5093 2530 5154 nomine
2560 5093 2949 5163 substantiam,
2989 5093 3106 5150 sive
3131 5090 3320 5148 οὐσίαν
3350 5093 3513 5150 intel-

1927 5165 2147 5221 lexisse.

1999 5235 2128 5307 (55)_
2143 5233 2260 5289 Δύο
2289 5232 2683 5307 ὑποστάσεις.
2719 5237 2940 5307 Atlante
2963 5235 3168 5307 cogita,
3191 5227 3510 5307 vide,_quid

1928 5301 2278 5377 ὑποστάσεῳς
2320 5305 2540 5359 nomine
2589 5303 2702 5377 illic
2736 5305 2809 5377 sit
2854 5301 3296 5377 intelligendum.
3333 5301 3508 5377 Sitit.»

1930 5375 2053 5430 σίαν
2077 5375 2554 5445 intelligaerecte
2591 5389 2652 5430 se
2683 5374 2846 5429 habet
2877 5374 3015 5432 duas
3035 5374 3168 5432 esse
3201 5376 3254 5429 in
3285 5374 3508 5445 homine

1931 5461 2041 5500 uno
2072 5442 2320 5518 naturas.
2364 5442 2483 5499 Non
2518 5451 2698 5518 autem
2743 5446 2880 5501 bene
2923 5447 3177 5518 sequitur
3207 5446 3344 5518 duas
3382 5443 3510 5497 illas

1930 5525 2158 5571 naturas
2187 5517 2243 5570 in
2272 5530 2435 5570 unam
2463 5516 2774 5570 coalescere
2828 5513 3105 5572 naturam.
3138 5513 3244 5570 Sed
3275 5527 3508 5583 parcetp

1928 5584 2060 5641 dum
2086 5586 2386 5650 veteribus,
2408 5583 2608 5654 quibus
2639 5594 2898 5639 accurata
2944 5587 3129 5640 deerat
3158 5581 3310 5654 vocis
3355 5581 3509 5654 il_|iu_s

1929 5659 2105 5712 notio.
2136 5656 2214 5712 Ex
2243 5657 2348 5712 hoc
2377 5650 2498 5711 loco
2524 5656 2734 5709 videtur
2772 5655 3069 5708 ὑπόστασιν
3101 5653 3350 5725 posuisse
3377 5650 3506 5725 Epi-

1929 5727 2192 5800 phanium
2223 5742 2323 5800 pro
2348 5727 2646 5786 exsistcntc
2667 5739 2747 5794 re,
2779 5725 2864 5784 vel
2890 5721 3218 5784 substantia.
