4018 6210
507 326 614 389 163
1909 327 1968 383 S.
2012 324 2081 383 EF

2184 327 2351 385 iANll
3670 337 3696 393 i
3710 338 3783 395 64

506 446 779 505 sistentia.
809 446 926 503 lmo
954 445 1001 501 si
1038 444 1353 517 diligentius
1396 443 1766 517 inquiramus,
1818 462 2081 505 numerus

2191 449 2394 524 θρὼπῳ
2418 466 2433 481 ο
2469 449 2531 504 οὐ
2577 449 2683 523 χρὴ
2716 442 2801 504 δὲ“
2826 450 2922 505 καὶ
2977 447 3483 522 πολυπραγμονεῖν.
3508 450 3703 519 Ὅμως
3721 454 3785 508 δι

507 539 613 596 iste
643 538 873 594 ulterius
902 538 1120 593 extendi
1151 537 1347 608 poterit
1375 556 1388 592 :
1422 537 1625 609 quippe
1649 538 1901 608 pluribus
1928 539 2081 595 homo

2197 545 2339 600 κατὰ
2360 545 2453 600 τὸν
2475 542 2699 598 ἐκείνων
2726 542 2906 613 λόγον,
2937 544 2986 597 εί
3011 544 3066 597 δὲ
3088 544 3118 596 ὁ
3143 544 3269 608 νοῦς
3302 547 3421 599 ἐστι
3437 545 3502 599 τὸ
3535 543 3782 619 πνεῦμα,

509 630 970 701 appellationibus
1023 629 1276 701 insigniri
1334 629 1493 696 solet,
1542 638 1603 684 ut
1666 647 1791 685 cum
1859 631 2081 686 interior

2194 636 2289 689 καὶ
2327 635 2388 689 τὸ
2440 632 2659 703 πνεῦμα
2692 633 2722 686 ὁ
2766 632 2914 698 νοῦς,
2965 633 3135 687 ταῦτα
3173 634 3230 687 δὲ
3264 635 3421 700 ἐκτὸς
3463 637 3565 708 τῆς
3603 634 3786 707 ψυχῆς

508 734 673 797 atque
729 729 962 782 exterior
999 727 1154 780 homo
1196 726 1438 781 dicitur:
1472 741 1593 797 quae
1632 728 1813 783 omnia
1850 727 2081 800 spiritali

2192 727 2450 799 ὑπάρχει,
2508 727 2671 781 πάλιν
2729 727 2835 781 τίνι
2873 726 3016 798 λόγῳ
3046 727 3213 797 λέγει,
3252 726 3435 782 Ψαλῶ
3483 728 3563 793 τῷ
3604 730 3787 785 strati-

506 821 742 889 quodam
775 836 941 876 sensu
968 820 1022 875 in
1051 818 1353 891 Scripturis
1380 830 1737 893 usurpentur,
1768 832 1829 876 ut
1868 837 1933 878 ea
1975 837 2066 876 ra-

2185 836 2356 890 ματι,
2403 817 2582 889 ψαλῶ
2635 819 2735 874 καὶ
2780 817 2861 885 τῷ
2895 821 3024 884 νοΐ;
3066 820 3166 874 Διὰ
3195 819 3355 874 τοῦτο
3387 819 3498 893 γὰρ
3528 820 3783 889 ἀπέδειξε

507 910 657 965 tione
689 923 898 967 mentes
939 919 1160 969 nostras
1192 914 1525 985 astringant,
1553 931 1664 986 quo
1703 916 1907 970 nullam
1940 915 2081 970 salu-

2196 914 2270 985 μὴ
2307 912 2369 966 τὸ
2426 910 2645 985 πνεῦμα
2693 907 2834 966 εἶναι
2882 912 2975 967 τὸν
3028 911 3154 966 νοῦν
3179 950 3196 977 ,
3250 911 3385 984 μηδὲ
3414 911 3509 966 τὸν
3556 911 3682 968 νοῦν
3716 911 3784 965 τὸ

505 1003 577 1059 tis
607 1012 811 1059 nostra:
838 1014 1050 1075 partem
1087 1007 1505 1076 praetermittere
1548 1008 1815 1073 velimus;
1851 1023 1950 1063 nec
1975 1008 2087 1063 ulla
2192 1004 2430 1077 πνεῦμα.
3428 1074 3436 1084 Ι

518 1098 680 1154 nobis
705 1098 926 1154 occasio
958 1099 1044 1154 vel
1077 1100 1229 1155 color
1261 1102 1625 1173 relinquatur,
1662 1111 1721 1159 ut
1748 1104 1818 1160 ah
1845 1119 1912 1160 eo
1940 1102 2087 1173 quod
2130 1103 2465 1173 propositum
2508 1109 2615 1169 est,
2660 1100 3006 1158 excidamus.
3043 1099 3219 1173 igitur
3266 1099 3457 1157 insunt
3517 1101 3610 1157 illa
3650 1099 3781 1172 qui-

503 1188 627 1244 dem
654 1191 711 1244 in
735 1190 976 1256 homine,
1003 1192 1098 1247 sed
1127 1193 1403 1250 curiosius
1427 1194 1651 1251 minime
1694 1194 2096 1265 perscrutanda
2135 1204 2282 1250 sunt.
2315 1193 2703 1250 Verumtamen
2727 1201 2784 1249 et
2822 1193 3042 1249 illorum
3097 1209 3164 1250 ex
3196 1195 3486 1259 sententia,
3529 1193 3575 1248 si
3621 1207 3781 1249 mens

504 1285 733 1355 spiritus
758 1295 863 1351 est,
898 1286 1253 1359 vicissimque
1285 1291 1514 1361 spiritus
1547 1307 1723 1359 mens,
1759 1302 1922 1363 atque
1954 1292 2071 1347 haec
2107 1298 2259 1347 extra
2299 1292 2541 1345 animam
2570 1297 2700 1345 sunt
2726 1316 2740 1344 ι
2773 1303 2876 1345 cur
2932 1291 3006 1345 ita
3065 1290 3287 1346 tandem
3347 1289 3640 1359 Apostolus
3692 1289 3773 1343 lo-

512 1380 745 1450 quitur:
782 1378 1030 1435 Psallam
1068 1384 1284 1451 spiritu,
1323 1384 1554 1457 psallam
1582 1394 1632 1440 et
1671 1386 1927 1442 mente‘?
1966 1386 2177 1454 Quibus
2215 1386 2397 1443 verbis
2435 1383 2751 1456 signiﬁcare
2803 1384 2957 1441 visus
3005 1390 3092 1440 est
3134 1398 3314 1455 neque
3358 1383 3610 1454 spiritum
3651 1396 3781 1436 esse
3812 1384 3821 1407 ¹

509 1477 774 1535 mentem,
803 1485 985 1541 neque
1011 1482 1249 1530 mentem
1272 1490 1396 1531 esse
1417 1476 1693 1546 spiritum.

574 1561 857 1618 LXXVIII.
875 1562 1403 1643 Praterea,Anima,
1439 1567 1640 1639 inquit,
1674 1584 1797 1641 quae
1824 1583 2081 1640 peccave«

2263 1562 2391 1620 OH’.
2422 1558 2560 1619 Εἶτα
2580 1560 2941 1631 πάλιν,Ψυχὴ
2976 1562 3009 1631 ὴ
3034 1558 3603 1633 ἀμαρτάνουσα,αὖτη
3636 1562 3779 1617 ἁπο-

502 1655 599 1721 rit,
630 1656 750 1727 ipsa
768 1657 1033 1713 morietur
1053 1660 1095 1711 ³.
1112 1648 1254 1721 Non,
1276 1661 1493 1730 opinor,
1521 1661 1589 1718 de
1607 1662 1788 1717 anima
1808 1677 1838 1715 a
1855 1676 2081 1733 corpore

2195 1656 2456 1721 θανεῖται,
2484 1654 2586 1710 οὐκ
2628 1653 2785 1718 ἐκτὸς
2823 1651 2916 1706 τοῦ
2944 1651 3559 1724 σώματος,ἁπεφήνατο.
3579 1651 3779 1710 Ἦσαν

503 1748 750 1819 sejuncta
779 1749 993 1806 locutus
1024 1759 1130 1807 est.
1158 1749 1348 1818 Erant,
1387 1752 1484 1815 ait,
1510 1752 1567 1807 in
1602 1754 1721 1808 naui
1751 1755 2081 1824 septuaginta

2194 1750 2324 1821 γὰρ,
2360 1748 2546 1819 φησὶν,
2575 1747 2648 1802 ἐν
2671 1746 2754 1814 τῷ
2775 1746 2967 1813 πλοίῳ
2992 1746 3075 1813 ὡς
3099 1746 3512 1817 ἐϐδομήκοντα
3540 1752 3741 1821 ψυχαί
3755 1766 3775 1782 ·

502 1841 711 1896 circiter
763 1842 1020 1899 animte'.
1077 1842 1187 1900 Nec
1246 1845 1434 1914 utique
1513 1846 1766 1916 corporis
1833 1854 2081 1916 expertes

2191 1843 2286 1897 καὶ
2312 1839 2374 1894 οὐ
2400 1840 2620 1904 πάντως
2648 1839 2819 1911 ψυχαὶ
2851 1835 2993 1912 ἦσαν
3025 1838 3156 1893 ἄνευ
3195 1839 3473 1910 σώματος,
3502 1841 3642 1896 ἀλλὰ
3670 1841 3780 1897 σῶ-

500 1931 699 1988 animte
745 1932 916 1991 fuisse
952 1935 1229 2001 dicuntur,
1262 1936 1356 1991 sed
1404 1938 1644 1992 animata
1682 1938 1935 1993 videlicet
1961 1954 2088 1993 cor-

502 2041 654 2096 pora.
691 2026 895 2082 Eodem
929 2035 985 2082 et
1026 2028 1161 2083 illud
1192 2030 1452 2101 pertinet,
1505 2030 1654 2102 quod
1699 2031 1981 2086 communi
2030 2038 2086 2087 et

501 2119 706 2173 usitata
761 2118 1019 2189 loquendi
1068 2121 1283 2176 ratione
1331 2121 1611 2178 hominem
1649 2122 1816 2178 unius
1846 2126 2087 2195 appella-

504 2208 659 2265 tione
693 2210 866 2279 partis
894 2211 1177 2268 declarare
1207 2213 1470 2281 solemus,
1497 2221 1556 2268 ut
1596 2222 1727 2284 puta
1771 2230 1896 2271 cum
1943 2215 2086 2271 dici-

502 2313 665 2353 mus:
692 2299 959 2357 Dominus
987 2310 1073 2359 est
1105 2303 1384 2375 octoginta
1437 2319 1773 2375 corporum;
1823 2292 1951 2361 non
1978 2309 2088 2363 uti-

503 2406 613 2461 que
665 2392 973 2448 animarum
1016 2396 1346 2466 expertium.
1386 2396 1659 2463 Quocirca
1705 2397 1931 2454 Verbum
1960 2415 2088 2455 caro

504 2482 707 2552 factum
737 2494 816 2540 est
837 2486 881 2550 ⁵,
922 2502 1032 2542 non
1077 2487 1219 2543 citra
1259 2489 1497 2544 animam
1531 2505 1596 2545 ac
1629 2498 1803 2545 totum
1835 2492 1968 2546 illud
2000 2508 2090 2547 ne-

504 2576 735 2647 gotium.
762 2576 898 2632 Nam
926 2595 1051 2635 cum
1079 2578 1215 2635 dicit
1248 2583 1515 2647 animam,
1553 2582 1674 2639 sine
1706 2597 1937 2653 corpore
1963 2597 2088 2639 esse

504 2683 616 2725 non
654 2672 1009 2741 pronuntiat;
1061 2688 1241 2744 neque
1268 2690 1393 2729 cum
1422 2688 1655 2746 corpora
1694 2676 1951 2745 dicimus,
1993 2691 2089 2731 cae

505 2774 631 2817 rere
663 2761 863 2818 animis
912 2762 1292 2834 intelligimus.
1341 2760 1484 2829 Quid
1531 2762 1697 2835 igitur
1738 2763 1829 2820 isti
1872 2764 2087 2835 cogita-

505 2861 658 2921 runt,
693 2854 788 2924 qui
825 2863 1060 2910 mentem
1096 2854 1168 2909 ab
1200 2862 1459 2925 suscepta
1487 2853 1732 2911 hominis
1761 2863 1959 2910 natura
2000 2869 2089 2910 re-

500 2946 674 3015 jicere
725 2946 1055 3002 voluerunt?
1111 2954 1205 3001 aut
1258 2946 1394 3018 quid
1452 2961 1515 3002 ea
1567 2962 1657 3004 res
1702 2947 1977 3002 commodi
2029 2947 2085 3002 in

505 3034 809 3091 Ecclesiam
857 3035 1130 3091 contulit?
1174 3034 1289 3091 lmo
1324 3051 1455 3093 vero
1497 3035 1630 3108 quid
1662 3050 1772 3091 non
1815 3036 2086 3091 tumultus

2190 1951 2337 2003 ματα
2369 1934 2467 1987 σὺν
2509 1933 2731 2004 ψυχαῖς.
2762 1931 2874 1986 Καὶ
2920 1929 3084 1984 πάλιν
3136 1930 3330 1984 εἴωθεν
3355 1932 3388 2001 ἡ
3417 1932 3780 2003 ἀνθρωπόττςς

2187 2025 2373 2081 καλεῖν
2417 2024 2509 2079 τὸν
2563 2024 2852 2095 ἄνθρωπον
2902 2023 3013 2076 ἀπὸ
3052 2020 3149 2075 τοῦ
3194 2022 3313 2085 ἑνὸς
3349 2023 3646 2095 ὀνόματος’
3691 2027 3779 2079 ἵκει

2188 2116 2467 2190 Δεσπότης
2518 2116 2667 2170 ἐστὶν
2722 2114 3053 2187 ὀγδοήκοντα
3123 2115 3411 2186 σωμάτων,
3450 2117 3512 2169 οὐ
3555 2117 3781 2182 πάντας

2188 2207 2315 2262 ἄνευ
2344 2205 2553 2277 ψυχῶν.
2607 2206 2671 2260 '0
2703 2207 2896 2275 Λόγος
2922 2204 3103 2259 τοίνυν
3145 2206 3305 2274 σὰρξ
3346 2205 3636 2278 γενόμενος
3672 2208 3780 2263 οὐκ

2188 2297 2346 2363 ἐκτὸς
2372 2296 2571 2369 ψυχῆς,
2605 2297 2706 2351 οὐκ
2733 2297 2891 2360 ἐκτὸς
2921 2297 3103 2367 πάσης
3130 2297 3535 2369 πραγματείας.
3566 2298 3642 2353 οὐ
3664 2299 3780 2372 γὰρ

2191 2390 2284 2447 ὅτε
2336 2390 2504 2460 λέγει,
2552 2391 2698 2463 ψυχὴ
2723 2431 2737 2455 ,
2786 2390 2916 2445 ἄνευ
2952 2388 3205 2462 σώματος
3259 2391 3609 2461 ἁπεφήνατω
3652 2391 3782 2445 οὐδὲ

2192 2482 2285 2537 ὅτε
2315 2481 2566 2554 λέγομεν,
2596 2481 2849 2553 σώματα,
2875 2483 3003 2537 ἄνευ
3026 2482 3205 2554 ψυχῆς
3232 2482 3364 2536 ὄντα
3389 2482 3777 2553 διανοούμεθα.

2189 2575 2256 2630 Τί
2278 2570 2371 2631 οὖν
2399 2575 2544 2643 ἔδοξε
2596 2578 2710 2639 τοῖς
2743 2575 3087 2648 βουλομένοις
3128 2576 3307 2647 λέγειν
3354 2576 3479 2647 (είς)
3518 2575 3611 2628 τὸν
3649 2573 3782 2630 νοῦν

2190 2666 2705 2739 παρεκὸεόλῆσθαις
2737 2666 2770 2738 ἢ
2798 2667 2852 2719 τί
2876 2664 3037 2720 τοῦτο
3065 2666 3163 2739 τὴν
3199 2666 3527 2731 Ἐκκλησίαν
3557 2664 3782 2737 ὠφέλη-

2190 2776 2314 2828 σεν;
2364 2759 2399 2830 ἢ
2445 2760 2500 2813 τί
2527 2758 2727 2831 μᾶλλον
2765 2760 2868 2813 οὐκ
2895 2757 3157 2830 ὶτάραξες
3199 2757 3326 2821 Πῶς
3356 2758 3413 2812 δὲ
3443 2759 3544 2811 οὐκ
3583 2757 3781 2831 ἐλλιπῆ

2189 2855 2425 2907 ποιεῖται
2479 2853 2577 2925 τὴν
2612 2851 2770 2923 ἡμῶν
2802 2851 3080 2924 σωτηρίαν
3114 2851 3143 2903 ὁ
3175 2850 3246 2904 τὰ
3276 2849 3502 2904 τοιαῦτα
3530 2848 3783 2904 διανοού-

2193 2960 2393 3015 μενος;
2432 2934 2624 3015 Ἡμεῖς
2674 2942 2784 3014 γὰρ
2814 2943 2875 2996 οὐ
2900 2940 3177 3014 δυνάμεθα
3219 2941 3545 2995 διανοεῖσθαι
3586 2940 3783 3012 ἕτερον

2187 3036 2280 3092 τὸν
2310 3037 2433 3092 νοῦν
2449 3035 2608 3103 εἶναι,
2630 3038 2753 3092 οὐδὲ
2772 3036 3069 3091 ὑπόστασιν
3088 3035 3277 3091 τοῦτον
3294 3034 3572 3106 δυνάμεθα
3599 3033 3783 3104 λέγειν

502 3126 1016 3199 discordiarumque
1057 3129 1363 3185 conscivit?
1398 3127 1590 3184 Nonne
1616 3129 1709 3199 qui
1750 3127 1866 3183 haec
1902 3128 2081 3184 animo

2190 3129 2312 3184 καθ’
2344 3129 2555 3195 ἑαυτὸν,
2609 3128 2747 3183 ἀλλὰ
2802 3129 2865 3182 τὸ
2900 3127 3153 3182 σύνθετον
3198 3127 3314 3199 (56)
3344 3127 3437 3181 καὶ
3466 3126 3528 3180 τὸ
3558 3125 3783 3215 λογιιιὸν

502 3222 766 3286 concipit,
816 3234 1073 3275 mancam
1109 3230 1162 3276 et
1192 3221 1505 3276 inchoatam
1538 3221 1807 3276 duntaxat
1850 3220 2081 3276 salutem

2189 3223 2284 3276 καὶ
2311 3220 2543 3295 φρονοῦν
2572 3223 2631 3275 ὲν
2676 3222 2893 3293 ἑκάστῳ
2935 3221 3044 3274 τῶν
3094 3219 3528 3292 πεπλανημένων
3560 3221 3582 3252 ⁸
3611 3236 3627 3251 ο
3662 3213 3782 3274 οἷον

502 3322 748 3369 nostram
772 3327 896 3369 esse
922 3314 1247 3370 constituit?
1273 3313 1432 3381 Quod
1460 3314 1609 3369 enim
1639 3314 1707 3369 ad
1735 3328 1839 3369 nos
1868 3314 2083 3381 attinet,

504 3414 741 3460 mentem
762 3404 910 3459 aliud
940 3405 1201 3476 quiddam
1225 3421 1289 3462 ac
1315 3406 1595 3463 diversum
1625 3407 1944 3463 existimare
1976 3424 2086 3464 non

502 3511 824 3568 possumus,
868 3512 1046 3568 neque
1087 3499 1480 3554 subsistentem
1516 3514 1614 3570 per
1643 3514 1765 3555 sese
1792 3514 2084 3570 personam

500 3602 773 3653 asserere,
801 3588 896 3644 sed
930 3589 1064 3644 illud
1100 3589 1280 3644 solum
1313 3590 1463 3660 quod
1498 3591 1863 3660 compositum
1894 3597 1999 3658 est,
2029 3598 2085 3647 et

500 3681 736 3736 rationis
786 3680 1082 3752 particeps,
1136 3688 1190 3737 et
1244 3680 1300 3735 in
1349 3679 1463 3752 84
1517 3696 1847 3753 unoquoque
1893 3697 2083 3739 eorum

498 3773 663 3828 etiam
692 3772 787 3841 qui
819 3786 1009 3828 errore
1036 3772 1335 3839 ducuntur,
1387 3772 1655 3844 sapientia
1702 3774 2085 3847 intelligentia-

499 3879 608 3935 que
655 3865 963 3935 praeditum.
1014 3866 1191 3937 Atque
1240 3874 1301 3920 ut
1351 3865 1556 3937 aliquid
1603 3865 1824 3922 aderam
1860 3884 1929 3922 ex
1984 3867 2085 3923 hu-

499 3971 659 4011 mana
728 3956 1064 4027 cogitatione
1122 3957 1506 4029 depromptum
1551 3976 1567 4014 :
1618 3959 2080 4030 quemadmodum

498 4047 646 4102 oculi
681 4048 735 4103 in
765 4062 991 4120 corpore
1020 4058 1169 4115 sunt,
1197 4051 1271 4104 ita
1294 4050 1521 4106 mensin
1546 4051 1750 4118 anima,
1768 4068 2081 4124 quanquam

497 4157 567 4198 ne
600 4139 751 4197 istud
797 4141 1017 4212 quidem
1054 4143 1401 4199 contentiose
1435 4158 1501 4198 ac
1532 4145 1886 4215 pertinaciter
1916 4162 2079 4202 usur-

496 4248 721 4305 pamus;
773 4233 869 4290 sed
925 4234 1253 4306 simpliciter
1285 4250 1411 4291 esse
1450 4243 1685 4291 mentem
1722 4235 1959 4293 dicimus
1998 4238 2082 4292 in-

496 4323 777 4393 telligendi
814 4324 868 4376 in
902 4323 1123 4379 homine
1160 4324 1497 4381 facultatem.
1540 4325 1682 4392 Quid
1723 4327 1889 4397 igitur
1918 4327 2081 4381 homo

493 4414 716 4469 tandem
743 4415 869 4469 est!
894 4414 1112 4479 Anima,
1145 4430 1368 4485 corpus,
1394 4430 1571 4479 mens.
1606 4424 1661 4473 et
1692 4417 1739 4473 si
1770 4417 1902 4488 quid
1931 4415 2080 4471 aliud

2188 3317 2364 3369 εἰπεῖν
2402 3315 2583 3387 νόημα
2609 3314 2703 3368 τοῦ
2744 3313 3056 3386 ἀνθρώπου,
3080 3314 3157 3377 ὡς
3186 3312 3452 3385 ὀφθαλμοὶ
3484 3314 3543 3366 ἐν
3562 3312 3642 3384 τῷ
3668 3312 3783 3366 σώ-

2192 3423 2341 3478 ματι,
2371 3405 2545 3471 οὕτως
2572 3405 2698 3469 νοῦς
2730 3406 2788 3459 ὲν
2821 3405 2966 3477 ψυχῇ
2999 3404 3112 3477 (57)
3138 3420 3154 3435 ·
3179 3403 3340 3459 πάλιν
3372 3404 3431 3458 δὲ
3462 3403 3582 3457 οὐδὲ
3614 3405 3782 3459 τοῦτο

2188 3497 2478 3570 ἐριστικῶς
2509 3514 2709 3569 φαμεν,
2737 3498 2852 3552 ἀλλ’
2889 3496 3077 3561 ἁπλῶς
3107 3496 3169 3550 τὸ
3194 3497 3504 3569 ἑννοητικδν
3528 3496 3640 3551 τῶν
3675 3499 3780 3552 ἀν-

2138 3639 2143 3643 .
2186 3590 2443 3662 θρὼπων.
2473 3590 2539 3644 Τί
2563 3586 2657 3645 οῦν
2686 3592 2835 3644 ἔστιν
2856 3590 3174 3662 ἄνθρωποςξ
3207 3590 3376 3661 ψυχὴ,
3408 3590 3590 3661 σῶμα,
3627 3590 3777 3659 νοῦς.

2186 3682 2281 3737 καὶ
2310 3681 2427 3735 είτι
2466 3682 2615 3735 ἐστὶν
2650 3681 2859 3754 ἓτερον.
2887 3682 2952 3735 Τί
2982 3682 3161 3736 τοίνυν
3195 3676 3358 3752 ἦλθεν
3385 3682 3416 3734 ὁ
3437 3680 3641 3754 Κύριος
3666 3681 3749 3736 σῶ

2188 3790 2313 3841 σαι;
2354 3772 2642 3845 ἄνθρωπον
2688 3772 2893 3827 τέλειον
2919 3773 3160 3837 πάντως.
3197 3774 3339 3842 Ἆρα
3364 3768 3459 3827 οὖν
3492 3773 3675 3827 πάντα
3702 3774 3778 3828 τὰ

2185 3865 2245 3919 ὲν
2276 3863 2428 3935 αὐτῷ
2455 3863 2676 3928 τελείως
2714 3864 2903 3918 ἔλαϐεν
2921 3881 2935 3896 ο
2968 3865 3090 3917 ἐπεὶ
3120 3863 3285 3917 πόθεν
3328 3862 3503 3918 ταῦτα
3531 3864 3592 3917 ὲν
3621 3864 3777 3937 αὐτῷ

2184 3954 2522 4027 ἐπληροῦντο
2566 3956 2638 4011 τὰ
2686 3959 2767 4020 εἰς
2815 3956 3103 4029 ἄνθρωπον
3135 3956 3246 4012 ἀπὸ
3268 3956 3361 4012 νοῦ
3396 3957 3490 4011 καὶ
3518 3956 3777 4029 σώματος

2186 4049 2278 4102 καὶ
2298 4048 2496 4121 ψυχῆς,
2520 4050 2616 4103 καὶ
2637 4050 2816 4122 πάσης
2836 4050 3300 4123 ὲνανθρωπήσεως
3323 4050 3451 4105 ἄνευ
3472 4051 3774 4123 ἁμαρτίας-ς

2184 4141 2279 4194 καὶ
2307 4141 2712 4215 προεφητεύετο
2760 4144 2857 4196 καὶ
2908 4142 3237 4211 ἁνελογεῖτο.
3278 4142 3475 4212 Σαφῶς
3500 4144 3609 4214 γὰρ
3640 4143 3776 4213 ἡμῖν

2184 4236 2498 4291 ὑποτίθεται
2544 4237 2573 4289 ὁ
2634 4235 2778 4299 θεῖος
2812 4235 2991 4304 λόγος,
3022 4235 3200 4305 λέγων
3223 4251 3238 4265 ·
3281 4234 3428 4290 Ἰδοὺ
3450 4234 3717 4302 συνήσει
3741 4237 3777 4288 d

2184 4328 2331 4395 Παῖς
2363 4346 2483 4398 μου
2523 4331 2557 4383 ό
2600 4327 2927 4398 ἀγαπητὸς,
2967 4328 3041 4383 ὃν
3068 4327 3337 4398 ᾑρέτισα,
3363 4327 3459 4397 ἐφ’
3482 4327 3555 4380 ὃν
3587 4327 3774 4396 ηὐδό-

2184 4435 2376 4488 κησεν
2398 4420 2438 4487 ἠ
2475 4419 2647 4489 ψυχή
2664 4438 2804 4489 μου.
2846 4419 3025 4489 Θήσω
3047 4419 3114 4474 τὸ
3134 4419 3379 4489 Πνεῦμὰ
3410 4437 3552 4489 μου,
3579 4418 3673 4472 καὶ
3700 4419 3773 4473 τὰ

494 4514 599 4562 est.
656 4503 797 4571 Quid
860 4504 1024 4576 igitur
1074 4504 1328 4561 Christus
1370 4506 1424 4560 in
1457 4506 1687 4562 salutem
1716 4510 2079 4565 restituturus

2186 4512 2335 4583 ἑξῆς.
2363 4514 2505 4584 Ἀρα
2560 4508 2655 4567 οῦν
2684 4512 2777 4567 τοῦ
2818 4513 3059 4568 συνιέναι
3096 4512 3118 4544 ⁸
3150 4510 3253 4565 ποῦ
3298 4511 3679 4584 πεπλήρωται,
3719 4512 3771 4564 εί

495 4597 766 4653 accessit?
806 4596 1134 4663 Perfectum,
1164 4598 1382 4669 opinor,
1418 4597 1717 4656 hominem.
1770 4599 1913 4671 Ergo
1951 4617 2077 4671 quae

495 4691 550 4746 in
584 4707 649 4747 eo
680 4700 811 4748 sunt
842 4693 1028 4748 omnia
1067 4693 1307 4764 perlecte
1361 4694 1627 4766 suscepit.
1680 4694 1901 4766 Alioqui
1943 4710 2079 4767 quo-

494 4784 658 4840 modo
704 4784 821 4841 hac
872 4784 926 4841 in
981 4785 1074 4840 illo
1117 4801 1243 4840 vera
1293 4802 1417 4843 esse
1474 4786 1805 4856 potuissent,
1852 4803 1972 4858 qua:
2010 4788 2078 4844 de

493 4868 718 4932 homine
745 4893 811 4932 ex
845 4887 1048 4941 mente,
1087 4891 1340 4948 corpore,
1375 4878 1586 4940 anima,
1621 4892 1687 4931 ac
1718 4876 1926 4947 reliqua
1967 4878 2073 4933 hu-

494 4986 671 5027 mana:
700 4972 824 5026 vitae
858 4971 1173 5027 conditione
1217 4979 1412 5041 praeter
1449 4977 1729 5039 peccatum
1757 4977 2067 5033 constante,

493 5081 524 5120 a
560 5065 839 5136 prophetis
871 5064 1130 5136 praedicta
1156 5063 1626 5135 pronuntiataqne
1668 5062 1842 5117 sunt?
1887 5062 2071 5133 Siqui-

492 5158 615 5215 dem
648 5158 936 5215 manifes'te
966 5158 1249 5230 Scriptura
1283 5172 1384 5211 nos
1416 5157 1502 5212 his
1536 5158 1720 5212 verbis
1761 5156 2022 5213 admonet
2051 5174 2065 5211 ε

493 5250 627 5308 Ecce
650 5252 902 5324 intelliget
926 5250 1069 5306 Puer
1096 5267 1240 5306 meus
1265 5250 1509 5316 dilectus,
1534 5266 1684 5321 quem
1709 5251 1862 5319 elegi,
1891 5251 1946 5305 in
1971 5267 2073 5321 quo

561 5366 579 5396 '
610 5362 632 5419 Ι
660 5365 788 5422 Cor.
820 5382 934 5434 xiv,
958 5364 1044 5422 15.
1108 5365 1142 5396 ³
1173 5363 1372 5420 Ezech.
1414 5380 1566 5432 xvm,
1611 5364 1666 5420 4.
1758 5363 1778 5395 ³
1813 5364 1936 5419 Act.
1970 5378 2145 5429 xxv",
2176 5363 2264 5419 57.

492 5440 754 5492 συνιέναι.

2191 4608 2287 4678 μὲν
2319 4607 2401 4671 είς
2456 4605 2555 4678 τὴν
2588 4606 2838 4680 θεότητα,
2874 4607 3057 4679 ἐνδεὴς
3080 4606 3189 4678 ἄρα
3228 4607 3260 4677 ἠ
3294 4604 3486 4675 θεότης
3517 4603 3611 4658 τοῦ
3642 4621 3773 4658 συν⁴

2186 4702 2358 4768 ιὲναι;
2384 4702 2475 4774 Μὴ
2505 4702 2744 4771 γένοιτοι
2779 4703 2947 4757 Τοῦτο
2976 4703 3085 4775 γὰρ
3120 4704 3201 4766 είς
3232 4701 3325 4755 τὸν
3362 4701 3642 4773 κυριακὸν
3673 4700 3774 4756 ἄν·

2183 4795 2401 4867 θρωπον
2427 4795 2750 4868 πληροῦται.
2781 4796 2847 4849 Εἰ
2872 4794 2929 4849 δὲ
2954 4794 3047 4849 ἐπὶ
3066 4795 3157 4851 τὸν
3180 4792 3459 4866 κυριακὸν
3483 4791 3771 4864 ἄνθρωπον

2179 4884 2561 4956 πεπλήρωται,
2594 4884 2712 4949 πῶς
2766 4885 2986 4956 συνήσει
3027 4883 3443 4957 ὲνανθρώπησις
3487 4883 3616 4938 ἄνευ
3652 4882 3773 4948 νοὸς

2179 4976 2534 5049 ὑπάρχουσα;
2566 4976 2827 5032 ἀδύνατον
2857 4978 3047 5032 τοῦτο·
3083 4979 3131 5031 εἰ
3174 4978 3283 5050 γὰρ
3326 4977 3465 5041 ὅλως
3509 4977 3573 5031 τὸ
3617 4991 3770 5033 συν-

2178 5065 2317 5133 ήσει
2352 5068 2443 5120 ἐπὶ
2467 5067 2559 5122 τὸν
2577 5067 2813 5140 Χριστὸν
2844 5068 3202 5141 ἀναφέρεται,
3230 5068 3466 5141 Χριστὸς
3485 5068 3544 5123 δὲ
3565 5068 3771 5123 ἄνωθεν

2180 5155 2314 5217 Θεὸς
2337 5156 2529 5225 Λόγος,
2564 5156 2701 5229 σὰρξ
2728 5157 2786 5211 δὲ
2811 5158 3104 5231 γενόμενος
3145 5159 3255 5214 ἀπὸ
3286 5158 3527 5232 Μαρίας,
3571 5160 3665 5213 καὶ
3684 5158 3772 5211 ὲν-

2183 5248 2548 5321 ανθρωπήσας
2593 5252 2725 5321 ⁴ἡμῖν
2755 5253 3167 5325 συνανεστρὰφη
3192 5252 3333 5309 κατὰ
3358 5252 3420 5307 τὸ
3446 5249 3771 5323 γεγραμμέ-

2370 5364 2400 5395 “⁸
2426 5362 2585 5421 Joan.
2610 5381 2651 5433 1,
2686 5366 2773 5424 Η.
2882 5369 2901 5399 ⁵
2931 5366 2989 5426 F.
3028 5368 3449 5440 πεπλασμένων.
3560 5368 3581 5399 ⁵
3614 5366 3673 5421 F.
3708 5368 3773 5421 τὸ

561 5552 676 5634 (ὅθ)
712 5550 785 5634 _Td
833 5550 1152 5634 σςξνθετθν,
1213 5550 1589 5634 coniunctum,
1631 5548 1845 5604 unitum
1887 5546 2069 5620 potius

2184 5548 2507 5634 licscunque
2534 5549 2700 5634 igitur
2733 5552 2972 5634 animam
3026 5569 3071 5634 a_
3104 5562 3286 5610 mente
3316 5553 3636 5634 distinctam
3664 5549 3769 5632 ad-

492 5621 597 5679 hoc
630 5621 683 5677 in
712 5623 833 5677 loco
859 5622 1094 5688 diceres,
1127 5638 1289 5693 quam
1321 5621 1710 5693 compositum.

2175 5621 2390 5677 mittere
2419 5621 2655 5689 videtur,
2691 5638 2765 5698 ex
2793 5624 3240 5698 adversariorum
3274 5625 3538 5698 opinione
3583 5621 3767 5693 loqui-

560 5694 675 5766 (37)
710 5692 908 5761 οὓτως
931 5688 1645 5766 νοῦςὲᾶψυχῇλθῖθηξθιιι
1667 5688 1842 5766 igitur
1871 5689 2067 5766 animae
2174 5698 2283 5760 tur,
2318 5708 2425 5752 non
2457 5708 2611 5750 suam
2642 5688 2793 5764 ponit
2836 5697 3188 5751 sententiam.

493 5759 1031 5837 propr'ietatetn‘esse
1055 5759 1210 5823 recte
1255 5759 1489 5822 credidit
1527 5759 1886 5833 Epiphanius.
1919 5759 2073 5827 Quo-
