4018 6210
310 338 415 398 165
1731 330 1898 389 ANCC

1999 331 2103 388 ιτυ
2117 330 2173 387 S.
3474 332 3580 389 {86

304 474 419 526 νον,
464 458 575 530 ἄρα
623 457 1015 531 ἀναμφιϐόλως
1052 458 1150 513 σὺν
1198 457 1281 530 τῷ
1322 458 1399 529 νῷ
1440 459 1541 529 τὴν
1580 456 1894 529 οἰκονομίαν

1999 455 2101 509 sibi
2130 455 2315 508 anima
2344 470 2460 509 mea
2486 455 2711 523 placuit.
2734 450 3212 519 PonamSpiritant
3234 454 3576 523 meum',etc.

306 550 547 618 ἐδέξατο,
592 552 782 623 ἐπειδὴ
834 552 985 623 αὐτῷ
1041 551 1354 623 συμπρέπει
1388 550 1449 605 τὸ
1487 551 1748 606 συνιέναι.
1793 550 1895 605 Διὰ

1999 545 2113 602 Hoc
2140 546 2308 618 igitur
2326 547 2526 618 ipsum,
2546 547 2871 619 intelligere,
2898 547 3122 602 ubinam
3151 546 3433 617 impletum
3461 552 3578 609 est.

303 635 465 692 τοῦτο
517 638 627 710 γάρ
677 640 807 710 περὶ
852 638 1019 694 αὑτοῦ
1054 658 1188 712 φησι
1225 640 1286 694 τὸ
1323 640 1688 710 Εὐαγγιλιονο
1729 644 1896 709 Προ-

1999 641 2051 695 ἰιι
2081 656 2192 711 quo
2228 639 2447 694 tandem
2493 654 2552 695 re
2589 640 2708 710 ipsa
2756 638 3055 710 perlectum
3097 639 3227 694 est?
3262 638 3311 693 si
3344 638 3402 694 in
3439 636 3581 692 divi-

304 729 524 785 ἐκοπτε
559 732 747 802 σοφίᾳ
804 733 903 787 καὶ
950 732 1160 802 ἡλικίᾳ
1183 749 1198 764 °
1233 733 1331 804 ούχ
1360 734 1395 803 ἡ
1432 732 1623 805 θεότης
1677 733 1897 804 ἡλικίας

1999 733 2189 798 nitate,
2240 746 2373 803 ergo
2428 732 2519 786 illa
2564 730 2832 787 hactenus
2885 730 3245 803 intelligentia
3298 737 3574 787 caruerat.

306 822 667 896 δπιδεχομένη
701 826 741 889 ¹,
770 823 896 879 οὔτι
932 826 1126 896 σοφίας
1167 823 1471 896 ὑστεροῦσα
1499 826 1533 897 ἡ
1569 820 1704 879 οὖσα
1734 826 1898 896 σοφία

1999 823 2106 879 Sed
2140 824 2282 880 absit
2315 832 2375 878 ut
2407 823 2550 878 istud
2588 823 2879 879 dicamus!
2922 824 3063 877 Nam
3110 822 3242 878 illud
3293 823 3350 877 in
3393 822 3580 876 Domi-

306 912 424 985 δλη.
457 916 648 985 Σοφίᾳ
700 916 759 971 δὲ
808 914 1180 986 προέκοπτεν
1205 915 1301 969 τοῦ
1330 916 1582 987 Σωτῆρος
1623 915 1894 987 ὲνανθρώ·

1999 918 2121 973 nieo
2167 916 2385 972 homine
2435 915 2739 987 perfectum
2796 923 2899 970 est.
2959 913 3117 981 Quod
3171 915 3219 969 si
3280 914 3336 968 in
3393 912 3582 968 Domi-

306 1021 497 1076 πησις,
523 1005 623 1059 οὐκ
646 1005 800 1070 ἐκτὸς
835 1004 927 1059 νοῦ
974 1006 1316 1076 ὑπάρχουσα,
1361 1005 1548 1077 ἐπειδὴ
1586 1006 1708 1059 οὐδὲ
1736 1004 1895 1075 σοφί-

1999 1010 2128 1065 uico
2166 1008 2390 1064 homine
2436 1008 2741 1079 perlectum
2783 1014 2907 1074 est,
2952 1007 3229 1078 quomodo
3256 1006 3375 1063 sine
3398 1015 3582 1062 mente

311 1095 509 1151 σασθαι
555 1095 789 1167 ἠδύνατο
811 1112 823 1125 ι
858 1096 953 1151 καὶ
999 1096 1209 1164 ἡλικίᾳ
1248 1096 1642 1164 προέκοπτεν,
1664 1096 1894 1170 ἁδρύνο-

1999 1100 2276 1157 exsistens
2310 1108 2510 1154 natura
2544 1098 2783 1153 humana
2814 1097 3121 1168 intelligere
3163 1097 3386 1168 potest?
3431 1095 3579 1153 Fieri

312 1188 477 1260 μένου
504 1187 596 1242 τοῦ
631 1188 867 1255 παιδίου,
896 1188 973 1253 ὡς
1006 1188 1153 1243 ἔστιν
1180 1187 1400 1259 ἀληθές.

2005 1194 2197 1264 nequit
2237 1193 2499 1259 omnino;
2540 1207 2665 1247 nam
2706 1192 2752 1247 si
2781 1190 3007 1246 verbum
3042 1188 3197 1255 illud,
3229 1189 3578 1258 intelligendi,

310 1280 383 1337 ad
430 1282 711 1338 Christum
767 1282 995 1338 omnino
1059 1281 1254 1338 referri
1303 1282 1510 1347 debet,
1560 1282 1819 1340 Christus
1879 1294 2063 1341 autem
2115 1286 2258 1344 Deus
2313 1304 2346 1344 e
2405 1288 2547 1343 cmlo
2598 1285 2857 1354 Verbum,
2898 1301 2929 1341 e
2986 1284 3156 1340 Maria
3199 1297 3331 1339 caro
3377 1282 3579 1338 factum

307 1383 416 1441 est,
463 1375 849 1445 hominemque
893 1375 1160 1445 suscepit,
1212 1381 1268 1429 et
1320 1375 1633 1442 nobiscum,
1706 1387 1765 1432 ut
1818 1378 1898 1431 ait
1937 1377 2247 1451 Scriptura,
2290 1389 2544 1437 versatus
2586 1378 2764 1435 est':
2810 1392 2918 1432 non
2974 1375 3203 1432 dubium
3258 1380 3382 1440 est,
3447 1375 3582 1446 quin

308 1476 564 1524 naturam
618 1468 859 1524 hominis
904 1469 1010 1525 sibi
1055 1483 1166 1524 una
1208 1485 1336 1525 cum
1378 1478 1563 1526 mente
1595 1473 1892 1543 copularit,
1930 1489 2055 1530 cum
2109 1476 2413 1548 intelligere
2462 1476 2568 1547 ipsi
2623 1476 2933 1530 conveniat.
2968 1471 3106 1527 Nam
3158 1470 3230 1526 ob
3280 1470 3336 1525 id
3402 1470 3581 1541 ipsqu

307 1564 667 1637 Evangelium
692 1564 761 1621 de
787 1564 952 1622 eoita
979 1572 1252 1621 testatur:
1282 1564 1612 1622 Procedebat
1674 1570 1938 1624 sapientia
1972 1580 2023 1625 et
2065 1581 2222 1626 cetate
2250 1572 2294 1626 ⁷.
2355 1570 2475 1625 Non
2530 1571 2792 1626 divinitas
2842 1570 2962 1642 ipsa
3019 1573 3390 1629 accessionem
3440 1572 3586 1643 cepit

304 1656 526 1723 aetatis,
589 1672 770 1728 neque
823 1657 1104 1729 sapientiae
1165 1659 1503 1714 incrementa
1560 1658 1894 1717 destderavit
1952 1678 2075 1733 qua:
2131 1670 2245 1718 tota
2305 1662 2572 1735 sapientia
2612 1673 2715 1720 est.
2762 1662 2962 1720 Verum
3004 1665 3241 1720 humana
3281 1662 3583 1721 Salvatoris

307 1755 485 1809 nostri
537 1761 734 1808 natura
788 1753 1053 1823 sapientia
1115 1751 1580 1825 progrediebatur;
1643 1771 1753 1811 non
1786 1758 1877 1812 illa
1915 1757 2139 1828 quidem
2174 1758 2378 1814 mentis
2404 1773 2623 1831 expers,
2653 1759 2859 1830 alioqui
2914 1776 2984 1815 ne
3032 1761 3302 1833 sapientia
3356 1760 3579 1833 quidem

307 1844 538 1916 praedita
578 1859 703 1900 esse
747 1844 1065 1914 potuisset:
1099 1842 1290 1899 eadem
1320 1851 1376 1900 et
1419 1848 1578 1896 atate
1632 1845 1968 1912 procedebat,
2030 1862 2157 1904 cum
2218 1864 2409 1906 revera
2455 1866 2593 1921 puer
2642 1850 2965 1908 adolescens
3019 1868 3083 1909 ac
3140 1851 3349 1907 limior
3398 1849 3587 1907 redde-

308 1946 485 1994 retur.

378 2028 497 2083 06'.
535 2028 599 2081 Ei
627 2027 683 2081 δὲ
717 2025 828 2097 (38)
854 2026 942 2081 διὰ
966 2025 1029 2080 τὸ
1055 2025 1341 2098 είληφέναι
1365 2028 1460 2083 τὸν
1491 2027 1617 2084 νοῦν
1649 2028 1898 2102 ἁμαρτία

2067 2028 2308 2087 LXXIX.
2347 2028 2468 2085 Jam
2500 2045 2632 2086 vero
2663 2029 2708 2087 si
2741 2047 2806 2086 ex
2837 2045 2903 2086 eo
2927 2030 3073 2101 quod
3116 2039 3355 2088 mentem
3399 2048 3585 2089 susce-

304 2118 479 2190 αὖτην
534 2117 706 2172 θεῖται
749 2120 791 2184 ²,
844 2117 1042 2172 οὐκοῦν
1094 2119 1499 2192 περισσοτέρως
1546 2119 1643 2174 ἐὰν
1696 2120 1881 2193 δῶμεν

1999 2120 2160 2191 perit,
2199 2122 2253 2174 in
2290 2121 2505 2190 peccati
2539 2127 2863 2191 potestatem
2899 2122 3113 2177 venisse
3139 2120 3379 2186 dicatur,
3410 2122 3583 2177 multo

303 2211 470 2267 αὑτὸν
494 2209 781 2281 ὶίληφέναι
824 2208 1025 2282 σάρκα,
1082 2204 1151 2280 ἧς
1200 2209 1360 2273 ἐκτὸς
1397 2209 1643 2282 άμαρτία
1688 2210 1753 2264 οὑ
1796 2228 1890 2264 τι-

1999 2226 2130 2267 sane
2176 2212 2351 2282 magis
2383 2211 2436 2266 id
2463 2227 2530 2267 ex
2565 2227 2630 2267 eo
2671 2222 3063 2283 consequetur,
3122 2212 3168 2268 si
3208 2227 3440 2270 .carnem
3499 2213 3585 2268 in-

306 2307 480 2358 λετται
501 2320 515 2333 ·
550 2302 783 2372 Φανερὰ
830 2302 900 2355 δὲ
945 2302 1017 2356 τὰ
1046 2300 1192 2371 ἔργα
1221 2299 1334 2369 τῆς
1378 2303 1607 2371 σαρκός
1625 2318 1641 2333 ο
1672 2303 1892 2367 πάντως

303 2396 390 2447 ὅτι
433 2391 610 2463 δῶμεν
649 2392 744 2446 καὶ
777 2395 835 2446 ὲν
873 2392 1037 2463 σαρκὶ
1067 2392 1281 2463 ἥμαρτε
1326 2390 1506 2445 λαϐὼν
1539 2393 1641 2464 τὴν
1687 2393 1889 2465 σάρκα.

306 2479 457 2539 Οἶδα
501 2483 631 2553 γὰρ,
680 2482 846 2554 φησὶν
893 2482 922 2534 ὁ
968 2482 1308 2546 ’Δπὸστολος,
1344 2484 1436 2537 ὅτι
1466 2486 1579 2538 οὐκ
1625 2484 1779 2538 οἰκεῖ
1820 2486 1893 2539 ἐν

306 2575 436 2643 ἐμοὶ
469 2574 651 2628 οὐδὲν
687 2572 934 2643 ἀγαθὸν,
984 2573 1300 2629 τουτέστιν
1328 2575 1398 2629 ἐν
1425 2574 1501 2644 τῇ
1539 2577 1722 2644 σαρκί
1746 2595 1890 2647 μου.

306 2665 407 2727 Τίς
434 2665 493 2717 δὲ
522 2663 782 2735 τολμήσει
802 2663 1005 2732 λέγειν,
1038 2662 1129 2717 διὰ
1154 2663 1216 2716 τὸ
1236 2664 1327 2717 τὸν
1350 2664 1582 2737 Σωτῆρα
1609 2666 1892 2737 εἰληφέναι

306 2761 512 2832 σάρκα,
562 2760 727 2830 σαρκὶ
771 2758 1134 2830 συναπῆχθαι,
1176 2760 1271 2816 καὶ
1318 2760 1388 2814 τὰ
1433 2761 1533 2833 τῆς
1563 2762 1765 2833 σαρκὸς
1790 2763 1893 2816 οὐκ

304 2852 508 2922 εὔλογα
552 2852 941 2907 ἐπιτελέσαντα
968 2856 1050 2918 εἰς
1096 2856 1117 2887 ³
1162 2853 1259 2926 τὴν
1295 2853 1391 2908 τοῦ
1420 2854 1622 2918 παντὸς
1667 2855 1893 2919 σκεύους

303 2943 404 2998 τοῦ
456 2944 586 2998 ίδίου
614 2943 968 3009 άκολουθίανς
1019 2946 1170 3015 ὅμως
1218 2944 1315 2998 καὶ
1345 2943 1556 3015 φαύλην
1599 2943 1890 3014 ἐσχηκότα,

307 3036 408 3091 καὶ
442 3035 623 3107 σάρκα
669 3031 837 3091 οὖσαν
874 3035 1242 3107 ἀνθρωπίνην,
1295 3036 1410 3091 ἀλλ’
1453 3036 1627 3089 οὐδενὶ
1664 3035 1893 3089 πταίου-

308 3146 434 3184 σαν.
478 3129 539 3182 '0
572 3128 705 3191 Θεὸς
734 3120 845 3199 γὰρ
876 3126 1048 3195 Λόγος
1078 3126 1285 3180 ἄνωθεν
1318 3126 1425 3180 ἀπὸ
1458 3126 1672 3197 Πατρὸς
1701 3123 1895 3196 προελ-

306 3218 441 3284 θὼν,
471 3219 772 3290 εὐδοκήσας
807 3221 867 3273 ἐν
911 3217 1075 3288 σαρκὶ
1104 3215 1369 3285 γίνεσθαι,
1411 3216 1803 3287 ἑχαλιναγώγει
1832 3215 1896 3268 τὸ

311 3312 528 3376 σκεῦος,
560 3312 677 3377 καὶ,
715 3312 791 3376 ὼς
842 3310 1057 3384 ἢθελεν,
1101 3310 1319 3381 ἐπέχειν
1371 3309 1503 3364 αὐτὸ
1556 3308 1664 3361 ἀπὸ
1710 3306 1895 3378 πάσης

1997 2302 2182 2358 duisse
2215 2301 2506 2368 fateamur,
2544 2303 2682 2358 citra
2723 2319 2887 2374 quam
2929 2311 3211 2375 peccatum
3242 2303 3429 2373 perlici
3472 2318 3581 2359 non

1999 2404 2218 2468 potest:
2251 2397 2542 2466 Manifesta
2572 2408 2693 2453 sunt
2734 2400 2871 2453 enim
2914 2415 3070 2467 opera
3121 2400 3299 2453 carnis
3323 2401 3380 2467 ⁸;
3411 2416 3584 2471 quare

1995 2489 2411 2545 concedendum
2467 2500 2522 2545 et
2575 2491 2709 2545 illud
2761 2492 2886 2555 erit,
2937 2507 3036 2562 pro
3077 2507 3143 2547 eo
3177 2490 3322 2563 quod
3358 2506 3583 2546 carnem

2000 2582 2294 2652 acceperit,
2350 2583 2406 2636 in
2451 2597 2617 2637 carne
2664 2598 2924 2654 peccasse
2962 2602 2977 2638 :
3022 2584 3143 2638 Scio
3200 2584 3362 2647 enim,
3408 2583 3585 2654 inquit

1997 2671 2317 2739 Apostolus,
2366 2671 2632 2743 quodnon
2680 2672 2880 2727 habitet
2905 2674 2959 2727 in
3000 2689 3081 2727 me
3125 2672 3318 2728 bonum
3352 2674 3583 2737 nullum,

1998 2761 2095 2815 hoc
2128 2770 2207 2815 est
2246 2762 2301 2815 in
2341 2779 2500 2816 carne
2550 2779 2665 2817 mea
2685 2763 2724 2817 '.
2761 2762 2898 2829 Quis
2920 2771 3004 2818 est
3031 2770 3215 2817 autem
3245 2762 3381 2817 adeo
3412 2772 3583 2817 teme-

1999 2852 2203 2917 rarius,
2252 2863 2311 2907 ut
2354 2864 2588 2919 asserat,
2624 2871 2687 2909 ex
2720 2870 2785 2909 eo
2812 2853 2922 2925 85
2949 2854 3095 2924 quod
3137 2868 3360 2909 carnem
3394 2852 3587 2909 Salva-

1999 2951 2088 2998 tor
2137 2943 2401 3010 induerit,
2439 2946 2625 3001 carnis
2660 2946 2935 3001 illecebris
2982 2944 3322 3011 abductum;
3366 2953 3425 2999 ut
3462 2960 3586 3015 quae

2003 3033 2151 3090 illius
2196 3035 2417 3105 propria
2464 3050 2643 3105 neque
2682 3049 2809 3089 cum
2851 3042 3001 3089 recta
3038 3034 3251 3089 ratione
3297 3044 3587 3089 consenta-

2001 3141 2102 3181 nea
2134 3134 2287 3193 sunt,
2319 3125 2601 3181 ediceret?
2641 3126 2863 3182 tametsi
2906 3125 3039 3181 illud
3070 3141 3233 3183 omne
3263 3126 3347 3181 vel
3380 3126 3586 3182 vilissi-

2001 3233 2149 3271 mum
2184 3217 2489 3287 susceperit
2515 3216 2659 3287 quod
2684 3232 2809 3271 cum
2844 3230 3076 3288 corpore
3095 3216 3449 3285 conjunctum
3475 3221 3583 3276 est.

2002 3313 2410 3382 humanamque
2452 3310 2589 3366 adeo
2640 3324 2901 3373 carnem,
2955 3307 3053 3364 sed
3104 3308 3358 3364 criminis
3402 3308 3588 3362 omnis

308 3402 639 3477 ἀχρειὼδους
661 3401 868 3469 τάξεως
907 3401 1174 3473 σαρκικῆς
1203 3400 1453 3471 meum.
1488 3400 1550 3453 El
1588 3399 1646 3453 δὲ
1686 3398 1897 3471 ἢθελεν,

2004 3414 2303 3476 espertem.
2352 3402 2564 3474 Quippe
2616 3401 2762 3458 Deus
2798 3400 3038 3457 Verbum
3080 3401 3303 3456 caelitus
3342 3416 3374 3455 a
3423 3399 3587 3457 Patre

307 3496 565 3552 ὶνεδίδου·
595 3494 830 3548 ινιδίδου
846 3493 905 3547 δὲ
931 3494 1012 3557 είς
1034 3492 1135 3557 τὰς
1155 3492 1409 3562 εὐλόγους
1428 3492 1524 3546 καὶ
1544 3489 1895 3562 συμπρεπού·

309 3606 414 3654 σας
429 3592 496 3660 τῇ
511 3587 676 3642 αὐτοῦ
694 3586 909 3658 θεότητι
925 3585 1245 3656 σωματικὰς
1263 3584 1472 3656 χρείας.
1490 3583 1628 3638 Οὔτε
1641 3582 1750 3653 γὰρ
1763 3582 1902 3652 ἔχων

305 3682 407 3736 τδν
436 3680 566 3735 νοῦν
597 3681 655 3734 ιν
683 3677 933 3749 ἀληθείᾳ,
973 3676 1161 3749 ῶσπερ
1192 3676 1320 3749 ὅλην
1347 3676 1449 3749 τὴν
1489 3672 1902 3746 ἑνανθρὼπησιν

308 3776 370 3829 ἰν
415 3772 646 3844 ἀληθείᾳ
689 3770 852 3842 ἔχων,
885 3770 965 3841 (ὃν
995 3769 1135 3839 σοῦ)”
1159 3769 1508 3823 ἑπεκτείνετο
1550 3768 1631 3831 εἰς
1674 3765 1904 3835 ἀλόγους

309 3865 631 3937 ἰπιθυμίας,
669 3863 793 3920 οὔτε
825 3864 894 3917 τά
939 3862 1043 3934 τῆς
1090 3862 1292 3934 σαρκὸς
1324 3858 1421 3916 ἶσα
1466 3862 1602 3932 ἡμῖν
1636 3860 1904 3932 ἔπραττεν

306 3959 348 4030 ἢ
383 3956 693 4027 ὶλογίζετο·
729 3956 845 4011 ἀλλ’
876 3955 952 4019 ὡς
994 3955 1131 4020 Θεὸς
1177 3956 1237 4009 δν
1268 3953 1433 4025 σαρκὶ
1473 3951 1702 4024 ἀληθινῇ
1746 3950 1903 4021 γινό-

313 4067 454 4123 μενα
470 4051 492 4083 ⁸
521 4051 628 4105 ἀπὸ
650 4049 922 4122 παρθινου
937 4048 1154 4121 Μαρίας
1184 4046 1420 4118 ἔπραττε
1451 4044 1614 4117 σαρκὶ⁵
1642 4042 1737 4097 καὶ
1755 4041 1902 4114 ψυχῇ

308 4145 409 4199 καὶ
441 4142 518 4216 νῷ
550 4144 645 4199 καὶ
687 4142 796 4215 ὅλῳ
840 4140 921 4213 τῷ
972 4139 1157 4195 σκεύει
1198 4139 1508 4210 ἑνδημήσας
1553 4136 1634 4208 τῷ
1662 4135 1774 4191 τῶν
1808 4137 1906 4188 άν-

311 4234 550 4307 θρώπων
580 4236 747 4305 γένει,
780 4234 989 4291 ἄνωθεν
1012 4235 1078 4287 ὲκ
1109 4231 1341 4304 Πατρός,
1373 4230 1741 4292 ὲνυπόστατος
1772 4225 1907 4290 Θεὸς

216 4380 221 4385 .
312 4328 508 4398 Λόγος.
555 4328 717 4383 Ἀλλά
766 4328 841 4400 μὴ
893 4323 1221 4398 σοφίσωντιί
1260 4340 1405 4387 τινες
1449 4317 1906 4392 καταχρηστικῶς

306 4420 473 4478 τοῦτο
504 4420 819 4492 λεγόμενον,
855 4420 934 4485 ὡς
965 4420 1048 4486 τὸ,
1078 4420 1272 4484 Σύνες
1311 4414 1421 4484 τῆς
1464 4411 1734 4485 κραυγῆς
1758 4428 1904 4482 μου.

311 4512 389 4566 Th
421 4512 521 4584 μὲν
567 4513 678 4585 γὰρ
722 4508 1179 4583 καταχρηστικῶς
1224 4507 1292 4563 δι’
1330 4505 1495 4578 εὐχὴν
1540 4504 1778 4575 ιτρηται,
1810 4500 1907 4555 καὶ

306 4604 473 4677 δῆλόν
522 4606 673 4659 ἐστιν
716 4607 751 4677 ἠ
800 4605 1036 4676 χρῆσις·
1075 4602 1139 4655 τὸ
1179 4601 1237 4655 δὲ
1285 4599 1592 4669 ὑπόδειγμα
1636 4593 1907 4667 σαρκικῆς

310 4696 483 4753 αὐτοῦ
514 4698 818 4769 παρουσίας
860 4696 1296 4768 προεφήτευται·
1340 4692 1403 4746 τὸ
1437 4691 1567 4764 γὰρ,
1611 4687 1722 4745 Kal
1759 4703 1905 4757 κρο-

310 4788 571 4845 ἐκοπτεν
602 4788 829 4858 ἡλικίᾳ,
866 4787 1014 4843 εστιν
1044 4785 1263 4857 ἀληθές.

2000 3495 2377 3560 descendens,
2428 3510 2491 3549 ac
2535 3510 2758 3549 carnem
2809 3493 2879 3549 de
2927 3508 3028 3549 sua
3071 3494 3357 3550 voluntate
3404 3494 3588 3549 susci-

2002 3587 2179 3658 piens,
2207 3601 2409 3656 corpus
2436 3601 2597 3642 suum
2632 3588 2781 3641 velut
2817 3584 3058 3658 quodam
3112 3585 3269 3642 freno
3328 3587 3585 3657 regebat;

1999 3687 2055 3735 et
2091 3679 2162 3733 ab
2195 3678 2374 3733 inutili
2400 3678 2550 3733 omni
2582 3678 2770 3733 carnis
2809 3678 3048 3745 actione,
3074 3687 3238 3749 prout
3272 3678 3453 3744 vellet,
3490 3694 3587 3733 co-

2004 3769 2191 3825 hibere
2234 3778 2491 3841 poterat;
2548 3779 2737 3840 atque,
2797 3769 2890 3824 ubi
2934 3770 3150 3825 libitum
3208 3778 3350 3838 erat,
3416 3769 3589 3827 libere

2004 3863 2135 3920 ferri
2185 3863 2537 3934 permittebat
2562 3863 2629 3917 ad
2658 3878 2753 3918 eas
2785 3861 3056 3917 duntaxat
3107 3864 3355 3934 corporis
3394 3879 3589 3919 ncces-

2003 3954 2220 4018 sitates,
2246 3968 2369 4024 qua:
2406 3951 2610 4008 rationi
2636 3950 3055 4017 convenientes,
3085 3966 3149 4005 ac
3180 3965 3293 4006 sua:
3314 3948 3588 4006 divinitati

2004 4046 2389 4103 consentanea:
2418 4044 2754 4100 viderentur.
2815 4043 3005 4113 Neque
3032 4059 3161 4099 vero
3187 4052 3369 4098 mente
3397 4058 3588 4098 revera

2009 4139 2274 4210 praeditus
2305 4145 2364 4191 ut
2414 4145 2469 4191 et
2503 4136 2718 4192 caeteris
2770 4134 3024 4189 humanae
3062 4141 3275 4187 natura:
3315 4133 3585 4204 partibus,

2007 4230 2066 4285 in
2097 4228 2329 4284 rationis
2364 4234 2621 4298 expertes
2651 4225 2984 4296 cupiditates
3017 4238 3139 4279 sese
3174 4223 3586 4291 committebat;

2006 4338 2109 4378 nec
2138 4334 2201 4377 ea
2235 4336 2357 4392 quae
2408 4318 2597 4373 carnis
2653 4317 2879 4389 propria
2926 4323 3077 4380 sunt,
3133 4314 3359 4385 perinde
3390 4328 3452 4369 ac
3485 4328 3590 4370 nos

2007 4422 2104 4469 aut
2130 4412 2322 4480 agebat
2352 4417 2446 4464 aut
2471 4409 2665 4464 animo
2694 4406 3005 4479 cogitabat;
3058 4406 3155 4463 sed
3205 4405 3287 4462 sic
3318 4413 3589 4485 tanquam

2006 4507 2152 4563 Deus
2195 4506 2249 4560 in
2285 4518 2413 4560 vera
2460 4517 2628 4558 carne
2672 4516 2704 4557 e
2751 4500 2917 4556 Maria
2948 4499 3173 4572 Virgine
3220 4498 3436 4570 genitus
3476 4498 3591 4553 haec

2010 4596 2245 4652 faciebat
2287 4610 2477 4661 carne,
2520 4593 2727 4657 anima,
2783 4599 2991 4657 mente,
3038 4599 3249 4647 etcum
3295 4595 3413 4644 toto
3441 4588 3593 4643 vi-lut

2010 4688 2253 4744 hominis
2314 4687 2686 4743 instrumento
2735 4685 2879 4739 inter
2926 4683 3177 4739 homines
3231 4681 3468 4753 degens,
3528 4698 3593 4737 ac

1928 4761 1973 4817 D
1998 4782 2216 4839 ocelitus
2251 4795 2279 4835 a
2313 4778 2477 4834 Patre
2524 4776 2830 4849 procedens
2866 4776 3287 4846 subsistensque
3328 4774 3423 4830 Dei
3452 4772 3593 4829 Vero

311 4886 469 4943 bum.
526 4883 714 4956 Neque
762 4899 895 4940 vero
946 4882 1194 4940 cavillari
1246 4881 1521 4954 quispiam
1573 4880 1759 4950 debet,
1800 4887 1897 4936 aut
1971 4879 2210 4951 quadam
2261 4876 2532 4933 abusione
2581 4874 2733 4930 vocis
2778 4872 2985 4929 dictum
3023 4871 3304 4934 arbitrari,
3370 4868 3598 4942 perinde

312 4987 482 5051 atque
528 4977 673 5035 istud
709 4996 725 5034 :
759 4976 1002 5049 Intelligo
1053 4976 1339 5033 clamorem
1388 4992 1561 5031 meum
1601 4975 1669 5031 “.
1719 4972 1933 5032 Etenim
1982 4973 2089 5030 hoc
2136 4969 2357 5044 quidem
2411 4970 2468 5025 in
2526 4970 2648 5024 loco
2703 4965 2997 5022 mauilesta
3045 4970 3130 5022 est
3161 4963 3313 5020 vocis
3379 4962 3596 5028 abusio,

338 5158 408 5231 ς]
440 5157 505 5214 F.
535 5157 894 5231 imbecillum
937 5160 974 5231 _’
998 5157 1038 5213 Ρ
1047 5158 1317 5230 ,ἁμαρτίᾳ
1343 5156 1727 5231 αὐθεντεϊταιη
1779 5157 1801 5189 ⁸

2002 5192 2030 5231 ._
2089 5148 2193 5231 Ὗ,
2218 5151 2531 5225 γενόμενος.
2606 5150 2629 5183 ⁸
2658 5147 2984 5216 lsa.xm,l.
3077 5144 3350 5201 'Baruch.
3383 5158 3463 5211 ιιι,
3503 5140 3596 5197 38.

321 5228 496 5285 'Luc.
531 5245 595 5294 ιι,
636 5228 735 5285 52.
800 5229 823 5261 ⁸
855 5228 1030 5284 Galat.
1052 5247 1104 5295 v,
1135 5228 1220 5284 19.

390 5408 501 5479 (38)
541 5407 643 5461 Διὰ
677 5407 742 5462 τὸ
776 5405 1084 5475 εἰληφέναι
1111 5406 1217 5460 τὸν
1257 5405 1430 5479 γοῦν.
1468 5405 1563 5461 Dei
1610 5405 1806 5479 Filium
1838 5404 1894 5459 in

311 5475 660 5535 humanitate
712 5488 967 5549 suscepta
1012 5494 1042 5532 a
1102 5487 1330 5549 peccato
1378 5475 1896 5549 immunem‘luisse

313 5550 425 5604 diei
475 5565 505 5604 a
554 5549 714 5605 nobis
740 5565 849 5603 non
882 5547 1065 5619 posse,
1108 5547 1163 5602 si
1203 5563 1309 5601 una
1349 5563 1473 5619 cum
1506 5547 1745 5619 hominis
1773 5561 1898 5619 cor-

316 5636 451 5691 pore
490 5630 545 5675 et
592 5622 772 5674 anima
821 5616 1059 5674 mentem
1100 5619 1263 5673 etiam
1316 5618 1420 5671 sibi
1457 5616 1747 5691 iunxisset,
1787 5618 1897 5691 bla-

316 5686 567 5763 sphemia
599 5699 705 5755 est,
749 5705 912 5763 quam
958 5703 1212 5745 evomere
1249 5694 1649 5763 consueverant
1682 5686 1897 5763 gpolli-

317 5757 572 5828 ποι-ἰδίω,
630 5770 690 5818 ιιι
740 5757 852 5819 suae
896 5761 1166 5817 haereseos
1212 5758 1577 5814 ratiunculam
1640 5757 1898 5814 alierrent

1297 5224 1318 5260 θ
1346 5228 1504 5284 Rom.
1539 5244 1636 5294 vu,
1669 5227 1757 5285 18.
1834 5227 1879 5258 ¹⁶
1907 5224 2056 5281 Psal.
2080 5241 2133 5290 v,
2165 5224 2219 5281 3.

1999 5403 2262 5475 aliquam.
2311 5402 2507 5475 Mentis
2553 5405 2737 5475 enim,
2773 5399 3098 5455 dictitabant
3130 5398 3251 5475 _i_l_li,
3283 5412 3407 5475 quae
3438 5393 3596 5449 nobis

2000 5469 2145 5530 inest
2180 5474 2514 5537 hominibus,
2558 5474 2838 5542 proprium
2866 5479 2975 5542 est
3021 5469 3417 5542 cupiditatibus
3465 5478 3594 5517 con-

1999 5546 2139 5619 cuti,
2188 5543 2471 5619 allectibiis
2501 5537 2801 5619 ‘esagitari.
2840 5541 2963 5619 Haec
3013 5550 3069 5596 et
3097 5537 3317 5619 ’similia
3358 5537 3412 5590 in
3457 5549 3594 5619 pra};

2000 5602 2142 5672 senti
2179 5615 2381 5669 refutat
2416 5602 2779 5683 Epiphanius,
2826 5616 3025 5683 refutat
3084 5617 3142 5683 et
3188 5608 3245 5662 iu
3295 5602 3489 5683 haeresi
3529 5602 3597 5657 ’ῑἹ

2000 5685 2067 5740 ad
2102 5700 2363 5740 numeros
2391 5674 2546 5741 26'et
2588 5684 2680 5738 27.
2714 5674 2931 5738 Videsis
2962 5679 3243 5734 Petavium
3285 5674 3364 5731 De
3395 5675 3593 5731 lucar-

2000 5756 2213 5813 natione
2247 5756 2388 5811 libro
2414 5773 2493 5822 xi,
2526 5757 2707 5828 capite
2737 5754 2973 5818 decimo,
3003 5759 3235 5804 numero
3264 5746 3352 5805 l5.
