4018 6210
392 299 415 357 1
430 299 496 356 67
1804 292 1861 346 8.
1899 283 2241 343 EPIPIIANH
3549 272 3664 331 168

395 427 518 482 quae
557 410 815 481 precandi
852 424 1023 467 causa
1092 408 1271 481 posita
1332 415 1454 476 est;
1523 412 1581 462 at
1624 405 1774 462 illius
1823 404 2133 461 incarnatio
2172 419 2301 460 vere
2348 408 2434 458 est
2483 399 2873 471 prOphetaruni
2914 393 3157 451 oraculis
3212 390 3509 465 praedicta:
3578 388 3656 445 si-

393 505 610 575 quidem
644 513 699 559 et
730 505 885 571 illud,
920 504 1245 559 Procedebat
1279 512 1455 568 relate,
1487 518 1613 559 vere
1644 502 1971 572 proprieque
2007 500 2229 556 dicitur.

466 598 680 655 LXXX.
724 601 997 666 Quidnam
1031 610 1213 655 autem
1251 599 1447 655 allerre
1471 615 1530 655 se
1558 598 1649 654 isti
1689 614 1851 669 posse
1882 614 2005 668 pug

2146 599 2229 651 II'.
2283 595 2446 649 Ἀλλά
2490 594 2544 649 τί
2590 594 2640 647 oi
2688 591 2921 646 τοιοῦτοι
2978 588 3261 660 νομίζουσι
3311 585 3520 651 λέγειν,
3560 584 3660 636 ἐὰν

395 701 533 759 tant,
581 694 629 749 si
658 693 959 763 perfectum
998 693 1283 749 hominem
1314 708 1345 747 e
1372 690 1542 745 Maria
1574 693 1821 762 genitura
1851 706 1977 747 esse

2109 691 2322 761 ῐπωμεν
2358 688 2563 743 τέλειον
2599 687 2885 761 ἄνθρωπον
2927 686 2991 736 ὲκ
3040 680 3261 753 Μαρίας
3290 678 3383 732 τὸν
3424 678 3664 749 Χριστὸν

393 786 700 849 Christum,
757 793 849 838 aut
901 792 1082 839 mente
1138 782 1429 854 praeditum
1483 781 1838 837 asseramus‘i
1892 782 1977 835 Au

2106 782 2363 851 ἐγονότα,
2419 781 2454 852 ἢ
2505 780 2779 851 ἐσχηκότα
2814 779 2871 843 ⁶;
2929 776 3022 847 Μὴ
3073 775 3447 844 ὑπονοήσομεν
3497 770 3662 823 αὑτὸν

394 876 701 948 periculum
750 883 855 942 est,
905 889 973 929 ne
1019 875 1171 929 illum
1207 873 1448 943 peccatis
1474 871 1771 926 obnoxium
1807 870 1981 925 fuisse

397 966 789 1037 suspicemur?
841 965 1030 1021 Absit!
1096 964 1383 1018 Peccatum
1438 966 1642 1035 quippe
1686 982 1791 1019 non
1830 965 1978 1033 fecit,

397 1077 487 1114 nec
509 1061 745 1113 inventus
776 1068 855 1112 est
880 1057 1036 1112 dorus
1066 1059 1121 1111 in
1145 1074 1234 1111 ore
1257 1058 1369 1126 ejus
1393 1058 1431 1109 ‘-.
1452 1056 1585 1111 Nam
1611 1056 1659 1112 si
1690 1056 1796 1111 vim
1825 1071 1981 1111 suam

396 1151 603 1207 sanctis
650 1150 983 1220 quibusdam
1025 1149 1157 1205 viris
1196 1149 1494 1215 amaverit,
1548 1151 1644 1221 qui
1694 1158 1983 1220 propterea

397 1242 673 1298 constanti
728 1242 1040 1297 testimonio
1089 1242 1300 1310 sancti,
1349 1242 1521 1312 justi,
1569 1250 1625 1298 et
1671 1250 1836 1298 actate
1883 1256 1985 1297 sua

399 1334 647 1406 provecti
679 1335 816 1389 citra
849 1335 1333 1404 reprehensionem
1363 1335 1529 1390 ullam
1561 1334 1769 1390 vixisse
1798 1334 1984 1389 dican-

405 1434 515 1489 tur,
578 1432 786 1492 quanto
838 1426 1013 1495 magis
1054 1426 1145 1481 ille
1185 1426 1302 1496 ipse
1331 1444 1345 1480 :
1373 1424 1440 1480 In
1468 1442 1571 1495 quo
1606 1426 1777 1481 omnis
1815 1426 1986 1495 pleni-

413 1516 536 1569 tudo
567 1514 865 1571 divinitatis
885 1516 1125 1571 habitare
1146 1516 1497 1585 corporaliter
1532 1516 1756 1581 voluit‘,
1795 1532 1991 1588 quam-

422 1604 503 1659 vis
520 1619 704 1659 veram
736 1621 766 1660 e
798 1604 967 1658 Maria
991 1621 1210 1677 semper
1229 1606 1437 1677 virgine
1455 1622 1678 1662 carnem
1706 1615 1760 1660 et
1794 1606 1989 1660 huma-

413 1712 539 1750 nam
564 1698 799 1750 animam
824 1713 947 1751 cum
977 1707 1158 1753 mente
1174 1713 1238 1752 ac
1257 1699 1473 1755 caeteris
1490 1698 1726 1756 hominis
1745 1699 1993 1771 partibus

408 1788 704 1858 acceperit,
750 1788 803 1842 in
838 1788 1025 1860 seipso
1077 1790 1153 1844 ita
1195 1791 1480 1846 continere
1536 1792 1745 1858 omnia,
1806 1802 1996 1865 utpote

406 1876 573 1944 Deus,
612 1878 811 1949 potuit,
851 1886 911 1933 ut
941 1895 1119 1950 neque
1150 1882 1205 1935 in
1232 1882 1535 1951 nequitiam
1583 1895 1992 1955 spargerentur,

2080 874 2377 946 ἁμαρτίαις
2406 872 2781 936 ὑποπεσόντα;
2817 869 2903 940 Μὴ
2929 868 3167 939 γένοιτοί
3206 867 3523 937 Ἀμαρτίαν
3552 865 3663 935 γὰρ

2082 968 2195 1021 οὐκ
2220 965 2532 1032 ἐποίησεν,
2566 963 2710 1018 οὐδὲ
2738 962 2950 1032 εὑρέθη
2981 960 3161 1026 δόλος
3193 960 3264 1013 ἐν
3293 957 3373 1024 τῷ
3411 959 3667 1026 στόματι

2082 1056 2291 1115 αὐτοῦ.
2339 1057 2404 1111 Εἰ
2452 1056 2561 1127 γὰρ
2610 1056 2711 1128 τὴν
2755 1054 2921 1110 αὐτοῦ
2972 1052 3199 1123 δύναμιν
3230 1050 3667 1110 ὲνέπνευσετοῑς

2084 1153 2281 1222 ἁγίοις,
2313 1150 2408 1205 καὶ
2439 1150 2497 1202 ὲν
2524 1142 2607 1211 οἷς
2637 1146 2927 1200 ἐνέπνευσε
2970 1141 3370 1215 μαρτυροῦνται
3407 1143 3490 1195 ὅτι
3523 1135 3668 1212 ἦσαν

2087 1246 2255 1313 ἅγιοι,
2288 1242 2509 1308 δίκαιοι,
2546 1236 2951 1310 προϐεϐηκότες
2978 1237 3037 1289 ὲν
3063 1236 3184 1299 ταϊς
3219 1234 3456 1305 ἡμέραις
3486 1230 3669 1285 αὐτῶν

2087 1338 2391 1409 ἄμεμπτοι,
2422 1333 2574 1403 πόσῳ
2597 1348 2663 1400 γε
2692 1329 2893 1402 μᾶλλον
2920 1328 3084 1390 αὐτὸς
3109 1328 3265 1392 ὅλως,
3306 1328 3401 1379 Ἐν
3428 1319 3478 1391 ᾧ
3500 1323 3672 1379 εὐδόέ

2090 1441 2246 1493 aenae
2278 1424 2403 1479 πᾶν
2439 1422 2508 1476 τὸ
2539 1420 2833 1489 πλιψωμα
2864 1418 2975 1488 τῆς
3007 1418 3287 1485 θεότητος
3317 1414 3674 1483 κατοικῆσαι

2090 1518 2458 1591 σωματικῶς,
2513 1517 2616 1571 κᾶν
2651 1524 2711 1567 τε
2758 1514 2937 1585 σάρκα
2967 1511 3225 1583 ἀληθινὴν
3266 1510 3404 1581 λάϐῃ
3452 1512 3518 1563 ὲκ
3550 1510 3677 1563 Μα-

2097 1611 2217 1679 ρίας
2262 1609 2360 1680 τῆς
2385 1607 2767 1679 ἀειπαρθένου,
2818 1604 2913 1658 καὶ
2948 1601 3129 1673 ψυχὴν
3163 1598 3509 1674 ἀνθρωπείαν
3541 1599 3679 1670 in];

2096 1700 2257 1765 θινῶς
2305 1700 2401 1754 καὶ
2446 1698 2570 1755 νοῦν
2619 1698 2713 1752 καὶ⁸
2753 1696 2807 1749 εἴ
2849 1712 2903 1748 τι
2954 1694 3102 1747 ἐστὶν
3140 1692 3327 1764 ἕτερον
3362 1692 3420 1744 ὲν
3463 1690 3543 1762 τῷ
3582 1692 3679 1745 ἀνι

2096 1793 2324 1867 θρώπφο
2355 1792 2519 1854 αὐτὸς
2548 1792 2607 1844 ὲν
2636 1788 2818 1860 ἑαυτῷ
2863 1787 3003 1859 ἔχων
3034 1785 3105 1839 τὰ
3135 1785 3253 1851 ὅλα,
3294 1786 3514 1856 κατεῖχε
3543 1783 3678 1848 Θεὸς

2097 1885 2196 1953 ὣν,
2219 1886 2294 1957 μὴ
2328 1884 2662 1957 μεριζόμενα
2691 1881 2827 1952 πρὸς
2849 1879 2948 1951 τὴν
2976 1879 3195 1943 κακίαν,
3227 1876 3301 1949 μὴ
3332 1877 3681 1948 θρυπτόμενα

406 1985 586 2041 neque
629 1970 853 2043 maligni
902 1971 1079 2030 hostis
1114 1971 1310 2039 fraude
1356 1974 1570 2032 deliciis
1616 1954 1993 2047 infringeren-

2106 1954 2345 2035 habet);
2396 1954 2659 2048 πονηροῦ,
2704 1974 2779 2046 μὴ
2816 1972 3149 2042 ἁλισκόμενα
3185 1972 3244 2024 ὲν
3274 1972 3340 2041 τῇ
3385 1969 3567 2042 ἡδονῇ,
3603 1968 3679 2040 μὴ

406 2070 519 2127 tur,
570 2076 747 2130 neque
800 2060 1142 2132 voluptatum
1186 2063 1463 2121 illecebris
1516 2074 1868 2135 caperentur,
1897 2079 2001 2121 nec

411 2153 610 2208 Adami
663 2152 866 2208 delicto
927 2156 1383 2225 suhjieerentur?
1444 2157 1558 2227 86
1612 2154 1711 2226 0b.
1746 2156 1801 2211 id
1854 2158 2001 2213 enim

410 2247 716 2316 Apostolus
770 2238 965 2302 dixit:
1022 2247 1226 2303 Factus
1278 2246 1374 2302 sub
1430 2248 1539 2319 lege
1578 2247 1634 2317 ';
1688 2248 1871 2304 item:
1934 2248 2011 2305 Et,

414 2331 601 2390 habitu
654 2338 893 2391 inventus
944 2346 1001 2390 ut
1051 2334 1206 2393 homo
1227 2338 1269 2391 ⁸.
1322 2338 1455 2404 Quae
1516 2339 1723 2404 verba,
1779 2338 2003 2406 habitu,

413 2432 470 2483 et
515 2428 611 2483 sub
660 2428 790 2500 lege,
841 2429 1102 2500 utrinque
1154 2430 1427 2497 collecta,
1483 2438 1591 2486 tam
1627 2439 1837 2488 natura:
1883 2447 2007 2503 per-

373 2511 712 2573 dectionem
774 2519 1121 2589 signiﬁcant,
1173 2535 1337 2590 quam
1396 2531 1673 2591 expertem
1728 2522 2006 2594 passionis

418 2617 646 2666 statum.
704 2608 918 2665 Etenim
965 2626 1031 2666 ex
1074 2626 1140 2666 eo
1186 2612 1334 2683 quod
1375 2612 1553 2681 [actus
1611 2613 1831 2681 dicitur,
1882 2632 2008 2688 per-

421 2700 598 2757 fectus
641 2699 811 2757 fuisse
855 2702 1209 2772 declaratur;
1273 2704 1408 2759 illud
1465 2715 1672 2775 autem,
1730 2708 1826 2763 sub
1872 2709 2004 2781 lege,

417 2805 530 2846 non
591 2790 715 2846 ﬁcte
770 2791 995 2861 solaque
1046 2792 1229 2865 specie
1273 2794 1553 2851 hominem
1604 2795 1778 2854 fuisse
1823 2798 2009 2857 decla-

420 2893 545 2951 rat;
580 2892 858 2954 postremo
908 2884 1120 2940 habitus
1168 2885 1356 2957 ﬁgurae
1398 2889 1811 2958 constantiam;
1842 2899 2010 2962 atque

418 2973 575 3041 illud,
612 2985 669 3029 ut
726 2977 901 3043 homo,
942 2979 1244 3035 immunem
1279 2995 1310 3034 a
1363 2988 1590 3051 peccato
1634 2982 2008 3040 conditionem

418 3069 780 3125 demonstrat.
812 3070 947 3137 Quae
995 3086 1119 3126 cum
1154 3072 1229 3126 ita
1270 3086 1329 3127 se
1362 3072 1635 3142 habeant,
1687 3090 1850 3131 nemo
1890 3076 2010 3130 ina-

420 3162 584 3216 nibus
659 3161 857 3218 labulis
914 3162 1170 3233 decipiat.
1249 3161 1386 3216 Nam
1444 3164 1494 3219 si
1560 3163 1705 3219 idem
1771 3165 1864 3220 ille
1911 3167 2009 3236 qui

420 3268 643 3310 sursum
698 3270 827 3308 vere
871 3263 956 3309 est
996 3253 1236 3310 afatre
1288 3256 1531 3325 genitus,
1580 3256 1746 3310 etiam
1778 3272 1809 3311 a
1838 3256 2009 3314 Maria

422 3345 641 3415 genitus
667 3354 770 3413 est,
807 3352 917 3399 tam
950 3362 1195 3412 sursum,
1230 3362 1395 3417 quam
1442 3347 1587 3401 infra
1622 3364 1753 3404 vere
1788 3352 2009 3421 genitus

424 3444 529 3490 est.
567 3430 623 3489 Si
654 3451 873 3491 sursum
901 3438 1255 3507 imperfectus
1294 3446 1400 3505 est,
1447 3438 1591 3494 infra
1638 3456 1857 3511 quoque
1904 3441 2011 3497 erit

425 3527 817 3598 imperfectus;
859 3530 905 3585 si
941 3546 1161 3585 sursum
1193 3531 1494 3603 perfectus,
1528 3533 1695 3589 etiam
1720 3533 1865 3589 infra
1896 3551 2012 3605 per-

431 3619 611 3677 fectus
635 3622 758 3676 erit.
807 3620 997 3692 Neque
1039 3638 1170 3678 vero
1223 3624 1280 3678 in
1333 3624 1441 3680 alio
1484 3625 1724 3696 quodam
1769 3626 2013 3698 perfecto

433 3712 718 3768 habitasse
756 3711 982 3778 dicitur,
1024 3714 1121 3770 sed
1155 3716 1210 3770 in
1245 3716 1427 3785 seipso
1466 3716 1764 3789 perfecisse
1806 3718 2010 3776 omnia.

428 3798 789 3857 Postmodum
831 3817 964 3858 vero
1011 3804 1093 3860 sic
1135 3821 1167 3860 a
1210 3806 1447 3863 mortuis
1494 3810 1797 3865 resurrexit
1820 3818 1879 3865 ut
1900 3825 2013 3867 non

431 3895 667 3967 amplius
713 3896 769 3951 in
816 3911 1019 3967 corpus
1053 3897 1110 3955 in
1152 3898 1428 3969 sepulcro,
1468 3907 1527 3957 et
1554 3900 1920 3967 divinitatem.
1958 3909 2016 3959 et

434 3989 675 4043 animam
726 3990 832 4045 sub
879 3996 1030 4046 terra
1087 3990 1402 4060 dividatur;
1458 4008 1639 4064 neque
1682 3996 2016 4051 contrectari

431 4081 671 4153 amplius
705 4082 914 4153 possit;
952 4098 1135 4156 neque
1163 4100 1339 4163 porro
1360 4086 1597 4143 discedit
1626 4087 1884 4159 amplius,
1918 4088 2015 4146 sed

430 4175 672 4232 occlusis
722 4174 937 4234 foribus
979 4177 1304 4249 ingreditur,
1340 4187 1395 4250 et
1421 4178 1645 4237 Thomte
1668 4180 1854 4253 digitis
1882 4196 2018 4238 con-

436 4264 690 4337 tingitur,
735 4282 805 4322 ne
842 4267 984 4323 falsa
1032 4269 1271 4340 quadam
1320 4270 1581 4342 imagine,
1638 4271 1735 4327 sed
1784 4272 2018 4327 veritate

431 4368 689 4412 constare
724 4359 1008 4413 credatur.
1034 4360 1134 4415 Cui
1166 4361 1387 4431 quidem
1418 4371 1610 4431 postea
1633 4363 1874 4419 Thomas
1903 4364 2020 4433 ipse

436 4445 598 4500 ﬁdem
653 4447 888 4504 habuit:
923 4449 1016 4504 ubi
1068 4450 1203 4506 illud
1260 4452 1541 4522 impletum
1589 4461 1721 4510 est:
1769 4452 2020 4509 Manibus

433 4538 563 4591 meis
606 4536 773 4591 Deum
818 4535 1054 4609 quwsivi,
1110 4550 1160 4596 et
1211 4558 1316 4596 non
1354 4559 1472 4597 sum
1516 4544 1760 4612 deceptus
1787 4546 1832 4600 ⁸.
1873 4544 2020 4601 Idem

2100 2062 2476 2126 ὑποπίπτοντα
2519 2067 2600 2139 τῷ
2626 2066 2723 2121 τοῦ
2768 2065 2938 2136 Ἀδὰμ
2967 2061 3410 2135 παραπτώματις
3451 2061 3558 2114 Καὶ
3590 2061 3683 2113 δα

2099 2163 2256 2218 τοῦτό
2286 2177 2450 2232 φησιν
2473 2163 2503 2215 ὅ
2548 2158 2888 2222 ’Δπόστολος,
2932 2156 3272 2225 Γενόμενος
3314 2153 3433 2207 ὑπὸ
3461 2154 3679 2221 νόμον

2101 2258 2198 2312 καί⁸
2244 2256 2428 2320 πάλιν,
2486 2254 2583 2308 Ἐν
2609 2251 2873 2323 σχήματι
2922 2248 3184 2318 εὑρεθεὶς
3226 2247 3307 2313 ὡς
3350 2246 3681 2314 ἅνθρωπος.

2102 2348 2178 2403 Τὸ
2203 2349 2263 2402 δὲ
2284 2346 2572 2419 σχήματι,
2605 2346 2702 2399 καὶ
2730 2344 2793 2398 τὺ
2825 2342 2941 2397 ὑπὸ
2979 2342 3188 2410 νόμον,
3242 2340 3309 2393 δι’
3359 2336 3688 2409 ἀμφοτέρων

2106 2440 2492 2511 συναγόμενον,
2526 2434 2840 2505 τελειότητα
2869 2430 3126 2502 σημαίνει
3160 2429 3253 2482 καὶ
3281 2425 3548 2480 ἀπάθειαν
3568 2440 3583 2455 σ
3620 2424 3689 2476 ὲκ

2104 2529 2198 2585 τοῦ
2232 2528 2574 2601 γενόμενος,
2612 2524 2674 2578 τδ
2724 2518 2863 2577 εἶναι
2895 2520 3125 2583 τέλειος·
3159 2518 3252 2571 καὶ
3280 2514 3375 2569 τοῦ
3422 2514 3540 2570 ὑπὸ
3588 2514 3691 2566 νόε-

2102 2638 2241 2694 μον,
2270 2620 2333 2674 τὸ
2367 2620 2442 2692 μὴ
2478 2618 2729 2688 δοκήσει⁸
2775 2614 2870 2668 καὶ
2896 2610 2976 2678 τῷ
3012 2610 3297 2681 σχήματι,
3326 2608 3424 2678 τῆς
3455 2605 3599 2668 ἰδέας
3628 2601 3693 2657 τὸ

2109 2714 2326 2787 βέϐαιον
2345 2729 2361 2745 ο
2394 2710 2491 2766 καὶ
2517 2710 2583 2763 ὲκ
2605 2707 2697 2762 τοῦ
2724 2708 2806 2773 ὡς
2831 2705 3161 2773 ἅνθρωπος,
3191 2701 3252 2755 τὸ
3280 2700 3688 2771 ἀναμάρτητον.

2106 2803 2328 2858 Τούτων
2357 2802 2539 2856 τοίνυν
2582 2798 2756 2861 οὕτως
2786 2796 3042 2868 ἐχόντων,
3075 2793 3262 2865 μηδεὶς
3288 2791 3553 2846 ἀπατάτω
3598 2806 3694 2843 assa

2108 2897 2220 2958 νοῖς
2251 2891 2441 2964 μύθοις
2469 2890 2605 2963 (59).
2636 2891 2700 2943 Εἰ
2745 2888 2855 2957 γὰρ
2891 2885 3098 2941 ἀνωθεν
3129 2883 3410 2956 γεννηθεὶς
3441 2882 3550 2936 ἀπὸ
3579 2884 3694 2936 Πα-

2107 2987 2237 3059 τρδς
2268 2982 2560 3057 ἀληθινῶς,
2601 2981 2868 3054 ἐγεννήθη
2896 2980 2990 3034 καὶ
3021 2978 3132 3034 ἀπὸ
3176 2978 3415 3050 Μαρίας,
3455 2976 3550 3030 καὶ
3580 2974 3697 3030 ἄνω

2109 3078 2385 3148 ἀληθεύει,
2417 3077 2515 3131 καὶ
2548 3076 2699 3131 κάτω
2725 3072 3002 3143 ἀληθεύει.
3034 3071 3145 3126 Καὶ
3183 3068 3236 3122 si
3260 3071 3408 3123 ἐστιν
3435 3068 3548 3121 ἀνω
3572 3068 3699 3120 ἀτε-

2109 3169 2229 3243 λὴς,
2262 3169 2358 3224 καὶ
2390 3169 2542 3223 κάτω
2573 3165 2792 3237 ἀτελής.
2836 3164 2900 3217 Εἰ
2934 3162 2992 3216 δὲ
3038 3161 3153 3216 ἄνω
3184 3160 3302 3213 ἐστὶ
3341 3158 3566 3224 τέλειος,
3600 3156 3700 3209 καὶ
3746 3192 3747 3195 η

2112 3264 2263 3320 κάτω
2299 3263 2417 3317 ἐστὶ
2445 3261 2649 3324 τέλειος
2667 3275 2683 3290 ο
2708 3258 2808 3311 οὐκ
2844 3258 2901 3309 ὲν
2920 3255 3065 3326 ἄλλῳ
3093 3253 3285 3324 τελείῳ
3312 3253 3549 3323 ᾤκησεν,
3579 3248 3698 3303 ἀλλ’

2115 3355 2307 3411 ἑαυτὸν
2345 3353 2414 3408 τὰ
2443 3354 2624 3408 πάντα
2656 3349 2941 3404 ἐτελείωσε
2960 3365 2975 3379 ’
3009 3346 3106 3401 καὶ
3143 3345 3339 3417 ἀνέστη
3382 3347 3447 3398 ὲκ
3472 3342 3581 3397 τῶν
3607 3358 3699 3395 νε-

2113 3446 2284 3520 κρῶν,
2339 3445 2537 3518 μηκέτι
2588 3442 2945 3515 μεριζόμενος
2997 3441 3056 3495 ὲν
3107 3439 3352 3511 μνήματι
3386 3439 3466 3501 είς
3512 3436 3699 3506 σῶμα,

2112 3540 2208 3594 καὶ
2238 3538 2489 3610 θεότητα,
2518 3538 2615 3592 καὶ
2637 3534 2815 3607 ψυχὴν
2843 3535 2902 3588 ὲν
2929 3532 3326 3604 καταχθονίοις,
3363 3531 3560 3602 μηκέτι
3594 3529 3702 3583 ὑπὸ

2113 3632 2261 3703 ἁφὴν
2293 3629 2639 3693 ὑποπίπτων,
2675 3626 2873 3700 μηκέτι
2905 3625 3281 3697 ἀπερχόμενος
3311 3624 3355 3688 ⁷,
3381 3623 3497 3677 ἀλλ’
3523 3622 3705 3693 εἰσερέ

2113 3722 2343 3794 χόμενος
2381 3717 2563 3791 θυρῶν
2607 3715 3029 3788 κεκλεισμένων,
3063 3714 3465 3787 ψηλαφώμενος
3506 3714 3565 3767 δὲ
3593 3713 3704 3766 ὑπὸ

2113 3810 2209 3867 τοῦ
2250 3811 2443 3883 (impia,
2476 3810 2563 3864 ἵνα
2599 3809 2676 3881 μὴ
2717 3806 2992 3880 φαντασίᾳ
3036 3805 3368 3877 ἀπεικασθῇ.
3400 3804 3518 3859 ἀλλ’
3567 3805 3706 3877 ἀλη-

2116 3903 2270 3975 θείᾳ·
2309 3904 2339 3957 ὁ
2366 3902 2471 3956 ὑπὸ
2496 3901 2592 3956 τοῦ
2622 3901 2794 3973 Θωμᾶ
2818 3899 3154 3963 πιστευθεὶς,
3192 3896 3332 3971 μετὰ
3372 3897 3435 3952 τὺ
3478 3897 3704 3969 πληρωει

2118 3995 2277 4068 θῆναι
2313 3994 2377 4049 τὸ
2419 3993 2837 4067 προειρημένον,
2874 3992 3011 4060 Ταῖς
3047 3992 3222 4061 χερσί
3260 4008 3380 4063 μου
3410 3990 3521 4045 τὸν
3552 3989 3708 4045 Θεὸν

2115 4072 2465 4155 ἐξεζήτησα,
2506 4085 2605 4139 καὶ
2638 4085 2752 4140 οὐκ
2786 4082 3127 4154 ήπατήθην.
3173 4083 3231 4137 '0
3274 4081 3438 4147 αὐτὸς
3483 4081 3634 4147 Θεὸς,
3672 4083 3708 4135 ό

2118 4177 2282 4241 αὐτὸς
2331 4175 2641 4247 ἄνθρωπος,
2698 4175 2728 4229 ὁ
2782 4176 2857 4247 μὴ
2911 4174 3175 4246 σύγχυσιν
3221 4172 3704 4244 ἀπεργασάμενος,

2120 4269 2257 4324 ἀλλὰ
2282 4268 2353 4323 τὰ
2378 4268 2472 4323 δύο
2502 4268 2746 4340 κεράσας
2774 4269 2855 4332 είς
2877 4266 2936 4322 ἐν
2954 4283 2968 4297 ⁸
2996 4268 3097 4321 οὐκ
3120 4267 3202 4331 είς
3226 4265 3579 4337 ἀνυπαρξίαν
3599 4282 3709 4334 χωὀ

2124 4362 2332 4433 ρήσας,
2385 4359 2523 4436 ἀλλὰ
2568 4359 2990 4431 συνδυναμὼσας
3034 4359 3193 4431 σῶμα
3238 4359 3425 4431 γήινον
3465 4360 3533 4428 τῇ
3582 4355 3707 4409 θεό-

2119 4468 2265 4523 τητι.
2317 4452 2398 4517 εἰς
2447 4451 2574 4522 μίαν
2618 4450 2848 4522 δύναμιν
2892 4452 3124 4522 ἥνωσεν,
3168 4452 3249 4514 εἰς
3298 4450 3428 4521 μίαν
3475 4448 3707 4519 θεότητα

2123 4542 2465 4612 συνήγαγενο
2521 4536 2602 4603 εἷς
2654 4537 2730 4593 ὢν
2780 4540 3006 4613 Κύριος,
3060 4536 3143 4604 εἷς
3189 4538 3443 4612 Χριστὸς,
3494 4538 3556 4591 οὐ
3610 4536 3710 4590 δύο

432 4641 568 4698 ergo
601 4626 746 4684 Deus
779 4637 834 4684 et
874 4630 1038 4686 homo
1077 4633 1216 4687 nihil
1253 4634 1579 4705 permistum
1616 4633 2005 4706 confusumque

2123 4634 2371 4706 Χριστοὶ,
2416 4632 2539 4687 οὐδὲ
2576 4632 2670 4687 δύο
2701 4633 2845 4689 Θεοί.
2892 4633 2982 4688 Ἐν
3025 4633 3174 4707 αὐτῷ
3214 4633 3377 4704 σῶμα
3409 4649 3711 4703 πνευματι-

436 4721 712 4793 praestitit,
757 4721 853 4777 sed
896 4723 951 4776 in
1005 4740 1174 4779 unum
1215 4726 1378 4781 ambo
1412 4728 1760 4797 temperavit.
1796 4729 1878 4785 lta
1911 4747 2021 4788 non

437 4811 494 4866 in
538 4811 766 4865 nihilum
810 4813 967 4881 abiit,
1008 4816 1105 4871 sed
1154 4823 1431 4871 terrenum
1483 4832 1686 4889 corpus
1736 4819 2022 4880 divinitate

436 4901 774 4959 conﬁrmans
805 4904 860 4958 in
897 4920 1060 4960 unam
1105 4906 1214 4961 vim
1254 4907 1709 4979 divinitatemque
1744 4909 2018 4980 conﬂavit,

437 5003 583 5050 unus
626 4995 880 5052 videlicet
929 4990 1220 5063 Dominus,
1267 5014 1519 5071 unusque
1563 4999 1859 5069 Christus;
1909 5019 2021 5059 non

438 5084 549 5141 duo
589 5084 817 5153 Christi,
860 5089 946 5145 vel
996 5088 1101 5146 Dii.
1145 5089 1203 5145 In
1236 5105 1303 5147 eo
1332 5091 1578 5162 spiritale
1610 5108 1811 5166 corpus
1853 5095 2017 5161 inest,

439 5170 497 5233 in
527 5172 717 5234 eodem
748 5178 1008 5238 divinitas
1045 5196 1169 5252 quae
1214 5181 1607 5253 comprehendi
1657 5201 1767 5240 non
1815 5193 2019 5256 potest.

2126 4727 2243 4792 κὺν,
2275 4729 2333 4781 ὲν
2374 4727 2524 4800 αὑτῷ
2567 4728 2757 4800 θεότης
2790 4728 3194 4799 ἀκατάληπτος,
3235 4727 3299 4781 τὸ
3329 4727 3599 4790 πεπονθὸς
3630 4724 3709 4798 μὴ

2126 4819 2387 4893 φθαρτὸν,
2421 4820 2483 4875 τὺ
2524 4820 2735 4885 ἀπαθὲς
2778 4820 3074 4893 ἄφθαρτον,
3122 4818 3405 4893 ἀφθαρσία
3440 4819 3503 4872 τὸ
3547 4818 3705 4872 ὅλον·

2124 4911 2259 4977 Θεὸς
2288 4911 2514 4983 Κύριος,
2548 4912 2913 4986 καθεζόμενος
2954 4915 3013 4970 ἐν
3045 4913 3197 4985 δεξιᾷ
3234 4911 3331 4966 τοῦ
3362 4910 3594 4983 Πατρδς,
3630 4909 3710 4980 μὴ

2125 5001 2470 5074 παραλείψας
2518 5004 2618 5075 τὴν
2664 5004 2878 5077 σάρκα,
2925 5007 3006 5070 είς
3052 5005 3110 5058 ἓν
3151 5004 3210 5058 δὲ
3262 5003 3569 5067 συνενὼσας
3614 5004 3710 5055 καὶ

2124 5095 2205 5157 είς
2234 5092 2363 5163 μίαν
2403 5094 2465 5148 τὸ
2492 5093 2613 5150 ὅλον
2642 5095 2895 5169 θεότητα,
2924 5097 3291 5169 καθεζόμενος
3329 5098 3389 5152 ὲν
3420 5094 3568 5166 δεξιᾷ
3613 5094 3708 5148 τοῦ

2126 5185 2359 5258 Πατρός.

440 5267 519 5327 Δρ
573 5269 718 5341 quod
776 5287 1002 5343 passum
1052 5282 1160 5342 est,
1217 5277 1593 5349 corruptionis
1643 5287 1728 5335 est
1780 5295 2020 5350 expers;
2057 5279 2203 5349 quod
2238 5280 2484 5350 passioni
2509 5297 2622 5338 non
2645 5283 2942 5340 obnoxium
2976 5292 3083 5351 est,
3152 5283 3557 5353 incorruptum,
3626 5278 3713 5334 vel

531 5423 579 5515 ‘rl
609 5425 752 5515 [ζειν.
777 5442 865 5515 In.
898 5428 990 5485 ει.
1017 5428 1088 5515 n'
1125 5429 1241 5486 Col.
1276 5447 1337 5515 ιί,
1372 5431 1427 5488 9.
1504 5432 1524 5465 ³
1547 5431 1725 5489 Galat.
1747 5450 1818 5502 tv,
1856 5434 1911 5489 4.
1974 5432 1995 5465 ⁸

2106 5434 2246 5508 ilipp.
2280 5451 2341 5501 ιι,
2367 5436 2418 5492 7.
2493 5438 2514 5469 ⁵
2544 5437 2689 5495 Psal.
2717 5452 2900 5504 Lxxvt.
2924 5442 2979 5497 5.
3056 5442 3076 5474 ⁶
3104 5439 3235 5515 Leg.
3262 5438 3390 5495 νοῦν
3417 5436 3712 5510 ἐσχηκόται

442 5494 465 5532 ν
496 5514 588 5566 π),
622 5492 981 5571 ἀπεχόμενος.
1014 5498 1075 5557 F.
1105 5492 1489 5575 κατεχόμενοςο

517 5648 627 5721 (39)
649 5652 887 5735 ⁸μηδείς
916 5653 1197 5735 (istath
1229 5655 1428 5735 κενοῖς
1451 5657 1688 5735 μύθοις.
1724 5660 1770 5714 Α
1804 5657 2005 5718 Petavii

2106 5661 2317 5735 crtilur,
2386 5662 2556 5724 Nemo
2625 5666 2870 5725 inanibus
2916 5665 3083 5724 verbis
3126 5664 3342 5723 illudut.
3403 5664 3559 5733 Quod
3601 5672 3710 5716 non

445 5713 725 5781 immerito
743 5713 1054 5786 mutavisse
1087 5713 1719 5786 'l‘homasiut'u'coustat.
